4054 6310
538 355 651 411 905
1782 347 1840 404 P.
1880 348 2196 406 DANIELIS
2234 347 2468 407 llUE'ﬂl
3020 352 3021 355 “
3671 363 3751 417 3οΑ

544 486 675 531 tere.
701 474 879 530 anima
913 491 1050 542 mea,
1085 476 1139 530 iu
1174 477 1415 544 requiem
1440 483 1587 530 tuam
1612 493 1627 540 ;
1652 492 1670 526 ι
1699 488 1729 528 e
1756 475 1952 545 psalm.
1978 488 2126 538 cht,
2156 476 2202 533 Α
2232 472 2339 527 rint
2365 491 2380 529 :
2403 489 2624 543 operum
2661 482 2843 527 autem
2871 472 3038 525 vitam
3068 470 3210 523 hanc
3236 470 3633 537 pmccdentittm
3664 491 3754 528 Inc-

540 566 619 624 8:
656 583 676 618 t
727 566 874 623 [sduc
897 567 967 622 de
996 581 1212 621 carcere
1234 567 1469 620 animam
1498 581 1709 631 meam;
1740 572 1759 615 ι
1798 574 1851 617 et
1874 578 1905 619 e
1934 563 2124 634 psalm.
2229 566 2329 619 rita
2365 580 2703 635 nequaquam
2729 565 2795 617 ab
2828 561 3087 632 Apostolo
3120 562 3337 629 infringi
3387 577 3449 615 ac
3492 563 3595 616 tolli
3630 568 3751 618 arbi-

543 675 694 725 cnv,
729 661 762 714 9
789 677 803 715 :
830 658 1175 713 «Confitebor
1205 657 1430 712 Domino
1464 657 1516 710 itt
1553 658 1773 727 regione
1797 657 2062 712 vivorum.
2099 673 2117 707 ι
2230 666 2427 711 tratur.
2472 675 2491 709 ι
2527 657 2713 727 Igitur,
2752 655 2928 725 inquit
2978 670 3130 708 num.
3163 652 3215 713 7,
3272 654 3412 707 sicut
3449 654 3513 708 de
3557 655 3680 709 Esau
3709 670 3752 713 et

547 749 785 818 Apponit
817 759 873 803 et
916 750 1078 803 istunt
1131 747 1497 819 Hieronymus
1545 749 1597 801 in
1630 750 1790 818 epist.
1833 748 1901 801 ad
1940 748 2155 826 Demea
2225 751 2394 807 Jacob
2438 752 2749 821 diligentius
2793 749 3149 819 perscrutatis
3185 748 3479 816 Scripturis
3519 748 3755 805 invenitur

549 842 734 907 triad.,
761 857 881 909 Cap.
928 842 984 907 9,
1017 855 1047 895 e
1094 839 1256 895 Joau.
1288 856 1366 905 Ix,
1400 839 1435 892 ‘2
1478 858 1493 895 :
1530 858 1551 891 ι
1599 839 1705 895 lste
1750 840 2014 911 peccavit,
2068 846 2127 893 ut
2228 845 2354 914 quia
2385 860 2490 898 non
2542 853 2627 898 est
2674 842 2943 909 injustitia
2991 840 3131 909 apud
3170 839 3357 902 Deum,
3403 847 3460 892 ut
3504 850 3755 909 antequam

544 948 723 988 Circus
776 948 842 986 ex
880 942 1033 986 "lem
1062 940 1399 995 nasceretur.
1436 948 1504 986 an
1548 940 1800 999 νπθηιεε
1826 930 1982 1000 eius?
2019 951 2037 983 ι
2072 939 2125 985 et
2228 947 2602 999 nascerentur,
2634 934 2716 988 vel
2750 940 2975 1001 agerent
3010 931 3210 999 aliquid
3240 931 3291 984 in
3321 932 3431 983 vita
3466 931 3586 995 hac,
3624 935 3752 987 dice-

548 1023 666 1077 illos
691 1035 949 1093 praeterea
982 1025 1077 1079 lib.
1112 1042 1127 1080 ι
1161 1024 1452 1079 Comment.
1473 1024 1525 1078 in
1559 1023 1727 1094 Epist.
1762 1026 1830 1077 ad
1860 1023 2049 1092 Eplies.
2080 1038 2121 1087 1,
2228 1038 2375 1084 retur
2408 1030 2532 1098 quia
2575 1026 2752 1095 major
2775 1026 2961 1079 serviet
2998 1024 3188 1078 minori
3217 1024 3264 1055 "
3302 1041 3316 1077 :
3356 1032 3491 1077 etut
3525 1024 3760 1079 invenitur

540 1115 599 1180 4,
643 1130 673 1169 e
724 1116 915 1185 psalm.
950 1131 1101 1183 cxtx,
1155 1116 1188 1169 5
1242 1134 1255 1170 :
1293 1137 1311 1167 ι
1359 1117 1451 1170 llei
1484 1117 1637 1180 mihi,
1686 1117 1811 1186 quia
1861 1116 2125 1170 incolatus
2226 1137 2333 1174 non
2360 1134 2482 1174 esse
2510 1117 2792 1186 iujustitia,
2826 1117 2968 1186 quod
2998 1126 3051 1171 et
3088 1116 3140 1169 in
3179 1126 3369 1169 ventre
3392 1116 3601 1168 fratrem
3627 1132 3757 1171 sttunt

546 1223 699 1262 meus
734 1208 1087 1279 prolongatus
1120 1220 1239 1274 est;
1293 1208 1531 1263 habitavi
1569 1225 1691 1264 cum
1747 1209 2123 1263 habitantibus
2225 1212 2585 1281 supplantavit
2611 1208 2806 1274 Jacob,
2844 1211 2889 1265 si
2922 1225 2985 1265 ex
3014 1207 3371 1277 praecedentis
3401 1208 3761 1263 videlicetvita:

541 1299 743 1364 (char,
785 1300 1013 1353 tnttltttm
1056 1301 1397 1372 peregrinata
1456 1311 1539 1355 est
1590 1302 1768 1355 anima
1820 1316 1972 1365 mea;
2030 1320 2048 1352 ι
2093 1316 2124 1355 e
2226 1303 2436 1358 meritis
2464 1303 2626 1373 digne
2673 1317 2794 1357 eum
2854 1302 3086 1357 electum
3120 1316 3243 1357 esse
3272 1301 3565 1355 sentiamus
3598 1316 3625 1353 a
3652 1301 3760 1369 Ded,

543 1388 703 1446 Rom.
738 1406 827 1455 VII.
859 1390 969 1444 242
1006 1409 1024 1442 ε
1066 1389 1345 1460 Miscrego
1370 1391 1564 1452 homo!
1603 1392 1725 1459 quis
1754 1406 1841 1445 me
1870 1391 2120 1445 liberabit
2226 1396 2297 1450 ita
2333 1404 2393 1449 ut
2442 1395 2592 1448 fratri
2624 1395 2862 1464 praeponi
2921 1404 3257 1456 mereretur;
3298 1393 3369 1445 ita
3418 1392 3596 1455 etiam,
3627 1411 3644 1444 ι
3672 1403 3758 1449 etc.

542 1481 609 1536 de
639 1496 869 1551 corpore
895 1483 1088 1537 mortis
1113 1481 1308 1551 hujus?
1336 1502 1354 1535 ι
1382 1494 1436 1537 et
1457 1499 1487 1538 e
1512 1482 1703 1551 Philip.
1737 1499 1776 1548 ι,
1806 1482 1877 1537 9-5
1913 1500 1967 1535 :t
2002 1481 2120 1537 Me-
2225 1488 2357 1542 Rem
2388 1499 2608 1558 putasse
2638 1486 2852 1542 videtur
2884 1485 3075 1541 eodem
3109 1487 3293 1546 modo,
3332 1484 3609 1537 Paulinum
3642 1487 3760 1541 hunc

542 1574 645 1628 lius
676 1584 759 1631 est
798 1576 1095 1637 reverti,et
1127 1592 1252 1630 esse
1282 1592 1405 1629 cum
1442 1576 1695 1641 Christo;
1735 1595 1753 1627 ι
1781 1585 1835 1631 et
1867 1589 1897 1630 e
1921 1576 2113 1642 psalm.

547 1680 773 1730 Luxu,
807 1666 943 1731 1,1:
968 1685 986 1717 ι
1018 1667 1260 1732 Domine,
1286 1666 1549 1737 refugium
1587 1667 1762 1723 factus
1786 1684 1846 1723 es
1879 1670 2035 1723 nobis
2065 1670 2116 1723 in

543 1757 942 1824 generationem
971 1768 1025 1811 et
1066 1758 1473 1826 generationem
1508 1774 1522 1810 :
1574 1766 1861 1827 antequam
1909 1770 2118 1815 montes

2222 1580 2399 1635 locum
2433 1579 2797 1646 interpretans
2822 1586 2953 1631 tom.
2982 1594 3015 1630 tt
3051 1578 3104 1631 in
3131 1574 3319 1636 Joau.,
3371 1591 3518 1628 nttnt.
3548 1576 3632 1630 9.5.
3672 1576 3759 1632 Nec

2222 1668 2378 1723 aliter
2417 1668 2750 1723 intellexisse
2777 1682 2899 1721 eum
2929 1667 3225 1720 verisimile
3263 1676 3349 1721 est
3381 1668 3601 1719 alterunt
3625 1668 3756 1720 istunt

2222 1759 2262 1814 ll
2288 1760 2427 1814 Tim.
2463 1775 2503 1825 ι,
2533 1760 2587 1825 8,
2623 1760 2675 1825 9,
2718 1760 2917 1829 placito
2952 1760 3080 1814 licet
3124 1760 3293 1828 ipsius
3326 1773 3395 1813 ex
3440 1759 3655 1813 adverso
3683 1776 3760 1828 op-

545 1847 938 1910 formareutur.
978 1860 1032 1904 et
1067 1824 1220 1904 fieret
1276 1858 1442 1912 terra,
1478 1858 1532 1903 et
1574 1850 1719 1905 orbis
1768 1860 2055 1906 terrarum.
2094 1872 2113 1905 ι
2151 1824 2193 1879 Β
2226 1851 2457 1920 positum
2495 1868 2554 1903 ει
2594 1850 2877 1906 Collabora
2912 1850 3195 1920 Evangelia
3218 1849 3515 1903 secundum
3542 1849 3757 1903 virtutem

542 1939 775 2007 Apponit
798 1950 854 1995 et
882 1940 1029 1994 illutn
1058 1942 1111 1995 in
1143 1940 1337 2011 Epltes.
1368 1959 1406 2005 t,
1444 1942 1507 1996 l7
1531 1958 1546 2007 ;
1570 1956 1600 1996 e
1642 1941 1838 2011 psalm.
1872 1960 1981 2009 ιιιιι,
2015 1943 2116 2000 28:

549 2049 567 2080 ι
600 2029 1038 2087 Reminiscentur
1065 2042 1119 2087 et
1145 2043 1537 2089 convertentur
1564 2036 1629 2090 ad
1667 2036 1954 2092 Dominum
1996 2053 2115 2092 om-

544 2135 641 2177 nes
697 2122 829 2178 lines
870 2122 1046 2181 terrm.
1084 2143 1103 2176 ι
1155 2122 1382 2182 Ειιιοιῑ
1436 2126 1668 2198 denique
1724 2128 1885 2184 Joau.
1942 2144 1981 2194 ι,
2032 2131 2117 2190 9:

546 2232 567 2266 ι
608 2213 738 2269 Erat
761 2213 848 2268 lux
883 2230 1032 2281 vera,
1061 2232 1181 2288 qua:
1238 2217 1510 2272 illuminat
1563 2236 1780 2274 omnem
1835 2222 2113 2279 hominem

2228 1940 2341 2007 Dei,
2382 1941 2471 2010 qui
2504 1955 2601 1994 nos
2623 1940 2901 2005 liberavit,
2930 1948 2985 1995 et
3012 1940 3226 1993 vocavit
3250 1937 3533 1992 vocatione
3547 1952 3633 1991 sua
3657 1953 3759 1990 san-

2223 2040 2331 2095 cta,
2383 2037 2490 2086 no'n
2543 2033 2837 2087 secundum
2872 2046 3037 2101 opera
3082 2042 3289 2095 nostra,
3356 2030 3449 2084 sed
3502 2030 3758 2083 secundum

2223 2125 2557 2195 propositum
2590 2140 2747 2179 suum
2769 2136 2823 2179 et
2853 2125 3106 2196 gratiam,
3130 2136 3249 2191 qua
3274 2122 3405 2176 data
3443 2132 3524 2175 est
3553 2120 3691 2175 nobis
3717 2123 3759 2173 in

2222 2216 2442 2272 Christo
2463 2215 2591 2272 Jesu
2621 2225 2750 2271 ante
2779 2224 3022 2285 tempora
3050 2214 3356 2270 saecularia.
3390 2233 3410 2266 ι

2291 2308 2360 2362 Χ.
2404 2307 2791 2364 Verumtamen
2846 2307 3156 2377 perspicuis
3211 2306 3342 2361 licet
3393 2304 3630 2359 convicta
3672 2303 3763 2359 sint

2223 2400 2518 2471 Scriptum
2552 2400 2879 2455 testimoniis
2933 2401 3049 2455 haec
3098 2399 3348 2465 decreta,
3400 2397 3563 2451 nihilo
3613 2400 3761 2453 secius

2221 2493 2601 2562 astipulatores
2637 2493 2828 2548 habuit
2870 2491 3179 2562 complures
3212 2490 3565 2545 Adamantius
3603 2506 3617 2543 :
3658 2503 3758 2543 naut

2223 2593 2420 2655 praeter
2446 2582 2785 2651 Pamphilum
2809 2580 3080 2651 Apologia;
3106 2588 3419 2646 auctorem,
3444 2581 3531 2651 qui
3576 2580 3623 2632 in
3662 2594 3758 2632 eam

2225 2674 2489 2729 inclinare
2548 2674 2765 2729 videtur
2814 2674 3160 2739 sententiam,
3200 2672 3447 2727 eamdem
3500 2679 3760 2725 assectautr

2220 2766 2473 2823 Clemens
2502 2764 2905 2820 Alexandrinus
2958 2763 3211 2820 Stromat.
3255 2764 3355 2819 lib.
3411 2780 3451 2831 ι,
3507 2776 3560 2819 et
3590 2765 3759 2818 clarius

2220 2858 2382 2911 etiam
2414 2857 2511 2912 lib.
2542 2873 2621 2912 ιιι.
2652 2858 2707 2911 In
2744 2857 2950 2926 Eclogis
3000 2872 3217 2926 quoque
3266 2858 3506 2910 animam
3541 2858 3680 2910 tradit
3714 2858 3757 2907 iu

2221 2961 2433 3003 uterum
2461 2950 2674 3003 iuuuitti
2702 2948 2805 3002 ὑπό
2825 2966 2974 3012 τινος
3005 2947 3119 3002 τῶν
3144 2952 3208 3020 τῇ
3237 2951 3455 3018 γενέσει
3480 2948 3757 3019 ἐφεστώτων

2220 3042 2486 3111 ἀγγέλων.
2543 3041 2781 3095 Pieriuut
2836 3041 3001 3094 etiam
3049 3041 3508 3104 Alexandrinum,
3534 3041 3616 3109 qui
3649 3041 3759 3092 alter

2220 3134 2487 3206 Origenes
2531 3134 2945 3202 cognominatus
2997 3144 3103 3197 est,
3156 3133 3466 3187 animarum
3513 3134 3758 3205 rtpoiimp-

2223 3227 2304 3294 ξιν
2332 3226 2638 3282 defendisse
2673 3234 2907 3280 testatur
2960 3224 3181 3279 Photius
3235 3227 3364 3280 cod.
3403 3241 3547 3281 cxtx.
3589 3224 3752 3278 Neme-

2220 3322 2333 3376 sius
2364 3320 2417 3374 in
2451 3320 2593 3373 libro
2650 3316 2726 3372 De
2765 3325 2956 3371 natura
3012 3316 3262 3383 hominis,
3314 3331 3438 3387 cap.
3482 3316 3537 3383 ἓ,
3581 3317 3757 3370 animos

2217 3412 2495 3467 hominum
2547 3410 2675 3464 olim
2705 3425 2733 3462 a
2770 3408 2883 3463 Deo
2915 3418 3229 3477 procreatas
3260 3411 3313 3461 in
3369 3422 3587 3477 corpora
3622 3406 3681 3461 ab
3703 3420 3756 3459 eo

2223 3505 2365 3558 mitti
2392 3502 2692 3566 existimat,
2722 3516 2845 3556 cum
2876 3500 2943 3553 ad
2966 3514 3063 3553 eas
3105 3500 3485 3570 suscipiendas
3516 3502 3683 3554 idonea
3710 3508 3757 3551 et

2221 3596 2508 3652 informata
2544 3604 2692 3651 sunt.
2723 3592 3114 3647 Ecclesiasticis
3130 3593 3460 3662 quibusdam
3484 3605 3756 3662 persuasum

2222 3691 2385 3747 fuisse
2400 3698 2586 3744 narrat
2604 3688 2960 3759 Hieronymus
2988 3687 3148 3756 epist.
3196 3684 3287 3750 82,
3311 3687 3382 3740 ad
3407 3685 3756 3747 Marcellinum,

2219 3785 2430 3839 animas
2457 3782 2585 3837 olim
2611 3782 2859 3836 conditas
2883 3780 2936 3834 in
2965 3780 3223 3833 thesauro
3246 3779 3341 3833 Dei
3381 3776 3595 3838 haheri;
3623 3785 3756 3842 quam

2220 3876 2530 3944 opinionem
2560 3874 2629 3929 ab
2657 3872 2985 3942 Origeniana
3020 3870 3277 3927 secernit.
3317 3870 3439 3939 Ipse
3483 3882 3605 3922 vero
3635 3865 3714 3921 lib.
3740 3877 3755 3918 ι

2219 3966 2513 4021 Comment.
2538 3960 2613 4017 ‘ad
2647 3963 2865 4032 Ephes.,
2900 3962 2954 4016 in
2991 3977 3113 4030 cap.
3145 3976 3182 4025 ι,
3223 3974 3371 4015 vers.
3402 3960 3436 4013 4
3467 3970 3520 4012 et
3546 3957 3597 4022 5,
3628 3969 3755 4011 coll-

2220 4059 2385 4114 ntenti
2429 4057 2585 4127 hujus
2614 4056 2790 4124 capita
2816 4063 2869 4109 et
2898 4053 3297 4125 propugnacula
3362 4060 3605 4109 accurate
3631 4062 3757 4104 seruo

2221 4160 2380 4213 tatur,
2432 4157 2487 4204 et
2534 4147 2585 4201 in
2632 4162 2843 4202 comnta
2880 4146 2947 4201 l7
2980 4146 3172 4216 capitis
3206 4145 3467 4215 ejusdem,
3495 4144 3756 4211 ἐπίγνωσιν

2221 4243 2363 4297 inter
2381 4252 2435 4297 et
2459 4240 2663 4311 γνῶσιν
2699 4240 2832 4293 illud
2868 4239 2945 4293 ait
2968 4239 3236 4293 interesse
3259 4238 3605 4301 discriminis,
3637 4233 3755 4304 quod

546 2307 855 2361 venientem
907 2308 960 2362 in
1008 2309 1150 2365 hunc
1195 2312 1475 2377 mundutn,
1525 2331 1543 2363 ι
1579 2327 1758 2367 causze
1806 2329 1917 2368 suae
1958 2316 2122 2370 robur

539 2395 829 2470 Origenem
864 2402 946 2457 vel
977 2401 1316 2474 Origenistas
1376 2406 1732 2461 accersivisse
1770 2406 1903 2461 dicit
1942 2407 2122 2479 Cyril-

542 2492 623 2547 Ius
664 2494 716 2547 iu
746 2495 996 2549 eumdem
1032 2495 1267 2551 Joannis
1286 2497 1487 2551 locum.

610 2583 703 2645 IX.
730 2584 837 2641 Sed
873 2586 1162 2643 manifesto
1218 2597 1478 2658 repugnat
1516 2588 1646 2644 illud
1701 2589 1978 2646 Zacltaria:
2014 2608 2116 2659 xu,

541 2677 566 2732 1
599 2694 613 2731 τ
650 2696 670 2731 t
706 2677 846 2733 Dicit
885 2678 1143 2734 Dominus
1192 2680 1492 2735 extendens
1530 2682 1749 2748 caelum,
1777 2693 1831 2738 et
1879 2682 2116 2740 fttndans

541 2776 769 2832 terram,
810 2779 867 2824 et
894 2770 1101 2840 ﬁngens
1132 2772 1379 2840 spiritum
1416 2772 1654 2827 hominis
1690 2774 1741 2828 itt
1781 2789 1880 2840 eo;
1919 2795 1941 2827 ι
1974 2777 2118 2845 qttod

540 2870 851 2914 commento
885 2861 1010 2916 huic
1055 2860 1384 2933 Origeniano
1425 2881 1454 2919 a
1498 2866 1776 2921 nonnullis
1807 2866 2116 2936 oppositum

542 2960 626 3005 est
663 2968 680 3004 :
725 2960 989 3021 repugnat
1020 2962 1075 3008 et
1112 2954 1237 3008 illud
1270 2954 1496 3009 Joannis
1528 2971 1604 3021 Ix,
1631 2958 1665 3011 5
1694 2971 1708 3010 :
1745 2975 1763 3009 ι
1814 2955 2117 3028 Respondit

535 3042 717 3110 Jesus,
748 3062 923 3117 neque
949 3046 1035 3102 hic
1064 3050 1327 3117 peccavit,
1364 3064 1535 3119 neque
1566 3060 1820 3119 parentes
1845 3050 1989 3121 ejus,
2023 3052 2116 3106 sed

540 3142 599 3187 ιιι
642 3135 1055 3190 manifesteutur
1102 3150 1262 3206 opera
1315 3137 1406 3193 Dei
1444 3138 1497 3193 in
1538 3139 1711 3193 illo:t
1744 3140 1885 3194 unde
1931 3139 2116 3195 mirari
2146 3164 2189 3224 ο

535 3226 685 3282 subit
709 3236 986 3296 stuporem
1023 3228 1293 3299 Origenis,
1333 3230 1422 3299 qui
1452 3231 1767 3300 praecedens
1795 3232 1935 3286 istud
1969 3248 2119 3288 com-

538 3332 626 3371 ma
654 3336 667 3371 :
704 3335 722 3369 t
754 3316 948 3384 Rabbi,
982 3318 1105 3388 quis
1139 3319 1405 3387 peccavit,
1438 3319 1543 3385 hic,
1575 3328 1667 3372 aut
1691 3327 1945 3390 parentes
1976 3318 2116 3389 ejus,

539 3417 796 3464 utcmcus
826 3410 1181 3464 nasceretur?
1223 3428 1241 3461 ι
1284 3410 1335 3464 in
1376 3411 1457 3465 sui
1507 3410 1682 3465 delirii
1744 3409 2116 3466 defensionem

539 3503 828 3571 usurpavit
856 3518 871 3556 :
903 3502 969 3556 ad
1002 3501 1331 3556 voluntatem
1361 3502 1558 3574 quippe
1584 3502 1677 3557 Dei
1707 3517 1925 3558 causam
1960 3502 2119 3557 caeci-

539 3595 665 3650 tatis
695 3594 839 3650 illius
870 3595 1112 3650 referens
1134 3594 1408 3662 Christus,
1447 3611 1635 3651 ansam
1672 3610 1891 3651 omnem
1925 3596 2114 3650 abstu-

540 3686 604 3741 lit
628 3686 1017 3757 detorquenda:
1049 3686 1197 3744 illius
1239 3691 1306 3743 ad
1338 3696 1557 3759 peccata
1591 3687 1755 3743 vitam
1801 3688 2113 3758 praeceden-

540 3776 913 3847 tia.Aperlius
958 3779 1123 3834 etiam
1175 3789 1441 3850 repugnat
1478 3779 1605 3835 illud
1656 3777 1818 3834 Rom.
1855 3796 1935 3845 ιι,
1964 3780 2023 3835 il
2062 3787 2118 3835 et

539 3884 684 3939 ως..
716 3870 861 3939 quod
886 3870 954 3924 ad
996 3872 1362 3926 subruendum
1400 3871 1536 3927 hanc
1563 3872 1813 3942 Origenis
1840 3872 2118 3941 opinatio-

541 3977 664 4017 nem
697 3973 922 4033 usurpat
964 3958 1297 4032 Augustinus
1342 3965 1394 4018 in
1425 3965 1652 4036 epistola
1691 3966 1755 4019 ad
1789 3965 2050 4035 Optatum
2098 3982 2112 4019 :

546 4071 567 4097 ο
600 4053 733 4109 Cum
760 4055 905 4109 enim
933 4057 1171 4112 nondum
1199 4058 1310 4111 nati
1344 4057 1593 4122 fuissent,
1631 4069 1725 4115 aut
1757 4060 1965 4130 aliquid
1988 4059 2115 4115 boni

541 4144 806 4215 egissent,
850 4155 944 4200 aut
978 4148 1110 4221 mali
1132 4147 1214 4219 (ttt
1243 4148 1538 4203 secundum
1573 4149 1889 4204 electionem
1918 4165 2119 4219 propo-

543 4234 706 4292 situm
730 4236 823 4293 Dei
846 4238 1128 4308 maneret).
1154 4255 1260 4295 non
1284 4254 1349 4294 ex
1382 4241 1658 4309 operibus,
1689 4241 1783 4296 sed
1800 4257 1867 4295 ex
1889 4251 2115 4297 vocante

543 4330 746 4386 dictum
781 4339 867 4384 est
890 4330 938 4386 ei
980 4350 994 4386 :
1032 4328 1171 4400 Quia
1220 4330 1396 4399 major
1448 4332 1650 4387 serviet
1705 4332 1935 4398 minori,
1971 4334 2115 4389 sicut
2223 4349 2400 4389 rerum
2452 4349 2587 4403 quas
2637 4346 2912 4401 nunquam
2957 4330 3213 4385 scivintus
3250 4330 3321 4383 sit
3363 4328 3574 4399 γνῶσις,
3603 4340 3755 4380 rerum

543 4424 803 4493 seriptum
833 4432 946 4479 est:
979 4423 1146 4479 Jacob
1174 4423 1355 4486 dilexi,
1392 4424 1532 4479 Esau
1558 4435 1738 4479 autem
1771 4426 1894 4481 odio
1916 4425 2104 4481 habui.
2222 4443 2350 4482 vero
2382 4439 2608 4496 quarum
2656 4424 2808 4494 prius
2855 4422 3006 4476 obliti
3056 4424 3431 4486 recordamur,
3473 4420 3752 4488 ἐπίγνωσις.

541 4514 681 4582 Quid
707 4529 838 4584 ergo
862 4516 1142 4571 dicemus?
1173 4516 1413 4585 nunquid
1453 4516 1709 4586 iniquitas
1740 4517 1880 4586 apud
1908 4516 2114 4572 Deum?
2148 4514 2192 4572 D
2222 4528 2505 4589 propterea
2541 4514 2769 4569 Paulum
2810 4513 3060 4582 Ephesiis
3087 4520 3277 4580 optare
3303 4512 3547 4581 spiritum
3582 4508 3756 4562 revela-

542 4603 720 4662 Absit.
752 4604 920 4677 Moysi
954 4608 1101 4662 enim
1134 4606 1270 4663 dicit
1305 4624 1320 4661 :
1363 4606 1662 4661 Miserebor
1697 4607 1850 4677 cujus
1880 4608 2111 4663 misere-

544 4695 674 4761 bor;
725 4702 781 4751 et
813 4695 1243 4752 misericordiam
1294 4698 1560 4766 praestabo
1590 4701 1744 4765 cujus
1793 4697 2109 4755 miserebor.

542 4786 709 4858 igitur
744 4802 848 4842 non
878 4788 1131 4855 volentis,
1164 4804 1339 4859 neque
1364 4790 1654 4853 currentis,
1672 4790 1766 4845 sed
1802 4791 2111 4848 miserentis

540 4886 624 4931 est
647 4877 741 4933 Dei
779 4879 847 4933 “.
898 4897 915 4929 ι
951 4878 1080 4945 Qua:
1132 4879 1259 4934 licet
1310 4877 1560 4950 Origenis
1607 4878 1817 4935 fabulas
1871 4880 2111 4937 funditus

542 4969 890 5035 labefactent,
930 4972 1043 5026 haec
1080 4981 1257 5025 tamen
1304 4969 1418 5041 ipsa
1473 4971 1624 5026 Pauli
1673 4973 1834 5026 verba
1880 4975 1944 5026 ad
1999 4989 2110 5027 sine

541 5076 719 5116 causa:
748 5064 1111 5119 defensionem
1133 5063 1350 5117 adducit
1380 5063 1474 5120 lib.
1511 5080 1547 5118 ιι
1572 5065 1710 5134 Περὶ
1730 5064 1954 5133 ἀρχῶν,
1988 5080 2108 5133 cap.

542 5156 600 5219 9,
629 5158 723 5212 sed
761 5158 917 5215 aliter
947 5158 1169 5227 exponit
1196 5172 1261 5212 ac
1304 5157 1462 5227 vulgo
1494 5161 1689 5226 exponi
1739 5160 1931 5213 solent.
1957 5159 2109 5226 Quod

542 5248 686 5302 enim
743 5250 819 5305 ait
870 5249 1181 5320 Apostolus,
1216 5259 1505 5318 antequam
1539 5250 1661 5304 boni
1688 5251 1983 5320 quidquam
2023 5250 2109 5305 vel

544 5337 667 5393 mali
709 5340 964 5410 egissent,
996 5356 1024 5394 a
1086 5340 1194 5395 Deo
1226 5340 1546 5406 destinatos,
1584 5356 1689 5394 non
1737 5358 1804 5396 ex
1855 5342 2112 5410 operibus

543 5430 787 5492 meritos,
822 5429 908 5483 hic
942 5437 998 5484 ttt
1029 5430 1364 5500 diligeretur,
1396 5428 1483 5483 ille
1530 5438 1589 5482 ttt
1617 5430 1742 5483 cdio
1781 5430 2107 5496 haberetur;

542 5520 709 5576 refert
740 5521 825 5575 ille
851 5522 917 5574 ad
948 5536 1109 5590 opera
1154 5522 1207 5574 in
1243 5521 1402 5576 terris
1430 5530 1485 5576 et
1534 5522 1646 5574 vita
1692 5520 1795 5575 hac
1839 5522 2108 5590 admissa,

541 5626 662 5682 qua:
716 5612 915 5668 nullam
967 5615 1076 5671 Deo
1107 5614 1489 5671 destinationis
1525 5628 1634 5669 sua:
1676 5628 1898 5669 causam
1946 5613 2114 5673 dede-

618 5784 662 5818 ⁵²
688 5787 844 5846 Rom.
888 5808 963 5856 ιι,
995 5792 1185 5847 Η-ίῧ.
1234 5793 1282 5827 ⁸³
1304 5793 1501 5851 Cenes.
1534 5813 1657 5860 xxv,
1690 5795 1781 5853 25.

2223 4611 2384 4665 tionis
2407 4608 2462 4661 in
2512 4606 2788 4675 agnitione
2828 4605 2945 4663 Dei.
2977 4605 3029 4658 id
3068 4614 3172 4668 est,
3200 4605 3258 4655 ὲν
3296 4602 3603 4673 ἐπιγνώσει,
3631 4598 3752 4669 quod

2221 4700 2372 4770 prius
2405 4698 2457 4752 in
2504 4695 2722 4751 caelesti
2760 4696 2867 4749 vita
2902 4695 3069 4750 Deum
3105 4695 3434 4763 novet-intus,
3466 4694 3675 4764 ejusque
3700 4689 3754 4743 de

2220 4792 2375 4848 ctelis
2400 4791 2455 4845 in
2487 4800 2664 4845 terras
2688 4789 2974 4859 utigrando
3012 4788 3184 4852 obliti,
3225 4788 3419 4842 iterum
3452 4803 3542 4856 per
3574 4782 3752 4840 revela-

2222 4882 2422 4937 tionem
2464 4896 2857 4950 c0guoscamus
2904 4894 2917 4930 :
2968 4889 3021 4933 et
3077 4879 3170 4933 lib.
3204 4896 3239 4934 ιι
3272 4880 3575 4934 eorumdem
3618 4874 3749 4929 Cont-

2220 4972 2456 5026 mcnt.in
2479 4970 2667 5039 Epltes.
2698 4984 2779 5034 ιιι,
2803 4970 2853 5033 1,
2876 4969 2975 5039 legi
3005 4970 3081 5024 ait
3111 4971 3292 5025 multis
3318 4972 3366 5023 iu
3396 4970 3524 5024 locis
3556 4964 3748 5021 Paulum

2221 5063 2426 5119 ideirco
2453 5065 2693 5118 vinctum
2731 5062 2859 5125 dici,
2889 5062 3031 5130 quod
3061 5063 3243 5117 anima
3288 5062 3403 5131 ejus
3446 5072 3678 5131 tanquam
3704 5058 3747 5108 in

2218 5160 2462 5219 Carcere,
2510 5157 2588 5211 sic
2635 5156 2688 5208 in
2732 5169 2963 5223 corpore
3008 5156 3193 5209 clausa
3246 5166 3536 5211 teneatur:
3585 5148 3750 5205 deinde

2219 5250 2371 5305 addit
2394 5248 2501 5303 alio
2526 5264 2686 5303 sensu
2718 5248 2769 5302 id
2797 5248 2865 5303 ab
2886 5248 3007 5304 aliis
3035 5253 3228 5321 accipi,
3265 5267 3452 5320 nempe
3479 5248 3610 5318 qttod
3628 5246 3748 5299 Pau-

2220 5339 2302 5395 lus
2333 5354 2399 5395 ex
2441 5347 2596 5393 utero
2653 5338 2843 5391 matris
2875 5354 2986 5394 suae
3032 5344 3100 5395 ad
3154 5343 3540 5397 convertendos
3585 5343 3747 5407 gentes

2219 5433 2656 5502 prmdestinatus,
2684 5431 2902 5486 vincula
2953 5437 3297 5502 postmodum
3332 5435 3510 5489 carnis
3551 5440 3746 5497 accepts

2215 5524 2319 5579 rit:
2338 5526 2462 5579 etin
2480 5522 2704 5576 Philem.
2728 5536 2886 5587 mn,
2906 5526 2994 5580 ubi
3010 5525 3312 5596 Epaphram
3334 5545 3351 5578 ι
3369 5524 3739 5593 concaptivuatt

2221 5632 2378 5674 suum
2431 5615 2633 5672 Paulus
2661 5614 2919 5686 appellat,
2958 5617 3011 5674 in
3038 5621 3201 5675 verbo
3232 5618 3571 5690 captivitatis,
3611 5612 3740 5684 juxta
