4054 6310
256 382 361 436 905

1041 382 1613 441 ORIGENIANORUM
1655 382 1782 438 LIB.
1826 383 1887 447 ιι,
1928 384 2080 440 CAP.
2122 384 2186 453 ll,
2221 383 2494 453 ρυιεδτ.
2536 386 2627 441 Ἦ.

3394 388 3497 442 906

258 500 585 565 nonnullos,
631 501 966 557 reconditum
1014 500 1216 571 aliquid
1268 502 1438 557 latere
1472 502 1604 557 dicit
1639 502 1830 561 lliero—
1860 509 1903 564 Α
1936 501 2019 557 vel
2053 502 2249 571 sancti,
2277 504 2369 574 qui
2393 519 2516 560 cum
2540 502 2759 561 Christo
2795 514 2942 569 sunt,
2979 514 3145 576 agunt
3186 506 3411 576 aliquid,
3444 517 3503 564 et

257 605 475 664 nymus,
526 610 546 645 ι
609 595 745 662 quod
795 594 936 663 capti
988 595 1190 662 pariter
1218 605 1273 651 et
1310 595 1479 651 vincti
1533 597 1585 652 in
1633 596 1824 652 vallem

260 684 404 738 hanc
427 686 646 741 adducti
696 689 803 743 sint
853 687 1235 758 lacrymarum.
1286 707 1306 740 ι
1343 689 1474 756 Qua:
1504 705 1625 745 cum
1660 691 1827 746 inter-

257 774 436 842 posita
492 775 636 830 nulla
695 776 1060 831 confutatione
1107 778 1191 832 vel
1232 794 1464 834 censura
1496 783 1824 851 scripsisset,

258 864 440 920 Rutini
481 869 855 925 vexationibus
891 878 945 923 et
978 869 1218 937 querelis
1272 882 1586 942 patuerunt.
1620 875 1823 930 Verum

258 959 420 1027 hujus
441 962 686 1017 criminis
722 963 1072 1019 accusatione
1106 964 1388 1021 absolvere
1437 981 1556 1022 sese
1598 977 1826 1024 conatur

258 1054 480 1125 Apolog.
521 1055 999 1123 tadvers.Ruﬁn.,
1030 1072 1151 1126 cap.
1194 1057 1227 1113 5
1278 1069 1333 1113 et
1383 1058 1439 1125 6,
1477 1060 1729 1132 idemque
1769 1063 1821 1116 in

257 1143 514 1201 Ruﬁnum
558 1148 765 1202 crimen
816 1149 1044 1205 obscure
1096 1151 1294 1220 regerit
1339 1151 1562 1221 Apolog.
1613 1153 1710 1209 lib.
1758 1171 1821 1221 tt,

256 1252 379 1307 cap.
419 1236 454 1291 2
488 1246 543 1291 et
563 1238 617 1301 4,
649 1247 702 1293 et
728 1239 820 1295 lib.
859 1255 940 1305 ut,
968 1256 1087 1309 cap.
1115 1242 1148 1296 8
1171 1254 1219 1295 et
1253 1243 1307 1299 9.
1338 1241 1444 1298 Sed
1474 1246 1712 1300 notabile
1743 1258 1826 1302 est

262 1328 317 1383 in
342 1329 528 1399 primis
558 1331 700 1400 quod
734 1332 812 1387 ait
846 1347 967 1404 cap.
995 1334 1270 1404 6Apolog.
1298 1353 1311 1390 t
1344 1354 1358 1392 :
1391 1356 1409 1389 ‹
1441 1336 1686 1393 Vinctam
1721 1340 1823 1395 dici

258 1422 492 1476 animam
524 1437 774 1493 corpore,
819 1426 991 1481 donec
1020 1428 1085 1481 ad
1131 1429 1408 1485 Christum
1440 1432 1648 1496 redeat,
1678 1441 1733 1488 et
1769 1434 1821 1487 in

260 1514 679 1569 resurrectionis
714 1515 885 1580 gloria
918 1519 1291 1587 corruptivum
1339 1530 1395 1575 et
1441 1521 1667 1575 mortale
1698 1537 1823 1576 cor-

257 1620 377 1675 pus,
412 1605 814 1674 incorruptione
841 1616 897 1662 et
934 1608 1341 1666 immortalitate
1371 1621 1683 1679 commutet,
1718 1628 1824 1667 non

256 1696 499 1753 absurda)
528 1696 1004 1768 intelligentiteest.
1020 1719 1039 1752 ι
1063 1702 1379 1774 Anonymus
1402 1702 1491 1758 ille
1515 1705 1655 1773 apud
1678 1703 1823 1760 Plio-

258 1789 391 1843 tium
423 1790 542 1844 cod.
572 1804 715 1845 crvtt
742 1792 831 1859 qui
863 1790 1112 1863 Origenis
1149 1792 1525 1850 defensionem
1558 1798 1818 1867 suscepit,

256 1882 550 1953 Scriptum
606 1898 797 1949 sacrm,
854 1884 1184 1955 Patrumque
1247 1885 1522 1955 sull‘ragiis
1578 1898 1820 1945 errorem
1858 1912 1898 1967 Β

256 1974 401 2030 hunc
428 1975 569 2030 ultro
597 1989 936 2047 propugnare
958 1981 1177 2048 satagit,
1210 1979 1406 2035 nedum
1441 1981 1585 2036 illius
1623 1996 1822 2052 expro-

252 2068 555 2123 brationem
607 2069 673 2123 ab
708 2068 940 2140 Origene
987 2072 1298 2140 prohibeat.
1324 2071 1403 2128 Ab
1447 2089 1513 2129 eo
1556 2090 1684 2129 sane
1717 2091 1819 2130 non

252 2162 417 2230 plane
444 2161 679 2216 alienum
716 2164 881 2217 fuisse
914 2163 1259 2219 Philastrium
1292 2166 1650 2231 crediderim;
1678 2179 1823 2238 post-

251 2270 415 2322 quam
451 2256 593 2309 ettim
620 2255 735 2310 htec
757 2256 1009 2311 disseruit
1036 2258 1165 2311 haer.
1194 2258 1257 2313 5|
1303 2277 1316 2313 :
1349 2277 1368 2310 ‹
1409 2259 1528 2314 Alia
1580 2271 1665 2315 est
1712 2262 1823 2315 liae-

250 2345 392 2401 resis
422 2362 539 2414 qute
562 2346 691 2401 dicit
717 2346 953 2401 hominis
984 2348 1216 2402 animam
1260 2364 1364 2403 non
1394 2348 1594 2403 factam
1640 2366 1670 2403 a
1713 2351 1821 2406 Deo

250 2436 514 2504 appellari
549 2439 812 2503 animam,
839 2438 933 2492 sed
975 2448 1124 2503 ante,
1162 2438 1360 2508 inquit,
1390 2438 1702 2494 intellectus
1729 2454 1822 2493 vo-

248 2528 498 2591 cabatur,
526 2537 579 2583 et
613 2540 734 2583 erat
792 2528 843 2582 in
882 2528 1065 2583 caelo:
1109 2539 1288 2595 postea
1328 2540 1505 2584 autem
1539 2530 1664 2600 quia
1713 2540 1819 2586 ter-

248 2634 379 2673 rena
410 2620 760 2688 desideravit,
786 2621 1103 2685 discessisse
1134 2638 1250 2677 eam
1279 2625 1345 2679 de
1370 2624 1531 2691 ccelo,
1567 2634 1621 2680 et
1650 2641 1717 2680 ex
1752 2641 1819 2681 eo

247 2728 368 2767 eam
399 2713 633 2767 animam
664 2724 1020 2784 nuncupatam
1051 2715 1421 2781 arbitrantur;
1462 2736 1481 2770 ι
1522 2733 1641 2787 qua;
1674 2718 1819 2788 peni-

250 2814 338 2860 tus
370 2804 693 2877 Origeniana
736 2817 883 2862 sunt.
919 2806 1151 2862 Mentem
1196 2825 1350 2863 suam
1398 2809 1594 2865 deinde
1638 2811 1817 2880 prodit

248 2897 334 2952 his
362 2897 582 2953 verbis:
614 2916 634 2950 ε
673 2896 987 2969 lgnorantes
1017 2899 1156 2968 quod
1210 2899 1265 2953 in
1317 2900 1582 2971 principio
1609 2900 1747 2957 facta
1786 2917 1815 2955 a

248 2987 379 3053 Deo,
407 2998 461 3045 et
492 3000 673 3044 creata
705 2998 828 3061 post
854 2991 1071 3062 angelos
1106 2992 1287 3046 anima
1334 3003 1420 3047 est
1469 2994 1731 3063 appellata
1786 3010 1814 3048 a

248 3079 499 3146 Domino,
526 3082 734 3151 hocque
762 3097 958 3136 nomen
989 3081 1340 3151 proprietatis
1366 3083 1576 3152 accepit
1614 3099 1642 3137 a
1681 3084 1814 3149 Deo,

247 3182 309 3228 ιιι
348 3173 548 3240 anima,
598 3189 703 3228 non
741 3173 1051 3229 intellectus
1098 3185 1408 3232 vocaretur.
1444 3195 1463 3229 ι
1494 3175 1671 3247 Atque
1699 3177 1814 3232 haec

1929 592 2181 648 laborant
2234 608 2334 666 pro
2386 598 2544 653 nobis
2582 602 2649 652 ad
2689 598 3099 655 similitudinem
3162 600 3497 671 angelorum,

1927 687 2021 754 qui
2050 686 2239 742 salutis
2270 698 2470 744 nostrae
2520 691 2823 746 ministeria
2859 702 3199 762 procurant;
3241 692 3326 749 vel
3374 708 3500 748 rur-

1927 792 2047 831 sum
2096 790 2413 849 peccatores
2485 781 2650 836 etiam
2709 784 2805 853 ipsi
2863 794 3018 840 extra
3076 800 3273 854 corpus
3337 785 3498 856 positi

1927 878 2096 939 agunt
2132 872 2336 940 aliquid
2385 874 2679 927 secundum
2727 877 3063 945 prepositum
3115 876 3318 932 mentis
3364 870 3517 940 suat,‘

1926 961 1995 1012 ad
2029 961 2341 1030 angelorum
2382 964 2737 1020 nihilominus
2781 965 3193 1025 similitudinem
3234 964 3519 1026 sinistro-‘

1928 1066 2068 1116 rum,
2100 1066 2224 1105 cum
2273 1053 2471 1123 quibus
2529 1066 2585 1112 et
2616 1057 2668 1112 in
2710 1067 2972 1114 aeternum
3021 1060 3200 1131 ignem
3250 1063 3497 1118 mittendi

1927 1141 2182 1198 dicuntur
2214 1160 2243 1198 a
2274 1145 2497 1202 Christo
2529 1163 2544 1201 :
2579 1148 2845 1206 habeatur
2870 1162 2923 1207 et
2955 1153 3055 1208 hoc
3100 1138 3316 1224 quoque
3355 1156 3501 1212 inter

1926 1237 2135 1290 occulta
2171 1235 2289 1305 Dei,
2327 1256 2426 1295 nec
2452 1241 2713 1297 chartulae
2740 1245 3131 1302 committenda
3166 1248 3445 1319 mysteria.
3474 1268 3493 1299 ι

1926 1326 2063 1392 Quin
2091 1337 2146 1382 et
2176 1328 2267 1384 lib.
2302 1345 2338 1385 tt
2371 1331 2425 1386 in
2452 1331 2656 1387 Cantia.
2681 1338 2956 1402 canticor.,
2989 1352 3113 1409 pag.
3143 1338 3232 1402 58,
3262 1338 3496 1393 animam

1928 1432 2368 1491 unamquamque
2407 1423 2460 1478 in
2494 1439 2590 1479 sua
2626 1426 2794 1496 ipsius
2831 1428 3143 1499 cognitione
3176 1438 3501 1499 comparan-

1927 1510 1991 1563 da
2024 1511 2161 1566 eniti
2206 1513 2408 1570 debere
2453 1518 2724 1585 sanciens,
2774 1520 2959 1575 varias
2983 1535 3147 1590 super
3169 1536 3233 1575 ea
3278 1537 3341 1575 ac
3371 1534 3502 1575 con—

1930 1605 2125 1661 trarias
2152 1620 2445 1663 enumerat
2473 1610 2780 1679 opiniones,
2813 1628 2949 1682 quas
2971 1615 3249 1670 discutere
3278 1629 3343 1669 ac
3367 1629 3497 1669 ven-

1928 1695 2086 1752 tilare
2112 1698 2349 1753 animam
2376 1700 2553 1771 jubet,
2598 1711 2651 1757 et
2686 1705 2739 1758 in
2777 1704 3251 1759 verisimilioribns
3280 1704 3500 1773 acquieo

1927 1802 2100 1844 scere.
2138 1788 2229 1845 Sic
2255 1803 2435 1847 autem
2466 1807 2560 1849 eas
2591 1796 2788 1850 anima:
2821 1797 3203 1867 expendendas
3235 1797 3404 1863 dedit,
3442 1808 3500 1851 ut

1927 1880 1982 1934 in
2023 1891 2311 1951 utramque
2364 1893 2573 1953 partem
2604 1888 2672 1942 de
2705 1887 2811 1942 illis
2859 1888 3159 1959 disputare,
3199 1898 3254 1943 et
3297 1889 3497 1944 rationi

1928 1974 2097 2042 magis
2138 1986 2534 2033 consentaneas
2576 1979 2779 2049 eligere
2832 1981 2933 2035 hoc
2984 1990 3228 2052 tempore
3279 1982 3498 2037 licuisse

1924 2064 2190 2120 videatur.
2232 2067 2368 2123 llinc
2418 2069 2554 2124 libro
2599 2086 2635 2125 tt
2670 2072 2808 2140 Περὶ
2838 2072 3059 2142 ἀρχῶν,
3092 2089 3212 2142 cap.
3257 2074 3309 2139 8,
3346 2083 3496 2145 post-

1924 2169 2085 2222 quam
2119 2158 2301 2213 multis
2330 2160 2585 2217 disseruit
2619 2164 2685 2218 de
2723 2165 2928 2232 anima,
2976 2177 3032 2221 et
3076 2183 3304 2224 excussa
3333 2184 3366 2225 a
3412 2184 3501 2225 no-

1926 2247 2006 2302 bis
2037 2251 2282 2316 superius
2327 2252 2521 2322 placita
2564 2257 2863 2327 proposuit,
2918 2259 3135 2325 subiicit
3203 2262 3334 2318 illud
3378 2272 3491 2317 tan-

1922 2338 2065 2402 dem,
2098 2353 2245 2393 ttutn.
2272 2341 2306 2395 4
2334 2362 2347 2396 :
2392 2360 2412 2395 ι
2450 2344 2833 2400 Verumtamen
2864 2348 3011 2416 quod
3051 2349 3308 2416 diximus,
3344 2367 3497 2407 men-

1925 2439 2030 2481 tem
2061 2427 2113 2482 i-n
2144 2430 2380 2485 animam
2409 2434 2566 2501 verti,
2603 2435 2688 2489 vel
2724 2436 2769 2490 si
2799 2450 2905 2506 qua
2938 2437 3041 2492 alia
3074 2439 3125 2492 in
3158 2440 3261 2495 hoc
3310 2440 3499 2495 viden-

1924 2530 2011 2574 tur
2044 2521 2308 2591 aspicere,
2337 2525 2593 2580 discutiat
2622 2530 2761 2597 apttd
2794 2544 2853 2584 se
2883 2530 2973 2598 q’ui
3006 2529 3136 2600 legit
3166 2530 3495 2602 diligentius.

1920 2622 1976 2666 et
2008 2624 2300 2683 pertractet
2336 2633 2351 2669 :
2401 2631 2431 2669 a
2485 2617 2642 2672 nobis
2686 2628 2863 2675 tamen
2907 2637 3011 2675 non
3062 2632 3317 2690 putentur
3356 2624 3500 2679 velut

1921 2706 2166 2775 dogmata
2200 2722 2319 2762 esse
2361 2709 2593 2777 prolata,
2646 2713 2742 2767 sed
2796 2716 3063 2769 tractandi
3114 2730 3265 2770 more
3310 2731 3375 2771 ac
3410 2732 3497 2774 re-

1920 2797 2169 2866 quirendi
2203 2812 2324 2853 esse
2354 2799 2594 2855 discussa
2622 2819 2636 2868 ;
2676 2821 2695 2855 ι
2738 2814 2792 2858 et
2838 2806 2996 2875 paulo
3051 2817 3195 2874 post,
3229 2823 3380 2862 num.
3410 2808 3446 2864 5
3479 2828 3493 2863 :

1926 2905 1945 2939 ι
1985 2886 2109 2943 Haec
2143 2892 2599 2959 prout'potuimus
2635 2894 2700 2949 de
2749 2897 3059 2952 rationabili
3101 2899 3281 2954 anima
3318 2899 3498 2955 discu-

1922 2983 2101 3037 tienda
2134 2983 2303 3054 magis
2340 3000 2369 3039 a
2398 2984 2717 3056 legentibus,
2748 3004 2908 3057 quam
2945 2999 3149 3046 statuta
3179 3006 3242 3046 ac
3273 2992 3493 3048 definita

1919 3072 2261 3141 protulimus.
2328 3090 2347 3128 ι
2400 3075 2578 3145 Atque
2619 3077 2735 3133 haec
2780 3087 2865 3134 est
2909 3095 3118 3134 summa
3162 3080 3496 3138 defensionis

1920 3162 2206 3233 Pamphili.
2245 3165 2416 3232 Quam
2450 3177 2507 3221 ut
2537 3167 2768 3223 Validius
2795 3173 3105 3237 confirmet,
3137 3172 3259 3227 aliis
3285 3173 3400 3229 fere
3429 3178 3496 3229 de

249 3266 548 3335 Scriptura:
584 3268 922 3337 postmodum
962 3266 1427 3321 testificationibus
1468 3269 1809 3338 comprobat.
1842 3251 1886 3312 ο
1920 3255 2079 3310 rebus
2111 3267 2376 3313 ιῐθθῑεῖεεθ
2417 3258 2703 3330 Origene"!
2748 3254 2913 3329 dicit;
2995 3277 3042 3318 .0
3067 3266 3270 3328 anima.
3312 3275 3496 3334 υιροιε

246 3359 492 3430 Denique
543 3361 676 3414 vitio
728 3360 824 3415 dat
867 3358 1203 3415 Tertulliano
1243 3360 1581 3431 Augustinus
1609 3359 1704 3414 lib.
1740 3360 1814 3414 De

244 3454 431 3508 lueret.
476 3453 543 3508 ad
595 3451 1047 3519 Quodvultdeum,
1090 3450 1233 3522 quod
1292 3454 1502 3507 animas
1539 3450 1813 3506 hominum

245 3559 479 3615 nequam
517 3553 637 3614 post
662 3543 866 3598 obitum
891 3543 945 3597 in
980 3544 1253 3597 daemones
1282 3542 1522 3597 converti
1562 3557 1815 3597 asserue-

244 3635 337 3689 rit.
411 3635 768 3702 Quamobrem
828 3633 1167 3688 Domitianus
1226 3632 1437 3701 Galata,
1490 3634 1816 3705 Ancyranus

243 3729 561 3797 episcOpus,
598 3727 651 3782 in
680 3725 910 3797 epistola
945 3728 1010 3781 ad
1034 3725 1283 3795 Vigilium
1315 3742 1529 3795 papam,
1556 3727 1816 3781 adversus

240 3818 493 3891 Origenis
528 3819 708 3876 hostes
731 3821 845 3875 hanc
874 3821 1247 3888 conqueritur,
1270 3819 1537 3874 referente
1560 3816 1812 3872 Facundo

243 3912 339 3967 lib.
365 3928 438 3976 tv,
466 3927 586 3982 cap.
621 3912 694 3966 ιτ
728 3931 746 3964 ι
786 3910 1156 3966 Prosiluerunt
1180 3912 1245 3965 ad
1280 3909 1814 3965 anathematizandos

246 4006 621 4062 sanctissimos
655 4014 711 4061 et
738 4004 1156 4076 gloriosissimos
1206 4004 1481 4069 doctores,
1523 4005 1623 4059 sub
1655 4017 1813 4057 occa-

243 4103 396 4154 sione
425 4114 612 4154 eorum
641 4113 761 4166 qua:
802 4098 870 4152 de
911 4096 1339 4165 praeexsistentia
1375 4105 1429 4152 et
1473 4096 1814 4151 restitutione

244 4201 390 4245 mota
411 4200 554 4257 sunt,
580 4192 910 4261 dogmatum,
942 4189 1042 4245 sub
1074 4189 1254 4258 specie
1282 4188 1497 4258 quidem
1533 4184 1811 4255 Origenis,

241 4300 435 4341 omnes
460 4294 636 4340 autem
671 4283 760 4354 qui
796 4295 923 4338 ante
974 4297 1120 4347 eum,
1158 4291 1213 4336 et
1245 4292 1365 4351 post
1394 4296 1518 4337 eum
1572 4280 1811 4343 fuerunt,

241 4386 464 4431 sanctos
495 4376 1043 4432 anathematizantes.
1088 4394 1107 4426 ι
1636 4420 1637 4425 η

313 4470 408 4529 XI.
436 4470 640 4539 Nempe
661 4472 727 4526 de
762 4471 956 4525 animae
984 4469 1193 4540 origine
1217 4484 1280 4522 ac
1304 4481 1449 4523 sorte
1476 4467 1608 4522 nihil
1638 4468 1814 4522 adhuc

1922 3346 2139 3403 incerta:
2166 3350 2415 3419 originis,
2456 3360 2510 3406 et
2535 3367 2721 3422 parum
2775 3364 3067 3425 comperta:
3100 3367 3326 3423 naturas,
3360 3358 3493 3411 nihil

1920 3439 2228 3508 scripsisse.
2258 3441 2397 3496 Tum
2437 3457 2504 3497 ex
2552 3444 2691 3500 libro
2717 3446 2769 3499 in
2800 3444 3094 3515 Epistolam
3124 3450 3193 3501 ad
3229 3448 3403 3502 Titum
3439 3452 3495 3505 il-

1920 3531 2138 3587 lustrem
2189 3534 2412 3591 adducit
2455 3537 2704 3607 Origenis
2744 3538 2951 3605 locum,
3014 3557 3121 3610 quo
3184 3544 3493 3613 exemplum

1917 3638 2101 3679 eorum
2130 3624 2364 3683 aﬂ'erens
2388 3642 2510 3698 quas
2536 3632 2845 3699 apostolicis
2882 3633 3261 3689 traditionibus
3292 3650 3494 3705 nequa-

1917 3730 2078 3786 quam
2109 3718 2490 3786 determinata,
2520 3724 2721 3793 absque
2756 3725 3024 3780 haereseOs
3066 3737 3189 3781 uota
3242 3736 3494 3797 poterant

1916 3808 1999 3860 vel
2044 3810 2223 3879 respui
2270 3810 2353 3865 vel
2406 3815 2652 3879 admitti,
2705 3819 3060 3885 qutnstionem
3112 3821 3368 3889 prepnnit
3426 3822 3493 3877 de

1919 3900 2097 3955 anima
2133 3920 2146 3955 :
2181 3919 2200 3953 ‹
2239 3901 2373 3957 Cum
2404 3905 2469 3959 de
2493 3921 2581 3974 ea,
2612 3907 2808 3976 inquit,
2855 3922 3031 3979 neque
3060 3911 3201 3980 quod
3234 3926 3299 3965 ex
3330 3912 3492 3967 semi-

1919 3992 2002 4049 nis
2047 3996 2269 4052 traduce
2313 3998 2567 4064 ducatur,
2617 4012 2793 4070 neque
2842 4000 2981 4071 quod
3032 4002 3400 4057 ltonorabilior
3439 4014 3495 4059 et

1918 4087 2191 4155 antiquior
2236 4104 2524 4159 corporum
2559 4106 2819 4162 compage
2861 4093 2953 4158 sit,
2998 4093 3284 4148 tradiderit
3311 4095 3490 4149 eccle-

1916 4179 2139 4233 siastiea
2171 4181 2386 4251 regula;
2423 4200 2441 4234 ι
2478 4198 2706 4252 quorum
2740 4184 2988 4238 alterutri
3014 4185 3105 4253 qui
3142 4183 3371 4240 fuissent
3401 4202 3492 4240 as-

1915 4271 2084 4334 sensi,
2131 4273 2279 4326 velut
2325 4275 2479 4329 novis
2514 4279 2788 4332 studentes
2826 4278 2989 4333 rebus
3029 4282 3082 4333 in
3123 4279 3489 4347 suspicionem

1916 4364 2128 4419 venisse
2179 4365 2340 4433 dicit;
2390 4377 2444 4421 at
2473 4383 2567 4424 eos
2607 4371 2927 4425 temeritatis
2976 4353 3218 4435 damnat,
3263 4371 3352 4454 qui
3387 4372 3491 4425 hac

1915 4474 2239 4529 quemquam
2271 4461 2336 4515 de
2386 4475 2550 4516 causa
2595 4471 2905 4532 suspectum
2946 4451 3231 4518 haberent:
3264 4451 3341 4516 Ad
3372 4463 3489 4518 haec

242 4565 420 4618 [ηεηη
444 4562 511 4617 ab
534 4562 773 4617 Ecclesia
800 4563 1096 4619 ιιεοι-θιυιη,
1134 4587 1152 4612 ι
1194 4560 1267 4615 De
1295 4560 1473 4614 anima
1504 4574 1652 4624 vero,
1736 4559 1814 4614 ait
1841 4600 1887 4655 Β
1917 4551 2101 4620 adjicit
2148 4552 2461 4624 Pamphilus
2508 4553 2640 4608 alias
2665 4554 2733 4608 de
2763 4554 2943 4609 anima
2988 4554 3271 4624 opiniones
3297 4552 3488 4625 Orige-

239 4654 503 4724 Origcnes
558 4654 610 4707 in
663 4667 889 4722 protem.
944 4652 1037 4707 lib.
1086 4653 1226 4720 Περὶ
1273 4649 1497 4719 ἀρχῶν,
1554 4666 1701 4704 ιιιιιιι.
1754 4649 1809 4715 5,

245 4765 266 4799 ι
301 4758 482 4801 utrum
505 4761 572 4800 ex
602 4745 825 4800 seminis
870 4744 1105 4800 traduce
1133 4744 1379 4808 ducatur,
1428 4743 1499 4796 ita
1558 4750 1616 4796 ut
1670 4741 1811 4796 ratio

241 4837 432 4907 ipsius,
460 4836 545 4891 vel
571 4836 876 4891 substantia
906 4836 1107 4890 inserta
1140 4834 1269 4902 ipsis
1293 4833 1593 4889 seminibus
1624 4847 1808 4901 corpo-

244 4930 450 4985 ralibus
481 4929 780 4994 habeatur;
842 4945 911 4982 an
950 4942 1078 4983 vero
1113 4927 1256 4981 aliud
1310 4926 1508 4981 habeat
1540 4926 1752 4980 initium
1790 4944 1804 4980 :

241 5032 296 5076 et
324 5023 425 5076 hoc
454 5021 891 5092 ipsunrinitiutn,
915 5020 959 5073 si
992 5019 1232 5091 genitum
1258 5026 1364 5081 est,
1405 5030 1497 5072 aut
1521 5034 1626 5073 non
1658 5017 1811 5087 geni-

242 5123 354 5168 tum
380 5131 395 5179 ;
425 5111 505 5165 vel
524 5120 667 5166 certe
688 5112 731 5165 si
755 5110 1083 5165 intrinsecus
1110 5111 1322 5179 corpori
1346 5108 1575 5172 inditur,
1604 5122 1800 5171 necne,

246 5220 355 5260 non
381 5206 514 5259 satis
538 5202 823 5258 manifesta
850 5201 1233 5272 praedicatione
1248 5200 1594 5270 distinguitur
1618 5215 1632 5262 ;
1666 5216 1685 5249 ι
1717 5197 1808 5266 qui

240 5298 392 5353 locus
420 5296 692 5368 profertur
724 5297 777 5349 in
806 5294 1153 5365 supposititio
1180 5293 1392 5361 dialogo
1416 5292 1516 5345 sub
1555 5290 1814 5360 llierony-

242 5392 312 5444 mi
348 5403 406 5445 et
439 5388 728 5455 Augustini
765 5388 1005 5453 nomine,
1033 5387 1123 5456 qui
1159 5387 1391 5442 habetur
1438 5385 1579 5439 inter
1627 5384 1811 5452 spuria

240 5482 679 5550 Hieronymi;et
712 5479 764 5533 in
792 5493 957 5547 opere
1001 5478 1076 5532 De
1106 5477 1299 5531 deitate
1346 5487 1394 5531 et
1444 5476 1809 5531 incarnatione

250 5572 404 5627 Verbi
449 5573 515 5627 ad
551 5569 889 5635 Januarium,
944 5569 1037 5640 qui
1093 5580 1234 5625 tonio
1283 5569 1570 5641 Augustini
1620 5576 1811 5637 quarto

241 5663 585 5719 subnectitur
618 5663 711 5716 lib.
767 5678 805 5726 ι,
845 5677 964 5732 cap.
999 5661 1057 5723 2,
1110 5671 1166 5716 et
1211 5662 1483 5725 profertur
1524 5658 1811 5728 utrobique

245 5756 375 5825 ipsis
403 5756 581 5810 Rufini
612 5755 810 5809 verbis.
844 5754 986 5810 Idem
1012 5755 1069 5807 in
1099 5752 1271 5823 Epist.
1300 5755 1367 5807 ad
1394 5752 1544 5809 Rom.
1592 5751 1685 5806 lib.
1746 5766 1809 5815 ll,

245 5865 393 5905 num.
425 5850 481 5915 4,
520 5863 640 5919 pag.
674 5846 778 5903 479
810 5865 822 5901 :
866 5866 884 5899 ι
919 5847 976 5902 Si
1005 5847 1164 5902 etiam
1212 5856 1369 5902 extra
1404 5860 1602 5916 corpus
1646 5843 1806 5915 positi

561 5946 831 6007 PATBOL.
879 5944 997 6005 Gtt.
1042 5944 1241 6005 XVII.

1918 4648 2077 4702 niana
2124 4646 2281 4717 longe
2325 4647 2677 4703 absurdiores
2709 4660 2830 4701 esse
2884 4657 2938 4701 et
2982 4648 3316 4716 ineptiores:
3351 4649 3490 4702 inter

1915 4756 2051 4810 quas
2080 4740 2260 4810 priore
2290 4752 2409 4793 eam
2442 4738 2559 4795 loco
2591 4742 2759 4809 ponit,
2780 4756 2899 4808 qute
2929 4740 3210 4797 catholica:
3234 4741 3489 4797 Ecclesiae

1916 4829 2285 4885 sanctionibus
2313 4830 2473 4886 hodie
2504 4840 2725 4899 recepta
2761 4839 2862 4885 est.
2896 4831 3061 4886 Addit
3091 4832 3285 4887 deinde
3317 4832 3489 4886 haud-

1917 4937 2184 4993 quaquam
2213 4923 2574 4977 damnandum
2610 4938 2730 4978 esse
2758 4921 3071 4994 Origenem,
3104 4938 3228 4979 cum
3273 4938 3335 4977 ea
3371 4940 3488 4979 ser-

1917 5014 2122 5067 vaverit
2148 5029 2268 5080 quze
2301 5024 2427 5067 tunc
2456 5028 2618 5081 super
2644 5029 2705 5069 ea
2730 5015 3027 5085 quzestione
3054 5015 3318 5071 servanda
3346 5031 3485 5085 prte-

1912 5115 2137 5174 ceperat
2176 5103 2455 5169 Ecclesia,
2518 5106 2727 5161 animas
2772 5106 3025 5160 nimirum
3082 5106 3319 5175 ejusdem
3366 5121 3487 5160 esse

1916 5199 2252 5261 substantiae,
2288 5197 2646 5263 immortales,
2686 5198 2917 5253 rationis
2950 5198 3262 5269 participes,
3315 5198 3486 5252 libero

1917 5291 2165 5358 przeditas
2195 5290 2444 5358 arbitrio,
2484 5307 2515 5346 a
2554 5292 2663 5346 Deo
2704 5293 2967 5346 conditas.
3014 5289 3301 5360 Subjungit
3336 5291 3487 5345 deni-

1916 5397 2022 5450 que
2054 5398 2068 5435 :
2101 5398 2121 5433 ‹
2156 5380 2382 5449 Quando
2424 5392 2605 5439 autem
2657 5383 2812 5440 factae
2839 5384 2969 5449 sint,
3022 5383 3149 5437 olim
3198 5382 3378 5443 simul.
3413 5399 3482 5436 an

1916 5487 2061 5526 nunc
2104 5487 2199 5543 per
2249 5472 2491 5542 singulos
2534 5474 2894 5538 nascentium,
2944 5472 3073 5544 quid
3121 5471 3346 5543 periculi
3400 5480 3485 5525 est

1917 5565 2237 5619 alterutrum
2288 5579 2320 5618 e
2371 5566 2580 5620 duobus
2610 5564 2861 5634 opinari?
2893 5583 2911 5615 ι
2941 5563 3077 5632 Quid
3119 5564 3265 5633 quod
3294 5562 3486 5631 Orige-

1916 5672 2036 5722 nes,
2085 5667 2213 5712 lom.
2260 5673 2295 5711 tt
2328 5658 2382 5711 in
2446 5657 2631 5725 10am,
2678 5671 2829 5711 nunt.
2878 5656 2970 5726 24,
3009 5656 3314 5709 auitttatzum
3350 5671 3483 5726 προ·-

1918 5748 2144 5822 ΰπαρξιν
2193 5749 2483 5805 universali
2511 5750 2763 5819 opinione
2796 5750 3147 5820 approbatam
3180 5745 3359 5800 dicit?
3389 5745 3485 5798 ἐὰν

1912 5842 1989 5909 δὲ,
2033 5843 2227 5915 inquit,
2259 5846 2430 5914 κρατῇ
2485 5843 2514 5894 ὁ
2570 5840 2796 5898 καθόλου
2827 5844 2953 5916 περὶ
2990 5841 3166 5912 ψυχῆς
3210 5837 3385 5909 λόγος,
3410 5838 3483 5901 ὡς
