  <div class='ocr_page' id='page_1' title='image "/cluster/home/n/w/nwhite01/storage/ocr_20150623/17/mdp.39015031604831/459.png"; bbox 0 0 4054 6310; ppageno 0'>
   <div class='ocr_carea' id='block_1_1' title="bbox 596 358 711 414">
    <p class='ocr_par' dir='ltr' id='par_1_1' title="bbox 596 358 711 414">
     <span class='ocr_line' id='line_1_1' title="bbox 596 358 711 414; baseline -0.017 0"><span class='ocrx_word' id='word_1_1' title='bbox 596 358 711 414; x_wconf 68' lang='grc' dir='ltr'><strong>ἋΠ</strong></span> 
     </span>
    </p>
   </div>
   <div class='ocr_carea' id='block_1_2' title="bbox 606 468 2239 548">
    <p class='ocr_par' dir='ltr' id='par_1_2' title="bbox 606 468 2239 548">
     <span class='ocr_line' id='line_1_2' title="bbox 606 468 2239 548; baseline -0.008 -16"><span class='ocrx_word' id='word_1_2' title='bbox 606 478 669 533; x_wconf 83' lang='grc' dir='ltr'>οὗ</span> <span class='ocrx_word' id='word_1_3' title='bbox 703 474 1149 548; x_wconf 77' lang='grc' dir='ltr'><strong>συνεσπαρμένης</strong></span> <span class='ocrx_word' id='word_1_4' title='bbox 1176 472 1253 542; x_wconf 79' lang='grc' dir='ltr'><strong>τῷ</strong></span> <span class='ocrx_word' id='word_1_5' title='bbox 1278 471 1507 543; x_wconf 79' lang='grc' dir='ltr'><strong>σώματι,</strong></span> <span class='ocrx_word' id='word_1_6' title='bbox 1550 468 1684 523; x_wconf 78' lang='grc' dir='ltr'>ἀλλὰ</span> <span class='ocrx_word' id='word_1_7' title='bbox 1713 470 1817 540; x_wconf 78' lang='grc' dir='ltr'>πρὸ</span> <span class='ocrx_word' id='word_1_8' title='bbox 1845 469 2005 523; x_wconf 84' lang='grc' dir='ltr'>αὑτοῦ</span> <span class='ocrx_word' id='word_1_9' title='bbox 2039 486 2157 537; x_wconf 85' lang='grc' dir='ltr'><strong>τυγ-</strong></span> <span class='ocrx_word' id='word_1_10' title='bbox 2190 472 2239 527; x_wconf 85' lang='grc' dir='ltr'><strong>Α</strong></span> 
     </span>
    </p>
   </div>
   <div class='ocr_carea' id='block_1_3' title="bbox 605 559 2162 643">
    <p class='ocr_par' dir='ltr' id='par_1_3' title="bbox 605 559 2162 643">
     <span class='ocr_line' id='line_1_3' title="bbox 605 559 2162 643; baseline -0.009 -19"><span class='ocrx_word' id='word_1_11' title='bbox 605 568 892 643; x_wconf 75' lang='grc' dir='ltr'><strong>χανούσης,</strong></span> <span class='ocrx_word' id='word_1_12' title='bbox 924 569 1017 620; x_wconf 74' lang='grc' dir='ltr'><strong>καὶ</strong></span> <span class='ocrx_word' id='word_1_13' title='bbox 1043 565 1128 619; x_wconf 83' lang='grc' dir='ltr'><strong>διὰ</strong></span> <span class='ocrx_word' id='word_1_14' title='bbox 1154 563 1402 627; x_wconf 78' lang='grc' dir='ltr'><strong>ποικίλας</strong></span> <span class='ocrx_word' id='word_1_15' title='bbox 1435 561 1610 626; x_wconf 75' lang='grc' dir='ltr'>αἰτίας</span> <span class='ocrx_word' id='word_1_16' title='bbox 1634 561 1951 632; x_wconf 75' lang='grc' dir='ltr'><strong>ἐνδυομένης</strong></span> <span class='ocrx_word' id='word_1_17' title='bbox 2002 559 2162 630; x_wconf 73' lang='grc' dir='ltr'>σαρκὶ</span> 
     </span>
    </p>
   </div>
   <div class='ocr_carea' id='block_1_4' title="bbox 608 662 1273 732">
    <p class='ocr_par' dir='ltr' id='par_1_4' title="bbox 608 662 1273 732">
     <span class='ocr_line' id='line_1_4' title="bbox 608 662 1273 732; baseline -0.014 -14"><span class='ocrx_word' id='word_1_18' title='bbox 608 662 702 718; x_wconf 75' lang='grc' dir='ltr'><strong>καὶ</strong></span> <span class='ocrx_word' id='word_1_19' title='bbox 730 662 939 732; x_wconf 84' lang='grc' dir='ltr'><strong>αἵματι,</strong></span> <span class='ocrx_word' id='word_1_20' title='bbox 973 668 1027 712; x_wconf 91' lang='lat' dir='ltr'><strong>et</strong></span> <span class='ocrx_word' id='word_1_21' title='bbox 1057 668 1273 711; x_wconf 64' lang='lat' dir='ltr'><strong>caetera.</strong></span> 
     </span>
    </p>
   </div>
   <div class='ocr_carea' id='block_1_5' title="bbox 676 746 2161 820">
    <p class='ocr_par' dir='ltr' id='par_1_5' title="bbox 676 746 2161 820">
     <span class='ocr_line' id='line_1_5' title="bbox 676 746 2161 820; baseline -0.008 -10"><span class='ocrx_word' id='word_1_22' title='bbox 676 756 790 811; x_wconf 76' lang='lat' dir='ltr'>XII.</span> <span class='ocrx_word' id='word_1_23' title='bbox 824 754 931 807; x_wconf 88' lang='lat' dir='ltr'><strong>Nec</strong></span> <span class='ocrx_word' id='word_1_24' title='bbox 969 750 1212 820; x_wconf 86' lang='lat' dir='ltr'><strong>Origenis</strong></span> <span class='ocrx_word' id='word_1_25' title='bbox 1247 749 1404 804; x_wconf 90' lang='lat' dir='ltr'><strong>modo</strong></span> <span class='ocrx_word' id='word_1_26' title='bbox 1454 747 1805 817; x_wconf 81' lang='lat' dir='ltr'><strong>temporibus,</strong></span> <span class='ocrx_word' id='word_1_27' title='bbox 1832 746 1922 801; x_wconf 88' lang='lat' dir='ltr'><strong>sed</strong></span> <span class='ocrx_word' id='word_1_28' title='bbox 1969 760 2161 800; x_wconf 89' lang='lat' dir='ltr'><strong>recen-</strong></span> 
     </span>
    </p>
   </div>
   <div class='ocr_carea' id='block_1_6' title="bbox 607 836 2164 905">
    <p class='ocr_par' dir='ltr' id='par_1_6' title="bbox 607 836 2164 905">
     <span class='ocr_line' id='line_1_6' title="bbox 607 836 2164 905; baseline -0.008 -2"><span class='ocrx_word' id='word_1_29' title='bbox 607 849 834 904; x_wconf 75' lang='lat' dir='ltr'><strong>tioribus</strong></span> <span class='ocrx_word' id='word_1_30' title='bbox 873 846 1032 901; x_wconf 90' lang='lat' dir='ltr'><strong>etiam</strong></span> <span class='ocrx_word' id='word_1_31' title='bbox 1067 844 1265 897; x_wconf 89' lang='lat' dir='ltr'><strong>incerta</strong></span> <span class='ocrx_word' id='word_1_32' title='bbox 1296 840 1392 895; x_wconf 90' lang='lat' dir='ltr'><strong>fuit</strong></span> <span class='ocrx_word' id='word_1_33' title='bbox 1423 839 1476 894; x_wconf 92' lang='lat' dir='ltr'><strong>in</strong></span> <span class='ocrx_word' id='word_1_34' title='bbox 1518 839 1754 893; x_wconf 84' lang='lat' dir='ltr'><strong>Ecclesia</strong></span> <span class='ocrx_word' id='word_1_35' title='bbox 1787 838 1978 893; x_wconf 70' lang='lat' dir='ltr'><strong>anima:</strong></span> <span class='ocrx_word' id='word_1_36' title='bbox 2013 836 2164 905; x_wconf 82' lang='lat' dir='ltr'><strong>origo</strong></span> 
     </span>
    </p>
   </div>
   <div class='ocr_carea' id='block_1_7' title="bbox 600 929 2163 1002">
    <p class='ocr_par' dir='ltr' id='par_1_7' title="bbox 600 929 2163 1002">
     <span class='ocr_line' id='line_1_7' title="bbox 600 929 2163 1002; baseline -0.008 -6"><span class='ocrx_word' id='word_1_37' title='bbox 600 950 658 996; x_wconf 86' lang='lat' dir='ltr'><strong>et</strong></span> <span class='ocrx_word' id='word_1_38' title='bbox 702 948 912 994; x_wconf 91' lang='lat' dir='ltr'><strong>natura.</strong></span> <span class='ocrx_word' id='word_1_39' title='bbox 964 934 1146 989; x_wconf 69' lang='lat' dir='ltr'><strong>Aitate</strong></span> <span class='ocrx_word' id='word_1_40' title='bbox 1185 933 1397 1002; x_wconf 86' lang='lat' dir='ltr'><strong>quidem</strong></span> <span class='ocrx_word' id='word_1_41' title='bbox 1440 949 1533 988; x_wconf 90' lang='lat' dir='ltr'><strong>sua</strong></span> <span class='ocrx_word' id='word_1_42' title='bbox 1570 933 1780 985; x_wconf 85' lang='lat' dir='ltr'><strong>diversa</strong></span> <span class='ocrx_word' id='word_1_43' title='bbox 1828 929 2064 984; x_wconf 81' lang='lat' dir='ltr'><strong>sensisse</strong></span> <span class='ocrx_word' id='word_1_44' title='bbox 2098 929 2163 983; x_wconf 91' lang='lat' dir='ltr'><strong>de</strong></span> 
     </span>
    </p>
   </div>
   <div class='ocr_carea' id='block_1_8' title="bbox 606 1022 2158 1091">
    <p class='ocr_par' dir='ltr' id='par_1_8' title="bbox 606 1022 2158 1091">
     <span class='ocr_line' id='line_1_8' title="bbox 606 1022 2158 1091; baseline -0.008 -4"><span class='ocrx_word' id='word_1_45' title='bbox 606 1031 784 1087; x_wconf 85' lang='lat' dir='ltr'><strong>anima</strong></span> <span class='ocrx_word' id='word_1_46' title='bbox 833 1026 1230 1084; x_wconf 89' lang='lat' dir='ltr'><strong>ecclesiasticos</strong></span> <span class='ocrx_word' id='word_1_47' title='bbox 1277 1038 1463 1079; x_wconf 86' lang='lat' dir='ltr'><strong>omnes</strong></span> <span class='ocrx_word' id='word_1_48' title='bbox 1509 1025 1699 1078; x_wconf 80' lang='lat' dir='ltr'><strong>scribit</strong></span> <span class='ocrx_word' id='word_1_49' title='bbox 1749 1022 2057 1091; x_wconf 87' lang='lat' dir='ltr'><strong>Pamphilus</strong></span> <span class='ocrx_word' id='word_1_50' title='bbox 2104 1022 2158 1074; x_wconf 90' lang='lat' dir='ltr'><strong>in</strong></span> 
     </span>
    </p>
   </div>
   <div class='ocr_carea' id='block_1_9' title="bbox 603 1112 2159 1191">
    <p class='ocr_par' dir='ltr' id='par_1_9' title="bbox 603 1112 2159 1191">
     <span class='ocr_line' id='line_1_9' title="bbox 603 1112 2159 1191; baseline -0.006 -16"><span class='ocrx_word' id='word_1_51' title='bbox 603 1121 876 1191; x_wconf 77' lang='lat' dir='ltr'><strong>Apologia.</strong></span> <span class='ocrx_word' id='word_1_52' title='bbox 925 1118 1280 1188; x_wconf 81' lang='lat' dir='ltr'><strong>Hieronymus</strong></span> <span class='ocrx_word' id='word_1_53' title='bbox 1321 1114 1483 1182; x_wconf 86' lang='lat' dir='ltr'><strong>epist.</strong></span> <span class='ocrx_word' id='word_1_54' title='bbox 1542 1114 1610 1169; x_wconf 73' lang='lat'><strong>82</strong></span> <span class='ocrx_word' id='word_1_55' title='bbox 1657 1113 2005 1182; x_wconf 74' lang='lat' dir='ltr'><strong>quaestionem</strong></span> <span class='ocrx_word' id='word_1_56' title='bbox 2057 1112 2159 1167; x_wconf 88' lang='lat' dir='ltr'><strong>sibi</strong></span> 
     </span>
    </p>
   </div>
   <div class='ocr_carea' id='block_1_10' title="bbox 600 1205 2160 1285">
    <p class='ocr_par' dir='ltr' id='par_1_10' title="bbox 600 1205 2160 1285">
     <span class='ocr_line' id='line_1_10' title="bbox 600 1205 2160 1285; baseline -0.008 -18"><span class='ocrx_word' id='word_1_57' title='bbox 600 1230 764 1285; x_wconf 72' lang='lat' dir='ltr'><strong>super</strong></span> <span class='ocrx_word' id='word_1_58' title='bbox 794 1213 984 1266; x_wconf 64' lang='lat' dir='ltr'><strong>animae</strong></span> <span class='ocrx_word' id='word_1_59' title='bbox 1011 1220 1153 1265; x_wconf 90' lang='lat' dir='ltr'><strong>statu</strong></span> <span class='ocrx_word' id='word_1_60' title='bbox 1182 1225 1210 1263; x_wconf 90' lang='lat' dir='ltr'><strong>a</strong></span> <span class='ocrx_word' id='word_1_61' title='bbox 1246 1207 1555 1263; x_wconf 79' lang='lat' dir='ltr'><strong>Marcellino</strong></span> <span class='ocrx_word' id='word_1_62' title='bbox 1585 1217 1639 1261; x_wconf 87' lang='lat' dir='ltr'><strong>et</strong></span> <span class='ocrx_word' id='word_1_63' title='bbox 1670 1205 2007 1275; x_wconf 85' lang='lat' dir='ltr'><strong>Anapsychia</strong></span> <span class='ocrx_word' id='word_1_64' title='bbox 2038 1220 2160 1273; x_wconf 90' lang='lat' dir='ltr'><strong>pro-</strong></span> 
     </span>
    </p>
   </div>
   <div class='ocr_carea' id='block_1_11' title="bbox 601 1293 2159 1375">
    <p class='ocr_par' dir='ltr' id='par_1_11' title="bbox 601 1293 2159 1375">
     <span class='ocr_line' id='line_1_11' title="bbox 601 1293 2159 1375; baseline -0.008 -17"><span class='ocrx_word' id='word_1_65' title='bbox 601 1305 827 1375; x_wconf 84' lang='lat' dir='ltr'><strong>positam</strong></span> <span class='ocrx_word' id='word_1_66' title='bbox 863 1303 1073 1365; x_wconf 90' lang='lat' dir='ltr'><strong>recitat,</strong></span> <span class='ocrx_word' id='word_1_67' title='bbox 1114 1315 1177 1353; x_wconf 82' lang='lat' dir='ltr'><strong>ex</strong></span> <span class='ocrx_word' id='word_1_68' title='bbox 1207 1314 1312 1368; x_wconf 89' lang='lat' dir='ltr'><strong>qua</strong></span> <span class='ocrx_word' id='word_1_69' title='bbox 1360 1298 1627 1364; x_wconf 75' lang='lat' dir='ltr'><strong>intelligas</strong></span> <span class='ocrx_word' id='word_1_70' title='bbox 1677 1298 1891 1366; x_wconf 85' lang='lat' dir='ltr'><strong>quantis</strong></span> <span class='ocrx_word' id='word_1_71' title='bbox 1926 1293 2159 1347; x_wconf 72' lang='lat' dir='ltr'><strong>tenebris</strong></span> 
     </span>
    </p>
   </div>
   <div class='ocr_carea' id='block_1_12' title="bbox 601 1384 2161 1459">
    <p class='ocr_par' dir='ltr' id='par_1_12' title="bbox 601 1384 2161 1459">
     <span class='ocr_line' id='line_1_12' title="bbox 601 1384 2161 1459; baseline -0.01 -9"><span class='ocrx_word' id='word_1_72' title='bbox 601 1395 763 1451; x_wconf 82' lang='lat' dir='ltr'><strong>fuerit</strong></span> <span class='ocrx_word' id='word_1_73' title='bbox 814 1404 938 1448; x_wconf 87' lang='lat' dir='ltr'><strong>tunc</strong></span> <span class='ocrx_word' id='word_1_74' title='bbox 992 1391 1248 1459; x_wconf 87' lang='lat' dir='ltr'><strong>temporis</strong></span> <span class='ocrx_word' id='word_1_75' title='bbox 1297 1390 1651 1444; x_wconf 88' lang='lat' dir='ltr'><strong>circumsessa</strong></span> <span class='ocrx_word' id='word_1_76' title='bbox 1698 1385 1926 1455; x_wconf 62' lang='lat' dir='ltr'><strong>quaestio</strong></span> <span class='ocrx_word' id='word_1_77' title='bbox 1952 1386 2017 1438; x_wconf 90' lang='lat' dir='ltr'><strong>de</strong></span> <span class='ocrx_word' id='word_1_78' title='bbox 2046 1384 2161 1436; x_wconf 83' lang='lat' dir='ltr'><strong>ani-</strong></span> 
     </span>
    </p>
   </div>
   <div class='ocr_carea' id='block_1_13' title="bbox 600 1478 2161 1553">
    <p class='ocr_par' dir='ltr' id='par_1_13' title="bbox 600 1478 2161 1553">
     <span class='ocr_line' id='line_1_13' title="bbox 600 1478 2161 1553; baseline -0.007 -13"><span class='ocrx_word' id='word_1_79' title='bbox 600 1502 685 1541; x_wconf 86' lang='lat' dir='ltr'><strong>ma</strong></span> <span class='ocrx_word' id='word_1_80' title='bbox 718 1505 731 1539; x_wconf 90' lang='lat'><strong>:</strong></span> <span class='ocrx_word' id='word_1_81' title='bbox 765 1503 784 1536; x_wconf 82' lang='grc' dir='ltr'><strong>ι</strong></span> <span class='ocrx_word' id='word_1_82' title='bbox 829 1483 1001 1553; x_wconf 90' lang='lat' dir='ltr'><strong>Super</strong></span> <span class='ocrx_word' id='word_1_83' title='bbox 1044 1483 1233 1536; x_wconf 74' lang='lat' dir='ltr'><strong>anima:</strong></span> <span class='ocrx_word' id='word_1_84' title='bbox 1276 1490 1439 1542; x_wconf 86' lang='lat' dir='ltr'><strong>statu,</strong></span> <span class='ocrx_word' id='word_1_85' title='bbox 1470 1481 1666 1549; x_wconf 88' lang='lat' dir='ltr'><strong>inquit,</strong></span> <span class='ocrx_word' id='word_1_86' title='bbox 1698 1478 1913 1533; x_wconf 89' lang='lat' dir='ltr'><strong>memini</strong></span> <span class='ocrx_word' id='word_1_87' title='bbox 1973 1486 2161 1531; x_wconf 71' lang='lat' dir='ltr'><strong>vestra:</strong></span> 
     </span>
    </p>
   </div>
   <div class='ocr_carea' id='block_1_14' title="bbox 598 1568 2158 1646">
    <p class='ocr_par' dir='ltr' id='par_1_14' title="bbox 598 1568 2158 1646">
     <span class='ocr_line' id='line_1_14' title="bbox 598 1568 2158 1646; baseline -0.009 -12"><span class='ocrx_word' id='word_1_88' title='bbox 598 1576 1018 1646; x_wconf 59' lang='lat' dir='ltr'><strong>quaestiunculas,</strong></span> <span class='ocrx_word' id='word_1_89' title='bbox 1067 1576 1173 1629; x_wconf 90' lang='lat' dir='ltr'><strong>imo</strong></span> <span class='ocrx_word' id='word_1_90' title='bbox 1224 1575 1455 1628; x_wconf 84' lang='lat' dir='ltr'><strong>maxime</strong></span> <span class='ocrx_word' id='word_1_91' title='bbox 1488 1572 1869 1628; x_wconf 85' lang='lat' dir='ltr'><strong>ecclesiasticae</strong></span> <span class='ocrx_word' id='word_1_92' title='bbox 1902 1568 2158 1638; x_wconf 59' lang='lat' dir='ltr'><strong>quastio-</strong></span> 
     </span>
    </p>
   </div>
   <div class='ocr_carea' id='block_1_15' title="bbox 592 1656 2160 1733">
    <p class='ocr_par' dir='ltr' id='par_1_15' title="bbox 592 1656 2160 1733">
     <span class='ocr_line' id='line_1_15' title="bbox 592 1656 2160 1733; baseline -0.008 -13"><span class='ocrx_word' id='word_1_93' title='bbox 592 1668 683 1720; x_wconf 29' lang='lat' dir='ltr'><strong>tuis</strong></span> <span class='ocrx_word' id='word_1_94' title='bbox 718 1688 728 1719; x_wconf 93' lang='lat'>:</span> <span class='ocrx_word' id='word_1_95' title='bbox 762 1674 940 1719; x_wconf 90' lang='lat' dir='ltr'><strong>utrum</strong></span> <span class='ocrx_word' id='word_1_96' title='bbox 975 1664 1119 1733; x_wconf 89' lang='lat' dir='ltr'><strong>lapsa</strong></span> <span class='ocrx_word' id='word_1_97' title='bbox 1148 1663 1213 1717; x_wconf 90' lang='lat' dir='ltr'><strong>de</strong></span> <span class='ocrx_word' id='word_1_98' title='bbox 1241 1663 1377 1716; x_wconf 67' lang='lat' dir='ltr'><strong>caelo</strong></span> <span class='ocrx_word' id='word_1_99' title='bbox 1399 1663 1489 1729; x_wconf 91' lang='lat' dir='ltr'><strong>sit,</strong></span> <span class='ocrx_word' id='word_1_100' title='bbox 1520 1671 1576 1715; x_wconf 87' lang='grc' dir='ltr'><strong>ιιι</strong></span> <span class='ocrx_word' id='word_1_101' title='bbox 1606 1660 1940 1730; x_wconf 84' lang='lat' dir='ltr'><strong>Pythagoras</strong></span> <span class='ocrx_word' id='word_1_102' title='bbox 1983 1656 2160 1727; x_wconf 60' lang='lat' dir='ltr'><strong>philo-</strong></span> 
     </span>
    </p>
   </div>
   <div class='ocr_carea' id='block_1_16' title="bbox 586 1751 2157 1828">
    <p class='ocr_par' dir='ltr' id='par_1_16' title="bbox 586 1751 2157 1828">
     <span class='ocr_line' id='line_1_16' title="bbox 586 1751 2157 1828; baseline -0.008 -16"><span class='ocrx_word' id='word_1_103' title='bbox 586 1758 815 1828; x_wconf 80' lang='lat' dir='ltr'><strong>sophus,</strong></span> <span class='ocrx_word' id='word_1_104' title='bbox 863 1770 1159 1824; x_wconf 91' lang='lat' dir='ltr'><strong>omnesque</strong></span> <span class='ocrx_word' id='word_1_105' title='bbox 1198 1754 1483 1817; x_wconf 84' lang='lat' dir='ltr'><strong>Platonici,</strong></span> <span class='ocrx_word' id='word_1_106' title='bbox 1535 1762 1590 1807; x_wconf 92' lang='lat' dir='ltr'><strong>et</strong></span> <span class='ocrx_word' id='word_1_107' title='bbox 1634 1751 1895 1820; x_wconf 78' lang='lat' dir='ltr'><strong>Origenes</strong></span> <span class='ocrx_word' id='word_1_108' title='bbox 1934 1756 2157 1817; x_wconf 89' lang='lat' dir='ltr'><strong>putant,</strong></span> 
     </span>
    </p>
   </div>
   <div class='ocr_carea' id='block_1_17' title="bbox 1822 346 3762 418">
    <p class='ocr_par' dir='ltr' id='par_1_17' title="bbox 1822 346 3762 418">
     <span class='ocr_line' id='line_1_17' title="bbox 1822 346 3762 418; baseline -0.007 -11"><span class='ocrx_word' id='word_1_109' title='bbox 1822 353 1880 407; x_wconf 85' lang='lat' dir='ltr'><strong>P.</strong></span> <span class='ocrx_word' id='word_1_110' title='bbox 1921 349 2231 408; x_wconf 73' lang='lat' dir='ltr'><strong>DANIELIS</strong></span> <span class='ocrx_word' id='word_1_111' title='bbox 2269 346 2501 407; x_wconf 69' lang='lat' dir='ltr'><strong>suam</strong></span> <span class='ocrx_word' id='word_1_112' title='bbox 3677 358 3762 418; x_wconf 67' lang='grc' dir='ltr'><strong>,σε</strong></span> 
     </span>
    </p>
   </div>
   <div class='ocr_carea' id='block_1_18' title="bbox 2335 459 3767 537">
    <p class='ocr_par' dir='ltr' id='par_1_18' title="bbox 2335 459 3767 537">
     <span class='ocr_line' id='line_1_18' title="bbox 2335 459 3767 537; baseline 0 -18"><span class='ocrx_word' id='word_1_113' title='bbox 2335 464 2535 533; x_wconf 76' lang='lat' dir='ltr'><strong>Nempe</strong></span> <span class='ocrx_word' id='word_1_114' title='bbox 2575 463 2828 533; x_wconf 91' lang='lat' dir='ltr'><strong>utrinque</strong></span> <span class='ocrx_word' id='word_1_115' title='bbox 2874 459 3172 529; x_wconf 78' lang='lat' dir='ltr'><strong>Scriptura:</strong></span> <span class='ocrx_word' id='word_1_116' title='bbox 3200 460 3514 517; x_wconf 87' lang='lat' dir='ltr'><strong>testimoniis</strong></span> <span class='ocrx_word' id='word_1_117' title='bbox 3535 469 3767 537; x_wconf 61' lang='lat' dir='ltr'><strong>pugnata.</strong></span> 
     </span>
    </p>
   </div>
   <div class='ocr_carea' id='block_1_19' title="bbox 2264 550 3771 623">
    <p class='ocr_par' dir='ltr' id='par_1_19' title="bbox 2264 550 3771 623">
     <span class='ocr_line' id='line_1_19' title="bbox 2264 550 3771 623; baseline 0.001 -15"><span class='ocrx_word' id='word_1_118' title='bbox 2264 564 2370 609; x_wconf 89' lang='lat' dir='ltr'><strong>tur.</strong></span> <span class='ocrx_word' id='word_1_119' title='bbox 2402 552 2500 619; x_wconf 87' lang='lat' dir='ltr'><strong>Qui</strong></span> <span class='ocrx_word' id='word_1_120' title='bbox 2534 553 2819 607; x_wconf 89' lang='lat' dir='ltr'><strong>tuebantur</strong></span> <span class='ocrx_word' id='word_1_121' title='bbox 2848 552 3149 604; x_wconf 73' lang='lat' dir='ltr'><strong>animarum</strong></span> <span class='ocrx_word' id='word_1_122' title='bbox 3177 550 3529 623; x_wconf 78' lang='grc' dir='ltr'><strong>προΰπαρξιν,</strong></span> <span class='ocrx_word' id='word_1_123' title='bbox 3553 555 3771 617; x_wconf 64' lang='lat' dir='ltr'><strong>adversus</strong></span> 
     </span>
    </p>
   </div>
   <div class='ocr_carea' id='block_1_20' title="bbox 2261 641 3769 715">
    <p class='ocr_par' dir='ltr' id='par_1_20' title="bbox 2261 641 3769 715">
     <span class='ocr_line' id='line_1_20' title="bbox 2261 641 3769 715; baseline -0.005 -16"><span class='ocrx_word' id='word_1_124' title='bbox 2261 660 2356 700; x_wconf 90' lang='lat' dir='ltr'><strong>eos</strong></span> <span class='ocrx_word' id='word_1_125' title='bbox 2383 644 2472 713; x_wconf 87' lang='lat' dir='ltr'><strong>qui</strong></span> <span class='ocrx_word' id='word_1_126' title='bbox 2498 645 2705 699; x_wconf 88' lang='lat' dir='ltr'><strong>animas</strong></span> <span class='ocrx_word' id='word_1_127' title='bbox 2741 653 2868 697; x_wconf 89' lang='lat' dir='ltr'><strong>tunc</strong></span> <span class='ocrx_word' id='word_1_128' title='bbox 2895 643 3066 697; x_wconf 88' lang='lat' dir='ltr'><strong>creari</strong></span> <span class='ocrx_word' id='word_1_129' title='bbox 3098 641 3368 706; x_wconf 86' lang='lat' dir='ltr'><strong>volebant,</strong></span> <span class='ocrx_word' id='word_1_130' title='bbox 3397 658 3518 696; x_wconf 91' lang='lat' dir='ltr'><strong>cum</strong></span> <span class='ocrx_word' id='word_1_131' title='bbox 3540 659 3769 715; x_wconf 67' lang='lat' dir='ltr'><strong>prapan-</strong></span> 
     </span>
    </p>
   </div>
   <div class='ocr_carea' id='block_1_21' title="bbox 2265 733 3778 805">
    <p class='ocr_par' dir='ltr' id='par_1_21' title="bbox 2265 733 3778 805">
     <span class='ocr_line' id='line_1_21' title="bbox 2265 733 3778 805; baseline -0.001 -14"><span class='ocrx_word' id='word_1_132' title='bbox 2265 739 2332 791; x_wconf 91' lang='lat' dir='ltr'><strong>tis</strong></span> <span class='ocrx_word' id='word_1_133' title='bbox 2361 736 2676 805; x_wconf 88' lang='lat' dir='ltr'><strong>corporibus</strong></span> <span class='ocrx_word' id='word_1_134' title='bbox 2703 742 2857 789; x_wconf 89' lang='lat' dir='ltr'><strong>erant</strong></span> <span class='ocrx_word' id='word_1_135' title='bbox 2891 733 3209 798; x_wconf 63' lang='lat' dir='ltr'><strong>inserendas,</strong></span> <span class='ocrx_word' id='word_1_136' title='bbox 3239 734 3335 788; x_wconf 90' lang='lat' dir='ltr'><strong>hoc</strong></span> <span class='ocrx_word' id='word_1_137' title='bbox 3370 734 3502 790; x_wconf 84' lang='lat' dir='ltr'><strong>Gen.</strong></span> <span class='ocrx_word' id='word_1_138' title='bbox 3536 751 3591 802; x_wconf 90' lang='grc' dir='ltr'><strong>ιι,</strong></span> <span class='ocrx_word' id='word_1_139' title='bbox 3625 736 3675 804; x_wconf 72' lang='grc'><strong>9,</strong></span> <span class='ocrx_word' id='word_1_140' title='bbox 3710 742 3778 795; x_wconf 78' lang='lat' dir='ltr'><strong>in-</strong></span> 
     </span>
    </p>
   </div>
   <div class='ocr_carea' id='block_1_22' title="bbox 2266 824 3776 895">
    <p class='ocr_par' dir='ltr' id='par_1_22' title="bbox 2266 824 3776 895">
     <span class='ocr_line' id='line_1_22' title="bbox 2266 824 3776 895; baseline 0.003 -15"><span class='ocrx_word' id='word_1_141' title='bbox 2266 829 2565 888; x_wconf 86' lang='lat' dir='ltr'><strong>tentabant.</strong></span> <span class='ocrx_word' id='word_1_142' title='bbox 2619 845 2637 878; x_wconf 78' lang='grc' dir='ltr'><strong>ι</strong></span> <span class='ocrx_word' id='word_1_143' title='bbox 2674 826 2739 880; x_wconf 83' lang='lat' dir='ltr'><strong>Et</strong></span> <span class='ocrx_word' id='word_1_144' title='bbox 2787 825 3048 895; x_wconf 82' lang='lat' dir='ltr'><strong>requievit</strong></span> <span class='ocrx_word' id='word_1_145' title='bbox 3108 824 3288 895; x_wconf 86' lang='lat' dir='ltr'><strong>(Deus)</strong></span> <span class='ocrx_word' id='word_1_146' title='bbox 3340 825 3425 879; x_wconf 86' lang='lat' dir='ltr'><strong>die</strong></span> <span class='ocrx_word' id='word_1_147' title='bbox 3468 829 3678 895; x_wconf 90' lang='lat' dir='ltr'><strong>septimo</strong></span> <span class='ocrx_word' id='word_1_148' title='bbox 3718 833 3776 889; x_wconf 76' lang='lat' dir='ltr'><strong>ab</strong></span> 
     </span>
    </p>
   </div>
   <div class='ocr_carea' id='block_1_23' title="bbox 2263 916 3769 987">
    <p class='ocr_par' dir='ltr' id='par_1_23' title="bbox 2263 916 3769 987">
     <span class='ocr_line' id='line_1_23' title="bbox 2263 916 3769 987; baseline -0.003 -18"><span class='ocrx_word' id='word_1_149' title='bbox 2263 920 2517 972; x_wconf 88' lang='lat' dir='ltr'><strong>universo</strong></span> <span class='ocrx_word' id='word_1_150' title='bbox 2544 932 2707 987; x_wconf 90' lang='lat' dir='ltr'><strong>opere</strong></span> <span class='ocrx_word' id='word_1_151' title='bbox 2751 916 2889 985; x_wconf 90' lang='lat' dir='ltr'><strong>quod</strong></span> <span class='ocrx_word' id='word_1_152' title='bbox 2917 924 3173 985; x_wconf 77' lang='lat' dir='ltr'><strong>patraret.</strong></span> <span class='ocrx_word' id='word_1_153' title='bbox 3213 935 3231 968; x_wconf 84' lang='grc' dir='ltr'><strong>ι</strong></span> <span class='ocrx_word' id='word_1_154' title='bbox 3270 916 3465 969; x_wconf 74' lang='lat' dir='ltr'><strong>Contra</strong></span> <span class='ocrx_word' id='word_1_155' title='bbox 3508 922 3769 984; x_wconf 63' lang='lat' dir='ltr'><strong>praetende.</strong></span> 
     </span>
    </p>
   </div>
   <div class='ocr_carea' id='block_1_24' title="bbox 2262 1007 3775 1074">
    <p class='ocr_par' dir='ltr' id='par_1_24' title="bbox 2262 1007 3775 1074">
     <span class='ocr_line' id='line_1_24' title="bbox 2262 1007 3775 1074; baseline 0.005 -11"><span class='ocrx_word' id='word_1_156' title='bbox 2262 1009 2393 1064; x_wconf 87' lang='lat' dir='ltr'><strong>bant</strong></span> <span class='ocrx_word' id='word_1_157' title='bbox 2444 1007 2739 1063; x_wconf 81' lang='lat' dir='ltr'><strong>adversarii</strong></span> <span class='ocrx_word' id='word_1_158' title='bbox 2798 1008 2923 1061; x_wconf 88' lang='lat' dir='ltr'><strong>illttd</strong></span> <span class='ocrx_word' id='word_1_159' title='bbox 2979 1007 3132 1064; x_wconf 89' lang='lat' dir='ltr'><strong>Joan.</strong></span> <span class='ocrx_word' id='word_1_160' title='bbox 3188 1023 3240 1074; x_wconf 88' lang='lat' dir='ltr'><strong>v,</strong></span> <span class='ocrx_word' id='word_1_161' title='bbox 3299 1008 3388 1073; x_wconf 79' lang='lat' dir='ltr'><strong>l7,</strong></span> <span class='ocrx_word' id='word_1_162' title='bbox 3428 1026 3445 1059; x_wconf 86' lang='grc' dir='ltr'><strong>ι</strong></span> <span class='ocrx_word' id='word_1_163' title='bbox 3478 1008 3629 1063; x_wconf 88' lang='lat' dir='ltr'><strong>Pater</strong></span> <span class='ocrx_word' id='word_1_164' title='bbox 3650 1026 3775 1070; x_wconf 84' lang='lat' dir='ltr'><strong>meus</strong></span> 
     </span>
    </p>
   </div>
   <div class='ocr_carea' id='block_1_25' title="bbox 2263 1100 3768 1169">
    <p class='ocr_par' dir='ltr' id='par_1_25' title="bbox 2263 1100 3768 1169">
     <span class='ocr_line' id='line_1_25' title="bbox 2263 1100 3768 1169; baseline 0.003 -16"><span class='ocrx_word' id='word_1_165' title='bbox 2263 1115 2431 1169; x_wconf 88' lang='lat' dir='ltr'><strong>usque</strong></span> <span class='ocrx_word' id='word_1_166' title='bbox 2463 1100 2623 1153; x_wconf 88' lang='lat' dir='ltr'><strong>modo</strong></span> <span class='ocrx_word' id='word_1_167' title='bbox 2663 1109 2935 1168; x_wconf 89' lang='lat' dir='ltr'><strong>operatur,</strong></span> <span class='ocrx_word' id='word_1_168' title='bbox 2988 1108 3044 1152; x_wconf 89' lang='lat' dir='ltr'><strong>et</strong></span> <span class='ocrx_word' id='word_1_169' title='bbox 3093 1114 3189 1168; x_wconf 90' lang='lat' dir='ltr'><strong>ego</strong></span> <span class='ocrx_word' id='word_1_170' title='bbox 3234 1114 3459 1168; x_wconf 90' lang='lat' dir='ltr'><strong>operor;</strong></span> <span class='ocrx_word' id='word_1_171' title='bbox 3494 1118 3512 1151; x_wconf 86' lang='grc' dir='ltr'><strong>ι</strong></span> <span class='ocrx_word' id='word_1_172' title='bbox 3546 1104 3673 1168; x_wconf 91' lang='lat' dir='ltr'><strong>quod</strong></span> <span class='ocrx_word' id='word_1_173' title='bbox 3714 1104 3768 1158; x_wconf 85' lang='lat' dir='ltr'><strong>ad</strong></span> 
     </span>
    </p>
   </div>
   <div class='ocr_carea' id='block_1_26' title="bbox 2262 1189 3776 1253">
    <p class='ocr_par' dir='ltr' id='par_1_26' title="bbox 2262 1189 3776 1253">
     <span class='ocr_line' id='line_1_26' title="bbox 2262 1189 3776 1253; baseline 0.002 -8"><span class='ocrx_word' id='word_1_174' title='bbox 2262 1190 2687 1253; x_wconf 81' lang='lat' dir='ltr'><strong>Providentiam,</strong></span> <span class='ocrx_word' id='word_1_175' title='bbox 2736 1205 2841 1244; x_wconf 91' lang='lat' dir='ltr'><strong>non</strong></span> <span class='ocrx_word' id='word_1_176' title='bbox 2873 1190 2937 1244; x_wconf 90' lang='lat' dir='ltr'><strong>ad</strong></span> <span class='ocrx_word' id='word_1_177' title='bbox 2989 1192 3310 1246; x_wconf 78' lang='lat' dir='ltr'><strong>creationem</strong></span> <span class='ocrx_word' id='word_1_178' title='bbox 3355 1189 3445 1244; x_wconf 84' lang='lat' dir='ltr'><strong>alii</strong></span> <span class='ocrx_word' id='word_1_179' title='bbox 3492 1192 3776 1249; x_wconf 81' lang='lat' dir='ltr'><strong>referebant.</strong></span> 
     </span>
    </p>
   </div>
   <div class='ocr_carea' id='block_1_27' title="bbox 2262 1280 3778 1351">
    <p class='ocr_par' dir='ltr' id='par_1_27' title="bbox 2262 1280 3778 1351">
     <span class='ocr_line' id='line_1_27' title="bbox 2262 1280 3778 1351; baseline 0.001 -14"><span class='ocrx_word' id='word_1_180' title='bbox 2262 1280 2536 1338; x_wconf 78' lang='lat' dir='ltr'><strong>Videndus</strong></span> <span class='ocrx_word' id='word_1_181' title='bbox 2576 1280 2855 1337; x_wconf 83' lang='lat' dir='ltr'><strong>N&#39;etnesius</strong></span> <span class='ocrx_word' id='word_1_182' title='bbox 2883 1280 2977 1334; x_wconf 73' lang='grc' dir='ltr'><strong>ιιι).</strong></span> <span class='ocrx_word' id='word_1_183' title='bbox 3007 1280 3083 1335; x_wconf 87' lang='lat' dir='ltr'><strong>De</strong></span> <span class='ocrx_word' id='word_1_184' title='bbox 3106 1292 3292 1334; x_wconf 79' lang='lat' dir='ltr'><strong>natura</strong></span> <span class='ocrx_word' id='word_1_185' title='bbox 3321 1281 3560 1345; x_wconf 74' lang='lat' dir='ltr'><strong>hominis,</strong></span> <span class='ocrx_word' id='word_1_186' title='bbox 3601 1298 3702 1351; x_wconf 84' lang='lat' dir='ltr'><strong>cap.</strong></span> <span class='ocrx_word' id='word_1_187' title='bbox 3728 1284 3778 1350; x_wconf 69' lang='lat'><strong>2,</strong></span> 
     </span>
    </p>
   </div>
   <div class='ocr_carea' id='block_1_28' title="bbox 2261 1369 3776 1441">
    <p class='ocr_par' dir='ltr' id='par_1_28' title="bbox 2261 1369 3776 1441">
     <span class='ocr_line' id='line_1_28' title="bbox 2261 1369 3776 1441; baseline 0.001 -16"><span class='ocrx_word' id='word_1_188' title='bbox 2261 1383 2312 1426; x_wconf 83' lang='lat' dir='ltr'><strong>et</strong></span> <span class='ocrx_word' id='word_1_189' title='bbox 2343 1373 2672 1441; x_wconf 76' lang='lat' dir='ltr'><strong>Augustinus</strong></span> <span class='ocrx_word' id='word_1_190' title='bbox 2720 1373 2770 1425; x_wconf 92' lang='lat' dir='ltr'><strong>in</strong></span> <span class='ocrx_word' id='word_1_191' title='bbox 2818 1370 3027 1426; x_wconf 87' lang='lat' dir='ltr'><strong>laudata</strong></span> <span class='ocrx_word' id='word_1_192' title='bbox 3059 1372 3122 1423; x_wconf 88' lang='lat' dir='ltr'><strong>ad</strong></span> <span class='ocrx_word' id='word_1_193' title='bbox 3156 1369 3534 1440; x_wconf 79' lang='lat' dir='ltr'><strong>Hiemnynntm</strong></span> <span class='ocrx_word' id='word_1_194' title='bbox 3568 1374 3776 1439; x_wconf 87' lang='lat' dir='ltr'><strong>epistola.</strong></span> 
     </span>
    </p>
   </div>
   <div class='ocr_carea' id='block_1_29' title="bbox 2260 1461 3775 1532">
    <p class='ocr_par' dir='ltr' id='par_1_29' title="bbox 2260 1461 3775 1532">
     <span class='ocr_line' id='line_1_29' title="bbox 2260 1461 3775 1532; baseline 0.002 -15"><span class='ocrx_word' id='word_1_195' title='bbox 2260 1462 2399 1517; x_wconf 89' lang='lat' dir='ltr'><strong>Nulli</strong></span> <span class='ocrx_word' id='word_1_196' title='bbox 2436 1463 2599 1531; x_wconf 80' lang='lat' dir='ltr'><strong>igitur</strong></span> <span class='ocrx_word' id='word_1_197' title='bbox 2630 1463 2822 1516; x_wconf 89' lang='lat' dir='ltr'><strong>mirum</strong></span> <span class='ocrx_word' id='word_1_198' title='bbox 2857 1478 2973 1517; x_wconf 91' lang='lat' dir='ltr'><strong>esse</strong></span> <span class='ocrx_word' id='word_1_199' title='bbox 3003 1462 3155 1517; x_wconf 83' lang='lat' dir='ltr'><strong>debet</strong></span> <span class='ocrx_word' id='word_1_200' title='bbox 3187 1461 3472 1530; x_wconf 86' lang='lat' dir='ltr'><strong>scripsisse</strong></span> <span class='ocrx_word' id='word_1_201' title='bbox 3503 1462 3775 1532; x_wconf 78' lang='lat' dir='ltr'><strong>Gregorium</strong></span> 
     </span>
    </p>
   </div>
   <div class='ocr_carea' id='block_1_30' title="bbox 2261 1552 3776 1628">
    <p class='ocr_par' dir='ltr' id='par_1_30' title="bbox 2261 1552 3776 1628">
     <span class='ocr_line' id='line_1_30' title="bbox 2261 1552 3776 1628; baseline -0.002 -17"><span class='ocrx_word' id='word_1_202' title='bbox 2261 1557 2509 1628; x_wconf 83' lang='lat' dir='ltr'><strong>Magnum</strong></span> <span class='ocrx_word' id='word_1_203' title='bbox 2562 1553 2851 1624; x_wconf 73' lang='lat' dir='ltr'><strong>Epistolar.</strong></span> <span class='ocrx_word' id='word_1_204' title='bbox 2905 1556 2998 1610; x_wconf 89' lang='lat' dir='ltr'><strong>lib.</strong></span> <span class='ocrx_word' id='word_1_205' title='bbox 3040 1570 3137 1621; x_wconf 87' lang='lat' dir='ltr'><strong>vu,</strong></span> <span class='ocrx_word' id='word_1_206' title='bbox 3191 1552 3381 1609; x_wconf 87' lang='lat' dir='ltr'><strong>indict.</strong></span> <span class='ocrx_word' id='word_1_207' title='bbox 3428 1567 3488 1618; x_wconf 85' lang='lat' dir='ltr'><strong>tt,</strong></span> <span class='ocrx_word' id='word_1_208' title='bbox 3539 1555 3678 1620; x_wconf 81' lang='lat' dir='ltr'><strong>epist.</strong></span> <span class='ocrx_word' id='word_1_209' title='bbox 3702 1554 3776 1622; x_wconf 77' lang='lat'><strong>55,</strong></span> 
     </span>
    </p>
   </div>
   <div class='ocr_carea' id='block_1_31' title="bbox 2260 1646 3773 1719">
    <p class='ocr_par' dir='ltr' id='par_1_31' title="bbox 2260 1646 3773 1719">
     <span class='ocr_line' id='line_1_31' title="bbox 2260 1646 3773 1719; baseline -0.002 -17"><span class='ocrx_word' id='word_1_210' title='bbox 2260 1650 2613 1719; x_wconf 63' lang='lat' dir='ltr'><strong>quaestionem</strong></span> <span class='ocrx_word' id='word_1_211' title='bbox 2641 1648 2706 1703; x_wconf 94' lang='lat' dir='ltr'><strong>de</strong></span> <span class='ocrx_word' id='word_1_212' title='bbox 2730 1649 2906 1702; x_wconf 88' lang='lat' dir='ltr'><strong>anima</strong></span> <span class='ocrx_word' id='word_1_213' title='bbox 2945 1647 3193 1701; x_wconf 77' lang='lat' dir='ltr'><strong>Patribus</strong></span> <span class='ocrx_word' id='word_1_214' title='bbox 3243 1646 3378 1701; x_wconf 86' lang='lat' dir='ltr'><strong>solvi</strong></span> <span class='ocrx_word' id='word_1_215' title='bbox 3414 1663 3515 1701; x_wconf 86' lang='lat' dir='ltr'><strong>non</strong></span> <span class='ocrx_word' id='word_1_216' title='bbox 3550 1662 3687 1714; x_wconf 84' lang='lat' dir='ltr'><strong>posse</strong></span> <span class='ocrx_word' id='word_1_217' title='bbox 3710 1648 3773 1700; x_wconf 87' lang='lat' dir='ltr'><strong>vi-</strong></span> 
     </span>
    </p>
   </div>
   <div class='ocr_carea' id='block_1_32' title="bbox 2261 1737 3776 1809">
    <p class='ocr_par' dir='ltr' id='par_1_32' title="bbox 2261 1737 3776 1809">
     <span class='ocr_line' id='line_1_32' title="bbox 2261 1737 3776 1809; baseline 0.001 -16"><span class='ocrx_word' id='word_1_218' title='bbox 2261 1755 2371 1793; x_wconf 90' lang='lat' dir='ltr'><strong>sam</strong></span> <span class='ocrx_word' id='word_1_219' title='bbox 2403 1753 2544 1803; x_wconf 88' lang='lat' dir='ltr'><strong>esse,</strong></span> <span class='ocrx_word' id='word_1_220' title='bbox 2589 1753 2711 1792; x_wconf 90' lang='lat' dir='ltr'><strong>cum</strong></span> <span class='ocrx_word' id='word_1_221' title='bbox 2751 1753 2818 1791; x_wconf 93' lang='lat' dir='ltr'><strong>ne</strong></span> <span class='ocrx_word' id='word_1_222' title='bbox 2845 1739 3011 1807; x_wconf 88' lang='lat' dir='ltr'><strong>ipsius</strong></span> <span class='ocrx_word' id='word_1_223' title='bbox 3039 1737 3255 1806; x_wconf 90' lang='lat' dir='ltr'><strong>quidem</strong></span> <span class='ocrx_word' id='word_1_224' title='bbox 3299 1739 3615 1809; x_wconf 86' lang='lat' dir='ltr'><strong>temporibus</strong></span> <span class='ocrx_word' id='word_1_225' title='bbox 3638 1753 3776 1809; x_wconf 82' lang='lat' dir='ltr'><strong>ecqua</strong></span> 
     </span>
    </p>
   </div>
   <div class='ocr_carea' id='block_1_33' title="bbox 597 1825 3774 1917">
    <p class='ocr_par' dir='ltr' id='par_1_33' title="bbox 597 1825 3774 1917">
     <span class='ocr_line' id='line_1_33' title="bbox 597 1825 3774 1917; baseline -0.006 -14"><span class='ocrx_word' id='word_1_226' title='bbox 597 1825 721 1903; x_wconf 81' lang='lat' dir='ltr'><strong>ana</strong></span> <span class='ocrx_word' id='word_1_227' title='bbox 753 1847 967 1917; x_wconf 82' lang='lat' dir='ltr'><strong>prOpria</strong></span> <span class='ocrx_word' id='word_1_228' title='bbox 998 1845 1086 1900; x_wconf 88' lang='lat' dir='ltr'><strong>Dei</strong></span> <span class='ocrx_word' id='word_1_229' title='bbox 1115 1846 1437 1910; x_wconf 86' lang='lat' dir='ltr'><strong>substantia,</strong></span> <span class='ocrx_word' id='word_1_230' title='bbox 1474 1855 1535 1898; x_wconf 91' lang='lat' dir='ltr'><strong>ut</strong></span> <span class='ocrx_word' id='word_1_231' title='bbox 1567 1842 1756 1906; x_wconf 80' lang='lat' dir='ltr'><strong>Stoici,</strong></span> <span class='ocrx_word' id='word_1_232' title='bbox 1808 1840 2152 1901; x_wconf 63' lang='lat' dir='ltr'><strong>Manichazus,</strong></span> <span class='ocrx_word' id='word_1_233' title='bbox 2188 1825 2229 1877; x_wconf 82' lang='grc' dir='ltr'><strong><em>Β</em></strong></span> <span class='ocrx_word' id='word_1_234' title='bbox 2257 1847 2287 1886; x_wconf 87' lang='lat' dir='ltr'><strong>e</strong></span> <span class='ocrx_word' id='word_1_235' title='bbox 2315 1831 2533 1901; x_wconf 87' lang='lat' dir='ltr'><strong>reliquis</strong></span> <span class='ocrx_word' id='word_1_236' title='bbox 2567 1830 2909 1900; x_wconf 87' lang='lat' dir='ltr'><strong>opinionibus</strong></span> <span class='ocrx_word' id='word_1_237' title='bbox 2942 1846 3036 1900; x_wconf 92' lang='lat' dir='ltr'><strong>pro</strong></span> <span class='ocrx_word' id='word_1_238' title='bbox 3086 1842 3233 1886; x_wconf 89' lang='lat' dir='ltr'><strong>certa</strong></span> <span class='ocrx_word' id='word_1_239' title='bbox 3275 1831 3586 1897; x_wconf 82' lang='lat' dir='ltr'><strong>haberetur,</strong></span> <span class='ocrx_word' id='word_1_240' title='bbox 3622 1832 3774 1887; x_wconf 85' lang='lat' dir='ltr'><strong>Eccle-</strong></span> 
     </span>
    </p>
   </div>
   <div class='ocr_carea' id='block_1_34' title="bbox 597 1930 2154 2011">
    <p class='ocr_par' dir='ltr' id='par_1_34' title="bbox 597 1930 2154 2011">
     <span class='ocr_line' id='line_1_34' title="bbox 597 1930 2154 2011; baseline -0.009 -15"><span class='ocrx_word' id='word_1_241' title='bbox 597 1951 648 1997; x_wconf 84' lang='lat' dir='ltr'><strong>el</strong></span> <span class='ocrx_word' id='word_1_242' title='bbox 686 1939 955 2011; x_wconf 59' lang='lat' dir='ltr'><strong>Hispaniae</strong></span> <span class='ocrx_word' id='word_1_243' title='bbox 981 1938 1299 1994; x_wconf 88' lang='lat' dir='ltr'><strong>Priscilliani</strong></span> <span class='ocrx_word' id='word_1_244' title='bbox 1330 1938 1562 1992; x_wconf 66' lang='lat' dir='ltr'><strong>haereses</strong></span> <span class='ocrx_word' id='word_1_245' title='bbox 1597 1935 1974 2002; x_wconf 89' lang='lat' dir='ltr'><strong>suspicantur;</strong></span> <span class='ocrx_word' id='word_1_246' title='bbox 2006 1946 2073 1983; x_wconf 90' lang='lat' dir='ltr'><strong>an</strong></span> <span class='ocrx_word' id='word_1_247' title='bbox 2102 1930 2154 1982; x_wconf 89' lang='lat' dir='ltr'><strong>in</strong></span> 
     </span>
    </p>
   </div>
   <div class='ocr_carea' id='block_1_35' title="bbox 600 2024 2154 2092">
    <p class='ocr_par' dir='ltr' id='par_1_35' title="bbox 600 2024 2154 2092">
     <span class='ocr_line' id='line_1_35' title="bbox 600 2024 2154 2092; baseline -0.008 -4"><span class='ocrx_word' id='word_1_248' title='bbox 600 2038 852 2089; x_wconf 87' lang='lat' dir='ltr'><strong>thesauro</strong></span> <span class='ocrx_word' id='word_1_249' title='bbox 896 2032 1196 2087; x_wconf 88' lang='lat' dir='ltr'><strong>habeantur</strong></span> <span class='ocrx_word' id='word_1_250' title='bbox 1249 2030 1337 2084; x_wconf 88' lang='lat' dir='ltr'><strong>Dei</strong></span> <span class='ocrx_word' id='word_1_251' title='bbox 1386 2030 1512 2083; x_wconf 88' lang='lat' dir='ltr'><strong>olim</strong></span> <span class='ocrx_word' id='word_1_252' title='bbox 1563 2027 1815 2085; x_wconf 60' lang='lat' dir='ltr'><strong>conditas.</strong></span> <span class='ocrx_word' id='word_1_253' title='bbox 1848 2033 1905 2077; x_wconf 91' lang='grc' dir='ltr'><strong>ιιι</strong></span> <span class='ocrx_word' id='word_1_254' title='bbox 1938 2024 2154 2092; x_wconf 90' lang='lat' dir='ltr'><strong>quidam</strong></span> 
     </span>
    </p>
   </div>
   <div class='ocr_carea' id='block_1_36' title="bbox 596 2118 2159 2193">
    <p class='ocr_par' dir='ltr' id='par_1_36' title="bbox 596 2118 2159 2193">
     <span class='ocr_line' id='line_1_36' title="bbox 596 2118 2159 2193; baseline -0.006 -13"><span class='ocrx_word' id='word_1_255' title='bbox 596 2126 947 2182; x_wconf 82' lang='lat' dir='ltr'><strong>ecclesiastici</strong></span> <span class='ocrx_word' id='word_1_256' title='bbox 975 2124 1136 2177; x_wconf 86' lang='lat' dir='ltr'><strong>stulta</strong></span> <span class='ocrx_word' id='word_1_257' title='bbox 1192 2123 1541 2193; x_wconf 87' lang='lat' dir='ltr'><strong>persuasione</strong></span> <span class='ocrx_word' id='word_1_258' title='bbox 1568 2118 1846 2173; x_wconf 87' lang='lat' dir='ltr'><strong>confidunt</strong></span> <span class='ocrx_word' id='word_1_259' title='bbox 1880 2137 1893 2172; x_wconf 91' lang='lat'><strong>:</strong></span> <span class='ocrx_word' id='word_1_260' title='bbox 1923 2132 1989 2169; x_wconf 88' lang='lat' dir='ltr'><strong>an</strong></span> <span class='ocrx_word' id='word_1_261' title='bbox 2025 2131 2159 2183; x_wconf 78' lang='lat' dir='ltr'><strong>quo—</strong></span> 
     </span>
    </p>
   </div>
   <div class='ocr_carea' id='block_1_37' title="bbox 598 2210 2158 2281">
    <p class='ocr_par' dir='ltr' id='par_1_37' title="bbox 598 2210 2158 2281">
     <span class='ocr_line' id='line_1_37' title="bbox 598 2210 2158 2281; baseline -0.007 -11"><span class='ocrx_word' id='word_1_262' title='bbox 598 2219 726 2272; x_wconf 86' lang='lat' dir='ltr'><strong>tidie</strong></span> <span class='ocrx_word' id='word_1_263' title='bbox 760 2234 789 2271; x_wconf 88' lang='lat' dir='ltr'><strong>a</strong></span> <span class='ocrx_word' id='word_1_264' title='bbox 820 2217 927 2272; x_wconf 86' lang='lat' dir='ltr'><strong>Deo</strong></span> <span class='ocrx_word' id='word_1_265' title='bbox 956 2214 1106 2281; x_wconf 87' lang='lat' dir='ltr'><strong>fiant,</strong></span> <span class='ocrx_word' id='word_1_266' title='bbox 1152 2224 1208 2270; x_wconf 88' lang='lat' dir='ltr'><strong>et</strong></span> <span class='ocrx_word' id='word_1_267' title='bbox 1255 2214 1540 2267; x_wconf 88' lang='lat' dir='ltr'><strong>mittantur</strong></span> <span class='ocrx_word' id='word_1_268' title='bbox 1588 2210 1638 2263; x_wconf 95' lang='lat' dir='ltr'><strong>in</strong></span> <span class='ocrx_word' id='word_1_269' title='bbox 1674 2224 1925 2277; x_wconf 69' lang='lat' dir='ltr'><strong>corpera,</strong></span> <span class='ocrx_word' id='word_1_270' title='bbox 1966 2222 2158 2262; x_wconf 85' lang='lat' dir='ltr'><strong>secun-</strong></span> 
     </span>
    </p>
   </div>
   <div class='ocr_carea' id='block_1_38' title="bbox 597 2296 2159 2378">
    <p class='ocr_par' dir='ltr' id='par_1_38' title="bbox 597 2296 2159 2378">
     <span class='ocr_line' id='line_1_38' title="bbox 597 2296 2159 2378; baseline -0.008 -15"><span class='ocrx_word' id='word_1_271' title='bbox 597 2314 721 2364; x_wconf 88' lang='lat' dir='ltr'><strong>dum</strong></span> <span class='ocrx_word' id='word_1_272' title='bbox 747 2309 885 2364; x_wconf 82' lang='lat' dir='ltr'><strong>illud</strong></span> <span class='ocrx_word' id='word_1_273' title='bbox 919 2309 1059 2378; x_wconf 90' lang='lat' dir='ltr'><strong>quod</strong></span> <span class='ocrx_word' id='word_1_274' title='bbox 1113 2309 1165 2362; x_wconf 91' lang='lat' dir='ltr'><strong>in</strong></span> <span class='ocrx_word' id='word_1_275' title='bbox 1211 2307 1501 2377; x_wconf 86' lang='lat' dir='ltr'><strong>Evangelio</strong></span> <span class='ocrx_word' id='word_1_276' title='bbox 1547 2303 1805 2370; x_wconf 89' lang='lat' dir='ltr'><strong>scriptum</strong></span> <span class='ocrx_word' id='word_1_277' title='bbox 1858 2309 1939 2353; x_wconf 88' lang='lat' dir='ltr'><strong>est</strong></span> <span class='ocrx_word' id='word_1_278' title='bbox 1987 2315 2002 2351; x_wconf 90' lang='lat'><strong>:</strong></span> <span class='ocrx_word' id='word_1_279' title='bbox 2049 2296 2159 2351; x_wconf 91' lang='lat' dir='ltr'><strong>Pa-</strong></span> 
     </span>
    </p>
   </div>
   <div class='ocr_carea' id='block_1_39' title="bbox 595 2389 2155 2469">
    <p class='ocr_par' dir='ltr' id='par_1_39' title="bbox 595 2389 2155 2469">
     <span class='ocr_line' id='line_1_39' title="bbox 595 2389 2155 2469; baseline -0.01 -12"><span class='ocrx_word' id='word_1_280' title='bbox 595 2414 672 2457; x_wconf 78' lang='lat' dir='ltr'><strong>ter</strong></span> <span class='ocrx_word' id='word_1_281' title='bbox 703 2417 844 2456; x_wconf 77' lang='lat' dir='ltr'><strong>meus</strong></span> <span class='ocrx_word' id='word_1_282' title='bbox 882 2417 1044 2469; x_wconf 84' lang='lat' dir='ltr'><strong>usque</strong></span> <span class='ocrx_word' id='word_1_283' title='bbox 1084 2397 1235 2450; x_wconf 88' lang='lat' dir='ltr'><strong>modo</strong></span> <span class='ocrx_word' id='word_1_284' title='bbox 1265 2402 1522 2464; x_wconf 78' lang='lat' dir='ltr'><strong>operatur,</strong></span> <span class='ocrx_word' id='word_1_285' title='bbox 1555 2406 1599 2446; x_wconf 80' lang='lat' dir='ltr'><strong>et</strong></span> <span class='ocrx_word' id='word_1_286' title='bbox 1627 2408 1717 2461; x_wconf 85' lang='lat' dir='ltr'><strong>ego</strong></span> <span class='ocrx_word' id='word_1_287' title='bbox 1746 2407 1927 2459; x_wconf 88' lang='lat' dir='ltr'><strong>operor</strong></span> <span class='ocrx_word' id='word_1_288' title='bbox 1948 2389 1993 2420; x_wconf 72' lang='lat'><strong>“</strong></span> <span class='ocrx_word' id='word_1_289' title='bbox 2033 2406 2046 2442; x_wconf 90' lang='lat'><strong>:</strong></span> <span class='ocrx_word' id='word_1_290' title='bbox 2090 2404 2155 2442; x_wconf 91' lang='lat' dir='ltr'><strong>an</strong></span> 
     </span>
    </p>
   </div>
   <div class='ocr_carea' id='block_1_40' title="bbox 599 2481 2161 2551">
    <p class='ocr_par' dir='ltr' id='par_1_40' title="bbox 599 2481 2161 2551">
     <span class='ocr_line' id='line_1_40' title="bbox 599 2481 2161 2551; baseline -0.006 -7"><span class='ocrx_word' id='word_1_291' title='bbox 599 2503 747 2548; x_wconf 72' lang='lat' dir='ltr'><strong>certe</strong></span> <span class='ocrx_word' id='word_1_292' title='bbox 798 2507 864 2546; x_wconf 79' lang='lat' dir='ltr'><strong>ex</strong></span> <span class='ocrx_word' id='word_1_293' title='bbox 921 2489 1161 2551; x_wconf 87' lang='lat' dir='ltr'><strong>traduce,</strong></span> <span class='ocrx_word' id='word_1_294' title='bbox 1196 2497 1253 2539; x_wconf 89' lang='lat' dir='ltr'><strong>ut</strong></span> <span class='ocrx_word' id='word_1_295' title='bbox 1284 2485 1664 2545; x_wconf 87' lang='lat' dir='ltr'><strong>Tertullianus,</strong></span> <span class='ocrx_word' id='word_1_296' title='bbox 1700 2481 2060 2550; x_wconf 86' lang='lat' dir='ltr'><strong>Apollinarins</strong></span> <span class='ocrx_word' id='word_1_297' title='bbox 2105 2488 2161 2534; x_wconf 90' lang='lat' dir='ltr'><strong>et</strong></span> 
     </span>
    </p>
   </div>
   <div class='ocr_carea' id='block_1_41' title="bbox 599 2573 2158 2649">
    <p class='ocr_par' dir='ltr' id='par_1_41' title="bbox 599 2573 2158 2649">
     <span class='ocr_line' id='line_1_41' title="bbox 599 2573 2158 2649; baseline -0.007 -12"><span class='ocrx_word' id='word_1_298' title='bbox 599 2583 832 2636; x_wconf 76' lang='lat' dir='ltr'><strong>maxima</strong></span> <span class='ocrx_word' id='word_1_299' title='bbox 858 2594 983 2649; x_wconf 89' lang='lat' dir='ltr'><strong>pars</strong></span> <span class='ocrx_word' id='word_1_300' title='bbox 1012 2577 1441 2632; x_wconf 84' lang='lat' dir='ltr'><strong>Occidentalium</strong></span> <span class='ocrx_word' id='word_1_301' title='bbox 1466 2582 1776 2635; x_wconf 84' lang='lat' dir='ltr'><strong>autumant;</strong></span> <span class='ocrx_word' id='word_1_302' title='bbox 1805 2582 1860 2624; x_wconf 91' lang='lat' dir='ltr'><strong>ut</strong></span> <span class='ocrx_word' id='word_1_303' title='bbox 1889 2573 2158 2641; x_wconf 89' lang='lat' dir='ltr'><strong>quomodo</strong></span> 
     </span>
    </p>
   </div>
   <div class='ocr_carea' id='block_1_42' title="bbox 596 2661 2159 2743">
    <p class='ocr_par' dir='ltr' id='par_1_42' title="bbox 596 2661 2159 2743">
     <span class='ocr_line' id='line_1_42' title="bbox 596 2661 2159 2743; baseline -0.006 -17"><span class='ocrx_word' id='word_1_304' title='bbox 596 2688 791 2743; x_wconf 80' lang='lat' dir='ltr'><strong>corpus</strong></span> <span class='ocrx_word' id='word_1_305' title='bbox 810 2687 875 2725; x_wconf 82' lang='lat' dir='ltr'><strong>ex</strong></span> <span class='ocrx_word' id='word_1_306' title='bbox 911 2682 1158 2737; x_wconf 91' lang='lat' dir='ltr'><strong>corpore,</strong></span> <span class='ocrx_word' id='word_1_307' title='bbox 1188 2669 1265 2721; x_wconf 90' lang='lat' dir='ltr'><strong>sic</strong></span> <span class='ocrx_word' id='word_1_308' title='bbox 1290 2666 1465 2719; x_wconf 86' lang='lat' dir='ltr'><strong>anima</strong></span> <span class='ocrx_word' id='word_1_309' title='bbox 1496 2675 1747 2718; x_wconf 87' lang='lat' dir='ltr'><strong>nascatur</strong></span> <span class='ocrx_word' id='word_1_310' title='bbox 1775 2678 1841 2716; x_wconf 78' lang='lat' dir='ltr'><strong>ex</strong></span> <span class='ocrx_word' id='word_1_311' title='bbox 1869 2661 2069 2723; x_wconf 91' lang='lat' dir='ltr'><strong>anima,</strong></span> <span class='ocrx_word' id='word_1_312' title='bbox 2104 2673 2159 2717; x_wconf 83' lang='lat' dir='ltr'><strong>et</strong></span> 
     </span>
    </p>
   </div>
   <div class='ocr_carea' id='block_1_43' title="bbox 597 2753 2160 2817">
    <p class='ocr_par' dir='ltr' id='par_1_43' title="bbox 597 2753 2160 2817">
     <span class='ocr_line' id='line_1_43' title="bbox 597 2753 2160 2817; baseline -0.006 0"><span class='ocrx_word' id='word_1_313' title='bbox 597 2763 760 2817; x_wconf 81' lang='lat' dir='ltr'><strong>simili</strong></span> <span class='ocrx_word' id='word_1_314' title='bbox 822 2776 944 2816; x_wconf 83' lang='lat' dir='ltr'><strong>cunt</strong></span> <span class='ocrx_word' id='word_1_315' title='bbox 985 2759 1159 2813; x_wconf 81' lang='lat' dir='ltr'><strong>brutis</strong></span> <span class='ocrx_word' id='word_1_316' title='bbox 1210 2756 1569 2809; x_wconf 84' lang='lat' dir='ltr'><strong>animantibus</strong></span> <span class='ocrx_word' id='word_1_317' title='bbox 1622 2753 1931 2809; x_wconf 87' lang='lat' dir='ltr'><strong>conditione</strong></span> <span class='ocrx_word' id='word_1_318' title='bbox 1980 2753 2160 2809; x_wconf 82' lang='lat' dir='ltr'><strong>subsi-</strong></span> 
     </span>
    </p>
   </div>
   <div class='ocr_carea' id='block_1_44' title="bbox 599 2846 2160 2921">
    <p class='ocr_par' dir='ltr' id='par_1_44' title="bbox 599 2846 2160 2921">
     <span class='ocr_line' id='line_1_44' title="bbox 599 2846 2160 2921; baseline -0.006 -12"><span class='ocrx_word' id='word_1_319' title='bbox 599 2865 726 2909; x_wconf 81' lang='lat' dir='ltr'><strong>stat.</strong></span> <span class='ocrx_word' id='word_1_320' title='bbox 762 2873 781 2906; x_wconf 83' lang='grc' dir='ltr'><strong>ι</strong></span> <span class='ocrx_word' id='word_1_321' title='bbox 812 2851 1140 2921; x_wconf 81' lang='lat' dir='ltr'><strong>Augustinus</strong></span> <span class='ocrx_word' id='word_1_322' title='bbox 1167 2850 1257 2904; x_wconf 90' lang='lat' dir='ltr'><strong>lib.</strong></span> <span class='ocrx_word' id='word_1_323' title='bbox 1289 2864 1348 2903; x_wconf 88' lang='grc' dir='ltr'><strong>ιιι</strong></span> <span class='ocrx_word' id='word_1_324' title='bbox 1381 2847 1454 2901; x_wconf 83' lang='lat' dir='ltr'><strong>De</strong></span> <span class='ocrx_word' id='word_1_325' title='bbox 1484 2847 1642 2900; x_wconf 85' lang='lat' dir='ltr'><strong>libero</strong></span> <span class='ocrx_word' id='word_1_326' title='bbox 1675 2846 1913 2914; x_wconf 80' lang='lat' dir='ltr'><strong>arbitrio,</strong></span> <span class='ocrx_word' id='word_1_327' title='bbox 1939 2861 2058 2915; x_wconf 88' lang='lat' dir='ltr'><strong>cap.</strong></span> <span class='ocrx_word' id='word_1_328' title='bbox 2089 2847 2160 2900; x_wconf 80' lang='lat'><strong>‘20</strong></span> 
     </span>
    </p>
   </div>
   <div class='ocr_carea' id='block_1_45' title="bbox 600 2941 2159 3014">
    <p class='ocr_par' dir='ltr' id='par_1_45' title="bbox 600 2941 2159 3014">
     <span class='ocr_line' id='line_1_45' title="bbox 600 2941 2159 3014; baseline -0.001 -19"><span class='ocrx_word' id='word_1_329' title='bbox 600 2964 654 2998; x_wconf 76' lang='lat' dir='ltr'><strong>et</strong></span> <span class='ocrx_word' id='word_1_330' title='bbox 681 2946 770 3010; x_wconf 69' lang='lat' dir='ltr'><strong>2f,</strong></span> <span class='ocrx_word' id='word_1_331' title='bbox 803 2944 1095 3014; x_wconf 74' lang='lat' dir='ltr'><strong>quzcstione</strong></span> <span class='ocrx_word' id='word_1_332' title='bbox 1124 2942 1212 2995; x_wconf 89' lang='lat' dir='ltr'><strong>illa</strong></span> <span class='ocrx_word' id='word_1_333' title='bbox 1248 2941 1632 3010; x_wconf 54' lang='lat' dir='ltr'><strong>praetermissa,</strong></span> <span class='ocrx_word' id='word_1_334' title='bbox 1670 2952 1847 2997; x_wconf 90' lang='lat' dir='ltr'><strong>utrum</strong></span> <span class='ocrx_word' id='word_1_335' title='bbox 1875 2942 2066 2994; x_wconf 65' lang='lat' dir='ltr'><strong>animae</strong></span> <span class='ocrx_word' id='word_1_336' title='bbox 2096 2956 2159 2993; x_wconf 78' lang='lat' dir='ltr'><strong>ex</strong></span> 
     </span>
    </p>
   </div>
   <div class='ocr_carea' id='block_1_46' title="bbox 603 3032 2160 3106">
    <p class='ocr_par' dir='ltr' id='par_1_46' title="bbox 603 3032 2160 3106">
     <span class='ocr_line' id='line_1_46' title="bbox 603 3032 2160 3106; baseline -0.001 -19"><span class='ocrx_word' id='word_1_337' title='bbox 603 3037 816 3106; x_wconf 78' lang='lat' dir='ltr'><strong>;ir0pria</strong></span> <span class='ocrx_word' id='word_1_338' title='bbox 857 3034 949 3088; x_wconf 89' lang='lat' dir='ltr'><strong>Dei</strong></span> <span class='ocrx_word' id='word_1_339' title='bbox 976 3034 1272 3089; x_wconf 89' lang='lat' dir='ltr'><strong>substantia</strong></span> <span class='ocrx_word' id='word_1_340' title='bbox 1307 3032 1561 3102; x_wconf 75' lang='lat' dir='ltr'><strong>profecta:</strong></span> <span class='ocrx_word' id='word_1_341' title='bbox 1590 3035 1719 3098; x_wconf 90' lang='lat' dir='ltr'><strong>sint,</strong></span> <span class='ocrx_word' id='word_1_342' title='bbox 1762 3032 1995 3103; x_wconf 91' lang='lat' dir='ltr'><strong>reliquas</strong></span> <span class='ocrx_word' id='word_1_343' title='bbox 2026 3047 2160 3100; x_wconf 85' lang='lat' dir='ltr'><strong>qua-</strong></span> 
     </span>
    </p>
   </div>
   <div class='ocr_carea' id='block_1_47' title="bbox 602 3124 2159 3190">
    <p class='ocr_par' dir='ltr' id='par_1_47' title="bbox 602 3124 2159 3190">
     <span class='ocr_line' id='line_1_47' title="bbox 602 3124 2159 3190; baseline -0.004 -9"><span class='ocrx_word' id='word_1_344' title='bbox 602 3140 723 3183; x_wconf 85' lang='lat' dir='ltr'><strong>tuor</strong></span> <span class='ocrx_word' id='word_1_345' title='bbox 759 3133 1002 3180; x_wconf 89' lang='lat' dir='ltr'><strong>recenset</strong></span> <span class='ocrx_word' id='word_1_346' title='bbox 1025 3124 1108 3178; x_wconf 88' lang='lat' dir='ltr'><strong>his</strong></span> <span class='ocrx_word' id='word_1_347' title='bbox 1136 3124 1316 3180; x_wconf 84' lang='lat' dir='ltr'><strong>verbis</strong></span> <span class='ocrx_word' id='word_1_348' title='bbox 1345 3140 1356 3174; x_wconf 93' lang='lat'>:</span> <span class='ocrx_word' id='word_1_349' title='bbox 1391 3145 1409 3178; x_wconf 83' lang='grc' dir='ltr'><strong>ι</strong></span> <span class='ocrx_word' id='word_1_350' title='bbox 1458 3124 1658 3179; x_wconf 85' lang='lat' dir='ltr'><strong>Harum</strong></span> <span class='ocrx_word' id='word_1_351' title='bbox 1706 3132 1884 3178; x_wconf 90' lang='lat' dir='ltr'><strong>autem</strong></span> <span class='ocrx_word' id='word_1_352' title='bbox 1930 3134 2159 3190; x_wconf 83' lang='lat' dir='ltr'><strong>quatuor</strong></span> 
     </span>
    </p>
   </div>
   <div class='ocr_carea' id='block_1_48' title="bbox 2260 1913 3775 1993">
    <p class='ocr_par' dir='ltr' id='par_1_48' title="bbox 2260 1913 3775 1993">
     <span class='ocr_line' id='line_1_48' title="bbox 2260 1913 3775 1993; baseline 0.002 -18"><span class='ocrx_word' id='word_1_353' title='bbox 2260 1922 2336 1975; x_wconf 90' lang='lat' dir='ltr'><strong>sia</strong></span> <span class='ocrx_word' id='word_1_354' title='bbox 2367 1921 2809 1991; x_wconf 65' lang='lat' dir='ltr'><strong>praescripsisset.</strong></span> <span class='ocrx_word' id='word_1_355' title='bbox 2848 1919 3000 1975; x_wconf 84' lang='lat' dir='ltr'><strong>Unde</strong></span> <span class='ocrx_word' id='word_1_356' title='bbox 3048 1913 3243 1975; x_wconf 73' lang='lat' dir='ltr'><strong>falsum</strong></span> <span class='ocrx_word' id='word_1_357' title='bbox 3279 1937 3405 1976; x_wconf 89' lang='lat' dir='ltr'><strong>esse</strong></span> <span class='ocrx_word' id='word_1_358' title='bbox 3434 1932 3639 1993; x_wconf 83' lang='lat' dir='ltr'><strong>apparet</strong></span> <span class='ocrx_word' id='word_1_359' title='bbox 3662 1925 3775 1990; x_wconf 90' lang='lat' dir='ltr'><strong>quod</strong></span> 
     </span>
    </p>
   </div>
   <div class='ocr_carea' id='block_1_49' title="bbox 2259 2010 3777 2084">
    <p class='ocr_par' dir='ltr' id='par_1_49' title="bbox 2259 2010 3777 2084">
     <span class='ocr_line' id='line_1_49' title="bbox 2259 2010 3777 2084; baseline 0.003 -18"><span class='ocrx_word' id='word_1_360' title='bbox 2259 2014 2334 2068; x_wconf 89' lang='lat' dir='ltr'><strong>ait</strong></span> <span class='ocrx_word' id='word_1_361' title='bbox 2359 2010 2695 2067; x_wconf 84' lang='lat' dir='ltr'><strong>Justinianus</strong></span> <span class='ocrx_word' id='word_1_362' title='bbox 2726 2013 2779 2067; x_wconf 90' lang='lat' dir='ltr'><strong>in</strong></span> <span class='ocrx_word' id='word_1_363' title='bbox 2806 2012 3030 2082; x_wconf 88' lang='lat' dir='ltr'><strong>epistola</strong></span> <span class='ocrx_word' id='word_1_364' title='bbox 3062 2015 3126 2067; x_wconf 88' lang='lat' dir='ltr'><strong>ad</strong></span> <span class='ocrx_word' id='word_1_365' title='bbox 3158 2016 3425 2084; x_wconf 84' lang='lat' dir='ltr'><strong>synodum</strong></span> <span class='ocrx_word' id='word_1_366' title='bbox 3450 2016 3777 2071; x_wconf 82' lang='lat' dir='ltr'><strong>Constantino-</strong></span> 
     </span>
    </p>
   </div>
   <div class='ocr_carea' id='block_1_50' title="bbox 2259 2104 3774 2180">
    <p class='ocr_par' dir='ltr' id='par_1_50' title="bbox 2259 2104 3774 2180">
     <span class='ocr_line' id='line_1_50' title="bbox 2259 2104 3774 2180; baseline 0.001 -23"><span class='ocrx_word' id='word_1_367' title='bbox 2259 2105 2573 2173; x_wconf 88' lang='lat' dir='ltr'><strong>politanam,</strong></span> <span class='ocrx_word' id='word_1_368' title='bbox 2608 2119 2769 2173; x_wconf 90' lang='lat' dir='ltr'><strong>quam</strong></span> <span class='ocrx_word' id='word_1_369' title='bbox 2801 2104 3015 2159; x_wconf 83' lang='lat' dir='ltr'><strong>exhibet</strong></span> <span class='ocrx_word' id='word_1_370' title='bbox 3046 2104 3326 2161; x_wconf 88' lang='lat' dir='ltr'><strong>Cedrenus</strong></span> <span class='ocrx_word' id='word_1_371' title='bbox 3354 2120 3368 2159; x_wconf 91' lang='lat'><strong>:</strong></span> <span class='ocrx_word' id='word_1_372' title='bbox 3410 2106 3471 2159; x_wconf 86' lang='lat' dir='ltr'><strong>&#39;H</strong></span> <span class='ocrx_word' id='word_1_373' title='bbox 3496 2106 3549 2159; x_wconf 82' lang='grc' dir='ltr'><strong>δὲ</strong></span> <span class='ocrx_word' id='word_1_374' title='bbox 3587 2107 3774 2180; x_wconf 78' lang='grc' dir='ltr'>Ἑκκληο</span> 
     </span>
    </p>
   </div>
   <div class='ocr_carea' id='block_1_51' title="bbox 2262 2195 3776 2273">
    <p class='ocr_par' dir='ltr' id='par_1_51' title="bbox 2262 2195 3776 2273">
     <span class='ocr_line' id='line_1_51' title="bbox 2262 2195 3776 2273; baseline 0.005 -25"><span class='ocrx_word' id='word_1_375' title='bbox 2262 2196 2349 2249; x_wconf 89' lang='grc' dir='ltr'><strong>σία</strong></span> <span class='ocrx_word' id='word_1_376' title='bbox 2405 2198 2514 2260; x_wconf 84' lang='grc' dir='ltr'>τοῖς</span> <span class='ocrx_word' id='word_1_377' title='bbox 2571 2195 2732 2259; x_wconf 79' lang='grc' dir='ltr'>θείοις</span> <span class='ocrx_word' id='word_1_378' title='bbox 2776 2196 3011 2269; x_wconf 79' lang='grc' dir='ltr'><strong>ἑπομένη</strong></span> <span class='ocrx_word' id='word_1_379' title='bbox 3054 2197 3232 2267; x_wconf 69' lang='grc' dir='ltr'><strong>λόχοις</strong></span> <span class='ocrx_word' id='word_1_380' title='bbox 3282 2198 3479 2266; x_wconf 76' lang='grc' dir='ltr'>φάσκει</span> <span class='ocrx_word' id='word_1_381' title='bbox 3514 2198 3605 2269; x_wconf 82' lang='grc' dir='ltr'><strong>τὴν</strong></span> <span class='ocrx_word' id='word_1_382' title='bbox 3632 2200 3776 2273; x_wconf 74' lang='grc' dir='ltr'>ψυχὴν</span> 
     </span>
    </p>
   </div>
   <div class='ocr_carea' id='block_1_52' title="bbox 2262 2286 3777 2363">
    <p class='ocr_par' dir='ltr' id='par_1_52' title="bbox 2262 2286 3777 2363">
     <span class='ocr_line' id='line_1_52' title="bbox 2262 2286 3777 2363; baseline 0.003 -25"><span class='ocrx_word' id='word_1_383' title='bbox 2262 2286 2818 2357; x_wconf 81' lang='grc' dir='ltr'><strong>συνδημιουργηθῆναι</strong></span> <span class='ocrx_word' id='word_1_384' title='bbox 2846 2287 2923 2358; x_wconf 77' lang='grc' dir='ltr'><strong>τῷ</strong></span> <span class='ocrx_word' id='word_1_385' title='bbox 2955 2290 3199 2358; x_wconf 80' lang='grc' dir='ltr'><strong>σώματι·</strong></span> <span class='ocrx_word' id='word_1_386' title='bbox 3253 2291 3350 2342; x_wconf 83' lang='grc' dir='ltr'><strong>καὶ</strong></span> <span class='ocrx_word' id='word_1_387' title='bbox 3387 2289 3445 2339; x_wconf 80' lang='grc' dir='ltr'><strong>οὐ</strong></span> <span class='ocrx_word' id='word_1_388' title='bbox 3473 2288 3531 2340; x_wconf 84' lang='grc' dir='ltr'>τὸ</span> <span class='ocrx_word' id='word_1_389' title='bbox 3564 2289 3649 2358; x_wconf 80' lang='grc' dir='ltr'><strong>μὲν</strong></span> <span class='ocrx_word' id='word_1_390' title='bbox 3678 2292 3777 2363; x_wconf 80' lang='grc' dir='ltr'><strong>πρό-</strong></span> 
     </span>
    </p>
   </div>
   <div class='ocr_carea' id='block_1_53' title="bbox 2258 2376 3776 2454">
    <p class='ocr_par' dir='ltr' id='par_1_53' title="bbox 2258 2376 3776 2454">
     <span class='ocr_line' id='line_1_53' title="bbox 2258 2376 3776 2454; baseline 0.005 -25"><span class='ocrx_word' id='word_1_391' title='bbox 2258 2394 2431 2449; x_wconf 84' lang='grc' dir='ltr'>τερον,</span> <span class='ocrx_word' id='word_1_392' title='bbox 2460 2378 2519 2429; x_wconf 84' lang='grc' dir='ltr'><strong>τὸ</strong></span> <span class='ocrx_word' id='word_1_393' title='bbox 2551 2378 2605 2429; x_wconf 82' lang='grc' dir='ltr'>δὲ</span> <span class='ocrx_word' id='word_1_394' title='bbox 2639 2376 2881 2450; x_wconf 75' lang='grc' dir='ltr'>ὕστερον,</span> <span class='ocrx_word' id='word_1_395' title='bbox 2910 2380 3047 2432; x_wconf 76' lang='grc' dir='ltr'><strong>κατὰ</strong></span> <span class='ocrx_word' id='word_1_396' title='bbox 3075 2379 3170 2449; x_wconf 76' lang='grc' dir='ltr'><strong>τὴν</strong></span> <span class='ocrx_word' id='word_1_397' title='bbox 3210 2380 3512 2451; x_wconf 79' lang='grc' dir='ltr'><strong>Ὡριγένους</strong></span> <span class='ocrx_word' id='word_1_398' title='bbox 3535 2382 3776 2454; x_wconf 68' lang='grc' dir='ltr'><strong>φρενοϐλά-</strong></span> 
     </span>
    </p>
   </div>
   <div class='ocr_carea' id='block_1_54' title="bbox 2260 2470 3772 2527">
    <p class='ocr_par' dir='ltr' id='par_1_54' title="bbox 2260 2470 3772 2527">
     <span class='ocr_line' id='line_1_54' title="bbox 2260 2470 3772 2527; baseline 0.001 -4"><span class='ocrx_word' id='word_1_399' title='bbox 2260 2470 2461 2523; x_wconf 78' lang='grc' dir='ltr'><strong>6λειαν.</strong></span> <span class='ocrx_word' id='word_1_400' title='bbox 2504 2489 2521 2521; x_wconf 88' lang='grc' dir='ltr'><strong>ι</strong></span> <span class='ocrx_word' id='word_1_401' title='bbox 2561 2471 2798 2526; x_wconf 83' lang='lat' dir='ltr'><strong>Ecclesia</strong></span> <span class='ocrx_word' id='word_1_402' title='bbox 2828 2481 3006 2525; x_wconf 88' lang='lat' dir='ltr'><strong>autem</strong></span> <span class='ocrx_word' id='word_1_403' title='bbox 3037 2472 3233 2527; x_wconf 88' lang='lat' dir='ltr'><strong>divinis</strong></span> <span class='ocrx_word' id='word_1_404' title='bbox 3261 2472 3518 2527; x_wconf 88' lang='lat' dir='ltr'><strong>obsecuta</strong></span> <span class='ocrx_word' id='word_1_405' title='bbox 3546 2472 3772 2527; x_wconf 87' lang='lat' dir='ltr'><strong>sermoni-</strong></span> 
     </span>
    </p>
   </div>
   <div class='ocr_carea' id='block_1_55' title="bbox 2259 2561 3773 2632">
    <p class='ocr_par' dir='ltr' id='par_1_55' title="bbox 2259 2561 3773 2632">
     <span class='ocr_line' id='line_1_55' title="bbox 2259 2561 3773 2632; baseline 0.001 -17"><span class='ocrx_word' id='word_1_406' title='bbox 2259 2562 2359 2615; x_wconf 90' lang='lat' dir='ltr'><strong>hus</strong></span> <span class='ocrx_word' id='word_1_407' title='bbox 2385 2561 2513 2617; x_wconf 87' lang='lat' dir='ltr'><strong>dicit</strong></span> <span class='ocrx_word' id='word_1_408' title='bbox 2544 2564 2776 2617; x_wconf 89' lang='lat' dir='ltr'><strong>animam</strong></span> <span class='ocrx_word' id='word_1_409' title='bbox 2805 2578 2927 2618; x_wconf 92' lang='lat' dir='ltr'><strong>cum</strong></span> <span class='ocrx_word' id='word_1_410' title='bbox 2958 2577 3184 2631; x_wconf 90' lang='lat' dir='ltr'><strong>corpore</strong></span> <span class='ocrx_word' id='word_1_411' title='bbox 3214 2564 3525 2632; x_wconf 86' lang='lat' dir='ltr'><strong>procreari;</strong></span> <span class='ocrx_word' id='word_1_412' title='bbox 3558 2578 3652 2617; x_wconf 91' lang='lat' dir='ltr'><strong>non</strong></span> <span class='ocrx_word' id='word_1_413' title='bbox 3673 2574 3773 2616; x_wconf 86' lang='lat' dir='ltr'><strong>vero</strong></span> 
     </span>
    </p>
   </div>
   <div class='ocr_carea' id='block_1_56' title="bbox 2261 2652 3773 2724">
    <p class='ocr_par' dir='ltr' id='par_1_56' title="bbox 2261 2652 3773 2724">
     <span class='ocr_line' id='line_1_56' title="bbox 2261 2652 3773 2724; baseline -0.001 -16"><span class='ocrx_word' id='word_1_414' title='bbox 2261 2652 2363 2709; x_wconf 90' lang='lat' dir='ltr'><strong>hoc</strong></span> <span class='ocrx_word' id='word_1_415' title='bbox 2397 2654 2563 2724; x_wconf 86' lang='lat' dir='ltr'><strong>prius,</strong></span> <span class='ocrx_word' id='word_1_416' title='bbox 2599 2654 2727 2707; x_wconf 91' lang='lat' dir='ltr'><strong>illud</strong></span> <span class='ocrx_word' id='word_1_417' title='bbox 2775 2669 2902 2708; x_wconf 90' lang='lat' dir='ltr'><strong>vero</strong></span> <span class='ocrx_word' id='word_1_418' title='bbox 2946 2654 3215 2723; x_wconf 89' lang='lat' dir='ltr'><strong>posterius</strong></span> <span class='ocrx_word' id='word_1_419' title='bbox 3255 2654 3415 2721; x_wconf 78' lang='lat' dir='ltr'><strong>juxta</strong></span> <span class='ocrx_word' id='word_1_420' title='bbox 3451 2652 3678 2724; x_wconf 88' lang='lat' dir='ltr'><strong>Origenis</strong></span> <span class='ocrx_word' id='word_1_421' title='bbox 3702 2653 3773 2707; x_wconf 83' lang='lat' dir='ltr'><strong>de-</strong></span> 
     </span>
    </p>
   </div>
   <div class='ocr_carea' id='block_1_57' title="bbox 2262 2743 3775 2814">
    <p class='ocr_par' dir='ltr' id='par_1_57' title="bbox 2262 2743 3775 2814">
     <span class='ocr_line' id='line_1_57' title="bbox 2262 2743 3775 2814; baseline 0.001 -16"><span class='ocrx_word' id='word_1_422' title='bbox 2262 2746 2536 2798; x_wconf 87' lang='lat' dir='ltr'><strong>mentiam.</strong></span> <span class='ocrx_word' id='word_1_423' title='bbox 2572 2762 2589 2795; x_wconf 88' lang='grc'><strong>›</strong></span> <span class='ocrx_word' id='word_1_424' title='bbox 2624 2743 2761 2809; x_wconf 82' lang='lat' dir='ltr'><strong>Quid</strong></span> <span class='ocrx_word' id='word_1_425' title='bbox 2795 2745 2839 2797; x_wconf 90' lang='lat' dir='ltr'><strong>si</strong></span> <span class='ocrx_word' id='word_1_426' title='bbox 2890 2744 3132 2798; x_wconf 92' lang='lat' dir='ltr'><strong>dicamus</strong></span> <span class='ocrx_word' id='word_1_427' title='bbox 3176 2743 3346 2814; x_wconf 88' lang='lat' dir='ltr'><strong>igitur</strong></span> <span class='ocrx_word' id='word_1_428' title='bbox 3382 2746 3611 2813; x_wconf 89' lang='lat' dir='ltr'><strong>quintam</strong></span> <span class='ocrx_word' id='word_1_429' title='bbox 3649 2758 3775 2811; x_wconf 83' lang='lat' dir='ltr'><strong>syno-</strong></span> 
     </span>
    </p>
   </div>
   <div class='ocr_carea' id='block_1_58' title="bbox 2263 2834 3771 2903">
    <p class='ocr_par' dir='ltr' id='par_1_58' title="bbox 2263 2834 3771 2903">
     <span class='ocr_line' id='line_1_58' title="bbox 2263 2834 3771 2903; baseline -0.003 -14"><span class='ocrx_word' id='word_1_430' title='bbox 2263 2835 2385 2889; x_wconf 88' lang='lat' dir='ltr'><strong>dum</strong></span> <span class='ocrx_word' id='word_1_431' title='bbox 2433 2850 2537 2890; x_wconf 90' lang='lat' dir='ltr'><strong>non</strong></span> <span class='ocrx_word' id='word_1_432' title='bbox 2585 2835 2703 2889; x_wconf 88' lang='lat' dir='ltr'><strong>ideo</strong></span> <span class='ocrx_word' id='word_1_433' title='bbox 2734 2834 2956 2902; x_wconf 65' lang='lat' dir='ltr'><strong>praecise</strong></span> <span class='ocrx_word' id='word_1_434' title='bbox 2989 2835 3274 2889; x_wconf 89' lang='lat' dir='ltr'><strong>damnasse</strong></span> <span class='ocrx_word' id='word_1_435' title='bbox 3322 2834 3557 2903; x_wconf 87' lang='lat' dir='ltr'><strong>Origenis</strong></span> <span class='ocrx_word' id='word_1_436' title='bbox 3594 2844 3771 2889; x_wconf 84' lang='lat' dir='ltr'><strong>senten-</strong></span> 
     </span>
    </p>
   </div>
   <div class='ocr_carea' id='block_1_59' title="bbox 2263 2924 3771 2998">
    <p class='ocr_par' dir='ltr' id='par_1_59' title="bbox 2263 2924 3771 2998">
     <span class='ocr_line' id='line_1_59' title="bbox 2263 2924 3771 2998; baseline -0.001 -19"><span class='ocrx_word' id='word_1_437' title='bbox 2263 2926 2414 2990; x_wconf 88' lang='lat' dir='ltr'><strong>tiam,</strong></span> <span class='ocrx_word' id='word_1_438' title='bbox 2444 2926 2587 2995; x_wconf 80' lang='lat' dir='ltr'><strong>quod</strong></span> <span class='ocrx_word' id='word_1_439' title='bbox 2638 2926 2939 2979; x_wconf 87' lang='lat' dir='ltr'><strong>animarum</strong></span> <span class='ocrx_word' id='word_1_440' title='bbox 2976 2926 3291 2980; x_wconf 79' lang='lat' dir='ltr'><strong>defenderet</strong></span> <span class='ocrx_word' id='word_1_441' title='bbox 3334 2925 3666 2998; x_wconf 73' lang='grc' dir='ltr'><strong>προῦπαρξιν,</strong></span> <span class='ocrx_word' id='word_1_442' title='bbox 3698 2924 3771 2977; x_wconf 85' lang='lat' dir='ltr'><strong>sed</strong></span> 
     </span>
    </p>
   </div>
   <div class='ocr_carea' id='block_1_60' title="bbox 2261 3017 3771 3087">
    <p class='ocr_par' dir='ltr' id='par_1_60' title="bbox 2261 3017 3771 3087">
     <span class='ocr_line' id='line_1_60' title="bbox 2261 3017 3771 3087; baseline -0.001 -18"><span class='ocrx_word' id='word_1_443' title='bbox 2261 3018 2402 3087; x_wconf 91' lang='lat' dir='ltr'><strong>quod</strong></span> <span class='ocrx_word' id='word_1_444' title='bbox 2436 3027 2639 3071; x_wconf 88' lang='lat' dir='ltr'><strong>mentes</strong></span> <span class='ocrx_word' id='word_1_445' title='bbox 2677 3028 2933 3087; x_wconf 63' lang='lat' dir='ltr'><strong>prmterea</strong></span> <span class='ocrx_word' id='word_1_446' title='bbox 2970 3018 3133 3074; x_wconf 88' lang='lat' dir='ltr'><strong>fuisse</strong></span> <span class='ocrx_word' id='word_1_447' title='bbox 3173 3017 3293 3072; x_wconf 89' lang='lat' dir='ltr'><strong>illas</strong></span> <span class='ocrx_word' id='word_1_448' title='bbox 3327 3020 3571 3079; x_wconf 86' lang='lat' dir='ltr'><strong>traderet,</strong></span> <span class='ocrx_word' id='word_1_449' title='bbox 3603 3025 3650 3069; x_wconf 89' lang='lat' dir='ltr'><strong>et</strong></span> <span class='ocrx_word' id='word_1_450' title='bbox 3677 3031 3771 3069; x_wconf 79' lang='lat' dir='ltr'><strong>san-</strong></span> 
     </span>
    </p>
   </div>
   <div class='ocr_carea' id='block_1_61' title="bbox 2262 3109 3774 3180">
    <p class='ocr_par' dir='ltr' id='par_1_61' title="bbox 2262 3109 3774 3180">
     <span class='ocr_line' id='line_1_61' title="bbox 2262 3109 3774 3180; baseline -0.003 -16"><span class='ocrx_word' id='word_1_451' title='bbox 2262 3120 2377 3164; x_wconf 88' lang='lat' dir='ltr'><strong>ctas</strong></span> <span class='ocrx_word' id='word_1_452' title='bbox 2411 3110 2654 3173; x_wconf 89' lang='lat' dir='ltr'><strong>virtutes,</strong></span> <span class='ocrx_word' id='word_1_453' title='bbox 2691 3124 2826 3179; x_wconf 91' lang='lat' dir='ltr'><strong>quas</strong></span> <span class='ocrx_word' id='word_1_454' title='bbox 2854 3126 2974 3163; x_wconf 90' lang='lat' dir='ltr'><strong>cum</strong></span> <span class='ocrx_word' id='word_1_455' title='bbox 3004 3109 3487 3180; x_wconf 90' lang='lat' dir='ltr'><strong>contemplationis</strong></span> <span class='ocrx_word' id='word_1_456' title='bbox 3512 3109 3683 3162; x_wconf 69' lang='lat' dir='ltr'><strong>divinae</strong></span> <span class='ocrx_word' id='word_1_457' title='bbox 3708 3123 3774 3158; x_wconf 84' lang='lat' dir='ltr'><strong>sa-</strong></span> 
     </span>
    </p>
   </div>
   <div class='ocr_carea' id='block_1_62' title="bbox 2210 3171 2229 3191">
    <p class='ocr_par' dir='ltr' id='par_1_62' title="bbox 2210 3171 2229 3191">
     <span class='ocr_line' id='line_1_62' title="bbox 2210 3171 2229 3191; baseline 0 0"><span class='ocrx_word' id='word_1_458' title='bbox 2210 3171 2229 3191; x_wconf 56' lang='grc' dir='ltr'><strong>Ὦ</strong></span> 
     </span>
    </p>
   </div>
   <div class='ocr_carea' id='block_1_63' title="bbox 602 3178 3772 3284">
    <p class='ocr_par' dir='ltr' id='par_1_63' title="bbox 602 3178 3772 3284">
     <span class='ocr_line' id='line_1_63' title="bbox 602 3178 3772 3284; baseline -0.006 -18"><span class='ocrx_word' id='word_1_459' title='bbox 602 3222 669 3274; x_wconf 67' lang='lat' dir='ltr'><strong>tte</strong></span> <span class='ocrx_word' id='word_1_460' title='bbox 698 3218 876 3272; x_wconf 76' lang='lat' dir='ltr'><strong>anima</strong></span> <span class='ocrx_word' id='word_1_461' title='bbox 922 3215 1331 3283; x_wconf 59' lang='lat' dir='ltr'><strong>sententiarum,</strong></span> <span class='ocrx_word' id='word_1_462' title='bbox 1380 3225 1557 3270; x_wconf 74' lang='grc' dir='ltr'><strong>υιι-ιιιη</strong></span> <span class='ocrx_word' id='word_1_463' title='bbox 1607 3215 1673 3270; x_wconf 78' lang='lat' dir='ltr'><strong>de</strong></span> <span class='ocrx_word' id='word_1_464' title='bbox 1726 3212 2016 3284; x_wconf 75' lang='lat' dir='ltr'><strong>propagine</strong></span> <span class='ocrx_word' id='word_1_465' title='bbox 2067 3226 2157 3265; x_wconf 78' lang='lat' dir='ltr'><strong>ve-</strong></span> <span class='ocrx_word' id='word_1_466' title='bbox 2187 3178 2231 3231; x_wconf 61' lang='grc'><strong>(⁸</strong></span> <span class='ocrx_word' id='word_1_467' title='bbox 2266 3203 2368 3256; x_wconf 88' lang='lat' dir='ltr'><strong>tias</strong></span> <span class='ocrx_word' id='word_1_468' title='bbox 2414 3202 2665 3269; x_wconf 85' lang='lat' dir='ltr'><strong>cepisset,</strong></span> <span class='ocrx_word' id='word_1_469' title='bbox 2719 3203 2770 3255; x_wconf 92' lang='lat' dir='ltr'><strong>in</strong></span> <span class='ocrx_word' id='word_1_470' title='bbox 2828 3202 3067 3255; x_wconf 85' lang='lat' dir='ltr'><strong>deterius</strong></span> <span class='ocrx_word' id='word_1_471' title='bbox 3108 3216 3229 3256; x_wconf 85' lang='lat' dir='ltr'><strong>esse</strong></span> <span class='ocrx_word' id='word_1_472' title='bbox 3281 3216 3589 3263; x_wconf 85' lang='lat' dir='ltr'><strong>conversas,</strong></span> <span class='ocrx_word' id='word_1_473' title='bbox 3635 3208 3680 3253; x_wconf 88' lang='lat' dir='ltr'><strong>et</strong></span> <span class='ocrx_word' id='word_1_474' title='bbox 3720 3197 3772 3249; x_wconf 84' lang='lat' dir='ltr'><strong>ab</strong></span> 
     </span>
    </p>
   </div>
   <div class='ocr_carea' id='block_1_64' title="bbox 602 3304 2161 3377">
    <p class='ocr_par' dir='ltr' id='par_1_64' title="bbox 602 3304 2161 3377">
     <span class='ocr_line' id='line_1_64' title="bbox 602 3304 2161 3377; baseline -0.007 -13"><span class='ocrx_word' id='word_1_475' title='bbox 602 3312 784 3372; x_wconf 88' lang='lat' dir='ltr'><strong>niant;</strong></span> <span class='ocrx_word' id='word_1_476' title='bbox 822 3324 888 3362; x_wconf 89' lang='lat' dir='ltr'><strong>an</strong></span> <span class='ocrx_word' id='word_1_477' title='bbox 918 3310 969 3362; x_wconf 90' lang='lat' dir='ltr'><strong>in</strong></span> <span class='ocrx_word' id='word_1_478' title='bbox 1016 3307 1242 3377; x_wconf 88' lang='lat' dir='ltr'><strong>singulis</strong></span> <span class='ocrx_word' id='word_1_479' title='bbox 1286 3308 1586 3376; x_wconf 90' lang='lat' dir='ltr'><strong>quibusque</strong></span> <span class='ocrx_word' id='word_1_480' title='bbox 1636 3304 1983 3360; x_wconf 88' lang='lat' dir='ltr'><strong>nascentibus</strong></span> <span class='ocrx_word' id='word_1_481' title='bbox 2011 3316 2161 3354; x_wconf 69' lang='lat' dir='ltr'><strong>novae</strong></span> 
     </span>
    </p>
   </div>
   <div class='ocr_carea' id='block_1_65' title="bbox 603 3391 2161 3464">
    <p class='ocr_par' dir='ltr' id='par_1_65' title="bbox 603 3391 2161 3464">
     <span class='ocr_line' id='line_1_65' title="bbox 603 3391 2161 3464; baseline -0.004 -14"><span class='ocrx_word' id='word_1_482' title='bbox 603 3397 762 3463; x_wconf 91' lang='lat' dir='ltr'><strong>fiant;</strong></span> <span class='ocrx_word' id='word_1_483' title='bbox 797 3411 864 3452; x_wconf 89' lang='lat' dir='ltr'><strong>an</strong></span> <span class='ocrx_word' id='word_1_484' title='bbox 897 3397 951 3452; x_wconf 90' lang='lat' dir='ltr'><strong>in</strong></span> <span class='ocrx_word' id='word_1_485' title='bbox 1001 3412 1224 3461; x_wconf 89' lang='lat' dir='ltr'><strong>corpora</strong></span> <span class='ocrx_word' id='word_1_486' title='bbox 1254 3397 1586 3451; x_wconf 90' lang='lat' dir='ltr'><strong>nascentium</strong></span> <span class='ocrx_word' id='word_1_487' title='bbox 1618 3395 1729 3464; x_wconf 88' lang='lat' dir='ltr'><strong>jam</strong></span> <span class='ocrx_word' id='word_1_488' title='bbox 1766 3392 1963 3448; x_wconf 85' lang='lat' dir='ltr'><strong>alicubi</strong></span> <span class='ocrx_word' id='word_1_489' title='bbox 2019 3391 2161 3446; x_wconf 76' lang='lat' dir='ltr'><strong>exsi-</strong></span> 
     </span>
    </p>
   </div>
   <div class='ocr_carea' id='block_1_66' title="bbox 600 3486 2161 3557">
    <p class='ocr_par' dir='ltr' id='par_1_66' title="bbox 600 3486 2161 3557">
     <span class='ocr_line' id='line_1_66' title="bbox 600 3486 2161 3557; baseline -0.005 -12"><span class='ocrx_word' id='word_1_490' title='bbox 600 3500 826 3557; x_wconf 90' lang='lat' dir='ltr'><strong>stentes,</strong></span> <span class='ocrx_word' id='word_1_491' title='bbox 858 3491 939 3545; x_wconf 89' lang='lat' dir='ltr'><strong>vel</strong></span> <span class='ocrx_word' id='word_1_492' title='bbox 963 3490 1242 3544; x_wconf 91' lang='lat' dir='ltr'><strong>mittantur</strong></span> <span class='ocrx_word' id='word_1_493' title='bbox 1263 3489 1542 3554; x_wconf 91' lang='lat' dir='ltr'><strong>divinitus,</strong></span> <span class='ocrx_word' id='word_1_494' title='bbox 1569 3487 1657 3542; x_wconf 89' lang='lat' dir='ltr'><strong>vel</strong></span> <span class='ocrx_word' id='word_1_495' title='bbox 1687 3486 1810 3541; x_wconf 92' lang='lat' dir='ltr'><strong>inde</strong></span> <span class='ocrx_word' id='word_1_496' title='bbox 1842 3499 1937 3539; x_wconf 88' lang='lat' dir='ltr'><strong>sua</strong></span> <span class='ocrx_word' id='word_1_497' title='bbox 1969 3492 2161 3554; x_wconf 89' lang='lat' dir='ltr'><strong>sponte</strong></span> 
     </span>
    </p>
   </div>
   <div class='ocr_carea' id='block_1_67' title="bbox 601 3574 2153 3648">
    <p class='ocr_par' dir='ltr' id='par_1_67' title="bbox 601 3574 2153 3648">
     <span class='ocr_line' id='line_1_67' title="bbox 601 3574 2153 3648; baseline -0.008 -12"><span class='ocrx_word' id='word_1_498' title='bbox 601 3584 869 3648; x_wconf 87' lang='lat' dir='ltr'><strong>labantur,</strong></span> <span class='ocrx_word' id='word_1_499' title='bbox 935 3581 1133 3635; x_wconf 88' lang='lat' dir='ltr'><strong>nullam</strong></span> <span class='ocrx_word' id='word_1_500' title='bbox 1206 3590 1407 3635; x_wconf 89' lang='lat' dir='ltr'><strong>temere</strong></span> <span class='ocrx_word' id='word_1_501' title='bbox 1478 3576 1747 3633; x_wconf 78' lang='lat' dir='ltr'><strong>afﬁrmare</strong></span> <span class='ocrx_word' id='word_1_502' title='bbox 1807 3574 2096 3642; x_wconf 90' lang='lat' dir='ltr'><strong>oportebit.</strong></span> <span class='ocrx_word' id='word_1_503' title='bbox 2134 3591 2153 3623; x_wconf 76' lang='grc' dir='ltr'><strong>ι</strong></span> 
     </span>
    </p>
   </div>
   <div class='ocr_carea' id='block_1_68' title="bbox 603 3666 2161 3743">
    <p class='ocr_par' dir='ltr' id='par_1_68' title="bbox 603 3666 2161 3743">
     <span class='ocr_line' id='line_1_68' title="bbox 603 3666 2161 3743; baseline -0.007 -13"><span class='ocrx_word' id='word_1_504' title='bbox 603 3676 775 3743; x_wconf 79' lang='lat' dir='ltr'><strong>Atque</strong></span> <span class='ocrx_word' id='word_1_505' title='bbox 804 3674 902 3728; x_wconf 89' lang='lat' dir='ltr'><strong>has</strong></span> <span class='ocrx_word' id='word_1_506' title='bbox 923 3673 1067 3743; x_wconf 87' lang='lat' dir='ltr'><strong>ipsas</strong></span> <span class='ocrx_word' id='word_1_507' title='bbox 1087 3687 1204 3727; x_wconf 86' lang='lat' dir='ltr'><strong>esse</strong></span> <span class='ocrx_word' id='word_1_508' title='bbox 1225 3670 1542 3734; x_wconf 83' lang='lat' dir='ltr'><strong>sententias,</strong></span> <span class='ocrx_word' id='word_1_509' title='bbox 1569 3684 1704 3739; x_wconf 87' lang='lat' dir='ltr'><strong>quas</strong></span> <span class='ocrx_word' id='word_1_510' title='bbox 1732 3668 1799 3722; x_wconf 89' lang='lat' dir='ltr'><strong>ab</strong></span> <span class='ocrx_word' id='word_1_511' title='bbox 1836 3666 2161 3736; x_wconf 87' lang='lat' dir='ltr'><strong>Hieronymo</strong></span> 
     </span>
    </p>
   </div>
   <div class='ocr_carea' id='block_1_69' title="bbox 602 3756 2160 3832">
    <p class='ocr_par' dir='ltr' id='par_1_69' title="bbox 602 3756 2160 3832">
     <span class='ocr_line' id='line_1_69' title="bbox 602 3756 2160 3832; baseline -0.008 -11"><span class='ocrx_word' id='word_1_512' title='bbox 602 3768 785 3821; x_wconf 64' lang='lat' dir='ltr'><strong>relata;</strong></span> <span class='ocrx_word' id='word_1_513' title='bbox 817 3774 938 3820; x_wconf 89' lang='lat' dir='ltr'><strong>sunt</strong></span> <span class='ocrx_word' id='word_1_514' title='bbox 973 3764 1294 3818; x_wconf 90' lang='lat' dir='ltr'><strong>testificatur</strong></span> <span class='ocrx_word' id='word_1_515' title='bbox 1318 3764 1431 3832; x_wconf 90' lang='lat' dir='ltr'><strong>ipse</strong></span> <span class='ocrx_word' id='word_1_516' title='bbox 1461 3763 1792 3831; x_wconf 80' lang='lat' dir='ltr'><strong>Augustinus</strong></span> <span class='ocrx_word' id='word_1_517' title='bbox 1820 3760 1873 3813; x_wconf 91' lang='lat' dir='ltr'><strong>in</strong></span> <span class='ocrx_word' id='word_1_518' title='bbox 1910 3759 2066 3826; x_wconf 86' lang='lat' dir='ltr'><strong>epist.</strong></span> <span class='ocrx_word' id='word_1_519' title='bbox 2095 3756 2160 3809; x_wconf 88' lang='lat' dir='ltr'><strong>ad</strong></span> 
     </span>
    </p>
   </div>
   <div class='ocr_carea' id='block_1_70' title="bbox 600 3850 2162 3928">
    <p class='ocr_par' dir='ltr' id='par_1_70' title="bbox 600 3850 2162 3928">
     <span class='ocr_line' id='line_1_70' title="bbox 600 3850 2162 3928; baseline -0.007 -15"><span class='ocrx_word' id='word_1_520' title='bbox 600 3859 1009 3928; x_wconf 84' lang='lat' dir='ltr'><strong>Hieronymum,</strong></span> <span class='ocrx_word' id='word_1_521' title='bbox 1048 3858 1114 3910; x_wconf 91' lang='lat' dir='ltr'><strong>de</strong></span> <span class='ocrx_word' id='word_1_522' title='bbox 1165 3855 1375 3909; x_wconf 89' lang='lat' dir='ltr'><strong>ratione</strong></span> <span class='ocrx_word' id='word_1_523' title='bbox 1414 3856 1624 3909; x_wconf 83' lang='lat' dir='ltr'><strong>animae.</strong></span> <span class='ocrx_word' id='word_1_524' title='bbox 1671 3852 1807 3907; x_wconf 93' lang='lat' dir='ltr'><strong>Toto</strong></span> <span class='ocrx_word' id='word_1_525' title='bbox 1847 3861 1995 3905; x_wconf 90' lang='lat' dir='ltr'><strong>certe</strong></span> <span class='ocrx_word' id='word_1_526' title='bbox 2040 3850 2162 3902; x_wconf 72' lang='lat' dir='ltr'><strong>vitae</strong></span> 
     </span>
    </p>
   </div>
   <div class='ocr_carea' id='block_1_71' title="bbox 601 3941 2161 4014">
    <p class='ocr_par' dir='ltr' id='par_1_71' title="bbox 601 3941 2161 4014">
     <span class='ocr_line' id='line_1_71' title="bbox 601 3941 2161 4014; baseline -0.005 -11"><span class='ocrx_word' id='word_1_527' title='bbox 601 3965 712 4003; x_wconf 84' lang='lat' dir='ltr'><strong>suae</strong></span> <span class='ocrx_word' id='word_1_528' title='bbox 737 3948 964 4001; x_wconf 90' lang='lat' dir='ltr'><strong>decursu</strong></span> <span class='ocrx_word' id='word_1_529' title='bbox 1016 3946 1251 4001; x_wconf 87' lang='lat' dir='ltr'><strong>incertus</strong></span> <span class='ocrx_word' id='word_1_530' title='bbox 1303 3946 1355 3999; x_wconf 92' lang='lat' dir='ltr'><strong>in</strong></span> <span class='ocrx_word' id='word_1_531' title='bbox 1388 3959 1451 3999; x_wconf 91' lang='lat' dir='ltr'><strong>eo</strong></span> <span class='ocrx_word' id='word_1_532' title='bbox 1478 3953 1795 4014; x_wconf 89' lang='lat' dir='ltr'><strong>argumento</strong></span> <span class='ocrx_word' id='word_1_533' title='bbox 1826 3941 2161 4011; x_wconf 86' lang='lat' dir='ltr'><strong>Augustinus</strong></span> 
     </span>
    </p>
   </div>
   <div class='ocr_carea' id='block_1_72' title="bbox 601 4035 2161 4106">
    <p class='ocr_par' dir='ltr' id='par_1_72' title="bbox 601 4035 2161 4106">
     <span class='ocr_line' id='line_1_72' title="bbox 601 4035 2161 4106; baseline -0.003 -14"><span class='ocrx_word' id='word_1_534' title='bbox 601 4037 895 4093; x_wconf 82' lang='lat' dir='ltr'><strong>fluctuavit.</strong></span> <span class='ocrx_word' id='word_1_535' title='bbox 932 4035 1160 4089; x_wconf 83' lang='lat' dir='ltr'><strong>Exstant</strong></span> <span class='ocrx_word' id='word_1_536' title='bbox 1186 4036 1430 4105; x_wconf 84' lang='lat' dir='ltr'><strong>insignes</strong></span> <span class='ocrx_word' id='word_1_537' title='bbox 1455 4037 1572 4106; x_wconf 87' lang='lat' dir='ltr'><strong>ejus</strong></span> <span class='ocrx_word' id='word_1_538' title='bbox 1602 4037 1667 4090; x_wconf 89' lang='lat' dir='ltr'><strong>ad</strong></span> <span class='ocrx_word' id='word_1_539' title='bbox 1696 4037 2077 4106; x_wconf 84' lang='lat' dir='ltr'><strong>Hieronymum</strong></span> <span class='ocrx_word' id='word_1_540' title='bbox 2106 4042 2161 4087; x_wconf 90' lang='lat' dir='ltr'><strong>et</strong></span> 
     </span>
    </p>
   </div>
   <div class='ocr_carea' id='block_1_73' title="bbox 600 4124 2162 4201">
    <p class='ocr_par' dir='ltr' id='par_1_73' title="bbox 600 4124 2162 4201">
     <span class='ocr_line' id='line_1_73' title="bbox 600 4124 2162 4201; baseline -0.004 -15"><span class='ocrx_word' id='word_1_541' title='bbox 600 4129 854 4201; x_wconf 89' lang='lat' dir='ltr'><strong>Optatum</strong></span> <span class='ocrx_word' id='word_1_542' title='bbox 881 4124 1139 4197; x_wconf 67' lang='lat' dir='ltr'><strong>epistolae,</strong></span> <span class='ocrx_word' id='word_1_543' title='bbox 1171 4128 1310 4181; x_wconf 85' lang='lat' dir='ltr'><strong>unde</strong></span> <span class='ocrx_word' id='word_1_544' title='bbox 1337 4127 1726 4180; x_wconf 66' lang='lat' dir='ltr'><strong>haesitationem</strong></span> <span class='ocrx_word' id='word_1_545' title='bbox 1772 4126 1905 4194; x_wconf 87' lang='lat' dir='ltr'><strong>ejus,</strong></span> <span class='ocrx_word' id='word_1_546' title='bbox 1935 4136 2162 4179; x_wconf 87' lang='lat' dir='ltr'><strong>cuncta-</strong></span> 
     </span>
    </p>
   </div>
   <div class='ocr_carea' id='block_1_74' title="bbox 604 4217 2162 4291">
    <p class='ocr_par' dir='ltr' id='par_1_74' title="bbox 604 4217 2162 4291">
     <span class='ocr_line' id='line_1_74' title="bbox 604 4217 2162 4291; baseline -0.001 -18"><span class='ocrx_word' id='word_1_547' title='bbox 604 4224 912 4289; x_wconf 85' lang='lat' dir='ltr'><strong>tionemque</strong></span> <span class='ocrx_word' id='word_1_548' title='bbox 938 4235 1265 4291; x_wconf 88' lang='lat' dir='ltr'><strong>cognoscas;</strong></span> <span class='ocrx_word' id='word_1_549' title='bbox 1293 4234 1455 4288; x_wconf 88' lang='lat' dir='ltr'><strong>quam</strong></span> <span class='ocrx_word' id='word_1_550' title='bbox 1506 4226 1558 4271; x_wconf 91' lang='lat' dir='ltr'><strong>et</strong></span> <span class='ocrx_word' id='word_1_551' title='bbox 1587 4217 1705 4270; x_wconf 89' lang='lat' dir='ltr'><strong>aliis</strong></span> <span class='ocrx_word' id='word_1_552' title='bbox 1735 4226 1994 4287; x_wconf 62' lang='lat' dir='ltr'><strong>praeterea</strong></span> <span class='ocrx_word' id='word_1_553' title='bbox 2028 4217 2162 4272; x_wconf 84' lang='lat' dir='ltr'><strong>locis</strong></span> 
     </span>
    </p>
   </div>
   <div class='ocr_carea' id='block_1_75' title="bbox 602 4307 2162 4384">
    <p class='ocr_par' dir='ltr' id='par_1_75' title="bbox 602 4307 2162 4384">
     <span class='ocr_line' id='line_1_75' title="bbox 602 4307 2162 4384; baseline -0.004 -16"><span class='ocrx_word' id='word_1_554' title='bbox 602 4313 852 4384; x_wconf 87' lang='lat' dir='ltr'><strong>prodidit,</strong></span> <span class='ocrx_word' id='word_1_555' title='bbox 885 4322 1011 4383; x_wconf 91' lang='lat' dir='ltr'><strong>puta</strong></span> <span class='ocrx_word' id='word_1_556' title='bbox 1040 4312 1129 4366; x_wconf 92' lang='lat' dir='ltr'><strong>lib.</strong></span> <span class='ocrx_word' id='word_1_557' title='bbox 1158 4326 1229 4364; x_wconf 87' lang='lat' dir='ltr'><strong>vn</strong></span> <span class='ocrx_word' id='word_1_558' title='bbox 1263 4320 1314 4364; x_wconf 89' lang='lat' dir='ltr'><strong>et</strong></span> <span class='ocrx_word' id='word_1_559' title='bbox 1341 4326 1373 4363; x_wconf 77' lang='grc' dir='ltr'><strong>ι</strong></span> <span class='ocrx_word' id='word_1_560' title='bbox 1407 4307 1479 4362; x_wconf 90' lang='lat' dir='ltr'><strong>De</strong></span> <span class='ocrx_word' id='word_1_561' title='bbox 1510 4307 1697 4363; x_wconf 81' lang='lat' dir='ltr'><strong>Genesi</strong></span> <span class='ocrx_word' id='word_1_562' title='bbox 1728 4310 1795 4360; x_wconf 89' lang='lat' dir='ltr'><strong>ad</strong></span> <span class='ocrx_word' id='word_1_563' title='bbox 1827 4308 2077 4371; x_wconf 85' lang='lat' dir='ltr'><strong>litteram,</strong></span> <span class='ocrx_word' id='word_1_564' title='bbox 2106 4318 2162 4361; x_wconf 86' lang='lat' dir='ltr'><strong>et</strong></span> 
     </span>
    </p>
   </div>
   <div class='ocr_carea' id='block_1_76' title="bbox 601 4398 2159 4475">
    <p class='ocr_par' dir='ltr' id='par_1_76' title="bbox 601 4398 2159 4475">
     <span class='ocr_line' id='line_1_76' title="bbox 601 4398 2159 4475; baseline -0.004 -17"><span class='ocrx_word' id='word_1_565' title='bbox 601 4405 1009 4475; x_wconf 23' lang='lat' dir='ltr'><strong>alibi.,Septimi</strong></span> <span class='ocrx_word' id='word_1_566' title='bbox 1053 4404 1269 4473; x_wconf 88' lang='lat' dir='ltr'><strong>quidem</strong></span> <span class='ocrx_word' id='word_1_567' title='bbox 1299 4402 1454 4470; x_wconf 88' lang='lat' dir='ltr'><strong>hujus</strong></span> <span class='ocrx_word' id='word_1_568' title='bbox 1480 4400 1601 4455; x_wconf 91' lang='lat' dir='ltr'><strong>libri</strong></span> <span class='ocrx_word' id='word_1_569' title='bbox 1635 4416 1753 4469; x_wconf 89' lang='lat' dir='ltr'><strong>cap.</strong></span> <span class='ocrx_word' id='word_1_570' title='bbox 1787 4398 1838 4464; x_wconf 87' lang='lat'><strong>6,</strong></span> <span class='ocrx_word' id='word_1_571' title='bbox 1877 4399 2159 4452; x_wconf 88' lang='lat' dir='ltr'><strong>materiam</strong></span> 
     </span>
    </p>
   </div>
   <div class='ocr_carea' id='block_1_77' title="bbox 2263 3290 3769 3362">
    <p class='ocr_par' dir='ltr' id='par_1_77' title="bbox 2263 3290 3769 3362">
     <span class='ocr_line' id='line_1_77' title="bbox 2263 3290 3769 3362; baseline -0.005 -17"><span class='ocrx_word' id='word_1_572' title='bbox 2263 3305 2442 3345; x_wconf 88' lang='lat' dir='ltr'><strong>amore</strong></span> <span class='ocrx_word' id='word_1_573' title='bbox 2478 3290 2567 3344; x_wconf 90' lang='lat' dir='ltr'><strong>Dei</strong></span> <span class='ocrx_word' id='word_1_574' title='bbox 2600 3291 2898 3356; x_wconf 76' lang='lat' dir='ltr'><strong>refrixisse,</strong></span> <span class='ocrx_word' id='word_1_575' title='bbox 2930 3292 3159 3360; x_wconf 91' lang='lat' dir='ltr'><strong>indeque</strong></span> <span class='ocrx_word' id='word_1_576' title='bbox 3184 3291 3366 3362; x_wconf 79' lang='grc' dir='ltr'>ψυχάς</span> <span class='ocrx_word' id='word_1_577' title='bbox 3402 3305 3515 3346; x_wconf 86' lang='lat' dir='ltr'><strong>esse</strong></span> <span class='ocrx_word' id='word_1_578' title='bbox 3538 3291 3708 3347; x_wconf 89' lang='lat' dir='ltr'><strong>dictas,</strong></span> <span class='ocrx_word' id='word_1_579' title='bbox 3728 3294 3769 3337; x_wconf 88' lang='lat' dir='ltr'><strong>et</strong></span> 
     </span>
    </p>
   </div>
   <div class='ocr_carea' id='block_1_78' title="bbox 2263 3380 3770 3450">
    <p class='ocr_par' dir='ltr' id='par_1_78' title="bbox 2263 3380 3770 3450">
     <span class='ocr_line' id='line_1_78' title="bbox 2263 3380 3770 3450; baseline -0.004 -15"><span class='ocrx_word' id='word_1_580' title='bbox 2263 3383 2312 3435; x_wconf 93' lang='lat' dir='ltr'><strong>in</strong></span> <span class='ocrx_word' id='word_1_581' title='bbox 2348 3398 2573 3450; x_wconf 79' lang='lat' dir='ltr'><strong>corpora</strong></span> <span class='ocrx_word' id='word_1_582' title='bbox 2629 3383 2808 3437; x_wconf 68' lang='lat' dir='ltr'><strong>tutelae</strong></span> <span class='ocrx_word' id='word_1_583' title='bbox 2837 3397 3005 3437; x_wconf 89' lang='lat' dir='ltr'><strong>causa</strong></span> <span class='ocrx_word' id='word_1_584' title='bbox 3046 3383 3300 3437; x_wconf 78' lang='lat' dir='ltr'><strong>diutiSSas</strong></span> <span class='ocrx_word' id='word_1_585' title='bbox 3341 3400 3355 3435; x_wconf 92' lang='lat'><strong>:</strong></span> <span class='ocrx_word' id='word_1_586' title='bbox 3384 3386 3459 3437; x_wconf 90' lang='lat' dir='ltr'><strong>sic</strong></span> <span class='ocrx_word' id='word_1_587' title='bbox 3489 3381 3617 3435; x_wconf 89' lang='lat' dir='ltr'><strong>enim</strong></span> <span class='ocrx_word' id='word_1_588' title='bbox 3642 3380 3770 3433; x_wconf 84' lang='lat' dir='ltr'><strong>habet</strong></span> 
     </span>
    </p>
   </div>
   <div class='ocr_carea' id='block_1_79' title="bbox 2258 3466 3400 3526">
    <p class='ocr_par' dir='ltr' id='par_1_79' title="bbox 2258 3466 3400 3526">
     <span class='ocr_line' id='line_1_79' title="bbox 2258 3466 3400 3526; baseline 0.004 -5"><span class='ocrx_word' id='word_1_589' title='bbox 2258 3466 2548 3522; x_wconf 68' lang='lat' dir='ltr'><strong>Iustiniani</strong></span> <span class='ocrx_word' id='word_1_590' title='bbox 2576 3470 3061 3525; x_wconf 86' lang='lat' dir='ltr'><strong>anathematismus</strong></span> <span class='ocrx_word' id='word_1_591' title='bbox 3107 3473 3400 3526; x_wconf 89' lang='lat' dir='ltr'><strong>secundus.</strong></span> 
     </span>
    </p>
   </div>
   <div class='ocr_carea' id='block_1_80' title="bbox 2330 3556 3769 3631">
    <p class='ocr_par' dir='ltr' id='par_1_80' title="bbox 2330 3556 3769 3631">
     <span class='ocr_line' id='line_1_80' title="bbox 2330 3556 3769 3631; baseline 0 -21"><span class='ocrx_word' id='word_1_592' title='bbox 2330 3556 2464 3613; x_wconf 82' lang='lat' dir='ltr'>XIII.</span> <span class='ocrx_word' id='word_1_593' title='bbox 2516 3559 2741 3614; x_wconf 85' lang='lat' dir='ltr'><strong>Animas</strong></span> <span class='ocrx_word' id='word_1_594' title='bbox 2789 3562 3003 3629; x_wconf 90' lang='lat' dir='ltr'><strong>quando</strong></span> <span class='ocrx_word' id='word_1_595' title='bbox 3058 3562 3306 3616; x_wconf 87' lang='lat' dir='ltr'><strong>conditas</strong></span> <span class='ocrx_word' id='word_1_596' title='bbox 3354 3561 3629 3631; x_wconf 90' lang='lat' dir='ltr'><strong>putaverit,</strong></span> <span class='ocrx_word' id='word_1_597' title='bbox 3656 3557 3769 3611; x_wconf 86' lang='lat' dir='ltr'><strong>vidi-</strong></span> 
     </span>
    </p>
   </div>
   <div class='ocr_carea' id='block_1_81' title="bbox 2260 3650 3774 3722">
    <p class='ocr_par' dir='ltr' id='par_1_81' title="bbox 2260 3650 3774 3722">
     <span class='ocr_line' id='line_1_81' title="bbox 2260 3650 3774 3722; baseline 0 -20"><span class='ocrx_word' id='word_1_598' title='bbox 2260 3664 2417 3704; x_wconf 89' lang='lat' dir='ltr'><strong>mus:</strong></span> <span class='ocrx_word' id='word_1_599' title='bbox 2454 3650 2639 3720; x_wconf 86' lang='lat' dir='ltr'><strong>quales</strong></span> <span class='ocrx_word' id='word_1_600' title='bbox 2689 3650 2831 3720; x_wconf 88' lang='lat' dir='ltr'><strong>ipsas</strong></span> <span class='ocrx_word' id='word_1_601' title='bbox 2863 3652 3156 3715; x_wconf 90' lang='lat' dir='ltr'><strong>censuerit,</strong></span> <span class='ocrx_word' id='word_1_602' title='bbox 3202 3662 3545 3722; x_wconf 86' lang='lat' dir='ltr'><strong>corporatas,</strong></span> <span class='ocrx_word' id='word_1_603' title='bbox 3588 3666 3647 3705; x_wconf 90' lang='lat' dir='ltr'><strong>an</strong></span> <span class='ocrx_word' id='word_1_604' title='bbox 3684 3664 3774 3703; x_wconf 80' lang='lat' dir='ltr'><strong>ror-</strong></span> 
     </span>
    </p>
   </div>
   <div class='ocr_carea' id='block_1_82' title="bbox 2260 3740 3773 3813">
    <p class='ocr_par' dir='ltr' id='par_1_82' title="bbox 2260 3740 3773 3813">
     <span class='ocr_line' id='line_1_82' title="bbox 2260 3740 3773 3813; baseline -0.001 -19"><span class='ocrx_word' id='word_1_605' title='bbox 2260 3756 2389 3812; x_wconf 89' lang='lat' dir='ltr'><strong>pore</strong></span> <span class='ocrx_word' id='word_1_606' title='bbox 2419 3751 2686 3807; x_wconf 90' lang='lat' dir='ltr'><strong>carentes,</strong></span> <span class='ocrx_word' id='word_1_607' title='bbox 2737 3742 3036 3797; x_wconf 87' lang='lat' dir='ltr'><strong>videamus.</strong></span> <span class='ocrx_word' id='word_1_608' title='bbox 3087 3743 3211 3798; x_wconf 65' lang='lat' dir='ltr'><strong>Haec</strong></span> <span class='ocrx_word' id='word_1_609' title='bbox 3254 3742 3522 3813; x_wconf 87' lang='lat' dir='ltr'><strong>superflua</strong></span> <span class='ocrx_word' id='word_1_610' title='bbox 3574 3755 3686 3796; x_wconf 87' lang='lat' dir='ltr'><strong>sane</strong></span> <span class='ocrx_word' id='word_1_611' title='bbox 3712 3740 3773 3792; x_wconf 84' lang='lat' dir='ltr'><strong>vi-</strong></span> 
     </span>
    </p>
   </div>
   <div class='ocr_carea' id='block_1_83' title="bbox 2259 3832 3772 3904">
    <p class='ocr_par' dir='ltr' id='par_1_83' title="bbox 2259 3832 3772 3904">
     <span class='ocr_line' id='line_1_83' title="bbox 2259 3832 3772 3904; baseline -0.003 -16"><span class='ocrx_word' id='word_1_612' title='bbox 2259 3834 2450 3888; x_wconf 91' lang='lat' dir='ltr'><strong>deatur</strong></span> <span class='ocrx_word' id='word_1_613' title='bbox 2473 3849 2594 3888; x_wconf 81' lang='lat' dir='ltr'><strong>esse</strong></span> <span class='ocrx_word' id='word_1_614' title='bbox 2619 3834 2865 3903; x_wconf 66' lang='lat' dir='ltr'><strong>quaestio,</strong></span> <span class='ocrx_word' id='word_1_615' title='bbox 2902 3832 2946 3889; x_wconf 91' lang='lat' dir='ltr'><strong>si</strong></span> <span class='ocrx_word' id='word_1_616' title='bbox 2991 3848 3112 3903; x_wconf 70' lang='lat' dir='ltr'><strong>qua:</strong></span> <span class='ocrx_word' id='word_1_617' title='bbox 3148 3834 3213 3889; x_wconf 91' lang='lat' dir='ltr'><strong>de</strong></span> <span class='ocrx_word' id='word_1_618' title='bbox 3242 3834 3449 3904; x_wconf 86' lang='lat' dir='ltr'><strong>angelis</strong></span> <span class='ocrx_word' id='word_1_619' title='bbox 3487 3833 3772 3903; x_wconf 86' lang='lat' dir='ltr'><strong>scripsimus,</strong></span> 
     </span>
    </p>
   </div>
   <div class='ocr_carea' id='block_1_84' title="bbox 2261 3921 3767 3995">
    <p class='ocr_par' dir='ltr' id='par_1_84' title="bbox 2261 3921 3767 3995">
     <span class='ocr_line' id='line_1_84' title="bbox 2261 3921 3767 3995; baseline -0.003 -17"><span class='ocrx_word' id='word_1_620' title='bbox 2261 3925 2610 3979; x_wconf 89' lang='lat' dir='ltr'><strong>attendantur</strong></span> <span class='ocrx_word' id='word_1_621' title='bbox 2644 3941 2658 3979; x_wconf 87' lang='lat'><strong>:</strong></span> <span class='ocrx_word' id='word_1_622' title='bbox 2693 3924 2902 3991; x_wconf 82' lang='lat' dir='ltr'><strong>prolixa</strong></span> <span class='ocrx_word' id='word_1_623' title='bbox 2927 3924 3073 3978; x_wconf 86' lang='lat' dir='ltr'><strong>enim</strong></span> <span class='ocrx_word' id='word_1_624' title='bbox 3123 3925 3484 3995; x_wconf 84' lang='lat' dir='ltr'><strong>disputatione</strong></span> <span class='ocrx_word' id='word_1_625' title='bbox 3514 3921 3767 3979; x_wconf 85' lang='lat' dir='ltr'><strong>declaravi-</strong></span> 
     </span>
    </p>
   </div>
   <div class='ocr_carea' id='block_1_85' title="bbox 2264 4014 3768 4084">
    <p class='ocr_par' dir='ltr' id='par_1_85' title="bbox 2264 4014 3768 4084">
     <span class='ocr_line' id='line_1_85' title="bbox 2264 4014 3768 4084; baseline -0.003 -15"><span class='ocrx_word' id='word_1_626' title='bbox 2264 4029 2407 4079; x_wconf 91' lang='lat' dir='ltr'><strong>mns,</strong></span> <span class='ocrx_word' id='word_1_627' title='bbox 2439 4015 2648 4069; x_wconf 84' lang='lat' dir='ltr'><strong>naturis</strong></span> <span class='ocrx_word' id='word_1_628' title='bbox 2683 4014 3009 4084; x_wconf 89' lang='lat' dir='ltr'><strong>quibuslibet</strong></span> <span class='ocrx_word' id='word_1_629' title='bbox 3035 4016 3245 4070; x_wconf 90' lang='lat' dir='ltr'><strong>ratione</strong></span> <span class='ocrx_word' id='word_1_630' title='bbox 3281 4016 3556 4071; x_wconf 86' lang='lat' dir='ltr'><strong>instructis</strong></span> <span class='ocrx_word' id='word_1_631' title='bbox 3582 4026 3768 4083; x_wconf 86' lang='lat' dir='ltr'><strong>corpora</strong></span> 
     </span>
    </p>
   </div>
   <div class='ocr_carea' id='block_1_86' title="bbox 2261 4101 3771 4177">
    <p class='ocr_par' dir='ltr' id='par_1_86' title="bbox 2261 4101 3771 4177">
     <span class='ocr_line' id='line_1_86' title="bbox 2261 4101 3771 4177; baseline -0.006 -15"><span class='ocrx_word' id='word_1_632' title='bbox 2261 4104 2543 4176; x_wconf 84' lang='lat' dir='ltr'><strong>Origenem</strong></span> <span class='ocrx_word' id='word_1_633' title='bbox 2576 4106 2845 4162; x_wconf 89' lang='lat' dir='ltr'><strong>tribuisse.</strong></span> <span class='ocrx_word' id='word_1_634' title='bbox 2893 4105 3134 4162; x_wconf 90' lang='lat' dir='ltr'><strong>Strictim</strong></span> <span class='ocrx_word' id='word_1_635' title='bbox 3181 4121 3311 4177; x_wconf 84' lang='lat' dir='ltr'><strong>ergo</strong></span> <span class='ocrx_word' id='word_1_636' title='bbox 3353 4105 3625 4177; x_wconf 75' lang='lat' dir='ltr'><strong>pauxillum</strong></span> <span class='ocrx_word' id='word_1_637' title='bbox 3650 4101 3771 4172; x_wconf 84' lang='lat' dir='ltr'><strong>quid-</strong></span> 
     </span>
    </p>
   </div>
   <div class='ocr_carea' id='block_1_87' title="bbox 2262 4197 3774 4269">
    <p class='ocr_par' dir='ltr' id='par_1_87' title="bbox 2262 4197 3774 4269">
     <span class='ocr_line' id='line_1_87' title="bbox 2262 4197 3774 4269; baseline -0.003 -19"><span class='ocrx_word' id='word_1_638' title='bbox 2262 4197 2381 4251; x_wconf 88' lang='lat' dir='ltr'><strong>dam</strong></span> <span class='ocrx_word' id='word_1_639' title='bbox 2413 4197 2502 4252; x_wconf 90' lang='lat' dir='ltr'><strong>hic</strong></span> <span class='ocrx_word' id='word_1_640' title='bbox 2545 4198 2924 4265; x_wconf 88' lang='lat' dir='ltr'><strong>delibabimus,</strong></span> <span class='ocrx_word' id='word_1_641' title='bbox 2973 4198 3122 4269; x_wconf 92' lang='lat' dir='ltr'><strong>quod</strong></span> <span class='ocrx_word' id='word_1_642' title='bbox 3169 4198 3280 4254; x_wconf 91' lang='lat' dir='ltr'><strong>illic</strong></span> <span class='ocrx_word' id='word_1_643' title='bbox 3327 4200 3567 4254; x_wconf 85' lang='lat' dir='ltr'><strong>consulto</strong></span> <span class='ocrx_word' id='word_1_644' title='bbox 3596 4207 3774 4266; x_wconf 60' lang='lat' dir='ltr'><strong>practer-</strong></span> 
     </span>
    </p>
   </div>
   <div class='ocr_carea' id='block_1_88' title="bbox 2261 4284 3772 4360">
    <p class='ocr_par' dir='ltr' id='par_1_88' title="bbox 2261 4284 3772 4360">
     <span class='ocr_line' id='line_1_88' title="bbox 2261 4284 3772 4360; baseline -0.002 -19"><span class='ocrx_word' id='word_1_645' title='bbox 2261 4289 2507 4355; x_wconf 83' lang='lat' dir='ltr'><strong>ntissum,</strong></span> <span class='ocrx_word' id='word_1_646' title='bbox 2559 4290 2612 4344; x_wconf 91' lang='lat' dir='ltr'><strong>in</strong></span> <span class='ocrx_word' id='word_1_647' title='bbox 2668 4289 2808 4343; x_wconf 92' lang='lat' dir='ltr'><strong>hunc</strong></span> <span class='ocrx_word' id='word_1_648' title='bbox 2848 4289 3021 4343; x_wconf 91' lang='lat' dir='ltr'><strong>locum</strong></span> <span class='ocrx_word' id='word_1_649' title='bbox 3071 4290 3433 4360; x_wconf 88' lang='lat' dir='ltr'><strong>conjecimus;</strong></span> <span class='ocrx_word' id='word_1_650' title='bbox 3480 4289 3595 4342; x_wconf 90' lang='lat' dir='ltr'><strong>illud</strong></span> <span class='ocrx_word' id='word_1_651' title='bbox 3643 4284 3772 4340; x_wconf 85' lang='lat' dir='ltr'><strong>nimi-</strong></span> 
     </span>
    </p>
   </div>
   <div class='ocr_carea' id='block_1_89' title="bbox 2261 4377 3774 4451">
    <p class='ocr_par' dir='ltr' id='par_1_89' title="bbox 2261 4377 3774 4451">
     <span class='ocr_line' id='line_1_89' title="bbox 2261 4377 3774 4451; baseline -0.002 -18"><span class='ocrx_word' id='word_1_652' title='bbox 2261 4394 2378 4433; x_wconf 84' lang='lat' dir='ltr'><strong>rutn</strong></span> <span class='ocrx_word' id='word_1_653' title='bbox 2410 4394 2424 4432; x_wconf 88' lang='lat'><strong>:</strong></span> <span class='ocrx_word' id='word_1_654' title='bbox 2461 4396 2583 4435; x_wconf 89' lang='lat' dir='ltr'><strong>cum</strong></span> <span class='ocrx_word' id='word_1_655' title='bbox 2631 4394 2859 4451; x_wconf 86' lang='lat' dir='ltr'><strong>corpore</strong></span> <span class='ocrx_word' id='word_1_656' title='bbox 2886 4390 3136 4436; x_wconf 89' lang='lat' dir='ltr'><strong>constare</strong></span> <span class='ocrx_word' id='word_1_657' title='bbox 3183 4383 3393 4437; x_wconf 85' lang='lat' dir='ltr'><strong>animas</strong></span> <span class='ocrx_word' id='word_1_658' title='bbox 3432 4377 3774 4437; x_wconf 76' lang='lat' dir='ltr'><strong>existimaverit</strong></span> 
     </span>
    </p>
   </div>
   <div class='ocr_carea' id='block_1_90' title="bbox 601 4469 2202 4567">
    <p class='ocr_par' dir='ltr' id='par_1_90' title="bbox 601 4489 2202 4567">
     <span class='ocr_line' id='line_1_90' title="bbox 601 4489 2202 4567; baseline -0.004 -18"><span class='ocrx_word' id='word_1_659' title='bbox 601 4496 884 4567; x_wconf 86' lang='lat' dir='ltr'><strong>quamdam</strong></span> <span class='ocrx_word' id='word_1_660' title='bbox 910 4496 1198 4567; x_wconf 88' lang='lat' dir='ltr'><strong>spiritalem</strong></span> <span class='ocrx_word' id='word_1_661' title='bbox 1236 4493 1390 4548; x_wconf 88' lang='lat' dir='ltr'><strong>initio</strong></span> <span class='ocrx_word' id='word_1_662' title='bbox 1422 4492 1661 4545; x_wconf 87' lang='lat' dir='ltr'><strong>molitum</strong></span> <span class='ocrx_word' id='word_1_663' title='bbox 1685 4505 1807 4545; x_wconf 86' lang='lat' dir='ltr'><strong>esse</strong></span> <span class='ocrx_word' id='word_1_664' title='bbox 1835 4489 2001 4542; x_wconf 89' lang='lat' dir='ltr'><strong>Deum</strong></span> <span class='ocrx_word' id='word_1_665' title='bbox 2026 4505 2155 4543; x_wconf 87' lang='lat' dir='ltr'><strong>con-</strong></span> <span class='ocrx_word' id='word_1_666' title='bbox 2191 4509 2202 4565; x_wconf 69' lang='lat'>1</span> 
     </span>
    </p>
   </div>
   <div class='ocr_carea' id='block_1_91' title="bbox 2167 4469 3768 4567">
    <p class='ocr_par' dir='ltr' id='par_1_91' title="bbox 2191 4469 3768 4565">
     <span class='ocr_line' id='line_1_91' title="bbox 2191 4469 3768 4565; baseline -0.002 -41"><span class='ocrx_word' id='word_1_667' title='bbox 2191 4509 2236 4565; x_wconf 65' lang='grc' dir='ltr'><strong>Β</strong></span> <span class='ocrx_word' id='word_1_668' title='bbox 2260 4471 2633 4539; x_wconf 81' lang='lat' dir='ltr'><strong>Adamantius,</strong></span> <span class='ocrx_word' id='word_1_669' title='bbox 2671 4474 2953 4542; x_wconf 84' lang='lat' dir='ltr'><strong>cujusnatn</strong></span> <span class='ocrx_word' id='word_1_670' title='bbox 2995 4489 3087 4527; x_wconf 89' lang='lat' dir='ltr'><strong>eas</strong></span> <span class='ocrx_word' id='word_1_671' title='bbox 3125 4472 3342 4529; x_wconf 82' lang='lat' dir='ltr'><strong>finxerit</strong></span> <span class='ocrx_word' id='word_1_672' title='bbox 3396 4469 3768 4544; x_wconf 85' lang='lat' dir='ltr'><strong>corporationis.</strong></span> 
     </span>
    </p>
   </div>
   <div class='ocr_carea' id='block_1_92' title="bbox 596 4578 2162 4655">
    <p class='ocr_par' dir='ltr' id='par_1_92' title="bbox 596 4578 2162 4655">
     <span class='ocr_line' id='line_1_92' title="bbox 596 4578 2162 4655; baseline -0.003 -15"><span class='ocrx_word' id='word_1_673' title='bbox 596 4589 786 4655; x_wconf 88' lang='lat' dir='ltr'><strong>jectat,</strong></span> <span class='ocrx_word' id='word_1_674' title='bbox 816 4602 847 4641; x_wconf 88' lang='lat' dir='ltr'><strong>e</strong></span> <span class='ocrx_word' id='word_1_675' title='bbox 876 4602 978 4655; x_wconf 88' lang='lat' dir='ltr'><strong>qua</strong></span> <span class='ocrx_word' id='word_1_676' title='bbox 1020 4588 1296 4642; x_wconf 88' lang='lat' dir='ltr'><strong>hominum</strong></span> <span class='ocrx_word' id='word_1_677' title='bbox 1325 4584 1519 4638; x_wconf 67' lang='lat' dir='ltr'><strong>anima:</strong></span> <span class='ocrx_word' id='word_1_678' title='bbox 1551 4580 1795 4635; x_wconf 73' lang='lat' dir='ltr'><strong>formatm</strong></span> <span class='ocrx_word' id='word_1_679' title='bbox 1824 4578 2045 4632; x_wconf 87' lang='lat' dir='ltr'><strong>subinde</strong></span> <span class='ocrx_word' id='word_1_680' title='bbox 2096 4594 2162 4635; x_wconf 89' lang='lat' dir='ltr'><strong>ac</strong></span> 
     </span>
    </p>
   </div>
   <div class='ocr_carea' id='block_1_93' title="bbox 603 4670 2158 4743">
    <p class='ocr_par' dir='ltr' id='par_1_93' title="bbox 603 4670 2158 4743">
     <span class='ocr_line' id='line_1_93' title="bbox 603 4670 2158 4743; baseline -0.004 -16"><span class='ocrx_word' id='word_1_681' title='bbox 603 4675 741 4728; x_wconf 77' lang='lat' dir='ltr'><strong>ficta:</strong></span> <span class='ocrx_word' id='word_1_682' title='bbox 773 4685 942 4728; x_wconf 87' lang='lat' dir='ltr'><strong>sunt:</strong></span> <span class='ocrx_word' id='word_1_683' title='bbox 988 4692 1007 4727; x_wconf 79' lang='grc' dir='ltr'><strong>ι</strong></span> <span class='ocrx_word' id='word_1_684' title='bbox 1046 4674 1301 4729; x_wconf 87' lang='lat' dir='ltr'><strong>Fortasse</strong></span> <span class='ocrx_word' id='word_1_685' title='bbox 1343 4672 1537 4743; x_wconf 88' lang='lat' dir='ltr'><strong>potuit,</strong></span> <span class='ocrx_word' id='word_1_686' title='bbox 1598 4670 1810 4740; x_wconf 90' lang='lat' dir='ltr'><strong>inquit,</strong></span> <span class='ocrx_word' id='word_1_687' title='bbox 1858 4678 1913 4723; x_wconf 90' lang='lat' dir='ltr'><strong>et</strong></span> <span class='ocrx_word' id='word_1_688' title='bbox 1957 4670 2158 4737; x_wconf 85' lang='lat' dir='ltr'><strong>anima,</strong></span> 
     </span>
    </p>
   </div>
   <div class='ocr_carea' id='block_1_94' title="bbox 600 4760 2159 4833">
    <p class='ocr_par' dir='ltr' id='par_1_94' title="bbox 600 4760 2159 4833">
     <span class='ocr_line' id='line_1_94' title="bbox 600 4760 2159 4833; baseline -0.003 -15"><span class='ocrx_word' id='word_1_689' title='bbox 600 4775 887 4833; x_wconf 81' lang='lat' dir='ltr'><strong>antequam</strong></span> <span class='ocrx_word' id='word_1_690' title='bbox 921 4779 983 4818; x_wconf 88' lang='lat' dir='ltr'><strong>ea</strong></span> <span class='ocrx_word' id='word_1_691' title='bbox 1011 4765 1122 4833; x_wconf 89' lang='lat' dir='ltr'><strong>ipsa</strong></span> <span class='ocrx_word' id='word_1_692' title='bbox 1163 4774 1352 4819; x_wconf 87' lang='lat' dir='ltr'><strong>natura</strong></span> <span class='ocrx_word' id='word_1_693' title='bbox 1386 4761 1559 4826; x_wconf 89' lang='lat' dir='ltr'><strong>fieret,</strong></span> <span class='ocrx_word' id='word_1_694' title='bbox 1586 4777 1705 4830; x_wconf 59' lang='lat' dir='ltr'><strong>quae</strong></span> <span class='ocrx_word' id='word_1_695' title='bbox 1732 4760 1909 4813; x_wconf 89' lang='lat' dir='ltr'><strong>anima</strong></span> <span class='ocrx_word' id='word_1_696' title='bbox 1942 4760 2159 4829; x_wconf 89' lang='lat' dir='ltr'><strong>dicitur,</strong></span> 
     </span>
    </p>
   </div>
   <div class='ocr_carea' id='block_1_95' title="bbox 597 4848 2158 4924">
    <p class='ocr_par' dir='ltr' id='par_1_95' title="bbox 597 4848 2158 4924">
     <span class='ocr_line' id='line_1_95' title="bbox 597 4848 2158 4924; baseline -0.005 -14"><span class='ocrx_word' id='word_1_697' title='bbox 597 4856 754 4924; x_wconf 89' lang='lat' dir='ltr'><strong>cujus</strong></span> <span class='ocrx_word' id='word_1_698' title='bbox 781 4854 863 4909; x_wconf 89' lang='lat' dir='ltr'><strong>vel</strong></span> <span class='ocrx_word' id='word_1_699' title='bbox 900 4854 1239 4923; x_wconf 84' lang='lat' dir='ltr'><strong>pulchritudo</strong></span> <span class='ocrx_word' id='word_1_700' title='bbox 1267 4853 1462 4915; x_wconf 91' lang='lat' dir='ltr'><strong>virtus,</strong></span> <span class='ocrx_word' id='word_1_701' title='bbox 1510 4850 1590 4904; x_wconf 90' lang='lat' dir='ltr'><strong>vel</strong></span> <span class='ocrx_word' id='word_1_702' title='bbox 1627 4848 1945 4904; x_wconf 87' lang='lat' dir='ltr'><strong>deformitas</strong></span> <span class='ocrx_word' id='word_1_703' title='bbox 1971 4848 2158 4902; x_wconf 90' lang='lat' dir='ltr'><strong>vitium</strong></span> 
     </span>
    </p>
   </div>
   <div class='ocr_carea' id='block_1_96' title="bbox 596 4939 2157 5014">
    <p class='ocr_par' dir='ltr' id='par_1_96' title="bbox 596 4939 2157 5014">
     <span class='ocr_line' id='line_1_96' title="bbox 596 4939 2157 5014; baseline -0.006 -13"><span class='ocrx_word' id='word_1_704' title='bbox 596 4956 701 5013; x_wconf 89' lang='lat' dir='ltr'><strong>est,</strong></span> <span class='ocrx_word' id='word_1_705' title='bbox 734 4946 930 5001; x_wconf 88' lang='lat' dir='ltr'><strong>habere</strong></span> <span class='ocrx_word' id='word_1_706' title='bbox 957 4944 1189 5014; x_wconf 88' lang='lat' dir='ltr'><strong>aliquam</strong></span> <span class='ocrx_word' id='word_1_707' title='bbox 1222 4945 1501 4998; x_wconf 89' lang='lat' dir='ltr'><strong>materiam</strong></span> <span class='ocrx_word' id='word_1_708' title='bbox 1538 4958 1635 5012; x_wconf 92' lang='lat' dir='ltr'><strong>pro</strong></span> <span class='ocrx_word' id='word_1_709' title='bbox 1663 4958 1760 4997; x_wconf 91' lang='lat' dir='ltr'><strong>suo</strong></span> <span class='ocrx_word' id='word_1_710' title='bbox 1808 4954 2005 5011; x_wconf 85' lang='lat' dir='ltr'><strong>genere</strong></span> <span class='ocrx_word' id='word_1_711' title='bbox 2043 4939 2157 5009; x_wconf 86' lang='lat' dir='ltr'><strong>spi-</strong></span> 
     </span>
    </p>
   </div>
   <div class='ocr_carea' id='block_1_97' title="bbox 597 5028 2159 5100">
    <p class='ocr_par' dir='ltr' id='par_1_97' title="bbox 597 5028 2159 5100">
     <span class='ocr_line' id='line_1_97' title="bbox 597 5028 2159 5100; baseline -0.003 -15"><span class='ocrx_word' id='word_1_712' title='bbox 597 5031 868 5096; x_wconf 81' lang='lat' dir='ltr'><strong>ritualem,</strong></span> <span class='ocrx_word' id='word_1_713' title='bbox 899 5047 1018 5100; x_wconf 88' lang='lat' dir='ltr'><strong>quae</strong></span> <span class='ocrx_word' id='word_1_714' title='bbox 1048 5031 1283 5085; x_wconf 84' lang='lat' dir='ltr'><strong>nondum</strong></span> <span class='ocrx_word' id='word_1_715' title='bbox 1313 5040 1458 5084; x_wconf 89' lang='lat' dir='ltr'><strong>esset</strong></span> <span class='ocrx_word' id='word_1_716' title='bbox 1488 5031 1703 5094; x_wconf 88' lang='lat' dir='ltr'><strong>anima;</strong></span> <span class='ocrx_word' id='word_1_717' title='bbox 1736 5029 1875 5084; x_wconf 86' lang='lat' dir='ltr'><strong>sicut</strong></span> <span class='ocrx_word' id='word_1_718' title='bbox 1905 5039 2069 5095; x_wconf 89' lang='lat' dir='ltr'><strong>terra,</strong></span> <span class='ocrx_word' id='word_1_719' title='bbox 2093 5028 2159 5081; x_wconf 93' lang='lat' dir='ltr'><strong>de</strong></span> 
     </span>
    </p>
   </div>
   <div class='ocr_carea' id='block_1_98' title="bbox 596 5122 2155 5193">
    <p class='ocr_par' dir='ltr' id='par_1_98' title="bbox 596 5122 2155 5193">
     <span class='ocr_line' id='line_1_98' title="bbox 596 5122 2155 5193; baseline -0.001 -20"><span class='ocrx_word' id='word_1_720' title='bbox 596 5137 701 5190; x_wconf 86' lang='lat' dir='ltr'><strong>qua</strong></span> <span class='ocrx_word' id='word_1_721' title='bbox 732 5137 858 5177; x_wconf 85' lang='lat' dir='ltr'><strong>caro</strong></span> <span class='ocrx_word' id='word_1_722' title='bbox 900 5123 1037 5178; x_wconf 83' lang='lat' dir='ltr'><strong>facta</strong></span> <span class='ocrx_word' id='word_1_723' title='bbox 1066 5133 1168 5188; x_wconf 92' lang='lat' dir='ltr'><strong>est,</strong></span> <span class='ocrx_word' id='word_1_724' title='bbox 1213 5123 1325 5193; x_wconf 91' lang='lat' dir='ltr'><strong>jam</strong></span> <span class='ocrx_word' id='word_1_725' title='bbox 1352 5130 1469 5176; x_wconf 90' lang='lat' dir='ltr'><strong>erat</strong></span> <span class='ocrx_word' id='word_1_726' title='bbox 1517 5122 1739 5191; x_wconf 91' lang='lat' dir='ltr'><strong>aliquid,</strong></span> <span class='ocrx_word' id='word_1_727' title='bbox 1772 5122 2020 5191; x_wconf 88' lang='lat' dir='ltr'><strong>quamvis</strong></span> <span class='ocrx_word' id='word_1_728' title='bbox 2051 5135 2155 5174; x_wconf 89' lang='lat' dir='ltr'><strong>non</strong></span> 
     </span>
    </p>
   </div>
   <div class='ocr_carea' id='block_1_99' title="bbox 598 5208 2158 5281">
    <p class='ocr_par' dir='ltr' id='par_1_99' title="bbox 598 5208 2158 5281">
     <span class='ocr_line' id='line_1_99' title="bbox 598 5208 2158 5281; baseline -0.004 -14"><span class='ocrx_word' id='word_1_729' title='bbox 598 5222 716 5267; x_wconf 84' lang='lat' dir='ltr'><strong>erat</strong></span> <span class='ocrx_word' id='word_1_730' title='bbox 741 5228 898 5281; x_wconf 87' lang='lat' dir='ltr'><strong>caro;</strong></span> <span class='ocrx_word' id='word_1_731' title='bbox 939 5233 958 5266; x_wconf 85' lang='grc' dir='ltr'><strong>ι</strong></span> <span class='ocrx_word' id='word_1_732' title='bbox 989 5224 1083 5269; x_wconf 85' lang='lat' dir='ltr'><strong>ett</strong></span> <span class='ocrx_word' id='word_1_733' title='bbox 1114 5212 1347 5267; x_wconf 83' lang='lat' dir='ltr'><strong>Retract.</strong></span> <span class='ocrx_word' id='word_1_734' title='bbox 1382 5230 1401 5268; x_wconf 93' lang='lat'><em>:</em></span> <span class='ocrx_word' id='word_1_735' title='bbox 1444 5229 1463 5262; x_wconf 83' lang='grc' dir='ltr'><strong>ι</strong></span> <span class='ocrx_word' id='word_1_736' title='bbox 1501 5210 1632 5265; x_wconf 88' lang='lat' dir='ltr'><strong>Nam</strong></span> <span class='ocrx_word' id='word_1_737' title='bbox 1678 5210 1821 5281; x_wconf 87' lang='lat' dir='ltr'><strong>qttod</strong></span> <span class='ocrx_word' id='word_1_738' title='bbox 1872 5210 2062 5263; x_wconf 85' lang='lat' dir='ltr'><strong>attinet</strong></span> <span class='ocrx_word' id='word_1_739' title='bbox 2091 5208 2158 5262; x_wconf 90' lang='lat' dir='ltr'><strong>ad</strong></span> 
     </span>
    </p>
   </div>
   <div class='ocr_carea' id='block_1_100' title="bbox 600 5297 2158 5373">
    <p class='ocr_par' dir='ltr' id='par_1_100' title="bbox 600 5297 2158 5373">
     <span class='ocr_line' id='line_1_100' title="bbox 600 5297 2158 5373; baseline -0.003 -18"><span class='ocrx_word' id='word_1_740' title='bbox 600 5302 763 5356; x_wconf 87' lang='lat' dir='ltr'><strong>animi</strong></span> <span class='ocrx_word' id='word_1_741' title='bbox 801 5304 1084 5373; x_wconf 90' lang='lat' dir='ltr'><strong>originem,</strong></span> <span class='ocrx_word' id='word_1_742' title='bbox 1110 5316 1215 5372; x_wconf 89' lang='lat' dir='ltr'><strong>qua</strong></span> <span class='ocrx_word' id='word_1_743' title='bbox 1246 5303 1317 5356; x_wconf 91' lang='lat' dir='ltr'><strong>sit</strong></span> <span class='ocrx_word' id='word_1_744' title='bbox 1347 5301 1400 5354; x_wconf 91' lang='lat' dir='ltr'><strong>in</strong></span> <span class='ocrx_word' id='word_1_745' title='bbox 1449 5316 1693 5370; x_wconf 89' lang='lat' dir='ltr'><strong>corpore,</strong></span> <span class='ocrx_word' id='word_1_746' title='bbox 1746 5308 1923 5354; x_wconf 90' lang='lat' dir='ltr'><strong>utrum</strong></span> <span class='ocrx_word' id='word_1_747' title='bbox 1970 5300 2036 5353; x_wconf 91' lang='lat' dir='ltr'><strong>de</strong></span> <span class='ocrx_word' id='word_1_748' title='bbox 2067 5297 2158 5352; x_wconf 89' lang='lat' dir='ltr'><strong>illo</strong></span> 
     </span>
    </p>
   </div>
   <div class='ocr_carea' id='block_1_101' title="bbox 597 5388 2155 5462">
    <p class='ocr_par' dir='ltr' id='par_1_101' title="bbox 597 5388 2155 5462">
     <span class='ocr_line' id='line_1_101' title="bbox 597 5388 2155 5462; baseline -0.004 -16"><span class='ocrx_word' id='word_1_749' title='bbox 597 5406 705 5446; x_wconf 93' lang='lat' dir='ltr'><strong>uno</strong></span> <span class='ocrx_word' id='word_1_750' title='bbox 749 5392 840 5457; x_wconf 89' lang='lat' dir='ltr'><strong>sit,</strong></span> <span class='ocrx_word' id='word_1_751' title='bbox 888 5392 979 5460; x_wconf 88' lang='lat' dir='ltr'><strong>qui</strong></span> <span class='ocrx_word' id='word_1_752' title='bbox 1020 5394 1251 5462; x_wconf 89' lang='lat' dir='ltr'><strong>primum</strong></span> <span class='ocrx_word' id='word_1_753' title='bbox 1302 5398 1534 5455; x_wconf 87' lang='lat' dir='ltr'><strong>creatus,</strong></span> <span class='ocrx_word' id='word_1_754' title='bbox 1584 5390 1799 5458; x_wconf 89' lang='lat' dir='ltr'><strong>quando</strong></span> <span class='ocrx_word' id='word_1_755' title='bbox 1851 5388 2021 5442; x_wconf 91' lang='lat' dir='ltr'><strong>factus</strong></span> <span class='ocrx_word' id='word_1_756' title='bbox 2073 5395 2155 5441; x_wconf 92' lang='lat' dir='ltr'><strong>est</strong></span> 
     </span>
    </p>
   </div>
   <div class='ocr_carea' id='block_1_102' title="bbox 596 5478 2151 5548">
    <p class='ocr_par' dir='ltr' id='par_1_102' title="bbox 596 5478 2151 5548">
     <span class='ocr_line' id='line_1_102' title="bbox 596 5478 2151 5548; baseline -0.003 -13"><span class='ocrx_word' id='word_1_757' title='bbox 596 5482 756 5536; x_wconf 87' lang='lat' dir='ltr'><strong>homo</strong></span> <span class='ocrx_word' id='word_1_758' title='bbox 787 5481 841 5534; x_wconf 91' lang='lat' dir='ltr'><strong>in</strong></span> <span class='ocrx_word' id='word_1_759' title='bbox 868 5483 1103 5537; x_wconf 89' lang='lat' dir='ltr'><strong>animam</strong></span> <span class='ocrx_word' id='word_1_760' title='bbox 1129 5483 1420 5548; x_wconf 88' lang='lat' dir='ltr'><strong>viventem,</strong></span> <span class='ocrx_word' id='word_1_761' title='bbox 1472 5496 1540 5535; x_wconf 92' lang='lat' dir='ltr'><strong>an</strong></span> <span class='ocrx_word' id='word_1_762' title='bbox 1579 5480 1832 5535; x_wconf 88' lang='lat' dir='ltr'><strong>similiter</strong></span> <span class='ocrx_word' id='word_1_763' title='bbox 1877 5480 2007 5533; x_wconf 89' lang='lat' dir='ltr'><strong>fiant</strong></span> <span class='ocrx_word' id='word_1_764' title='bbox 2040 5478 2151 5533; x_wconf 88' lang='lat' dir='ltr'><strong>sin-</strong></span> 
     </span>
    </p>
   </div>
   <div class='ocr_carea' id='block_1_103' title="bbox 595 5571 2148 5647">
    <p class='ocr_par' dir='ltr' id='par_1_103' title="bbox 595 5571 2148 5647">
     <span class='ocr_line' id='line_1_103' title="bbox 595 5571 2148 5647; baseline -0.004 -17"><span class='ocrx_word' id='word_1_765' title='bbox 595 5577 732 5646; x_wconf 86' lang='lat' dir='ltr'><strong>gulis</strong></span> <span class='ocrx_word' id='word_1_766' title='bbox 762 5576 1012 5647; x_wconf 73' lang='lat' dir='ltr'><strong>singulaa,</strong></span> <span class='ocrx_word' id='word_1_767' title='bbox 1038 5591 1138 5632; x_wconf 89' lang='lat' dir='ltr'><strong>nec</strong></span> <span class='ocrx_word' id='word_1_768' title='bbox 1168 5586 1279 5631; x_wconf 90' lang='lat' dir='ltr'><strong>tum</strong></span> <span class='ocrx_word' id='word_1_769' title='bbox 1303 5573 1564 5642; x_wconf 86' lang='lat' dir='ltr'><strong>sciebam,</strong></span> <span class='ocrx_word' id='word_1_770' title='bbox 1608 5588 1705 5629; x_wconf 89' lang='lat' dir='ltr'><strong>nec</strong></span> <span class='ocrx_word' id='word_1_771' title='bbox 1736 5573 1909 5627; x_wconf 88' lang='lat' dir='ltr'><strong>adhuc</strong></span> <span class='ocrx_word' id='word_1_772' title='bbox 1952 5571 2085 5627; x_wconf 90' lang='lat' dir='ltr'><strong>scio.</strong></span> <span class='ocrx_word' id='word_1_773' title='bbox 2130 5589 2148 5624; x_wconf 84' lang='grc' dir='ltr'><strong>ι</strong></span> 
     </span>
    </p>
   </div>
   <div class='ocr_carea' id='block_1_104' title="bbox 668 5755 1093 5823">
    <p class='ocr_par' dir='ltr' id='par_1_104' title="bbox 668 5755 1093 5823">
     <span class='ocr_line' id='line_1_104' title="bbox 668 5755 1093 5823; baseline 0.012 -16"><span class='ocrx_word' id='word_1_774' title='bbox 668 5756 714 5788; x_wconf 74' lang='grc'><strong>⁸⁸</strong></span> <span class='ocrx_word' id='word_1_775' title='bbox 742 5755 893 5811; x_wconf 87' lang='lat' dir='ltr'><strong>Joan.</strong></span> <span class='ocrx_word' id='word_1_776' title='bbox 924 5773 974 5823; x_wconf 88' lang='lat' dir='ltr'><strong>v,</strong></span> <span class='ocrx_word' id='word_1_777' title='bbox 1007 5758 1093 5812; x_wconf 87' lang='lat' dir='ltr'><strong>I7.</strong></span> 
     </span>
    </p>
   </div>
   <div class='ocr_carea' id='block_1_105' title="bbox 2261 4561 3773 4633">
    <p class='ocr_par' dir='ltr' id='par_1_105' title="bbox 2261 4561 3773 4633">
     <span class='ocr_line' id='line_1_105' title="bbox 2261 4561 3773 4633; baseline 0 -18"><span class='ocrx_word' id='word_1_778' title='bbox 2261 4577 2327 4615; x_wconf 92' lang='lat' dir='ltr'><strong>an</strong></span> <span class='ocrx_word' id='word_1_779' title='bbox 2355 4563 2607 4633; x_wconf 72' lang='lat' dir='ltr'><strong>angelicae</strong></span> <span class='ocrx_word' id='word_1_780' title='bbox 2636 4564 2847 4628; x_wconf 88' lang='lat' dir='ltr'><strong>similis,</strong></span> <span class='ocrx_word' id='word_1_781' title='bbox 2898 4578 2965 4615; x_wconf 90' lang='lat' dir='ltr'><strong>an</strong></span> <span class='ocrx_word' id='word_1_782' title='bbox 2997 4566 3303 4628; x_wconf 90' lang='lat' dir='ltr'><strong>crassioris,</strong></span> <span class='ocrx_word' id='word_1_783' title='bbox 3357 4577 3411 4621; x_wconf 91' lang='lat' dir='ltr'><strong>et</strong></span> <span class='ocrx_word' id='word_1_784' title='bbox 3440 4569 3502 4619; x_wconf 90' lang='lat' dir='ltr'><strong>ad</strong></span> <span class='ocrx_word' id='word_1_785' title='bbox 3529 4564 3653 4619; x_wconf 86' lang='lat' dir='ltr'><strong>illam</strong></span> <span class='ocrx_word' id='word_1_786' title='bbox 3689 4561 3773 4615; x_wconf 64' lang='lat' dir='ltr'><strong>da-</strong></span> 
     </span>
    </p>
   </div>
   <div class='ocr_carea' id='block_1_106' title="bbox 2260 4654 3770 4726">
    <p class='ocr_par' dir='ltr' id='par_1_106' title="bbox 2260 4654 3770 4726">
     <span class='ocr_line' id='line_1_106' title="bbox 2260 4654 3770 4726; baseline -0.004 -17"><span class='ocrx_word' id='word_1_787' title='bbox 2260 4669 2518 4720; x_wconf 84' lang='lat' dir='ltr'><strong>mouum,</strong></span> <span class='ocrx_word' id='word_1_788' title='bbox 2573 4671 2733 4724; x_wconf 91' lang='lat' dir='ltr'><strong>quam</strong></span> <span class='ocrx_word' id='word_1_789' title='bbox 2792 4654 3035 4726; x_wconf 90' lang='lat' dir='ltr'><strong>angelica</strong></span> <span class='ocrx_word' id='word_1_790' title='bbox 3080 4657 3390 4725; x_wconf 86' lang='lat' dir='ltr'><strong>spissioretn</strong></span> <span class='ocrx_word' id='word_1_791' title='bbox 3445 4656 3770 4712; x_wconf 87' lang='lat' dir='ltr'><strong>ostendimus,</strong></span> 
     </span>
    </p>
   </div>
   <div class='ocr_carea' id='block_1_107' title="bbox 2258 4743 3771 4816">
    <p class='ocr_par' dir='ltr' id='par_1_107' title="bbox 2258 4743 3771 4816">
     <span class='ocr_line' id='line_1_107' title="bbox 2258 4743 3771 4816; baseline -0.006 -16"><span class='ocrx_word' id='word_1_792' title='bbox 2258 4746 2478 4816; x_wconf 89' lang='lat' dir='ltr'><strong>propius</strong></span> <span class='ocrx_word' id='word_1_793' title='bbox 2514 4746 2841 4801; x_wconf 76' lang='lat' dir='ltr'><strong>accedentia.</strong></span> <span class='ocrx_word' id='word_1_794' title='bbox 2890 4748 2967 4801; x_wconf 81' lang='lat' dir='ltr'><strong>Ac</strong></span> <span class='ocrx_word' id='word_1_795' title='bbox 2999 4756 3219 4800; x_wconf 88' lang='lat' dir='ltr'><strong>naturas</strong></span> <span class='ocrx_word' id='word_1_796' title='bbox 3267 4747 3549 4801; x_wconf 86' lang='lat' dir='ltr'><strong>rationales</strong></span> <span class='ocrx_word' id='word_1_797' title='bbox 3576 4743 3771 4798; x_wconf 81' lang='lat' dir='ltr'><strong>diximus</strong></span> 
     </span>
    </p>
   </div>
   <div class='ocr_carea' id='block_1_108' title="bbox 2256 4830 3767 4907">
    <p class='ocr_par' dir='ltr' id='par_1_108' title="bbox 2256 4830 3767 4907">
     <span class='ocr_line' id='line_1_108' title="bbox 2256 4830 3767 4907; baseline -0.006 -16"><span class='ocrx_word' id='word_1_798' title='bbox 2256 4852 2355 4907; x_wconf 92' lang='lat' dir='ltr'><strong>pro</strong></span> <span class='ocrx_word' id='word_1_799' title='bbox 2403 4838 2639 4903; x_wconf 89' lang='lat' dir='ltr'><strong>meritis,</strong></span> <span class='ocrx_word' id='word_1_800' title='bbox 2710 4839 3069 4893; x_wconf 86' lang='lat' dir='ltr'><strong>crassioribus</strong></span> <span class='ocrx_word' id='word_1_801' title='bbox 3146 4841 3540 4895; x_wconf 86' lang='lat' dir='ltr'><strong>tennioribusve</strong></span> <span class='ocrx_word' id='word_1_802' title='bbox 3609 4830 3767 4901; x_wconf 83' lang='lat' dir='ltr'><strong>illigari</strong></span> 
     </span>
    </p>
   </div>
   <div class='ocr_carea' id='block_1_109' title="bbox 2261 4926 3769 5003">
    <p class='ocr_par' dir='ltr' id='par_1_109' title="bbox 2261 4926 3769 5003">
     <span class='ocr_line' id='line_1_109' title="bbox 2261 4926 3769 5003; baseline -0.002 -20"><span class='ocrx_word' id='word_1_803' title='bbox 2261 4931 2575 4999; x_wconf 90' lang='lat' dir='ltr'><strong>corporibus</strong></span> <span class='ocrx_word' id='word_1_804' title='bbox 2603 4949 2618 4985; x_wconf 92' lang='lat'><strong>:</strong></span> <span class='ocrx_word' id='word_1_805' title='bbox 2655 4946 2778 4987; x_wconf 88' lang='lat' dir='ltr'><strong>cum</strong></span> <span class='ocrx_word' id='word_1_806' title='bbox 2813 4931 3005 4986; x_wconf 73' lang='lat' dir='ltr'><strong>animae</strong></span> <span class='ocrx_word' id='word_1_807' title='bbox 3030 4940 3210 4985; x_wconf 81' lang='lat' dir='ltr'><strong>autem</strong></span> <span class='ocrx_word' id='word_1_808' title='bbox 3246 4932 3449 5003; x_wconf 89' lang='lat' dir='ltr'><strong>angelis</strong></span> <span class='ocrx_word' id='word_1_809' title='bbox 3478 4932 3658 4983; x_wconf 86' lang='lat' dir='ltr'><strong>virtute</strong></span> <span class='ocrx_word' id='word_1_810' title='bbox 3683 4926 3769 4980; x_wconf 76' lang='lat' dir='ltr'><strong>sint</strong></span> 
     </span>
    </p>
   </div>
   <div class='ocr_carea' id='block_1_110' title="bbox 2264 5023 3771 5090">
    <p class='ocr_par' dir='ltr' id='par_1_110' title="bbox 2264 5023 3771 5090">
     <span class='ocr_line' id='line_1_110' title="bbox 2264 5023 3771 5090; baseline -0.005 -14"><span class='ocrx_word' id='word_1_811' title='bbox 2264 5023 2545 5077; x_wconf 88' lang='lat' dir='ltr'><strong>inferiores</strong></span> <span class='ocrx_word' id='word_1_812' title='bbox 2577 5038 2640 5078; x_wconf 89' lang='lat' dir='ltr'><strong>ac</strong></span> <span class='ocrx_word' id='word_1_813' title='bbox 2690 5025 2917 5089; x_wconf 87' lang='lat' dir='ltr'><strong>meritis,</strong></span> <span class='ocrx_word' id='word_1_814' title='bbox 2976 5024 3262 5079; x_wconf 89' lang='lat' dir='ltr'><strong>crassioris</strong></span> <span class='ocrx_word' id='word_1_815' title='bbox 3294 5039 3413 5079; x_wconf 88' lang='lat' dir='ltr'><strong>esse</strong></span> <span class='ocrx_word' id='word_1_816' title='bbox 3454 5028 3771 5090; x_wconf 72' lang='lat' dir='ltr'><strong>corporatura)</strong></span> 
     </span>
    </p>
   </div>
   <div class='ocr_carea' id='block_1_111' title="bbox 2261 5101 3767 5186">
    <p class='ocr_par' dir='ltr' id='par_1_111' title="bbox 2261 5101 3767 5186">
     <span class='ocr_line' id='line_1_111' title="bbox 2261 5101 3767 5186; baseline -0.001 -20"><span class='ocrx_word' id='word_1_817' title='bbox 2261 5128 2326 5166; x_wconf 86' lang='lat' dir='ltr'><strong>ac</strong></span> <span class='ocrx_word' id='word_1_818' title='bbox 2375 5113 2595 5183; x_wconf 90' lang='lat' dir='ltr'><strong>angelos</strong></span> <span class='ocrx_word' id='word_1_819' title='bbox 2646 5115 2932 5169; x_wconf 90' lang='lat' dir='ltr'><strong>dicendum</strong></span> <span class='ocrx_word' id='word_1_820' title='bbox 2977 5124 3081 5171; x_wconf 89' lang='lat' dir='ltr'><strong>est.</strong></span> <span class='ocrx_word' id='word_1_821' title='bbox 3136 5116 3391 5186; x_wconf 87' lang='lat' dir='ltr'><strong>Origenes</strong></span> <span class='ocrx_word' id='word_1_822' title='bbox 3430 5115 3521 5167; x_wconf 92' lang='lat' dir='ltr'><strong>lib.</strong></span> <span class='ocrx_word' id='word_1_823' title='bbox 3571 5127 3604 5164; x_wconf 80' lang='grc' dir='ltr'><strong>ιι</strong></span> <span class='ocrx_word' id='word_1_824' title='bbox 3654 5101 3767 5173; x_wconf 69' lang='grc' dir='ltr'><strong>Περὶ</strong></span> 
     </span>
    </p>
   </div>
   <div class='ocr_carea' id='block_1_112' title="bbox 2261 5195 3769 5278">
    <p class='ocr_par' dir='ltr' id='par_1_112' title="bbox 2261 5195 3769 5278">
     <span class='ocr_line' id='line_1_112' title="bbox 2261 5195 3769 5278; baseline -0.007 -20"><span class='ocrx_word' id='word_1_825' title='bbox 2261 5203 2480 5272; x_wconf 79' lang='grc' dir='ltr'><strong>ἀρχῶν,</strong></span> <span class='ocrx_word' id='word_1_826' title='bbox 2515 5221 2630 5274; x_wconf 91' lang='lat' dir='ltr'><strong>cap.</strong></span> <span class='ocrx_word' id='word_1_827' title='bbox 2672 5206 2726 5271; x_wconf 71' lang='lat'><strong>2,</strong></span> <span class='ocrx_word' id='word_1_828' title='bbox 2763 5222 2911 5260; x_wconf 86' lang='lat' dir='ltr'><strong>nunt.</strong></span> <span class='ocrx_word' id='word_1_829' title='bbox 2942 5207 2978 5260; x_wconf 79' lang='lat'><strong>2</strong></span> <span class='ocrx_word' id='word_1_830' title='bbox 3009 5225 3023 5260; x_wconf 89' lang='lat'><strong>:</strong></span> <span class='ocrx_word' id='word_1_831' title='bbox 3059 5226 3077 5259; x_wconf 90' lang='grc' dir='ltr'><strong>ι</strong></span> <span class='ocrx_word' id='word_1_832' title='bbox 3117 5207 3186 5262; x_wconf 90' lang='lat' dir='ltr'><strong>Ut</strong></span> <span class='ocrx_word' id='word_1_833' title='bbox 3225 5223 3352 5278; x_wconf 85' lang='lat' dir='ltr'><strong>ergo</strong></span> <span class='ocrx_word' id='word_1_834' title='bbox 3388 5203 3617 5273; x_wconf 86' lang='lat' dir='ltr'><strong>superius</strong></span> <span class='ocrx_word' id='word_1_835' title='bbox 3657 5195 3769 5250; x_wconf 65' lang='lat' dir='ltr'><strong>ditio</strong></span> 
     </span>
    </p>
   </div>
   <div class='ocr_carea' id='block_1_113' title="bbox 2262 5294 3764 5366">
    <p class='ocr_par' dir='ltr' id='par_1_113' title="bbox 2262 5294 3764 5366">
     <span class='ocr_line' id='line_1_113' title="bbox 2262 5294 3764 5366; baseline -0.003 -18"><span class='ocrx_word' id='word_1_836' title='bbox 2262 5312 2404 5360; x_wconf 83' lang='lat' dir='ltr'><strong>ntus,</strong></span> <span class='ocrx_word' id='word_1_837' title='bbox 2457 5299 2746 5354; x_wconf 84' lang='lat' dir='ltr'><strong>ntaterialis</strong></span> <span class='ocrx_word' id='word_1_838' title='bbox 2780 5298 3083 5353; x_wconf 87' lang='lat' dir='ltr'><strong>substantia</strong></span> <span class='ocrx_word' id='word_1_839' title='bbox 3121 5297 3278 5366; x_wconf 88' lang='lat' dir='ltr'><strong>hujus</strong></span> <span class='ocrx_word' id='word_1_840' title='bbox 3332 5294 3506 5349; x_wconf 89' lang='lat' dir='ltr'><strong>mundi</strong></span> <span class='ocrx_word' id='word_1_841' title='bbox 3536 5300 3764 5347; x_wconf 78' lang='lat' dir='ltr'><strong>naturam.</strong></span> 
     </span>
    </p>
   </div>
   <div class='ocr_carea' id='block_1_114' title="bbox 2260 5376 3765 5456">
    <p class='ocr_par' dir='ltr' id='par_1_114' title="bbox 2260 5376 3765 5456">
     <span class='ocr_line' id='line_1_114' title="bbox 2260 5376 3765 5456; baseline -0.005 -13"><span class='ocrx_word' id='word_1_842' title='bbox 2260 5403 2381 5456; x_wconf 64' lang='lat' dir='ltr'><strong>quae</strong></span> <span class='ocrx_word' id='word_1_843' title='bbox 2411 5404 2475 5443; x_wconf 83' lang='lat' dir='ltr'><strong>ex</strong></span> <span class='ocrx_word' id='word_1_844' title='bbox 2510 5390 2758 5445; x_wconf 91' lang='lat' dir='ltr'><strong>omnibus</strong></span> <span class='ocrx_word' id='word_1_845' title='bbox 2786 5392 2850 5443; x_wconf 89' lang='lat' dir='ltr'><strong>ad</strong></span> <span class='ocrx_word' id='word_1_846' title='bbox 2896 5392 3080 5446; x_wconf 87' lang='lat' dir='ltr'><strong>omnia</strong></span> <span class='ocrx_word' id='word_1_847' title='bbox 3113 5388 3538 5448; x_wconf 80' lang='lat' dir='ltr'><strong>transforntatur,</strong></span> <span class='ocrx_word' id='word_1_848' title='bbox 3586 5396 3688 5438; x_wconf 86' lang='lat' dir='ltr'><strong>cum</strong></span> <span class='ocrx_word' id='word_1_849' title='bbox 3712 5376 3765 5430; x_wconf 75' lang='lat' dir='ltr'><strong>ad</strong></span> 
     </span>
    </p>
   </div>
   <div class='ocr_carea' id='block_1_115' title="bbox 2262 5468 3764 5553">
    <p class='ocr_par' dir='ltr' id='par_1_115' title="bbox 2262 5468 3764 5553">
     <span class='ocr_line' id='line_1_115' title="bbox 2262 5468 3764 5553; baseline -0.005 -19"><span class='ocrx_word' id='word_1_850' title='bbox 2262 5481 2548 5536; x_wconf 90' lang='lat' dir='ltr'><strong>inferiores</strong></span> <span class='ocrx_word' id='word_1_851' title='bbox 2580 5497 2826 5553; x_wconf 89' lang='lat' dir='ltr'><strong>quosque</strong></span> <span class='ocrx_word' id='word_1_852' title='bbox 2858 5484 3112 5552; x_wconf 90' lang='lat' dir='ltr'><strong>trahitur,</strong></span> <span class='ocrx_word' id='word_1_853' title='bbox 3155 5483 3207 5537; x_wconf 91' lang='lat' dir='ltr'><strong>in</strong></span> <span class='ocrx_word' id='word_1_854' title='bbox 3232 5482 3543 5542; x_wconf 74' lang='lat' dir='ltr'><strong>crassiorem</strong></span> <span class='ocrx_word' id='word_1_855' title='bbox 3565 5468 3764 5543; x_wconf 73' lang='lat' dir='ltr'><strong>corporis</strong></span> 
     </span>
    </p>
   </div>
   <div class='ocr_carea' id='block_1_116' title="bbox 2262 5559 3765 5645">
    <p class='ocr_par' dir='ltr' id='par_1_116' title="bbox 2262 5559 3765 5645">
     <span class='ocr_line' id='line_1_116' title="bbox 2262 5559 3765 5645; baseline -0.009 -20"><span class='ocrx_word' id='word_1_856' title='bbox 2262 5582 2462 5628; x_wconf 88' lang='lat' dir='ltr'><strong>statum</strong></span> <span class='ocrx_word' id='word_1_857' title='bbox 2507 5574 2928 5645; x_wconf 88' lang='lat' dir='ltr'><strong>solidioremque</strong></span> <span class='ocrx_word' id='word_1_858' title='bbox 2972 5576 3279 5641; x_wconf 89' lang='lat' dir='ltr'><strong>formatur,</strong></span> <span class='ocrx_word' id='word_1_859' title='bbox 3347 5573 3419 5629; x_wconf 71' lang='lat' dir='ltr'><strong>ita</strong></span> <span class='ocrx_word' id='word_1_860' title='bbox 3472 5579 3525 5625; x_wconf 90' lang='lat' dir='ltr'><strong>ut</strong></span> <span class='ocrx_word' id='word_1_861' title='bbox 3568 5559 3765 5620; x_wconf 75' lang='lat' dir='ltr'><strong>visibiles</strong></span> 
     </span>
    </p>
   </div>
  </div>
