4054 6310
265 364 370 421 909
1106 361 1671 437 ORIGENIANORUM
1707 362 1835 418 LIB.
1874 363 1938 428 ll,
1973 364 2125 420 CAP.
2162 364 2228 433 ll,
2260 364 2538 433 QUEST.
2577 364 2661 419 Vl.
3381 375 3483 429 ato

264 484 398 539 latas
441 482 629 540 mundi
681 483 908 555 species,
960 483 1248 554 variasque
1296 484 1590 556 distinguat
1642 504 1656 539 :
1707 500 1829 542 cum
1857 490 1906 548 Α
1932 502 2080 541 reum
2115 497 2302 557 putent
2346 501 2487 553 esse,
2520 488 2608 557 qui
2642 489 2710 543 ad
2752 490 3038 560 imaginem
3073 500 3128 549 et
3171 493 3484 552 similitudi-

264 590 397 630 vero
418 576 831 646 perfectioribus
864 575 1137 630 ministrat
1165 586 1223 631 et
1252 577 1615 644 beatioribus,
1645 579 1697 633 in
1728 577 1827 632 ful-
1928 594 2049 636 nem
2104 580 2194 635 Dei
2246 580 2419 635 factus
2464 589 2569 643 est,
2622 581 2786 636 Deum
2825 582 3001 653 ipsum
3051 599 3388 656 corporeum,
3430 600 3487 645 et

262 682 395 737 gore
425 669 723 723 caelestium
757 682 1040 736 corporum
1081 667 1283 735 micat,
1327 680 1383 725 et
1414 670 1676 740 Spiritalis
1708 687 1827 727 cor-
1926 674 2172 728 humana:
2198 671 2383 727 formae
2415 673 2665 728 videntur
2695 674 2985 741 inducere;
3016 678 3156 746 quod
3192 681 3394 736 sentire
3418 685 3484 735 de

260 760 413 828 poris
446 760 777 816 indumentis
803 760 885 815 vel
932 761 1151 829 angelos
1198 762 1317 828 Dei,
1349 763 1432 817 vel
1465 764 1603 820 filios
1641 781 1823 821 resur-
1927 758 2035 815 Deo
2086 759 2518 815 manifestissime
2557 762 2775 830 impium
2827 773 2945 829 est;
2990 783 3007 815 ο
3054 774 3107 819 et
3132 766 3224 823 lib.
3277 785 3293 823 ι
3341 770 3482 838 Περὶ

264 853 522 907 rectionis
555 862 783 908 exornat
815 872 831 909 :
865 868 931 908 ex
963 854 1161 923 quibus
1194 856 1443 910 omnibus
1482 856 1729 913 diversus
1762 874 1805 911 at

1923 848 2142 918 ἀρχῶν,
2191 864 2308 918 cap.
2341 850 2392 915 1,
2425 866 2571 905 num.
2605 852 2675 906 7:
2712 870 2730 904 ι
2768 851 2823 907 Si
2876 855 2966 924 qui
3014 864 3191 911 autem
3221 868 3345 913 sunt
3391 861 3481 929 qui

263 943 448 999 varius
476 945 634 1001 unius
662 946 842 1000 mundi
887 947 1190 1015 completur
1233 958 1442 1013 status;
1484 967 1503 1001 ο
1540 957 1597 1004 et
1650 950 1825 1019 capite
1925 952 2156 996 ηιθιιιοῐη
2186 942 2355 1010 ἱρεεηῖ
2389 946 2735 1013 animamque
2760 962 2955 1017 corpus
2980 961 3098 1004 esse
3128 950 3479 1017 arbitremur:

260 1036 532 1105 sequenti,
565 1052 712 1091 num.
741 1037 775 1092 5
804 1054 819 1091 :
856 1054 878 1090 ι
910 1038 1173 1095 Possibile
1204 1041 1348 1095 enim
1393 1040 1602 1095 videtur
1644 1053 1703 1095 ut
1740 1057 1827 1095 ra-

261 1127 542 1183 tionabiles
590 1140 816 1195 naturae,
862 1145 891 1184 a
935 1132 1129 1201 quibus
1159 1147 1431 1201 nunquam
1480 1134 1725 1188 aufertur
1756 1134 1817 1189 li-

258 1220 376 1275 beri
412 1220 640 1275 facultas
678 1222 917 1287 arbitrii,
953 1224 1161 1291 possint
1189 1224 1380 1277 iterum
1406 1224 1673 1292 aliquibus
1701 1240 1821 1279 mo-

262 1311 405 1365 tibus
432 1309 734 1379 subjacere,
767 1312 1082 1383 indulgente
1128 1314 1229 1368 hoc
1261 1313 1435 1385 ipsum
1467 1314 1719 1379 Domino,
1750 1331 1821 1370 ne

260 1402 399 1459 forte
438 1404 481 1457 si
524 1404 851 1459 immobilem
884 1420 1096 1475 semper
1136 1414 1355 1461 teneant
1406 1414 1626 1471 statum,
1675 1406 1821 1477 igno-

262 1504 381 1550 rent
414 1511 473 1551 se
514 1494 605 1551 Dei
642 1496 815 1565 gratia
848 1505 901 1551 et
953 1512 1054 1551 non
1107 1512 1204 1553 sua
1254 1498 1451 1554 virtute
1483 1499 1536 1553 in
1577 1498 1672 1556 illo
1711 1503 1820 1557 fine

263 1587 609 1643 beatitudinis
660 1589 989 1645 constitisse.
1044 1587 1189 1656 Quos
1247 1599 1432 1645 motus
1486 1592 1604 1647 sine
1658 1593 1819 1649 dubio

260 1697 472 1737 rursum
501 1680 737 1735 varietas
770 1696 1052 1749 corporum
1102 1690 1158 1737 et
1205 1681 1494 1739 diversitas
1527 1699 1818 1754 proseque-

1922 1033 2080 1089 velim
2135 1034 2263 1087 mihi
2309 1035 2716 1104 responderent,
2756 1039 3027 1106 quomodo
3086 1047 3356 1096 tantarum
3394 1059 3479 1099 re-

1924 1141 2062 1190 rum,
2117 1136 2223 1181 tam
2272 1127 2592 1196 dillicilium,
2642 1138 2857 1197 tamque
2903 1131 3181 1187 subtilium
3225 1135 3479 1201 rationes,

1921 1221 2354 1289 assertionesque
2377 1222 2636 1289 recipiat?
2662 1222 2814 1278 Unde
2838 1225 2885 1278 ei
2916 1226 3087 1280 virtus
3115 1229 3427 1283 memorire?
3454 1252 3473 1281 ι

1920 1324 1976 1367 et
2004 1313 2055 1367 in
2089 1314 2410 1380 Protreptico
2457 1316 2526 1368 ad
2552 1318 2888 1385 martyrium,
2943 1334 3093 1376 num.
3127 1320 3195 1372 47
3229 1336 3242 1372 :
3276 1322 3394 1374 Ἔτι
3424 1321 3480 1375 δὲ

1919 1408 2012 1459 καὶ
2056 1407 2307 1476 φιλοζωεί
2354 1407 2654 1479 ἄνθρωπος,
2695 1413 2899 1480 πεῖσμα
2946 1410 3124 1464 λαϐὼν
3150 1414 3275 1486 περὶ
3295 1414 3480 1477 οὐσίας

1917 1499 2137 1569 λογικῆς
2176 1498 2372 1569 ψυχῆς,
2417 1499 2491 1563 ὡς
2518 1499 2747 1572 ἐχούσης
2772 1518 2824 1553 τι
2856 1503 3109 1571 συγγενὲς
3131 1504 3247 1575 Θεῷ
3267 1523 3279 1534 ·
3320 1505 3481 1577 νοερὰ

1916 1588 2024 1659 γὰρ
2042 1588 2277 1660 ἑκάτερα
2302 1588 2395 1642 καὶ
2418 1589 2642 1659 ἀόρατα,
2673 1591 2763 1643 καὶ
2789 1590 2863 1654 ὡς
2887 1593 2914 1644 ὁ
2942 1593 3252 1665 ἐπικρατῶν
3276 1594 3479 1648 ἀποδεί-

1918 1696 2072 1733 κνυσι
2121 1677 2295 1747 λόγος,
2345 1677 2641 1748 ἀσώματα*
2684 1690 2736 1733 et
2777 1680 2869 1735 lih.
2921 1698 2971 1735 vt
3017 1697 3197 1737 contra
3246 1684 3474 1750 Celsum,

258 1782 367 1838 tur,
423 1787 489 1828 ex
542 1789 646 1844 qua
700 1774 930 1830 mundus
962 1789 1177 1843 semper
1205 1777 1535 1843 adornatur;
1592 1793 1689 1834 nec
1718 1795 1805 1833 un-

1918 1787 2063 1823 mtm.
2120 1769 2204 1835 7|,
2258 1767 2415 1823 Κατά
2459 1770 2517 1822 δὲ
2559 1771 2725 1840 ἡμᾶς,
2780 1774 2871 1825 καλ¹
2902 1774 2999 1845 τὴν
3034 1775 3257 1847 λογικὴν
3301 1776 3475 1849 ψυχὴν

252 1880 415 1934 quam
448 1838 645 1932 poterit
691 1866 924 1920 mundus
958 1866 1059 1921 nisi
1082 1838 1359 1922 varietate
1403 1882 1463 1923 ac
1495 1869 1805 1927 diversitate

1916 1860 2283 1933 πειρωμένους
2314 1860 2689 1914 ἀποδεικνύναι
2726 1863 3003 1933 κρείττονα
3030 1866 3207 1936 πάσης
3239 1885 3474 1938 σωματι-

253 1966 529 2022 constare,
560 1956 703 2025 quod
732 1956 866 2012 effici
901 1957 1044 2013 nullo
1071 1973 1267 2027 genere
1303 1969 1481 2030 potest
1512 1970 1668 2017 extra
1700 1977 1805 2017 ma-

1914 1955 2015 2025 κῆς
2047 1953 2277 2022 φύσεως,
2308 1954 2401 2007 καὶ⁵
2430 1953 2615 2008 οὐσίαν
2650 1954 2897 2026 ἀόρατον,
2944 1959 3037 2011 καὶ
3063 1959 3351 2031 ἀσώματον
3372 1977 3387 1992 ο
3422 1974 3478 2017 et

254 2050 445 2104 teriam
477 2048 829 2119 corporalem.
861 2066 880 2101 ι

324 2139 463 2194 XIV.
496 2140 813 2196 Excnsando
848 2151 1029 2195 autem
1074 2141 1310 2212 dogmati
1359 2142 1506 2211 huic,
1558 2160 1667 2215 quo
1695 2147 1813 2201 ani-

253 2234 360 2289 mis
393 2247 619 2300 corpora
647 2233 889 2297 ascribit,
919 2242 1108 2289 contra
1136 2248 1297 2301 quam
1330 2233 1383 2289 in
1415 2235 1654 2292 Ecclesia
1712 2238 1809 2293 ho-

253 2326 342 2381 die
363 2326 625 2390 creditur,
657 2324 959 2393 appositum
987 2333 1075 2379 est
1102 2325 1230 2380 illud
1264 2340 1296 2380 e
1338 2329 1605 2395 prommio
1645 2328 1812 2385 libro-

254 2431 376 2470 rum
420 2415 560 2485 Περὶ
590 2415 811 2486 ἀρχῶν,
857 2432 1003 2471 num.
1034 2416 1067 2471 9
1113 2435 1125 2470 :
1161 2435 1180 2469 ι
1229 2417 1371 2473 Deus
1410 2412 1625 2489 quoque
1669 2436 1807 2490 quo-

252 2507 411 2561 modo
445 2508 664 2578 intelligi
701 2509 915 2572 debeat,
949 2508 1326 2578 inquirendum
1357 2519 1461 2571 est,
1488 2526 1805 2580 corporeus,

248 2609 306 2652 et
334 2600 628 2653 secundum
656 2601 887 2669 aliquem
914 2600 1153 2655 habitum
1186 2599 1543 2667 deformatus,
1572 2618 1639 2657 an
1671 2604 1807 2659 alte-

253 2689 365 2743 rius
405 2697 612 2743 natura
658 2704 819 2758 quam
865 2704 1093 2761 corpora
1129 2700 1282 2756 sunt;
1330 2690 1472 2760 quod
1522 2695 1706 2763 utique
1752 2694 1805 2748 in

249 2779 632 2846 praedicatione
696 2789 879 2835 nostra
934 2780 1221 2837 manifeste
1285 2798 1391 2838 non
1470 2783 1802 2854 designatur.

250 2869 448 2924 Eadem
498 2886 711 2941 quoque
774 2873 938 2928 etiam
989 2874 1057 2930 de
1110 2874 1326 2931 Christo
1380 2883 1434 2929 et
1490 2880 1555 2931 de
1599 2876 1804 2946 Spiritu

248 2970 437 3015 sancto
471 2963 789 3031 requiremla
823 2974 982 3032 sunt;
1045 2967 1140 3021 sed
1185 2977 1242 3021 et
1291 2969 1356 3023 de
1401 2971 1548 3025 omni
1590 2970 1803 3047 tanima,

248 3061 411 3120 atque
459 3052 606 3107 onmi
662 3054 968 3109 rationabili
1006 3067 1194 3112 natura
1232 3060 1581 3116 nihilominus
1624 3062 1805 3131 requi-

251 3144 475 3244 rendum
520 3154 636 3244 est.
664 3145 855 3244 nQure
896 3151 1096 3244 requiri
1140 3152 1367 3244 iubebat
1418 3153 1699 3224 Origenes,
1736 3171 1798 3210 ea
1831 3184 1875 3244 ρ

247 3233 489 3302 profecto
518 3234 766 3292 Ecclesiae
800 3238 1034 3294 decretis
1061 3241 1277 3297 definita
1312 3259 1416 3299 non
1450 3254 1624 3299 erant.
1650 3246 1804 3302 Unde

248 3339 352 3374 non
403 3323 653 3393 Origenis
703 3335 863 3382 astate
893 3329 1153 3385 duntaxat
1182 3333 1321 3387 idem
1370 3334 1702 3389 Tertulliano
1736 3337 1803 3389 de

243 3414 423 3467 anima
474 3415 645 3471 visum
680 3426 783 3483 est,
818 3420 913 3473 sed
959 3430 1012 3475 et
1041 3421 1283 3489 plurimis
1308 3440 1521 3495 quoque
1546 3426 1669 3481 dein
1702 3427 1803 3482 Ec-

244 3508 428 3562 clesiae
452 3507 701 3565 Patrihus
730 3529 745 3564 :
780 3522 905 3581 puta
936 3512 1141 3570 Hilario
1167 3519 1222 3569 in
1248 3516 1440 3572 Matth.
1477 3533 1597 3573 can.
1626 3520 1680 3583 5,
1712 3520 1801 3575 ubi

248 3618 269 3652 ί
299 3601 601 3659 animarum
628 3610 853 3676 species,
884 3608 998 3662 sive
1028 3608 1386 3665 obtinentium
1407 3624 1657 3680 corpora,
1687 3612 1803 3667 sive

239 3697 566 3767 corporibus
595 3699 977 3767 exsulantium,
1016 3717 1330 3771 corpoream
1380 3714 1555 3759 tamen
1595 3715 1801 3759 natura:

240 3805 353 3845 suae
383 3790 738 3846 substantiam
769 3793 953 3847 sortiri
988 3813 1007 3846 ι
1064 3795 1322 3862 przedicat
1356 3811 1371 3847 :
1422 3804 1477 3850 et
1515 3796 1801 3853 Ambrosio

238 3879 335 3936 lib.
360 3897 399 3937 tt
430 3881 505 3937 De
529 3883 818 3948 Abraham,
849 3900 968 3953 cap.
996 3885 1051 3951 8,
1084 3886 1193 3951 ubi,
1249 3895 1445 3956 praeter
1476 3886 1535 3945 S.
1565 3887 1801 3943 Trinita-

242 3983 373 4039 tem,
408 3974 727 4043 corporibus
778 3973 981 4045 reliqua
1032 3984 1280 4031 constare
1309 3979 1546 4034 asserit:
1578 3989 1633 4033 et
1672 3979 1802 4033 Cas-

239 4066 393 4120 siano
419 4065 614 4121 Collal.
664 4082 760 4131 vu,
817 4082 941 4137 cap.
975 4068 1061 4130 15,
1117 4068 1207 4122 ubi
1242 4069 1451 4125 animas
1493 4072 1800 4141 spiritualcs

237 4158 451 4228 quidem
488 4172 611 4214 esse
637 4158 855 4225 fatetur,
887 4160 1231 4229 incorporeas
1276 4172 1431 4231 negat
1458 4177 1474 4215 :
1508 4174 1559 4219 et
1588 4164 1670 4219 his
1699 4180 1798 4218 au-

238 4250 457 4319 tiquiori
489 4250 770 4308 Theodoto
811 4253 864 4306 in
912 4251 1187 4320 Excerptis
1220 4253 1287 4307 ad
1331 4254 1623 4311 Clementis
1672 4257 1801 4311 Ale-

234 4344 488 4399 xandriui
535 4345 742 4400 calcem
795 4344 1060 4413 adjectis,
1124 4349 1213 4403 ubi
1264 4348 1469 4404 animas
1518 4349 1796 4406 hominum

233 4450 529 4503 corporeas
552 4435 974 4512 essegaliirmat:
1008 4448 1063 4493 et
1109 4439 1381 4495 Methodio
1412 4441 1510 4510 ipsi
1550 4441 1799 4512 Origenis

1914 2046 1969 2100 in
2012 2044 2142 2099 Luc.
2201 2061 2275 2111 xi,
2304 2046 2394 2109 3i,
2432 2062 2462 2100 e
2494 2044 2697 2101 Catena
2741 2047 3027 2103 Mazarinae
3082 2051 3422 2109 bibliothecre
3458 2076 3469 2109 :

1924 2136 2242 2207 Ἐπίσκεψαι
2294 2139 2350 2192 δὲ
2381 2138 2430 2191 εἰ
2475 2138 2693 2192 δυνατὸν
2731 2139 3124 2213 τροπολογῆσαι
3172 2145 3476 2211 ἀκολούθως

1909 2229 1987 2301 τῷ
2014 2230 2275 2302 ὀφθαλμῷ
2303 2232 2395 2285 καὶ
2427 2231 2485 2284 τὸ
2508 2232 2683 2303 σῶμα,
2709 2234 2847 2289 ὥστε
2873 2236 2998 2309 ὃλην
3024 2238 3123 2308 ἤδη
3157 2237 3254 2309 τὴν
3276 2239 3471 2311 ψυχὴν,

1910 2322 2009 2376 κᾶν
2043 2322 2117 2394 μὴ
2150 2323 2431 2395 σωματικὴ
2460 2324 2721 2397 τυγχάνῃ,
2759 2325 2985 2394 φάσκειν
3015 2328 3107 2382 νῦν
3134 2329 3382 2397 λέγεσθαι
3414 2331 3475 2385 τὸ

1911 2414 2100 2485 σῶμα·
2144 2423 2199 2470 et
2227 2431 2349 2469 mox
2381 2434 2394 2471 :
2442 2417 2550 2470 Καὶ
2582 2417 2658 2489 μὴ
2687 2417 2972 2492 θαυμάσῃς
3005 2420 3062 2473 δὲ
3108 2422 3253 2475 εἰ⁹ὲν
3304 2422 3379 2494 τῷ
3400 2440 3413 2453 ·
3447 2427 3476 2477 ὁ

1908 2505 2094 2577 λύχνος
2116 2507 2207 2560 τοῦ
2239 2507 2487 2579 σώματός
2518 2510 2664 2563 ἐστιν
2693 2512 2721 2563 ὁ
2749 2511 3041 2583 ὀφθαλμὸς,
3078 2514 3475 2585 τροπολογικῶς

1907 2598 1967 2651 τὸ
2012 2596 2171 2667 σῶμα
2209 2598 2301 2651 ἐπὶ
2340 2599 2441 2669 τῆς
2494 2599 2670 2672 ψυχῆς
2713 2601 3065 2674 λαμϐάνεται,
3114 2608 3352 2678 καίτοιγε
3397 2610 3475 2682 τῷ

1910 2688 2023 2759 ἰδίῳ
2064 2688 2204 2759 λόγῳ
2231 2687 2395 2759 οὔσης
2431 2690 2663 2760 ἀοράτου
2690 2694 2782 2745 καὶ
2821 2693 3111 2765 ἀσωμάτου
3133 2713 3145 2725 °
3194 2699 3332 2750 κατὰ
3367 2698 3474 2771 γὰρ

1905 2779 2001 2851 τὴν
2026 2780 2207 2833 εἰκόνα
2234 2781 2424 2849 γέγονε
2450 2782 2544 2835 τοῦ
2572 2785 2800 2854 ἀοράτου
2826 2786 2960 2839 Θεοῦ
2980 2803 2994 2818 ο
3025 2788 3254 2861 ἐπείπερ
3287 2808 3475 2863 τροπο-

1905 2874 2135 2941 λογικῶς
2158 2874 2249 2928 καὶ
2276 2874 2373 2937 τὰς
2393 2875 2647 2946 δυνάμεις
2669 2878 2767 2949 τῆς
2795 2879 2968 2951 ψυχῆς
2993 2881 3315 2953 εὑρίσκομεν
3339 2886 3475 2954 ἐμω-

1904 2963 2087 3033 νύμως
2109 2968 2219 3028 τοῖς
2262 2969 2589 3035 σωματικοῖς
2632 2968 2870 3038 μέρεσιν,
2896 2970 2994 3022 οὐκ
3032 2969 3194 3035 οὔσας
3223 2971 3469 3043 σώματα,

1904 3056 2324 3127 ὀνομαζομένας.
2376 3058 2552 3128 Atque
2596 3060 2710 3116 haec
2748 3070 2875 3116 sunt
2922 3064 3187 3133 ejusmodi
3239 3074 3298 3119 ut
3348 3081 3469 3120 cum

1908 3146 2280 3213 superioribus
2336 3149 2558 3216 perinde
2602 3152 2883 3208 conciliari
2941 3170 3045 3209 non
3093 3157 3346 3225 possint,
3408 3172 3471 3212 ac

1909 3254 2028 3306 ane
2060 3238 2126 3294 de
2175 3238 2383 3309 angelis
2431 3240 2748 3310 scripserat,
2792 3259 2986 3312 corpus
3040 3245 3172 3314 ipsis
3219 3262 3467 3302 nonnun-

1907 3343 2069 3393 quam
2105 3328 2406 3397 imponens,
2449 3344 2830 3400 nonnunquam
2884 3333 3196 3389 detrahens.
3232 3336 3473 3393 Diximus

1906 3419 2050 3473 enim
2087 3432 2185 3486 pro
2233 3428 2512 3486 respectus
2559 3418 2876 3477 diversitate
2927 3424 3079 3478 varie
3128 3425 3367 3480 locutum
3407 3428 3471 3483 de

1905 3507 2218 3578 angelorum
2269 3509 2590 3578 corporibus
2629 3508 2941 3581 Origeuem,
2996 3528 3194 3583 eosque
3223 3525 3472 3583 respectu

1906 3600 2001 3654 Dei
2035 3608 2349 3670 corporales
2370 3600 2598 3665 dixisse,
2628 3613 2873 3670 respectu
2914 3605 3092 3658 mundi
3130 3604 3288 3675 hujus
3317 3621 3473 3675 aspc.

1905 3696 2124 3751 ctabilis
2149 3711 2378 3766 corpore
2404 3705 2678 3751 carentes.
2711 3695 2809 3751 Hic
2832 3710 3009 3751 autem
3055 3698 3149 3753 Dei
3181 3699 3352 3768 ipsius
3382 3714 3471 3755 re—

1905 3799 2097 3858 spectu
2126 3788 2339 3843 animas
2367 3803 2597 3859 corpore
2628 3803 2818 3844 carere
2849 3790 3004 3855 dicit,
3036 3799 3222 3858 utpote
3245 3806 3365 3860 qua:
3403 3793 3470 3844 ad

1902 3880 2021 3947 ejus
2047 3879 2336 3949 imaginem
2385 3880 2617 3935 condita:
2665 3882 2795 3936 sint.
2832 3880 2912 3934 Ad
2948 3881 3063 3936 inec
3115 3880 3473 3951 Hieronymus

1901 3970 2063 4039 t'pisl.
2112 3970 2202 4035 59,
2246 3970 2312 4023 ad
2359 3968 2527 4036 Avit.,
2571 3984 2691 4039 cap.
2742 3970 2801 4035 2,
2855 3969 3075 4025 adducit
3129 3970 3292 4024 verba
3357 3970 3473 4042 bay:

1903 4062 2153 4134 Origenis
2178 4078 2244 4118 ex
2277 4062 2383 4119 fine
2423 4063 2545 4119 libri
2583 4079 2620 4120 tt
2673 4061 2747 4117 De
2780 4063 3006 4131 princip.
3040 4078 3058 4116 :
3094 4080 3112 4113 ι
3147 4062 3391 4133 Cumque
3418 4066 3469 4118 in

1904 4165 2114 4210 tantum
2148 4155 2561 4225 profecerimus,
2593 4164 2651 4209 ut
2678 4169 3022 4226 nequaquam
3055 4170 3247 4212 carnes
3273 4166 3326 4211 et
3353 4172 3475 4211 cor-

1903 4264 2060 4319 pora,
2115 4248 2346 4303 forsitan
2398 4262 2467 4303 ne
2522 4248 2717 4303 anima:
2771 4248 2985 4317 quidem
3038 4247 3320 4312 fuerimus,
3376 4249 3471 4303 sed

1903 4353 2057 4393 meus
2109 4346 2163 4393 et
2214 4352 2406 4393 sensus
2457 4338 2523 4392 ad
2569 4340 2867 4407 perfectum
2919 4340 3165 4401 veniens,
3220 4338 3474 4408 nulloque

1900 4429 2376 4500 perturbationum
2434 4429 2618 4484 nubilo
2655 4431 2916 4500 caligatis,
2973 4430 3271 4484 intuebitur
3304 4430 3472 4484 ratio-

233 4526 548 4582 adversario
581 4510 722 4597 apud
750 4527 1002 4583 Photium
1035 4530 1155 4585 cod.
1185 4545 1439 4595 ccxxxw,
1470 4533 1560 4587 ubi
1587 4510 1795 4589 animas
1826 4536 1874 4593 ι)
1903 4524 2110 4579 nabiles
2180 4522 2647 4590 intelligibilesque
2707 4523 3038 4577 substantias
3085 4524 3221 4579 facie
3274 4525 3341 4578 ad
3391 4524 3473 4579 fa-

230 4631 356 4672 esse
380 4618 457 4672 ait
485 4632 714 4686 corpora
738 4617 923 4690 νοερὰ,
953 4617 1005 4673 in
1033 4622 1271 4674 membra
1312 4621 1518 4677 ratione
1551 4631 1799 4690 aspecta-

231 4707 360 4762 bilia
414 4708 700 4764 discretas.
754 4709 873 4779 Ipse
916 4709 1079 4764 etiam
1137 4710 1502 4779 Augustinus,
1555 4714 1793 4782 opinioni

229 4800 359 4855 huic
409 4800 535 4857 licet
581 4800 846 4867 infensus,
900 4804 1081 4872 aliquo
1117 4810 1293 4857 tamen
1344 4819 1506 4859 sensu
1553 4806 1791 4860 animam

228 4909 431 4963 corpus
478 4909 599 4951 esse
627 4894 833 4951 fatetur
876 4897 1038 4967 epist.
1083 4896 1175 4952 28.
1229 4899 1300 4951 At
1346 4897 1415 4951 ab
1449 4913 1514 4953 eo
1543 4899 1795 4954 discessit

230 4986 466 5041 Faustus
520 4987 806 5054 lleiensis,
869 4989 1175 5058 animisque
1218 5004 1447 5061 corpora
1496 4990 1674 5058 palam
1715 4990 1796 5045 af-

232 5079 412 5143 linxit,
452 5094 610 5150 quem
658 5082 829 5138 tribus
872 5080 1027 5139 libris
1058 5097 1303 5138 errorem
1339 5081 1480 5138 ultus
1512 5093 1592 5138 est
1633 5082 1792 5138 Clau-

227 5173 426 5233 dianus
455 5171 767 5230 Mamertus.

295 5263 471 5335 llagis
508 5266 635 5320 illud
683 5281 812 5323 vero
838 5268 905 5323 ad
948 5270 1315 5324 excusandum
1346 5266 1634 5339 Origenem
1664 5284 1794 5324 con-

227 5354 371 5411 ferre
401 5365 604 5425 posset,
660 5360 804 5428 quod
834 5360 1098 5430 scriptum
1140 5360 1208 5417 ab
1237 5375 1302 5416 eo
1333 5370 1419 5417 est
1447 5359 1636 5416 homil.
1671 5363 1693 5414 l
1738 5361 1794 5415 in

225 5442 441 5510 Cenem,
465 5461 615 5503 num.
666 5448 753 5511 15.
803 5448 893 5504 ubi
933 5450 1226 5518 hominem,
1258 5451 1349 5522 qui
1382 5453 1448 5506 de
1476 5451 1607 5507 limo
1635 5460 1792 5506 terra:

226 5539 386 5591 ticius
406 5547 515 5603 est,
541 5554 865 5609 corporeum
898 5540 1173 5596 hominem
1220 5557 1340 5598 esse
1366 5543 1529 5608 dicit;
1562 5541 1655 5612 qui
1695 5558 1793 5595 au—

227 5638 334 5682 tem
368 5630 436 5685 ad
469 5630 757 5701 imaginem
792 5632 885 5688 Dei
921 5633 1171 5690 conditus
1197 5643 1302 5699 est,
1347 5635 1647 5706 spiritalem
1671 5649 1794 5689 esse

226 5736 350 5776 eum
374 5730 429 5778 et
461 5738 676 5779 cassum
700 5738 959 5795 corpore;
993 5724 1137 5779 illum
1170 5727 1492 5782 exteriorem
1518 5725 1790 5781 hominem

226 5828 369 5884 esse,
424 5816 566 5872 hunc
614 5817 946 5876 interiorem.
982 5836 1001 5872 ι
1040 5816 1093 5873 Si
1125 5817 1217 5889 qui
1252 5832 1380 5875 vero
1426 5818 1565 5874 hunc
1596 5832 1788 5889 corpo-

1905 4618 2077 4679 ciem;
2123 4632 2143 4666 ι
2183 4629 2303 4685 qua:
2353 4628 2503 4669 more
2541 4629 2641 4669 suo
2686 4614 2945 4683 pervertit
2996 4613 3240 4669 Rufinus.
3280 4613 3469 4669 Parem

1905 4723 2066 4776 supra
2131 4707 2446 4762 memoratis
2497 4706 2965 4761 ratiocinationem
3023 4722 3054 4762 e
3107 4706 3243 4761 libro
3286 4723 3349 4761 ιιι
3397 4706 3474 4761 De

1902 4804 2129 4871 princip.
2162 4800 2387 4855 adducit
2414 4798 2780 4871 Hieronymus
2812 4798 3050 4867 ejusdem
3080 4799 3320 4870 epistolae
3349 4816 3470 4869 cap.

1902 4894 1956 4960 5,
1986 4894 2352 4949 necessarium
2381 4894 2593 4949 scilicet
2639 4906 2761 4949 esse
2788 4891 3131 4958 alterutrum,
3178 4902 3237 4946 ut
3266 4893 3347 4945 vel
3389 4892 3473 4945 in-

1904 4988 2150 5058 corporei
2184 4987 2395 5050 fiamus,
2437 4986 2481 5039 si
2510 4985 2619 5040 Deo
2647 4985 2850 5040 similes
2887 5000 3009 5041 esse
3052 4987 3353 5048 studemus,
3387 4983 3472 5040 vel

1905 5090 1963 5132 ut
1994 5080 2401 5135 similitudinem
2432 5079 2528 5134 Dei
2555 5093 2663 5133 non
2697 5093 2999 5148 speremus,
3038 5078 3081 5132 si
3128 5078 3315 5132 eadem
3343 5091 3468 5131 cor-

1905 5188 2038 5241 pora
2082 5187 2295 5242 semper
2332 5170 2563 5226 habituri
2603 5185 2790 5225 sumus
2822 5186 2836 5221 :
2866 5180 2922 5225 et
2970 5169 3021 5223 in
3080 5169 3239 5240 epist.
3284 5168 3374 5233 δι.
3403 5169 3471 5222 ad

1902 5263 2242 5332 Pammach.,
2276 5279 2397 5334 cap.
2429 5264 2484 5330 5,
2533 5264 2732 5318 dixisse
2783 5262 2860 5316 ait
2904 5259 3191 5329 Origenem
3230 5259 3283 5313 in
3319 5259 3470 5313 libris

1900 5358 2041 5427 Περὶ
2065 5358 2286 5427 ἀρχῶν,
2316 5378 2333 5410 ι
2371 5356 2538 5413 solem
2577 5366 2632 5412 et
2668 5357 2875 5420 lunam,
2925 5363 2979 5408 et
3012 5354 3253 5408 omnium
3287 5364 3469 5409 astro-

1903 5465 2020 5503 rum
2051 5450 2277 5505 chorum
2327 5464 2449 5505 esse
2497 5448 2710 5505 animas
2752 5447 3156 5504 rationabilium
3199 5448 3467 5517 quondam

1902 5551 1957 5595 et
1984 5539 2404 5611 incorporalium
2453 5550 2850 5596 creaturarum.
2887 5557 2906 5591 ι
2940 5538 3180 5608 Denique
3224 5536 3469 5608 Sophro-

1903 5634 2026 5689 nius
2061 5633 2584 5707 Hierosolymitanus
2602 5635 2656 5691 in
2691 5633 2919 5704 epistola
2960 5634 3025 5689 ad
3057 5632 3304 5703 Sergium
3328 5629 3468 5686 Cou-

1898 5727 2463 5799 stantinopolitauum,
2491 5743 2611 5799 quae
2651 5727 2886 5782 habetur
2919 5727 2975 5781 in
3015 5727 3229 5782 actione
3271 5725 3329 5778 ll
3380 5737 3468 5795 sy.-

1900 5820 2137 5889 nodiv1,
2185 5819 2289 5888 alia
2339 5818 2560 5893 Origeni
2606 5819 2832 5898 crimina
2880 5818 3169 5893 objiciens,
3202 5832 3266 5874 co
3292 5817 3464 5891 ipsum
