4054 6310
612 350 712 408 9H

1878 351 1936 405 P.
1978 349 2293 407 DANlELlS
2331 351 2564 409 HUETH

3705 365 3797 422 9η

580 512 583 517 λ
611 467 806 523 liberal
837 482 852 521 :
888 466 1027 521 Ἀλλ’
1057 459 1504 539 οὒκ⁶ὲπειδήπερ,
1536 464 1730 535 inquit,
1755 466 1811 519 αἱ
1838 466 1946 520 τῶν
1971 465 2179 538 ἀνθρώ·
2204 473 2250 529 Α
2278 467 2520 540 αἰσθητῷ
2565 467 2739 539 τούτῳ
2780 466 2920 541 μετὰ
2966 471 3067 541 τῆν
3102 467 3351 524 ἐντεῦθεν
3384 469 3638 542 ἐκδημίαν
3676 476 3798 549 ἔχειν

610 577 728 613 πων
757 558 924 631 ψυχαὶ
954 559 1087 613 Θεοῦ
1116 560 1297 632 χάριτι
1327 560 1427 630 τὴν
1474 558 1680 631 φθορὰν
1706 558 2039 623 ἀπεώσαντο,
2078 559 2176 631 τὴν

610 651 759 723 πάσῃ
810 654 997 723 κτιστῇ
1051 651 1208 721 φύσει
1262 650 1711 722 ἐμφωλεύουσανο
1757 651 1845 705 διὰ
1886 652 2043 705 τοῦτο
2082 653 2177 706 καὶ

611 742 718 814 πρὸ
745 742 1008 812 σωμάτων
1048 742 1215 805 αὑτὰς
1268 740 1697 811 ὑποπτεύσομεν,
1731 741 1769 813 ἢ
1804 742 1909 812 πρὸ
1936 740 2035 810 τῆς
2082 740 2174 793 τοῦ

604 832 882 905 ὁρωμένου
903 832 1105 903 κόσμου
1129 830 1465 904 παραγωγῆς
1486 831 1579 884 καὶ
1600 847 1663 883 συ
1670 829 1923 901 μπὴξεως
1942 830 2000 882 ὲν
2022 829 2175 900 ἀϊδίῳ

608 924 713 978 τινὶ
738 924 847 995 ζωῇ
893 924 1063 977 τελεῖν
1086 924 1428 995 ὲννοήσομεν,
1473 924 1565 977 καὶ⁸
1601 924 1712 994 βίον
1760 922 1902 992 ἔχειν
1928 922 2175 993 οὐράνιον

608 1017 869 1087 φήσομεν,
904 1016 1141 1087 ἄσαρκόν
1185 1034 1244 1069 τε
1278 1018 1372 1071 καὶ
1401 1015 1685 1088 ἀσώματον
1708 1014 1886 1080 ζώσας
1912 1014 2056 1086 ζωὴν
2076 1014 2174 1086 τὴν
2232 1068 2235 1073 λ

603 1105 768 1159 ἀΐδιον
791 1107 848 1159 ὲν
870 1105 1081 1177 οὐρανῷ
1111 1122 1239 1159 ποτε
1274 1106 1348 1179 μὴ
1374 1107 1693 1178 ὑπάρχοντι,
1726 1106 1800 1168 ὡς
1838 1106 2119 1177 Ὠριγένης
2145 1108 2174 1158 ὁ

608 1199 923 1271 παράφορος
966 1201 1233 1271 βούλεται,
1284 1200 1377 1253 καὶ
1416 1203 1464 1253 οἱ
1510 1200 1696 1253 τούτου
1745 1200 2057 1271 ουμμύσται
2082 1200 2174 1255 καὶ

609 1290 911 1362 σύμφρονες
939 1291 1183 1364 Δίδυμος,
1237 1294 1329 1346 καὶ
1360 1292 1648 1363 Εὺάγριος,
1683 1291 1776 1344 καὶ
1809 1294 1837 1345 ὁ
1868 1292 2051 1355 λοιπὸς
2079 1292 2175 1346 αὺ-

600 1384 711 1437 τῶν
751 1385 1150 1458 μυθομέριμνος
1179 1385 1382 1457 ὅμιλος.
1419 1404 1437 1436 ε
1485 1387 1589 1439 Sed
1641 1402 1744 1442 non
1798 1385 2000 1441 idcirco
2029 1385 2171 1456 quod

606 1477 885 1532 hominum
930 1478 1124 1531 anima:
1157 1479 1327 1547 gratia
1372 1477 1466 1532 Dei
1525 1478 1926 1547 corruptionem
1955 1477 2170 1548 repule-

603 1577 752 1635 runt,
781 1582 905 1636 quae
954 1568 1207 1623 omnibus
1248 1569 1518 1623 creaturis
1562 1568 1884 1623 naturaliter
1934 1569 2170 1635 insidet;

606 1662 726 1716 ideo
762 1670 817 1715 et
843 1670 968 1716 ante
1013 1676 1239 1732 corpora
1263 1677 1362 1717 eas
1409 1661 1574 1717 fuisse
1631 1662 2055 1731 suSpicabimur,
2088 1663 2172 1719 vel

606 1764 731 1811 ante
764 1754 925 1825 hujus
951 1754 1179 1811 visibilis
1205 1756 1389 1811 mundi
1417 1756 1795 1826 prolationem,
1825 1766 1991 1826 atque
2016 1771 2167 1812 com-

2276 559 2617 631 ἐκτιθέμενος
2638 561 2735 632 τὴν
2766 560 2967 633 ψυχὴν,
2991 559 3282 632 ἀσώματον
3319 562 3427 615 ὑπὸ
3472 580 3525 616 τι
3564 565 3799 624 Πλατωνι.

2276 648 2387 711 κῶς
2408 649 2764 718 ἀποφαίνεται
2786 652 2978 722 αὑτήν.
2997 650 3129 718 Qum
3150 651 3229 706 sic
3248 655 3641 722 interpretanda
3664 670 3797 715 sunt:

2281 757 2300 791 σ
2337 740 2416 794 Ad
2450 740 2534 793 illa
2564 742 2648 794 vir
2701 751 2919 817 sanctus
2946 759 2965 792 ι
2998 741 3323 811 (Methodius
3359 744 3631 815 nimirum)
3658 766 3675 798 ι
3707 750 3798 807 hac

2276 831 2371 897 ait,
2406 850 2429 884 ι
2475 833 2818 903 (sequuntur
2864 833 3061 889 deinde
3122 835 3283 889 verba
3330 835 3449 904 ipsa
3495 835 3729 894 Methodii
3772 858 3799 897 a

2274 921 2465 978 Pbotio
2494 922 2770 989 αὑτολεξεὶ
2821 925 3089 995 descripta
3112 966 3127 989 ,
3159 942 3263 981 nou
3288 930 3355 982 ab
3394 942 3461 983 eo
3488 929 3800 1001 αὖτοπροσώο

2276 1032 2394 1078 πως
2420 1016 2677 1086 recitata)
2700 1036 2714 1072 :
2754 1035 2771 1069 t
2800 1016 3053 1088 Figuram
3084 1020 3245 1073 aliam
3272 1021 3609 1076 consimilem
3637 1025 3797 1081 sensili

2275 1108 2420 1173 huic,
2467 1117 2749 1180 postquam
2778 1110 2904 1165 hinc
2936 1112 3192 1177 excessit,
3230 1112 3435 1167 habere
3466 1115 3676 1168 tradens
3703 1116 3799 1169 ani-

2276 1217 2459 1271 mam,
2521 1203 2896 1272 incorpoream
2932 1217 3056 1259 esse
3099 1204 3280 1273 aliqua
3345 1212 3507 1274 pacto
3560 1202 3802 1263 Platonico

2276 1294 2445 1362 ipsam
2477 1294 2760 1351 animat.»
2793 1295 2918 1351 Haec
2940 1297 3015 1350 ait
3042 1295 3345 1351 Methodius
3368 1296 3436 1350 de
3463 1296 3696 1367 Origene,
3713 1312 3800 1355 non

2273 1385 2500 1442 l’hotius
2544 1387 2610 1441 de
2653 1386 2946 1450 Methodio,
2984 1386 3080 1457 qui
3110 1386 3307 1442 deinde
3354 1388 3570 1456 probat,
3614 1401 3674 1443 ex
3714 1389 3799 1445 hac

2274 1476 2524 1547 Origeuis
2547 1479 2860 1548 Opinatione
2891 1480 3148 1549 consequi
3191 1494 3425 1549 corpore
3458 1480 3681 1535 animam
3725 1498 3799 1538 ca-

2274 1583 2432 1636 rere;
2462 1570 2582 1638 quia
2612 1571 2657 1625 si
2693 1580 2813 1636 post
2855 1586 3141 1627 excessum
3190 1585 3221 1625 e
3268 1572 3381 1626 vita
3435 1585 3655 1642 corpore
3700 1582 3797 1628 tan-

2273 1678 2433 1732 quam
2464 1663 2716 1719 vehiculo
2747 1674 2802 1719 et
2850 1674 3000 1720 veste
3046 1664 3274 1736 indiget,
3307 1673 3498 1735 utpote
3538 1681 3653 1736 qute
3681 1668 3797 1722 nuda

2273 1756 2653 1824 comprehendi
2685 1770 2792 1810 non
2835 1756 3046 1826 possit,
3090 1757 3275 1826 utique
3304 1772 3565 1827 corporea
3613 1773 3706 1813 non
3731 1768 3801 1815 est

604 1851 850 1920 paginem
885 1850 937 1903 in
992 1850 1319 1920 sempiterna
1371 1850 1601 1919 quadam
1650 1853 1758 1907 vita
1787 1850 1991 1920 positas
2018 1826 2242 1905 arbi-.B
2273 1847 2517 1919 (valeret
2542 1848 2685 1903 enim
2727 1848 2968 1919 alioquin
3005 1850 3192 1905 eadem
3237 1826 3668 1921 argumentatio,
3709 1866 3795 1920 qua

605 1943 885 2007 trahimur,
927 1940 1161 1996 vitamve
1219 1943 1476 1999 habuisse
1523 1942 1799 2000 cmlestem
1830 1957 2159 2004 asseremus,

604 2033 910 2087 incarneam
942 2044 1037 2088 seu
1075 2036 1444 2103 incorporeain
1470 2034 1632 2090 vitam
1673 2037 1920 2090 viventes
1972 2049 2164 2105 perpe-

604 2135 748 2179 tuam
793 2128 845 2181 in
882 2128 1026 2184 caelo
1053 2129 1343 2198 aliquando
1374 2145 1481 2183 non
1528 2129 1837 2194 exsistenti,
1867 2128 2012 2183 sicut
2043 2126 2165 2183 Ori-

602 2233 765 2287 genes
788 2220 1007 2275 insanus
1037 2221 1338 2284 constituit,
1364 2230 1418 2277 et
1453 2218 1610 2287 huius
1641 2230 1975 2290 symmystze,
2000 2228 2164 2289 atque

602 2321 895 2367 sectatores
920 2313 1199 2384 Didymus,
1227 2322 1281 2368 et
1310 2312 1572 2383 Evagrius
1591 2354 1605 2380 ,
1647 2322 1702 2366 et
1736 2312 1944 2382 reliqua
1976 2327 2160 2367 earum

600 2400 902 2462 fabularum
947 2408 1303 2479 echgitatrix
1361 2407 1646 2463 sodalitas.
1688 2406 1818 2460 »Εκ
1870 2406 1956 2461 his
1998 2405 2164 2476 liquet

600 2510 798 2563 quanta
827 2499 989 2556 fuerit
1022 2499 1275 2573 Origenis
1304 2500 1357 2555 in
1388 2512 1675 2571 utramque
1701 2509 1908 2569 partem
1942 2500 2164 2554 ﬁuctua-

601 2591 674 2645 tio
716 2610 729 2646 :
764 2591 874 2663 (38)
901 2592 993 2648 sed
1023 2592 1075 2646 in
1101 2607 1218 2647 eam
1253 2602 1430 2646 tamen
1460 2592 1632 2662 magis
1652 2591 1988 2663 propendere
2015 2592 2161 2647 visus

599 2689 703 2746 est,
739 2696 857 2750 qua:
904 2680 1099 2735 anima:
1136 2696 1331 2751 corpus
1376 2682 1621 2738 ascribit.
1668 2682 1831 2738 Certe
1859 2682 2163 2754 Stephanus

599 2771 844 2827 Gobarns
898 2772 1163 2828 Tritheita
1215 2774 1357 2844 apud
1420 2774 1671 2829 Photium
1750 2775 1870 2831 cod.
1922 2790 2159 2840 ccxxx",

599 2864 847 2931 dogmata
879 2862 1156 2932 pleraque,
1196 2864 1288 2917 sed
1319 2862 1433 2918 fere
1468 2871 1648 2919 tamen
1676 2863 2000 2934 Origeniana
2037 2881 2163 2935 pro-

598 2966 842 3021 pugnans
865 2964 919 3006 et
951 2952 1294 3022 impugnans,
1348 2954 1621 3010 tricesimo
1651 2955 1769 3011 loco
1801 2956 1929 3010 illud
1960 2970 2161 3026 expen-

598 3042 708 3098 dit:
734 3045 855 3097 Ὅτι
873 3044 1102 3116 σώματά
1132 3047 1238 3098 εἱσι
1264 3045 1424 3118 νοερὰ
1442 3049 1496 3101 αἱ
1519 3047 1624 3101 τῶν
1649 3047 1947 3120 ἀνθρώπων
1970 3048 2158 3119 ψυχαὶ,

598 3135 691 3189 καὶ
722 3134 1181 3207 διατετυπωμὲναι
1210 3136 1350 3190 κατὰ
1393 3137 1453 3190 τὸ
1486 3137 1803 3208 φαινόμενον
1842 3137 2037 3202 ἔξωθεν
2062 3138 2156 3191 τοῦ

598 3226 844 3299 σώματος
877 3229 1059 3301 σχῆμα
1079 3247 1095 3260 ο
1146 3228 1242 3282 καὶ
1290 3230 1352 3283 ἐκ
1380 3228 1473 3283 τοῦ
1510 3230 1882 3301 ἀντικειμένου
1912 3229 1992 3282 ὅτι
2018 3230 2160 3283 ἀσώ-

600 3321 766 3392 ματός
792 3323 937 3377 ἐστιν
966 3325 999 3394 ἠ
1044 3322 1209 3395 ψυχὴ,
1243 3323 1334 3376 καὶ
1362 3325 1691 3393 σωματικοῖς
1732 3323 1831 3394 οὐχ
1874 3322 2158 3376 ὑπόκειται

592 3414 803 3477 τύποις.
842 3434 860 3466 ι
897 3415 1107 3470 Animae
1138 3416 1420 3470 hominum
1449 3425 1576 3469 sunt
1603 3428 1829 3483 corpora
1857 3414 2160 3486 intelligibl-

595 3505 687 3570 lia,
717 3508 979 3561 eteadem
1030 3507 1205 3578 ligura
1249 3517 1377 3563 sunt
1406 3523 1509 3577 qua
1546 3508 1716 3561 forma
1767 3507 2006 3561 exterior
2040 3524 2160 3563 cor-

594 3600 776 3668 poris;
816 3608 872 3654 et
918 3615 949 3655 e
990 3603 1298 3668 contrario,
1362 3601 1683 3669 incorporea
1731 3607 1815 3655 est
1857 3601 2056 3666 anima,
2104 3611 2159 3657 et

594 3691 929 3761 incorporeis
966 3707 1073 3746 non
1105 3693 1389 3762 subiicitur
1421 3693 1624 3763 ﬁguris.
1666 3710 1683 3744 ι

662 3782 778 3838 XV.
811 3783 980 3839 Porro
1012 3786 1210 3839 animis
1232 3800 1456 3856 corpora
1475 3783 1736 3855 affingens
1768 3784 2029 3856 Origenes
2057 3788 2157 3841 du-

591 3890 709 3931 cem
731 3889 885 3929 suum
908 3889 972 3929 ac
995 3874 1312 3930 dictatorem
1336 3875 1614 3930 Platonem
1638 3875 1897 3939 deseruit,
1921 3876 2009 3946 qui
2039 3892 2157 3930 cor-

592 3978 910 4040 poraturam
971 3972 1189 4025 sustulit
1239 3974 1305 4026 ab
1339 3972 1533 4027 animis
1562 3991 1575 4027 :
1608 3981 1663 4026 at
1689 3973 1822 4027 alios
1878 3982 2056 4026 tamen
2088 3988 2155 4026 ex

592 4061 830 4129 antiquls
856 4062 1220 4133 philosophis,
1254 4078 1389 4132 quos
1419 4073 1757 4132 sequeretur,
1792 4066 1980 4120 habuit
2007 4079 2155 4119 com-

590 4154 792 4224 plures.
845 4155 1048 4209 llorum
1106 4156 1150 4210 si
1199 4154 1321 4224 quis
1355 4154 1550 4225 placita
1582 4157 1651 4211 de
1672 4157 1849 4211 ani-na
1876 4157 2010 4212 velit
2058 4172 2155 4213 co-

589 4264 876 4316 gnoscere,
906 4248 1047 4319 legat
1082 4247 1403 4303 Tertulliani
1444 4248 1641 4301 librum
1686 4248 1764 4302 De
1804 4249 2002 4315 anima,
2031 4264 2154 4320 cap.

587 4339 642 4405 5,
671 4340 703 4395 6
735 4348 787 4395 et
818 4341 871 4407 7,
901 4350 956 4396 et
1008 4341 1312 4397 Nemesium
1365 4341 1503 4395 libro
1536 4340 1613 4394 De
1656 4350 1850 4396 natura
1883 4342 2107 4396 hominis
2137 4384 2151 4409 ,

588 4446 709 4501 cap.
738 4432 794 4499 ἓ,
829 4442 883 4487 et
910 4432 1224 4488 Ciceronem
1262 4433 1355 4487 lib.
1414 4448 1465 4486 tv
1519 4431 1816 4485 Academic.
1867 4433 1937 4486 At
1977 4433 2152 4487 locum

2185 3181 2231 3242 ϐ

2271 1923 2527 1992 adversus
2560 1938 2898 1993 Vincentium
2928 1938 3222 2006 Victorem,
3250 1941 3488 1994 animam
3518 1955 3796 2011 corpoream

2270 2047 2389 2088 esse
2422 2041 2744 2088 statuentem
2782 2048 2911 2088 usus
2940 2043 3024 2088 est
3054 2033 3392 2104 Augustinus
3428 2032 3520 2086 lib.
3558 2049 3575 2086 1
3606 2032 3677 2087 De
3702 2033 3795 2086 ani-

2269 2141 2375 2192 ma,
2408 2125 2585 2196 cap.5
2619 2144 2633 2180 :
2681 2144 2704 2177 ο
2727 2124 2878 2193 Quod
2920 2142 3048 2183 vero
3103 2142 3224 2182 eam
3264 2142 3373 2181 non
3410 2128 3670 2196 spiritum,
3717 2128 3793 2183 sed

2269 2230 2466 2285 corpus
2488 2230 2608 2272 esse
2646 2218 2947 2281 contendit,
2977 2218 3101 2286 quid
3121 2217 3262 2272 aliud
3285 2218 3397 2273 vult
3420 2216 3642 2283 eﬂicere,
3664 2233 3795 2287 quant

2271 2323 2367 2363 nos
2390 2325 2493 2363 non
2530 2324 2597 2365 ex
2630 2310 2807 2364 anima
2860 2318 2915 2366 et
2970 2324 3215 2378 corpore,
3278 2311 3373 2365 sed
3418 2326 3484 2366 ex
3516 2311 3707 2367 duobus
3727 2310 3793 2366 vel

2269 2400 2431 2454 etiam
2466 2401 2642 2457 tribus
2670 2411 2923 2459 constare
2966 2403 3286 2473 corporibus
3310 2403 3339 2457 ἲ
3371 2404 3507 2459 Cum
3552 2403 3683 2458 enim
3710 2403 3796 2472 spi-

2270 2489 2399 2557 ritu,
2431 2482 2609 2544 anima
2638 2500 2692 2546 et
2718 2506 2948 2562 corpore
2973 2496 3224 2548 c'onstare
3252 2508 3354 2548 nos
3403 2494 3552 2558 dicit,
3573 2503 3623 2547 et
3647 2494 3795 2549 omnia

2269 2580 2384 2636 haec
2414 2582 2516 2636 tria
2562 2597 2790 2652 corpora
2845 2597 2965 2640 esse
2994 2586 3212 2651 asserit,
3248 2585 3504 2657 profecto
3548 2602 3611 2642 ex
3654 2586 3797 2640 tribus

2268 2673 2588 2743 corporibus
2636 2691 2743 2731 nos
2773 2685 2929 2747 putat
2970 2690 3095 2732 esse
3128 2688 3467 2749 compactos.
3507 2678 3561 2732 ln
3589 2693 3680 2748 qua
3704 2676 3796 2746 opi-

2268 2764 2427 2820 nione
2463 2773 2664 2834 quanta
2694 2779 2815 2820 eum
2845 2777 3103 2836 sequatur
3143 2770 3488 2834 absurditas,
3541 2768 3610 2823 illi
3649 2771 3797 2839 potius

2266 2870 2424 2927 quam
2459 2856 2553 2911 tibi
2582 2857 3066 2914 demonstrandum
3092 2861 3274 2929 puto.)
3316 2878 3336 2913 ι
3385 2860 3517 2915 Cum
3543 2876 3661 2931 ergo
3704 2862 3796 2916 ani-

2266 2971 2368 3009 mas
2394 2967 2591 3023 corpus
2620 2953 2975 3007 adventitium
3006 2954 3400 3025 superadderet
3438 2954 3699 3026 Origenes,
3726 2957 3796 3010 in-

2267 3061 2582 3116 corpoream
2617 3048 2684 3102 ab
2708 3062 2773 3101 eo
2812 3046 2982 3117 ipsam
3019 3050 3331 3104 necessario
3400 3050 3582 3105 haberi
3620 3049 3793 3105 Mallio-

2265 3141 2385 3195 dius
2406 3139 2689 3195 conclusit.
2713 3140 2896 3211 Pergit
2916 3141 3111 3197 deinde
3137 3161 3151 3196 :
3178 3141 3235 3198 Si
3286 3143 3606 3214 incorporea
3649 3145 3795 3197 anim:

2265 3242 2368 3297 est,
2403 3229 2782 3287 affectionibus
2809 3231 3066 3288 immunis
3092 3245 3199 3300 est,
3238 3250 3338 3290 nec
3379 3237 3537 3291 alieni
3585 3235 3795 3306 corporis

2265 3334 2318 3379 et
2354 3324 2643 3378 mutuatitii
2685 3324 2923 3379 motibus
2969 3326 3227 3383 obnoxia.
3282 3327 3389 3382 Sin
3462 3327 3793 3383 aliectioaibus

2265 3416 2507 3484 corporis
2538 3416 2877 3485 percellitur,
2901 3417 3093 3487 utique
3136 3419 3466 3489 incorporea
3500 3435 3599 3475 non
3621 3429 3711 3475 est.
3736 3419 3791 3471 At

2264 3523 2371 3561 una
2391 3522 2511 3561 cum
2544 3520 2773 3576 corpore
2804 3509 2942 3564 mala
2980 3510 3066 3565 vel
3095 3511 3233 3565 bona
3265 3512 3513 3580 patitur,
3560 3521 3612 3567 ut
3634 3526 3787 3566 eorum

2263 3601 2356 3671 qui
2386 3608 2506 3670 post
2532 3609 2757 3655 mortem
2785 3602 3040 3658 videndos
3083 3618 3143 3658 se
3175 3604 3560 3672 praebuerunt,
3588 3604 3792 3658 teStimo-

2264 3697 2353 3751 nia
2380 3699 2705 3752 conﬁrmant
2730 3715 2748 3752 :
2775 3696 2952 3750 anima
2990 3695 3152 3765 igitur
3171 3710 3445 3766 corporea
3462 3708 3565 3753 est.
3600 3698 3680 3753 Sic
3706 3696 3789 3750 ita-

2262 3804 2367 3858 que
2392 3790 2459 3843 ad
2493 3790 2785 3849 absurdum
2810 3797 2865 3842 et
2892 3786 3149 3842 ἀδύνατον
3178 3786 3474 3857 Origenem
3511 3789 3667 3859 adigit
3704 3786 3794 3840 Me-

2266 3881 2499 3947 thodius,
2531 3883 2767 3935 animam
2792 3896 2857 3934 ex
2899 3880 3014 3948 ejus
3062 3881 3221 3936 dictis
3253 3896 3577 3951 corpoream
3608 3894 3711 3934 esse
3746 3886 3790 3931 et

2262 3973 2637 4042 incorporeum
2665 3973 3063 4027 demonstrans.
3110 3970 3339 4027 Sensum
3396 3973 3622 4041 denique
3660 3984 3788 4024 suum

2264 4064 2378 4135 ipse
2400 4065 2594 4134 aperit,
2624 4064 2834 4118 animas
2865 4078 3098 4132 corpora
3127 4078 3246 4119 esse
3273 4063 3467 4119 dicens
3492 4058 3787 4132 intelligendi

2264 4156 2515 4212 facultate
2544 4156 2796 4226 praedita,
2827 4156 3084 4210 membris
3110 4156 3319 4211 ratione
3348 4157 3527 4211 solum
3573 4162 3789 4225 aspecta-

2261 4250 2457 4306 bilibus
2483 4249 2744 4303 instructa
2778 4288 2792 4310 ,
2827 4262 2931 4301 non
2965 4262 3086 4317 qure
3123 4247 3426 4303 adventitio
3453 4262 3669 4317 corpore
3694 4244 3784 4298 sint

2261 4341 2470 4405 induta,
2500 4340 2593 4396 sed
2625 4354 2748 4410 qua:
2781 4349 2970 4393 natura
3005 4347 3194 4407 suapte
3231 4354 3465 4407 corpora
3515 4340 3637 4397 sint.
3668 4336 3784 4392 Vera

2262 4437 2376 4492 haec
2397 4442 2479 4487 est
2516 4441 2570 4487 ct
2598 4430 2831 4502 genuina
2885 4430 2983 4483 loci
3033 4430 3194 4500 hujus
3222 4432 3516 4501 expositio,
3544 4444 3691 4500 quam
3721 4426 3776 4481 id-

587 4528 875 4592 qucmdam
916 4526 1177 4582 Methodii
1230 4526 1362 4581 satis
1410 4525 1720 4580 intricatum
1756 4534 1811 4579 et
1864 4525 2151 4580 obscurum
2184 4540 2228 4595 ι)
2257 4533 2405 4588 circo
2438 4537 2755 4599 persecutus
2789 4540 2929 4592 sum,
2953 4536 3009 4578 ut
3045 4540 3111 4580 ne
3132 4527 3199 4580 ab
3224 4513 3585 4582 inl‘enﬁssimo
3601 4523 3783 4594 quidem

587 4617 866 4686 praeterire
886 4633 988 4671 non
1023 4620 1198 4688 decet,
1226 4633 1335 4689 quo
1359 4617 1609 4689 Origcnis
1631 4618 1911 4672 decretum
1941 4618 2008 4672 de
2037 4619 2152 4671 ani-

590 4709 694 4763 mis
719 4712 998 4779 corporeis
1028 4713 1217 4767 nititur
1240 4712 1575 4769 convellere.
1608 4711 1850 4767 llabetur
1881 4711 1970 4767 ille
2010 4712 2150 4780 apud

588 4799 837 4856 Pbotium
877 4805 1001 4859 cod.
1035 4820 1262 4861 ccxxxtv
1288 4806 1426 4877 (39).
1456 4804 1557 4860 Hic
1589 4821 1719 4877 ergo
1764 4806 1992 4875 primum
2025 4804 2156 4860 Orio

587 4895 740 4963 genis
760 4895 951 4951 recitat
978 4898 1163 4960 verba,
1185 4899 1379 4969 quibus
1412 4902 1510 4966 ait,
1528 4900 1573 4954 si
1602 4898 2153 4955 demonstrationibus

587 5004 815 5058 corpore
847 4991 1082 5044 animam
1107 5005 1174 5045 ex
1203 5008 1320 5046 sese
1354 5008 1545 5048 carere
1576 4992 1851 5062 probetur,
1879 4990 2151 5045 fatendum

586 5096 705 5133 esse
743 5083 981 5136 alienum
1032 5098 1150 5137 eam
1204 5092 1257 5137 et
1306 5084 1599 5150 ascititimn
1650 5098 1846 5152 corpus
1908 5083 2148 5143 induere.

588 5172 784 5237 prioris
819 5175 905 5228 cui
945 5176 997 5228 in
1052 5176 1215 5230 terris
1270 5173 1561 5242 conjuncta
1600 5173 1777 5231 fuerat
1831 5175 2025 5229 simile.
2053 5173 2150 5229 liis

588 5260 840 5316 Melhodii
870 5281 1155 5320 censuram
1183 5265 1453 5321 subnectit
1478 5265 1700 5319 Photius
1738 5282 1751 5317 :
1790 5265 1934 5337 Πρὸς
1954 5266 2145 5331 ταῦτα,

586 5353 782 5420 inquit,
817 5354 847 5405 ὀ
882 5354 1035 5425 ἅγιος
1065 5357 1189 5410 τάδε
1215 5356 1365 5424 φησί’
1396 5355 1588 5425 Σχῆμα
1617 5355 1744 5409 ἄλλο
1785 5356 2024 5425 ὁμοειδὲς
2069 5356 2150 5428 τῷ

654 5464 771 5537 (58)
802 5466 906 5520 Sed
926 5468 979 5521 in
1015 5486 1127 5523 eam
1155 5482 1328 5522 tamen
1352 5470 1517 5539 magis
1544 5471 1858 5537 propendere
1882 5472 2017 5524 risus
2046 5481 2142 5535 est,

583 5552 702 5601 qua!
724 5538 913 5607 animm
949 5555 1135 5605 corpus
1192 5538 1445 5594 ascribit.
1470 5539 1680 5606 Corpus
1704 5540 1918 5607 quidem
1953 5540 2147 5592 animae

588 5607 806 5678 ascribit
827 5605 1104 5675 Origenes,
1135 5620 1317 5678 utpote
1335 5625 1461 5678 quae
1488 5605 1651 5673 nuda,
1678 5605 1872 5677 inquit,
1898 5625 2148 5677 compre-

588 5674 744 5749 hendi
774 5694 877 5749 non
915 5674 1105 5749 possit,
1152 5674 1250 5733 nec
1304 5674 1369 5732 in'
1406 5681 1517 5734 ullo
1554 5674 1818 5749 corporeo
1850 5674 2150 5734 consistere

590 5744 727 5805 loco,
761 5747 890 5816 quin
921 5748 1161 5814 indigeat
1190 5765 1422 5816 corpore
1450 5751 1515 5804 ad
1555 5744 1804 5803 naturam
1847 5748 1947 5803 loci
2008 5749 2151 5803 illius

589 5815 1018 5876 accoiumodato;
1046 5817 1138 5869 sed
1158 5818 1225 5870 ita
1254 5815 1498 5886 ascribit,
1521 5830 1574 5874 ut
1592 5822 1662 5875 sit
1692 5819 1932 5876 exterius
1960 5821 2152 5875 anima:

2256 4620 2563 4679 Adamantii
2598 4617 2906 4673 adversario
2939 4617 3074 4670 vitio
3116 4618 3298 4671 datum
3337 4618 3505 4673 Fuisse
3541 4616 3693 4671 lector
3717 4613 3777 4665 in-

2259 4714 2483 4783 telligat,
2510 4711 2652 4781 quod
2679 4711 2748 4764 ab
2778 4709 2897 4763 aliis
2922 4708 3036 4765 fere
3064 4709 3335 4776 objectum
3366 4718 3476 4774 est,
3498 4708 3679 4763 animae
3701 4701 3780 4758 sci-

2258 4808 2386 4863 licet
2413 4820 2611 4874 curpus
2654 4820 2775 4859 eum
2822 4804 3123 4871 addidisse;
3162 4805 3255 4859 sed
3304 4804 3566 4858 veriorem
3603 4814 3631 4855 e
3670 4812 3778 4853 con-

2262 4899 2426 4955 trario
2455 4897 2778 4952 sententiam
2811 4894 3201 4966 suggillassein
3245 4896 3433 4950 eodem
3461 4892 3776 4953 Methodium,

2258 5007 2379 5047 cum
2414 4989 2667 5044 deteriori
2703 4989 2816 5057 ipse
2839 4989 3148 5043 adhaeserit.

2326 5082 2467 5138 XVI.
2506 5081 2868 5137 Prol‘erendus
2900 5096 3113 5151 quoque
3142 5082 3234 5137 hic
3260 5093 3345 5137 est
3372 5085 3511 5139 alter
3554 5074 3771 5137 Methodii

2251 5178 2423 5243 locus,
2454 5191 2521 5229 ex
2555 5174 2695 5228 libro
2738 5172 2811 5226 De
2840 5175 3259 5228 resurrectionsa
3287 5174 3476 5229 Photio
3502 5175 3770 5238 decerptus.

2252 5268 2391 5323 unde
2423 5267 2667 5337 proxime
2696 5265 2946 5319 laudatus
2970 5265 3153 5320 itidem
3190 5267 3387 5335 petitus
3415 5275 3540 5320 est;
3572 5262 3772 5331 Ἀνθρω-

2249 5377 2369 5424 πος,
2403 5360 2556 5429 φησὶ,
2584 5357 2800 5426 λέγεται
2844 5358 2986 5411 κατὰ
3040 5356 3200 5427 φύσιν
3252 5357 3582 5427 ἀληθέστατα
3609 5393 3624 5417 ,
3670 5349 3770 5404 οὔτε

2245 5474 2644 5535 indumentum,
2667 5485 2769 5525 nec
2794 5472 2991 5525 anima:
3008 5482 3255 5524 naturam
3290 5473 3340 5525 in
3369 5479 3594 5537 corpore
3621 5459 3767 5537 ponit.

2246 5543 2550 5597 Platonicos
2591 5528 2691 5595 hac
2743 5542 2796 5595 in
2856 5558 2916 5596 re
2946 5550 3193 5603 secutus.
3229 5528 3768 5610 quemaolinoduinob-

2245 5612 2581 5681 servavimus
2611 5623 2805 5681 quast.
2838 5618 2871 5667 9
2901 5614 2964 5666 de
2989 5612 3212 5680 angelis,
3243 5626 3387 5665 nutu.
3415 5610 3465 5663 5.

2317 5682 2427 5752 (5.9)
2460 5679 2559 5734 Hic
2580 5674 2699 5751 ergo
2721 5684 2945 5750 primum
2978 5674 3216 5749 Origeuis
3250 5674 3646 5752 recitata‘verba,
3671 5679 3763 5752 etc.

2252 5738 2383 5805 Vide
2406 5738 2905 5807 animaduersiones
2928 5738 3143 5805 nostras
3176 5754 3225 5803 in
3261 5752 3401 5805 hunc
3442 5738 3764 5816 Origenislo-

2250 5837 2398 5888 cum,
2421 5832 2569 5875 tomo
2595 5837 2630 5887 ι,
2667 5823 2759 5879 lib.
2792 5821 2864 5877 De
2887 5832 3325 5893 resurrect.,ppg.
3357 5820 3451 5875 '55.
