4054 6310
306 314 410 370 οιδ

1113 314 1687 374 οιιιαΕΝιΑινοιιῦιι
1725 315 1855 371 LIB.
1894 314 1957 381 ιι,
1996 314 2147 371 CAP.
2190 315 2253 381 ll,
2293 312 2564 383 ρυιλεετ.
2604 312 2692 366 V-l.

3413 306 3521 363 9η

301 430 451 502 ψυχὴ
473 429 644 502 χωρὶς
677 447 944 502 σωματος,
969 429 1080 485 οὔτ’
1110 427 1175 485 αὖ
1200 432 1360 487 πάλιν
1396 433 1555 505 σῶμα
1585 434 1750 506 χωρὶς
1775 433 1860 504 ψυ·

1976 445 2246 489 resurrect.
2275 433 2469 496 carnis,
2496 445 2613 501 cap.
2648 428 2717 484 40
2743 446 2757 483 :
2787 447 2804 480 t
2835 428 3015 483 Nacta:
3040 426 3267 495 denique
3289 424 3523 481 hareses

300 521 433 592 χῆς·
466 521 601 575 ἀλλὰ
640 520 702 574 τὸ
740 525 805 576 ὲκ
854 522 1162 586 συστάσεως
1183 523 1361 594 ψυχῆς
1388 526 1482 579 καὶ
1512 524 1759 597 σώματος
1791 529 1871 592 εις

300 615 434 685 μίαν
451 617 552 688 τὴν
574 616 668 670 τοῦ
707 618 872 674 καλοῦ
896 617 1107 689 μορφὴν
1137 620 1387 673 συντεθέν
1407 640 1422 653 ο
1450 624 1479 677 ὁ
1504 621 1549 675 δ’
1591 622 1869 694 Ὠριγένης

292 709 399 781 τὴν
429 708 607 782 ψυχὴν
667 710 833 782 μόνην
881 710 1062 778 ἔλεγεν
1091 711 1407 784 ἄνθρωπον,
1430 713 1505 777 ὡς
1552 715 1581 767 ὁ
1622 713 1866 774 Πλάτων.

297 818 322 854 r
348 800 540 865 Homo,
574 802 767 872 inquit,
793 817 860 857 ex
882 812 1079 858 natura
1110 818 1206 858 sua
1232 805 1518 860 verissime
1549 806 1748 860 dicitur
1770 820 1866 861 nec

290 907 403 961 que
426 893 607 946 anima
642 893 759 947 sine
784 907 1043 963 corpore,
1076 909 1251 962 neque
1279 910 1497 951 rursum
1520 912 1720 968 corpus
1746 899 1866 954 sine

289 984 476 1041 anima
499 978 527 1051 ;‘
558 985 651 1041 sed
679 986 822 1055 quod
872 1001 936 1040 ex
965 985 1257 1041 coalitione
1287 989 1485 1043 animm
1531 998 1588 1043 et
1618 992 1866 1059 corporis

288 1077 350 1132 in
375 1092 534 1131 unam
563 1076 777 1146 pulchri
806 1076 1036 1131 formam
1077 1077 1364 1134 conﬂatur.
1394 1078 1654 1151 Origenes
1683 1093 1862 1137 autem

290 1169 528 1223 animam
561 1167 755 1236 solam,
780 1169 1053 1224 hominem
1078 1184 1199 1226 esse
1219 1169 1377 1237 dixit,
1409 1174 1861 1242 quemadmodum

285 1268 348 1313 et
382 1258 549 1313 Plato.
582 1277 601 1311 ι
641 1260 859 1316 Prostat
883 1261 972 1316 hic
1005 1276 1222 1332 quoque
1262 1262 1415 1318 locus
1435 1262 1695 1318 Methodii
1724 1264 1862 1333 apud

288 1346 649 1421 Epiphaniam
687 1350 880 1406 δίετες.
926 1366 1074 1415 ιιιιν,
1105 1367 1225 1420 cap.
1265 1351 1354 1417 i7,
1408 1354 1503 1407 sed
1534 1352 1619 1407 his
1652 1361 1863 1422 postre-

285 1442 396 1495 mis
450 1450 732 1496 truncatus
780 1443 1003 1497 verbis:
1046 1443 1104 1497 Ὀ
1129 1443 1175 1497 δ’
1223 1443 1649 1517 Ὠριγένης,τὴν
1684 1445 1862 1516 ψυχὴν

286 1533 459 1605 μόνην
482 1532 667 1602 ἔλεγεν
691 1534 995 1606 ἄνθρωπον,
1021 1535 1097 1600 ὡς
1124 1537 1153 1589 ὁ
1180 1537 1425 1592 Πλάτων.
1468 1538 1616 1593 Eane
1643 1539 1710 1593 de
1763 1553 1861 1593 suo

284 1626 557 1681 addiderit
588 1625 831 1691 Photius,
872 1642 937 1681 an
986 1627 1290 1684 detraxerit
1338 1629 1717 1700 Epiphanius,
1766 1632 1858 1701 qui

286 1726 459 1772 totam
499 1717 755 1773 Methodii
793 1720 1219 1790 disputationem
1248 1721 1304 1776 in
1332 1724 1602 1793 epitomen
1638 1734 1856 1779 contra-

1970 526 2106 580 duos
2128 525 2371 584 homines
2404 526 2471 581 ab
2503 520 2762 594 Apostolo
2786 521 2983 585 editos,
3009 520 3336 582 interiorem,
3369 516 3422 572 id
3444 527 3528 572 est

1970 617 2243 683 animam;
2282 625 2333 671 et
2383 615 2728 680 exteriorem,
2769 612 2823 667 id
2860 620 2944 667 est
2989 624 3242 676 carnem;
3298 606 3533 663 salutem

1968 708 2183 780 quidem
2205 708 2419 776 animm,
2449 708 2500 763 id
2526 718 2608 763 est
2631 706 2872 762 interiori
2892 703 3094 761 homini
3117 720 3130 767 ;
3154 702 3376 756 exitium
3394 713 3535 754 vero

1968 801 2138 869 carni,
2166 801 2220 855 id
2248 810 2330 856 est
2346 798 2605 855 exteriori
2634 797 3096 868 adjudicaverunt,
3122 796 3247 865 quia
3264 792 3522 862 scriptum

1966 893 2036 947 sit
2056 892 2386 948 Corinthiis:
2428 889 2571 945 Nam
2613 889 2709 945 etsi
2745 889 2897 943 homo
2936 895 3112 940 noster
3135 885 3365 939 exterior
3404 899 3522 936 eor-

1967 990 2248 1052 rumpitur,
2268 986 2357 1039 sed
2379 985 2601 1039 interior
2614 991 2893 1037 renovatur
2908 979 2971 1033 de
2992 979 3075 1032 die
3099 986 3147 1032 et
3164 977 3248 1030 die
3263 976 3331 1031 ⁸⁸.
3356 972 3525 1029 Porro

1966 1094 2065 1134 nec
2096 1078 2275 1132 anima
2296 1092 2393 1148 per
2415 1075 2756 1145 semetipsam
2781 1073 2962 1137 homo,
2991 1085 3109 1139 qua:
3138 1068 3390 1139 ﬁgmento
3411 1066 3521 1137 jam

1966 1170 2170 1225 homini
2199 1168 2464 1240 appellato
2492 1176 2678 1238 postea
2703 1165 2906 1221 inserta
2941 1170 3024 1217 est
3049 1179 3065 1226 ;
3116 1176 3215 1215 nec
3245 1175 3374 1216 caro
3403 1159 3525 1213 sine

1965 1262 2140 1316 anima
2170 1262 2350 1327 homo,
2379 1274 2498 1329 qua:
2526 1266 2646 1328 post
2673 1255 2921 1312 exsilium
2952 1254 3146 1309 anima:
3184 1252 3414 1307 cadaver
3443 1251 3526 1304 in-

1962 1354 2239 1409 scribitur.
2280 1372 2299 1407 ι
2325 1351 2419 1407 His
2458 1348 2729 1406 haereticis
2750 1362 3001 1401 assensus
3034 1356 3117 1400 est
3157 1342 3445 1415 Origenes,
3467 1351 3524 1397 et

1962 1452 2084 1514 post
2103 1442 2387 1513 Origenem
2409 1441 2679 1497 Arnobius
2708 1439 2800 1495 lib.
2831 1454 2869 1492 ιι
2888 1437 3103 1493 Adsere.
3124 1447 3261 1506 gent.
3288 1451 3307 1492 :
3334 1454 3353 1487 ι
3385 1434 3525 1501 Quid

1961 1538 2104 1596 enim
2132 1552 2319 1595 sumus
2351 1536 2619 1601 homines,
2657 1532 2850 1603 inquit,
2885 1532 2990 1587 nisi
3038 1531 3233 1586 animae
3278 1528 3523 1597 corpori-

1962 1629 2064 1686 bus
2089 1629 2323 1684 clausaa?
2350 1648 2370 1682 ι
2400 1635 2456 1683 et
2488 1626 2654 1683 multo
2692 1632 2817 1696 post
2852 1624 3003 1695 llugo
3024 1639 3052 1677 a
3076 1623 3278 1678 Sancto
3305 1622 3525 1677 Victore

1965 1721 2058 1777 lib.
2076 1738 2115 1778 ιι
2150 1721 2228 1777 De
2245 1729 2559 1777 racrament.
2584 1720 2730 1789 ﬁdei,
2760 1729 2897 1789 part.
2920 1735 2959 1781 ι,
2985 1732 3109 1786 cap.
3127 1716 3215 1781 ll,
3241 1730 3361 1769 cum
3393 1730 3521 1785 pro-

281 1810 386 1875 xit,
423 1810 569 1865 dictu
608 1809 768 1865 facile
804 1787 910 1866 non
962 1823 1067 1869 est.
1102 1812 1256 1867 Adde
1285 1787 1384 1883 pro
1430 1830 1520 1879 eo,
1549 1816 1580 1868 ὁ
1622 1814 1669 1868 δ’
1711 1814 1854 1888 Ὤρι-
1884 1787 1929 1846 Β
1957 1814 2090 1869 bare
2114 1813 2276 1870 vellet
2306 1820 2419 1868 toto
2460 1811 2553 1866 illo
2585 1787 2772 1865 triduo
2803 1824 2911 1879 quo
2945 1807 3200 1863 Christus
3246 1806 3417 1878 jacuit
3466 1807 3519 1861 in

277 1901 468 1972 γὲνης,
492 1909 824 1958 contrariam
875 1904 1164 1960 lectionem
1213 1906 1535 1962 Pbotianutn
1566 1911 1850 1978 quemdam

278 1994 522 2048 codicem
546 1994 838 2061 exhibere;
868 2010 985 2050 eam
1010 1997 1236 2063 scilicet,
1269 1999 1377 2052 οὐδ’
1419 1999 1716 2073 Ὠριγένης.
1742 2001 1853 2059 Nec

280 2084 483 2138 mirum
510 2083 651 2140 foret
688 2100 717 2139 a
773 2085 999 2142 Platone
1045 2089 1336 2159 Origenem
1380 2092 1654 2160 recedere,
1691 2108 1850 2163 quem

276 2174 354 2227 ah
374 2176 562 2229 eodem
600 2179 895 2234 recessisse
931 2193 1055 2233 mox
1088 2180 1344 2248 vidimus,
1377 2197 1500 2237 cum
1529 2185 1597 2239 de
1633 2186 1848 2253 animis,

273 2277 627 2333 corporeaene
659 2281 726 2321 an
763 2268 1095 2338 incorporeas
1116 2277 1316 2334 essent,
1348 2284 1706 2341 quereretur.

348 2356 417 2410 At
441 2355 719 2412 fatendum
746 2368 923 2414 tamen
948 2369 1031 2414 est
1053 2359 1508 2431 Origenianorum
1538 2363 1847 2434 dogmatum

268 2445 657 2502 cohaerentiam
686 2463 753 2503 eo
782 2464 880 2505 nos
903 2450 1248 2519 compellere,
1279 2461 1337 2506 ut
1361 2451 1537 2507 anima
1565 2454 1679 2509 sola
1714 2470 1847 2510 con--

270 2547 423 2593 stare
441 2539 713 2597 hominem
732 2546 1010 2602 censuisse
1027 2548 1411 2605 Adamantium
1430 2552 1690 2607 dicamus.
1713 2553 1846 2609 Nam

267 2631 318 2683 si
344 2629 538 2687 animae
568 2633 844 2691 vinculum
898 2648 953 2693 et
998 2654 1190 2695 carcer
1226 2657 1423 2712 corpus
1446 2652 1549 2709 est,
1582 2645 1672 2714 qui
1721 2660 1847 2715 pars

266 2721 546 2779 hominem
580 2740 911 2798 componens
936 2732 1237 2788 existimari
1257 2736 1496 2804 poterit?
1524 2736 1845 2808 Quanquam

265 2814 376 2867 alia
404 2817 588 2871 omnia
614 2821 765 2889 sequi
791 2822 1006 2877 videtur
1038 2824 1228 2880 homil.
1253 2826 1324 2881 29
1340 2827 1395 2881 in
1422 2826 1554 2883 Luc.
1581 2844 1705 2884 cum
1733 2829 1841 2885 ait:

270 2921 293 2955 ι
332 2903 523 2963 Omnis
550 2908 712 2965 homo
748 2913 913 2967 morti
945 2914 1229 2984 subiacet;
1285 2918 1389 2974 iste
1437 2934 1568 2989 ergo
1599 2921 1691 2987 qui
1748 2936 1845 2976 ne-

262 3013 543 3069 quaquam
571 3002 819 3070 moritnr,
834 3004 946 3073 jam
966 3021 1070 3061 non
1093 3016 1179 3062 est
1203 3008 1386 3076 homo,
1416 3012 1509 3065 sed
1527 3010 1669 3066 Deus
1684 3021 1769 3068 est
1788 3028 1835 3076 ςι

262 3107 430 3160 quem
459 3093 637 3148 locum
661 3095 943 3153 attulimus
969 3113 1159 3169 supra,
1187 3115 1309 3156 cum
1340 3103 1743 3173 disputaremus
1772 3121 1839 3160 an
1867 3136 1911 3196 ο

263 3186 571 3240 crediderit
621 3186 894 3243 Christum
943 3190 1218 3247 hominem
1260 3207 1386 3249 esse
1416 3194 1646 3251 desiisse
1695 3205 1843 3264 post-

261 3291 428 3344 quam
458 3287 701 3335 mortuus
732 3288 832 3335 est.
872 3280 1149 3337 Christum
1192 3283 1265 3339 ibi
1289 3284 1402 3353 jam
1432 3287 1705 3342 hominem
1733 3304 1839 3344 non

260 3379 388 3423 esse
415 3370 667 3436 allirmat,
688 3374 813 3442 quia
845 3375 1004 3429 morti
1032 3375 1144 3445 jam
1170 3379 1402 3456 amplius
1430 3381 1700 3437 obnoxius
1732 3397 1839 3437 non

262 3473 389 3516 est:
425 3464 676 3535 quisquis
704 3480 835 3535 ergo
875 3468 1012 3523 mori
1043 3484 1150 3523 non
1182 3480 1384 3539 potest,
1427 3472 1592 3529 homo
1627 3489 1732 3529 non
1759 3484 1844 3530 est

261 3571 333 3609 ex
366 3553 616 3626 Origenis
652 3560 918 3615 sententia
947 3579 959 3614 :
1000 3571 1056 3615 at
1086 3564 1268 3617 anima
1319 3565 1556 3620 humana
1612 3582 1841 3637 corpore

262 3648 514 3717 sejuncla
550 3651 687 3705 mori
731 3667 837 3705 non
861 3662 1077 3721 potest:
1107 3656 1289 3711 anima
1330 3657 1495 3727 igitur
1523 3673 1588 3712 ex
1622 3659 1839 3714 decreto

261 3739 516 3812 Origenis
547 3743 706 3797 homo
728 3755 957 3799 nonest.
980 3745 1135 3812 Quod
1175 3749 1380 3819 absque
1432 3749 1659 3820 ambage
1683 3766 1835 3806 asse-

262 3830 357 3896 rit,
396 3831 510 3888 haec
544 3835 705 3887 verba
730 3835 924 3904 psalmi
952 3851 1145 3901 cxvut,
1174 3854 1317 3893 vers.
1354 3840 1444 3907 50,
1473 3842 1838 3912 interpretans

262 3921 315 3975 in
339 3921 544 3977 Catena
580 3924 937 3991 Corderiana,
968 3943 1092 3998 pag.
1119 3929 1263 3987 802:
1296 3929 1425 3986 ch
1456 3950 1535 3987 me
1564 3935 1837 3991 consolata

260 4024 339 4067 est
371 4015 425 4068 in
455 4015 755 4071 humilitate
784 4035 919 4073 mea.
940 4020 1061 4092 Ζωὴ
1088 4022 1121 4092 ἡ
1158 4023 1444 4091 μέλλουσα,
1476 4027 1670 4096 inquit,
1688 4027 1836 4083 ἔστιν

256 4105 598 4171 ἀναζώωσις,
634 4108 770 4162 καθὸ
796 4111 896 4182 τὴν
937 4111 1133 4185 ψυχὴν,
1185 4116 1286 4169 οὐκ
1321 4116 1457 4170 ἰδίαν
1489 4118 1667 4190 ζωὴν,
1712 4123 1835 4176 οὐδὲ

258 4199 433 4271 ἀληθῆ
461 4196 599 4253 εἶναι
621 4202 985 4275 μανθάνομεν,
1003 4204 1161 4278 εἴπερ
1175 4208 1275 4261 οὐκ
1299 4208 1580 4281 ἄνθρωπος
1603 4214 1636 4284 ἠ

254 4295 307 4346 ει
340 4291 450 4365 γὰρ
477 4294 533 4346 ὲν
555 4297 619 4366 τῇ
651 4294 773 4349 καθ’
797 4297 997 4368 ἑαυτὴν
1019 4296 1129 4371 ζωῇ
1153 4299 1213 4353 τὸ
1228 4301 1427 4372 ἀληθὲς
1452 4300 1567 4375 εἶχε
1590 4305 1682 4359 τοῦ
1710 4308 1829 4379 ζῇν,

253 4387 357 4440 οὐκ
376 4386 441 4440 ἂν
456 4386 826 4453 ἁναζωώσεως
858 4390 886 4441 ὁ
912 4390 1191 4461 τεθνηκὼς
1210 4393 1379 4447 ἐδεῖτο
1399 4412 1412 4425 ·
1441 4396 1520 4449 διὸ
1545 4399 1638 4453 καὶ
1666 4400 1696 4452 ὁ
1724 4399 1830 4455 Κύ-

1957 1904 2205 1976 sepulcro
2233 1905 2466 1962 Verbum
2501 1902 2773 1959 hominem
2798 1903 3010 1956 fuisse:
3067 1900 3172 1957 hac
3215 1901 3358 1955 enim
3428 1913 3521 1953 ra-

1960 1997 2105 2053 tione
2134 1998 2325 2059 utitur,
2351 1995 2465 2052 sola
2506 1996 2685 2051 anima
2718 2002 2971 2049 constare
3002 1991 3297 2059 hominem,
3326 1990 3522 2047 anima:

1955 2099 2136 2145 autem
2167 2089 2371 2146 Christi
2397 2104 2426 2143 a
2449 2103 2677 2157 corpore
2710 2086 2993 2155 disjuactze
3033 2085 3327 2142 adhaesisse
3380 2085 3520 2141 Ver-

1958 2182 2105 2248 bum,
2134 2180 2370 2237 Verbum
2398 2181 2563 2250 igitur
2591 2178 2758 2234 nihilo
2787 2178 2964 2233 minus
2995 2176 3163 2235 fuisse
3204 2178 3475 2234 hominem
3501 2216 3519 2241 ,

1952 2289 2119 2344 quam
2144 2275 2273 2329 dum
2299 2273 2479 2329 anima
2519 2273 2735 2343 corpori
2786 2280 2935 2327 esset
2961 2285 3221 2327 connexa.
3281 2270 3523 2342 Denique

1953 2367 2263 2436 opinionem
2289 2367 2532 2422 eamdem
2574 2366 2741 2421 tuitus
2784 2376 2871 2419 est
2928 2378 3249 2433 proavorum
3314 2374 3528 2418 nostro-

1952 2476 2070 2515 rum
2116 2460 2379 2515 memoria
2415 2459 2743 2515 Franciscus
2790 2458 3055 2529 Georgius
3097 2468 3227 2514 tom.
3254 2456 3312 2523 l,
3340 2456 3516 2529 probi.

2228 2641 2447 2699 Credita
2501 2642 2590 2699 illa
2632 2651 2688 2698 et
2733 2651 2941 2698 asserta
2991 2642 3062 2699 ob
3114 2641 3345 2712 Origene
3402 2641 3520 2695 ani-

1949 2750 2159 2790 marum
2188 2733 2537 2806 προΰπαρξις
2563 2734 2874 2791 earumdem
2908 2749 3125 2803 quoque
3170 2732 3518 2805 μετενσωμάο

1946 2843 2110 2880 τωσιν
2135 2841 2237 2882 cur
2260 2827 2595 2893 admitteret,
2623 2841 2804 2883 causa
2842 2824 2965 2890 fuit,
3006 2835 3063 2880 ut
3088 2824 3323 2880 diximus
3353 2843 3366 2879 :
3392 2839 3514 2879 nam

1945 2934 2069 2974 cum
2101 2919 2312 2975 animas
2331 2935 2429 2989 pro
2453 2928 2823 2988 peccatorum,
2859 2918 3192 2975 virtutumve
3215 2918 3428 2973 ratione
3461 2927 3518 2973 et

1946 3010 2128 3075 modo,
2161 3010 2575 3081 velangelorum
2600 3011 2861 3081 consequi
2891 3010 3228 3079 dignitatem,
3257 3010 3339 3066 vel
3367 3024 3517 3066 cras-

1944 3100 2179 3156 siorihus
2199 3100 2506 3165 hominum,
2543 3099 2919 3159 daamonumve
2944 3100 3266 3171 corporibus
3277 3099 3512 3166 adnecti,

1942 3206 1997 3250 et
2029 3202 2288 3265 perpetua
2339 3202 2555 3249 utentes
2601 3194 2812 3251 arbitrii
2864 3193 3149 3260 libertate,
3182 3193 3379 3250 iterum
3412 3194 3514 3252 ite-

1942 3300 2170 3355 rumque
2201 3284 2286 3340 vel
2308 3292 2455 3341 recte
2487 3284 2574 3340 vel
2601 3283 2742 3339 male
2761 3298 2922 3353 agere
2946 3299 3107 3354 posse
3128 3285 3395 3352 crederet,
3420 3298 3515 3341 ne-

1940 3378 2178 3433 cessaria
2210 3386 2652 3449 argumentorum
2675 3377 3064 3445 consequentia
3102 3391 3170 3433 eo
3198 3376 3512 3432 adduceba-

1942 3457 2053 3531 tur,
2077 3476 2138 3521 ut
2170 3467 2382 3523 animas
2408 3466 2687 3523 hominum
2718 3465 2913 3519 iterum
2957 3466 3267 3537 iterumque
3326 3467 3509 3521 subire

1940 3573 2100 3630 posse
2132 3558 2400 3614 fateretur
2455 3558 2735 3614 hominum
2787 3573 3017 3629 corpora
3050 3559 3132 3614 vel
3183 3560 3506 3615 daemonum.

1938 3652 2114 3722 Atque
2151 3652 2238 3707 illa
2274 3661 2358 3707 est
2380 3662 2488 3707 tam
2518 3654 2832 3718 decantata,
2869 3654 3029 3709 toties
3061 3652 3282 3722 explosa
3312 3652 3507 3724 Orige-

1938 3744 2022 3798 nis
2050 3744 2559 3818 μετενσωμάτωσις,
2599 3746 2757 3817 quasi
2789 3745 2961 3812 dicas,
2992 3747 3506 3814 transicorporatio;

1936 3853 2057 3908 quas
2077 3850 2130 3894 et
2150 3838 2571 3910 μετεμψύχωσις
2600 3838 2858 3909 appellari
2880 3851 3078 3909 potest,
3109 3841 3254 3910 quod
3282 3839 3508 3896 reddere

1935 3944 2126 3999 queas,
2160 3930 2644 3985 transinanimatio.
2672 3929 2902 3985 Pulchre
2927 3932 3194 4001 dogmatis
3223 3932 3508 4002 utriusque

1934 4022 2329 4079 connexionem
2359 4022 2497 4077 vidit
2527 4022 2822 4093 Gregorius
2862 4023 3138 4095 Nyssenus
3169 4026 3311 4097 apud
3340 4024 3507 4081 Justi-

1935 4113 2154 4167 nianum
2187 4114 2241 4168 in
2268 4115 2499 4185 epistola
2531 4115 2599 4170 ad
2631 4115 2841 4171 Menam
2885 4119 3252 4187 patriarcham
3280 4158 3296 4185 ,
3342 4130 3397 4175 et
3448 4119 3504 4174 in

1931 4204 2166 4275 Origene
2189 4205 2559 4276 reprehendit.
2593 4208 3057 4274 Quemadmodum
3106 4218 3284 4265 autem
3324 4210 3503 4281 dupli-

1931 4294 2071 4350 citer
2100 4311 2201 4355 vox
2236 4296 2362 4362 ista,
2398 4296 2838 4368 μετεμψύχωσις,
2870 4297 3027 4367 vulgo
3060 4304 3377 4365 usurpatur,
3414 4297 3499 4350 vel

1929 4401 2029 4456 pro
2060 4387 2292 4443 transitu
2318 4388 2512 4443 animae
2531 4403 2597 4443 ex
2618 4388 2854 4445 humano
2879 4404 3107 4459 corpore
3135 4389 3190 4461 ip
3207 4390 3502 4447 humanum

254 4497 373 4551 ριος
398 4482 523 4544 τοὺς
548 4481 849 4546 τεθνεῶτας
876 4483 995 4552 Θεῷ
1029 4482 1127 4555 ζῇν
1143 4481 1316 4548 εἶπεν,
1358 4489 1433 4553 ὡς
1466 4489 1618 4545 οὔπω
1649 4492 1709 4545 τὸ
1731 4490 1829 4565 ζῇν

1945 4494 2156 4549 :orpus;
2188 4480 2273 4535 vel
2304 4495 2401 4549 pro
2425 4481 2751 4552 migratione
2778 4481 2975 4538 animm
3000 4498 3066 4537 ex
3115 4484 3352 4540 humano
3381 4499 3504 4539 cor-

253 4572 495 4641 ἔχοντας,
531 4572 671 4644 πλὴν
685 4575 808 4627 ὅσον
848 4577 904 4628 ὲν
921 4575 1148 4647 δυνάμει
1176 4577 1310 4633 Θεοῦ
1331 4579 1426 4633 τοῦ
1456 4582 1823 4655 ζωοποιήσαν-

249 4683 363 4730 τος,
395 4668 489 4720 καὶ
524 4666 857 4721 ἀπολωλέναι
889 4670 1052 4739 φησὶν
1088 4670 1305 4737 αὐτοὺς,
1338 4674 1387 4726 εἰ
1419 4673 1493 4746 μὴ
1537 4673 1639 4746 τῆς
1687 4677 1820 4732 ἀνα-

253 4757 500 4822 στάσεως
552 4758 784 4831 τύχοιεν.
833 4760 1176 4817 Concurrunt
1214 4763 1328 4819 base
1383 4767 1611 4822 adversa
1644 4767 1823 4824 fronte

250 4868 378 4909 cum
419 4854 815 4923 superioribus,
854 4864 910 4909 et
931 4854 1195 4911 alterutra
1235 4856 1393 4911 cadat
1423 4860 1698 4915 accusatio
1720 4876 1818 4916 ne-

250 4958 465 4999 cessum
505 4953 604 4999 est.

321 5040 519 5095 Anima
560 5041 673 5096 sola
716 5051 967 5096 constare
1004 5041 1277 5099 hominem
1306 5047 1636 5101 asseveravit
1665 5046 1820 5103 Plato

249 5129 303 5184 in
350 5128 622 5186 Alcibiade
662 5148 720 5197 ι,
784 5148 943 5201 quem
995 5146 1213 5190 secutus
1260 5145 1346 5191 est
1392 5136 1635 5193 Plotinus
1673 5137 1813 5193 Enn.

247 5215 343 5275 lib.
360 5233 397 5273 t.
414 5217 562 5273 Hanc
591 5220 940 5284 sententiam,
960 5232 1173 5279 veteres
1198 5236 1415 5281 secutus
1440 5228 1814 5294 Academicos,

248 5306 528 5361 damnavit
561 5307 755 5376 Varro,
814 5317 871 5362 ut
910 5316 993 5363 est
1024 5311 1164 5379 apud
1206 5311 1562 5383 Augustinum
1594 5316 1686 5370 lib.
1722 5331 1814 5371 xIx

247 5397 323 5454 De
360 5399 503 5454 civit.
538 5399 658 5466 Dei,
683 5415 804 5471 cap.
830 5401 884 5457 5.
910 5400 1143 5458 lnstituti
1178 5419 1307 5460 vero
1331 5421 1361 5461 a
1389 5405 1611 5464 Platone
1642 5409 1814 5465 luere-

249 5493 337 5548 tici
370 5492 613 5564 quidam,
658 5493 1095 5563 sententiamque
1124 5496 1242 5566 ejus
1289 5501 1565 5568 assectati,
1604 5500 1819 5556 Tertul-

251 5583 373 5639 liani
406 5585 821 5656 castigationem
857 5595 1163 5644 senserunt.
1190 5589 1281 5648 Sic
1305 5593 1449 5649 enim
1482 5592 1570 5650 ille
1621 5594 1717 5651 lib.
1748 5593 1821 5651 De

286 5762 360 5799 ⁸⁵⁵
387 5763 426 5819 ιι
468 5765 589 5822 Cor.
628 5782 701 5835 tv,
734 5767 819 5825 l6.

1932 4587 2060 4642 pore
2090 4573 2142 4627 in
2174 4572 2372 4643 planae
2397 4588 2599 4644 corpus
2620 4574 2704 4627 vel
2738 4576 2982 4645 pecudis,
3009 4590 3168 4645 quam
3192 4590 3503 4648 prepugna-

1929 4665 2007 4717 vit
2030 4664 2385 4735 Pythagoras.
2418 4680 2689 4737 quantque
2726 4666 2985 4736 peculiari
3042 4667 3225 4725 libello
3280 4669 3499 4726 lambli-
3534 4724 3542 4743 ,

1929 4758 2064 4812 chus
2092 4758 2390 4813 confutavit
2417 4773 2434 4812 :
2472 4759 2544 4814 ita
2570 4760 2729 4830 juxta
2782 4758 3166 4830 Origenianam
3191 4763 3498 4819 doctrinam

1929 4849 2309 4918 distinguenda
2341 4860 2425 4907 est
2469 4851 2720 4922 migratio
2773 4854 2971 4908 anima:
3003 4856 3221 4912 ratione
3257 4856 3498 4925 prteditae

1926 4956 1958 4998 e
1983 4941 2215 5008 ctelesti,
2238 4943 2322 4997 vel
2346 4944 2600 5007 humano,
2627 4944 2713 4999 vel
2735 4943 3034 5003 daemonica
3059 4961 3286 5015 corpore
3311 4947 3364 5001 in
3400 4962 3498 5018 pe-

1925 5034 2079 5090 cudis
2103 5049 2323 5107 corpus,
2348 5046 2402 5090 et
2429 5036 2670 5093 vicissim
2697 5056 2712 5105 ;
2762 5053 2792 5092 a
2837 5039 3161 5110 migratione
3185 5040 3381 5095 animae
3404 5056 3495 5096 ra-

1926 5128 2145 5186 tionalis
2198 5145 2321 5200 qua:
2365 5144 2593 5200 corpora
2633 5132 2776 5187 inter
2806 5132 3057 5188 cmlestia
3085 5173 3100 5198 ,
3145 5133 3380 5190 humana
3435 5142 3493 5191 et

1924 5223 2274 5290 dazmoniaca,
2295 5224 2430 5278 citra
2457 5223 2711 5290 belluina,
2731 5224 2904 5280 aliave
2929 5226 3182 5295 quaslibet
3192 5226 3488 5297 perﬁcitur.

1922 5317 2098 5385 Atque
2126 5314 2269 5370 hanc
2296 5316 2651 5387 posteriorem
2688 5318 2882 5371 tuitum
2904 5332 3027 5373 esse
3050 5318 3365 5390 Origenem,
3400 5330 3490 5377 ut~

1923 5419 2050 5478 pote
2074 5423 2139 5463 ex
2173 5408 2291 5481 ejus
2315 5420 2491 5481 aptam
2547 5410 2847 5481 principiis,
2897 5414 3081 5480 negari
3142 5429 3247 5469 nou
3284 5424 3484 5485 potest.

1927 5502 2081 5561 Unde
2107 5518 2406 5577 anonymus
2461 5503 2637 5559 Photii
2677 5507 2798 5561 cod.
2834 5522 3002 5571 cxvn,
3038 5508 3307 5577 culpatum
3360 5525 3484 5564 eum

1928 5596 2113 5665 refert,
2137 5599 2278 5668 quod
2309 5598 2508 5661 dixerit
2537 5616 2551 5653 :
2580 5598 2662 5653 ὅτι
2690 5598 2724 5670 ὴ
2750 5598 2845 5653 τοῦ
2868 5600 3120 5675 Σωτῆρος
3144 5600 3308 5674 ψυχὴ,
3341 5602 3489 5675 inoo

3509 4954 3518 5013 ἕ
