4054 6310
687 365 788 421 dis
1970 370 2029 425 P.
2072 366 2380 424 DANIELIS
2413 366 2647 425 HUETII
3742 375 3831 430 θιο

699 478 868 550 Ἀδὰμ
889 476 977 551 ἧν.
1014 499 1035 534 ι
1071 482 1374 539 Servatoris
1412 484 1666 551 animam,
1697 485 1863 556 ipsam
1892 484 2080 540 Adami
2111 487 2229 541 ani-
2258 491 2300 547 A

2258 491 2300 547 Α
2329 483 2515 546 οὐσίας
2534 482 2722 553 αὐτῆς,
2782 482 2874 535 καὶ
2906 482 3033 555 περὶ
3073 482 3182 535 τῶν
3207 481 3385 553 ἀρχῶν
3435 480 3628 553 αὐτῆς,
3656 485 3740 537 οὐκ
3778 489 3833 542 ἂν

687 586 829 625 mam
857 570 1020 626 fuisse
1052 590 1066 626 :
1111 593 1128 626 ι
1154 576 1303 642 quod
1329 576 1398 629 ita
1431 575 1658 647 accipio,
1684 591 1806 645 qua:
1837 574 2013 631 fuerat
2036 576 2224 630 Adauii

2330 574 2473 627 οὕτω
2529 574 2738 644 διέσυρε
2786 573 2877 626 τὸν
2911 574 3173 629 ἀθάνατον
3225 575 3302 637 εἰς
3350 572 3539 642 θνητὸν
3588 574 3833 644 ἐρχόμενον

684 664 898 725 anima,
934 676 1051 716 eam
1092 666 1143 717 in
1171 679 1369 733 corpus
1400 665 1701 721 Servatoris
1735 666 1915 721 multis
1969 677 2088 736 post
2132 682 2231 721 sat-

2333 663 2510 733 σῶμα,
2556 663 2617 715 οὐ
2661 662 2799 715 κατὰ
2842 662 3123 725 Πλάτωνος
3172 660 3679 732 μετενσωμάτωσιν,
3727 663 3834 719 ἀλλά

687 751 821 805 culis
851 752 1154 808 transiisse.
1191 754 1337 809 Unde
1378 766 1431 809 et
1470 756 1797 827 The0philus
1834 756 2118 824 Origenem
2150 758 2230 811 di-

2329 754 2448 807 κατ’
2466 753 2629 823 ἄλλην
2649 752 2767 806 τινὰ
2792 752 3121 823 ὑψηλοτέραν
3144 751 3387 821 θεωρίαν.
3416 770 3435 802 ι
3462 751 3518 805 Si
3539 761 3703 806 mente
3718 768 3835 807 coni-

685 842 829 896 xisse
858 844 935 897 ait
962 845 1229 900 hominem
1260 848 1504 902 crebrius
1532 850 1705 913 mori;
1740 848 1882 918 quod
1940 865 2043 904 non
2076 850 2231 903 aliter
2329 844 2698 913 prebendisset
2741 842 2973 914 (Celsus)
3006 858 3127 913 qua
3170 844 3346 897 futura
3381 842 3453 898 sit
3502 844 3681 897 animai
3714 844 3835 898 inae-

682 931 939 1002 intelligo,
980 949 1139 1003 quam
1173 936 1378 990 animas
1418 951 1786 1005 saepenumero
1840 953 1871 992 e
1918 940 2229 1009 corporibus
2330 944 2484 989 terna
2510 935 2614 989 vita
2649 934 2913 999 conditio,
2934 946 2988 990 et
3011 935 3138 1005 quid
3175 935 3241 990 de
3270 935 3391 1004 ejus
3440 944 3627 989 natura
3670 936 3833 1004 princi-

681 1022 735 1078 in
765 1038 992 1091 corpora
1024 1026 1277 1091 transire,
1302 1037 1353 1080 et
1382 1028 1950 1098 μετενσωματοῦσθαι.

2327 1024 2539 1093 piisque
2563 1025 2767 1079 sentire
2797 1034 3067 1095 Oporteat,
3095 1039 3200 1078 non
3228 1024 3299 1078 ita
3338 1023 3620 1078 ridiculum
3648 1022 3738 1092 ipsi
3775 1025 3835 1078 vi-

752 1111 931 1167 XVIII.
984 1114 1180 1170 Verum
1228 1118 1458 1184 priorem
1496 1133 1710 1187 quoque
1769 1118 2222 1190 μετεμψύχωσιν,
2328 1129 2444 1168 sum
2472 1112 2664 1169 fuisset
2718 1113 3079 1169 immortalem
3125 1114 3177 1167 in
3211 1112 3441 1167 mortale
3491 1128 3678 1183 corpus
3702 1116 3836 1168 adve-

678 1217 797 1271 qua:
821 1203 1174 1274 Pythagorica
1193 1216 1299 1271 est,
1352 1208 1589 1263 tenuisse
1637 1209 1785 1263 illum
1818 1221 2031 1265 veteres
2075 1213 2227 1266 multi
2330 1204 2590 1270 ηῖθηιθωο
2622 1218 2726 1258 ηοη
2751 1219 2783 1258 θ
2816 1219 3042 1274 corpore
3097 1204 3147 1258 in
3195 1218 3396 1273 corpus
3424 1205 3837 1274 ιΐδηεωῖεηηάοι

650 1296 1062 1351 'vociferantur.
1089 1298 1314 1352 Crimini
1358 1299 1410 1352 id
1438 1299 1536 1368 ipsi
1571 1300 1753 1353 datum
1804 1300 1968 1357 fuisse
2006 1312 2229 1356 narrant

2329 1303 2387 1346 ut
2421 1293 2573 1347 Plato
2607 1294 2918 1363 explicaret,
2945 1294 3036 1348 sed
3058 1294 3158 1347 alia
3180 1308 3359 1362 eaque
3391 1294 3549 1360 longe
3577 1292 3832 1348 sublimiori

677 1383 983 1456 Pamphilus
1014 1389 1065 1443 in
1092 1390 1367 1460 Apologia,
1400 1398 1453 1443 ct
1482 1404 1622 1460 serpe
1650 1390 1899 1447 laudatus
1930 1407 2228 1463 anonymus

2330 1383 2561 1438 ratione.
2592 1401 2611 1435 ι
2648 1383 2966 1453 Scriptiouis
2988 1385 3220 1452 ejusdem
3249 1393 3438 1439 contra
3461 1382 3659 1438 Celsum
3682 1384 3760 1437 lib.
3790 1401 3834 1451 ν,

676 1475 879 1532 Photii.
911 1462 1465 1551 Hieronymus,.cujus
1498 1485 1658 1538 verba
1689 1499 1849 1553 supra
1886 1462 2227 1538 recitavimus
2328 1490 2477 1529 ηυῐη-
2529 1473 2598 1529 49
2624 1514 2647 1541 ι,
2703 1474 3042 1531 Chrislianos
3090 1478 3311 1547 rejicere
3350 1476 3513 1531 tradit
3566 1475 3834 1547 Πυθαγόρου

673 1580 738 1618 ex
762 1567 919 1636 epist.
951 1567 1038 1632 59,
1072 1571 1135 1622 ad
1168 1569 1330 1631 Avit.,
1368 1585 1489 1640 cap.
1524 1571 1575 1637 1,
1602 1571 1637 1625 2
1661 1581 1714 1627 et
1736 1571 1789 1639 4,
1812 1582 1866 1627 et
1895 1573 1988 1626 lib.
2023 1588 2061 1626 ιι
2086 1573 2226 1641 Apa-

2329 1565 2419 1617 τὸν
2446 1565 2575 1634 περὶ
2606 1564 2779 1635 ψυχῆς
2798 1582 3206 1638 μετενσωματου
3215 1566 3379 1638 μένης
3408 1565 3697 1637 μῦθον.δεᾱ
3717 1583 3834 1621 assc-

672 1655 779 1724 Iog.
809 1659 1013 1711 advers.
1038 1657 1238 1726 Ruﬁn.,
1280 1674 1399 1729 cap.
1431 1661 1488 1726 4,
1533 1660 1821 1732 Origenem
1874 1663 2093 1719 incessit
2139 1679 2227 1717 er-

2326 1656 2601 1711 verantius
2630 1656 2721 1710 lib.
2755 1671 2871 1721 vm,
2898 1674 3044 1714 num.
3075 1659 3143 1713 30
3173 1676 3186 1713 :
3225 1658 3490 1729 Οὐδαμῶς
3519 1657 3740 1729 μέντοιγε
3766 1658 3832 1711 λέ-

672 1746 811 1799 i'o'ris
836 1746 1070 1816 ejusdem
1127 1751 1378 1820 nomine,
1410 1767 1569 1820 quem
1612 1752 1748 1808 libro
1783 1770 1799 1807 ι
1841 1756 1977 1822 Περὶ
2024 1756 2224 1824 ἀρχῶν

2328 1764 2497 1817 γομεν
2532 1748 3016 1819 μετενσωμάτωσιν
3046 1745 3179 1803 εἶναι
3209 1750 3411 1820 ψυχῆς,
3470 1750 3560 1803 καὶ
3592 1750 3831 1803 κατάπτω-

671 1835 857 1891 haberi
894 1838 1041 1893 dicit.
1076 1838 1214 1894 Loca
1243 1842 1353 1906 ipsa
1374 1844 1627 1913 Origenis
1651 1846 1935 1914 descripsit
1957 1845 2220 1901 Justinia-
2251 1824 2272 1884 ¹

2251 1824 2295 1884 Β
2324 1855 2411 1892 σιν
2452 1838 2619 1909 αὐτῆς
2654 1838 2815 1909 μέχρι
2858 1839 2966 1893 τῶν
3014 1839 3220 1907 ἀλόγων
3256 1839 3446 1904 ζώων·
3487 1840 3708 1911 δηλονότι
3746 1840 3830 1892 οὐδ’

669 1940 771 1979 nus
792 1927 855 1981 ad
890 1929 1087 1983 calcem
1120 1933 1358 2000 epistolae
1386 1936 1451 1987 ad
1484 1935 1715 1998 Menam,
1756 1951 1875 2005 quae
1911 1953 2031 1992 cum
2059 1938 2109 1991 in
2143 1939 2225 1995 his

2321 1931 2519 2000 ὁμοίως
2552 1931 2844 2002 Πυθαγόρᾳ
2863 1970 2878 1996 ,
2919 1931 3020 1985 κᾶν
3066 1931 3400 2003 ἀπεχώμεθά
3441 1949 3567 1984 ποτε
3596 1931 3729 1996 ζώων
3751 1973 3763 1997 ,
3782 1935 3833 1989 οὐ

668 2016 819 2072 libris
854 2019 1010 2074 hodie
1038 2036 1141 2074 non
1184 2034 1555 2091 compareant,
1612 2028 1901 2082 verisimile
1933 2038 2013 2084 est
2051 2045 2080 2082 a
2110 2029 2222 2082 llu-

2322 2022 2640 2093 χρησόμεθα
2676 2022 2855 2076 αὐτῶν
2881 2025 2998 2086 ταῖς
3032 2023 3207 2094 σαρξί.
3248 2043 3266 2075 ι
3300 2024 3490 2095 Neque
3538 2041 3656 2080 vero
3680 2043 3826 2082 cense.

673 2111 781 2162 lino
838 2109 1003 2165 fuisse
1057 2126 1364 2182 suppressa.
1406 2115 1657 2185 Pepercit
1715 2121 1918 2174 nomini
1973 2119 2223 2189 Origenis

2322 2127 2439 2165 nius
2466 2113 2703 2167 animam
2733 2129 2763 2168 e
2793 2127 3019 2183 corpore
3044 2114 3095 2168 in
3127 2130 3322 2185 corpus
3352 2116 3587 2185 migrare
3609 2157 3624 2183 ,
3653 2127 3700 2171 et
3737 2131 3827 2171 eam

665 2198 1006 2270 Philagri-ius,
1032 2220 1143 2259 rem
1162 2207 1327 2275 ipsam
1364 2211 1559 2280 tetigit,
1588 2222 1750 2281 atque
1776 2213 1877 2267 hoc
1903 2226 2220 2281 argumenm
2319 2201 2384 2255 ad
2426 2203 2701 2257 brutarum
2726 2218 2893 2273 usque
2914 2204 3271 2258 animantium
3298 2207 3653 2260 conditionem
3684 2208 3825 2276 dejiri.

664 2293 983 2359 confutavit,
1025 2300 1167 2367 quod
1212 2302 1388 2354 anima
1437 2314 1720 2373 postquam
1768 2319 1994 2374 corpore
2049 2307 2217 2362 solum
2319 2290 2433 2346 Non
2469 2293 2649 2359 igitur,
2691 2294 2899 2348 etiamsi
2961 2294 3228 2349 interdum
3284 2295 3646 2351 animantibus
3688 2299 3825 2350 absti-

663 2394 764 2450 est,
796 2386 849 2440 in
875 2386 1052 2443 locum
1077 2399 1339 2446 statutum
1377 2393 1674 2450 deducatur
1700 2397 1767 2451 ab
1796 2398 2005 2467 angelo,
2040 2409 2099 2454 ut
2124 2416 2219 2471 pro
2320 2398 2509 2437 nemus
2538 2424 2552 2448 ,
2594 2399 2777 2439 earum
2819 2400 3010 2440 carnes
3067 2400 3388 2441 aversamur
3431 2388 3613 2443 eadem
3658 2390 3823 2444 ratione

661 2478 872 2532 meritis
906 2481 1017 2536 suis
1040 2493 1352 2539 θχοτηριυιι,
2320 2491 2423 2544 qua
2458 2475 2805 2546 Pythagoras.
2836 2496 2856 2530 ι
2891 2477 2953 2531 Et
2982 2477 3079 2533 lib.
3108 2494 3135 2531 v
3163 2478 3217 2531 in
3239 2476 3415 2548 Epist.
3444 2484 3509 2533 ad
3532 2479 3821 2545 Rom.,nuin.

732 2570 876 2625 XIX.
902 2573 1069 2629 Recte
1091 2576 1303 2642 quidem
1330 2579 1659 2633 accusationi
1698 2596 1807 2635 sua:
1833 2583 2101 2637 consuluit
2125 2583 2218 2637 Jn-
2318 2566 2333 2618 1

2318 2566 2370 2629 1,
2402 2580 2524 2635 pag.
2556 2565 2658 2621 5L9
2698 2589 2709 2622 :
2750 2584 2767 2618 ι
2800 2567 2905 2622 Sed
2933 2568 3046 2623 haec
3075 2568 3338 2625 Basilides
3355 2585 3466 2624 non
3500 2574 3749 2625 advertens
3772 2574 3821 2625 de

660 2660 949 2727 stinianus,
969 2680 1087 2717 cum
1111 2665 1358 2735 Ongenis
1381 2668 1543 2722 verba
1562 2671 1675 2738 ipsa
1695 2671 1999 2741 descripsit.
2024 2677 2218 2743 quibus
2318 2657 2432 2727 Ιεεθ
2464 2659 2699 2713 multa"
2730 2659 2925 2714 debere
2950 2660 3193 2731 imelligio
3226 2662 3292 2717 ad
3322 2662 3538 2733 ἰηθρικε
3576 2672 3629 2718 ει
3668 2664 3823 2732 impias

659 2749 955 2805 absurdum
990 2754 1118 2808 illud
1149 2764 1203 2810 et
1226 2757 1448 2825 impium
1483 2758 1673 2829 dogma
1703 2764 2045 2828 continetur;
2105 2775 2211 2819 tam

2325 2750 2531 2805 fabulas
2564 2765 2863 2806 sermonem
2913 2754 3263 2820 apostolicum
3314 2756 3485 2810 traxit
3518 2755 3566 2809 in
3602 2771 3818 2825 μετενσω-

661 2838 1036 2908 frequentibus
1058 2845 1253 2914 quippe
1279 2855 1335 2900 et
1368 2850 1571 2916 apertis
1607 2852 1931 2908 testimoniis
1960 2855 2087 2909 alibi
2126 2871 2210 2909 re-

2320 2844 2611 2913 ματώσεως
2642 2844 2853 2912 dogma,
2886 2844 2939 2899 id
2958 2853 3061 2909 est,
3099 2848 3239 2915 quod
3270 2846 3471 2900 animae
3500 2848 3548 2901 in
3576 2847 3667 2901 alia
3694 2856 3816 2915 atque

657 2930 899 2998 pudiavit
932 2933 1079 2986 illum
1111 2937 1485 3002 Adamantius,
1527 2950 1581 2994 et
1626 2942 1916 3009 damnavit,
1954 2947 2041 3000 vix
2080 2948 2212 3001 utin
2314 2935 2417 2987 alia
2450 2949 2675 3004 corpu”
2707 2936 3174 3002 "mlsmndamuri
3205 2952 3268 2992 ex
3302 2939 3415 2994 hoc
3449 2939 3668 3008 Αροδιοη
3704 2939 3817 2993 dim

659 3023 895 3077 animum
930 3026 1183 3082 inducere
1210 3030 1430 3097 possim.
1468 3032 1761 3097 hominem,
1801 3052 1903 3090 non
1950 3039 2058 3107 jam
2094 3038 2214 3094 dico

2210 3063 2214 3085 ι
2314 3036 2541 3080 conatur
2570 3036 2833 3081 astruere.
2875 3026 3019 3082 Dixit
3052 3030 3220 3093 enim,
3270 3029 3474 3097 inquit,
3498 3027 3811 3098 Apostolus“,

658 3129 869 3170 summa
927 3117 1204 3175 florentem
1228 3124 1529 3179 eruditione
1581 3135 1637 3179 et
1686 3128 1918 3195 ingenio,
1962 3131 2053 3184 sed
2107 3148 2209 3185 non
2242 3182 2259 3195 ,

2242 3180 2279 3195 η
2314 3118 2438 3186 quia
2467 3133 2567 3188 ego
2595 3119 2838 3173 vivebam
2865 3121 2981 3175 sine
3011 3119 3125 3189 lege
3160 3121 3488 3191 aliquando;
3519 3139 3538 3174 ι
3568 3132 3616 3175 et
3638 3131 3811 3182 caetera.

654 3213 953 3266 vecordem
984 3215 1209 3269 omnino
1224 3215 1569 3283 «insanum,
1597 3228 1705 3273 iam
1739 3180 2087 3289 :epug'namia
2110 3227 2208 3281 sibi
2238 3180 2280 3235 Ο
2313 3223 2433 3278 qua:
2469 3209 2657 3264 lectori
2704 3210 2944 3289 diligenti
2974 3212 3298 3267 consulenda
3350 3213 3612 3281 relinquo.
3652 3211 3812 3266 Paulini

655 3312 711 3355 et
739 3305 1014 3358 contraria
1060 3320 1165 3361 uno
1213 3311 1509 3379 eodemque
1558 3327 1654 3368 ore
1707 3318 2105 3383 pronuntiasse.
2155 3319 2208 3373 ιη
2318 3298 2473 3366 hujus
2504 3299 2604 3355 loci
2630 3315 2845 3368 pravam
2874 3302 3485 3371 interpretationem,et
3504 3302 3814 3374 Pythagorica:

654 3393 759 3448 hoc
780 3393 897 3463 ipso
918 3396 1137 3466 quippe,
1165 3401 1307 3468 quod
1336 3401 1517 3457 lauda;
1546 3401 1905 3473 ιυειίιιίεηυε,
1944 3424 2106 3478 opere
2137 3411 2211 3464 De
2323 3390 2863 3461 μετενσωματώσεως
2907 3394 3366 3448 confirmationem
3419 3394 3811 3449 accommodatam

653 3483 945 3551 principiis,
983 3483 1075 3540 lib.
1106 3503 1144 3551 I,
1169 3502 1285 3556 cap.
1319 3488 1526 3558 ultimo,
1571 3508 1719 3547 num.
1749 3494 1804 3559 4,
1838 3495 1911 3549 ita
1939 3496 2154 3551 disserit
2193 3515 2207 3552 :

2310 3483 2530 3536 damnat
2548 3484 2740 3537 iterum
2760 3484 2851 3538 lib.
2876 3500 2927 3537 vi
2948 3487 3001 3537 in
3022 3484 3191 3554 Epist.
3208 3485 3274 3537 ad
3292 3483 3474 3553 Rom.,
3497 3502 3631 3540 num.
3653 3483 3696 3551 8,
3719 3498 3809 3552 pag.

659 3591 680 3625 ς
715 3573 805 3627 llla
838 3590 969 3631 sane
1002 3593 1099 3632 nos
1158 3594 1496 3654 nequaquam
1530 3584 1837 3651 recipienda
1874 3600 2159 3642 censemus
2192 3630 2208 3650 ,

2311 3575 2435 3628 583.
2459 3574 2602 3628 ldem
2628 3575 2766 3629 libro
2793 3575 2866 3629 De
2895 3575 3190 3630 Proverbiis
3227 3576 3546 3642 Salomonis,
3570 3592 3677 3645 pag.
3708 3575 3745 3640 Ι,
3772 3585 3812 3627 et

653 3678 774 3731 quze
803 3673 855 3716 et
880 3681 907 3717 a
931 3668 1247 3735 quibusdam
1282 3669 1553 3738 superfluo
1595 3671 1677 3726 vel
1710 3676 1911 3743 requiri
1932 3676 2015 3731 vel
2039 3679 2207 3732 astrui

2312 3675 2441 3720 tum.
2465 3681 2538 3720 vn
2565 3668 2618 3719 in
2642 3666 2859 3732 Meum,
2898 3683 3017 3736 pag.
3046 3668 3143 3722 4M
3177 3670 3320 3739 (qua:
3348 3670 3645 3723 testimonia
3669 3666 3809 3734 jaceat

654 3755 854 3820 solent,
881 3757 932 3810 id
962 3770 1063 3824 est,
1094 3760 1233 3828 quod
1260 3762 1453 3815 anima:
1483 3761 1534 3815 in
1578 3772 1781 3817 tantum
1813 3766 1894 3821 sui
1927 3767 2207 3823 decessum

2310 3758 2363 3811 in
2401 3758 2655 3827 Apologia
2686 3758 2998 3830 Pamphili),
3029 3769 3084 3814 et
3114 3770 3311 3813 tom..x
3353 3760 3410 3813 in
3462 3760 3664 3823 Matt/n,
3692 3773 3808 3812 num.

651 3847 894 3912 veniant,
929 3860 983 3903 ut
1014 3860 1216 3905 naturae
1274 3853 1553 3907 rationalis
1600 3870 1663 3909 ac
1709 3854 1986 3922 dignitatis
2032 3858 2209 3915 oblita:

2205 3882 2209 3911 ε
2306 3847 2397 3912 20,
2428 3863 2549 3917 pag.
2578 3848 2704 3916 468,
2728 3858 2783 3902 et
2815 3859 2943 3903 tom.
2988 3866 3063 3916 ιι,
3097 3866 3248 3905 num.
3282 3849 3373 3915 l9,
3405 3866 3525 3923 pag.
3556 3849 3666 3915 506,
3696 3847 3806 3902 Scri-

651 3939 813 3992 etiam
844 3941 895 3992 in
949 3940 1189 3996 ordinem
1227 3945 1676 4000 irrationabilium
1715 3949 2024 4003 animalium
2050 3991 2064 4015 ,
2120 3952 2204 4005 vel

2199 3953 2204 4005 ι
2306 3941 2482 4008 pturis
2505 3942 2711 3995 sanctis
2741 3949 2795 3995 et
2815 3941 3203 3997 ecclesiasticae
3232 3946 3356 3999 ﬁdei
3392 3944 3691 4001 contrariam
3707 3952 3800 3993 esse

652 4028 964 4093 bestiarum,
984 4032 1063 4085 vel
1085 4033 1344 4099 pecudum
1368 4034 1772 4090 devolvantur.)
1791 4037 2011 4108 Reliqua
2030 4041 2207 4095 studio
2306 4033 2503 4087 asserit
2533 4035 3038 4105 μετενσωμάτωσινο
3073 4036 3114 4090 F
3121 4052 3213 4092 use
3243 4053 3461 4110 (tuoque
3492 4038 3541 4093 id
3570 4047 3805 4105 arsullleﬂ’

653 4119 935 4173 brevitatis
964 4126 1345 4191 praetermitto,
1384 4143 1503 4195 qua:
1530 4140 1709 4183 tamen
1741 4130 1805 4184 ad
1833 4145 1943 4186 rem
1974 4133 2203 4186 faciunt.
2306 4133 2416 4179 tum
2441 4129 2785 4195 prosequitur
2816 4138 2948 4184 tom.
2996 4145 3047 4183 Vt
3080 4131 3133 4183 in
3165 4130 3354 4199 10am,
3385 4147 3529 4189 num.
3561 4131 3611 4195 7ο
3639 4125 3806 4193 ἀίδηυί·

652 4213 717 4267 Et
745 4215 839 4269 lib.
886 4232 925 4270 ιι
982 4217 1054 4271 De
1098 4222 1491 4286 resurrectione,
1548 4238 1710 4292 quem
1773 4225 1947 4280 locum
1987 4227 2206 4281 exhibet
2310 4234 2434 4274 rens
2473 4236 2537 4273 an
2575 4220 2628 4274 in
2653 4218 2881 4277 Joannis
2908 4238 3104 4293 corpus
3137 4224 3265 4279 Elia:
3294 4227 3473 4280 anima
3508 4220 3801 4294 migraverit;

649 4305 965 4376 Pamphilus
992 4327 1005 4363 :
1049 4326 1067 4360 ‹
1099 4309 1204 4365 Sed
1238 4311 1399 4377 sicut,
1436 4313 1631 4383 inquit,
1662 4330 1767 4370 non
1798 4326 1880 4372 est
1911 4319 2203 4385 putandum
2304 4323 2475 4378 eoque
2506 4311 2666 4364 etiam
2700 4312 2972 4383 copiosius
3007 4322 3137 4368 tom.
3169 4331 3269 4369 xm
3299 4318 3355 4369 in
3378 4314 3587 4379 ΜαιιΙι.,
3618 4326 3743 4366 num.
3764 4309 3803 4368 l,

650 4400 791 4467 quod
825 4400 1140 4456 animalium
1172 4417 1365 4472 corpus
1386 4416 1703 4473 accepturus
1730 4408 1798 4461 sit
1822 4417 2093 4477 peccator,
2112 4420 2205 4464 aut

2200 4449 2205 4462 ,
2304 4417 2427 4471 pag.
2459 4401 2583 4467 567,
2610 4402 2715 4456 568
2778 4413 2833 4458 et
2878 4406 3247 4474 sequentibus,
3295 4408 3536 4462 eamdem
3587 4401 3801 4457 ventilatis

649 4489 952 4555 volucrum,
992 4501 1087 4545 aut
1109 4492 1374 4560 piscium;
1410 4497 1487 4549 sic
1511 4511 1684 4565 neque
1723 4496 1870 4563 solis,
1914 4508 2010 4551 aut
2040 4499 2196 4565 lunae,
2232 4538 2250 4594 Ι

2232 4538 2276 4594 D
2303 4495 2674 4561 quiestionem,
2704 4495 2802 4549 hac
2828 4498 3033 4552 ratione
3050 4498 3532 4569 psesvawpdewew
3559 4498 3798 4566 oppugnati

650 4587 745 4631 aut
768 4579 1045 4636 stellarum
1077 4583 1303 4638 formam
1349 4587 1675 4656 sperandum
1712 4596 1797 4642 est
1821 4590 2067 4657 accipere
2109 4606 2201 4647 eos
2232 4579 2273 4594 ”
2305 4585 2560 4639 "lunam"
2606 4602 2871 4656 ηυείιυτηη
2916 4588 3285 4654 ίηίθνίιυτιιηι,
3327 4590 3372 4643 Si
3420 4589 3601 4643 θιιῖιηεε
3628 4592 3800 4656 [ποριεῖ

649 4669 742 4736 qui
772 4683 1055 4737 resurgent
1080 4674 1136 4727 in
1165 4675 1333 4743 gloria
1364 4695 1379 4731 :
1431 4678 1523 4733 sed
1572 4680 1801 4748 exempli
1843 4696 2003 4736 causa
2059 4682 2200 4739 dicta
2300 4685 2517 4744 peccata
2544 4691 2771 4744 corpora
2805 4678 3032 4732 subeant
3060 4697 3073 4733 :
3114 4680 3164 4733 id
3198 4679 3342 4734 enim
3376 4680 3420 4735 si
3444 4681 3526 4741 sit,
3557 4693 3664 4732 cum
3693 4688 3799 4727 seni-

648 4772 767 4811 esse
794 4759 903 4813 haec
937 4761 1004 4813 ab
1036 4760 1289 4828 Apostolo
1312 4767 1648 4820 sentiendum
1678 4780 1783 4835 est,
1802 4781 1859 4822 ut
1893 4772 2205 4842 designetur
2301 4780 2398 4835 per
2419 4781 2514 4834 pro
2539 4768 2751 4821 arbitrii
2774 4769 2855 4823 sui
2885 4769 3137 4826 libertate
3161 4786 3386 4840 peccare
3410 4770 3604 4841 possint
3629 4766 3794 4822 animae,

649 4864 744 4917 per
768 4851 901 4917 haec,
928 4854 1070 4919 quod
1104 4853 1192 4906 alii
1224 4869 1322 4922 pro
1371 4858 1577 4913 meritis
1613 4859 1725 4914 suis
1767 4861 2204 4919 honorabiliores
2302 4872 2513 4925 semper
2544 4872 2766 4928 corpora
2801 4862 3112 4928 subituras;
3154 4877 3369 4931 semper
3404 4863 3557 4931 igitur
3592 4856 3795 4910 adfutura

644 4949 700 4994 et
728 4940 985 4997 clariores
1013 4953 1195 5008 erunt,
1241 4947 1477 5002 beatiora
1501 4965 1715 5021 quoque
1749 4952 2049 5008 habitacula
2077 4970 2197 5009 sor-
2303 4962 2531 5017 corpora
2557 4967 2571 5016 ;
2607 4950 2863 5005 mundum
2888 4966 3018 5021 ergo
3054 4968 3325 5022 nunquam
3354 4953 3664 5021 periturum:
3689 4938 3795 5012 ειυοιί

645 5033 795 5088 tituri
821 5052 839 5087 :
889 5034 1117 5089 aliorum
1176 5050 1302 5091 vero
1356 5039 1756 5109 indignissimus
1799 5053 1852 5099 et
1890 5044 2199 5115 abjectissi-
2306 5039 2350 5092 si
2377 5040 2763 5108 prodeuntibus
2800 5043 3010 5097 sacculis
3035 5043 3230 5097 anima:
3267 5043 3489 5097 subinde
3518 5041 3793 5107 aliquaepec'

645 5139 766 5178 inus
805 5142 907 5194 pro
947 5138 1219 5195 gestorum
1254 5129 1457 5184 scelere
1499 5134 1600 5187 erit
1646 5143 1839 5199 status,
1881 5137 1970 5206 qui
2030 5138 2197 5193 etiam
2306 5142 2427 5187 cato
2457 5133 2745 5195 immunes,
2766 5136 3042 5205 corporeis
3063 5136 3287 5191 vinculis
3305 5134 3528 5205 amplius
3546 5130 3791 5195 nonegenli

646 5217 813 5268 mutis
866 5218 1193 5274 animalibus
1243 5221 1436 5289 dignus
1466 5223 1536 5277 sit
1564 5226 1891 5295 comparari.
1927 5247 1947 5279 ι
1979 5227 2108 5294 Quae
2152 5230 2197 5284 si
2302 5232 2424 5292 post
2473 5223 2781 5277 diuturnum
2827 5238 3094 5278 annorum
3154 5224 3514 5288 curriculum.
3562 5216 3791 5274 ἱηιιιιίηυίο

646 5306 766 5374 quis
794 5322 822 5359 a
849 5307 1041 5366 Rufino
1064 5312 1147 5366 vel
1171 5326 1421 5381 perversa
1449 5314 1531 5369 vel
1553 5314 1755 5371 inserta
1776 5329 2046 5387 causetur,
2069 5320 2198 5389 quid

2188 5320 2198 5374 |
2310 5315 2483 5385 magis
2518 5316 2793 5385 magisque
2842 5317 3142 5370 animarum
3174 5332 3418 5381 numero,
3460 5313 3523 5367 ad
3550 5312 3789 5380 ρειρευεπ

646 5398 904 5455 adversus
934 5390 1063 5459 illud
1106 5406 1340 5475 excipiet
1369 5422 1399 5462 e
1434 5407 1527 5462 lib.
1553 5425 1603 5463 tv
1639 5422 1820 5465 contra
1860 5414 2020 5478 ϐείω,
2045 5431 2195 5469 num.

2183 5453 2195 5468 ,
2301 5419 2506 5458 animas
2534 5404 2807 5459 redactum
2836 5405 2901 5461 iri
2928 5408 3220 5473 mundum;
3245 5408 3435 5475 quibus
3462 5397 3784 5474 perfectionem

645 5490 711 5543 17
735 5508 749 5545 :
776 5480 839 5544 Ei
867 5491 922 5546 δὲ
961 5490 1028 5564 ἦν
1072 5497 1325 5569 ἐννοήσας
1355 5499 1607 5571 (Κέλσος)
1657 5502 1707 5555 τι
1738 5503 2017 5558 ἀκολουθεί
2052 5504 2196 5576 ψυχῇ

2183 5508 2196 5576 ἱ
2303 5497 2625 5562 consecutis,
2662 5497 2957 5551 desiturum
2996 5498 3230 5563 tandem,
3262 5512 3369 5568 prie
3400 5494 3672 5548 animarum
3692 5492 3784 5552 (ιυπ

647 5580 703 5631 ὲν
727 5581 928 5651 αἰωνίῳ
961 5584 1191 5656 ἐσομένη
1224 5586 1357 5659 ζωῇ,
1377 5588 1469 5643 atati.
1495 5589 1546 5642 τί
1575 5588 1684 5662 χρὴ
1708 5593 1931 5663 φρονεῖν
1947 5593 2076 5662 περὶ
2102 5592 2199 5662 τῆς

2182 5609 2199 5654 ;
2306 5603 2530 5659 corpora
2556 5587 2783 5645 subeant
2808 5588 2985 5661 inopia
3008 5607 3029 5659 ;_
3059 5589 3198 5661 quod
3228 5588 3516 5659 refragatur
3542 5579 3783 5648 Scriptum

717 5756 757 5783 “
792 5759 937 5811 Rom.
971 5777 1062 5826 \‘ti,
1086 5762 1144 5815 9.
