4054 6310
320 305 426 362 917

1134 304 1703 363 ORIGENIANORUM
1739 306 1866 361 LlB.
1908 306 1973 373 ll,
2012 296 2161 363 CAP.
2200 304 2266 373 ll,
2304 300 2579 371 QUEST.
2621 302 2708 358 Vl.

318 423 540 479 docenti
563 422 830 494 plurimos
856 423 910 479 in
957 423 1158 478 mundo
1207 423 1417 480 futuros
1441 433 1715 488 mortales,
1762 439 1884 479 cum
1913 428 1961 489 Α
1990 439 2154 480 mox:
2191 442 2210 476 ι
2236 421 2558 478 Iamblichus
2590 434 2719 475 vero
2764 419 2851 474 his
2898 418 3226 475 contrariam
3256 420 3550 480 decurrens

315 513 494 571 Filius
526 516 762 572 hominis
791 516 1059 572 adveniet.
1092 515 1213 570 Pari
1258 517 1430 573 utitur
1471 517 1886 572 ratiocinatione

315 603 416 661 lib.
444 622 482 662 ιι
517 607 570 661 in
603 606 812 662 Cantia.
854 607 1133 672 canticum,
1168 622 1289 677 pag.
1348 607 1439 663 58.
1501 606 1656 662 Nunc
1696 623 1885 677 :equus

314 697 494 751 lector
510 699 808 763 existimet,
840 705 915 751 tot
943 707 1157 766 tamque
1178 698 1339 753 claris
1366 698 1686 753 testimoniis
1706 714 1887 770 μετεν-

312 787 649 858 σωμάτωσιν
674 786 1048 843 obterentibus
1074 789 1247 856 major
1273 804 1341 843 ne
1366 788 1671 844 adhibenda
1706 790 1778 844 sit
1813 791 1880 843 ii-

310 878 439 943 des,
477 894 546 933 an
587 880 652 934 iis
676 894 795 949 qua:
822 877 1058 949 allegant
1083 879 1441 952 Hieronymus
1464 890 1521 937 et
1544 880 1883 939 Justinianus

304 968 561 1026 eamdem
598 974 989 1031 astruentihus.

390 1062 770 1122 Verumtamen
824 1068 947 1124 aliis
996 1084 1217 1140 quoque
1263 1071 1529 1142 prazsidiis
1572 1071 1879 1127 Adamantii

303 1173 535 1212 causam
569 1158 760 1216 fulcire
807 1177 1117 1233 possumus,
1150 1163 1294 1218 velut
1322 1178 1383 1219 ea
1412 1174 1536 1221 sunt
1572 1180 1691 1234 qua:
1725 1166 1880 1221 nobis

302 1245 629 1319 Pamphilus
671 1252 1089 1321 subministrat,
1123 1257 1287 1311 verba
1327 1257 1442 1312 hzec
1481 1256 1699 1328 Origeni
1743 1258 1878 1313 falso

299 1340 545 1410 ascripta
580 1339 745 1396 fuisse
777 1343 987 1410 dicens,
1030 1360 1150 1414 qua:
1191 1362 1295 1401 non
1336 1361 1399 1403 ex
1440 1363 1535 1403 sua
1565 1349 1658 1404 sed
1694 1364 1759 1405 ex
1784 1352 1879 1405 ad-

299 1432 539 1487 versarii
580 1448 810 1503 persona
836 1439 1158 1505 protulerat,
1198 1447 1252 1493 et
1280 1437 1713 1496 dissertationem
1745 1456 1878 1511 prie-

301 1531 455 1578 terea
487 1539 636 1580 suam
667 1525 752 1580 his
772 1526 955 1582 verbis
986 1528 1314 1583 conclusisse
1341 1545 1357 1585 :
1387 1547 1407 1580 ‹
1433 1529 1537 1585 Sed
1564 1531 1677 1586 haec
1705 1548 1876 1601 quan-

301 1621 420 1667 tum
446 1614 511 1669 ad
539 1630 638 1671 nos
664 1618 921 1687 pertinet,
947 1634 1052 1675 non
1080 1620 1191 1675 sint
1220 1620 1494 1690 dogmata,
1531 1624 1624 1677 sed
1664 1624 1874 1680 discus-

298 1706 477 1763 sionis
501 1710 671 1778 gratia
702 1711 844 1766 dicta
872 1714 1019 1779 sint,
1057 1723 1112 1768 et
1140 1716 1481 1787 abjieiantur.
1530 1716 1634 1773 Pro
1674 1734 1741 1775 eo
1772 1735 1871 1775 au-

297 1806 414 1852 tem
446 1799 561 1854 solo
588 1800 729 1855 dicta
760 1812 906 1866 sunt,
941 1820 1009 1858 ne
1044 1805 1287 1861 videatur
1315 1808 1542 1877 quaestio
1573 1820 1734 1873 mota,
1768 1827 1873 1868 non

297 1904 425 1945 esse
463 1890 729 1949 discussa.
762 1912 783 1946 ι
819 1895 948 1959 Quae
989 1900 1186 1966 repetit
1224 1899 1388 1953 etiam
1421 1898 1777 1973 Hieronymus
1820 1916 1875 1959 et

301 1981 547 2049 agnoscit
580 1982 738 2051 epist.
773 1984 871 2048 59,
904 1984 970 2039 ad
1026 1986 1171 2040 Avit.
1195 2030 1209 2054 ,
1238 2002 1358 2058 cap.
1390 1989 1440 2043 l.
1490 1988 1717 2045 Prodest
1744 1991 1872 2047 illud

301 2072 527 2141 insuper
565 2076 633 2130 ad
675 2075 1043 2133 defensionem
1085 2077 1374 2149 Origenis,
1424 2083 1567 2150 quod
1612 2083 1871 2152 scriptum

302 2163 374 2216 ab
417 2179 481 2218 eo
522 2173 605 2219 est
643 2176 769 2222 ιοηι.
800 2185 852 2223 χι
893 2168 947 2222 in
976 2168 1171 2223 Matth.
1199 2211 1214 2235 ,
1264 2188 1412 2226 num.
1444 2174 1540 2241 l7,
1593 2190 1715 2245 pag.
1746 2175 1868 2244 506,

302 2256 690 2313 admittendam
716 2262 1227 2331 μετενσωμάτωσιν,
1257 2264 1300 2317 si
1327 2280 1423 2334 per
1444 2281 1563 2319 eam
1592 2269 1770 2321 anima
1798 2269 1870 2322 ita

297 2346 635 2419 intelligatur
674 2353 867 2407 mutari
916 2362 971 2409 et
1019 2356 1298 2423 converti,
1348 2367 1406 2411 ut
1438 2357 1523 2413 vel
1568 2359 1871 2429 depravatis

298 2442 572 2510 moribus,
622 2454 676 2498 et
717 2446 1029 2514 voluntate,
1066 2463 1169 2523 non
1212 2459 1406 2504 natura
1441 2452 1631 2521 pecudi
1679 2453 1870 2510 similis

291 2533 523 2598 evadat,
577 2534 659 2589 vel
695 2537 984 2594 virtutibus
1023 2555 1087 2594 ac
1132 2540 1331 2609 pietate
1376 2556 1588 2596 rursum
1642 2543 1869 2600 rationis

290 2643 519 2700 compos
554 2630 667 2686 ﬁeri
700 2633 969 2690 videatur.
1010 2636 1207 2691 Eadem
1262 2637 1401 2692 inest
1433 2639 1699 2694 sententia
1750 2638 1867 2695 loco

289 2720 513 2805 alterioe
542 2722 677 2777 libro
726 2723 800 2778 De
835 2724 1131 2781 Proverbiis
1156 2728 1482 2793 Salomonis,
1522 2745 1681 2799 quem
1707 2731 1867 2785 Patu-

288 2812 473 2882 philus
524 2814 790 2884 Apologia:
843 2832 955 2872 suae
1008 2818 1258 2874 intexuit.
1310 2818 1364 2873 Id
1404 2831 1602 2889 puncta
1655 2837 1754 2877 suo
1812 2832 1866 2877 et

290 2918 518 2958 assensu
574 2905 890 2973 comprobat
947 2905 1272 2964 Philastrius
1316 2910 1510 2968 meres.
1552 2910 1675 2965 120.
1712 2913 1864 2979 Quod

289 2992 468 3062 ipsum
522 2997 788 3067 prolixius
839 3011 895 3055 et
940 3000 1240 3071 elegantius
1286 3002 1542 3057 edisserit
1570 3002 1862 3071 Gregorius

1987 516 2154 579 viam,
2188 528 2289 584 pro
2320 511 2633 566 animalium
2665 511 2867 579 specie,
2913 510 3108 565 animae
3145 512 3380 593 speciem
3426 527 3546 570 esse

1986 604 2154 667 dicit,
2206 602 2414 671 species
2475 599 2726 654 nimirum
2782 598 3110 660 diﬂ‘erentes.
3165 602 3249 657 Ab
3304 619 3368 659 eo
3417 620 3545 675 ergo

1986 696 2223 765 scriptus
2256 700 2340 747 est
2366 691 2501 746 liber
2531 690 2819 761 singularis
2861 692 2935 746 ita
2962 693 3256 764 inscriptus
3287 714 3299 750 :
3342 696 3544 767 Migra-

1984 788 2149 841 tiones
2187 786 2483 839 animarum
2523 800 2624 837 non
2671 784 2787 852 ﬁeri
2834 800 2900 838 ea:
2944 785 3242 841 hominibus
3272 787 3327 840 in
3372 789 3543 855 bruta,

1984 893 2144 946 neque
2174 893 2206 929 a
2233 876 2395 929 brutis
2426 874 2745 928 animalibus
2777 875 2833 927 in
2861 874 3125 942 homines;
3150 878 3241 931 sed
3264 876 3327 931 ab
3351 880 3548 934 anima-

1982 968 2119 1023 libus
2162 970 2217 1022 in
2268 967 2522 1021 animalia
2546 1007 2563 1033 ,
2595 977 2643 1019 et
2678 966 2742 1020 ab
2785 968 3081 1021 hominibus
3108 968 3163 1021 in
3186 969 3437 1024 homines.
3468 970 3557 1027 Acr

1982 1060 2112 1116 mihi
2146 1060 2355 1114 videtur
2381 1058 2467 1113 ille
2497 1072 2607 1127 prae
2638 1057 2859 1126 reliquis
2892 1058 3094 1126 optime
3126 1070 3407 1116 assecutus
3436 1077 3543 1116 non

1981 1154 2220 1209 Platonis
2245 1154 2568 1209 sententiam
2598 1151 2777 1216 modo,
2804 1150 2897 1205 sed
2927 1160 2981 1205 et
3001 1150 3169 1221 ipsam
3202 1152 3542 1207 veritatem.»

2050 1245 2164 1301 XX.
2196 1245 2512 1299 Animarum
2550 1245 2732 1312 itaque
2755 1241 3098 1314 προϋπαρξιν
3129 1258 3250 1298 cum
3278 1242 3546 1300 aPlatone

1981 1339 2284 1408 accepisset
2318 1337 2611 1409 Origenes,
2667 1336 2905 1405 ipsarum
2941 1350 3157 1405 quoque
3200 1337 3546 1408 μετενσωμά-

1978 1449 2142 1486 τωσιν
2174 1432 2241 1487 ab
2275 1432 2463 1486 eodem
2487 1431 2717 1499 accepit.
2747 1428 2829 1484 Ab
2866 1429 3116 1484 humanis
3142 1439 3319 1484 autem
3349 1444 3541 1500 corpo-

1978 1526 2129 1580 ribus
2153 1524 2205 1578 in
2232 1524 2464 1579 humana
2490 1538 2719 1593 corpora
2753 1522 2988 1577 transire
3011 1522 3221 1578 animas
3255 1520 3543 1578 aﬂirmavit

1977 1617 2163 1684 Plato;
2213 1634 2243 1673 a
2300 1616 2611 1673 coelestibus
2662 1629 2791 1671 vero
2836 1614 2890 1669 in
2932 1614 3203 1681 humana,
3249 1616 3315 1669 ab
3354 1617 3439 1671 his
3486 1616 3540 1671 in

1979 1711 2277 1767 dannoniea
2326 1711 2558 1781 migrare
2604 1708 2814 1763 animas
2868 1706 3005 1761 dixit
3046 1705 3351 1777 Origenes:
3386 1717 3441 1763 et
3486 1716 3545 1762 ut

1904 1785 1948 1841 Β
1977 1804 2254 1858 hominum
2282 1803 2494 1857 animas
2518 1811 2741 1856 eatenus
2767 1801 2976 1855 animas
3008 1801 3275 1869 pecudum
3313 1801 3428 1856 iieri
3462 1802 3546 1856 di-

1974 1896 2053 1951 xit
2082 1893 2253 1960 Plato,
2294 1904 2559 1964 quatenus
2597 1891 2851 1961 nequitia:
2895 1892 3125 1947 addicta:
3164 1893 3427 1963 pecudum
3464 1894 3539 1949 si-

1974 1988 2129 2044 miles
2169 1987 2341 2051 tiunt,
2394 1988 2465 2040 ita
2519 1985 2571 2041 id
2620 1986 2796 2055 ipsum
2839 1983 3101 2055 Origenes
3149 1987 3537 2056 pronuntiavit.

1972 2080 2271 2137 Praeiverat
2303 2079 2513 2134 Platoni
2562 2077 2920 2149 Pythagoras,
2954 2078 3046 2133 sed
3093 2095 3199 2133 non
3234 2081 3538 2136 animorum

1973 2176 2147 2232 solum
2190 2190 2255 2230 ex
2304 2174 2554 2228 immanis
2600 2173 2919 2242 corporibus
2959 2173 3009 2225 in
3060 2172 3315 2238 humana,
3352 2189 3539 2227 verum

1972 2267 2134 2322 etiam
2165 2281 2229 2319 ex
2265 2265 2348 2319 his
2388 2264 2441 2319 in
2484 2263 2652 2318 ferina
2705 2278 2865 2317 veras
2906 2265 3325 2319 commeationes
3374 2264 3542 2318 admi-

1970 2367 2138 2413 serat.
2167 2355 2326 2411 Aliud
2356 2371 2571 2426 quoque
2600 2356 3015 2425 Pythagoricam
3052 2355 3193 2410 inter
3222 2364 3276 2410 et
3303 2353 3540 2409 Platoni-

1971 2465 2089 2505 cam
2152 2448 2455 2503 doctrinam
2520 2448 2895 2502 intercessisse
2955 2448 3246 2502 discrimen
3310 2446 3541 2502 aiiirmat

1968 2542 2188 2598 Servius
2225 2542 2276 2596 in
2311 2540 2441 2595 illud
2472 2540 2659 2610 Virgil.
2701 2540 2831 2595 ίΕη.
2867 2557 2948 2605 Ill,
2988 2556 3132 2595 vers.
3165 2540 3257 2607 67,
3284 2539 3352 2595 68
3383 2559 3397 2595 :

2149 2674 2162 2687 .
2210 2672 2225 2688 .
2271 2672 2284 2686 .
2323 2673 2337 2686 .
2377 2672 2393 2687 .
2432 2674 2450 2691 .
2482 2632 2812 2701 animamque
2844 2633 3079 2701 sepulcro

2140 2723 2446 2779 Condimus.

1972 2836 1989 2869 ι
2021 2816 2192 2883 Plato,
2226 2815 2421 2885 inquit,
2454 2822 2767 2884 perpetuam
2807 2814 2940 2868 dicit
2984 2812 3241 2880 animam,
3279 2824 3335 2869 et
3358 2814 3424 2868 ad
3454 2815 3541 2870 di-

1968 2924 2123 2964 versa
2155 2922 2380 2976 corpora
2416 2905 2704 2960 transitum
2754 2906 2935 2961 facere
2967 2907 3151 2961 statim
3202 2921 3299 2975 pro
3327 2906 3536 2962 meritis

1964 3000 2088 3055 vita:
2130 2998 2347 3068 prioris.
2388 2996 2723 3067 Pythagoras
2760 3012 2889 3053 vero
2932 3012 3037 3051 non
3088 2997 3530 3070 μετεμψύχωσιν.

290 3084 568 3157 Nysscuus
615 3089 668 3143 in
713 3101 1133 3146 commemorata
1172 3092 1423 3161 superius
1473 3093 1859 3163 disputatione,
1888 3124 1931 3183 ο
1966 3092 2058 3146 sed
2091 3090 2507 3159 παλιγγενεσίαν
2544 3103 2666 3144 esse
2701 3089 2869 3155 dicit,
2912 3089 3015 3145 hoc
3054 3100 3140 3144 est
3184 3092 3395 3157 redire,
3436 3094 3531 3147 sed

283 3192 451 3245 quam
482 3179 725 3248 epistola:
753 3196 864 3235 sua:
900 3183 966 3235 ad
998 3180 1207 3236 Menam
1238 3181 1571 3237 Justinianus
1612 3184 1855 3239 inseruit.

284 3267 399 3324 Nec
438 3271 597 3325 aliter
637 3272 703 3326 de
748 3274 851 3328 hac
893 3272 1355 3338 metensomatosi,
1405 3289 1509 3343 qua
1560 3277 1754 3329 anima:
1804 3276 1859 3331 in

284 3364 594 3418 helluarum
636 3380 863 3435 corpora
893 3368 1124 3420 transire
1156 3366 1430 3432 dicuntur,
1473 3368 1707 3423 sensisse
1733 3366 1859 3424 Ori-

282 3469 477 3525 genem
504 3471 570 3510 eo
611 3457 745 3511 mihi
794 3458 851 3512 tit
881 3458 1250 3526 verisimilius,
1284 3461 1426 3530 quod
1460 3460 1572 3514 haec
1612 3463 1727 3530 ipsa
1759 3461 1858 3517 fuit

282 3545 684 3603 Platonicorum
714 3550 1093 3605 nonnullorum
1120 3555 1625 3624 metempsychosis.
1659 3555 1859 3611 Aucto-

284 3656 396 3695 rem
442 3642 635 3697 damus
663 3642 973 3697 Nemesium
993 3683 1008 3707 ,
1050 3660 1167 3712 cap.
1194 3644 1229 3697 2
1260 3662 1273 3699 :
1299 3645 1558 3709 Εἰπόντος
1584 3647 1722 3719 γὰρ,
1770 3650 1857 3703 in-

281 3735 420 3801 quit,
468 3733 752 3797 Πλάτωνος
780 3734 879 3798 τὰς
914 3735 1013 3805 μὲν
1043 3735 1299 3806 θυμικὰς,
1339 3736 1432 3790 καὶ
1464 3738 1733 3810 ὀργίλους,
1763 3742 1857 3795 κει)⁸

279 3823 629 3894 ἁρπακτικὰς
648 3824 843 3895 ψυχὰς,
886 3825 1064 3879 λύκων
1093 3827 1186 3879 καὶ
1214 3826 1439 3881 λεόντων
1472 3828 1700 3899 σώματα
1726 3847 1855 3901 μετ-

279 3914 682 3984 αμφιέννυσθαι
703 3934 716 3947 ·
743 3916 843 3979 τὰς
864 3916 920 3969 δὲ
949 3919 1075 3990 περὶ
1120 3920 1216 3990 τὴν
1248 3920 1540 3973 ἀκολασίαν
1561 3922 1857 3994 ἡσχολημέ-

279 4024 377 4072 νας
390 4035 410 4072 ·,
442 4008 579 4061 ὅνων
617 4008 711 4060 καὶ
741 4009 847 4061 τῶν
888 4010 1140 4066 τοιούτων
1175 4012 1574 4084 ἀναλαμϐάνειν
1606 4014 1852 4086 σώματα,

279 4102 328 4153 οἱ
366 4101 462 4171 μὲν
489 4101 689 4172 κυρίως
715 4102 951 4173 ἥκουσαν
973 4105 1098 4169 τοὺς
1124 4104 1342 4169 λέοντας
1375 4108 1467 4161 κα)⁹
1489 4109 1617 4171 τοὺς
1638 4108 1851 4174 λύκους,

279 4193 374 4246 καὶ
403 4194 527 4256 τοὺς
555 4193 709 4256 ὅνους
728 4208 741 4222 '
768 4195 817 4246 οἱ
854 4195 910 4248 δὲ
945 4197 1218 4267 τροπικῶς
1254 4198 1413 4252 αὑτὸν
1448 4201 1726 4271 εἰρηκέναι
1750 4201 1855 4255 διέ-

278 4300 515 4353 γνωσαν,
554 4285 626 4337 τὰ
659 4284 763 4356 ἤθη
809 4286 895 4339 διὰ
935 4287 1045 4340 τῶν
1083 4288 1237 4353 ζώων
1278 4293 1744 4363 παρεμφαίνοντα.
1793 4296 1855 4348 Et

277 4389 403 4428 mox
439 4393 455 4430 :
501 4376 801 4448 Ἰἀμδλιχος
838 4378 893 4430 δὲ
935 4379 1033 4449 τὴν
1082 4381 1331 4435 ἐναντίαν
1357 4382 1566 4448 τούτοις
1606 4385 1848 4456 δραμὼν,

276 4465 397 4518 κατ’
425 4459 564 4528 εἶδος
588 4463 740 4529 ζώων
780 4466 957 4536 ψυχῆς
988 4463 1128 4531 εἶδος
1168 4464 1305 4524 εἶναι
1343 4470 1510 4540 λέγει,
1545 4474 1710 4544 ἤγουν
1736 4476 1848 4546 εἴδη
1882 4467 1929 4524 D

272 4554 535 4628 διάφορα·
577 4559 884 4629 γέγραπται
919 4558 1050 4627 γοῦν
1094 4561 1242 4632 αὐτῷ
1275 4564 1585 4633 μονόὸιϐλον
1615 4568 1847 4639 ἐπίγρα-

274 4666 396 4719 φον,
435 4650 561 4703 Ὅτι
590 4654 699 4704 οὐκ
727 4649 825 4703 ἀπ’
860 4651 1185 4720 ἀνθρώπων
1214 4656 1300 4721 εἰς
1324 4656 1529 4727 ἄλογα,
1560 4659 1700 4713 οὐδὲ
1728 4660 1846 4714 ἀπὸ

273 4740 431 4802 ζώων
462 4744 695 4812 ἀλόγων
717 4744 804 4809 εἰς
833 4743 1183 4811 ἀνθρώπους
1210 4751 1849 4819 αϊμετενσωματώσεις

273 4834 557 4904 γίνονται,
606 4835 765 4889 ἀλλὰ
817 4836 935 4889 ἀπὸ
968 4835 1123 4897 ζώων
1151 4841 1237 4905 εἰς
1273 4838 1402 4904 ζῶα,
1441 4844 1535 4896 καὶ
1588 4845 1703 4897 ἀπὸ
1739 4846 1845 4898 ἁν-

273 4926 519 4995 ορώπων
554 4931 639 4994 είς
683 4926 1050 4995 ἀνθρώπους.
1087 4931 1196 4983 Καί
1230 4949 1319 5002 μοι
1350 4932 1497 4986 δοκεῖ
1529 4935 1727 5004 μᾶλλον
1756 4929 1846 4988 οὗ-

270 5036 363 5082 τος
387 5018 549 5073 ἕνεκα
570 5022 760 5077 τούτου
792 5025 972 5089 καλῶς
1000 5023 1428 5096 κατεποχᾶσθαι
1466 5027 1539 5098 μὴ
1572 5029 1728 5099 μόνον
1752 5031 1851 5103 τῆς

272 5114 556 5180 Πλάτωνος
601 5117 857 5190 γνώμης,
908 5118 1043 5173 ἀλλὰ
1092 5120 1187 5172 καὶ
1230 5121 1327 5191 τῆς
1359 5120 1615 5193 ἀληθείας
1659 5124 1846 5195 αὐτῆς.

276 5222 297 5258 ι
325 5208 459 5260 Cum
493 5208 635 5261 enim
666 5209 863 5265 dixerit
902 5208 1056 5263 Plato
1111 5212 1437 5279 iracundas,
1485 5224 1540 5268 et
1590 5213 1846 5283 furiosus,

270 5309 323 5351 et
356 5312 579 5364 rapaces
613 5300 844 5365 animas,
892 5300 1139 5369 luporum
1169 5316 1223 5360 et
1254 5305 1468 5361 leonum
1502 5320 1731 5376 corpora
1765 5306 1849 5359 in-

271 5391 461 5451 duere,
508 5403 627 5458 quae
659 5404 789 5446 vero
843 5392 1269 5460 intemperanter
1322 5397 1602 5463 vixissent,
1661 5397 1844 5452 asino-

270 5496 412 5549 rum,
472 5489 566 5536 aut
630 5483 860 5538 aliorum
917 5483 1183 5552 ejusmodi
1237 5504 1466 5559 corpora
1532 5504 1841 5555 assumere;

269 5574 514 5630 nonnulli
545 5576 763 5647 proprie
797 5575 1182 5632 intellexerunt
1229 5579 1434 5646 leones,
1487 5591 1541 5636 et
1569 5582 1744 5650 lupos,
1791 5590 1846 5637 et

270 5669 499 5724 asinos:
547 5669 637 5724 alii
684 5684 820 5726 vero
866 5670 1095 5744 ﬁgurate
1132 5671 1245 5729 hac
1294 5675 1470 5745 ipsum
1510 5674 1711 5730 dixisse
1754 5675 1842 5745 ju-

271 5760 541 5831 dicarunt,
601 5777 778 5823 mores
835 5778 933 5835 per
994 5764 1276 5845 animalia
1310 5766 1659 5825 indicantem.
1700 5786 1718 5820 ι
1774 5766 1842 5825 Et

1964 3192 2088 3253 post
2121 3196 2351 3252 tempus.
2387 3200 2407 3235 ι
2444 3179 2501 3236 1η
2544 3195 2653 3250 quo
2696 3178 2975 3236 Platonem
3025 3196 3261 3252 quoque,
3309 3182 3535 3237 dimisso

1962 3275 2290 3347 Pythagora,
2314 3273 2668 3329 Adamantius
2692 3273 2957 3342 sequitur.
2980 3272 3049 3327 At
3071 3272 3535 3344 PaganinnsGau-

1961 3369 2179 3424 dentius
2211 3382 2332 3437 cap.
2363 3367 2427 3422 51
2468 3366 2520 3421 in
2570 3363 2748 3419 libello
2788 3363 2867 3417 De
2898 3367 3287 3435 comparatione
3314 3367 3537 3439 dogma-

1963 3469 2071 3512 tum
2098 3458 2341 3527 Origenis
2364 3474 2482 3511 cum
2510 3456 2844 3525 philosOpltia
2880 3455 3118 3511 Platonis
3144 3498 3160 3522 ,
3191 3459 3257 3514 tle
3281 3457 3533 3530 Origenis

1961 3554 2410 3626 metempsychosi
2456 3553 2759 3617 disserens,
2801 3552 2855 3606 in
2889 3565 2954 3606 eo
2999 3549 3217 3606 ditIerre
3274 3551 3351 3604 ait
3406 3555 3533 3621 opio

1959 3649 2176 3705 nionem
2224 3648 2393 3718 ipsius
2432 3662 2461 3701 a
2511 3644 2893 3716 Pythagorica,
2943 3644 3084 3712 quod
3122 3643 3209 3698 ille
3254 3660 3441 3714 pinnas
3476 3646 3528 3701 in

1958 3741 2333 3796 subterraneis
2372 3738 2508 3794 locis
2559 3737 2784 3792 luendas
2838 3735 2910 3790 ob
2957 3734 3165 3790 scelera
3225 3746 3530 3805 agnoscat;

1957 3834 2293 3904 Pythagoras
2328 3848 2455 3887 vero
2490 3830 2714 3896 inferos,
2743 3830 3148 3897 inferorumque
3181 3842 3371 3897 poenas
3401 3844 3524 3885 sus—

1960 3925 2166 3987 tulerit,
2200 3924 2341 3993 quod
2400 3923 2595 3977 falsum
2631 3931 2759 3976 est:
2810 3920 2969 3974 Ἀλλὰ
3011 3920 3107 3973 καὶ
3147 3920 3309 3983 αὐτὸς
3350 3920 3410 3973 ὲν
3460 3922 3526 3991 τῇ

1955 4018 2139 4088 γραφῇ
2168 4033 2300 4087 φησι
2328 4015 2394 4068 δι’
2431 4015 2569 4067 ἑπτὰ
2599 4014 2693 4067 καὶ
2732 4012 3019 4066 διακοσίων
3062 4011 3226 4064 ἐτέων
3264 4009 3325 4074 ἐξ
3366 4010 3530 4065 ἀΐδεω

1958 4107 2435 4181 παραγεγενῆσθαι
2476 4108 2533 4171 ὲς
2571 4106 2908 4179 ἀνθρώπους.
2948 4124 2967 4157 ‹
2993 4104 3061 4157 At
3097 4104 3213 4174 ipse
3260 4103 3449 4164 etiam.
3474 4103 3527 4157 iu

1954 4203 2175 4271 scriptis
2222 4204 2299 4254 ait
2338 4209 2459 4270 post
2498 4210 2702 4269 septem
2751 4208 2806 4253 et
2846 4199 3111 4254 ducentos
3154 4209 3326 4248 annos
3359 4209 3419 4249 se
3459 4209 3527 4250 ex

1955 4291 2145 4347 inferis
2175 4292 2241 4345 ad
2269 4291 2515 4345 homines
2551 4290 2756 4355 venire,
2791 4308 2808 4341 ι
2846 4287 3021 4358 inquit
3043 4285 3293 4341 Laertius
3324 4285 3377 4338 in
3414 4284 3526 4354 Py-

1956 4388 2197 4459 thagora.
2233 4386 2315 4442 Ab
2345 4385 2620 4457 Egyptiis
2662 4396 2844 4439 autem
2882 4380 3161 4453 magistris
3191 4395 3391 4436 vesana
3424 4379 3529 4434 hac

1956 4480 2488 4551 metempsyeboseos
2509 4480 2758 4533 doctrina
2790 4475 2979 4530 imbuti
3012 4475 3231 4529 fuerant
3254 4472 3527 4543 Pythago-

1956 4589 2046 4628 ras
2074 4581 2129 4626 et
2157 4570 2345 4635 Plato;
2377 4571 2503 4625 hinc
2533 4571 2675 4624 enim
2720 4581 2969 4622 manasse
3003 4565 3149 4620 illam
3197 4578 3529 4621 commemo-

1956 4676 2042 4721 rat
2067 4664 2261 4719 ibidem
2287 4663 2536 4726 Servius,
2567 4670 2622 4716 et
2647 4660 2896 4717 Clemens
2919 4658 3319 4714 Alexandrinus
3345 4658 3442 4713 lib.
3469 4672 3526 4714 νι

1956 4759 2211 4811 Stromat.
2274 4753 2427 4809 Hanc
2483 4752 2751 4821 hodieque
2805 4750 3233 4820 pertinacissime
3290 4750 3527 4805 retinent

1953 4843 2261 4899 Americani
2319 4842 2583 4907 nonnulli,
2650 4844 2885 4897 retinent
2940 4841 3202 4896 Sinenses
3257 4840 3523 4910 plerique,

1951 4945 2008 4989 et
2034 4951 2099 4990 ex
2128 4933 2272 4989 Indis
2299 4944 2561 5004 quotquot
2584 4932 2961 4989 Muhammedo
2990 4947 3186 4987 nomen
3213 4946 3320 4986 non
3355 4931 3522 4985 dede-

1949 5038 2109 5093 runt;
2147 5028 2332 5095 itaque
2370 5026 2439 5080 ab
2479 5026 2845 5081 animatorum
2887 5040 2984 5081 esu
3026 5033 3186 5079 caute
3227 5024 3523 5079 abstinent.

1948 5120 2028 5173 An
2068 5121 2135 5174 ab
2177 5119 2320 5175 lndis
2342 5134 2470 5174 vero
2498 5119 2564 5173 ad
2584 5117 2867 5190 Egyptios
2908 5116 3209 5182 transierit,
3243 5132 3310 5171 an
3338 5116 3408 5171 ab
3435 5116 3523 5171 his

1949 5214 2018 5267 ad
2045 5212 2198 5280 illos,
2234 5228 2321 5268 res
2353 5222 2437 5268 est
2467 5228 2571 5269 non
2618 5227 2797 5283 parvas
2828 5210 3243 5280 disquisitionis.
3278 5210 3374 5265 His
3398 5217 3519 5265 sata

1952 5308 2264 5363 auctoribus
2304 5308 2765 5373 Simouianorum,
2810 5305 3281 5373 Basilidianorum,
3318 5304 3518 5361 Valen-

1954 5396 2307 5463 tinianorum,
2338 5397 2805 5461 Marcionitarum,
2831 5396 3217 5453 Gnosticorum
3244 5406 3301 5452 et
3351 5395 3523 5451 Mani-

1952 5488 2224 5544 chaeorum
2275 5498 2483 5546 mentes
2524 5488 2734 5555 infecit,
2789 5491 2841 5544 in
2890 5490 3062 5555 iisque
3109 5498 3222 5545 tum
3263 5490 3331 5546 ab
3370 5491 3517 5556 aliis,

1952 5587 2064 5635 tum
2096 5581 2164 5636 ab
2188 5581 2419 5653 Origene
2454 5597 2597 5650 saepe
2633 5579 2881 5638 confossa
2908 5590 3012 5637 est.
3044 5579 3256 5637 Placuit
3285 5596 3351 5636 ea
3384 5597 3521 5653 quo-

1949 5687 2054 5741 que
2092 5675 2370 5730 veteribus
2396 5674 2569 5731 Gallis
2610 5684 2672 5730 ut
2704 5691 2734 5730 a
2766 5674 2982 5732 Caesare
3021 5674 3293 5747 proditum
3327 5683 3412 5731 est
3442 5673 3520 5731 De

1951 5766 2083 5824 bello
2128 5764 2331 5823 Gallico
2374 5767 2467 5825 lib.
2516 5782 2593 5827 vr.
2644 5766 2723 5827 Ne
2769 5770 3056 5841 postremis
3098 5769 3317 5841 quidem
3362 5768 3519 5825 hisee
