4054 6310
624 315 729 370 919

1930 322 1992 377 P.
2031 321 2347 377 DANIELIS
2386 322 2615 378 HUETII

3717 330 3803 380 920

623 433 957 501 temporibus
1014 438 1336 506 temperavit
1399 437 1505 492 sibi
1570 437 1931 510 Hieronymus
1984 440 2188 497 Carda-
2218 447 2262 502 A
2290 440 2544 504 arbitrio,
2570 440 2824 495 facultate
2856 436 3107 491 videlicet
3133 436 3358 506 quadam
3386 434 3469 490 vel
3494 442 3803 506 prosequemi

622 538 743 588 nus,
763 526 847 580 vir
868 527 1203 583 immoderati
1233 529 1453 599 ingenii,
1474 531 1603 600 quin
1632 531 1877 587 iteratam
1899 535 2185 601 quamdam

620 626 676 672 et
704 619 986 687 repetitam
1019 620 1437 690 παλιγγενεσίαν
1469 623 1835 681 introduceret
1870 625 1924 679 in
1961 624 2187 696 Dialogo

618 711 684 765 de
727 727 911 767 morte.

1212 808 1486 867 UIE‘STIO
1526 811 1636 867 VII.

1212 808 1434 866 UIESTI
1526 811 1636 867 VII.

654 885 721 925 ni:
752 889 943 931 averso
968 807 1225 934 ARBITI?O
1247 921 1259 945 ,
1294 811 1492 937 arma
1524 900 1591 937 ετ
1620 900 2148 945 Ριυειιεετικιτιοιίε.

616 963 653 1017 Ι.
699 965 970 1041 Sententia
1008 970 1254 1041 Origeais
1284 977 1351 1030 de
1393 978 1558 1032 libero
1600 978 1822 1032 arbim'o
1864 992 2068 1039 natura!
2093 998 2184 1035 ra-

683 1037 944 1116 tion_alis,_
969 1052 1024 1116 et
1056 1037 1228 1110 gratia
1263 1046 1357 1100 Dei
1389 1049 1688 1103 summatim
1730 1051 2059 1116 proponitur.
2118 1051 2181 1106 ll.

683 1103 1087 1188 Eadem-fusius
1122 1116 1678 1188 explanaturaillsln
1706 1103 2063 1188 q'tto'posilant
2096 1103 2185 1174 ar;

684 1178 830 1231 bitrii
856 1179 1144 1235 libertatem
1171 1178 1417 1240 uoluerit.
1465 1186 1553 1240 IV.
1585 1178 1792 1241 Statum
1824 1178 2024 1243 natura:
2046 1192 2183 1245 inte-

616 1267 621 1271 υ
682 1264 793 1316 9m
819 1267 852 1302 a
883 1261 1025 1305 statu
1052 1263 1258 1324 natura
1290 1257 1454 1324 lapsw
1483 1274 1584 1324 non
1611 1258 1874 1312 distinxit.
1907 1260 1967 1313 V.
1998 1259 2184 1315 Utrum

681 1328 730 1370 et
761 1324 1021 1387 quomodo
1047 1322 1269 1378 liberum
1305 1322 1582 1380 arbitrium
1611 1344 1783 1397 regere
1807 1332 2062 1393 putaverit
2096 1332 2186 1382 bn-

682 1404 777 1460 n_os
828 1400 875 1442 et
928 1408 1119 1460 pravos
1172 1403 1344 1449 motus
1394 1398 1449 1449 in
1500 1399 1677 1451 animo
1732 1400 2032 1452 suscitatos.
2093 1399 2180 1456 Vl.

683 1456 1000 1537 Ecquisnam
1035 1464 1100 1515 sit
1146 1463 1235 1537 ille
1276 1467 1493 1533 spiritus
1525 1470 1770 1537 adversus
1801 1486 1947 1537 quem
1981 1468 2183 1526 Paulus

679 1544 889 1599 carnem
915 1531 988 1584 ait
1015 1531 1401 1599 concupiscere.
1443 1537 1550 1591 VII.
1588 1535 1778 1591 Utrum
1808 1531 1984 1595 animo
2009 1542 2182 1597 media

677 1598 817 1652 inter
840 1601 1083 1675 spiritum
1107 1614 1152 1656 et
1176 1598 1383 1658 carnem
1410 1608 1515 1662 dici
1541 1608 1725 1675 possit.
1761 1607 1887 1662 VIII.
1916 1608 2185 1673 Quwritur

680 1680 859 1723 utrum
902 1672 1126 1738 a/fectus
1176 1674 1340 1741 aliqui
1392 1677 1513 1731 boni
1541 1672 1618 1730 ex
1664 1694 1819 1730 carne
1867 1672 2183 1734 naturaliter

675 1741 964 1812 prodeant;
994 1754 1041 1795 et
1073 1744 1141 1796 de
1176 1744 1284 1812 lege
1314 1757 1537 1801 naturae.
1592 1746 1683 1801 IX.
1724 1746 1909 1801 Patres
1938 1750 2090 1804 multi
2115 1769 2181 1805 es:

677 1809 728 1886 ei
766 1821 973 1886 μαῖαι-αξ
1020 1812 1139 1886 boni
1179 1809 1377 1885 aliquid
1416 1819 1546 1869 oriri
1589 1834 1739 1886 posse
1774 1830 2068 1874 senserunt.
2108 1821 2176 1876 X.

681 1875 928 1955 Origenes
956 1883 1056 1951 legi
1101 1875 1306 1955 natura:
1350 1875 1817 1942 nimium-tribuit.
1868 1887 1955 1942 XI.
1987 1875 2181 1955 ραεὶἠέ

678 1948 962 2030 admodum
997 1948 1056 2030 _et
1104 1954 1619 2030 legi‘MoysisLXll.
1666 1948 2028 2026 lnvestigatu;
2060 1962 2179 2030 ejus

675 2021 929 2097 sententia
975 2023 1039 2097 de
1080 2026 1271 2097 gratim
1322 2021 1557 2087 auxilio.
1606 2044 1762 2097 quam
1806 2021 2104 2085 lto'minibui
2146 2049 2177 2086 a

675 2086 787 2141 Deo
835 2086 1105 2165 imgertiri'
1136 2097 1369 2159 censuit,
1421 2086 1633 2165 propter
1676 2109 1811 2153 recte
1858 2110 1979 2151 ante
2021 2103 2178 2156 vitam

674 2172 843 2225 gesta.
883 2151 1018 2216 XIII.
1049 2163 1118 2216 Et
1142 2165 1194 2216 in
1224 2164 1320 2219 hac
1355 2151 1459 2221 in}:
1496 2151 1725 2221 mortali.
1767 2166 1904 2222 XIV.
1936 2151 2177 2225 Gratiani

673 2229 986 2309 agitantem
1029 2249 1131 2309 non
1169 2237 1401 2309 agnouit.
1444 2236 1555 2309 XV.
1594 2236 1875 2308 Perperam
1921 2240 2175 2309 interpre-

674 2300 798 2369 tatis
842 2303 1157 2369 quibusdam
1198 2304 1493 2369 Scriptura:
1539 2308 1667 2362 locis
1698 2300 1763 2361 'in
1811 2325 1922 2361 eam
1974 2300 2179 2365 senten-

670 2368 1074 2443 tiomadguctus
1102 2385 1199 2427 est.
1229 2368 1365 2430 XVI.
1391 2377 1522 2443 Quae
1548 2381 1734 2431 merito
1760 2378 2175 2443 reprelienditur.

674 2436 832 2518 XVII.
877 2437 1134 2518 Pugilla
1154 2436 1429 2518 qua’damw
1444 2448 1496 2500 in
1534 2446 1780 2518 Origenis
1814 2436 2042 2517 favorem
2076 2454 2177 2505 col-

670 2508 929 2587 liguntur.
977 2508 1175 2568 XVIIII
1198 2514 1384 2569 Utrum
1417 2526 1465 2570 et
1502 2508 1761 2585 quoniodo
1800 2508 2055 2587 perfectos
2090 2522 2176 2576 lio-

671 2582 833 2661 mi’nes
878 2597 1028 2661 posse
1076 2600 1179 2638 non
1220 2582 1619 2661 peccare__ratit_s
1669 2590 1757 2641 sit.
1800 2582 1951 2642 ⁷ΧΙΧ.
1997 2590 2171 2661 Hujus

669 2650 932 2726 dogmatis
960 2668 1120 2705 causa
1157 2656 1387 2721 vapulat.
1410 2656 1531 2711 XX.
1552 2654 1743 2710 Utrum
1768 2669 1880 2726 post
1905 2650 2171 2725 acceptant

667 2722 889 2794 gratiam
914 2721 1458 2794 iteratmpcenitenlia'
1475 2732 1643 2780 locum
1672 2721 1776 2782 non
1801 2721 2068 2794 superesse
2081 2749 2174 2783 au-

668 2790 906 2841 tnmarit.
940 2788 1076 2844 XXI.
1111 2788 1589 2869 Utrum_p_r_tecep_tis
1618 2798 1809 2852 divinis
1841 2788 2033 2853 morem
2064 2805 2171 2869 geri

668 2873 787 2937 non_
812 2865 1240 2937 posseseuserit.
1293 2865 1457 2919 XXII.
1495 2865 1758 2933 Suppetia:
1788 2870 2032 2937 feruntur
2056 2865 2172 2925 Ori-

668 2932 809 3009 gen‘i.
841 2927 1025 3009 XXIII.
1054 2930 1248 3009 Utrum
1276 2927 1615 3009 afﬁrmauerit
1645 2927 1879 2993 homines
1909 2941 2022 2993 sola
2067 2942 2171 3009 ﬁde

658 2997 843 3080 justas
876 3000 1043 3080 eﬂiqi._
1080 3001 1292 3080 XXIV._
1312 2997 1673 3080 'Inuestigatur
1696 3009 1837 3080 μεριξ
1876 2997 2078 3080 dogma.
2106 3014 2169 3067 de

666 3078 881 3135 peccato
907 3071 1147 3141 originis,
1182 3085 1227 3126 et
1255 3075 1361 3143 ﬁne
1397 3071 1662 3145 baptismi.
1694 3071 1862 3133 XXV.
1893 3071 2032 3145 uina
2070 3083 2086 3133 i
2125 3100 2156 3133 Si

666 3138 731 3189 de
771 3140 1235 3205 pra’destinatione
1276 3145 1553 3205 placuerit.
1604 3149 1926 3205 disputatur.
1972 3100 2156 3205 XXVI.

2272 3097 2471 3166 quippe
2521 3095 2702 3152 causis
2757 3094 2978 3164 quidem
3029 3094 3269 3148 externis
3308 3093 3463 3148 varie
3506 3091 3685 3163 impelli
3722 3106 3797 3145 nos

666 3138 741 3216 de.
771 3138 1553 3216 pra’dest’inatione'placuerit,
1604 3138 1928 3216 disputatur:
1972 3138 2163 3208 XXVI.

666 3206 771 3287 ilic
796 3224 1001 3278 quoque
1030 3206 1297 3267 nonnullis
1326 3232 1503 3285 poenas
1531 3206 1620 3271 dat
1645 3260 1660 3284 ,
1689 3206 1788 3272 'sed
1819 3222 1874 3274 in
1902 3206 2165 3289 aliquibus

753 3289 898 3333 atur.

753 3290 898 3333 atur.

654 3290 902 3426 vaunc
934 3387 1064 3429 vero
1086 3375 1153 3431 de
1178 3375 1350 3432 libero
1393 3380 1644 3448 arbitrio,
1668 3382 1810 3452 quod
1842 3384 2035 3440 animae
2066 3386 2166 3455 ipsi

592 3461 836 3517 innatum
868 3472 993 3530 est;
1025 3467 1197 3536 deque
1222 3469 1397 3539 gratia
1426 3470 1542 3539 Dei,
1579 3486 1699 3541 qua:
1733 3473 1784 3527 in
1810 3474 2047 3529 animant
2086 3477 2168 3531 in-

592 3553 860 3621 funditur,
901 3558 1031 3628 quid
1057 3559 1275 3630 Origeni
1305 3561 1591 3631 placuerit,
1620 3564 2014 3634 explorandum
2042 3578 2159 3634 est;

590 3663 694 3704 nec
718 3662 838 3704 eam
864 3650 1005 3705 enim
1048 3654 1403 3722 quaestionem
1434 3654 1699 3714 inoffenso
1732 3657 1977 3717 decurrit
2004 3663 2160 3729 pede,

589 3742 788 3799 mentis
833 3743 1113 3800 rationalis
1150 3748 1381 3802 arbitrio
1412 3749 1639 3804 nimium
1679 3750 1948 3817 tribuens,
1977 3754 2163 3822 gratim

588 3847 720 3887 vero
754 3835 954 3891 divinae
1002 3837 1303 3911 infringens
1334 3841 1595 3897 auxilium
1627 3844 1806 3899 :adeo
1835 3855 1893 3898 ut
1927 3860 1997 3901 ex
2045 3846 2162 3914 ejus

588 3925 807 3993 scriptis
859 3926 1108 3983 haeresim
1166 3946 1317 3986 suam
1374 3932 1622 3991 hausisse
1683 3936 1812 3991 dicti
1861 3937 1970 3992 sint
2010 3938 2163 3995 Pelea-

585 4015 756 4083 giani,
781 4029 1076 4087 eorumque
1096 4020 1374 4076 fraterculi
1398 4022 1784 4082 Massilienses.
1814 4026 1950 4085 Hinc
1974 4028 2162 4086 lIiero-

586 4120 787 4176 nymus
825 4109 883 4161 in
911 4109 1151 4180 Epistula
1181 4112 1248 4167 ad
1281 4113 1715 4185 Ctesiphontem,
1748 4135 1869 4189 cap.
1903 4121 1959 4186 Ξ,
2001 4121 2158 4177 Pela-

584 4198 658 4270 gii
694 4199 995 4256 doctrinam
1044 4203 1297 4275 Origenis
1345 4208 1709 4265 ramusculum
1757 4226 1879 4269 esse
1925 4228 2165 4281 pronun—

584 4290 722 4358 tiat;
759 4302 815 4348 et
847 4294 939 4350 lib.
972 4300 1217 4355 iadvers.
1261 4296 1558 4369 Pelagium,
1591 4316 1712 4370 cap.
1755 4302 1810 4369 7,
1840 4302 2156 4374 Pelagiano-

581 4399 701 4439 rum
738 4390 1057 4457 magistrum
1102 4405 1223 4446 esse
1266 4392 1405 4447 .dicit
1450 4392 1539 4447 τὸν
1578 4394 1836 4467 ἀρχαῖον,
1880 4407 2156 4457 auctorem

2290 531 2439 595 vitii,
2496 530 2583 585 vel
2640 527 3030 600 amplectendzr
3083 527 3337 581 virtutis:
3376 541 3483 596 qua
3532 538 3676 596 prout
3717 547 3807 587 usa

2287 631 2451 688 sunt,
2504 622 2579 675 ita
2620 622 2708 676 vel
2742 621 2809 675 ad
2849 617 3159 683 superiores
3206 617 3443 672 evasisse
3486 617 3808 685 ordines,vcl

2286 716 2353 766 ad
2384 710 2667 768 inferiores
2699 726 2819 768 esse
2859 709 3176 765 detnrbatas
3206 726 3219 763 :
3250 723 3622 779 quemcunque
3666 722 3809 767 autem

2287 802 2493 870 adeptae
2537 803 2646 859 sint
2685 813 2920 868 statum,
2961 801 3128 856 nihilo
3170 800 3344 855 secius
3391 805 3574 854 eadem
3614 799 3811 860 fruentes

2286 903 2585 964 potestate,
2621 895 2706 949 vel
2754 905 2899 951 recte
2933 894 3019 950 vel
3050 892 3191 948 male
3233 908 3328 962 pro
3374 892 3526 947 libita
3554 907 3726 962 agere,
3763 911 3812 952 ac

2290 989 2445 1042 novis
2486 986 2708 1057 proinde
2746 986 2831 1041 vel
2863 983 3392 1041 remunerationibus
3420 983 3502 1037 vel
3540 984 3698 1054 ptenis
3721 1000 3813 1041 esse

2286 1076 2582 1143 obnoxias;
2650 1093 2747 1133 nec
2804 1077 3041 1135 futurum
3086 1090 3321 1146 unquam
3384 1084 3445 1129 ut
3497 1074 3579 1129 vel
3629 1076 3812 1133 facultas

2286 1171 2401 1237 illa,
2437 1171 2520 1227 vel
2569 1169 2841 1225 facultatis
2884 1185 3014 1226 usus
3056 1169 3109 1225 in
3155 1168 3354 1224 animis
3393 1167 3686 1233 intercidat,
3715 1168 3812 1226 licet

2286 1261 2373 1317 vel
2403 1261 2672 1317 charitate
2714 1261 2799 1315 vel
2859 1260 3158 1331 pertinacia
3201 1275 3231 1314 a
3277 1257 3438 1314 malis
3467 1258 3674 1314 bonisve
3708 1277 3811 1315 non-

2286 1369 2566 1425 nunquam
2608 1353 3020 1417 abstrahamur.

2356 1444 2485 1512 Quae
2548 1460 2671 1499 cum
2740 1443 3112 1514 perfunctorie
3180 1457 3343 1511 supra
3419 1442 3811 1509 delibaverimns,

2284 1551 2429 1592 nunc
2477 1537 2817 1593 enucleatius
2870 1535 3161 1590 reseranda
3216 1535 3483 1600 veniunt,
3530 1543 3583 1589 et
3629 1535 3812 1590 attentis

2284 1627 2457 1685 oculis
2522 1628 2982 1699 introspicienda;
3050 1626 3513 1697 quaerendumque
3562 1640 3721 1681 utrum
3760 1628 3809 1683 li-

2286 1723 2544 1776 bertatem
2596 1729 2800 1775 naturae
2849 1721 3133 1775 rationalis
3173 1721 3466 1791 integram,
3509 1734 3571 1773 an
3602 1721 3809 1775 imminu-

2210 1786 2251 1840 Β
2284 1819 2428 1879 tam;
2484 1819 2668 1865 utrum
2719 1810 2841 1865 ullis
2877 1812 3070 1864 divina:
3120 1786 3313 1879 gratia;
3357 1810 3573 1865 auxiliis
3611 1810 3809 1882 indigere

2282 1903 2450 1971 illam,
2478 1914 2533 1959 et
2556 1904 2775 1973 juvari;
2806 1919 3023 1974 quoque
3054 1904 3213 1958 modo
3243 1904 3558 1973 contingere
3581 1902 3673 1956 hoc
3696 1902 3806 1957 arbi-

2281 2001 2453 2049 tratus
2499 1994 2589 2049 sit.
2614 1993 2824 2057 .Sensit
2851 1995 2962 2062 ,ille
3007 1995 3190 2065 itaque
3218 1994 3429 2048 arbitrii
3463 1993 3742 2049 libertatem
3766 1995 3805 2049 iu

2282 2084 2615 2141 inditierenti
2644 2087 2878 2156 quadam
2914 2088 3051 2141 bene
3081 2086 3162 2140 vel
3198 2086 3337 2141 male
3367 2086 3557 2157 agendi
3598 2085 3807 2141 facultate

2278 2178 2471 2241 sitam,
2507 2187 2563 2231 et
2596 2177 2900 2242 mentibus,
2940 2191 3063 2231 mox
3090 2186 3149 2231 ut
3185 2184 3506 2231 crearentur
3535 2192 3562 2229 a
3595 2176 3709 2241 Deo,
3744 2176 3804 2229 in-

2279 2269 2483 2334 ditam,
2530 2267 2794 2338 integram
2821 2282 3036 2337 semper
3074 2277 3126 2321 et
3166 2276 3419 2338 vegetam
3467 2281 3804 2337 perseverem;

2277 2375 2379 2415 nec
2427 2360 2533 2416 ulla
2601 2376 2660 2416 re
2714 2359 2883 2416 fuisse
2935 2361 3302 2427 imminutam,
3363 2358 3671 2431 plenumque
3712 2359 3803 2429 ejus

2277 2468 2431 2506 usum
2492 2453 2544 2508 in
2605 2452 2779 2507 beatis
2828 2452 2911 2506 vel
2955 2451 3226 2508 damnatis
3271 2466 3599 2524 superesse;
3643 2451 3805 2521 impelli

2275 2545 2490 2613 quidem
2545 2545 2782 2599 animam
2828 2560 2858 2598 a
2914 2544 3071 2599 bonis
3120 2544 3346 2600 malisve
3396 2543 3725 2614 potestatibus
3751 2545 3804 2598 ad

2274 2637 2498 2690 virtutes
2525 2633 2608 2689 vel
2641 2634 2708 2688 ad
2750 2635 2912 2699 vitia;
2959 2633 3075 2703 cogi
3108 2648 3236 2688 vero
3265 2634 3603 2702 neutiquam,
3633 2631 3699 2686 vel
3726 2646 3800 2686 ne-

2272 2725 2509 2781 cessitati
2569 2725 2730 2779 alicui
2780 2724 2994 2795 subjici.
3044 2724 3244 2795 Sparsa
3302 2725 3426 2779 haec
3470 2722 3686 2793 reperies
3728 2726 3800 2777 do-

2272 2827 2450 2889 gmata
2501 2816 2867 2886 compluribus
2925 2817 3097 2883 locis,
3157 2816 3251 2871 sed
3316 2817 3498 2885 capite
3549 2814 3802 2886 praesertim

2270 2912 2452 2979 priore
2480 2909 2575 2965 lib.
2604 2924 2665 2963 ιιι
2695 2907 2770 2963 De
2799 2910 3049 2979 princip.,
3074 2908 3127 2961 in
3158 2921 3266 2977 quo
3294 2908 3566 2978 praecipua
3589 2907 3799 2962 doctrina:

2272 3019 2383 3059 sure
2417 3003 2484 3058 de
2512 3003 2762 3058 libertate
2791 3002 3003 3055 arbitrii
3031 3000 3391 3056 fundamenta
3426 2999 3705 3057 collocavit.
3739 2998 3797 3051 lbi

2270 3201 2322 3243 et
2354 3187 2619 3245 concitari
2652 3187 2849 3252 docet;
2881 3201 3163 3241 assensum
3187 3202 3316 3244 vero
3348 3203 3387 3242 ιι
3432 3188 3628 3241 ratione
3651 3195 3800 3240 nostra

2268 3297 2332 3337 ac
2372 3281 2651 3337 voluntate
2694 3282 2951 3351 pendere.
2994 3280 3050 3335 Id
3097 3290 3395 3352 postquam
3442 3290 3638 3335 natura:
3666 3279 3797 3347 ipsius

2267 3373 2592 3435 auctoritate
2631 3374 3048 3439 demonstravit,
3098 3374 3406 3443 Scriptura:
3453 3382 3639 3429 sancte
3682 3373 3794 3424 loco-

2266 3482 2384 3522 rum
2414 3466 2667 3536 congerie
2701 3464 2980 3534 multiplici
3009 3465 3313 3519 conIirmat.
3344 3466 3486 3520 Tum
3517 3466 3663 3535 petita
3687 3463 3796 3518 indi-

2267 3562 2383 3613 dem
2414 3559 2480 3613 ad
2509 3558 2927 3628 impugnandam
2956 3558 3170 3613 arbitrii
3200 3558 3509 3614 libertatem
3535 3556 3796 3613 testimonia

2271 3651 2471 3717 solvit,
2508 3650 2746 3720 explosis
2794 3650 3334 3717 Valentinianorum,
3398 3651 3796 3706 Basilidianorum

2267 3757 2322 3801 et
2355 3744 2791 3801 Marcionitarum
2841 3744 3081 3810 deliriis,
3132 3734 3239 3816 qui.
3269 3748 3523 3803 diversas
3561 3745 3791 3801 hominum

2276 3849 2524 3904 naturas,
2556 3837 2688 3893 alias
2712 3839 2853 3901 vitae,
2878 3838 3014 3893 alias
3038 3838 3194 3892 morti
3224 3838 3546 3902 destinatas,
3569 3853 3626 3892 ac
3651 3836 3787 3890 Deum

2268 3930 2452 3984 mundi
2488 3929 2756 3999 opiﬁcem,
2801 3930 2992 3984 durum
3024 3946 3088 3985 ac
3117 3946 3401 3997 severum,
3446 3931 3599 3984 alium
3628 3932 3789 3982 bonum

2266 4022 2466 4077 Christi
2512 4031 2720 4092 patrem
2766 4022 3364 4078 comminiscebantur:
3416 4031 3471 4080 et
3517 4021 3682 4094 gratia:
3719 4018 3791 4071 de-

2266 4128 2411 4167 mum
2456 4113 2651 4168 divina:
2701 4113 3073 4179 operationem
3118 4114 3238 4170 fuse
3286 4115 3563 4178 describit,
3607 4128 3695 4182 qua
3738 4112 3789 4162 de

2260 4215 2380 4277 post
2419 4206 2618 4261 dicturi
2667 4222 2877 4261 sumus.
2920 4208 3107 4277 Capite
3148 4223 3279 4263 vero
3319 4210 3559 4280 sequenti
3599 4221 3725 4261 num.
3757 4202 3787 4261 4

2259 4299 2517 4368 ostendit,
2546 4299 2684 4355 mala
2709 4301 2864 4357 nobis
2890 4302 3301 4372 suggerentibus
3317 4304 3661 4372 potestatibus
3684 4312 3786 4353 con-

2263 4390 2465 4455 trariis,
2498 4390 2583 4445 vel
2616 4392 2683 4446 ad
2710 4402 2913 4446 rectum
2943 4392 3240 4449 inclinante
3263 4410 3365 4450 nos
3401 4396 3589 4450 virtute
3613 4390 3785 4448 divina.

581 4494 775 4549 nempe
797 4482 977 4551 αρετῆς
1002 4483 1142 4554 Περι
1176 4484 1383 4555 ἀρχῶν
1404 4527 1421 4554 ,
1464 4495 1515 4540 εν
1545 4486 1643 4545 ιη),
1672 4503 1732 4544 ιη
1764 4488 2155 4548 lucubrationis
2186 4494 2230 4549 ι)
2261 4482 2441 4550 vigere
2469 4481 2827 4539 nihilominus
2849 4483 3073 4539 liberam
3097 4484 3308 4541 arbitrii
3335 4495 3659 4556 potestatem.
3680 4480 3783 4548 Qua:

578 4565 857 4635 eiusdem,
896 4572 953 4626 in
1002 4573 1109 4629 line
1154 4575 1411 4644 postremi
1457 4576 1684 4646 capitis,
1735 4577 2148 4648 Pelagianorum

579 4661 842 4717 amasium
870 4663 1157 4736 Brigenem
1184 4668 1436 4738 appellat.
1469 4668 1607 4724 Hinc
1634 4670 1800 4724 etiam
1833 4670 2149 4727 Theodorus

577 4752 749 4816 Beza,
786 4746 1316 4828 capitalis'Origenis
1345 4761 1723 4827 adversarius,
1762 4763 1814 4816 in
1844 4762 2041 4817 Adnot.
2075 4765 2145 4818 nd

574 4841 803 4899 Bonum.
838 4861 890 4913 ι,
927 4847 980 4911 1,
1036 4849 1305 4905 neminem
1350 4851 1428 4906 ait
1475 4852 1707 4924 Origene
1749 4855 1977 4925 gratiam
2028 4858 2143 4922 Dei,

574 4937 871 4993 secundum
897 4938 1195 5009 Pelagium,
1224 4946 1398 5014 magis
1431 4961 1554 5002 esse
1590 4948 1954 5003 adversatum.
1989 4948 2141 5016 Quod

572 5029 701 5086 totis
747 5032 975 5088 subinde
996 5035 1267 5103 capitibus
1314 5040 1673 5107 comprobare
1723 5055 2011 5112 aggressus
2062 5052 2145 5099 est

571 5117 851 5178 Cornelius
878 5123 1166 5183 Jansenius
1182 5125 1442 5197 Yprensis
1482 5130 1785 5201 episcopus,
1819 5131 2139 5203 Origeniana

570 5210 732 5264 verba
762 5228 824 5267 ac
853 5215 1065 5271 decreta
1100 5232 1222 5271 cum
1263 5216 1565 5288 Pelagianis
1601 5230 1657 5275 et
1692 5220 2142 5295 Semipelagianis

568 5316 826 5363 accurate
870 5308 1201 5381 conﬂigens,
1258 5321 1313 5367 et
1348 5321 1702 5383 utrorumque
1745 5318 2145 5375 connexionem.

567 5396 711 5453 inter
737 5414 797 5454 se
825 5402 1038 5468 copiose
1066 5404 1465 5462 demonstrans.

634 5492 698 5547 ll.
739 5494 915 5563 Atque
942 5495 1057 5550 haec
1089 5499 1400 5567 priusquam
1435 5499 1501 5554 ad
1532 5500 1790 5556 trutinam
1822 5518 2139 5559 revocamus

567 5594 828 5653 nostram,
858 5596 984 5643 ante
1023 5590 1207 5644 omnia
1244 5592 1597 5661 repetendum
1626 5592 1715 5649 hic
1747 5603 1833 5648 est
1864 5595 2137 5665 quidpiam

565 5669 753 5729 leviter
792 5691 822 5729 a
853 5678 1013 5733 nobis
1048 5694 1214 5747 supra
1260 5682 1604 5750 perstrictum
1639 5700 1654 5736 :
1707 5694 1915 5740 mentes
1945 5699 2137 5753 nempe

564 5778 683 5819 eum
730 5778 767 5818 a.
804 5766 912 5823 Deo
947 5782 1363 5840 procrearentur
1386 5773 1601 5839 ,libero
1634 5774 1802 5837 fuisse
1846 5777 2138 5839 instructas

2260 4572 2389 4627 alibi
2422 4575 2618 4644 repetit
2640 4590 2780 4646 saepe
2811 4587 2869 4631 et
2894 4576 3153 4635 inculcat.
3189 4577 3402 4645 Quibus
3430 4588 3601 4634 autem
3626 4574 3781 4643 probat

2257 4664 2390 4718 locis
2423 4665 2631 4721 animas
2666 4667 2718 4721 in
2750 4681 3127 4738 quemcunque
3156 4668 3468 4724 devenerint
3489 4676 3689 4726 statum,
3710 4676 3779 4715 ar-

2256 4756 2523 4831 bitriisui
2556 4757 2803 4813 libertate
2842 4761 2960 4825 uti,
3002 4771 3198 4829 praeter
3265 4761 3355 4817 illa
3391 4777 3506 4832 qua:
3541 4758 3777 4814 attulimus

2256 4861 2437 4915 supra,
2467 4861 2588 4901 eum
2625 4848 2691 4903 de
2718 4849 3032 4919 angelorum
3069 4851 3314 4907 libertate
3340 4866 3639 4923 ageremus,
3659 4860 3775 4916 quae

2253 4952 2359 5006 que
2399 4938 2589 4992 iterum
2628 4941 2837 4995 consuli
2868 4942 3046 5008 velim,
3079 4956 3140 4995 ea
3168 4943 3434 5013 praecipue
3462 4951 3581 4998 sunt
3606 4958 3620 4994 :
3646 4937 3722 4992 lib.
3743 4948 3771 4987 ιι

2251 5031 2391 5100 Περὶ
2428 5030 2650 5101 ἀρχῶν,
2693 5048 2811 5104 cap.
2842 5033 2915 5100 5,
2951 5050 3101 5091 ιιυιιι.
3133 5034 3203 5090 5:
3235 5054 3253 5087 ι
3281 5033 3535 5092 Possibile
3558 5032 3683 5086 enim
3706 5026 3770 5079 via

2251 5126 2405 5179 detur
2433 5166 2447 5189 ,
2484 5135 2542 5180 ut
2582 5127 2929 5184 rationabiles
2957 5139 3196 5196 naturas,
3245 5144 3276 5186 a
3313 5130 3504 5200 quibus
3537 5134 3767 5193 nunquam

2250 5216 2495 5271 aufertur
2530 5217 2685 5273 Iiheri
2712 5218 2943 5275 facultas
2972 5221 3206 5285 arbitrii,
3238 5224 3447 5291 possint
3490 5221 3665 5275 iterum
3689 5213 3767 5265 ali-

2246 5308 2442 5374 (luibus
2491 5309 2722 5365 niotibus
2777 5310 3090 5380 subiacere,
3134 5314 3441 5386 indulgente
3479 5314 3578 5369 hoc
3622 5311 3761 5379 ipsum

2250 5400 2515 5467 Domino,
2565 5418 2632 5459 ne
2681 5403 2819 5459 forte
2868 5404 2912 5458 si
2961 5406 3291 5462 immobilem
3340 5421 3543 5479 semper
3584 5405 3764 5458 teneant

2245 5504 2471 5561 statum,
2501 5498 2749 5566 ignorent
2797 5513 2856 5554 se
2898 5497 2990 5553 Dei
3037 5500 3208 5570 gratia
3241 5512 3298 5556 et
3340 5517 3438 5557 non
3484 5514 3570 5554 sua
3597 5497 3760 5549 virtute

2244 5587 2297 5642 in
2357 5588 2449 5645 illo
2491 5589 2599 5646 liae
2645 5592 2995 5648 beatitudinis
3045 5597 3391 5662 constitisse;
3425 5615 3444 5648 ι
3491 5604 3543 5651 et
3582 5593 3662 5646 lib.
3692 5602 3758 5649 tu,

2243 5696 2361 5751 cap.
2390 5685 2408 5737 l
2438 5723 2452 5746 ,
2493 5685 2765 5751 num.2l,
2808 5703 2927 5759 pag.
2962 5689 3105 5745 156:
3161 5710 3178 5742 ι
3208 5689 3287 5747 Ex
3340 5706 3445 5762 quo
3490 5688 3754 5758 opinamur.

2244 5774 2493 5845 quoniam
2534 5778 2935 5851 quidem,sicut
2968 5783 3279 5852 frequenter
3306 5786 3559 5848 diximus,
3584 5778 3764 5832 immor-
