4054 6310
318 341 419 398 921

1124 343 1698 401 OlilGENlANORUM
1742 341 1866 397 LIB.
1908 339 1973 406 11,
2013 341 2162 400 CAP.
2205 343 2269 407 ll,
2308 342 2584 410 QUASST.
2623 341 2736 398 VII.

3453 340 3556 398 922

319 456 442 511 talis
461 464 544 511 est
565 457 744 512 anima
777 467 830 514 et
859 465 1080 523 aeterna,
1097 462 1238 529 quod
1272 461 1323 515 in
1359 461 1542 516 multis
1564 472 1618 515 et
1639 461 1757 515 sine
1784 459 1888 515 fine
1917 463 1964 520 Α
1997 459 2188 527 pedem
2221 459 2454 526 confert,
2493 475 2668 531 neque
2695 459 2762 516 ab
2801 459 2867 514 iis
2896 473 3016 517 sese
3047 460 3112 515 de
3161 459 3312 516 liberi
3345 462 3554 516 arbitrii

318 550 510 618 spatiis
540 565 635 617 per
667 551 924 605 immensa
955 561 1009 604 et
1043 552 1254 608 diversa
1294 553 1486 609 saecula
1524 553 1776 622 possibile
1804 561 1889 608 est

319 649 378 693 ut
426 640 567 695 vela
613 657 831 697 summo
877 642 1016 697 bono
1054 642 1117 696 ad
1168 644 1350 698 infima
1397 646 1535 700 mala
1578 647 1886 713 descendat,

318 731 402 786 vel
447 733 518 787 ab
560 733 766 789 ultimis
799 734 957 788 malis
987 738 1050 787 ad
1099 750 1308 790 summa
1352 739 1490 792 bona
1537 751 1880 808 repareturp

315 830 370 876 et
419 837 541 888 cap.
579 822 614 877 5
647 825 763 877 libri
806 823 1068 894 ejusdem,
1106 843 1255 882 num.
1282 829 1314 884 5
1345 845 1359 882 :
1402 847 1420 881 ι
1445 830 1625 886 Liberi
1657 846 1887 900 namque

316 913 526 967 arbitrii
569 929 782 984 semper
827 925 909 970 est
943 919 1153 982 anima,
1198 921 1361 974 etiam
1399 937 1518 977 cum
1562 923 1614 976 in
1657 937 1886 992 corpore

318 1005 440 1070 hoc,
485 1005 648 1060 etiam
682 1023 802 1078 cum
836 1018 990 1063 extra
1029 1025 1224 1081 corpus
1274 1023 1397 1078 est;
1447 1022 1502 1067 et
1543 1012 1762 1072 libertas
1800 1033 1887 1070 ar-

316 1096 461 1150 bitrii
504 1097 590 1151 vel
637 1099 701 1152 ad
749 1100 884 1153 bona
925 1114 1160 1169 semper,
1200 1101 1281 1156 vel
1323 1105 1388 1158 ad
1437 1104 1575 1157 mala
1608 1116 1880 1171 movetur;

317 1205 418 1244 nec
461 1205 695 1259 unquam
744 1192 1085 1247 rationabilis
1137 1209 1347 1260 sensus,
1392 1195 1446 1250 id
1493 1205 1594 1263 est,
1627 1213 1778 1253 mens
1804 1200 1884 1254 vel

317 1282 515 1349 anima,
561 1284 678 1338 sine
724 1294 871 1338 tuotu
921 1286 1101 1355 aliquo
1150 1288 1231 1342 vel
1275 1290 1416 1344 bono
1456 1289 1537 1345 vel
1582 1291 1723 1347 malo
1761 1306 1884 1348 esse

314 1385 506 1444 potest.
540 1394 558 1427 ι
605 1375 835 1432 liomilia
890 1390 1149 1447 praeterea
1182 1381 1248 1435 15
1294 1382 1347 1435 in
1393 1379 1593 1446 Num.,
1653 1399 1801 1440 num.
1852 1384 1883 1438 7

315 1469 650 1524 dannonibus
679 1471 1004 1539 permissum
1038 1471 1194 1526 liberi
1225 1474 1438 1528 arbitrii
1469 1477 1548 1531 sui
1582 1491 1737 1532 usum
1769 1492 1883 1532 ver-

313 1560 395 1617 bis
419 1564 698 1632 conceptis
729 1566 915 1631 tradit,
950 1580 1056 1634 quo
1091 1566 1134 1620 si
1184 1566 1481 1622 diminutus
1515 1579 1660 1625 esset
1687 1585 1716 1623 a
1753 1571 1880 1637 Deo,

312 1653 412 1708 hoc
433 1655 550 1724 ipso
583 1671 711 1711 vero
737 1655 850 1725 jam
880 1657 1194 1712 damnatqu
1221 1657 1371 1714 illum
1405 1660 1552 1729 fore;
1588 1673 1643 1716 at
1672 1663 1722 1717 id
1750 1679 1882 1718 non-

311 1747 434 1799 dum
473 1747 764 1818 contigisse
792 1749 1164 1817 existimabat,
1198 1762 1256 1807 ut
1285 1755 1536 1810 vidimus.
1565 1755 1738 1825 Atque
1766 1758 1878 1811 haec

1989 562 2182 604 natura
2240 550 2533 608 dissentire
2579 551 2750 619 dicit;
2809 567 2985 621 neque
3037 553 3251 623 prolata
3314 554 3551 622 ipsorum

1987 643 2174 709 verba,
2208 645 2403 714 quibus
2442 647 2493 699 iu
2523 646 2648 702 boni
2674 645 2866 700 malive
2897 646 3125 715 eligendi
3161 657 3426 715 potestate
3456 663 3552 715 po-

1987 733 2149 788 situm
2193 735 2324 788 illud
2361 750 2480 790 esse
2525 737 2924 799 demonstrant,
2960 736 3098 788 hanc
3123 735 3295 803 carpit
3322 734 3388 786 ob
3420 749 3551 787 cau-

1985 840 2122 889 sam,
2152 825 2279 880 licet
2321 827 2392 882 ob
2420 828 2556 882 alias
2584 828 2933 883 vehementer
2961 826 3198 896 exagitet
3229 837 3283 881 et
3317 823 3548 880 refellat.

1987 914 2198 971 Passim
2229 932 2445 988 quoque
2480 919 2791 974 necessitati
2828 920 3130 974 libertatem
3161 920 3421 988 opponit:
3458 919 3550 972 sed

1985 1010 2190 1079 absque
2224 1011 2328 1065 ulla
2359 1013 2708 1077 circuitione,
2740 1014 2864 1082 quia
2900 1013 3035 1066 bene
3066 1013 3146 1065 vel
3194 1013 3330 1066 male
3372 1013 3552 1066 vivere

1985 1112 2162 1171 p0test
2213 1104 2397 1168 homo,
2451 1105 2654 1160 idcirco
2706 1105 2788 1159 sui
2833 1105 2970 1174 juris
3000 1120 3142 1167 esse,
3191 1119 3253 1158 ac
3307 1103 3552 1157 libertate

1983 1193 2188 1262 pollere
2217 1195 2405 1250 statuit
2434 1195 2528 1250 lib.
2566 1213 2602 1251 tt
2633 1206 2814 1252 contra
2845 1192 3105 1248 Faustum
3143 1193 3399 1256 Manich.,
3423 1209 3543 1261 cap.

1984 1282 2018 1336 5
2046 1300 2059 1334 :
2101 1301 2120 1334 ι
2154 1281 2221 1336 Εῑ
2252 1299 2351 1339 nos
2387 1283 2607 1356 quidem
2642 1286 2743 1340 sub
2783 1284 2895 1337 fato
2926 1284 3202 1338 stellarqu
3231 1282 3425 1336 nullius
3459 1284 3552 1336 bo-

1985 1376 2147 1432 minis
2174 1379 2413 1448 genesim
2447 1381 2719 1448 ponimus,
2754 1388 2813 1433 ut
2861 1379 3089 1432 liberum
3125 1378 3409 1432 arbitrium
3459 1393 3554 1430 vo-

1981 1471 2228 1535 luntatis,
2261 1485 2369 1540 quo
2400 1472 2483 1524 vel
2519 1471 2655 1526 bene
2682 1472 2767 1526 vel
2796 1469 2933 1524 male
2970 1470 3192 1535 vivitur,
3225 1479 3443 1540 propter
3464 1467 3551 1536 ju-

1981 1575 2123 1618 stum
2169 1564 2430 1633 judicium
2485 1563 2578 1620 Dei
2623 1564 2690 1618 ab
2744 1563 2892 1634 qmni
2947 1563 3288 1617 necessitatis
3336 1561 3549 1636 vinculo

1981 1655 2344 1711 viudicemus.
2382 1674 2400 1707 ι
2433 1654 2540 1711 Nec
2589 1657 2770 1712 minus
2805 1657 2870 1712 ad
2917 1657 2968 1712 id
3021 1657 3151 1710 facit
3198 1657 3337 1726 quod
3389 1655 3550 1710 habe:

1980 1763 2097 1818 cap.
2131 1746 2166 1800 2
2198 1747 2320 1803 libri
2355 1747 2432 1802 De
2454 1750 2627 1818 gratia
2665 1760 2712 1804 et
2743 1749 2903 1804 libero
2944 1749 3161 1804 arbitrio
3196 1749 3261 1802 ad
3311 1748 3548 1802 Valenti-

309 1836 645 1908 Origenianaa
681 1846 746 1894 de
785 1842 1035 1899 libertate
1061 1843 1324 1901 doctrinae
1351 1849 1614 1919 principia
1649 1850 1764 1904 suis
1796 1851 1876 1904 la~

1983 1856 2144 1904 num,
2180 1841 2272 1895 ubi
2325 1850 2610 1911 postquam
2652 1842 2958 1896 astruendze
3015 1842 3249 1896 hominis
3291 1839 3545 1905 libertati,

308 1932 506 1985 borant
550 1933 716 1997 vitiis,
753 1948 870 2002 qua:
909 1950 1007 1990 nos
1036 1937 1428 1995 collocabimus
1461 1940 1514 1994 in
1561 1943 1872 2010 propatulo;

308 2023 402 2076 sed
455 2032 512 2078 et
559 2024 818 2093 impactas
862 2025 930 2081 ab
979 2027 1102 2084 aliis
1152 2045 1513 2099 proponemus
1547 2035 1877 2089 criminatio-

307 2127 425 2174 nes,
455 2121 530 2176 et,
563 2112 608 2166 si
655 2114 723 2166 ita
752 2130 838 2168 res
879 2114 1034 2184 feret,
1082 2117 1372 2185 diluemus,
1404 2130 1462 2175 ut
1494 2138 1647 2192 aequo
1674 2124 1795 2190 jure
1823 2126 1874 2179 iu

307 2205 557 2258 omnibus
598 2221 718 2261 cum
759 2205 1079 2264 Adamantio
1123 2224 1346 2279 agamus
1390 2223 1598 2277 nostro,
1645 2230 1711 2269 ne
1759 2216 1876 2285 plus

309 2297 394 2351 vel
445 2297 640 2362 favori,
718 2298 803 2354 vel
852 2299 1263 2366 malevolentiae,
1315 2319 1474 2372 quam
1526 2307 1732 2360 veritati
1773 2309 1875 2362 tri-

306 2388 472 2443 buere
509 2391 803 2445 videamur.
857 2391 962 2446 Sed
996 2391 1252 2448 lectorem
1284 2409 1598 2452 moneamus
1635 2399 1870 2465 interim,

302 2481 728 2551 quotiescunque
762 2485 828 2537 de
857 2482 1182 2554 Origeniana
1242 2485 1491 2541 libertate
1545 2494 1874 2546 memorabi-

305 2587 447 2636 lttllS,
488 2588 593 2627 non
629 2589 748 2628 eam
792 2576 1055 2630 duntaxat
1095 2578 1292 2632 debere
1329 2579 1573 2651 intelligi,
1602 2598 1706 2652 qua
1739 2600 1870 2652 gau-

302 2663 432 2719 dent
460 2667 735 2732 homines;
788 2668 882 2722 sed
925 2667 1072 2722 illam
1114 2669 1279 2723 etiam
1312 2686 1419 2740 qua
1460 2673 1635 2744 angeli
1678 2685 1734 2729 et
1765 2675 1870 2730 da:-

305 2772 491 2814 mones
531 2759 783 2814 fruuntur
815 2778 828 2814 :
863 2777 986 2813 nam
1033 2775 1133 2830 par
1173 2777 1294 2818 esse
1340 2766 1481 2833 apud
1532 2781 1719 2823 omnes
1754 2768 1870 2824 illos

303 2847 457 2903 liberi
487 2849 575 2917 jus
603 2859 658 2905 et
693 2866 846 2906 usum
882 2851 1094 2906 arbitrii
1133 2858 1445 2913 sexcenties
1475 2863 1830 2916 asseveravit.

372 2941 461 2998 Ill.
494 2942 779 2999 Cornelius
809 2944 1118 3016 Jansenius,
1162 2951 1214 3003 in
1251 2949 1391 3004 libro
1434 2951 1519 3005 cui
1551 2952 1738 3007 titulus
1763 2956 1871 3006 Au-

301 3038 565 3102 gustinus,
601 3048 885 3107 postquam
935 3042 1073 3096 libro
1112 3044 1349 3097 secundo
1393 3045 1522 3098 tomi
1575 3047 1774 3114 prioris
1805 3065 1868 3103 ex

301 3126 500 3197 Pelagii
533 3127 1057 3200 Pelagianorumque
1080 3134 1260 3188 verbis
1285 3136 1363 3190 sic
1393 3136 1536 3203 ipsos
1563 3139 1868 3193 decrevisse

303 3220 486 3276 multis
516 3225 786 3291 probavit,
837 3225 1048 3280 arbitrii
1095 3226 1317 3280 humani
1362 3226 1667 3282 libertatem
1712 3229 1869 3285 indif-

299 3311 496 3365 ferenti
532 3314 761 3381 quadam
813 3324 1081 3384 potestate
1111 3326 1361 3372 constare
1385 3361 1399 3384 ,
1441 3319 1768 3375 asciscendaa
1817 3331 1871 3376 et

297 3405 562 3475 eligendae
610 3409 687 3460 rei
735 3409 896 3462 unius
928 3409 994 3464 de
1049 3410 1316 3480 pluribus,
1359 3428 1521 3481 quam
1555 3429 1661 3466 uno
1707 3415 1870 3469 verbo

296 3500 695 3568 possibilitatem
733 3501 1106 3570 appellarunt,
1157 3504 1294 3560 libro
1337 3506 1532 3560 deinde
1584 3517 1736 3561 sexto
1785 3523 1869 3562 se-

296 3592 506 3659 quenti,
540 3607 662 3662 cap.
701 3593 768 3647 15
798 3603 850 3648 et
879 3594 964 3658 15,
994 3593 1342 3664 Pelagianam
1373 3597 1617 3652 haeresim
1653 3599 1719 3653 ab
1753 3597 1871 3654 Ori-

297 3699 436 3753 gene
479 3685 879 3752 praeformatam
922 3685 1087 3741 fuisse
1139 3702 1203 3742 ac
1255 3688 1580 3743 delineatam
1635 3691 1864 3757 scribit;

297 3775 545 3842 hancque
573 3775 706 3829 adeo
751 3776 1021 3832 libertatis
1052 3776 1418 3833 definitionem
1449 3796 1512 3832 ex
1559 3777 1674 3846 ejus
1701 3780 1863 3834 fonti-

295 3865 399 3918 bus
431 3866 480 3917 in
518 3864 717 3933 Pelagii
761 3865 983 3921 lacunas
1023 3867 1359 3936 profluxisse,
1409 3877 1569 3936 atque
1614 3868 1738 3924 inde
1787 3878 1867 3922 to-

301 3967 410 4010 tam
442 3957 646 4030 Pelagii
680 3959 928 4014 hmresim
972 3961 1227 4029 pendere.
1265 3960 1386 4014 Veri
1419 3962 1637 4032 quidem
1692 3963 1866 4015 simile

295 4048 423 4102 illud
454 4059 621 4116 esset,
659 4051 702 4104 si
738 4061 864 4103 ante
912 4049 1185 4120 Pelagium
1219 4067 1356 4106 unus
1388 4051 1544 4118 hujus
1591 4052 1865 4121 opinionis

294 4140 626 4194 architectus
672 4141 864 4195 fuisset
915 4151 969 4196 et
1018 4149 1382 4211 propugnator
1426 4140 1728 4212 Origenes;
1777 4159 1866 4197 ve-

292 4247 413 4286 rum
447 4241 504 4284 ut
531 4231 736 4285 claram
771 4241 976 4286 natura:
1026 4248 1214 4287 vocem
1263 4235 1692 4302 praetermittam,
1744 4249 1864 4303 quae

292 4332 406 4376 tum
438 4338 536 4377 nos
569 4323 770 4377 liberos
798 4338 920 4378 esse
951 4325 1164 4389 suadet,
1189 4340 1312 4379 cum
1344 4325 1426 4380 vel
1456 4341 1619 4395 agere
1641 4326 1724 4380 vel
1757 4342 1862 4381 non

292 4432 477 4488 agere,
505 4427 561 4472 et
584 4433 702 4487 quae
730 4419 930 4486 optima
971 4417 1037 4472 de
1072 4417 1253 4472 multis
1285 4419 1467 4472 animo
1502 4419 1861 4484 decrevimus,

1981 1929 2251 1998 insignem
2285 1928 2428 1983 hunc
2464 1929 2644 1983 attulit
2667 1929 3034 1984 Ecclesiastici
3063 1931 3236 1984 locum
3261 1929 3344 1984 '7:
3383 1948 3400 1980 ι
3432 1929 3547 1998 lpse

1978 2023 2044 2076 ah
2077 2022 2230 2076 initio
2257 2020 2388 2076 fecit
2419 2021 2591 2089 illum,
2629 2033 2680 2078 et
2721 2023 2939 2092 reliquit
2971 2021 3116 2076 illum
3150 2023 3200 2076 in
3230 2037 3388 2076 manu
3419 2038 3549 2076 cun-

1979 2113 2084 2170 Silii
2125 2114 2229 2170 sui.
2267 2113 2324 2168 Si
2369 2113 2626 2178 volueris,
2669 2114 3016 2168 conservabis
3062 2115 3336 2180 mandata,
3380 2123 3435 2168 et
3485 2115 3548 2167 fi-

1977 2206 2096 2262 dem
2137 2206 2334 2260 bonam
2360 2206 2563 2276 placiti.
2599 2206 2847 2275 Apponet
2882 2207 2973 2268 tibi
3012 2207 3186 2276 ignem
3218 2216 3275 2262 et
3304 2222 3543 2275 aquam:

1975 2298 2041 2352 ad
2075 2299 2434 2367 quodcunque
2475 2300 2715 2355 volueris
2752 2301 2980 2354 extende
3027 2315 3243 2353 manum
3277 2311 3443 2357 tuam.
3487 2299 3543 2352 lu

1977 2399 2266 2458 conspectu
2318 2392 2556 2448 hominis
2595 2393 2703 2448 vita
2757 2405 2812 2447 et
2862 2409 3042 2458 mors;
3085 2403 3142 2447 et
3189 2394 3547 2462 quodcunque

1975 2480 2256 2550 placuerit,
2314 2483 2530 2536 dabitur
2579 2483 2661 2549 ei,
2701 2502 2718 2536 ι
2773 2484 3028 2539 continuo
3078 2485 3191 2539 haec
3235 2485 3543 2539 subnectit:

1979 2588 1998 2622 ι
2034 2571 2170 2626 Ecce
2205 2574 2545 2642 apertissime
2571 2575 2816 2630 videmus
2843 2590 3156 2644 expressum
3190 2574 3419 2630 liberum
3448 2574 3549 2628 bu-

1971 2677 2144 2718 maute
2186 2663 2479 2718 voluntatis
2525 2666 2843 2720 arbitrium.
2881 2685 2901 2717 ι
2958 2664 3195 2734 Longam
3235 2666 3432 2721 deinde
3479 2667 3546 2719 ad

1974 2754 2113 2808 idem
2159 2755 2621 2823 comprobandum
2669 2757 2940 2826 depromit
2984 2773 3014 2811 e
3061 2755 3210 2810 Novo
3256 2771 3321 2811 ac
3367 2755 3545 2810 Veteri

1974 2847 2326 2902 Testamento
2375 2847 2808 2903 testimoniorum
2857 2847 3076 2912 seriem,
3123 2848 3176 2902 in
3225 2848 3419 2917 quibus
3451 2849 3546 2902 ho-

1973 2941 2102 2994 mini
2133 2941 2301 2995 edicit
2335 2941 2498 3005 Deus,
2528 2950 2588 2998 ut
2622 2942 2758 3000 nolit
2793 2942 2859 3017 ad
2902 2942 3030 2996 vitia
3064 2943 3342 3007 converti;
3382 2952 3545 3011 atque

1970 3048 2031 3088 ea
2066 3037 2278 3088 demum
2328 3034 2413 3089 his
2458 3035 2635 3090 verbis
2679 3035 2910 3090 elaudtt:
2952 3052 2972 3086 ι
3025 3034 3228 3105 Nempe
3269 3035 3358 3089 tibi
3407 3035 3544 3089 dici-

1975 3134 2092 3188 tur,
2139 3123 2266 3178 Noli
2294 3126 2414 3191 hoc,
2462 3134 2516 3180 et
2544 3126 2650 3182 νιοιὶ
2678 3126 2839 3193 illud,
2879 3135 2934 3182 et
2975 3127 3064 3180 ubi
3097 3128 3163 3181 ad
3210 3126 3413 3194 aliquid
3460 3125 3543 3180 fa-

1975 3216 2250 3281 ciendum,
2279 3225 2333 3271 et
2367 3231 2473 3271 non
2503 3216 2811 3272 faciendum
2847 3219 2899 3271 in
2934 3218 3132 3272 divinis
3163 3219 3381 3272 monitis
3409 3233 3547 3287 opus

1975 3308 2274 3363 voluntatis
2300 3307 2554 3378 exigitur,
2589 3313 2721 3366 satis
2750 3308 2977 3364 liberum
3013 3310 3424 3368 demonstratur
3455 3325 3546 3364 ar-

1973 3400 2211 3455 bitrium.
2253 3418 2273 3452 ι

2044 3490 2222 3546 Mirari
2255 3507 2421 3558 porro
2449 3492 2598 3547 subit
2624 3492 2918 3561 quomodo,
2950 3491 3149 3547 oblitus
3173 3491 3540 3562 superiorum,

1973 3581 2259 3638 Jauscnius
2309 3582 2553 3653 ejusdem
2607 3582 2855 3654 Origeuis
2921 3583 3242 3639 auctoritate
3309 3583 3542 3652 probare

1969 3675 2306 3730 contenderit
2338 3686 2471 3730 tom.
2505 3673 2591 3738 lll,
2625 3676 2717 3729 lib.
2752 3691 2824 3740 vt,
2857 3690 2978 3744 cap.
3023 3673 3110 3739 12,
3145 3674 3530 3730 necessitatem

1967 3765 2204 3820 libertati
2233 3783 2338 3822 non
2371 3782 2692 3838 repugnare,
2723 3769 2816 3822 sed
2847 3767 3013 3821 solam
3051 3768 3394 3820 coactionetn
3419 3804 3432 3818 .
3458 3766 3544 3821 Eo

1972 3874 2163 3928 nempe
2185 3860 2355 3914 utitur
2377 3860 2493 3916 loco
2518 3877 2547 3914 e
2571 3862 2835 3930 prooemio
2863 3861 3124 3914 librorum
3149 3860 3291 3928 Περὶ
3315 3857 3538 3928 ἀρχῶν,

1967 3953 2214 4007 num.5:
2255 3970 2274 4004 ι
2323 3953 2418 4008 Est
2457 3961 2513 4008 et
2555 3953 2683 4008 illud
2734 3953 3011 4008 definitum
3073 3953 3124 4006 in
3167 3952 3540 4008 ecclesiastica

1967 4045 2374 4114 praedicatione,
2421 4062 2634 4100 omnem
2699 4045 2932 4098 animam
2989 4045 3364 4100 rationabilem
3416 4061 3543 4100 esse

1964 4137 2119 4194 liberi
2161 4140 2368 4194 arbitrii
2407 4150 2462 4194 et
2510 4138 2840 4194 voluntatis:
2873 4153 2991 4192 esse
3030 4154 3242 4208 quoque
3278 4140 3325 4193 ei
3361 4149 3542 4192 certa-

1966 4245 2087 4283 men
2130 4234 2390 4286 adversus
2443 4232 2738 4300 diabolum,
2789 4243 2842 4286 et
2881 4232 3099 4303 angelos
3145 4232 3280 4301 ejus,
3315 4241 3541 4285 contra-

1967 4323 2184 4392 riasque
2224 4323 2477 4390 virtutes,
2511 4339 2576 4377 ex
2610 4339 2675 4379 eo
2703 4328 2844 4394 quod
2880 4325 2952 4378 illi
2992 4324 3230 4394 peccatis
3257 4337 3375 4378 eam
3408 4337 3542 4375 one-

1967 4429 2090 4469 rare
2140 4417 2510 4492 contepdant:
2569 4432 2668 4471 nos
2719 4431 2847 4471 vero
2896 4417 2940 4470 si
2989 4427 3134 4470 recte
3180 4415 3544 4483 consulteque

290 4508 540 4579 amplecti
596 4524 921 4578 possumus;
977 4519 1035 4563 ut
1078 4509 1377 4578 priscorum
1423 4509 1860 4579 philosophorum
1897 4532 1939 4587 ι)
1965 4504 2225 4570 vivamus,
2260 4506 2326 4559 ab
2349 4504 2651 4572 hujusmodi
2683 4522 2849 4560 onere
2889 4522 2984 4561 nos
3020 4519 3217 4560 exuere
3254 4519 3537 4558 conemur.

292 4601 672 4655 auctoritatem
715 4600 1003 4670 negligant,
1036 4601 1127 4669 qui
1162 4601 1455 4670 diligenter
1492 4602 1762 4672 exquisita
1795 4602 1861 4656 li-

291 4694 516 4748 bertatis
549 4703 761 4760 natura,
817 4695 957 4748 hanc
1004 4693 1165 4748 iu'eo
1219 4695 1360 4764 ipso,
1413 4696 1552 4764 quod
1604 4697 1859 4762 diximus,

289 4785 521 4851 positam
556 4783 933 4848 declararunt;
971 4782 1308 4855 Origeniante
1339 4788 1617 4841 sententiae
1648 4798 1862 4856 poterat

291 4888 409 4928 esse
439 4878 708 4944 pra2sidio,
745 4893 847 4929 non
876 4877 1124 4947 Gregorii
1169 4879 1341 4932 solum
1373 4878 1695 4933 Nazianzeni
1727 4894 1860 4934 cou-

287 4981 505 5030 sensus,
540 4985 644 5022 non
675 4969 944 5023 Ambrosii
998 4980 1048 5024 et
1108 4969 1317 5036 Hilarii,
1374 4970 1708 5040 aliorumque
1760 4972 1860 5026 Pa.

289 5067 430 5113 trum
457 5077 692 5130 quorum
721 5065 1027 5116 testimonia
1057 5064 1390 5131 collegerunt
1412 5064 1498 5117 alii
1522 5081 1536 5128 ;
1564 5080 1667 5118 non
1687 5066 1858 5119 Arau-

289 5154 458 5206 sicani
509 5154 746 5218 concilii,
823 5169 926 5206 non
987 5152 1288 5208 Tridentini
1359 5169 1627 5222 canones;
1677 5162 1768 5212 sed
1813 5159 1858 5214 is

286 5247 477 5310 etiam,
508 5262 666 5313 quem
697 5261 859 5299 unum
891 5260 1012 5301 esse
1037 5247 1146 5300 vult
1178 5245 1470 5302 Jansenius
1497 5249 1858 5303 concertatio-

288 5341 374 5393 uis
416 5337 572 5405 hujus
627 5338 913 5405 arbitrum,
968 5339 1334 5409 Augustinus,
1386 5355 1657 5410 quemque
1710 5342 1852 5396 nulla

287 5432 560 5500 opinionis
596 5429 757 5499 hujus
793 5433 1021 5502 vestigia
1071 5433 1356 5503 reliquisse
1407 5435 1623 5489 disertis
1676 5437 1856 5490 verbis

289 5523 485 5578 asserit
517 5534 647 5577 tum.
696 5522 782 5585 lll,
818 5524 908 5578 lib.
945 5540 1016 5587 vt,
1055 5541 1172 5594 cap.
1212 5526 1246 5580 8
1275 5537 1331 5581 et
1371 5527 1424 5582 9.
1455 5525 1588 5581 Nam
1621 5528 1858 5596 quoties-

295 5629 505 5684 cunque
557 5613 641 5669 vel
679 5613 959 5679 Pelagium
1009 5625 1301 5686 oppugnat,
1343 5618 1425 5674 vcl
1471 5634 1591 5673 cum
1647 5615 1857 5676 Juliano

361 5797 406 5828 ⁸⁷
434 5797 566 5869 Cap.
613 5815 698 5863 av,
739 5799 801 5853 11
849 5814 963 5870 seq.

1973 4591 2124 4649 Unde
2153 4603 2207 4647 et
2231 4609 2573 4664 consequens
2598 4606 2681 4651 est
2724 4596 3043 4667 intelligere,
3077 4610 3183 4651 non
3214 4610 3312 4650 nos
3347 4609 3537 4649 neces—

1971 4686 2116 4739 sitati
2144 4700 2265 4740 esse
2311 4687 2604 4757 subjectos,
2651 4698 2708 4741 ut
2745 4689 2892 4743 omni
2934 4690 3115 4753 modo,
3153 4687 3363 4743 etiamsi
3399 4686 3539 4741 noli-

1971 4796 2110 4846 mus,
2154 4780 2239 4834 vel
2273 4781 2409 4835 mala
2446 4783 2524 4835 vel
2575 4785 2713 4838 bona
2769 4797 2925 4853 agere
2968 4798 3245 4853 cogamur.
3285 4781 3340 4836 Si
3389 4782 3551 4838 enim.

1968 4874 2139 4929 nostri
2171 4875 2378 4929 arbitrii
2422 4890 2633 4941 sumus,
2679 4876 2995 4946 impugnare
3023 4892 3122 4932 nos
3151 4875 3382 4931 fortasse
3413 4891 3558 4945 pos-~

1967 4977 2091 5022 sunt
2137 4967 2330 5038 aliqua:
2359 4969 2584 5023 virtutes
2629 4969 2694 5023 ad
2743 4980 3046 5039 peccatum,
3087 4981 3140 5024 et
3189 4970 3309 5022 aliae
3343 4969 3555 5035 juvare--

1966 5063 2031 5114 ad
2085 5062 2355 5115 salutem.
2418 5077 2520 5116 non
2557 5071 2731 5117 tamen
2790 5065 3110 5119 necessitate
3151 5062 3396 5134 cogimur
3448 5063 3550 5118 vel-

1965 5168 2125 5224 agere
2154 5165 2317 5216 recte,
2370 5153 2453 5210 vel
2505 5154 2682 5210 male:
2730 5157 2874 5224 quod
2904 5155 3019 5210 fieri
3051 5157 3405 5220 arbitrantur,
3440 5156 3537 5226 qui

1964 5246 2240 5301 stellarum
2280 5261 2500 5302 cursum
2534 5259 2588 5303 et
2623 5260 2821 5316 motus,
2871 5264 3090 5305 causam
3124 5249 3312 5304 dicunt
3343 5253 3533 5304 huma-

1964 5354 2156 5393 norum
2205 5354 2326 5395 esse
2375 5351 2650 5408 gestorum
2700 5358 2806 5396 non
2847 5343 3021 5397 solum
3069 5356 3256 5396 eorum
3287 5359 3405 5413 qua:
3435 5359 3532 5398 ex-

1964 5440 2043 5485 tra
2081 5433 2290 5487 arbitrii
2343 5435 2596 5489 accidunt
2643 5435 2950 5490 libertatem
2980 5478 2995 5502 ,
3041 5436 3134 5491 sed
3180 5450 3366 5491 eurum
3413 5451 3534 5505 qua‘

1965 5525 2017 5580 in
2059 5534 2237 5580 nostra
2279 5536 2408 5580 sunt
2453 5527 2627 5594 posita
2663 5538 2949 5597 pmestate.
2987 5547 3006 5581 ι
3041 5529 3152 5585 Hac
3186 5530 3531 5585 necessitatis

1966 5621 2209 5691 cogentis
2241 5635 2370 5679 voce
2401 5621 2692 5690 significari
2727 5632 2879 5693 putat
2909 5621 3193 5681 Janscnius
3220 5624 3327 5678 vim
3359 5624 3535 5692 il-atn:
