4054 6310
357 339 461 396 995

1133 329 1734 406 ‘oataENrANonUM
1773 351 1902 408 us.
1939 350 2001 417 ιι,
2040 350 2191 408 CAP.
2231 351 2297 418 ll,
2341 351 2614 419 ρυλες-ι’.
2657 351 2766 409 vn.

3467 359 3575 417 926

357 474 473 513 ram
521 469 705 515 tamen
760 461 932 531 ipsam
981 461 1241 518 libertatis
1292 463 1436 521 illius
1469 481 1619 522 suam
1666 483 1914 524 servasse
1942 475 1986 532 Α
2015 468 2135 532 bus,
2169 467 2253 522 vel
2286 471 2353 523 ad
2392 470 2560 524 honos
2610 484 2670 524 se
2718 467 2910 540 erigit,
2950 470 3136 540 gratia:
3177 474 3370 530 divina:
3420 480 3542 547 adju

353 549 748 619 integritatem;
799 567 898 606 nec
931 551 1092 606 ullam
1129 553 1355 622 proinde
1395 557 1661 626 signatam
1696 573 1817 614 esse
1846 560 1912 614 ab

351 637 584 709 Origene
614 643 1013 697 distinctionem
1045 643 1185 698 inter
1221 645 1522 702 libertatem
1568 665 1687 720 quae
1721 653 1911 708 Adami

351 733 629 801 praecessit
662 733 892 803 lapsum,
927 744 980 787 et
1015 750 1135 804 quae
1161 749 1450 795 consecuta
1494 752 1610 809 est,
1659 745 1799 813 quod
1845 747 1910 800 ad

349 836 540 889 puram
595 825 886 892 respiceret
934 824 1198 882 libertatis
1239 837 1520 899 naturam,
1564 848 1668 887 non
1712 834 1778 887 ad
1824 850 1911 889 ro-

346 913 453 967 bur
495 912 663 982 ipsius
697 924 749 968 et
791 924 1131 984 potestatem.

421 1005 482 1059 V.
521 1005 599 1059 Ex
636 1007 738 1061 hac
765 1007 1014 1077 Origenis
1047 1009 1314 1064 sententia
1347 1011 1413 1068 de
1446 1013 1774 1072 indill'erenti
1806 1019 1905 1073 ho-

344 1097 510 1153 minis
545 1100 609 1152 ad
646 1098 843 1153 bonum
878 1099 960 1154 vel
991 1100 1188 1154 malum
1239 1107 1598 1173 propensione
1630 1119 1811 1178 aptum
1843 1110 1908 1164 il-

343 1193 436 1244 lud
467 1201 549 1245 est
574 1199 628 1245 et
650 1205 1009 1263 consequens,
1045 1195 1316 1250 hominem
1347 1197 1447 1253 hac
1482 1198 1800 1255 instructum
1827 1181 1906 1256 l‘a-

344 1282 573 1346 cultate,
624 1290 817 1352 gratim
869 1283 1032 1340 modo
1084 1295 1317 1356 ponatur
1378 1287 1674 1356 auxilium,
1727 1293 1906 1361 pravis

341 1373 727 1441 cupiditatibus
763 1387 922 1444 posse
954 1376 1244 1443 obsistere,
1287 1379 1370 1433 vel
1402 1395 1613 1449 parere,
1651 1393 1705 1437 et
1735 1383 1904 1438 virtu-

339 1473 448 1519 tem
481 1464 565 1520 vel
612 1480 906 1534 respuere,
945 1466 1030 1523 vel
1080 1469 1349 1538 amplecti.
1405 1489 1424 1522 ι
1462 1473 1694 1529 Evidens
1742 1476 1904 1546 igitur

339 1556 479 1611 ratio
511 1563 610 1621 est,
643 1573 663 1609 ι
697 1557 872 1626 inquit
896 1556 990 1613 lib.
1023 1574 1085 1613 ιιι
1109 1559 1247 1627 Περὶ
1274 1559 1493 1630 ἀρχῶν,
1519 1579 1638 1632 cap.
1663 1566 1719 1631 2,
1753 1583 1898 1622 num.

334 1649 402 1722 2,
445 1667 467 1711 ,t
506 1649 632 1728 quia
674 1650 814 1706 sicut
847 1650 898 1704 in
929 1651 1085 1707 bonis
1116 1654 1273 1708 rebus
1320 1655 1610 1710 humanum
1654 1660 1901 1729 proposi-

332 1760 446 1806 tum
486 1751 660 1807 solum
704 1765 802 1822 per
831 1745 1072 1822 seipsum
1113 1745 1492 1821 imperfectum
1528 1760 1613 1804 est
1663 1752 1730 1805 ad
1771 1768 1899 1805 con-

2012 561 2210 616 mentis
2244 561 2519 617 roborata.
2568 560 2761 618 Utrum
2791 577 2918 618 vero
2948 568 3176 619 senserit
3209 566 3489 639 Origenes,
3525 574 3571 627 si

2010 651 2129 720 quis
2163 667 2231 706 ex
2261 668 2346 706 me
2381 661 2606 722 quaerat,
2641 651 2781 706 bona
2829 651 2935 707 ﬁde
2977 658 3345 724 responderim
3385 661 3577 728 gratia:

2009 743 2271 796 auxilium
2305 744 2590 798 admisisse
2625 742 2798 807 illum,
2838 758 2942 796 non
2987 758 3115 798 vero
3150 748 3402 814 praevium
3437 749 3574 804 inci-

2009 837 2333 896 tamentum,
2365 841 2424 885 ut
2456 830 2702 901 pluribus
2738 831 2875 886 infra
2907 833 3208 888 disseram:
3252 853 3271 886 ι
3318 837 3373 890 ln
3410 841 3570 895 rebus

2005 917 2182 984 bonis,
2218 921 2412 990 inquit,
2450 922 2743 976 humanum
2780 924 3110 993 propositum
3155 926 3325 980 solum
3361 943 3457 997 per
3485 946 3576 987 se»

2007 1013 2180 1081 ipsum
2213 1011 2586 1081 imperfectum
2624 1014 2799 1067 estad
2841 1017 3358 1072 consummationem
3400 1021 3560 1086 hoai;

2006 1102 2275 1170 adiutorio
2319 1119 2552 1171 namque
2589 1104 2768 1157 divino
2816 1107 2880 1158 ad
2910 1105 3142 1174 perlecta
3178 1126 3400 1179 quaeque
3449 1129 3567 1181 per-

2006 1195 2242 1250 ducitur.
2282 1213 2302 1247 ι
2341 1193 2670 1258 Addidissct,
2705 1207 2753 1248 et
2790 1198 3074 1262 excitatur,
3109 1199 3242 1253 bene
3289 1219 3374 1257 res
3401 1204 3568 1259 habe-

2006 1295 2128 1339 ret:
2178 1300 2298 1337 cum
2340 1300 2404 1338 ex
2457 1285 2664 1352 liquido
2716 1289 2901 1356 synodi
2959 1289 3288 1345 'l‘ridentinae
3333 1295 3571 1362 decreto,

2005 1392 2139 1431 sess.
2173 1377 2222 1441 6,
2259 1391 2379 1443 cap.
2409 1376 2462 1441 5,
2492 1389 2544 1432 et
2578 1395 2699 1433 can.
2734 1379 2789 1444 4,
2822 1390 2993 1432 ratum
3022 1381 3091 1435 sit
3121 1384 3376 1438 excitanti
3408 1396 3570 1454 atque

2007 1465 2275 1535 adjuvanti
2329 1469 2513 1536 gratiae
2571 1468 2661 1522 Dei
2718 1467 2885 1523 bbere
2931 1471 3200 1527 hominem
3239 1478 3484 1530 assentiri
3514 1491 3569 1531 et

2003 1555 2309 1623 cooperari,
2348 1571 2446 1610 nec
2497 1555 2670 1625 ipstnn
2708 1559 2842 1612 nihil
2871 1573 3051 1628 agere,
3090 1576 3210 1615 cum
3260 1564 3568 1635 inspiratiu-

2007 1657 2127 1699 nem
2183 1644 2326 1698 illam
2399 1646 2626 1716 recipit,
2677 1648 2873 1717 quippe
2921 1651 3014 1718 qui
3062 1650 3205 1706 illam
3247 1663 3300 1708 et
3333 1655 3570 1725 abjicere

2008 1733 2192 1803 possit.

331 1844 754 1898 summat‘ionem
806 1843 964 1908 boni;
1019 1843 1285 1912 adjutorio
1339 1856 1578 1912 namque
1621 1844 1801 1898 divino
1831 1845 1896 1898 ad

2078 1822 2161 1878 Vl.
2192 1825 2378 1893 Capite
2408 1839 2620 1895 quoque
2650 1827 2838 1895 quinto
2880 1827 2998 1885 libri
3030 1835 3247 1888 secundi
3280 1833 3353 1888 De
3387 1835 3566 1906 Pelag.

327 1932 572 2002 perfecta
617 1949 843 2003 quaeque
874 1934 1222 2002 perducitur:
1268 1935 1346 1988 ita
1379 1929 1543 1988 etiam
1587 1932 1640 1986 in
1686 1945 1897 1987 contra-

335 2026 430 2080 riis
464 2025 613 2079 initia
643 2026 909 2094 quaedam,
947 2034 1001 2078 et
1047 2025 1196 2078 velut
1228 2027 1472 2096 quaedam
1518 2025 1726 2083 semina
1772 2041 1897 2096 pec-

335 2124 578 2170 catorum
617 2115 800 2169 abhis
836 2113 997 2169 rebus
1042 2129 1159 2184 qua:
1200 2115 1251 2168 in
1295 2130 1391 2170 usu
1436 2117 1759 2170 naturaliter
1803 2115 1896 2167 ba-

336 2203 547 2269 bentur,
583 2203 909 2271 accipimus,
948 2221 966 2254 ι
1016 2211 1127 2258 etc.
1173 2202 1310 2258 Tum
1363 2206 1462 2259 sub
1495 2205 1652 2260 ﬁnem
1704 2206 1894 2277 capitis

334 2311 482 2348 num.
509 2294 573 2349 ιε
611 2314 629 2346 ‹
667 2294 807 2348 Nihil
838 2295 978 2348 aliud
1006 2294 1299 2363 putandum
1337 2305 1420 2349 est
1449 2297 1698 2351 accidere
1734 2299 1891 2352 nobis

331 2403 398 2439 cx
439 2387 567 2455 ipsis
615 2402 735 2455 quae
769 2387 916 2442 cordi
971 2397 1155 2441 nostro
1192 2398 1555 2457 suggeruntur
1602 2388 1758 2443 bonis
1811 2389 1891 2442 vel

329 2475 508 2540 malis,
545 2476 645 2528 nisi
696 2475 1110 2530 commetionem
1155 2477 1347 2541 solam,
1388 2486 1441 2530 et
1488 2477 1891 2531 incitamentum

328 2582 631 2638 provocans
671 2582 769 2622 nos
814 2567 898 2622 vel
942 2569 1006 2622 ad
1040 2569 1177 2622 bona
1209 2568 1292 2622 vel
1329 2567 1394 2622 ad
1441 2568 1599 2622 mala.
1633 2567 1893 2624 Possibile

328 2668 509 2711 autem
547 2655 713 2710 nobls'
745 2665 857 2721 est,
897 2672 1016 2709 cum
1068 2656 1301 2726 maligna
1360 2657 1528 2712 virtus
1575 2672 1672 2713 nos
1714 2674 1893 2728 caepe-

328 2749 400 2805 rit
430 2749 494 2802 ad
531 2748 728 2802 malum
765 2748 1014 2811 incitare,
1043 2746 1275 2812 abjicere
1304 2764 1331 2800 a
1365 2749 1519 2802 nobis
1545 2765 1741 2818 pravas
1765 2733 1890 2820 sug-

327 2842 618 2912 gestiones,
647 2850 700 2894 et
734 2840 990 2893 resistere
1028 2838 1378 2895 suasionibus
1425 2842 1692 2909 pessimis,
1729 2851 1782 2894 et
1812 2843 1890 2894 ni-

328 2934 405 2988 hil
433 2948 655 3001 prorsus
685 2931 1021 3002 culpabiliter
1048 2945 1259 3000 gerere.
1294 2930 1358 2985 Et
1392 2947 1606 2987 rursum
1637 2935 1890 3003 possibile

327 3037 432 3091 est,
465 3036 522 3081 ut
566 3043 687 3080 cum
723 3041 821 3080 nos
857 3024 1035 3079 divina
1069 3027 1242 3079 virtus
1272 3029 1337 3080 ad
1379 3026 1596 3082 meliora
1631 3042 1889 3097 provoca-

326 3120 502 3185 verit,
546 3136 650 3173 non
692 3134 1013 3188 sequamur,
1067 3119 1221 3174 liberi
1272 3120 1482 3174 arbitrii
1524 3131 1791 3190 potestate
1833 3122 1884 3175 in

328 3223 556 3281 utraque
607 3211 762 3265 nobis
811 3220 1043 3264 servata.
1083 3229 1102 3263 ι
1160 3211 1213 3264 In
1261 3211 1375 3266 haec
1421 3212 1618 3267 acriter
1665 3213 1892 3283 insurgit

329 3300 589 3371 Yprensis
646 3302 872 3356 antistes
903 3302 996 3355 lib.
1025 3317 1060 3354 ιι
1089 3302 1162 3355 De
1195 3300 1378 3371 Pelag.
1411 3303 1566 3367 Iram,
1596 3317 1714 3371 cap.
1756 3304 1809 3367 4,
1839 3313 1892 3357 et

327 3396 423 3451 lib.
463 3411 535 3460 tv,
569 3410 686 3463 cap.
738 3395 790 3458 '7,
820 3405 873 3448 et
901 3395 993 3449 lib.
1031 3410 1102 3458 vt,
1136 3409 1255 3464 cap.
1297 3393 1350 3458 4,
1382 3393 1469 3448 ubi
1500 3395 1744 3463 queritur
1768 3410 1890 3448 cen-

328 3488 503 3542 Suisse
546 3486 831 3555 Origenetn
867 3507 886 3538 ι
936 3486 1100 3540 animi
1143 3487 1376 3542 motibus
1411 3487 1475 3541 ad
1524 3487 1720 3542 bonum
1775 3505 1889 3542 ma-

328 3581 506 3636 lumve
531 3597 627 3634 nos
662 3580 1062 3635 coacitantibus
1099 3588 1234 3632 nutu
1277 3579 1504 3633 rationis
1548 3595 1648 3635 nos
1695 3584 1888 3635 adver-

331 3675 463 3735 sari,
496 3683 655 3741 atque
685 3688 779 3726 eos
811 3673 874 3726 ad
904 3671 1038 3725 bona
1070 3669 1153 3724 ve!
1201 3669 1340 3724 mala
1375 3673 1689 3740 gubernari,
1728 3691 1744 3724 ι
1781 3689 1890 3727 me-

336 3780 565 3832 rumque
612 3763 686 3817 ait
732 3763 1031 3827 doctrinam
1079 3764 1218 3816 hanc
1261 3776 1380 3815 esse
1416 3760 1886 3833 Pelagianismum.

334 3853 389 3909 Si
416 3855 498 3909 vel
524 3854 760 3908 animum
791 3868 950 3923 posse
981 3853 1044 3905 ad
1077 3852 1272 3905 bonum
1301 3866 1394 3920 per
1423 3865 1481 3904 se
1510 3853 1733 3916 moveri,
1762 3852 1889 3907 ab..-

330 3962 434 4018 que
477 3947 676 4016 praevio
739 3946 926 4016 gratias
971 3945 1062 3998 Dei
1127 3944 1505 4010 incitamento;
1576 3944 1659 3997 vel
1705 3945 1888 4013 impel-

331 4038 459 4093 lenti
492 4053 588 4092 nos
625 4038 689 4091 ad
721 4037 916 4091 malum
953 4036 1157 4091 libidini
1187 4053 1282 4107 per
1322 4051 1379 4091 se
1421 4051 1575 4106 posse
1606 4037 1887 4104 obsistere,

333 4133 494 4185 etiam
527 4131 713 4198 gratiae
747 4129 985 4198 juvantis
1032 4145 1131 4200 ope
1173 4132 1485 4185 destitutum
1514 4130 1679 4184 voluit
1705 4129 1891 4201 Orige-

331 4238 472 4277 nes:
536 4223 870 4277 damnandus
911 4223 1128 4292 quidem
1168 4238 1324 4278 error
1359 4222 1447 4274 ille
1488 4235 1588 4277 est.
1639 4222 1732 4277 Sin
1764 4238 1890 4277 vero

330 4316 519 4384 gratia:
562 4314 848 4383 impulsum
898 4314 1141 4385 adjunxit
1185 4324 1238 4369 et
1284 4315 1565 4382 auxilium,
1605 4315 1889 4384 utrobique

329 4409 484 4476 culpa
521 4420 703 4473 caret;
740 4424 859 4462 nam
888 4409 938 4462 in
978 4420 1152 4462 motus
1179 4410 1341 4464 animi
1387 4410 1575 4475 malus,
1604 4423 1736 4478 quos
1767 4422 1889 4461 con-

1999 1917 2153 1982 htvr.,
2175 1919 2286 1973 hzec
2314 1919 2560 1986 Origenis
2587 1918 2713 1972 lib.t
2746 1923 2799 1974 in
2825 1920 2990 1990 Epist.
3014 1927 3079 1977 ad
3098 1925 3271 1992 Rom.,
3298 1945 3445 1982 num.
3477 1931 3562 1992 l8.

2000 2010 2276 2080 impugnat
2309 2009 2598 2067 Jansenius
2628 2028 2643 2066 :
2685 2034 2701 2062 ι
2735 2013 3066 2084 Frequenter
3096 2019 3147 2072 in
3174 2017 3465 2090 Scripturis
3490 2025 3567 2076 in-

2001 2105 2262 2168 venimus,
2296 2113 2350 2158 et
2378 2119 2406 2156 a
2441 2105 2594 2160 nobis
2623 2121 2766 2175 smpe
2795 2110 3080 2162 dissertum
3113 2123 3214 2176 est,
3243 2116 3380 2181 quod
3406 2115 3566 2168 homo

1997 2194 2237 2262 spiritus,
2274 2203 2330 2248 et
2366 2211 2580 2264 corpus,
2622 2207 2676 2251 et
2705 2200 2886 2254 anima
2921 2215 3040 2255 esse
3081 2203 3294 2258 dicatur
3325 2222 3338 2257 :
3378 2222 3562 2260 verum

1996 2297 2116 2336 cum
2161 2285 2357 2338 dicitur
2383 2286 2507 2354 quia
2535 2305 2658 2339 caro
2683 2291 3000 2358 concupiscit
3032 2292 3274 2347 adversus
3300 2295 3563 2363 spiritum,

1995 2375 2207 2442 spiritus
2236 2385 2414 2429 autem
2439 2377 2682 2433 adversus
2700 2397 2906 2435 carnem
2923 2382 2990 2448 “,
3028 2385 3201 2437 media
3241 2386 3427 2454 procul
3466 2387 3563 2439 du-

1994 2467 2082 2520 bio
2125 2467 2340 2534 pooitur
2396 2470 2618 2536 anima,
2665 2487 2788 2540 qua:
2863 2473 2946 2526 vel
3007 2475 3290 2530 desideriis
3345 2477 3566 2546 spiritus

1995 2559 2341 2626 acquiescat,
2380 2561 2465 2614 vel
2498 2563 2564 2614 ad
2615 2564 2797 2618 carnis
2841 2565 3306 2635 concupiscentias
3346 2568 3566 2623 incline-

1998 2657 2101 2704 tur.
2144 2670 2161 2704 ›
2207 2649 2362 2706 Dolet
2393 2651 2651 2707 Jansenio
2684 2654 2826 2724 qttod
2873 2655 3120 2725 spiritum
3158 2657 3341 2724 illum,
3374 2661 3565 2714 adver-

1994 2757 2086 2794 sus
2117 2755 2276 2810 quem
2319 2743 2655 2812 concupiscit
2695 2759 2846 2805 caro.
2886 2763 2905 2796 ι
2943 2756 3130 2812 vocet,
3162 2762 3265 2800 non
3298 2763 3445 2802 more
3473 2765 3565 2803 ca-

2001 2832 2198 2887 tholico
2231 2834 2493 2902 Spiritum
2530 2846 2800 2902 sanctum,
2833 2839 2925 2892 sed
2947 2837 3238 2908 Pelagiana
3266 2839 3434 2910 legem
3463 2859 3560 2895 na-

2005 2932 2156 2988 turre,
2191 2939 2349 2993 quam
2391 2928 2662 2983 mentibus
2703 2927 2906 2997 Spiritu
2946 2931 3037 2984 Dei
3075 2931 3179 2985 vivi
3227 2947 3290 2985 ex
3349 2934 3565 2986 institu-

2003 3021 2166 3085 tione,
2225 3030 2283 3075 ut
2333 3022 2448 3091 ipse
2487 3022 2632 3092 loqui
2689 3023 2850 3088 solet,
2909 3025 3182 3079 Creatoris
3249 3027 3558 3097 impressam

2004 3113 2238 3181 gerimus
2275 3132 2293 3164 ι
2324 3115 2507 3180 (verba
2535 3115 2698 3184 ipsius
2739 3117 2882 3186 sunt)
2920 3135 2937 3168 ι
2991 3128 3044 3172 et
3075 3134 3194 3188 qua:
3219 3118 3403 3190 (verba
3437 3130 3562 3175 sunt

1994 3202 2246 3272 Origenis
2297 3205 2390 3262 lib.
2427 3221 2465 3259 ιι
2513 3206 2566 3259 in
2605 3206 2780 3277 Epist.
2830 3208 2897 3259 ad
2959 3207 3134 3274 Rom.,
3187 3227 3333 3268 nmtt.
3397 3212 3451 3277 9,
3509 3223 3563 3267 et

1992 3295 2083 3348 lib.
2115 3311 2191 3361 vt,
2223 3311 2372 3350 num.
2408 3297 2464 3367 8)
2501 3297 2553 3352 in
2605 3299 2881 3354 hominum
2932 3300 3182 3356 cordibus
3222 3303 3422 3373 scripta
3457 3315 3559 3367 est,

1995 3407 2101 3446 non
2145 3400 2468 3458 atramento,
2511 3392 2603 3448 sed
2655 3393 2862 3464 Spiritu
2914 3395 3008 3450 Dei
3049 3396 3193 3462 vivi;
3240 3411 3359 3466 qua!
3408 3398 3563 3453 docet

1993 3496 2428 3552 unumquemque
2458 3482 2585 3552 quid
2629 3483 2894 3553 agendum
2939 3483 3029 3548 sit,
3062 3484 3189 3553 quid
3236 3485 3559 3548 cavendum,

1989 3583 2044 3629 et
2073 3590 2166 3644 per
2196 3589 2356 3644 quam
2379 3575 2655 3646 cognoscit
2695 3575 2854 3629 homo
2882 3585 3163 3645 peccatum
3197 3590 3388 3640 suum;
3416 3590 3562 3644 quae-

1990 3681 2094 3736 que
2123 3668 2437 3723 hominibus
2467 3670 2656 3724 suadet
2683 3712 2697 3736 ,
2728 3687 2793 3726 ne
2827 3669 3175 3725 homicidium
3195 3710 3210 3735 ,
3255 3683 3322 3721 ne
3346 3667 3560 3721 adulte-

1990 3759 2129 3812 rium
2165 3759 2400 3825 l’aciant,
2436 3775 2502 3815 ne
2539 3760 2815 3830 furentur,
2856 3777 2922 3816 ne
2955 3761 3146 3815 falsum
3192 3759 3558 3814 testimonium

1991 3854 2210 3921 dicant,
2248 3862 2306 3908 ut
2338 3855 2607 3910 honorent
2645 3865 2850 3924 patrem
2881 3864 2934 3909 et
2991 3863 3251 3920 matrem,
3283 3860 3337 3905 et
3367 3852 3556 3906 borum

1993 3945 2219 4013 similia;
2260 3943 2510 4001 fortassis
2559 3956 2614 4002 et
2663 3946 2805 4016 quod
2867 3945 3006 3999 Deus
3046 3960 3184 3998 unus
3231 3955 3445 3999 creator
3489 3945 3560 3998 sit

1989 4038 2266 4104 omnium;
2298 4056 2314 4091 ι
2346 4038 2499 4110 juxta
2526 4040 2651 4095 illud
2680 4038 2828 4093 Pauli
2861 4037 3018 4093 Rom.
3047 4053 3107 4103 ιι,
3137 4038 3222 4107 14,
3246 4038 3343 4092 l5:
3370 4056 3388 4089 ι
3426 4037 3559 4092 Cum

1989 4129 2131 4182 enim
2186 4141 2371 4200 gentes
2421 4147 2538 4201 qua:
2581 4132 2750 4203 legem
2799 4147 2903 4186 non
2957 4133 3189 4198 habent,
3236 4131 3558 4185 naturaliter

1987 4235 2106 4291 quze
2157 4222 2287 4292 legis
2342 4232 2468 4278 sunt
2512 4224 2749 4289 l'aciunt,
2791 4225 2845 4279 hi
2897 4225 3067 4295 legem
3119 4240 3222 4278 non
3275 4224 3556 4286 habentes,

1991 4311 2093 4382 ipsi
2126 4315 2226 4370 sibi
2255 4325 2378 4370 sunt
2409 4315 2495 4369 lex
2546 4334 2558 4370 :
2603 4317 2692 4386 qui
2738 4319 3033 4371 ostendunt
3063 4331 3197 4385 opus
3249 4315 3382 4383 legis
3427 4314 3559 4368 scri-

1991 4415 2142 4474 ptum
2175 4406 2227 4461 in
2263 4409 2516 4463 cordibus
2543 4407 2690 4476 suis,
2727 4410 3091 4464 testimonium
3136 4408 3393 4462 reddente
3449 4406 3554 4461 illis

333 4499 664 4568 cupiseentia
703 4500 894 4568 gignit,
935 4507 989 4551 et
1038 4501 1227 4565 bonos,
1277 4515 1413 4569 quos
1463 4499 1642 4552 educit
1688 4497 1879 4566 gratia,
1917 4511 1961 4565 ι)
1992 4499 2323 4553 conscientia
2365 4499 2623 4569 ipsorum,
2656 4511 2710 4556 et
2742 4503 2880 4556 inter
2912 4517 2971 4556 se
2999 4500 3227 4554 invicem
3271 4498 3553 4570 cogitatio-

327 4592 611 4661 imperium
656 4602 798 4644 tenet
851 4591 1018 4645 libera
1061 4590 1331 4657 voluntas,
1379 4600 1430 4645 et
1479 4590 1562 4644 vel
1603 4591 1754 4644 malis
1787 4590 1882 4643 ob-

328 4689 607 4747 temperat,
660 4681 886 4751 propriis
927 4682 1050 4736 illuc
1097 4693 1150 4736 et
1199 4681 1391 4735 nativis
1444 4681 1697 4734 inclinata
1739 4679 1883 4734 nuti-

397 4777 440 4807 ⁶⁰
471 4775 642 4831 Galat.
665 4793 716 4843 v,
749 4778 831 4831 l7.

323 4873 447 4927 vita;
481 4873 702 4926 semitas
739 4872 1045 4926 declinavit.
1095 4871 1501 4941 Consequenter
1529 4889 1657 4941 ergo
1693 4889 1892 4928 omnes

325 4945 414 5012 qui
466 4958 528 4997 ex
586 4943 750 5010 ipsius
808 4945 1147 4997 successione
1195 4945 1245 4996 in
1307 4947 1447 4998 lnmc
1493 4945 1748 4996 mundum
1804 4959 1892 4997 ve-

325 5014 515 5075 niunt,
551 5013 989 5072 declinaverunt,
1032 5025 1084 5064 et
1139 5012 1295 5066 simul
1340 5030 1459 5066 cum
1498 5015 1613 5081 ipso
1668 5014 1890 5068 inutiles

325 5081 451 5136 iacti
501 5091 642 5136 sunt.
684 5100 702 5133 ι
742 5082 896 5134 Viles
936 5092 1136 5136 statum
1187 5094 1393 5138 natura:
1426 5083 1644 5153 integrae
1677 5099 1704 5135 a
1751 5092 1889 5138 statu

326 5164 534 5204 natura:
571 5153 734 5219 lapsae
769 5165 1020 5204 accurate
1048 5153 1384 5208 distinctum.
1421 5154 1766 5206 Luculentior
1797 5157 1892 5206 ad-

326 5223 434 5275 huc
468 5232 645 5274 exstat
674 5221 822 5273 locus
849 5221 984 5274 alter
1020 5223 1070 5273 in
1114 5224 1204 5276 lib.
1243 5239 1291 5276 tv
1321 5221 1609 5276 Comment.
1642 5227 1694 5275 in
1730 5223 1886 5278 Cant.

324 5293 603 5352 canticor.,
639 5305 756 5362 pag.
801 5291 892 5352 88,
943 5293 1007 5343 ad
1033 5292 1141 5344 ba-c
1193 5294 1393 5346 verba:
1452 5291 1622 5346 Vinew
1651 5294 1891 5362 ﬂorentes

323 5362 579 5414 dederunt
621 5361 829 5412 odorem
878 5376 1068 5424 suum;
1095 5361 1283 5423 (Cant.
1309 5380 1368 5423 ιι,
1400 5363 1516 5421 l5).
1571 5381 1587 5413 ι
1629 5363 1739 5416 l\on
1776 5365 1892 5418 sine

323 5445 508 5493 causa,
541 5430 736 5497 inquit,
775 5441 902 5497 puto
940 5434 1078 5497 quod
1132 5448 1233 5484 non
1264 5434 1495 5487 dixerit:
1534 5432 1758 5486 Odorem
1806 5437 1894 5486 de-

324 5503 514 5553 derunt
553 5501 710 5561 :sed,
759 5503 969 5552 adorent
1023 5517 1218 5564 suum;
1268 5514 1324 5555 ut
1358 5506 1666 5557 ostenderet
1715 5505 1894 5556 inesse

325 5570 522 5637 cuique
567 5570 760 5622 animae
797 5571 904 5622 vim
952 5570 1328 5638 possibilitatis
1369 5583 1424 5626 et
1475 5573 1685 5625 arbitrii
1729 5572 1892 5626 liber-

329 5649 517 5710 tatem,
550 5654 672 5710 _qua
722 5640 889 5708 possit
939 5654 1100 5708 agere
1152 5655 1311 5696 omne
1359 5644 1498 5710 quod
1531 5643 1728 5696 bonum
1782 5653 1886 5698 esu

332 5709 442 5781 Sed
472 5708 619 5781 quia
651 5708 752 5764 hoc
796 5720 1002 5763 natura:
1044 5711 1246 5781 bonum
1294 5708 1754 5781 praevaricationis
1802 5729 1886 5767 oc-

331 5778 550 5837 easione
589 5779 924 5850 decerptum,
976 5779 1056 5836 vel
1087 5779 1154 5836 ad
1198 5778 1567 5851 ignominiam,
1604 5783 1684 5838 vel
1722 5782 1882 5840 lasci-

1991 4589 2148 4642 nibus
2179 4590 2583 4658 accusantibus,
2619 4604 2712 4647 aut
2738 4594 2898 4647 etiam
2929 4590 3364 4648 defendentibus.
3396 4609 3416 4643 ι
3451 4591 3552 4646 Se-

1994 4684 2136 4736 mina
2190 4695 2446 4754 praztcrea
2511 4685 2601 4740 illa
2663 4685 2924 4741 bonitatis
2956 4700 2984 4740 a
3028 4694 3223 4740 natura
3275 4684 3553 4739 hominum

1996 4872 2135 4924 viam
2176 4871 2347 4925 fuerat
2381 4871 2630 4926 inﬂexum
2655 4913 2670 4934 ,
2707 4872 2818 4943 ubi
2844 4888 2940 4940 per
2967 4874 3197 4943 gratiam
3244 4877 3552 4943 reparatur,

1996 4953 2047 4994 et
2083 4957 2176 5011 per
2205 4944 2507 4996 doctrinam
2545 4943 2700 4997 Verbi
2733 4942 2822 4996 Dei
2848 4939 3176 5005 restituitur,
3201 4939 3560 5011 odorenrredo

1995 5009 2215 5066 dit'sine
2260 5013 2422 5067 dubio
2468 5013 2613 5066 illum
2667 5028 2824 5081 quem
2865 5016 3073 5081 primus
3121 5011 3367 5064 conditor
3395 5009 3559 5081 _Deus

1998 5082 2302 5156 indiderat,
2353 5083 2448 5136 sed
2477 5076 2701 5152 peccati
2731 5076 2884 5156 culpa
2922 5083 3284 5156 subtraxerat.
3323 5096 3342 5129 ι
3395 5076 3555 5156 Eam:

1997 5155 2115 5205 dem
2161 5167 2288 5220 ergo
2345 5151 2579 5207 anteet
2632 5160 2753 5221 post
2808 5152 2999 5205 Adami
3058 5151 3265 5221 lapsum
3315 5151 3558 5221 agnoscit

1997 5218 2258 5290 Origenes
2289 5222 2440 5276 liberi
2493 5218 2702 5276 arbitrii
2757 5233 3029 5284 naturam,
3056 5220 3150 5273 sed
3202 5233 3301 5272 non
3339 5218 3555 5290 easdem

1998 5286 2150 5366 vires
2184 5307 2281 5345 nec
2304 5308 2423 5366 par
2458 5293 2623 5366 robur
2653 5292 2725 5366 ad
2749 5293 2943 5366 [tonum
2970 5290 3384 5366 assequendum.
3418 5286 3554 5366 Hinc

2004 5363 2246 5428 sequitur
2303 5362 2474 5429 ipsum
2524 5363 2757 5416 hominis
2805 5361 2936 5428 lapsi
2990 5359 3305 5429 libertatem
3338 5372 3441 5410 nun
3502 5359 3554 5429 in

2006 5425 2334 5485 intlillerenti
2365 5434 2430 5484 ad
2465 5434 2659 5485 bonum
2692 5431 2778 5484 vel
2819 5425 3015 5483 malum
3063 5427 3414 5498 propensione
3443 5425 3557 5498 col:

2001 5501 2228 5567 locnsse,
2262 5502 2354 5555 sed
2401 5501 2452 5553 in
2502 5501 2824 5556 imlill'erenti
2871 5501 3005 5553 bene
3051 5495 3132 5554 vel
3163 5495 3554 5567 'male‘agendi

1998 5565 2289 5641 potestate.
2332 5570 2488 5624 Aliud
2517 5581 2598 5625 est
2625 5580 2871 5641 potestas,
2923 5569 3064 5641 aliud
3117 5565 3424 5641 propensio;
3457 5580 3554 5641 ea:

1997 5634 2116 5695 {lem
2149 5652 2230 5694 est
2261 5641 2314 5694 in
2349 5640 2588 5710 quolibet
2625 5634 2775 5697 'statu
2805 5640 2957 5708 juxta
2988 5634 3270 5709 Origenem
3299 5637 3436 5689 bene
3466 5634 3558 5710 vel

1994 5713 2133 5782 male
2182 5704 2379 5778 agendi
2405 5720 2667 5782 potestas,
2718 5704 2950 5769 sednun
2995 5704 3180 5768 eadem
3234 5719 3436 5778 parque
3486 5704 3557 5759 ad

1992 5781 2185 5836 bonum
2228 5780 2566 5851 propensior..-
