4054 6310
546 297 651 357 927

1834 288 1897 347 P.
1930 283 2244 342 DANIELIS
2276 281 2507 341 HUETll

3655 272 3747 329 928

548 416 823 476 mentibus
876 416 1056 483 insita,
1101 430 1217 484 qum
1258 413 1502 482 proxime
1549 412 1727 466 allatis
1775 410 1972 466 astruit
2025 419 2109 463 te-
2140 414 2182 468 Α
2214 417 2296 461 tor
2325 402 2715 473 cogitationum
2758 407 2810 455 et
2844 395 3199 452 intentionum
3224 391 3437 448 cordis.
3478 408 3497 443 ο
3542 389 3601 445 in
3642 394 3749 461 qui-

547 511 820 567 stimouiis
860 508 1173 577 Origenes.
1205 508 1360 578 plane
1414 506 1589 577 rejicit
1643 503 1928 560 Jansenius
1974 501 2108 557 locis

546 619 707 675 supra
757 602 1043 667 iudicatis,
1095 600 1188 655 sed
1246 600 1516 669 prmcipue
1587 606 1719 652 tom.
1773 595 1830 662 l,
1885 595 1980 649 lib.
2032 609 2107 659 tv,

546 713 669 766 cap.
704 695 754 749 7.

621 787 837 841 Certum
884 793 968 837 est
1011 783 1124 838 haec
1170 783 1324 839 Pauli
1372 783 1535 836 verba
1570 780 1689 837 Gal.
1716 795 1773 844 γ,
1802 779 1888 843 17,
1922 796 1942 831 s
1970 776 2113 832 Caro

548 878 692 931 enim
716 875 1053 945 concupiscit
1081 876 1343 931 adversus
1367 875 1617 944 spiritum
1642 887 1657 937 ;
1686 870 1909 942 spiritus
1930 876 2110 922 autem

554 970 812 1022 adversus
848 982 1087 1029 carnem,
1113 984 1133 1018 ι
1165 966 1229 1020 ad
1261 965 1521 1035 Spiritum
1566 972 1812 1018 sanctum
1858 976 1889 1014 a
1932 956 2112 1013 Patri-

550 1059 653 1111 hus
679 1054 953 1125 plerisque
984 1053 1211 1117 referri;
1241 1063 1297 1106 at
1325 1061 1531 1107 certum
1559 1065 1778 1121 quoque
1820 1059 1903 1103 est
1933 1048 2114 1120 plures

550 1146 716 1200 etiam
746 1144 1086 1215 superiorem
1120 1143 1263 1197 illam
1307 1142 1500 1197 animae
1534 1151 1764 1209 partem,
1806 1154 1965 1210 quam
1995 1138 2115 1208 ἠγεο

546 1236 773 1310 μανικόν
799 1237 1085 1306 appellant,
1116 1235 1339 1302 spiritus
1378 1231 1739 1302 appellatione
1776 1230 1862 1285 hic
1908 1228 2114 1299 signifi-

549 1340 725 1385 catam
761 1328 1015 1383 voluisse.
1058 1326 1251 1381 Multos
1291 1322 1626 1392 proferrem,
1654 1322 1697 1376 si
1748 1333 1972 1375 numero
2016 1333 2116 1389 pu-

550 1422 822 1491 gnandum
856 1428 1034 1485 esset,
1064 1417 1157 1472 sed
1191 1432 1330 1471 unus
1370 1413 1518 1468 omni
1567 1413 1891 1480 exceptione
1942 1413 2116 1478 major

551 1513 853 1567 adducetur
884 1511 1236 1581 Augustinus.
1294 1508 1343 1561 is
1381 1506 1477 1561 lib.
1510 1520 1547 1561 tt
1584 1504 1661 1559 De
1705 1500 1892 1558 Genesi
1934 1509 2116 1556 contra

553 1603 895 1668 Manichteos,
930 1618 1052 1671 cap.
1086 1603 1173 1665 il,
1203 1598 1505 1668 coniugium
1538 1597 1726 1655 Adami
1748 1605 1801 1650 et
1832 1596 1954 1650 Evze
1984 1595 2117 1650 ima-

2210 499 2305 553 bus
2379 513 2481 551 non
2539 495 2696 549 aliter
2730 492 2866 546 sumi
2916 489 3141 560 spiritus
3194 494 3407 556 potest,
3454 498 3616 551 quam
3668 501 3755 553 pro

2208 589 2411 653 anima,
2443 588 2527 643 vel
2553 586 2746 641 anima:
2777 585 3106 654 ήγεμονικῳ,
3146 594 3250 647 quo
3291 575 3463 631 modo
3515 574 3759 646 Origenes

2212 677 2496 733 intellexit.

2289 770 2398 825 Vll.
2423 770 2501 825 Ex
2535 768 2621 824 bis
2667 765 2892 823 eliicitur
2924 762 3229 819 inferiorem
3284 759 3496 813 animae
3544 768 3759 825 partem,

2212 878 2332 932 qua
2396 863 2574 916 anima
2630 858 2952 929 simpliciter
3004 854 3305 925 appellatur
3363 850 3471 929 (ut,
3508 850 3759 917 superior,

2211 954 2477 1025 spiritus),
2512 951 2741 1007 mediam
2767 964 2886 1003 esse
2904 946 3297 1016 quodammodo
3345 940 3607 1011 spiritum
3636 940 3763 995 inter

2211 1056 2264 1101 et
2292 1058 2513 1100 carnem
2540 1059 2555 1109 ;
2586 1042 2687 1097 hoc
2718 1050 2796 1095 est
2819 1039 3040 1107 spiritus
3069 1034 3552 1091 inter'suasiones.
3582 1038 3632 1083 et
3657 1045 3763 1083 car-

2213 1134 2298 1188 nis
2351 1132 2639 1186 inceutiva.
2699 1149 2717 1180 ι
2751 1129 2883 1184 Cum
2932 1127 3168 1193 dicitur,
3228 1144 3247 1177 ι
3301 1124 3488 1193 inquit
3521 1122 3763 1193 Origenes

2213 1223 2308 1280 lib.
2344 1241 2361 1280 t
2391 1224 2447 1277 in
2474 1220 2645 1290 Epist.
2676 1220 2743 1273 ad
2777 1218 2957 1283 Rom.,
2991 1231 3139 1271 num.
3166 1216 3252 1279 l8,
3294 1236 3315 1268 ι
3354 1216 3486 1285 quia
3518 1231 3639 1267 caro
3655 1231 3765 1268 con-

2214 1314 2432 1384 cupiscit
2463 1313 2711 1367 adversus
2740 1310 3016 1377 spiritum,
3046 1307 3260 1375 spiritus
3305 1314 3495 1359 autem
3536 1305 3762 1361 adversus

2214 1423 2424 1462 carnem
2455 1406 2522 1470 “,
2556 1405 2729 1461 media
2757 1400 2940 1474 procul
2972 1401 3134 1456 dubio
3164 1400 3394 1469 ponitur
3424 1398 3633 1464 anima,
3658 1416 3763 1468 qua:

2214 1497 2298 1553 vel
2345 1496 2629 1552 desideriis
2677 1494 2901 1563 spiritus
2945 1492 3291 1561 acquiescat,
3344 1488 3439 1545 vel
3490 1488 3557 1542 ad
3603 1490 3761 1545 carnis

2216 1576 2677 1654 Concupiscentias
2713 1582 3019 1657 inclinetur.
3060 1599 3080 1634 ο
3111 1580 3317 1648 Quibus
3347 1578 3503 1633 addit
3534 1619 3550 1644 ,
3586 1592 3646 1633 ac
3681 1594 3763 1632 va-

553 1699 732 1765 ginem
763 1711 885 1749 esse
910 1696 1049 1748 dicit
1080 1693 1377 1762 spiritualis
1408 1692 1551 1745 illius
1571 1688 1829 1759 coniugii,
1860 1687 1999 1755 quod
2032 1700 2118 1740 ra-
2146 1747 2188 1765 ἢ
2217 1679 2312 1733 riis
2362 1676 2656 1747 Scriptura;
2702 1676 2833 1732 locis
2872 1676 3095 1747 probat,
3142 1674 3436 1744 utriusque
3485 1672 3615 1736 viae,
3666 1682 3760 1728 tum

556 1785 808 1840 tionalem
838 1783 1071 1839 hominis
1101 1792 1307 1853 partem
1334 1780 1553 1836 animali
1584 1778 1833 1847 colligat;
1869 1786 1978 1830 tum
2005 1775 2112 1829 ait:
2146 1747 2190 1801 Β
2217 1770 2329 1839 ejus
2355 1785 2473 1839 quas
2501 1769 2679 1823 carnis
2710 1778 2814 1835 est,
2843 1777 2953 1823 tum
2986 1767 3103 1834 ejus
3147 1782 3267 1837 quae
3309 1764 3574 1834 spiritus,
3625 1780 3761 1819 mou-

562 1897 581 1928 ι
618 1876 816 1930 Deinde
843 1884 898 1929 ut
927 1876 1154 1943 quisque
1181 1872 1302 1928 huic
1336 1888 1447 1929 suae.
1486 1870 1625 1941 parti
1679 1879 1829 1924 recte
1879 1868 2120 1921 domiue-
2216 1872 2478 1916 stratores
2523 1871 2577 1916 et
2611 1860 2854 1915 fautores
2900 1858 3119 1928 angelos
3150 1856 3414 1912 assistere
3453 1855 3757 1923 hominibus,

558 1975 679 2028 tur,
722 1973 778 2018 et
813 1962 905 2017 fiat
929 1964 1085 2032 quasi
1114 1960 1410 2031 coniugalis
1444 1961 1497 2014 in
1527 1959 1729 2026 seipse,
1763 1967 1822 2011 ut
1852 1971 1981 2012 caro
2013 1972 2120 2010 non

560 2055 913 2123 concupiscat
946 2054 1206 2109 adversus
1228 2054 1476 2123 spiritum
1497 2090 1514 2118 ,
1546 2054 1637 2109 sed
1670 2050 1887 2120 spiritui
1935 2049 2117 2118 subju-

560 2154 740 2214 getur,
773 2144 824 2198 id
852 2152 958 2209 est,
992 2142 1427 2212 concupiscentia
1457 2142 1699 2197 carnalis
1720 2154 1827 2195 non
1866 2140 2120 2194 adverse-

564 2245 651 2285 tur
676 2231 894 2297 rationi,
927 2232 1019 2286 sed
1055 2234 1230 2300 potius
1275 2230 1701 2300 obtentpcrando
1747 2228 1957 2283 desinat
2001 2241 2123 2281 esse

562 2323 819 2389 carnalis,
872 2338 1008 2393 opus
1055 2323 1218 2378 habet
1268 2320 1505 2390 perfecta
1540 2319 1826 2390 sapientia.
1870 2336 1889 2369 ι
1937 2316 2125 2371 Trahit

564 2418 676 2470 haec
713 2416 763 2469 in
798 2416 1045 2470 eumdem
1075 2430 1290 2470 sensum
1320 2413 1412 2468 lib.
1446 2428 1462 2467 ι
1510 2410 1584 2465 De
1631 2411 1874 2464 doctrina
1908 2407 2121 2471 Christi,

564 2523 687 2578 cap.
720 2507 811 2570 24,
844 2517 897 2562 et
938 2506 1033 2561 lib.
1065 2523 1099 2561 ι
1151 2506 1228 2560 De
1266 2503 1451 2559 Genesi
1506 2505 1574 2557 ad
1625 2501 1811 2563 liuer.,
1865 2515 1987 2567 cap.
2035 2498 2121 2555 12.

565 2596 741 2651 Verba
796 2604 1017 2665 propter
1068 2595 1432 2665 prolixitatem
1487 2607 1593 2647 non
1644 2600 1849 2660 repeto.
1895 2589 2127 2644 Prorsus

566 2704 692 2743 vero
734 2687 1100 2760 Ὠριγενικῶς,
1128 2688 1179 2742 ἰιι
1202 2702 1410 2743 Lxxxut
1438 2683 1791 2753 qua'stionib.,
1813 2690 2002 2752 quaest.
2028 2679 2123 2733 70:

571 2796 592 2830 ι
625 2777 764 2831 Caro
815 2778 1149 2846 concupiscit
1190 2779 1451 2831 adversus
1494 2775 1773 2844 spiritum,
1808 2783 1862 2828 et
1908 2773 2128 2838 spiritus

569 2867 832 2920 adversus
857 2880 1099 2919 carnem.
1134 2863 1260 2919 Haec
1298 2865 1441 2920 enim
1472 2864 1699 2918 invicem
1731 2862 1831 2916 sibi
1872 2860 2130 2917 resistunt

570 2970 625 3012 et
660 2959 1037 3021 adversantur,
1072 2968 1129 3010 ut
1165 2971 1269 3011 non
1302 2970 1636 3025 quaecunque
1679 2953 1841 3006 vultis
1864 2993 1881 3017 ,
1930 2951 2015 3005 illa
2048 2950 2129 3005 fa-

570 3050 747 3103 ciatis.
802 3048 891 3103 Fit
936 3063 1066 3117 ergo
1117 3062 1213 3117 per
1266 3045 1751 3101 sanctificationem
1809 3040 2127 3112 perfectam,

571 3150 627 3194 ut
657 3140 835 3196 oumis
860 3139 1094 3198 carnalis
1126 3139 1393 3209 appetitus
1430 3135 1638 3207 spiritui
1696 3143 1882 3187 nostro
1930 3132 2128 3188 illumi-

572 3243 702 3288 nato
756 3242 809 3287 et
843 3232 1131 3301 vivificato,
1172 3231 1224 3287 id
1263 3240 1367 3297 est,
1395 3230 1548 3285 bona:
1579 3226 1841 3283 voluntati
1874 3224 2127 3296 subjicia-

572 3334 681 3380 tur.
724 3344 744 3378 ι

644 3419 749 3475 Sed
783 3418 911 3489 quid
942 3418 1224 3490 Augustini
1262 3419 1641 3474 auctoritatem
1673 3411 2047 3485 praeteximus,
2071 3421 2131 3468 ut

572 3508 823 3578 spiritum
857 3507 1005 3561 illum
1030 3507 1214 3562 carnis
1242 3508 1610 3563 adversarium
1650 3523 1790 3577 saepe
1819 3524 1915 3579 pro
1943 3506 2133 3560 animae

571 3599 902 3672 ἡγεμονικῷ,
937 3598 1015 3653 vel
1046 3599 1162 3668 ipsa
1200 3609 1344 3654 certe
1399 3599 1579 3653 anima
1629 3601 1768 3654 sumi
1822 3602 2132 3669 probemus,

574 3682 705 3745 cum
729 3692 779 3745 id
813 3702 890 3759 tot
926 3691 1227 3761 Scriptura
1254 3690 1386 3745 locis
1407 3691 1597 3746 confici
1628 3693 1835 3762 possit?
1871 3693 2019 3747 velut
2043 3691 2135 3746 illo

575 3782 767 3837 Matth.
800 3799 947 3849 xxvr,
978 3782 1041 3836 M
1072 3798 1087 3838 :
1128 3802 1146 3834 ι
1181 3781 1416 3852 Spiritus
1443 3783 1664 3850 quidem
1716 3794 1997 3854 promptus
2029 3794 2137 3847 est,

575 3887 702 3927 Caro
744 3882 925 3927 autem
966 3873 1213 3937 infirma;
1249 3892 1268 3927 ι
1314 3883 1369 3926 et
1403 3872 1495 3927 illo
1538 3873 1713 3932 lCor.
1747 3889 1804 3938 ν,
1831 3874 1863 3928 5
1896 3889 1911 3927 :
1971 3892 1990 3925 ι
2029 3874 2139 3943 Ego

575 3964 815 4034 iudicavi
870 3963 1086 4017 tradere
1132 3963 1441 4031 hujusmodi
1498 3965 1713 4019 Satanae
1757 3968 1808 4020 in
1865 3966 2138 4031 interitum

578 4053 784 4114 carnis,
818 4061 877 4105 ut
909 4051 1134 4120 spiritus
1162 4051 1343 4106 salvus
1388 4054 1457 4107 sit
1504 4054 1558 4106 iu
1590 4056 1674 4109 die
1705 4055 1918 4108 Domini
1968 4055 2141 4110 nostri

579 4142 705 4198 Jesu
728 4144 965 4209 Christi;
1005 4163 1023 4195 ι
1070 4154 1124 4198 et
1157 4144 1246 4199 illo
1273 4144 1312 4199 ll
1351 4143 1478 4199 Cor.
1524 4162 1618 4211 vn,
1666 4148 1732 4201 i:
1776 4166 1794 4198 ι
1828 4147 2145 4203 Mundemus

580 4250 682 4289 nos
711 4236 778 4289 ab
809 4236 957 4288 omni
1000 4234 1409 4303 inquinamento
1435 4236 1616 4290 carnis
1656 4245 1711 4291 et
1738 4236 1993 4305 spiritus;
2030 4255 2050 4289 ι
2091 4246 2147 4291 et

583 4330 674 4384 illo
697 4328 895 4397 Ephcs.
918 4343 991 4394 tv,
1022 4326 1194 4382 20-23
1221 4344 1233 4379 :
1269 4344 1287 4378 ι
1319 4324 1426 4381 Vos
1449 4336 1627 4381 autem
1651 4342 1755 4381 non
1782 4328 1855 4380 ita
1879 4326 2148 4383 didicistis

2219 1951 2604 2021 Christumque
2634 1951 2807 2019 ipsum
2836 1950 2975 2003 viam
3004 1949 3225 2017 spiritus
3268 1947 3586 2003 hominibus
3624 1950 3757 2016 quasi

2218 2054 2464 2097 sternere
2501 2056 2515 2094 :
2564 2059 2582 2092 ‹
2618 2039 2780 2094 Favet
2804 2049 2856 2093 et
2881 2040 2995 2106 ipse
3034 2038 3290 2094 Dominus
3312 2079 3329 2103 ,
3365 2037 3565 2106 inquit,
3592 2039 3761 2107 quippe

2221 2134 2310 2205 qui
2338 2137 2499 2189 etiam
2528 2133 2763 2187 animam
2796 2147 2946 2185 suam
2977 2131 3129 2199 ponit
3154 2145 3251 2201 pro
3286 2130 3489 2187 ovibus
3517 2129 3643 2183 suis.
3672 2129 3759 2182 Sed

2218 2239 2283 2278 es
2316 2233 2543 2293 utraque
2587 2228 2741 2291 parte
2779 2219 2979 2275 favoris
3012 2219 3294 2289 disciplina
3347 2228 3619 2274 servatur.
3662 2216 3758 2272 Non

2221 2315 2365 2370 enim
2415 2314 2465 2369 vi
2508 2327 2595 2369 res
2630 2314 2829 2383 agitur,
2884 2326 3060 2380 neque
3104 2311 3438 2366 necessitate
3484 2310 3536 2363 in
3564 2308 3758 2363 alteram

2222 2414 2430 2475 partem
2482 2403 2661 2457 anima
2694 2401 2998 2457 declinatur
3030 2416 3045 2454 :
3082 2399 3318 2469 alioquin
3365 2414 3468 2455 nec
3514 2398 3659 2468 culpa
3698 2398 3757 2462 ei,

2234 2512 2333 2550 nec
2378 2496 2551 2549 virtus
2581 2503 2763 2565 posset
2808 2493 3044 2557 ascribi;
3094 2505 3193 2547 nec
3218 2492 3351 2547 boni
3408 2491 3598 2546 electio
3636 2504 3756 2559 prat-

2228 2588 2393 2643 miutn
2421 2626 2436 2651 ,
2472 2602 2573 2643 nec
2624 2586 2909 2642 declinatio
2932 2584 3055 2639 ntali
3084 2584 3410 2655 supplicium
3448 2591 3755 2647 mereretur;

2227 2679 2317 2734 sed
2356 2689 2604 2735 servatur
2641 2677 2688 2732 ei
2720 2679 2770 2732 iu
2800 2677 3049 2732 omnibus
3079 2676 3303 2731 libertas
3335 2675 3581 2739 arbitrii,
3625 2682 3675 2727 ut
3712 2673 3755 2726 in

2230 2776 2372 2839 quod
2402 2770 2631 2826 voluerit
2659 2770 2772 2839 ipsa
2804 2769 3061 2835 declinet,
3088 2770 3230 2825 sicut
3269 2770 3540 2840 scriptum
3583 2778 3656 2823 est
3680 2766 3754 2819 “:

2229 2863 2371 2917 Ecce
2395 2862 2547 2933 posui
2587 2870 2713 2917 ante
2738 2847 2931 2917 faciem
2963 2872 3108 2915 tuam
3150 2864 3317 2917 vitam
3368 2871 3416 2917 et
3450 2869 3688 2924 mortem,
3713 2868 3757 2913 et

2231 2958 2408 3025 ignem
2441 2964 2496 3010 et
2524 2969 2744 3024 aquam.
2789 2972 2808 3005 ι
2846 2953 2955 3008 Nec
2985 2955 3163 3007 minus
3193 2954 3341 3009 clare
3374 2953 3514 3009 idem
3543 2952 3756 3023 exprimit

2239 3047 2330 3101 lib.
2362 3062 2419 3101 ιιι
2446 3046 2584 3117 Περὶ
2612 3044 2834 3116 ἀρχῶν,
2866 3061 2988 3116 cap.
3017 3047 3075 3113 4,
3101 3061 3249 3101 nunt.
3272 3046 3329 3101 ‘2.

2299 3138 2492 3208 Arguit
2542 3137 2655 3191 haec
2700 3150 2913 3205 quoque
2958 3135 3161 3191 erroris
3210 3133 3508 3191 Jansenius
3565 3143 3679 3189 tom.
3723 3131 3754 3197 l,

2234 3230 2328 3285 lib.
2352 3246 2413 3293 il,
2444 3245 2564 3299 cap.
2596 3229 2631 3285 ὃ
2660 3246 2676 3284 :
2709 3247 2729 3282 ι
2765 3227 2947 3299 Neque
2984 3242 3139 3292 vero,
3182 3227 3382 3297 inquit,
3417 3226 3610 3296 Pelagii
3660 3235 3757 3279 tan-

2231 3332 2364 3388 tum,
2384 3321 2642 3377 Cassiani
2691 3332 2852 3392 atque
2876 3320 3129 3392 Origenis
3162 3321 3265 3375 fuit
3288 3320 3401 3375 ista
3428 3321 3492 3374 de
3518 3315 3757 3373 ail‘ectibus

2230 3412 2569 3469 naturalibus
2592 3413 2750 3469 bonis
2784 3429 2847 3469 ac
2885 3414 3041 3469 malis
3075 3430 3141 3468 ex
3185 3414 3305 3485 lege
3356 3412 3584 3467 naturali
3624 3419 3757 3477 atque

2234 3522 2394 3561 carne
2420 3505 2841 3575 prodeuntibus,
2871 3521 2934 3561 ac
2991 3506 3057 3562 de
3110 3506 3291 3560 anima
3346 3508 3492 3561 inter
3533 3513 3755 3567 utrosque

2232 3600 2405 3654 media
2431 3598 2585 3654 istius
2621 3598 2901 3667 apostolici
2947 3599 3051 3653 loci
3085 3599 3357 3668 expositio
3384 3641 3399 3665 ,
3434 3598 3523 3653 sed
3552 3594 3753 3650 omnium

2234 3691 2454 3745 omnino
2486 3690 2892 3761 Pelagianorum
2914 3732 2929 3757 ,
2962 3704 3191 3759 quorum
3227 3691 3430 3760 scripta
3472 3687 3641 3742 videre
3675 3698 3754 3753 po-

2239 3782 2334 3836 tui.
2379 3801 2397 3833 ι
2438 3782 2530 3837 Sic
2564 3791 2738 3836 tamen
2786 3780 3140 3852 Hieronymus
3176 3782 3229 3834 in
3259 3779 3431 3848 Epist.
3475 3780 3539 3831 ad
3579 3774 3679 3829 Cal.
3710 3786 3756 3836 νο

2240 3872 2303 3926 17
2341 3890 2355 3927 :
2403 3892 2422 3924 ι
2457 3872 2597 3927 Caro
2639 3872 2999 3942 prementibus
3054 3871 3358 3927 delectatur
3413 3880 3467 3926 et
3513 3865 3751 3927 brevibus;

2240 3964 2463 4033 spiritus
2492 3964 2765 4035 perpetuis
2793 3973 2847 4017 et
2872 3963 3089 4018 futuris.
3118 3961 3263 4017 inter
3290 3963 3397 4017 hoc
3422 3961 3642 4030 iurgium
3665 3967 3753 4009 me—

2245 4054 2330 4108 dia
2365 4053 2544 4109 anima
2572 4055 2838 4117 consistit,
2866 4054 3073 4110 habens
3096 4053 3310 4124 quidem
3336 4054 3391 4109 in
3419 4067 3511 4108 sua
3533 4051 3757 4119 potestate

2246 4146 2444 4201 bouum
2471 4155 2525 4202 et
2552 4146 2781 4215 malum;
2820 4146 2953 4202 velle
2983 4155 3036 4202 et
3077 4146 3251 4213 nolle;
3290 4165 3308 4198 ι
3354 4156 3409 4200 et
3434 4143 3581 4216 paulo
3620 4145 3753 4209 post:

2253 4256 2272 4289 ι
2306 4238 2457 4303 Quod
2487 4246 2545 4293 ut
2573 4238 2907 4293 manifestius
2933 4238 3046 4305 fiat,
3078 4238 3291 4308 aliquod
3323 4248 3587 4293 sumamus
3608 4241 3759 4286 exem-

2248 4331 2393 4401 plum
2430 4348 2443 4385 :
2475 4347 2634 4395 caro,
2665 4340 2842 4398 terra;
2870 4332 3069 4397 anima,
3101 4346 3325 4397 aurum;
3363 4329 3611 4401 spiritus,
3646 4318 3757 4391 igni!

580 4417 880 4481 Christum,
916 4420 959 4472 si
993 4428 1170 4472 tamen
1201 4417 1346 4471 illum
1372 4417 1616 4484 audistis,
1660 4426 1715 4472 et
1740 4417 1791 4472 in
1822 4417 1939 4488 ipso
1969 4418 2144 4473 edocti
2177 4438 2221 4494 ι)
2250 4433 2489 4480 vocetur.
2523 4423 2768 4490 Quandiu
2801 4438 2992 4477 aurum
3022 4422 3186 4478 fuerit
3212 4423 3267 4477 in
3307 4432 3449 4479 terra
3478 4416 3635 4493 perdit
3678 4424 3757 4464 vo-

582 4510 742 4576 estis,
777 4513 918 4564 sicut
944 4520 1026 4565 est
1048 4511 1252 4564 veritas
1283 4509 1335 4563 in
1382 4508 1531 4564 .lesu.
1583 4509 1863 4580 Deponere
1912 4525 2006 4565 vos
2056 4525 2145 4565 se-

586 4588 819 4655 cundum
844 4600 1129 4669 pristinam
1166 4602 1636 4656 conversationem
1679 4611 1919 4658 veterem
1966 4604 2144 4657 homiv

589 4707 735 4755 nem,
760 4691 849 4759 qui
880 4694 1247 4761 corrumpitur
1281 4693 1577 4749 secundum
1608 4693 1874 4749 desideria
1917 4696 2142 4750 erroris.

591 4780 943 4835 Renovatniui
968 4792 1144 4835 autem
1172 4784 1362 4851 spiritu
1393 4786 1589 4839 utentis
1611 4794 1825 4850 vestrae,
1859 4799 1913 4840 et
1943 4787 2149 4842 induite

592 4888 791 4930 novum
826 4873 1133 4938 hominem;
1172 4891 1191 4925 ι
1226 4882 1281 4926 et
1312 4874 1402 4927 illo
1445 4874 1462 4929 l
1492 4875 1804 4940 Thessal.v,
1832 4876 1932 4931 εὖτ
1958 4894 1978 4928 ι
2033 4875 2150 4946 Ipse

592 4973 774 5021 autem
800 4964 940 5020 Deus
968 4964 1117 5034 pacis
1141 4964 1447 5020 sanctificat
1473 4982 1567 5021 vos
1593 4982 1691 5036 per
1719 4969 1899 5025 omnia
1934 4990 1947 5024 :
1980 4979 2038 5021 ut
2068 4969 2152 5023 iit-

592 5065 745 5126 teger
776 5058 1004 5127 spiritus
1036 5066 1235 5121 vester,
1261 5066 1316 5111 et
1344 5057 1545 5125 anima,
1577 5068 1632 5113 et
1656 5073 1853 5128 corpus
1880 5060 1999 5114 sine
2026 5075 2155 5130 que-

596 5146 707 5203 rela
742 5147 794 5200 in
825 5149 1058 5203 adventu
1087 5147 1297 5201 Domini
1322 5147 1494 5201 nostri
1540 5147 1665 5204 Jesu
1716 5150 1916 5206 Christi
1967 5165 2151 5207 serve.

600 5247 718 5298 tur;
743 5255 762 5289 ι
802 5247 855 5293 et
880 5240 971 5293 illo
1004 5238 1168 5294 Hebr.
1202 5254 1278 5304 tv,
1311 5239 1377 5293 12
1407 5256 1421 5292 :
1461 5256 1480 5292 ι
1506 5239 1671 5295 Vivus
1705 5252 1789 5298 est
1809 5243 1952 5297 enim
1978 5257 2159 5298 sermo

604 5328 701 5384 Dei
727 5336 783 5383 et
802 5326 1009 5393 eﬁcax,
1032 5338 1088 5384 et
1107 5329 1496 5399 penetrabilior
1514 5331 1660 5384 omni
1689 5332 1867 5400 gladio
1889 5333 2113 5401 ancipiti
2138 5349 2154 5385 :

602 5432 658 5478 et
686 5421 1001 5495 pertingens
1027 5437 1198 5493 usque
1222 5423 1291 5478 ad
1321 5421 1643 5479 divisionem
1678 5424 1871 5479 anima:
1898 5434 1954 5480 et
1995 5425 2159 5494 spiri-

603 5524 716 5581 tus,
749 5529 1067 5586 compagum
1091 5531 1307 5588 quoque
1328 5530 1392 5573 ac
1424 5515 1815 5585 medullarum,
1866 5527 1921 5575 et
1950 5517 2159 5575 discre-

714 5695 757 5728 “
778 5694 959 5751 Galat.
994 5714 1045 5763 v,
1076 5698 1161 5752 l7.
1236 5700 1277 5732 “
1300 5700 1463 5755 Eccli.
1494 5713 1580 5765 xv,
1612 5698 1695 5754 l'i.

2248 4515 2498 4570 cabulum
2528 4530 2706 4579 suum,
2739 4524 2794 4570 et
2826 4529 2857 4568 a
2892 4523 3035 4569 terra
3066 4514 3152 4568 cui
3191 4516 3525 4569 commistum
3549 4516 3623 4562 est
3643 4543 3656 4567 ν
3682 4515 3756 4570 ³1)-

2249 4606 2495 4675 pellatur.
2544 4604 2676 4658 Cum
2726 4618 2855 4660 vero
2906 4613 3212 4673 separatum
3266 4604 3333 4657 ab
3382 4593 3693 4661 humo,auri
3717 4596 3758 4641 et

2250 4695 2481 4763 speciem
2512 4703 2566 4749 et
2590 4707 2780 4749 nomen
2812 4693 3103 4762 acceperit,
3135 4707 3321 4746 aurum
3347 4690 3553 4761 quidem
3578 4681 3755 4737 dicitur.

2251 4789 2345 4844 sed
2384 4788 2609 4843 necdum
2654 4786 2961 4856 probatum.
3003 4784 3060 4840 Si
3114 4795 3294 4839 autem
3349 4797 3442 4850 per
3491 4781 3648 4846 ignem
3685 4782 3756 4823 ex-

2251 4887 2466 4934 coctum
2509 4876 2750 4932 fueritet
2775 4876 3094 4945 probatum,
3122 4883 3250 4928 tunc
3289 4873 3404 4927 auri
3444 4864 3752 4940 splendorem.

2252 4981 2307 5025 et
2334 4978 2561 5026 ornatus
2600 4968 2683 5025 sui
2717 4968 2914 5038 accipit
2949 4966 3287 5037 dignitatem.
3326 4965 3404 5020 Ita
3436 4972 3485 5018 et
3513 4950 3755 5038 animais-

2256 5069 2339 5116 ter
2368 5061 2660 5115 humanum
2696 5068 2752 5114 et
2786 5036 2984 5128 ignem,
3016 5036 3118 5112 hoc
3144 5066 3227 5112 est
3259 5057 3396 5110 inter
3446 5058 3640 5107 carnem

2256 5148 2529 5220 ritumque
2575 5149 2909 5214 consistens,
2949 5147 3166 5219 quando
3210 5161 3269 5202 se
3317 5139 3582 5199 tradiderit
3618 5139 3754 5187 carm,

2259 5257 2389 5298 caro
2414 5243 2649 5308 dicitur;
2679 5241 2898 5310 quando
2924 5239 3159 5310 spiritui,
3192 5238 3418 5307 spiritus
3437 5228 3707 5305 appellatur.
3731 5230 3747 5264 ι

2261 5334 2354 5388 Sic
2404 5342 2460 5388 et
2535 5333 2865 5404 Augustinus
2921 5331 3015 5387 lib.
3060 5346 3096 5386 ι
3143 5328 3220 5383 De
3273 5327 3454 5383 Cenes.
3498 5321 3560 5375 ad
3606 5314 3750 5368 timo.

2261 5440 2381 5496 cap.
2420 5424 2509 5490 12,
2541 5428 2773 5478 animant
2804 5434 3054 5496 tanquam
3090 5424 3142 5479 in
3183 5421 3358 5477 medio
3380 5416 3617 5491 positam,
3644 5412 3747 5496 non-

2264 5495 2537 5588 nunquam
2573 5531 2600 5571 a
2632 5531 2794 5572 carne
2831 5517 2897 5572 ad
2922 5495 3055 5572 vitia
3087 5512 3347 5586 deprimi,
3381 5504 3713 5570 ιιοιιηιιιιίιυιω
3726 5495 3751 5541 ³
