4054 6310
305 357 408 411 929

1117 353 1688 412 ORIGENIANORUM
1731 353 1858 410 LIB.
1905 353 1967 418 il,
2009 353 2163 410 CAP.
2207 353 2270 418 II,
2311 352 2586 420 QUIEST.
2628 352 2739 407 V’ll.

3430 353 3535 410 930

305 474 504 545 spiritu
551 476 617 530 ad
654 477 905 532 virtutem
955 475 1092 546 erigi
1143 479 1348 536 scribit.
1399 478 1551 535 Sicut
1587 486 1764 532 autem
1801 475 1865 531 ad
1895 480 1940 536 A
1971 476 2112 530 disse
2139 475 2344 531 homini
2378 491 2568 532 omnes
2603 476 2850 544 all‘ectus,
2876 491 3175 547 omnesque
3209 486 3387 532 motus
3413 480 3539 547 qui-

307 575 595 636 utramque
620 576 826 635 partem
849 607 864 632 ,
897 569 1153 621 virtutem
1181 577 1236 622 et
1265 569 1488 633 vitium,
1524 569 1742 625 allicere
1773 585 1870 623 nos

305 657 478 716 bonos
537 676 600 715 ac
650 663 821 716 malos
879 661 1099 730 angelos
1149 662 1284 716 dixit
1327 662 1591 734 Origenes
1645 664 1738 718 lib.
1772 680 1785 718 ι
1817 665 1870 716 in

303 749 480 819 Epist.
521 756 589 807 ad
632 753 810 819 Rom.,
846 769 992 807 num.
1027 755 1115 820 18,
1148 755 1290 809 hunc
1319 756 1679 826 interpretans
1719 756 1868 811 Pauli

299 835 481 894 locum
509 841 599 910 qui
635 842 865 897 habetur
891 843 1011 897 Gal.
1049 859 1104 908 v,
1137 844 1224 907 17,
1267 846 1339 899 ita
1373 859 1651 916 postquam
1699 848 1749 900 in
1781 863 1871 900 ea—

299 934 423 987 dem
447 933 594 987 Pauli
623 935 783 989 verba
810 935 1142 1006 Augustinus
1172 953 1234 992 ea
1261 940 1514 993 disseruit
1546 955 1665 1008 qua!
1705 953 1866 1007 supra

301 1025 577 1081 attulimus
604 1043 632 1082 e
659 1044 862 1083 Lxxxm
902 1029 1326 1095 Quaaationibus,
1358 1041 1548 1100 quaest.
1581 1032 1671 1097 το,
1718 1033 1869 1087 addit

303 1117 495 1172 deinde
529 1136 543 1172 :
591 1137 611 1171 ι
646 1118 798 1175 Nunc
831 1123 1068 1189 quandiu
1104 1133 1186 1177 est
1217 1124 1268 1178 iit
1292 1124 1446 1179 nobis
1467 1126 1609 1193 quod
1651 1128 1871 1180 resistat

305 1209 452 1264 bonae
479 1210 738 1265 voluntati
768 1251 784 1276 ,
814 1213 1014 1266 auxilio
1049 1214 1142 1268 Dei
1191 1229 1285 1283 per
1331 1217 1498 1270 bonos
1532 1216 1775 1270 homines
1819 1225 1870 1271 et

302 1303 468 1358 honos
499 1305 717 1376 angelos
749 1305 1076 1374 indigemus,
1112 1316 1169 1359 ιιι
1196 1309 1366 1362 donec
1412 1319 1631 1362 sanetur
1675 1309 1869 1362 vulnus

304 1407 566 1460 nostrum,
604 1413 708 1452 non
742 1398 812 1450 ita
834 1399 1097 1465 molestet,
1134 1408 1194 1453 ιιι
1220 1399 1448 1470 perimat
1474 1400 1640 1455 etiam
1667 1401 1865 1455 bonam

301 1488 651 1543 voluntatem.
691 1508 710 1542 ι
749 1490 924 1560 Atque
948 1492 1064 1546 haec
1098 1500 1204 1545 tam
1252 1491 1456 1546 diserte
1493 1493 1634 1561 apud
1688 1493 1870 1562 Augu-

300 1585 499 1637 stinmn
540 1599 794 1652 expressa
818 1599 916 1638 cur
951 1584 1002 1638 in
1041 1582 1275 1653 Origene
1317 1583 1695 1655 Pelagianismi
1734 1586 1866 1639 insi-

300 1675 586 1729 mulaverit
608 1675 915 1738 Jansenius,
943 1683 1021 1730 tot
1043 1689 1215 1730 annos
1245 1675 1297 1730 in
1324 1675 1612 1745 Augustini
1637 1675 1868 1730 lectione

301 1776 586 1830 tractatus,
622 1766 814 1819 mirum
847 1781 976 1820 sane
1006 1775 1112 1821 est.

1973 568 2070 620 bus
2098 567 2164 619 ad
2201 567 2454 621 virtutem
2513 568 2611 621 niti
2663 568 2832 635 possit
2879 576 2933 622 et
2983 569 3230 637 progredi
3266 585 3280 621 :
3315 569 3541 638 insuper

1969 657 2130 710 etiam
2169 657 2273 710 vim
2304 657 2527 712 rationis
2566 658 2892 723 inseruisse,
2918 674 3021 728 qna
3055 669 3378 730 agnosceret
3407 661 3538 731 quid

1970 749 2188 804 deberet
2243 763 2424 820 agere,
2476 751 2604 819 quid
2651 766 2865 806 cavere.
2926 751 3049 806 ﬂare
3099 768 3228 824 ergo
3261 755 3540 809 invenitur

1971 838 2114 894 Deus
2141 842 2502 895 communiter
2541 843 2793 896 omnibus
2843 842 3154 898 hominibus
3196 844 3538 913 praestitisse.

1971 933 2074 985 Sed
2105 934 2148 985 si
2184 934 2266 987 Itis
2307 935 2545 1001 acceptis
2594 934 2755 986 homo
2810 936 3113 1001 neglexerit
3162 936 3264 990 iter
3319 936 3539 991 virtutis

1970 1025 2247 1089 incedere,
2303 1028 2389 1079 cui
2436 1041 2502 1081 ex
2539 1026 2644 1080 Deo
2703 1027 2833 1079 nihil
2871 1028 3071 1091 defuit,
3119 1027 3392 1082 invenitur
3423 1031 3539 1098 ipse

1968 1118 2203 1173 defuisse
2240 1119 2306 1173 iis
2337 1135 2456 1189 quae
2487 1135 2514 1172 a
2551 1120 2656 1173 Deo
2683 1119 2804 1173 data
2839 1129 2965 1174 sunt
2986 1121 3111 1175 sibi.
3145 1139 3163 1172 ι
3200 1119 3323 1174 ΙΙωο
3349 1115 3572 1192 qnam-‘

1971 1212 2049 1266 vis
2089 1211 2542 1282 Pelagianismum
2581 1214 2814 1283 sapiant,
2847 1215 3134 1282 genuinam
3163 1225 3340 1269 tamen
3368 1230 3537 1284 expo-

1969 1304 2256 1368 sitionem,
2311 1319 2535 1373 eamque
2583 1305 2936 1358 orthodoxam
2998 1306 3238 1374 recipere
3290 1316 3535 1375 possunt,

1970 1394 2049 1450 vel
2081 1395 2437 1464 intelligendo
2469 1397 2697 1466 gratiam
2728 1397 2931 1450 homini
2962 1399 3141 1450 datam
3168 1413 3197 1451 a
3232 1398 3375 1464 Deo,
3417 1414 3532 1468 qua:

1969 1487 2138 1555 gratia
2169 1487 2235 1541 ad
2266 1487 2491 1541 salutem
2524 1489 2926 1557 adipiscendam
2959 1488 3218 1557 suliiciat;
3255 1491 3338 1543 vel
3371 1491 3531 1544 intel-

1969 1577 2184 1647 ligendo
2229 1579 2398 1648 legem
2430 1588 2659 1644 naturas,
2701 1579 2855 1648 cujus
2899 1595 3000 1649 ope
3025 1582 3188 1636 etiam
3236 1581 3432 1636 ethnici
3465 1583 3532 1637 ad

1967 1673 2193 1728 virtutes
2231 1672 2464 1728 morales
2515 1674 2609 1727 niti
2683 1683 2946 1742 possunt;
2999 1690 3104 1728 non
3145 1677 3212 1727 ad
3264 1690 3357 1729 eas
3413 1691 3534 1745 quae

1968 1765 2258 1834 quidquam
2291 1766 2668 1821 conlerantad
2712 1767 2939 1821 salutem
2975 1781 2990 1821 :
3031 1767 3119 1822 hic
3163 1767 3306 1824 enim
3355 1770 3537 1838 gravis

372 1854 505 1911 Vill.
541 1857 693 1912 Nunc
725 1873 851 1912 vero
886 1868 1101 1926 pr0pter
1143 1865 1380 1912 assertos
1427 1858 1654 1913 affectus
1699 1859 1866 1914 bonos
1899 1847 1939 1902 Β
1968 1867 2108 1913 esset
2134 1874 2307 1924 error,
2337 1860 2422 1913 cui
2482 1860 2600 1914 sine
2641 1860 2874 1917 crimine
2923 1863 3256 1933 patrocinari
3304 1877 3411 1916 non
3466 1862 3532 1917 li-

299 1959 353 2003 et
383 1951 552 2003 malos
578 1965 643 2004 ex
689 1964 854 2004 carne
905 1949 1223 2004 naturaliter
1271 1950 1633 2019 prodeuntes,
1675 1951 1865 2020 jurene

299 2045 511 2098 venerit
564 2043 618 2096 in
682 2043 884 2097 crimen
921 2041 1207 2113 Origenes,
1257 2045 1625 2114 anquiramus.
1678 2045 1754 2100 Ac
1801 2047 1867 2100 de

298 2134 458 2188 malis
506 2133 722 2202 quidem
774 2135 1144 2188 contmversia
1198 2135 1343 2188 nulla
1404 2144 1520 2199 est;
1587 2136 1654 2191 de
1709 2137 1865 2192 bonis

299 2233 509 2278 tantum
532 2224 891 2279 contenditur.
933 2224 1084 2291 Quod
1116 2235 1404 2294 antequam
1452 2227 1729 2297 disputare
1775 2243 1866 2281 or-

299 2310 532 2376 diamur,
577 2311 861 2366 dicendum
896 2323 980 2368 est
1027 2311 1366 2379 Jansenium,
1414 2329 1518 2368 non
1560 2317 1660 2369 hoc
1691 2317 1863 2371 solum

299 2400 418 2456 loco
451 2417 608 2471 quem
649 2402 922 2465 diximus,
975 2404 1070 2459 sed
1117 2406 1420 2476 signantius
1463 2408 1626 2460 etiam
1658 2415 1791 2464 tom.
1819 2409 1861 2475 Ι,

297 2491 391 2546 lib.
423 2508 495 2557 vr,
525 2508 642 2562 cap.
676 2494 761 2558 M,
790 2496 895 2549 vim
944 2495 1113 2557 illam,
1163 2497 1280 2551 sive
1331 2506 1388 2550 ut
1442 2498 1554 2566 ipse
1602 2499 1861 2569 loquitur,

295 2581 674 2637 suﬂicientiam
716 2585 852 2654 legis
891 2587 1155 2640 naturalis
1201 2587 1557 2656 impugnare;
1594 2603 1756 2658 quam
1807 2599 1864 2644 ut

297 2675 365 2728 ab
388 2673 622 2745 Origene
651 2678 909 2731 creditam
938 2688 992 2731 et
1021 2679 1296 2733 defensam
1329 2679 1494 2734 fuisse
1519 2680 1717 2735 clarius
1741 2697 1864 2750 pro-

295 2765 404 2831 bet,
423 2769 536 2822 hinc
551 2767 669 2836 ejus
688 2771 850 2822 verba
883 2770 1074 2825 recitat
1093 2786 1123 2824 e
1144 2770 1236 2825 lib.
1269 2787 1302 2824 ιι
1328 2773 1380 2824 in
1402 2771 1573 2839 Epist.
1591 2776 1659 2826 ad
1685 2773 1859 2840 Rom.,

297 2876 444 2914 num.
476 2862 540 2926 7,
581 2877 702 2931 pag.
745 2863 850 2917 484
892 2881 904 2917 :
952 2881 970 2914 ι
1012 2863 1196 2919 Potest
1227 2865 1338 2918 ﬁeri
1365 2905 1380 2930 ,
1431 2875 1488 2919 ιιι
1537 2867 1620 2921 Vel
1659 2883 1721 2921 ex
1778 2868 1861 2922 his

295 2948 386 3016 qui
427 2948 476 3001 in
511 2948 627 3018 lege
650 2960 797 3015 sunt,
837 2950 882 3004 si
907 2952 1029 3018 quis
1065 2953 1414 3019 persuasione
1453 2955 1668 3024 quidem
1710 2972 1860 3010 com-

299 3041 446 3094 muni
477 3041 693 3096 Christo
724 3057 831 3096 non
863 3044 1057 3108 credit,
1087 3054 1341 3112 operetur
1372 3055 1548 3101 tamen
1583 3049 1723 3117 quod
1767 3049 1861 3102 bo-

296 3146 423 3183 num
453 3141 557 3195 est,
590 3131 855 3200 justitiam
892 3143 1105 3199 teneat,
1169 3134 1594 3190 misericordiam
1649 3138 1853 3207 diligat,

1964 1962 2135 2006 ceret.

2036 2042 2125 2097 IX.
2164 2043 2319 2098 Certe
2355 2042 2566 2111 aliquod
2593 2044 2717 2097 boni
2750 2059 2916 2114 genus
2948 2048 3014 2099 ex
3062 2047 3112 2099 vi
3149 2055 3357 2101 natura:
3399 2047 3535 2102 oriri

1964 2147 2122 2202 posse
2147 2143 2454 2188 sanctorum
2488 2134 2708 2188 Patrum
2753 2153 2943 2204 magna
2992 2153 3116 2205 pars
3165 2139 3380 2208 opinata
3425 2153 3531 2207 est,

1962 2225 2056 2276 sed
2086 2225 2413 2292 Augustinus
2439 2226 2762 2294 praesertim,
2789 2227 2942 2293 cujus
2971 2228 3020 2280 in
3049 2228 3354 2296 huiusmodi
3385 2247 3531 2298 quie-

1964 2314 2228 2369 stionibus
2266 2317 2535 2384 praecipua
2576 2317 2875 2370 auctoritas
2903 2330 3008 2372 est.
3039 2317 3130 2372 Sic
3171 2319 3259 2372 ille
3285 2319 3424 2373 libro
3459 2320 3534 2374 De

1963 2407 2148 2473 spiritu
2184 2417 2229 2460 et
2258 2408 2433 2461 littera
2454 2446 2470 2472 ,
2503 2424 2626 2477 cap.
2653 2409 2721 2463 27
2755 2427 2768 2463 :
2807 2427 2825 2461 ι
2870 2409 2925 2464 Si
2953 2421 3128 2464 autem
3174 2412 3225 2465 hi
3257 2412 3345 2481 qui
3373 2425 3531 2466 natu-

1965 2497 2152 2552 raliter
2172 2513 2291 2567 qute
2312 2498 2448 2567 legis
2475 2511 2600 2552 sunt
2626 2499 2858 2562 faciunt,
2885 2503 3122 2555 nondum
3149 2512 3277 2556 sunt
3299 2504 3531 2558 habendi

1965 2591 2016 2644 in
2050 2603 2277 2645 numero
2307 2606 2494 2645 eorum
2527 2607 2663 2660 quos
2689 2592 2892 2646 Christi
2919 2592 3181 2663 justiﬁcat
3207 2596 3400 2664 gratia,
3437 2598 3533 2650 sed

1963 2682 2015 2736 in
2047 2697 2232 2736 eorum
2267 2683 2475 2750 potius,
2543 2697 2773 2751 quorum
2836 2684 3000 2736 etiam
3051 2684 3380 2752 impiormn,
3434 2702 3535 2740 nec

1965 2774 2130 2828 Demn
2176 2789 2359 2829 verum
2383 2775 2653 2829 veraciter
2671 2775 2923 2844 justeque
2946 2776 3257 2839 colentium,
3280 2779 3526 2845 quadam

1965 2877 2140 2921 tamen
2175 2867 2313 2921 facta
2343 2867 2426 2920 vel
2457 2867 2702 2938 legimus,
2729 2867 2812 2920 vel
2847 2869 3115 2934 novimus,
3141 2874 3224 2923 vel
3261 2871 3534 2936 audimus,

1961 2973 2080 3028 qum
2122 2958 2415 3012 secundmn
2453 2957 2678 3024 iustitiae
2724 2958 2964 3026 regulam
3019 2975 3122 3013 non
3176 2958 3347 3013 solum
3387 2961 3534 3014 vitu-

1961 3065 2153 3122 perare
2197 3067 2303 3105 non
2333 3065 2638 3119 possumus,
2672 3065 2860 3105 verum
2909 3051 3074 3106 etiam
3112 3053 3310 3107 merito
3363 3064 3537 3109 recte-

1963 3157 2066 3210 que
2108 3143 2386 3196 laudamus
2422 3161 2435 3196 :
2471 3157 2779 3212 quanquam
2823 3143 2866 3197 si
2920 3143 3235 3198 discutiatur
3276 3159 3382 3215 quo
3428 3147 3536 3201 tiae

299 3223 604 3275 castitatem
637 3232 691 3277 et
718 3224 1112 3278 continentiam
1138 3235 1336 3289 servet,
1371 3228 1686 3282 modestiam
1719 3229 1850 3283 leni-
1887 3205 1928 3262 ϐ
1966 3235 2116 3299 tlant,
2157 3235 2244 3287 vix
2273 3235 2642 3298 inveniuntur,
2671 3250 2788 3303 quae
2815 3234 3040 3302 iustitiae
3064 3235 3296 3290 debitam
3321 3236 3532 3291 laudem

295 3319 572 3382 talemque
607 3314 894 3376 custodiat,
926 3325 1087 3383 atque
1113 3329 1272 3369 oume
1318 3330 1455 3385 Opus
1497 3316 1693 3370 bonum
1729 3333 1859 3387 Ope-

294 3413 479 3470 mtur;
543 3404 668 3466 hic,
730 3405 942 3459 etiamsi
995 3406 1154 3457 vitam
1205 3421 1310 3460 non
1358 3407 1520 3460 habet
1563 3416 1858 3473 aeternam,

295 3498 421 3564 quia
451 3497 674 3550 credens
706 3497 804 3550 soli
835 3511 959 3550 vero
994 3497 1100 3550 Deo
1122 3536 1136 3559 ,
1188 3513 1292 3551 non
1349 3497 1576 3552 credidit
1623 3508 1679 3553 et
1725 3498 1860 3554 Filio

292 3589 410 3655 ejus
438 3586 563 3643 .lesu
603 3587 838 3652 Christo,
879 3604 1036 3658 quem
1069 3588 1248 3653 misit;
1292 3599 1470 3643 tamen
1512 3590 1682 3660 gloria
1733 3606 1861 3659 ope-

295 3697 411 3734 rmn
457 3681 594 3751 ejus,
647 3691 701 3736 et
749 3697 850 3750 pax
896 3693 948 3735 et
989 3682 1160 3735 honor
1210 3683 1407 3751 poterit
1449 3697 1551 3737 non
1595 3685 1792 3752 perire.
1831 3703 1850 3737 ι

294 3774 470 3843 Atque
497 3790 558 3828 ea
589 3790 718 3829 sane
758 3776 998 3843 uuspiam
1025 3775 1088 3826 ad
1118 3789 1211 3828 eos
1246 3775 1572 3838 referuntur,
1608 3777 1698 3846 qui
1735 3786 1862 3832 sunt

296 3869 395 3920 sub
447 3867 560 3936 lege
612 3879 849 3931 naturai,
904 3865 996 3920 sed
1047 3867 1110 3919 ad
1135 3866 1346 3920 Jndreos
1387 3868 1476 3937 qui
1527 3870 1860 3938 regebantur

294 3961 546 4013 Mosaicis
573 3960 812 4029 legibus,
842 3975 870 4012 a
904 3961 1099 4028 quibus
1145 3963 1582 4015 absterrebantur
1630 3976 1658 4014 a
1692 3962 1854 4027 vitiis,

297 4052 360 4104 ad
384 4053 635 4104 virtutem
656 4051 1095 4105 incendebantur.
1115 4047 1405 4118 Sequentia
1438 4065 1569 4105 vero
1597 4053 1662 4105 ad
1683 4053 1858 4105 etimi-

295 4157 390 4198 cos
417 4154 622 4196 naturae
651 4143 818 4197 solum
852 4143 1018 4212 legem
1051 4153 1328 4196 servantes
1356 4143 1657 4211 pertinent:
1696 4161 1714 4193 ι
1751 4143 1857 4197 Sed

297 4243 351 4288 et
371 4231 610 4295 Grzccns,
635 4234 684 4286 id
709 4243 792 4286 est
840 4233 1071 4300 gentilis,
1095 4233 1138 4286 si
1170 4248 1289 4286 cum
1315 4231 1482 4302 legem
1514 4248 1616 4286 non
1644 4234 1858 4299 habeat,

297 4327 412 4395 ipse
439 4327 538 4380 sibi
568 4333 650 4378 est
695 4325 798 4389 lex,
839 4325 1130 4379 ostendens
1163 4340 1296 4393 opus
1328 4325 1460 4394 legis
1489 4325 1539 4378 in
1566 4327 1723 4380 curde
1758 4341 1859 4381 suo

297 4428 348 4472 et
371 4418 599 4472 naturali
641 4419 850 4472 ratione
879 4419 1153 4482 immotus,
1188 4419 1326 4471 sicut
1351 4418 1594 4472 videmus
1634 4418 1859 4471 nonnul-

297 4512 376 4565 los
400 4528 449 4564 ιιι
477 4510 758 4580 gentibus,
795 4509 876 4564 vel
904 4510 1170 4578 justitiam
1201 4517 1403 4574 teneat,
1443 4507 1526 4562 vel
1550 4508 1856 4562 castitatem

297 4616 507 4669 servet,
544 4603 623 4655 vel
654 4603 1010 4673 prudentiam,
1049 4602 1481 4670 temperantiam,
1513 4601 1858 4654 modestiam-

298 4711 398 4764 qtte
446 4695 748 4761 custodiat;
804 4695 907 4749 iste
957 4694 1082 4747 licet
1139 4692 1348 4746 alienus
1383 4707 1411 4744 a
1457 4694 1562 4745 vita
1612 4693 1859 4746 videatur

298 4796 520 4850 eterna,
551 4786 673 4854 quia
701 4801 805 4840 non
833 4786 1006 4838 credit
1030 4782 1270 4848 Christo,
1297 4793 1350 4836 et
1374 4783 1576 4835 intrare
1602 4796 1704 4835 non
1732 4795 1858 4850 pos-

297 4879 369 4931 sit
412 4877 464 4930 in
517 4891 740 4944 regnum
787 4878 1048 4931 ctelorum
1084 4875 1206 4943 quia
1261 4883 1477 4928 renatus
1513 4889 1618 4927 non
1665 4884 1746 4926 est
1787 4887 1854 4925 ex

297 4983 435 5038 aqua
465 4978 520 5022 et
553 4970 764 5037 spiritu,
802 4969 1013 5021 videtur
1050 4978 1225 5022 tamen
1275 4966 1415 5034 quod
1449 4979 1543 5033 per
1584 4966 1696 5020 haec
1735 4979 1856 5034 qua:

299 5063 547 5116 dicuntur
576 5063 643 5114 ab
676 5059 964 5130 Apostolo,
1011 5061 1273 5114 bonorum
1324 5071 1552 5127 cperunt
1605 5057 1856 5125 gloriam,

298 5167 349 5209 et
379 5156 662 5218 honorem,
693 5165 742 5208 et
775 5168 958 5222 pacem
988 5155 1211 5222 perdere
1236 5151 1450 5220 penitus
1472 5163 1576 5202 non
1602 5149 1790 5218 possit.
1824 5166 1846 5202 ι

299 5244 548 5298 Pluribus
581 5245 772 5298 deinde
801 5253 1174 5313 argumentum
1201 5242 1338 5295 idem
1370 5240 1643 5309 expendit.
1679 5239 1858 5294 Refel-

301 5338 360 5390 lit
411 5351 620 5406 quoque
668 5334 952 5390 Jansenis
1017 5344 1139 5388 cum
1201 5331 1568 5404 superioribus
1627 5331 1864 5387 alterum

299 5429 476 5483 locum
535 5428 875 5488 Adamantii.
935 5426 1028 5495 qui
1096 5442 1198 5481 non
1255 5428 1375 5481 sine
1439 5424 1688 5480 cautione
1726 5440 1858 5480 sane

303 5522 615 5577 tractandus
647 5530 746 5575 est.
785 5539 803 5573 ι
831 5521 1136 5574 invenietur
1166 5521 1381 5590 quidem
1405 5518 1547 5573 Deus
1567 5560 1582 5586 ,
1619 5537 1638 5570 ι
1682 5520 1858 5589 inquit

304 5614 560 5686 Origenes
597 5613 686 5667 lib.
713 5628 770 5666 tn
803 5614 859 5666 in
904 5611 1072 5683 Epist.
1103 5612 1170 5666 ad
1204 5611 1352 5668 Rom.
1380 5652 1395 5680 ,
1425 5627 1576 5666 num.
1612 5611 1664 5680 6,
1704 5629 1722 5664 ι
1759 5612 1855 5668 de-

371 5797 414 5828 ”
443 5798 596 5853 Rern.
623 5811 684 5861 ιι,
710 5795 796 5850 15.

1961 3325 2396 3380 defensionemve
2432 3335 2761 3384 mereantur.
2796 3344 2814 3378 ι
2852 3327 3040 3395 Capite
3063 3330 3256 3382 deinde
3285 3329 3530 3398 sequenti

1960 3417 2149 3470 scribit
2175 3433 2278 3471 non
2317 3433 2488 3486 usque
2512 3419 2646 3472 adeo
2672 3428 3005 3472 lerreuorum
3036 3419 3322 3474 aﬂ'ectuum
3358 3421 3527 3475 labem

1960 3508 2154 3560 animte
2180 3507 2429 3560 humana:
2461 3507 2788 3569 incubuisse,
2819 3518 2876 3560 ut
2909 3523 3015 3561 non
3044 3508 3305 3577 impressa
3335 3523 3526 3577 supcr-

1960 3598 2066 3651 sint
2103 3597 2355 3664 imaginis
2393 3596 2485 3650 Dei
2521 3597 2742 3665 vestigia
2768 3639 2782 3662 ,
2835 3599 2978 3668 unde
3024 3607 3290 3666 praecepta
3349 3599 3530 3668 aliqua

1959 3688 2090 3757 legis
2118 3687 2168 3740 in
2194 3687 2306 3756 ipsa
2337 3687 2496 3739 etiam
2523 3687 2790 3752 impietate
2812 3689 3041 3754 exsequi
3077 3692 3159 3740 vel
3191 3703 3382 3757 sapere
3408 3703 3523 3741 me-

1960 3777 2062 3830 rito
2098 3776 2199 3830 dici
2228 3775 2414 3845 possit.
2446 3775 2609 3828 Addit
2631 3781 2820 3845 postea
2851 3775 3022 3845 legem
3056 3775 3153 3829 Dei
3187 3791 3290 3828 non
3318 3777 3535 3845 penitus

1958 3883 2054 3939 per
2078 3877 2354 3938 peccatum
2394 3883 2424 3922 e
2451 3868 2704 3922 cordibus
2741 3869 2942 3921 nostris
2975 3883 3184 3923 erasam
3207 3908 3223 3931 ,
3263 3871 3514 3922 renovari

1960 3975 2052 4030 per
2084 3960 2332 4028 gratiam.
2373 3959 2439 4014 Et
2474 3960 2817 4028 postmodum
2845 3976 2858 4012 :
2890 3975 2907 4008 ι
2939 3957 3072 4011 Nam
3097 3967 3150 4012 et
3181 3958 3280 4028 ipsi
3316 3957 3530 4028 (Judaei)

1960 4054 2206 4108 homines
2258 4061 2444 4117 erant,
2477 4061 2532 4106 et
2579 4052 2659 4106 vis
2696 4052 2783 4106 illa
2831 4061 3034 4105 natum
3077 4051 3254 4105 inerat
3282 4053 3397 4116 eis,
3424 4067 3530 4120 qua

1959 4145 2256 4214 legitimum
2285 4143 2487 4214 aliquid
2525 4143 2703 4197 anima
2739 4143 3020 4197 rationalis
3063 4151 3117 4196 et
3160 4143 3326 4197 sentit
3356 4151 3410 4196 et
3452 4141 3534 4195 fa-

1958 4239 2052 4294 cit.
2087 4258 2106 4291 ι
2143 4238 2277 4291 Tum
2321 4236 2478 4306 paulo
2501 4247 2653 4306 post,
2708 4237 2783 4288 ait
2841 4250 3030 4304 parum
3085 4235 3426 4305 profuturum
3477 4235 3532 4287 in

1960 4331 2249 4400 diejudicii
2282 4331 2364 4384 his
2403 4338 2606 4383 naturae
2656 4327 2862 4396 legibus
2912 4325 3185 4395 paruisse,
3242 4325 3344 4378 nisi
3395 4325 3534 4377 forte

1961 4423 2026 4477 ad
2059 4422 2352 4493 mitiganda
2386 4421 2643 4490 supplicia
2679 4435 2736 4471 τι
2766 4418 3078 4472 Sicntenim
3104 4432 3211 4469 non
3234 4415 3530 4484 impediunt

1961 4529 1988 4566 a
2045 4513 2153 4566 vita
2205 4522 2406 4566 :eterna
2448 4511 2649 4578 justum
2701 4510 2946 4578 quaedam
3001 4516 3221 4576 peccata
3269 4507 3527 4570 venialia,

1963 4606 2078 4660 sine
2110 4605 2300 4672 quibus
2333 4604 2444 4657 haec
2480 4604 2583 4655 vita
2635 4615 2738 4654 non
2779 4600 2996 4653 ducitur
3031 4614 3048 4654 :
3083 4598 3163 4653 sic
3192 4598 3259 4652 ad
3299 4597 3525 4652 salutem

1961 4709 2215 4752 auernam
2249 4695 2377 4749 nilzil
2431 4702 2656 4761 prosunt
2707 4693 2869 4760 impio
2902 4690 3086 4759 aliqua
3139 4690 3280 4744 bona
3337 4705 3526 4759 Opera,

1962 4790 2080 4844 sine
2105 4787 2300 4858 quibus
2325 4786 2639 4840 diliicillitne
2678 4785 2784 4837 vita
2820 4782 3107 4853 cujuslibet
3155 4783 3375 4847 pessimi
3427 4783 3526 4836 ho-

1965 4881 2123 4934 minis
2179 4879 2468 4933 invenitur.
2511 4896 2531 4929 ι
2594 4877 2657 4930 Ει
2723 4878 2920 4930 iterum
2955 4892 2970 4929 :
3000 4893 3019 4926 ι
3057 4874 3199 4941 Quid
3240 4889 3368 4944 ergo
3403 4871 3528 4928 hinc

1962 4972 2251 5042 Apostolus
2289 4969 2500 5025 ellicere
2529 4969 2716 5035 voluit,
2754 4974 2893 5039 quod
2928 4967 3237 5039 iactantiam
3268 4965 3528 5019 cohibens

1959 5059 2287 5127 ludat-orum,
2329 5074 2450 5114 cum
2484 5060 2710 5115 dixisset
2739 5076 2754 5112 :
2789 5059 2914 5114 Non
2945 5060 3216 5112 auditores
3243 5055 3371 5125 legis
3389 5054 3525 5122 justi

1959 5158 2078 5202 sunt
2101 5148 2240 5213 apud
2260 5147 2446 5214 Deum,
2479 5148 2570 5201 sed
2595 5149 2826 5217 factores
2861 5149 2986 5217 legis
3005 5145 3437 5216 justiﬁcabuntur
3459 5145 3524 5207 ⁸³,

1961 5240 2220 5294 continuo
2249 5237 2477 5304 subjecit
2518 5239 2584 5293 de
2620 5239 2702 5294 bis
2749 5239 2840 5309 qni
2893 5239 3063 5306 legem
3113 5252 3217 5290 non
3266 5236 3528 5290 habentes

1961 5329 2278 5384 naturaliter
2305 5344 2424 5399 quae
2455 5330 2588 5399 legis
2621 5339 2748 5384 sunt
2778 5329 3019 5391 faciunt.
3073 5327 3116 5381 si
3150 5341 3254 5381 non
3282 5325 3356 5380 illi
3401 5332 3527 5381 s'unt

1961 5421 2290 5492 intelligendi
2337 5423 2427 5492 qui
2461 5424 2731 5492 pertinent
2784 5423 2851 5477 ad
2905 5421 3131 5492 gratiam
3184 5417 3524 5481 mediatoris,

1961 5517 2056 5571 sed
2085 5515 2159 5570 illi
2194 5515 2390 5585 potius,
2416 5515 2506 5585 qui
2539 5530 2661 5570 cum
2706 5515 2873 5570 Deum
2929 5529 3112 5568 verum
3154 5527 3282 5568 vera
3327 5510 3526 5583 pietate

1959 5625 2068 5666 non
2095 5608 2313 5676 colant,
2364 5607 2565 5663 habent
2600 5619 2776 5663 tamen
2809 5607 3052 5677 quaedam
3098 5618 3262 5677 opera
3292 5603 3432 5659 bona
3463 5601 3522 5658 in
