4054 6310
600 339 700 396 951

1818 340 1879 396 Ρ.
1924 340 2147 396 DANlEI

2279 340 2508 398 ilUE‘I‘ll
3676 346 3777 407 '932

606 462 721 514 vita
746 458 949 531 impia?
991 477 1010 512 ι
1042 457 1250 527 Quibus
1276 456 1472 511 accinit
1498 455 1813 527 Fulgentius
1863 458 1916 513 in
1956 456 2053 512 lib.
2084 457 2147 511 De

2257 457 2390 511 Θεοῦ
2409 498 2423 521 ,
2455 458 2547 513 καὶ
2576 458 2635 511 τὸ
2665 457 2835 511 θέλειν
2877 456 3140 527 ἐλάϐομεν
3187 455 3292 509 ἀπὸ
3335 454 3430 509 τοῦ
3463 455 3777 530 δημιουργοῦ,

607 551 965 604 incarnatione
990 561 1038 603 et
1067 551 1240 618 gratia
1288 547 1505 614 Christi,
1550 564 1668 617 cap.
1699 549 1772 604 26
1816 565 1830 602 :
1881 568 1900 602 ‹
1928 550 2079 617 Quod
2113 554 2156 606 si

608 641 927 710 quibusdam
956 640 1406 710 cognoscentibus
1440 641 1627 705 Deum,
1672 657 1772 696 nec
1820 642 1961 697 sicut
1992 643 2156 697 Deum

606 733 1052 804 gloriﬁcantibus,
1077 733 1310 803 cognitio
1341 732 1427 785 illa
1453 733 1585 788 nihil
1604 731 1807 801 profuit
1827 733 1892 786 ad
1907 733 2157 798 salutem,

609 824 877 895 quomodo
904 833 1190 893 potuerunt
1230 824 1283 879 hi
1321 822 1451 892 justi
1486 840 1606 879 esse
1646 825 1785 894 apud
1830 826 2027 890 Deum,
2068 827 2158 896 qui

605 918 687 971 sic
720 918 771 971 in
802 917 914 971 suis
941 916 1179 970 moribus
1206 926 1369 986 atque
1398 917 1648 986 operibus
1676 917 1932 974 bonitatis
1956 919 2159 989 aliquid

606 1017 840 1072 servant,
879 1016 935 1061 ut
961 1007 1062 1062 hoc
1083 1009 1149 1062 ad
1182 1010 1340 1063 tinent
1372 1009 1691 1065 Christianae
1726 1011 1848 1065 ﬁdei
1877 1050 1892 1074 ,
1926 1011 2160 1066 eharita-

607 1100 784 1171 tisque
819 1115 921 1154 non
948 1100 1223 1155 referant?
1264 1101 1462 1170 quibus
1506 1102 1685 1172 aliqua
1737 1103 1949 1171 quidem
1994 1103 2155 1170 bona,

572 1206 724 1259 quae
768 1191 835 1245 ad
888 1191 1166 1247 societatis
1213 1192 1461 1247 humanas
1510 1194 1779 1262 pertinent
1826 1194 2157 1263 aequitatem,

606 1282 783 1336 inesse
815 1292 1076 1352 possunt;
1108 1282 1201 1338 sed
1231 1284 1354 1353 quia
1383 1298 1488 1338 non
1529 1285 1791 1339 cbaritate
1844 1284 1939 1338 Dei
2000 1285 2154 1349 ﬁunt,

605 1377 875 1464 prodesse\
907 1392 1010 1430 non
1066 1386 1308 1447 possunt.
1354 1394 1375 1429 ι
1438 1375 1797 1448 Hieronymus
1847 1392 2059 1448 quoque
2102 1379 2156 1431 in

606 1462 766 1519 Isaia,
789 1462 936 1530 xxiv,
976 1465 1032 1528 5.
1079 1466 1268 1521 scribit
1312 1467 1523 1537 praunia
1568 1467 1888 1536 adepturos,
1933 1466 2159 1535 quicun-

604 1572 707 1625 que
734 1557 899 1626 legem
932 1557 1236 1611 naturalem
1280 1558 1683 1613 observaveriut
1720 1575 1736 1611 :
1768 1569 1823 1614 et
1863 1561 1920 1614 in
1963 1559 2152 1614 Eur-It.

605 1666 757 1712 xxix,
793 1649 879 1711 17,
912 1650 988 1703 ait
1010 1669 1029 1701 ι
1057 1650 1401 1705 condemnari
1426 1667 1521 1706 nos
1554 1653 1952 1723 comparatione
1981 1655 2157 1722 genti-

606 1741 759 1804 lium,
793 1743 835 1795 si
864 1741 939 1795 illi
971 1742 1085 1810 lege
1116 1740 1321 1795 faciant
1376 1742 1625 1808 naturali,
1653 1759 1772 1814 quze
1813 1757 1912 1798 nos
1956 1744 2153 1813 scripta

603 1833 949 1904 negligimus.
1004 1852 1022 1885 ι
1055 1833 1395 1889 Praetermitti
1439 1849 1570 1889 vero
1621 1849 1728 1890 non
1782 1836 1936 1891 decet
1981 1835 2154 1890 locum

604 1924 773 1991 ipsius
802 1922 1034 1977 alterum
1063 1924 1116 1977 in
1146 1921 1273 1977 Gal.
1310 1939 1395 1985 Ill,
1422 1922 1477 1988 2,
1506 1924 1572 1978 ad
1620 1923 1722 1979 hoc
1770 1934 2019 1993 spectans
2069 1939 2156 1978 ar-

2270 549 2457 619 Ἡμεῖς
2487 548 2543 602 δὲ
2565 548 2641 618 τῷ
2670 549 2841 602 θέλειν
2869 549 2960 600 ἐπὶ
2983 546 3053 600 τὰ
3072 545 3352 608 κάλλιστα,
3379 546 3413 616 ἦ
3449 546 3654 601 ἐναντία
3669 552 3784 622 χρώ-

2262 642 2659 713 μεθα,όμοίως
2685 641 2740 694 δὲ
2781 640 2859 711 τῷ
2902 641 3163 711 ἐνεργεῖν.
3214 638 3455 704 Quorum
3496 644 3782 700 sententiam

2259 734 2388 789 satis
2417 734 2648 790 ﬁdeliter
2678 743 2873 801 praeter
2909 746 3111 787 morem
3139 745 3293 784 suum
3343 731 3529 785 retulit
3558 732 3805 831 Ruﬁnus,i

2258 825 2379 894 quia
2410 824 2612 879 scilicet
2654 822 2939 892 Pelagiana
2992 830 3169 877 erant.
3219 820 3441 875 Notavit
3489 831 3658 877 autem
3710 826 3784 882 illa

2258 917 2317 970 S.
2352 915 2589 970 Thomas
2611 914 2780 969 ltb.tn
2811 913 3009 970 Contra
3047 922 3243 984 gentes,
3263 929 3387 982 cap.
3423 914 3513 978 89,
3544 924 3597 969 et
3638 917 3785 972 variis

2256 1008 2553 1076 Scriptura
2596 1006 2728 1061 locis
2769 1007 3009 1060 obtrivit.
3042 1006 3256 1061 Notavit
3296 1016 3356 1061 et
3405 1005 3707 1072 Janseuius,
3741 1017 3787 1065 et

2261 1108 2510 1167 tanquam
2541 1097 2729 1165 gratias
2765 1097 2966 1152 Christi
3009 1099 3279 1152 contraria
3322 1098 3520 1153 merito
3561 1103 3785 1169 repudia-
3858 1128 3863 1134 ι

2258 1190 2351 1242 vit.
2379 1190 2545 1256 Quem
2572 1204 2699 1244 vero
2724 1190 2775 1244 in
2797 1189 2944 1245 calce
2965 1189 3155 1243 decimi
3189 1189 3333 1242 tertii
3365 1188 3559 1258 capitis
3577 1230 3591 1254 ,
3618 1190 3698 1246 lib.
3726 1210 3783 1261 vt,

2259 1290 2389 1336 tom.
2419 1282 2466 1346 Ἰ,
2508 1283 2696 1337 recitat
2722 1282 2920 1347 locum,
2948 1284 3035 1351 qui
3073 1282 3125 1335 in
3164 1281 3267 1335 ﬁne
3290 1282 3490 1350 capitis
3520 1282 3570 1345 1,
3602 1284 3707 1337 libri
3736 1302 3784 1342 Ill

2256 1373 2394 1441 Περὶ
2423 1374 2622 1442 ἀρχῶν
2653 1374 2940 1442 reperitur,
2968 1375 3033 1428 de
3057 1389 3153 1428 sua
3175 1373 3562 1443 Pelagianismi
3601 1374 3784 1433 oilicina

2257 1465 2484 1534 largitus
2506 1474 2588 1520 est
2620 1464 2881 1531 Ruﬁnus;
2926 1464 2979 1519 in
3010 1462 3196 1518 Graeco
3230 1464 3502 1534 siquidem
3526 1466 3782 1535 exemplari

2253 1571 2362 1609 non
2396 1567 2693 1626 comparet.

2324 1646 2584 1702 Observet
2612 1646 2826 1701 interim
2859 1646 3030 1704 lector
3052 1662 3257 1718 aequus,
3295 1647 3496 1716 ecquid
3520 1646 3646 1701 ﬁdei
3673 1661 3781 1717 pos-

2256 1739 2424 1794 simus
2455 1736 2745 1807 adjungere
2774 1746 2853 1793 tot
2882 1737 3014 1793 locis
3042 1737 3133 1807 qui
3163 1754 3193 1793 e
3221 1737 3379 1791 libris
3418 1750 3447 1789 a
3492 1735 3675 1790 Ruﬁno
3695 1734 3781 1791 La-

2258 1834 2365 1886 tine
2406 1832 2626 1886 redditis
2654 1830 2954 1900 deprompti
2989 1832 3245 1885 adversus
3283 1826 3576 1899 Origenem
3616 1830 3779 1897 jactari

2251 1917 2423 1972 solent
2458 1917 2797 1983 :cujusmodi
2834 1925 2916 1971 est
2966 1916 3052 1971 ille
3098 1931 3258 1986 quem
3304 1916 3451 1971 libro
3481 1933 3556 1982 v1,
3606 1926 3719 1972 tom.
3744 1918 3777 1984 ι,

602 2023 953 2082 gumentutn,
995 2022 1051 2068 et
1087 2014 1477 2084 circumspecte
1525 2015 1914 2085 attingendum.
1977 2033 1997 2069 ‹
2026 2015 2157 2070 ‘Nos
2245 2024 2366 2079 Cap.
2398 2010 2484 2075 15,
2518 2009 2734 2063 adducit
2776 2008 3061 2064 Jansellius
3094 2026 3125 2064 θ
3165 2008 3305 2064 "bro
3339 2026 3401 2065 Ill
3439 2009 3778 2079 Desiderio.

603 2104 1086 2174 respondebimus,
1138 2106 1342 2176 inquit,
1405 2107 1678 2177 accepisse
1736 2106 1952 2175 quidem
2025 2123 2147 2163 eum

599 2195 928 2268 (Cornelium
970 2197 1360 2267 centurionem)
1395 2198 1651 2266 Spiritum
1699 2196 1796 2253 sed
1863 2213 1929 2253 ex
1971 2198 2153 2253 auditu

602 2287 724 2342 ﬁdei
774 2296 831 2341 et
874 2287 1104 2347 naturali
1148 2288 1282 2359 lege,
1330 2304 1454 2359 qua
1512 2288 1754 2358 loquitur
1802 2292 1853 2343 in
1904 2291 2154 2345 cordibus

600 2378 819 2442 nostris,
879 2380 1017 2434 bona
1067 2394 1293 2449 quaeque
1342 2379 1606 2443 facienda.
1625 2388 1679 2434 et
1727 2379 1941 2433 vitanda
1990 2379 2149 2445 mala,

599 2484 697 2538 per
723 2485 881 2539 quam
904 2469 1101 2525 dudum
1133 2485 1349 2539 quoque
1381 2470 1686 2535 Abraham,
1726 2468 1907 2523 Mosen
1959 2480 2013 2523 et
2045 2486 2150 2525 ca-

600 2569 748 2616 teroa
772 2568 989 2615 sanctos
1029 2559 1355 2628 justiﬁeatos
1405 2559 1687 2614 retulimus
1716 2577 1730 2613 :
1767 2574 1926 2628 quam
1955 2576 2152 2630 augere

597 2650 852 2720 deinceps
897 2658 1071 2718 potest
1110 2665 1333 2720 operum
1380 2650 1717 2717 observatio,
1762 2650 1894 2722 legis
1936 2667 2150 2721 quoque

599 2736 828 2806 iustitia,
865 2748 1180 2794 nontamen
1242 2740 1478 2795 carnalis
1527 2739 1660 2811 legis
1709 2758 1828 2812 qua:
1869 2745 2147 2814 praeteriit,

598 2827 693 2881 sed
721 2827 1037 2895 spiritualis,
1069 2829 1192 2897 quia
1222 2831 1304 2881 lca:
1327 2830 1618 2897 spiritualis
1644 2841 1719 2885 est
1740 2830 1806 2885 “.
1837 2849 1857 2884 ι

666 2914 735 2969 Χ.
768 2916 897 2982 Quae
917 2932 1036 2970 cum
1071 2917 1138 2970 ita
1166 2918 1296 2980 sint,
1325 2918 1599 2974 fatendum
1630 2930 1713 2976 est
1761 2931 1934 2978 tamen
1982 2925 2148 2982 nimio

598 3007 717 3077 plus
744 3007 1030 3075 aliquando
1066 3008 1317 3065 tribuisse
1365 3010 1647 3081 Origenem
1685 3012 1787 3083 legi
1830 3024 2061 3081 natura};
2093 3027 2147 3072 et

596 3096 997 3193 quat‘peculiari
1044 3097 1133 3193 Dei
1166 3098 1364 3193 auxilio
1395 3099 1755 3193 debebantur,
1802 3103 1854 3157 in
1896 3105 2145 3175 generale
2171 3135 2211 3193 ο

595 3190 856 3244 auxilium
884 3190 1291 3260 transcripsisse
1321 3209 1336 3246 :
1374 3192 1514 3262 quod
1543 3193 1761 3249 omnino
1803 3193 2141 3265 Pelagianum

593 3288 716 3333 est:
750 3278 895 3333 velut
921 3290 1072 3335 actus
1103 3280 1342 3350 singulos
1370 3281 1684 3349 voluntatis,
1704 3297 1839 3352 quos
1871 3285 2136 3340 votitioues

596 3369 868 3437 appellant
894 3387 908 3424 :
932 3369 1027 3424 bos
1051 3371 1194 3424 enim
1228 3371 1300 3425 ita
1330 3386 1427 3425 nos
1452 3371 1651 3427 habere
1677 3388 1707 3425 a
1740 3372 1849 3428 Deo
1872 3374 2141 3441 censebat,

593 3469 858 3527 quatenus
890 3461 1144 3516 virtutem
1172 3461 1382 3517 volendi
1410 3462 1524 3517 sive
1560 3462 1869 3517 facultatem
1901 3463 2145 3519 volunta-

592 3550 664 3604 tis
694 3564 723 3602 a
756 3547 869 3605 Deo
894 3548 1173 3625 habemus.
1202 3549 1278 3605 Ita
1304 3550 1524 3621 exponit
1572 3551 1700 3607 illud
1729 3551 1914 3619 Pauli,
1944 3553 2140 3625 Philip.

590 3654 657 3705 tt,
685 3640 796 3695 4'5:
841 3658 860 3693 ι
898 3640 1040 3696 Dens
1089 3623 1174 3696 est
1209 3642 1352 3697 enim
1391 3642 1483 3712 qui
1521 3651 1775 3712 operatur
1818 3644 1872 3698 in
1912 3643 2062 3699 vobis
2090 3623 2146 3701 et

590 3730 757 3796 velle,
786 3740 841 3787 et
868 3729 1161 3802 perﬁcere,
1192 3747 1290 3802 pro
1318 3733 1456 3788 bona
1497 3732 1810 3787 voluntate:
1852 3751 1872 3786 ι
1907 3748 2029 3789 cum
2076 3750 2143 3791 ex

591 3824 695 3879 hoc
713 3824 855 3878 enim
883 3823 1001 3878 loco
1028 3822 1407 3878 concluderent
1434 3823 1673 3879 nonnulli
1717 3824 1887 3879 libero
1920 3840 2015 3879 nos
2052 3840 2144 3880 ca-

591 3928 713 3968 rere
743 3912 991 3978 arbitrio,
1023 3912 1284 3983 siquidem
1313 3929 1375 3968 es
1423 3914 1531 3968 Deo
1567 3915 1866 3984 penderent
1898 3914 2143 3968 volunta-

593 4009 661 4061 tis
691 4014 891 4059 nostrze
925 4014 1123 4069 motus,
1177 4004 1257 4059 sic
1315 4007 1598 4072 respondet
1638 4005 1899 4077 Origenes
1941 4005 2035 4060 lib.
2083 4022 2140 4061 ιιι

590 4097 668 4151 De
692 4097 937 4165 princip.,
962 4111 1080 4164 cap.
1111 4097 1162 4163 1,
1199 4112 1343 4152 num.
1378 4098 1443 4152 19
1467 4097 1579 4168 (si)
1625 4114 1638 4152 :
1668 4098 1777 4151 Καὶ
1812 4098 1945 4170 πρὸς
1987 4098 2144 4151 τοῦτο

587 4188 645 4244 δὲ
675 4188 889 4242 λεκτέον
916 4188 995 4241 ὅτι
1033 4191 1066 4259 ἡ
1115 4188 1205 4241 τοῦ
1249 4189 1566 4242 ’Δποστόλου
1598 4189 1739 4254 λέξις
1799 4191 1859 4243 οὑ
1899 4191 2031 4260 φησὶ
2083 4190 2144 4243 τὸ

590 4280 765 4333 θέλειν
811 4278 878 4333 τὰ
922 4278 1067 4333 κακὰ
1109 4281 1173 4332 ὲκ
1219 4278 1313 4332 τοῦ
1348 4279 1479 4333 Θεοῦ
1528 4274 1746 4351 εἷναι,ἢ
1786 4280 1847 4332 τὸ
1878 4279 2047 4333 θέλειν
2076 4280 2143 4333 τὰ

588 4370 769 4439 ἀγαθὰ
800 4372 862 4423 ἐκ
890 4370 982 4424 τοῦ
1011 4369 1145 4423 Θεοῦ
1171 4366 1340 4423 εἶναι’
1374 4371 1572 4441 ὁμοίως
1614 4388 1673 4423 τε
1718 4370 1776 4423 τὸ
1807 4372 2044 4440 ἐνεργεῖν
2074 4370 2141 4424 τὰ

2250 2113 2366 2169 cap.
2394 2099 2452 2163 2,
2485 2115 2631 2153 num.
2665 2099 2720 2163 '5,
2750 2108 2807 2152 ut
2834 2100 2952 2168 plus
2985 2114 3139 2169 aequo
3172 2099 3351 2171 legem
3383 2112 3588 2155 natura:
3624 2102 3781 2171 Orige-

2250 2203 2370 2242 nem
2401 2190 2656 2245 extulisse
2686 2191 2909 2259 probet:
2965 2209 2985 2243 ι
3017 2188 3132 2246 Non
3156 2192 3301 2246 enim
3338 2190 3479 2245 idem
3510 2199 3589 2246 est
3614 2191 3778 2247 habere

2251 2280 2494 2334 vincendi
2529 2282 2804 2343 virtutem,
2843 2291 2898 2335 et
2931 2281 3167 2345 vincere,
3197 2282 3346 2336 sicut
3380 2280 3493 2348 ipse
3525 2282 3777 2351 Apostolus

2249 2370 2562 2425 cautissimo
2583 2386 2828 2426 sermone
2854 2372 3304 2439 signavit,dicens
3340 2372 3468 2441 quia
3498 2373 3635 2426 dabit
3664 2373 3776 2428 Deus

2248 2460 2443 2512 exitum
2487 2469 2543 2512 ut
2583 2460 2837 2514 sustinere
2886 2462 3097 2528 possitis
3122 2463 3188 2527 “,
3225 2480 3337 2518 non
3382 2472 3441 2518 ut
3482 2465 3772 2521 sustineatis.

2248 2547 2398 2602 Iulli
2425 2550 2568 2603 enim
2610 2566 2719 2605 non
2744 2552 3031 2616 sustinent,
3057 2552 3149 2607 sed
3176 2553 3228 2607 in
3261 2554 3563 2609 tentatione
3588 2556 3774 2610 vincon.

2251 2649 2354 2696 tur.
2391 2640 2433 2693 Α
2472 2641 2580 2697 Deo
2604 2650 2785 2703 autent
2810 2644 2989 2709 datur,
3010 2659 3114 2699 non
3138 2651 3196 2698 ut
3232 2645 3628 2711 sustineamus;
3664 2646 3774 2701 alio-

2247 2733 2373 2802 quin
2400 2732 2600 2787 nullum
2644 2732 2755 2802 jam
2805 2734 3076 2790 videretur
3104 2749 3225 2790 esse
3269 2745 3567 2801 certamen,
3610 2737 3690 2792 sed
3724 2747 3772 2793 ut

2247 2823 2512 2879 sustinere
2554 2825 2840 2893 possimus.
2890 2825 2963 2879 Ea
3018 2836 3193 2881 autem
3238 2828 3467 2894 virtute,
3498 2842 3611 2897 qua:
3646 2828 3770 2883 nobis

2246 2914 2369 2968 data
2404 2926 2487 2968 est
2520 2924 2576 2968 ut
2604 2915 2821 2970 vincere
2860 2915 3145 2985 possimus,
3191 2918 3493 2972 secundum
3537 2918 3674 2973 liberi
3698 2933 3767 2973 ar-

2245 3004 2388 3059 bitrii
2413 3006 2745 3071 facultatem,
2770 3017 2860 3061 aut
2886 3006 3147 3063 industrie
3167 3010 3397 3073 utimur,
3425 3019 3479 3064 et
3509 3009 3766 3071 vincimus;

2246 3105 2337 3150 aut
2368 3099 2626 3166 segniter,
2660 3106 2715 3153 et
2740 3112 3083 3169 superamur,
3116 3116 3136 3151 θ
3173 3108 3281 3153 etc.
3309 3116 3325 3164 ;
3375 3109 3430 3155 et
3482 3101 3579 3155 iste
3606 3116 3633 3155 e
3658 3101 3769 3154 libro

2247 3204 2277 3241 ι
2305 3189 2357 3241 in
2386 3187 2553 3255 Epist.
2587 3190 2655 3242 ad
2682 3187 2855 3253 Rom,
2888 3205 3033 3243 nttnt.
3062 3190 3130 3244 58
3169 3204 3181 3239 :
3220 3208 3237 3240 ι
3262 3190 3453 3246 Gratia
3484 3193 3571 3247 Dei
3598 3204 3647 3247 et
3670 3207 3770 3263 gra-

2247 3281 2317 3332 tia
2354 3280 2561 3334 Domini
2598 3280 2762 3334 nostri
2815 3279 2941 3335 Jesn
2976 3280 3196 3346 Christi,
3253 3298 3365 3335 una
3417 3292 3574 3353 atque
3606 3286 3764 3337 eadem

2244 3371 2416 3440 gratia
2452 3371 2760 3441 accipienda
2802 3381 2902 3425 est.
2956 3373 3100 3427 Sicut
3138 3376 3275 3427 enim
3338 3373 3507 3428 Pater
3533 3391 3655 3444 quos
3676 3374 3766 3428 vult

2244 3464 2499 3532 riciﬁcat;
2530 3473 2579 3516 et
2600 3461 2651 3514 F
2653 3462 2776 3517 ilius
2804 3479 2935 3531 quos
2956 3464 3084 3528 vult,
3113 3465 3337 3533 viviﬁcat
3365 3482 3384 3519 :
3410 3476 3457 3520 et
3485 3467 3610 3520 sicut
3636 3464 3768 3519 Pater

2241 3554 2391 3607 habet
2424 3555 2577 3608 vitam
2601 3554 2656 3607 in
2682 3570 2757 3621 se,
2778 3562 2827 3608 et
2862 3552 3006 3606 Filio
3041 3556 3178 3608 dedit
3208 3554 3406 3611 habere
3438 3558 3490 3610 in
3536 3556 3766 3622 semetipso

2242 3646 2398 3698 sitam
2438 3645 2520 3709 “;
2575 3646 2646 3699 ita
2693 3655 2747 3700 et
2775 3645 3002 3715 gratiam
3048 3661 3208 3715 quam
3243 3646 3337 3701 dat
3377 3646 3551 3709 Pater,
3584 3647 3703 3701 hanc
3723 3655 3766 3699 et

2242 3735 2407 3790 Filius
2422 3737 2533 3791 dat.
2551 3736 2837 3793 Sciendum
2853 3752 2983 3793 sane
3004 3747 3087 3793 est
3111 3738 3252 3807 quod
3269 3754 3432 3794 omne
3450 3738 3582 3808 quod
3599 3737 3764 3792 habent

2241 3826 2485 3884 homines
2501 3844 2531 3881 a
2544 3827 2673 3895 Deo,
2688 3828 2856 3894 gratia
2870 3838 2973 3896 est;
2988 3829 3121 3883 nihil
3137 3831 3280 3884 enim
3303 3846 3370 3885 ex
3390 3830 3507 3886 debi
3517 3840 3566 3886 to
3576 3829 3762 3884 habent.

2244 3919 2376 3985 Quis
2400 3924 2537 3975 enim
2569 3922 2713 3988 prior
2730 3921 2870 3975 dedit
2894 3922 2995 3985 illi,
3030 3932 3079 3976 et
3127 3924 3446 3979 retribuetur
3474 3926 3523 3980 si
3548 3923 3619 3977 ⁸⁷1
3650 3920 3763 3976 Gra-

2244 4012 2313 4065 tia
2341 4026 2472 4083 ergo
2511 4022 2594 4067 est
2624 4013 2884 4083 quidquid
2920 4014 3077 4068 habet
3105 4014 3150 4069 is
3183 4014 3274 4084 qui
3303 4030 3410 4070 non
3445 4015 3572 4081 fuit,
3595 4023 3645 4070 et
3674 4020 3759 4075 est,

2242 4099 2511 4168 accipiens
2538 4101 2607 4155 ab
2631 4115 2696 4157 eo
2721 4101 2812 4171 qui
2838 4117 3049 4173 semper
3071 4101 3197 4170 fuit;
3223 4122 3242 4156 ι
3278 4115 3447 4173 atque
3474 4105 3561 4160 ille
3578 4121 3607 4160 e
3627 4104 3760 4157 lib."

2241 4191 2296 4244 in
2334 4190 2500 4261 Epist.
2530 4194 2598 4245 ad
2638 4191 2810 4260 Rom.,
2844 4209 2994 4249 num.
3034 4196 3085 4261 1,
3118 4210 3239 4264 pag.
3279 4196 3428 4250 522:
3485 4215 3503 4248 ε
3542 4194 3636 4250 Sed
3678 4206 3762 4263 ego

2240 4295 2359 4335 cum
2388 4284 2670 4339 considero
2698 4285 2961 4340 sermonis
2987 4286 3358 4353 eminentiam,
3382 4302 3490 4357 quo
3505 4286 3629 4341 dicit
3651 4298 3760 4354 ope-

2243 4374 2380 4426 rauti
2433 4374 2725 4430 secundum
2779 4376 3014 4432 debitum
3067 4378 3240 4443 reddi,
3299 4378 3387 4433 vix
3425 4378 3551 4434 mihi
3590 4374 3761 4432 suadeo

588 4464 870 4535 κρείττονα
891 4462 986 4516 καὶ
1017 4461 1083 4515 τὰ
1122 4462 1339 4535 χείρονα
1363 4478 1376 4492 ·
1403 4460 1536 4514 ἀλλὰ
1576 4461 1636 4513 τὸ
1680 4460 1906 4514 καθόλου
1950 4460 2140 4527 θέλειν,

2248 4463 2383 4532 Quod
2419 4466 2585 4534 possit
2609 4466 2772 4520 ullum
2804 4482 2940 4536 opus
2965 4482 3106 4533 esse.
3134 4469 3275 4538 quod
3304 4484 3371 4525 ex
3397 4470 3572 4525 debito
3606 4479 3759 4522 rentu-

588 4557 682 4610 καὶ
723 4556 784 4608 τὸ
834 4556 1057 4609 καθόλου
1099 4556 1312 4627 τρέχειν
1335 4571 1348 4585 ·
1392 4554 1467 4617 ὼς
1507 4553 1614 4625 γὰρ
1650 4554 1756 4606 ἀπὸ
1787 4553 1921 4607 Θεοῦ
1947 4553 2140 4625 ἔχομεν

588 4649 648 4701 τὸ
673 4643 807 4700 εἶναι
838 4647 968 4711 ζῶα,
1003 4650 1095 4702 καὶ
1140 4649 1201 4702 τὸ
1238 4644 1375 4701 εἶναι
1425 4645 1690 4717 ἄνθρωποι
1717 4662 1731 4676 ·
1766 4645 1905 4699 οὕτω
1946 4646 2040 4699 καὶ
2080 4646 2141 4699 τὸ

588 4737 813 4793 καθόλου
846 4739 1038 4802 θέλειν,
1070 4738 1145 4802 ὼς
1176 4741 1224 4792 ei
1263 4738 1445 4807 ελεγον
1463 4778 1479 4802 ,
1509 4738 1601 4791 καὶ
1632 4737 1692 4791 τὸ
1719 4736 1945 4791 καθόλου
1971 4739 2137 4792 κινεῖ-

588 4830 711 4884 σθαι
736 4848 750 4861 ο
784 4828 969 4901 ὥσπερ
1000 4830 1055 4883 δὲ
1079 4829 1289 4899 ἔχοντες
1315 4830 1374 4883 τὸ
1406 4828 1520 4894 ζῶα
1554 4824 1716 4893 εἶναι,
1760 4828 1820 4882 τὸ
1852 4829 2135 4896 κινεῖσθαι,

584 4923 678 4977 καὶ
711 4922 831 4993 φέρ’
850 4923 1023 4976 εἰπεῖν
1045 4922 1168 4976 τάδε
1194 4921 1262 4975 τὰ
1294 4923 1428 4992 μέλη
1450 4924 1634 4985 κινεῖν,
1660 4923 1844 4994 χεῖρας
1890 4922 1923 4993 ἢ
1951 4922 2133 4985 πόδας,

583 5012 683 5064 οὐκ
712 5010 777 5065 ἂν
807 5012 1042 5080 εὐλόγως
1085 5010 1332 5082 λέγοιμεν
1369 5009 1509 5080 ἔχειν
1536 5012 1640 5065 ἀπὸ
1666 5010 1800 5065 Θεοῦ
1840 5009 1899 5063 τὸ
1941 5008 2135 5062 εἰδικὸν

528 5151 536 5166 ,
585 5101 722 5165 τόδε,
747 5106 863 5177 ἦτοι
897 5105 957 5159 τὸ
988 5102 1249 5158 κινεῖσθαι
1280 5103 1415 5175 πρὸς
1429 5103 1489 5156 τὸ
1522 5103 1739 5157 τύπτειν
1764 5141 1778 5165 ,
1806 5102 1840 5173 ἢ
1870 5102 2132 5173 ἀναιρεῖν,

583 5194 620 5265 ἢ
646 5196 991 5266 ἀφαιρεῖσθαι
1018 5194 1088 5249 τὰ
1122 5192 1375 5264 ἀλλότρια
1393 5208 1406 5223 ·
1444 5191 1578 5246 ἀλλὰ
1606 5192 1667 5246 τὸ
1711 5193 1807 5263 μὲν
1838 5191 2047 5260 γενικδν
2075 5188 2136 5242 τὸ

584 5285 848 5341 κινεῖσθαι
876 5286 1136 5358 ἐλάϐομεν
1156 5284 1264 5340 ἀπὸ
1298 5282 1432 5337 Θεοῦ
1454 5300 1469 5315 ο
1504 5284 1661 5355 ἡμεῖς
1695 5284 1750 5337 δὲ
1776 5282 2032 5356 χρώμεθα
2056 5278 2134 5351 τῷ

585 5376 848 5434 κινεῖσθαι
877 5378 970 5431 int
1018 5376 1422 5450 τὰ“χειρονα,ἢ
1453 5375 1547 5429 ἐπὶ
1572 5373 1641 5428 τὰ
1685 5374 1925 5445 βελτίονα
1947 5390 1960 5405 ⁸
1993 5373 2133 5430 οὕτω

581 5468 647 5524 τὺ
677 5468 777 5542 μὲν
808 5470 1043 5539 ἐνεργεῖν
1163 5469 1282 5535 ζῶα
1324 5471 1525 5541 ὶσμεν,
1565 5467 1862 5539 εἰλήφαμεν
1896 5467 2002 5522 ἀπὸ
2040 5465 2131 5522 τοῦ

2241 4557 2569 4611 nerationem
2623 4558 2715 4613 Dei
2752 4558 3026 4628 deposcat,
3077 4575 3199 4615 cum
3246 4562 3411 4617 etiam
3473 4561 3571 4616 hoc
3614 4558 3756 4627 ipsum

2208 4647 2378 4715 quod
2446 4662 2602 4718 agere
2639 4649 2839 4720 aliquid
2899 4666 3203 4721 possumus,
3244 4652 3329 4707 vel
3387 4652 3640 4724 cogitare.
3692 4645 3759 4701 vel

2238 4739 2504 4809 proloqui,
2531 4740 2699 4810 ipsius
2724 4742 2866 4798 dono
2898 4753 2953 4799 et
2991 4744 3280 4814 largitione
3317 4747 3593 4801 faciamus.
3631 4737 3756 4809 Quod

2234 4846 2361 4899 ergo
2389 4832 2492 4887 erit
2519 4832 2756 4889 debitum
2787 4835 2951 4902 illius,
2974 4836 3125 4904 cujus
3179 4852 3304 4909 erga
3341 4854 3438 4895 nos
3472 4838 3617 4894 fenus
3644 4847 3759 4903 pm-

2236 4922 2435 4976 cessit?
2459 4943 2478 4976 ι
2503 4926 2704 4981 ethice
2724 4926 2865 4983 lib.v
2887 4929 2939 4982 in
2964 4929 3211 4984 eamdem
3241 4929 3540 4998 epistolam,
3563 4940 3695 4981 num.
3712 4922 3753 4988 i,

2235 5026 2356 5082 pag.
2390 5013 2526 5072 550:
2561 5035 2582 5069 s
2606 5016 2759 5085 Quod
2781 5032 2908 5088 ergo
2928 5018 3080 5083 dixit,
3108 5030 3222 5089 post
3247 5021 3355 5075 dies
3369 5020 3434 5088 ",
3473 5019 3570 5075 hoc
3602 5026 3753 5073 osten-

2243 5104 2335 5169 dit,
2392 5107 2517 5175 quia
2568 5108 2757 5176 primis
2789 5110 3002 5180 quidem
3049 5111 3174 5167 vitte
3203 5127 3311 5167 sua:
3338 5111 3520 5167 diebus
3549 5114 3753 5180 paterna

2244 5196 2699 5262 praevaricationis
2746 5199 3171 5258 institutionibus
3226 5202 3500 5263 tenebatur
3550 5193 3747 5269 (Abel):

2234 5288 2506 5355 pastillos
2532 5304 2659 5346 vero
2688 5292 2804 5349 dies
2850 5293 2943 5348 ubi
2994 5294 3233 5363 resipuit.
3286 5295 3373 5350 ubi
3425 5292 3647 5363 respexit
3686 5287 3743 5340 ad

2235 5375 2426 5447 Deum,
2456 5388 2662 5437 naturae
2693 5383 2810 5453 lege
2834 5384 3212 5453 commonitus,
3245 5385 3440 5442 dicitur
3467 5393 3589 5440 tunc
3611 5380 3746 5437 obtth

2237 5466 2362 5524 lisse
2396 5469 2623 5528 hostiam
2654 5472 2786 5531 Deo.
2821 5491 2841 5526 ι

654 5656 699 5687 ⁸⁸
729 5655 884 5710 Rom.
913 5669 1006 5716 vn,
1034 5652 1120 5710 N.
1194 5657 1239 5689 “
1271 5654 1289 5711 l
1320 5655 1443 5713 Cor.
1465 5671 1518 5725 ς,
1546 5655 1631 5711 13.
1709 5654 1753 5688 ⁸⁸
1780 5652 1933 5711 Joan.
1962 5670 2012 5723 v,
2041 5656 2130 5723 2|,

2248 5698 2249 5707 χ
2346 5657 2562 5715 "Rom.
2594 5675 2669 5726 χι,
2709 5657 2795 5714 55.
2873 5656 3069 5716 “Gen.
3092 5674 3167 5725 tv,
3205 5659 3258 5715 5.

652 5747 769 5819 (ιι)
798 5748 1053 5803 Philas-al.
1094 5764 1210 5820 cap.
1236 5750 1326 5805 20.
