4054 6310
287 362 394 415 953

285 583 475 638 genem
516 571 903 626 demonstravit
930 569 1212 624 Janseuius
1259 581 1385 626 tom.
1421 571 1461 636 l,
1496 573 1583 627 lib.
1624 589 1696 636 Vl,
1726 589 1843 644 cup.

287 660 378 725 14,
408 677 513 715 non
555 663 768 716 saniora
797 661 1070 732 opinatum
1126 661 1294 716 fuisse
1333 663 1395 716 de
1422 663 1536 734 lege
1561 663 1721 719 Mosis
1752 681 1845 720 co-

284 765 450 806 natur
491 755 806 816 ostendere;
862 753 946 807 cui
1001 755 1401 821 comprobando
1455 757 1610 811 affert
1663 758 1788 812 illud
1820 774 1852 813 e

283 843 385 898 lib.
421 860 472 898 Iv
495 845 549 898 in
575 842 744 911 Epist.
772 846 840 898 ad
870 844 1049 912 Rom,
1098 862 1246 901 num.
1275 847 1327 911 i,
1368 863 1485 918 pag.
1525 849 1666 903 525:
1699 868 1717 901 ς
1749 851 1853 904 Ιιιί-

284 938 420 990 tium
454 951 684 1006 namque
706 937 992 1006 justilicari
1034 957 1063 991 a
1097 939 1226 1003 Deo,
1261 939 1392 992 fides
1413 950 1495 994 est
1536 958 1653 1010 quae
1681 945 1852 1000 credit

285 1029 338 1085 in
363 1029 766 1099 justifieantem.
802 1031 866 1085 Et
907 1033 1019 1087 haec
1048 1033 1177 1087 fides
1206 1049 1323 1086 cum
1352 1034 1642 1100 justilicata
1669 1035 1847 1104 fuerit,

286 1129 538 1188 tanquam
567 1120 720 1173 radix
753 1120 924 1174 imbre
946 1129 1199 1188 suscepto
1227 1121 1395 1175 hreret
1422 1121 1474 1174 in
1500 1123 1695 1176 anima:
1712 1123 1848 1188 solo,

277 1221 342 1264 ut
373 1226 490 1265 cum
528 1226 620 1280 per
645 1211 812 1281 legem
851 1211 941 1266 Dei
971 1213 1143 1267 excoli
1172 1217 1418 1283 coeperit,
1451 1224 1674 1284 surgant
1710 1215 1760 1267 in
1787 1231 1847 1269 ea

285 1304 442 1367 rami,
467 1304 554 1372 qui
597 1304 803 1358 fructus
829 1320 1050 1375 operum
1091 1305 1286 1360 ferant.
1337 1327 1356 1360 ι
1408 1305 1694 1376 Subjungit
1721 1305 1849 1360 Jan-

281 1397 461 1450 senius
491 1414 504 1450 :
538 1415 556 1447 (
587 1396 724 1451 Ecce
745 1398 940 1468 dogma
963 1397 1161 1468 Pelagii
1184 1399 1248 1453 de
1268 1405 1537 1469 operanda
1565 1405 1846 1475 perlegem

272 1490 506 1557 justitia,
544 1489 833 1545 dummodo
882 1491 1128 1546 remissio
1179 1504 1522 1561 peccatorum
1559 1489 1654 1567 per
1689 1498 1844 1552 fidem

281 1581 400 1632 fiala
430 1581 782 1649 prtecesserit.
817 1599 834 1631 ι
869 1580 938 1634 At
965 1597 1067 1636 non
1119 1584 1234 1638 haec
1258 1585 1322 1637 ad
1362 1584 1529 1655 legem
1563 1587 1724 1642 Mosis
1757 1603 1848 1656 pe-

278 1669 560 1724 culiariter
588 1671 876 1739 pertinent,
915 1671 1007 1726 sed
1039 1673 1105 1726 ad
1135 1687 1294 1743 opera
1333 1683 1540 1729 tantum
1565 1675 1702 1730 bona
1734 1678 1846 1731 sive

275 1757 605 1820 Judasorum.
659 1761 772 1814 sive
811 1761 1169 1827 ethnicorum,
1224 1779 1341 1831 qua:
1371 1765 1490 1819 sine
1520 1764 1623 1820 fide
1668 1766 1842 1820 inania

1108 363 1678 421 ()llIGENIANORUM
1719 364 1844 420 LIB.
1886 364 1950 432 ll,
1994 367 2143 422 CAP.
2187 367 2250 432 ll,
2292 367 2564 434 ρυΑῐδτ.
2607 371 2714 427 Vll.

359 475 450 532 XI.
487 476 780 550 Postquam
813 481 877 533 de
915 476 1029 548 lege
1053 488 1263 533 naturze
1302 480 1440 535 male
1465 481 1698 535 sensisse
1728 480 1852 536 Ori-
1882 491 1926 542 Α

3406 377 3512 432 934

1958 481 2239 536 videantur
2263 497 2381 539 esse
2413 487 2574 550 bona,
2610 496 2786 540 tamen
2831 500 3167 558 operatorem
3228 507 3383 547 suum
3424 496 3512 564 ju-

1963 573 2197 628 stificare
2229 591 2330 628 non
2371 586 2617 643 possunt,
2644 577 2786 646 quod
2823 580 2900 634 eis
2935 581 3081 634 deest
3105 583 3252 646 fides,
3281 601 3399 654 qua:
3427 597 3513 641 est

1961 665 2292 733 signaculum
2328 681 2510 720 eorum
2569 669 2661 736 qui
2709 668 3072 735 justifieantur
3121 690 3150 727 a
3207 675 3343 742 Deo;
3396 694 3415 728 ι
3457 687 3512 732 et

1954 760 2091 826 quod
2117 760 2253 814 libro
2275 769 2554 828 sequente,
2580 778 2728 814 num.
2759 763 2812 826 l,
2845 779 2962 832 pag.
2987 765 3081 818 52f
3119 785 3132 821 :
3167 784 3185 818 ι
3224 771 3509 838 Propterea

1951 867 2079 922 ergo
2111 863 2162 906 et
2196 854 2246 906 in
2293 853 2398 908 alio
2439 855 2731 922 Scriptura:
2783 855 2898 910 loco
2931 858 2975 888 "°
3004 857 3198 911 dicitur
3249 861 3312 913 de
3342 862 3511 914 Abra-

1953 943 2096 1009 ham,
2136 944 2274 1012 quod
2307 960 2371 998 ex
2415 946 2663 1012 operibus
2706 945 2826 998 fidei
2871 944 3198 1012 justilicatus
3240 946 3349 1014 sit;
3383 949 3507 1016 quia

1950 1046 2154 1090 certum
2178 1046 2261 1090 est
2286 1053 2404 1091 eum
2430 1038 2517 1106 qui
2549 1053 2670 1092 vere
2695 1039 3032 1105 credit,opns
3057 1039 3174 1092 fidei
3198 1040 3506 1106 etjustitiae,

1949 1137 2002 1181 et
2054 1128 2218 1182 totius
2271 1128 2527 1182 bonitatis
2571 1129 2805 1196 operari.
2846 1149 2861 1180 ι
2927 1129 3097 1184 Caute
3138 1144 3262 1183 vero
3295 1131 3394 1185 ista
3429 1131 3508 1186 le-

1948 1221 2115 1286 genda
2153 1229 2297 1283 sunt,
2330 1235 2448 1288 qua:
2480 1221 2694 1275 disserit.
2731 1222 2780 1275 in
2813 1222 2904 1276 lib.
2933 1237 3015 1289 ut,
3062 1239 3208 1278 num.
3251 1226 3336 1286 10,
3384 1241 3505 1296 pag.

1949 1308 2079 1363 519:
2124 1328 2141 1360 ι
2177 1310 2325 1376 Quod
2359 1311 2403 1364 si
2433 1311 2677 1380 requirat
2712 1313 2909 1380 aliquis
2934 1315 3217 1379 curiosius,
3259 1316 3291 1370 ii
3323 1319 3412 1386 qui
3440 1334 3506 1372 ex

1949 1404 2051 1458 fide
2073 1404 2459 1470 justilicantur,
2487 1420 2582 1474 per
2614 1421 2771 1475 quem
2800 1405 3261 1473 justificentur;et
3294 1424 3505 1465 rursum

1948 1495 1981 1548 ii
2007 1496 2096 1563 qui
2131 1511 2227 1564 per
2271 1497 2427 1550 fidem
2458 1495 2844 1562 justilicantur,
2873 1513 2938 1552 ex
2969 1513 3074 1567 quo
3100 1499 3504 1569 justificentur:

1946 1585 2072 1640 licet
2101 1585 2351 1642 fortassis
2383 1587 2548 1641 multa
2603 1589 2653 1642 in
2684 1589 2783 1643 hoc
2819 1591 3106 1645 curiositas
3130 1591 3396 1656 videatur,
3426 1604 3506 1647 ta-

1946 1692 2065 1731 men
2087 1678 2467 1733 convenienter
2491 1678 2671 1734 dicere
2696 1695 2996 1749 possumus,
3026 1683 3164 1751 quod
3194 1684 3281 1752 qui
3313 1699 3372 1737 ex
3405 1684 3507 1740 fide

1941 1769 2325 1835 justilicantur,
2375 1770 2532 1827 initio
2564 1787 2632 1825 ex
2666 1774 2767 1827 fide
2821 1786 3055 1843 sumpto,
3123 1790 3217 1844 per
3244 1776 3506 1844 adimple-

269 1861 423 1906 sunt.
451 1852 539 1906 Ait
569 1867 696 1920 ergo
725 1852 932 1906 initium
958 1853 1355 1920 justifieationis
1384 1856 1542 1910 fidem
1572 1872 1690 1912 esse
1727 1873 1845 1926 qua:
1874 1831 1916 1885 Β
1950 1862 2145 1914 tionem
2201 1862 2463 1916 bonorum
2523 1878 2743 1930 operum
2797 1877 3275 1930 consummantur;
3331 1877 3382 1920 et
3415 1867 3504 1937 qui

275 1944 453 1998 credit
492 1945 563 2007 ini.
588 1944 797 2011 Deum;
844 1960 961 2013 quae
1001 1945 1150 2008 fides,
1212 1947 1364 2016 quasi
1437 1948 1723 2013 dispositio
1778 1950 1842 2003 ad

273 2036 716 2103 justifieationem
771 2038 1179 2107 acquirendam,
1220 2055 1339 2093 cum
1369 2039 1630 2109 justitiam
1659 2057 1846 2110 appre-

269 2126 549 2190 henderit,
579 2136 635 2180 ut
665 2127 974 2197 loquuntur,
1020 2140 1181 2197 atque
1217 2128 1597 2196 itajustilicata
1633 2131 1791 2183 fuerit
1814 2145 1843 2183 a

271 2216 390 2272 Deo
415 2236 429 2283 ;
466 2234 693 2288 cumque
713 2220 935 2288 justitim
962 2221 1154 2284 imbre,
1180 2221 1257 2274 sic
1290 2231 1542 2290 tanquam
1570 2221 1718 2275 radix
1748 2221 1846 2275 ali-

277 2323 404 2376 qtta,
442 2309 678 2379 perpluta
702 2310 881 2378 fuerit,
910 2322 1036 2367 tunc
1064 2313 1174 2380 ipsa
1209 2314 1342 2366 lides
1362 2321 1521 2382 atque
1543 2313 1656 2381 ipsa
1686 2313 1846 2383 justi-

281 2399 354 2452 tia
382 2403 574 2455 animae
591 2401 704 2455 solo
741 2401 1039 2467 inltmrent;
1095 2403 1173 2457 sic
1205 2413 1378 2456 tamen
1410 2413 1465 2456 ut
1497 2405 1691 2458 divina:
1714 2396 1857 2474 legis'

268 2490 655 2546 observatione
692 2493 858 2548 foveri
913 2494 1059 2546 illam
1106 2504 1156 2547 et
1205 2495 1373 2549 excoli
1424 2510 1641 2549 necesse
1673 2495 1742 2550 sit
1777 2498 1842 2550 ad

277 2579 529 2636 feremlos
575 2597 794 2652 Operum
853 2582 1084 2648 fructus,
1137 2584 1224 2651 qui
1283 2585 1425 2638 velut
1463 2587 1656 2639 radicis
1687 2585 1843 2655 hujus

269 2673 475 2728 surculi
526 2673 880 2737 ellloreseaut.
926 2673 1054 2740 Qua:
1102 2676 1220 2730 fidei
1278 2677 1556 2732 catholicae
1610 2679 1840 2732 decretis

277 2779 660 2834 usquequaque
714 2775 1030 2831 consonant,
1083 2766 1128 2821 si
1170 2768 1326 2822 modo
1365 2770 1617 2837 praevium
1655 2769 1841 2838 gratiae

274 2857 565 2911 exc-ltantis
591 2867 644 2911 et
676 2856 914 2926 juvantis
941 2857 1234 2912 subsidium
1265 2870 1609 2928 agnoscatur.
1646 2859 1838 2914 Verum

270 2966 379 3004 non
409 2950 458 3003 id
509 2950 751 3018 queritur
793 2950 1078 3006 Jansenius
1113 2967 1128 3005 :
1163 2962 1217 3006 at
1246 2952 1412 3006 latere
1460 2952 1549 3008 hic
1581 2962 1840 3008 causatur

269 3043 472 3112 dogma
506 3041 701 3111 Pelagii
728 3042 794 3096 de
828 3045 1094 3112 operanda
1122 3059 1216 3113 per
1243 3043 1409 3114 legem
1434 3042 1664 3112 justitia,
1690 3045 1842 3100 dum-

271 3136 435 3190 modo
472 3136 716 3190 remissio
745 3145 1088 3204 peccatorum
1118 3152 1213 3207 per
1245 3137 1403 3190 fidem
1437 3137 1558 3190 data
1608 3153 1838 3207 praeces-

271 3233 429 3282 serit.
463 3227 664 3282 Debere
697 3228 909 3296 quidem
949 3243 978 3282 a
1017 3229 1119 3282 fide
1163 3226 1599 3298 justifieationem
1641 3229 1836 3284 ducere

273 3320 582 3385 exordium;
624 3318 976 3388 eamdemque
1009 3329 1225 3389 peccata
1280 3319 1475 3386 delere,
1543 3331 1595 3375 et
1637 3320 1724 3376 hic
1757 3322 1837 3376 di-

274 3411 420 3465 xisse
448 3411 674 3466 fatemur
698 3411 1004 3480 Origenem,
1057 3422 1113 3464 et
1152 3419 1296 3465 recte
1327 3411 1531 3467 dixisse
1564 3413 1836 3482 pertendi-

276 3516 434 3555 mus:
469 3516 567 3555 nec
602 3503 654 3555 in
695 3518 758 3556 eo
802 3504 992 3569 Opinor
1031 3501 1372 3571 Pelagiauum
1407 3503 1534 3555 illud
1583 3504 1834 3571 placitmn

270 3588 558 3645 Jansenius
610 3592 840 3659 positum
870 3607 987 3644 esse
1022 3590 1208 3654 voluit,
1264 3591 1354 3645 sed
1415 3592 1466 3644 in
1502 3591 1750 3660 dogmate
1773 3593 1836 3648 de

270 3686 540 3752 operanda
572 3699 674 3753 per
698 3685 868 3752 legem
893 3684 1122 3754 justitia,
1165 3685 1305 3752 quod
1340 3683 1679 3754 Pelagianum
1719 3699 1836 3741 esse

273 3776 638 3844 agnoscimus,
671 3777 763 3830 sed
799 3777 865 3830 ab
903 3777 1004 3830 hoc
1036 3775 1282 3845 Origenis
1317 3775 1434 3830 loco
1465 3776 1618 3845 longe
1653 3776 1834 3845 procul

271 3867 461 3920 abesse
491 3881 808 3937 pugnamus.
828 3867 1108 3934 Quomodo
1137 3868 1279 3921 enim
1299 3867 1624 3938 operandam
1665 3869 1836 3924 sensit

272 3974 368 4027 per
402 3960 572 4030 legem
601 3960 886 4028 justitiam,
917 3960 1004 4029 qui
1025 3959 1464 4027 justifieationem
1488 3961 1619 4030 legis
1646 3964 1834 4017 obser-

272 4054 471 4107 vationi
508 4061 830 4122 praevertere
875 4053 1071 4107 debere
1123 4053 1298 4107 dixit?
1357 4052 1457 4108 Per
1502 4053 1672 4123 legem
1715 4053 1828 4116 Dei,

275 4142 377 4197 hoc
421 4152 504 4195 est
534 4142 671 4196 bona
701 4157 884 4211 opera,
923 4140 1189 4208 justitiam
1228 4142 1442 4212 quidem
1486 4141 1828 4198 excolendam

272 4237 472 4301 sanxit,
502 4236 811 4303 neutiquam
847 4247 976 4287 vero
1033 4248 1128 4302 per
1164 4233 1335 4304 legem
1391 4234 1653 4302 justitiam
1687 4249 1832 4288 com-

272 4329 454 4395 parari
501 4328 749 4382 credidit.
794 4325 918 4380 Haec
971 4325 1099 4380 licet
1152 4325 1450 4395 perspicua,
1497 4325 1615 4380 aliis
1656 4335 1829 4380 tamen

269 4419 521 4490 Origenis
547 4420 788 4489 ejusdem
831 4419 1151 4474 testimoniis
1192 4418 1390 4472 firmari
1420 4427 1659 4487 possunt.
1703 4435 1722 4468 ε
1754 4417 1828 4471 Ex

1945 1965 2038 2018 per
2070 1950 2226 2005 fidem
2259 1950 2644 2018 justilicantur,
2670 1970 2699 2006 a
2727 1955 2879 2009 bonis
2905 1956 3155 2022 operibus
3184 1957 3382 2022 exorsi,
3412 1972 3506 2026 per

1948 2042 2104 2096 fidem
2139 2058 2403 2097 summam
2461 2044 2809 2112 perfectionis
2861 2048 3149 2116 accipiunt.
3201 2067 3219 2100 ι
3260 2047 3388 2114 Qum
3423 2058 3506 2102 ta-

1945 2149 2064 2188 men
2103 2133 2231 2188 ferri
2278 2142 2546 2204 poterunt,
2608 2136 2652 2189 si
2689 2136 2758 2189 ita
2793 2137 3186 2205 intelligantur,
3232 2139 3502 2206 justilica-

1947 2227 2072 2280 tioui
2101 2227 2289 2294 prmire
2311 2227 2523 2296 quidem
2557 2243 2714 2298 posse
2739 2244 2902 2297 opera
2929 2231 3090 2294 bona,
3113 2232 3203 2284 sed
3233 2247 3335 2285 nou
3360 2228 3504 2301 ejus-

1946 2319 2106 2382 modi,
2165 2335 2284 2387 qua:
2333 2320 2398 2371 ad
2457 2320 2595 2374 hanc
2651 2321 3151 2391 apprehendendam
3225 2321 3505 2376 conferant

1943 2406 2266 2475 quidquam;
2297 2408 2471 2470 qualia
2512 2419 2638 2462 sunt
2671 2426 2835 2480 opera
2866 2410 2950 2464 illa
2982 2426 3098 2480 qua:
3123 2411 3238 2481 lege
3272 2412 3500 2467 naturali

1944 2499 2203 2552 suadente
2237 2498 2609 2564 perficiuntur.

2011 2588 2193 2658 Pergit
2223 2590 2510 2643 ostendere
2529 2590 2814 2646 Jansenius
2834 2600 2962 2645 tom.
2981 2593 3018 2654 I,
3047 2592 3140 2647 lib.
3166 2609 3240 2655 vr.
3265 2609 3383 2662 cap.
3413 2594 3501 2659 Η.

1941 2695 2129 2750 parum
2162 2696 2292 2734 sana
2327 2679 2491 2735 fuisse
2519 2680 2769 2751 Origenis
2800 2685 2866 2738 de
2911 2683 3027 2752 lege
3064 2684 3258 2755 Moysis
3289 2685 3500 2754 placita,

1942 2773 2110 2840 utqui
2151 2787 2246 2840 per
2272 2788 2388 2826 eam
2441 2782 2716 2842 peccatum
2749 2775 2915 2831 fuisse
2957 2777 3296 2831 imminutmn
3326 2793 3388 2833 ac
3421 2794 3504 2832 re-

1939 2863 2188 2916 strictum
2236 2862 2549 2928 crediderit,
2602 2873 2790 2918 contra
2843 2866 2942 2920 hoc
2976 2867 3214 2936 Apostoli
3270 2885 3504 2934 pronun-

1940 2952 2124 3006 tiatqu
2159 2968 2171 3004 :
2216 2972 2233 3005 ι
2264 2951 2374 3006 Lex
2418 2961 2594 3007 autem
2623 2955 2966 3018 subintravil,
2989 2965 3045 3009 ut
3079 2957 3373 3012 abundaret
3405 2960 3502 3012 de-

1940 3041 2123 3096 lictum
2151 3044 2228 3109 “;
2258 3062 2293 3096 -ι
2320 3053 2480 3111 atque
2510 3044 2623 3098 haec
2653 3037 2847 3115 placita
2872 3045 3068 3115 Pelagii
3098 3058 3152 3102 et
3176 3047 3370 3102 Juliani
3408 3050 3503 3104 doc

1940 3135 2124 3189 ctrina:
2157 3135 2342 3190 scribit
2363 3150 2482 3190 esse
2517 3143 2902 3203 consentanea,
2945 3139 2995 3192 in
3025 3139 3196 3208 iisque
3225 3141 3392 3196 fuisse
3435 3143 3500 3196 ab

1937 3225 2236 3294 Augustino
2287 3225 2570 3296 profligata
2616 3237 2669 3282 et
2721 3228 2991 3283 confossa.
3051 3229 3166 3285 Non
3217 3247 3317 3300 ego
3371 3247 3502 3286 sane

1937 3330 2106 3384 usque
2134 3314 2266 3369 adeo
2288 3315 2536 3385 Origenis
2568 3331 2745 3372 causae
2770 3317 2944 3381 faveo,
2977 3329 3032 3372 ut
3080 3322 3341 3375 naturalis
3371 3321 3500 3390 legis

1935 3403 2078 3458 vires
2102 3414 2296 3474 praeter
2313 3419 2524 3474 asquum
2549 3407 2869 3476 pradicatas
2898 3410 2965 3461 ab
2993 3423 3057 3463 eo
3084 3409 3249 3464 fuisse
3284 3425 3497 3479 negem;

1936 3512 2000 3552 ac
2032 3497 2147 3551 illas
2192 3498 2374 3552 itidem
2408 3497 2654 3553 Mosaicae
2704 3498 2862 3568 legis,
2924 3516 3057 3568 quas
3091 3501 3164 3553 ita
3191 3499 3400 3564 extulit,
3434 3514 3499 3554 ac

1937 3589 1981 3643 si
2017 3604 2120 3642 non
2153 3597 2430 3658 peccatum
2476 3589 2734 3642 duntaxat
2769 3590 3108 3658 prohibuerit
3139 3606 3201 3645 ea
3239 3591 3351 3657 lex,
3402 3592 3496 3644 sed

1935 3681 2164 3750 gratiam
2183 3681 2344 3734 etiam
2383 3680 2686 3735 hominibus
2717 3684 2782 3734 ad
2811 3684 3128 3737 vincendmn
3165 3683 3291 3737 illud
3313 3692 3501 3738 contu-

1935 3773 2088 3839 lerit,
2132 3790 2196 3829 ac
2223 3776 2266 3830 si
2303 3792 2398 3846 per
2442 3777 2585 3830 illam
2621 3791 2725 3829 non
2765 3774 3000 3844 cognitio
3048 3775 3218 3831 solum
3265 3775 3496 3846 peccati,

1935 3865 2026 3920 sed
2051 3867 2211 3920 etiam
2245 3868 2459 3922 sanatio
2502 3866 2822 3936 contigerit;
2873 3880 2936 3920 ac
2985 3866 3027 3919 si
3079 3881 3182 3920 non
3216 3868 3282 3920 ad
3314 3866 3494 3936 priora

1933 3965 2274 4025 peccatorum
2313 3972 2533 4027 genera,
2563 3973 2683 4027 quae
2714 3964 3103 4024 praeesserant
3141 3955 3326 4026 legem,
3360 3971 3498 4026 prae-

1933 4049 2194 4102 varicatio
2227 4059 2485 4118 praeterea
2511 4048 2825 4112 accesserit,
2845 4062 2964 4117 qua:
2987 4048 3365 4115 praevaricatio
3389 4047 3491 4102 nisi

1932 4137 2049 4208 lege
2097 4138 2203 4193 lata
2235 4153 2357 4195 esse
2397 4154 2501 4195 non
2530 4149 2742 4208 potest;
2789 4153 2852 4194 ac
2880 4140 2923 4193 si
2977 4154 3080 4192 non
3118 4138 3408 4192 nitentibus
3437 4139 3493 4194 in

1931 4233 2154 4285 vetitum
2188 4231 2515 4295 hominibus,
2539 4231 2971 4300 concupiscentia
2998 4230 3112 4300 lege
3141 4231 3344 4284 frenata
3375 4245 3496 4283 cre-

1931 4322 2097 4379 verit:
2132 4338 2195 4378 ac
2227 4323 2272 4379 si
2305 4339 2408 4378 non
2438 4339 2696 4394 apparere
2728 4333 2935 4378 tantum
2976 4325 3220 4392 emperit,
3251 4332 3304 4376 et
3329 4323 3493 4392 depu-

1934 4414 2034 4468 tari
2063 4425 2361 4485 peccatum,
2393 4416 2488 4470 sed
2518 4416 2678 4470 etiam
2706 4415 2940 4470 ablatum
2969 4415 3148 4469 fuerit.
3168 4414 3275 4469 Dici
3313 4421 3490 4468 tamen

269 4511 465 4582 quibus
491 4511 759 4575 onmibus,
802 4528 822 4562 ι
863 4511 1034 4580 inquit
1066 4509 1156 4564 lib.
1182 4525 1236 4563 tu
1263 4509 1316 4562 in
1351 4507 1523 4576 Epist.
1549 4508 1617 4561 ad
1649 4506 1828 4574 Rom.,
1859 4520 1906 4580 ι)
1932 4517 2107 4577 potest
2139 4508 2190 4562 in
2225 4508 2452 4574 gratiam
2483 4506 2752 4577 Origenis,
2816 4521 2919 4561 non
2949 4514 3168 4575 peccata
3200 4519 3295 4576 per
3322 4504 3490 4574 legem

271 4616 418 4654 num.
452 4601 508 4662 9,
541 4615 660 4669 pag.
692 4599 814 4664 517,
875 4617 894 4650 ι
939 4599 1105 4654 claret
1160 4599 1304 4668 quod
1357 4607 1502 4651 recte
1540 4597 1834 4650 arbitratur

269 4691 557 4760 Apostolus
601 4693 643 4724 θ’
686 4691 968 4759 justifirari
1021 4691 1291 4745 hominem
1346 4705 1440 4758 per
1498 4688 1655 4742 fidem
1716 4689 1832 4743 sine

269 4785 522 4853 operibus
557 4784 710 4853 legis.
781 4784 884 4838 Sed
913 4783 1156 4838 fortassis
1206 4782 1321 4836 hare
1367 4782 1562 4853 aliquis
1605 4783 1830 4837 audiens

271 4878 590 4945 resolvatur,
627 4887 682 4932 et
717 4881 854 4932 bene
902 4875 1090 4945 agendi
1123 4875 1496 4944 negligentiam
1531 4875 1727 4945 capiat,
1758 4873 1832 4928 si-

274 4970 490 5037 quidem
545 4971 610 5025 ad
663 4969 1063 5039 justilicandum
1114 4967 1244 5021 fides
1289 4965 1400 5022 sola
1447 4965 1688 5020 sufﬁciat.
1749 4965 1829 5018 Ad

272 5078 429 5131 quem
468 5063 707 5118 dicemus
738 5065 860 5132 quia
897 5073 1018 5130 post
1063 5059 1501 5133 justifieationem
1543 5059 1588 5113 si
1635 5059 1831 5126 injuste

272 5157 395 5224 quis
434 5166 579 5224 agat,
623 5156 744 5210 sine
787 5156 950 5210 dubio
979 5152 1381 5225 justilicationis
1427 5150 1650 5221 gratiam
1678 5164 1829 5219 spre-

268 5247 367 5300 vit.
403 5265 420 5297 ι
444 5245 557 5300 Non
580 5259 740 5316 Opera
778 5246 876 5315 ipsi
914 5246 1158 5315 justitize,
1189 5246 1280 5300 sed
1306 5243 1564 5314 justitiam
1584 5241 1833 5310 operibus

272 5337 578 5408 prazposuit.
614 5337 821 5391 Clarius
847 5338 1008 5392 etiam
1051 5338 1190 5407 quod
1214 5337 1356 5406 jacet
1388 5335 1544 5407 paulo
1569 5334 1823 5389 inferius:

278 5452 296 5482 ι
336 5430 438 5487 Ubi
478 5445 607 5485 vero
648 5431 778 5486 fides
811 5447 915 5486 non
943 5441 1026 5486 est
1053 5447 1170 5500 quae
1208 5434 1516 5486 credentem
1543 5427 1824 5496 justilicet,

270 5525 430 5579 etiam
461 5522 507 5577 si
535 5537 694 5592 opera
730 5524 852 5594 quis
882 5523 1075 5577 habeat
1102 5539 1166 5577 ex
1193 5522 1327 5592 lege,
1359 5532 1534 5576 tamen
1565 5521 1690 5589 quia
1719 5533 1824 5572 non

273 5625 400 5672 sunt
437 5613 703 5671 aedificata
748 5629 909 5685 supra
951 5614 1354 5668 fundamentum
1400 5611 1543 5675 fidei,
1578 5608 1824 5680 quamvis

345 5800 386 5830 ⁶⁹
415 5797 561 5853 Rom.
596 5811 674 5860 ιιι,
707 5795 794 5851 28.
872 5796 915 5826 τ’
937 5791 1114 5856 Jacob,
1155 5807 1210 5857 ιι,
1232 5792 1324 5857 2f,
1352 5793 1440 5846 ἓξ.

1938 4599 2178 4654 absolute
2202 4600 2420 4653 dimissa
2450 4600 2618 4668 ipsum
2648 4600 3042 4668 pronuntiasse,
3073 4596 3166 4654 sed
3201 4616 3218 4648 ι
3253 4613 3316 4651 ex
3343 4607 3493 4665 parte

1938 4691 2158 4759 aliqua;
2199 4709 2217 4742 ι
2263 4691 2390 4759 quia
2421 4689 2628 4760 Moyses
2672 4707 2690 4740 ι
2742 4705 2806 4742 ex
2860 4697 3126 4759 prmeepto
3161 4688 3298 4758 regis
3332 4687 3491 4755 primi

1936 4782 2198 4837 sacrificia
2246 4780 2494 4845 instituit,
2523 4781 2717 4849 quibus
2739 4773 2884 4833 certa
2928 4777 3266 4833 solemnitate
3295 4777 3492 4832 oblatis

1937 4872 2072 4927 sicut
2097 4873 2329 4934 deceret,
2387 4870 2754 4926 remitteretur
2784 4870 2864 4924 eis
2907 4880 3209 4938 peccatum.
3247 4885 3267 4920 ι
3320 4868 3488 4921 Verba

1935 4973 2060 5019 sunt
2091 4963 2340 5034 Origenis
2373 4963 2466 5018 lib.
2500 4977 2530 5016 ν
2575 4963 2629 5016 in
2692 4960 2860 5028 Epist.
2906 4963 2977 5015 ad
3020 4962 3197 5023 Rom.
3253 4974 3398 5014 num.
3431 4959 3485 5022 l,

1935 5072 2053 5126 pag.
2087 5057 2213 5120 550,
2246 5071 2310 5111 ex
2333 5072 2398 5112 eo
2426 5056 2540 5125 ipso
2580 5055 2697 5111 loco
2723 5071 2879 5124 quem
2938 5055 3145 5125 profert
3181 5051 3486 5108 Jansenius.

1937 5146 2058 5202 llaec
2099 5155 2277 5202 autem
2326 5146 2572 5202 remissio
2610 5156 2952 5216 peccatorum
3001 5146 3254 5217 quoniam
3292 5145 3491 5214 imperi

1936 5240 2072 5294 fecta
2096 5248 2232 5304 erat,
2276 5249 2330 5293 et
2384 5237 2525 5292 illius
2571 5237 2758 5292 umbra
2807 5253 2925 5307 qum
2981 5237 3172 5292 merito
3213 5234 3489 5304 sanguinis

1935 5331 2133 5386 Christi
2178 5330 2515 5400 impetratur,
2545 5328 2744 5385 idcirco
2785 5346 2888 5383 non
2937 5329 3094 5400 plene
3120 5339 3174 5382 et
3227 5328 3486 5397 perfecte,

1933 5423 2026 5477 sed
2054 5437 2116 5476 ex
2153 5432 2306 5492 parte
2331 5421 2508 5490 aliqua
2536 5421 2805 5492 tyrannidi
2841 5419 3031 5474 mortis
3071 5433 3133 5473 ac
3154 5417 3356 5489 peccati
3393 5431 3489 5485 per

1933 5513 2102 5586 legem
2143 5513 2333 5569 obsisti
2386 5512 2539 5567 dixit.
2608 5511 2662 5567 ld
2705 5513 2815 5580 ipse
2861 5511 3140 5582 perspicue
3197 5507 3486 5580 significat,

1930 5623 2051 5664 cum
2081 5606 2230 5664 addit
2264 5604 2564 5663 obsistente
2587 5604 2984 5677 quantumlibet
3010 5604 3125 5676 lege
3146 5600 3488 5675 praevatuisse

1513 5792 1552 5826 '“
1587 5791 1735 5847 Rom.
1761 5803 1812 5856 γ,
1841 5787 1930 5846 20.
