4054 6310
554 356 661 412 935

1786 357 1845 413 P.
1888 354 2204 411 DANIELIS
2245 356 2337 413 ῐῐυ
2349 354 2484 412 ETll

3691 352 3796 403 Ἡδὺ

553 479 857 543 peccatum,
911 486 1011 526 nec
1052 470 1155 541 legi
1206 471 1637 527 snccenturiatos
1685 472 1981 542 prophetas
2018 470 2125 523 vim
2155 469 2393 532 Aetiam
2444 468 2892 540 pmvaricatione
2964 481 3211 539 peccare.
3266 485 3287 520 ι
3360 463 3420 520 S.
3458 464 3695 521 'l'homas
3740 471 3803 525 in

554 563 764 633 peccati
824 562 1080 618 cohibere
1138 562 1404 631 potuisse.
1446 563 1541 619 sed
1602 563 1845 619 adfuisse
1908 565 2124 619 tandem

553 656 858 720 Christum,
913 670 976 709 ac
1031 654 1100 708 de
1149 665 1323 709 morte
1360 663 1416 709 et
1475 666 1696 725 peccato
1741 657 2123 726 triumphasse.

557 746 822 802 Praeterea
874 744 992 812 lege
1042 742 1148 797 lata
1194 742 1379 812 aliquo
1406 759 1567 799 sensu
1600 760 1912 814 compressa
1963 746 2161 813 fuisse,

555 840 660 893 dici
707 845 881 907 potest
922 835 1131 905 peccati
1170 836 1285 901 vis;
1322 853 1426 892 non
1458 839 1601 907 quod
1646 839 1789 894 hanc
1825 840 2005 909 reipsa
2042 841 2127 895 lex

556 931 963 1003 compresserit,
994 931 1087 985 sed
1111 931 1252 999 quod
1281 930 1347 983 ad
1385 944 1502 985 eam
1528 932 1991 1000 comprimendam
2020 933 2128 990 lata

555 1027 659 1089 sit;
700 1032 941 1094 spectato
969 1022 1223 1086 consilio,
1250 1037 1356 1076 non
1384 1031 1618 1088 eventu;
1641 1038 1793 1087 nam,
1830 1026 2128 1078 secundum

555 1115 921 1181 Ambrosium,
981 1133 1001 1166 ι
1055 1115 1340 1184 Apostolus
1378 1112 1617 1168 ostendit
1651 1113 1782 1183 quid
1814 1116 2130 1182 provenerit

556 1210 683 1264 data
728 1209 864 1277 lege,
907 1223 1009 1262 non
1035 1206 1163 1277 quid
1196 1206 1279 1260 lex
1308 1205 1552 1259 fecerit.»
1590 1230 1664 1246 --
1690 1224 1711 1258 ‹
1752 1205 1867 1260 Νοιι
1911 1207 2078 1273 enim,
2104 1226 2124 1259 ι

556 1311 616 1354 ιιι
659 1300 824 1355 habet
856 1299 914 1354 S.
947 1299 1183 1354 Thomas
1215 1299 1269 1351 in
1304 1295 1456 1350 Rom.
1484 1312 1536 1361 v,
1575 1297 1666 1363 20,
1708 1316 1727 1349 ι
1760 1299 1825 1352 ad
1882 1299 1985 1355 hoc
2031 1298 2132 1353 fuit

557 1393 684 1445 data
716 1391 820 1453 lex,
861 1400 919 1445 nt
958 1399 1244 1459 peccatum
1290 1389 1623 1455 abundaret;
1664 1390 1792 1459 quin
1823 1392 2001 1460 potius
2024 1391 2129 1455 lex,

555 1491 816 1553 quantum
860 1483 995 1537 inse
1026 1480 1147 1546 fuit,
1185 1490 1469 1547 peceatum
1502 1479 1799 1550 prohibuit,
1834 1485 2129 1537 secundum

558 1577 685 1630 illud
722 1574 855 1645 psal.
884 1590 1071 1639 cxvm,
1105 1574 1192 1638 ll,
1214 1572 1281 1625 In
1312 1572 1467 1625 corde
1497 1588 1607 1626 meo
1632 1572 1886 1627 abscondi
1916 1574 2123 1645 eloquia

556 1678 668 1732 tua,
701 1679 754 1720 ut
788 1683 889 1720 non
924 1681 1124 1734 peccem
1156 1666 1271 1720 tibi.
1307 1682 1326 1717 ι
1385 1664 1491 1719 Sed
1523 1679 1621 1719 nec
1647 1665 1808 1720 aliter
1832 1680 1928 1736 per
1962 1666 2131 1737 legem

558 1758 951 1812 incrementum
1011 1757 1289 1825 accepisse
1333 1766 1618 1826 peccatum
1674 1759 1893 1812 tradunt
1940 1756 2132 1814 Patres

556 1850 824 1914 nonnulli,
857 1865 1016 1918 quam
1048 1848 1175 1919 quia
1208 1864 1303 1918 per
1342 1848 1476 1918 legis
1511 1848 2003 1919 promulgationem
2037 1864 2130 1903 co-

556 1944 766 2013 gnitum
820 1952 905 1997 est
954 1943 1009 1996 id
1061 1957 1185 1997 esse
1229 1951 1537 2012 peccatum,
1605 1945 1745 2010 quod
1778 1952 1933 1998 antea
1970 1945 2130 2015 vulgo

560 2036 956 2105 ignorabatur;
1010 2034 1150 2088 unde
1209 2032 1583 2102 prmvaricatio
1643 2041 1700 2087 et
1748 2035 2128 2102 transgressio,

554 2125 708 2195 juxta
745 2124 871 2179 illud
900 2126 1058 2180 Rom.
1089 2139 1171 2185 ιιι,
1196 2123 1298 2177 2οε
1334 2142 1353 2175 ι
1380 2122 1491 2178 Per
1518 2124 1691 2194 legem
1717 2125 1859 2178 enim
1898 2124 2132 2193 cognitio

559 2216 785 2284 peccati.
810 2234 828 2267 ι
857 2216 1272 2285 Cbrysostomus
1297 2213 1483 2268 homil.
1506 2214 1640 2268 l0iu
1656 2212 1831 2283 Epist.
1858 2218 1927 2270 ad
1954 2216 2130 2272 Rom:

470 2370 475 2371 ν
570 2304 785 2376 Ἐπειδὴ
819 2304 925 2376 γὰρ
961 2305 1217 2376 βάναυσοι
1245 2322 1387 2369 τινες
1418 2301 1557 2376 ἦσαν
1590 2307 1826 2360 Ἰουδαῖοι
1856 2308 1950 2361 καὶ
1976 2308 2129 2363 ἐκλε-

556 2397 798 2468 λυμένοι,
856 2400 951 2453 xa‘t
984 2400 1120 2472 πρὸς
1169 2400 1341 2464 αὐτὰς
1397 2400 1497 2464 τὰς
1546 2400 1755 2471 δωρεὰς
1809 2401 2133 2456 ἀναπεπτω-

557 2489 714 2552 κότες
754 2506 767 2519 ·
813 2489 1002 2543 τούτου
1058 2493 1216 2563 χάριν
1265 2494 1294 2545 ὁ
1339 2492 1503 2562 νόμθς
1561 2491 1737 2562 ἐδόθη,
1808 2492 1891 2546 ἵνα
1935 2495 2132 2560 αὐτοὺς

556 2580 750 2655 ἐλέγξῃ
787 2582 1064 2653 μειζόνως,
1106 2586 1199 2637 καὶ
1229 2582 1414 2656 διδάξῃ
1448 2585 1634 2653 σαφῶς
1672 2587 1730 2638 ὲν
1772 2581 1853 2649 οἷς
1884 2588 2010 2653 εἰσι,
2038 2591 2132 2643 καὶ

555 2676 654 2746 τὴν
684 2675 1020 2746 κατηγορίαν
1053 2675 1315 2747 αὐξήσας,
1342 2675 1636 2748 ὲπισφίγξῃ
1665 2677 1863 2747 μᾶλλον
1891 2679 2086 2743 αὐτούς
2111 2721 2127 2735 .

562 2781 585 2817 s
617 2764 884 2833 Quoniam
903 2766 1047 2820 enim
1075 2766 1368 2821 illiberales
1393 2768 1756 2834 erantludaei,
1778 2780 1832 2823 et
1859 2770 2128 2837 diSSoluti,

555 2865 614 2912 et
640 2856 707 2909 ad
737 2857 852 2923 ipsa
885 2856 1022 2910 dona
1053 2857 1257 2926 supini,
1296 2858 1499 2914 ideirco
1533 2858 1619 2914 lex
1647 2860 1769 2915 data
1798 2872 1900 2927 est,
1924 2871 1983 2918 ut
2008 2864 2130 2920 illos

557 2944 813 2999 videlicet
847 2947 1222 3002 vehementius
1254 2958 1598 3019 coargueret,
1649 2962 1939 3023 aperteque
1968 2956 2125 3011 doce»

559 3048 643 3093 ret
666 3053 775 3108 quo
806 3039 858 3092 in
890 3048 1033 3094 statu
1063 3048 1270 3103 essent,
1310 3051 1476 3112 atque
1505 3044 1903 3100 accusationem
1928 3061 2129 3116 augens

559 3127 708 3197 ipsos
736 3130 905 3199 magis
930 3130 1348 3199 constringeret.
1387 3149 1409 3182 ι
1472 3131 1834 3204 Hieronymus
1865 3136 1918 3190 in
1958 3137 2125 3205 Epist.

557 3221 629 3273 ad
663 3219 841 3275 Calai.
874 3236 957 3285 ιιι,
991 3222 1085 3286 et,
1114 3222 1184 3274 22
1206 3240 1218 3274 :
1238 3240 1258 3273 ι
1292 3220 1401 3277 Nec
1432 3238 1560 3278 vero
1584 3227 1952 3283 aestimandum
1982 3228 2129 3286 Scri-

559 3323 774 3382 pturam
812 3323 1084 3368 auctorem
1112 3329 1233 3369 esse
1269 3318 1498 3384 peccati,
1525 3319 1651 3387 quia
1678 3321 1857 3374 omnia
1877 3322 1975 3374 sub
2003 3338 2128 3392 pec-

556 3412 683 3457 cato
716 3402 1049 3459 conclusisse
1090 3403 1301 3459 dicatur
1340 3417 1355 3458 :
1384 3418 1508 3459 cum
1543 3409 1853 3463 mandatum
1887 3413 2029 3481 quod
2060 3426 2126 3468 ex

552 3491 675 3562 jure
714 3496 1049 3565 praecipitur,
1078 3497 1333 3551 ostendat
1380 3500 1579 3568 potius,
1607 3512 1907 3572 arguatqne
1940 3519 2129 3574 peccas

560 3594 689 3645 tum.
747 3599 910 3654 quam
942 3586 1013 3641 sit
1051 3600 1214 3640 causa
1266 3589 1495 3657 peccati.
1538 3608 1561 3661 »η
1591 3589 1922 3661 Augustinus
1966 3595 2058 3653 lib.
2088 3611 2127 3651 ll

556 3684 742 3731 contra
792 3677 1091 3745 lulianum,
1125 3692 1245 3747 cap.
1303 3680 1409 3747 22,
1462 3698 1481 3732 ι
1519 3679 1797 3752 Originale
1850 3698 2127 3753 peccatum

558 3780 665 3819 non
699 3766 915 3835 quidem
936 3777 1056 3837 post
1087 3767 1257 3838 legem
1292 3769 1484 3835 crevit,
1517 3773 1610 3827 sed
1651 3781 1831 3829 tamen
1858 3775 1942 3831 lex
1967 3780 2127 3832 etiam

559 3858 775 3925 ipsum,
836 3859 992 3928 cujus
1046 3858 1396 3917 abolitionem
1458 3863 1869 3921 circumcisione
1912 3868 2131 3925 infantis

558 3949 917 4019 significaret,
954 3952 1189 4017 invenit;
1242 3956 1383 4010 sicut
1447 3955 1656 4011 invenit
1700 3959 1864 4013 etiam
1910 3973 2128 4030 peccata

561 4040 903 4108 ignorantiae,
958 4057 1077 4111 quae
1134 4058 1235 4099 nec
1290 4045 1406 4115 ipsa
1454 4047 1579 4100 data
1631 4049 1746 4118 lege
1798 4063 2127 4107 creverunt:

560 4133 998 4201 quandoquidem
1043 4126 1227 4205 potius
1257 4138 1369 4206 ipsa
1403 4139 1709 4209 ignorantia
1738 4143 1997 4201 diminuta
2026 4156 2129 4212 est,

562 4225 687 4293 quia
712 4226 935 4282 scientia
972 4227 1104 4299 legis
1135 4232 1364 4285 accessit
1400 4247 1414 4284 :
1449 4232 1541 4286 sed
1573 4243 1851 4302 peccatum
1882 4236 1997 4291 sine
2024 4252 2132 4307 quo

564 4332 723 4371 nemo
757 4320 1025 4386 nascitur,
1058 4322 1233 4376 crevit
1278 4323 1572 4378 voluntatis
1596 4339 1850 4394 accessu,
1876 4328 2131 4397 originali

560 4412 1004 4480 concupiscentia
1042 4415 1293 4471 trahente
1344 4427 1632 4487 peccantes
1662 4433 1909 4475 assensu.
1943 4421 2130 4475 Abun-

2226 559 2377 616 Rom.
2400 577 2455 626 v,
2478 562 2548 617 20
2577 580 2591 617 :
2628 579 2648 613 ι
2673 562 2926 618 Secundo
2953 570 3132 616 autem
3168 568 3346 629 potest
3376 559 3714 629 responderi,
3744 572 3807 616 nt

2227 652 2443 708 dicatur
2473 654 2617 723 quod
2665 653 2739 725 ly,
2767 663 2827 707 ut
2876 662 3128 707 teneatur
3151 650 3467 715 causaliter,
3519 650 3590 703 ita
3630 658 3808 704 tamen

2226 744 2373 814 quod
2419 744 2672 814 loquatur
2700 744 2989 813 Apostolus
3016 744 3083 799 de
3109 742 3439 797 abundantia
3481 739 3691 804 delicti,
3724 754 3809 794 se-

2228 835 2461 889 cundum
2489 836 2632 905 quod
2659 845 2744 890 est
2788 838 2842 890 in
2881 844 3065 892 nostra
3092 833 3432 904 cognitione;
3484 840 3548 885 nt
3582 831 3659 886 sit
3688 845 3812 886 sen-

2230 941 2344 994 sus,
2377 926 2459 981 lex
2494 927 2845 991 subintravit,
2881 937 2941 981 nt
2970 926 3271 981 abundaret
3314 923 3593 989 deiictum,
3626 923 3681 976 id
3703 933 3810 987 est,

2231 1027 2292 1071 ut
2324 1016 2694 1072 abundantius
2735 1017 2991 1073 delictum
3021 1022 3466 1086 cognosceretur,
3510 1011 3813 1068 secundum

2234 1110 2454 1165 modum
2505 1109 2763 1179 loquendi
2800 1125 2908 1178 quo
2932 1108 3133 1165 dicitur
3157 1107 3365 1177 aliquid
3394 1106 3534 1172 fieri,
3566 1120 3692 1160 cum
3728 1104 3810 1159 in-

2232 1202 2482 1257 notescit.
2541 1201 2692 1257 Unde
2726 1217 2889 1271 supra
2924 1202 3127 1255 dictum
3158 1209 3264 1264 est,
3323 1200 3467 1268 quod
3512 1212 3611 1267 per
3640 1197 3815 1267 legent

2231 1303 2314 1351 est
2342 1295 2584 1366 cognitio
2611 1294 2840 1362 peccati.
2877 1312 2897 1344 ι
2927 1290 3086 1347 Juvat
3108 1306 3322 1361 quoque
3354 1291 3644 1361 Origenetn
3668 1290 3815 1360 quod

2234 1390 2399 1444 habet
2427 1387 2625 1443 ibidem
2651 1385 2708 1442 S.
2727 1385 2983 1450 Thomas,
3016 1395 3135 1454 post
3161 1384 3297 1455 legis
3318 1383 3812 1453 promulgationem

2235 1480 2519 1535 ruentibus
2566 1478 2841 1534 nonnullis
2876 1478 2928 1531 in
2978 1478 3203 1532 vetitum
3252 1476 3425 1542 nefas,
3456 1475 3716 1544 quosdam
3745 1475 3816 1529 ad

2234 1572 2513 1627 meliorem
2572 1569 2781 1640 frugem
2826 1570 3092 1635 evasisse,
3161 1568 3213 1623 in
3269 1569 3445 1639 iisque
3499 1584 3812 1639 repressum

2236 1664 2405 1719 fuisse
2444 1672 2748 1731 peccatum.
2787 1680 2806 1712 ι
2851 1661 3141 1717 Sciendum
3176 1671 3379 1727 tamen,
3420 1662 3623 1732 inquit,
3646 1663 3814 1732 quod,

2235 1756 2373 1809 sicut
2402 1752 2760 1822 Philosophus
2796 1752 2925 1807 dicit
2956 1752 3008 1807 in
3034 1769 3065 1807 χ
3099 1753 3298 1822 Ethic.,
3330 1753 3633 1823 prohibitio
3658 1755 3813 1823 legis,

2238 1849 2362 1903 licet
2402 1847 2520 1903 illos
2549 1847 2641 1916 qui
2673 1853 2798 1900 sunt
2826 1847 2965 1900 male
2988 1847 3232 1917 diSpositi
3282 1848 3536 1902 cohibeat
3565 1849 3637 1903 ab
3659 1860 3813 1904 exte-

2235 1938 2470 1994 rioribus
2503 1940 2739 2009 peccatis
2762 1939 2879 1995 solo
2902 1953 3072 2008 ptena:
3100 1940 3312 2007 timore,
3336 1944 3598 2011 quosdam
3634 1951 3812 1996 tamen

2237 2029 2374 2084 bene
2413 2028 2704 2099 dispositos
2756 2029 2965 2083 inducit
3013 2044 3110 2099 per
3146 2046 3387 2086 amorem
3422 2032 3675 2098 virtutis;
3719 2032 3812 2087 sed

2242 2124 2344 2177 ista
2388 2123 2527 2177 bona
2554 2123 2843 2193 dispositio
2877 2134 3138 2194 quantum
3168 2126 3235 2179 ad
3263 2126 3463 2195 aliquid
3494 2136 3671 2196 potest
3695 2141 3815 2209 esse

2238 2229 2266 2268 a
2308 2224 2525 2277 natura,
2574 2216 2668 2269 sed
2698 2214 2815 2283 ejus
2860 2216 3125 2286 perfectio
3161 2234 3264 2271 non
3296 2228 3381 2273 est
3431 2219 3534 2272 nisi
3566 2234 3663 2288 per
3688 2236 3813 2291 gra-

2239 2303 2392 2367 tiam,
2420 2320 2488 2359 ex
2523 2320 2626 2374 qua
2652 2308 2918 2379 contingit
2948 2310 3092 2379 quod
3121 2309 3280 2364 etiam
3308 2310 3424 2379 lege
3447 2312 3617 2365 veteri
3659 2313 3805 2377 data,

2240 2413 2344 2450 non
2374 2398 2426 2453 in
2453 2398 2710 2455 omnibus
2739 2412 3018 2470 peccatum
3047 2401 3305 2467 abundat,
3324 2403 3416 2457 sed
3447 2404 3499 2459 in
3536 2405 3805 2475 pluribus.

2237 2485 2469 2552 Quidam
2506 2502 2633 2544 vero
2661 2488 2781 2559 lege
2810 2490 3149 2558 prohibente,
3180 2501 3234 2547 et
3261 2492 3430 2563 gratia
3456 2494 3688 2551 ulterius
3719 2498 3810 2551 ad-

2229 2576 2473 2645 juvante,
2523 2581 2591 2635 ad
2636 2581 3021 2651 perfectionem
3065 2586 3325 2640 virtutum
3355 2588 3568 2643 tandem
3619 2604 3810 2657 perve-

2238 2679 2453 2735 nerunt,
2490 2673 2781 2727 secundum
2827 2674 2955 2729 illud
2989 2676 3195 2735 Eccles.
3230 2694 3375 2742 xuv,
3412 2679 3432 2732 l
3461 2693 3478 2732 :
3512 2678 3810 2735 Laudemus

2235 2764 2372 2816 viros
2411 2762 2688 2831 gloriosos,
2726 2772 2856 2831 etc.,
2904 2778 2959 2821 et
3013 2767 3172 2832 infra,
3223 2769 3276 2835 5,
3317 2768 3549 2825 homines
3599 2786 3811 2842 magnos

2235 2858 2441 2913 virtute.
2483 2877 2502 2910 ι
2543 2857 2879 2929 Sull‘ragatur
2914 2873 2970 2915 et
2999 2861 3125 2915 illud
3157 2860 3399 2924 Thomas,
3444 2874 3631 2920 nostro
3667 2864 3811 2919 Ada-

2236 2949 2461 3015 mantio,
2485 2965 2550 3004 ex
2594 2950 2713 3015 1-2,
2745 2964 2934 3019 quiest.
2970 2953 3059 3019 98,
3111 2968 3163 3019 a,
3203 2953 3227 3006 l
3276 2971 3291 3008 :
3338 2972 3359 3007 ι
3400 2954 3510 3009 Lex
3544 2964 3703 3011 vetus
3734 2972 3815 3010 ra-

2237 3040 2366 3096 tioni
2399 3041 2752 3109 consonabat,
2785 3044 2911 3114 quia
2938 3046 3432 3116 concupiscentiam
3462 3048 3811 3117 reprimebat,

2234 3146 2353 3200 quae
2376 3132 2565 3188 rationi
2594 3136 2930 3201 adversatur,
2984 3145 3043 3190 ut
3103 3147 3249 3207 patet
3285 3138 3337 3192 in
3397 3137 3485 3194 illo
3511 3140 3767 3195 mandato
3798 3158 3813 3195 :

2231 3222 2354 3276 Non
2398 3225 2733 3295 concupisces
2791 3241 2896 3280 rem
2947 3229 3170 3295 proximi
3228 3230 3340 3298 tui,
3408 3232 3550 3301 quod
3603 3234 3815 3302 ponitur

2229 3313 2400 3369 Exod.
2425 3330 2513 3382 xx,
2552 3317 2641 3373 l7.
2674 3317 2793 3388 Ipsa
2824 3320 2987 3375 etiam
3020 3321 3200 3376 omnia
3225 3333 3438 3390 peccata
3468 3323 3808 3406 prohibebat,

2228 3421 2349 3475 quae
2389 3417 2519 3463 sunt
2544 3419 2733 3466 contra
2775 3412 3057 3467 rationem.
3101 3431 3121 3464 ι
3173 3412 3237 3467 Et
3286 3413 3515 3469 articulo
3557 3427 3814 3485 sequente

2230 3501 2409 3553 ducet"
2457 3500 2629 3570 legem
2691 3512 2928 3558 veterem
2977 3518 3024 3570 ,t
3079 3503 3324 3559 homines
3397 3505 3685 3561 ordinasse
3752 3508 3815 3561 ad

2226 3591 2508 3647 Christum
2558 3608 2656 3662 per
2695 3597 2913 3652 modum
2944 3595 3220 3665 cujusdam
3264 3598 3664 3667 dispositionis,
3692 3601 3813 3654 dum

2228 3685 2512 3741 retrahens
2555 3686 2798 3743 homines
2829 3704 2857 3743 a
2903 3690 3048 3746 cultu
3087 3691 3421 3757 idololatriae,
3462 3692 3814 3747 concludebat

2228 3788 2323 3830 eos
2352 3781 2451 3831 sub
2473 3777 2621 3833 cultu
2656 3780 2813 3835 unius
2844 3780 2959 3848 Dei,
3000 3797 3029 3835 a
3062 3797 3169 3852 quo
3213 3783 3525 3839 salvandum
3560 3798 3684 3838 erat
3719 3784 3814 3839 hu-

2234 3882 2453 3922 manum
2481 3884 2653 3940 genus
2693 3886 2787 3941 per
2825 3873 3123 3930 Christ-um.
3156 3892 3176 3927 ι

2303 3961 2416 4017 Xll.
2503 3966 2680 4031 Atque
2745 3964 2953 4019 utinam
3015 3968 3315 4023 commodis
3377 3983 3529 4040 aque
3604 3971 3815 4041 exposi-

2232 4054 2469 4111 tionibus
2519 4052 2852 4127 Origeniana
2930 4059 2995 4113 de
3078 4062 3264 4131 gratiae
3342 4063 3538 4118 divina:
3603 4063 3816 4118 auxiliis

2232 4147 2481 4217 dogmata
2518 4147 2689 4204 lenire
2731 4163 3011 4220 possemus
3043 4152 3157 4224 (42)
3190 4170 3203 4206 :
3240 4167 3425 4208 verum
3482 4164 3589 4209 tam
3630 4165 3817 4225 aperte

2235 4237 2494 4295 adversus
2527 4255 2646 4294 eam
2700 4250 2978 4311 grassatus
3026 4253 3131 4310 est,
3168 4242 3371 4301 frustra
3403 4258 3459 4301 ut
3510 4248 3693 4304 omnis
3722 4264 3814 4303 co-

2234 4332 2314 4385 lor
2343 4331 2585 4389 adhiberi
2628 4345 2792 4403 posse
2841 4333 3109 4390 videatur.
3179 4336 3466 4394 Manifesto
3513 4340 3717 4410 quippe
3747 4342 3810 4395 ab

2235 4424 2470 4479 humana
2504 4425 2800 4490 voluntate,
2837 4424 3061 4498 ejusque
3102 4428 3332 4486 arbitrio
3376 4431 3543 4486 divini
3600 4434 3811 4487 modum

562 4507 711 4559 (lavit
735 4518 914 4561 autem
946 4520 1250 4577 peccatum,
1286 4508 1337 4563 id
1369 4519 1472 4573 est,
1504 4510 1666 4565 nimis
1690 4512 1883 4577 crevit,
1920 4522 2132 4584 postea-
2161 4540 2208 4597 υ
2236 4529 2651 4586 mensuramque
2675 4516 2860 4570 auxilii
2894 4519 3130 4586 pendere
3159 4521 3343 4587 voluit,
3384 4522 3506 4578 licet
3546 4527 3614 4578 ad
3639 4528 3812 4597 operis

559 4608 719 4665 quam
750 4610 846 4665 per
866 4598 1038 4667 legem
1076 4599 1220 4654 facta
1252 4610 1339 4656 est
1363 4602 1598 4671 cognitio
1629 4604 1857 4672 peccati,
1883 4615 1933 4660 et
1958 4609 2125 4677 coepit

630 4772 745 4843 (42)
791 4769 978 4853 verum
1031 4786 1137 4830 tam
1188 4788 1365 4853 aperte
1398 4779 1666 4853 adversus
1706 4798 1821 4836 eam
1861 4795 2131 4853 grassatus

557 4854 658 4919 est,
682 4855 791 4919 etc.
825 4845 954 4919 (ium
983 4851 1279 4919 accusandi
1318 4849 1566 4919 Origenis
1600 4854 1827 4907 materia
1861 4845 1933 4906 ἰιι
1965 4873 2028 4909 ex
2068 4857 2133 4909 li-

562 4915 676 4967 bris
703 4929 731 4967 a
758 4913 951 4992 Ιξιιιιιιο
983 4916 1372 4992 interpretatis,
1407 4913 1519 4990 qui,
1546 4932 1603 4975 ut
1634 4922 1746 4992 ipse
1773 4924 1850 4977 ait
1879 4924 2128 4990 Huetius,

560 5000 748 5052 parum
781 4983 997 5054 Origeni
1028 4983 1376 5053 praiutlicare
1407 4983 1622 5052 debent,
1652 4983 1711 5046 ct
1739 5009 1802 5046 ex
1835 4983 2131 5051 Catholicis

560 5055 626 5107 de
650 5053 821 5131 libero
864 5053 1088 5110 arbitrio
1139 5060 1732 5131 sententiisdesumpta
1793 5065 1882 5128 sit,
1945 5067 2127 5121 mirari

559 5126 693 5177 satis
735 5140 837 5179 non
875 5140 1093 5195 possum
1122 5142 1210 5180 cut
1255 5129 1451 5184 eruditi
1479 5132 1580 5185 viri
1622 5126 1674 5185 in
1699 5133 1785 5188 his
1824 5126 2001 5189 Rufini
2045 5138 2129 5190 in-

563 5196 1039 5276 terpretationibus
1113 5197 1446 5276 inhaeserint,
1508 5206 2130 5276 contextanOrigenis

560 5262 746 5341 graece
772 5274 1082 5341 esstantem
1115 5268 1469 5337 neglexerint,
1516 5283 1567 5325 ct
1598 5288 1715 5341 qua:
1746 5275 1812 5328 ad
1850 5262 2004 5330 liberi
2042 5293 2130 5330 ar-

562 5331 708 5385 bitrii
754 5334 1117 5391 defensionem
1154 5331 1337 5392 contra
1385 5331 1724 5398 tleiestamlas
1758 5346 1990 5402 haereses
2031 5364 2129 5402 ca-

562 5403 758 5486 tholice
785 5405 1041 5486 disputat,
1073 5423 1135 5486 ea
1195 5410 1260 5463 ad
1314 5412 1560 5486 haeresim
1611 5411 1977 5486 Pelagianam,
2033 5426 2128 5472 aut

560 5474 752 5556 saltem
773 5474 1265 5556 _Semipelagiana_m
1297 5482 1650 5556 detorserint;
1682 5474 1803 5556 quva:
1840 5474 1976 5543 vero
1997 5502 2124 5543 sex-

559 5547 733 5626 centis
772 5544 1004 5629 locisde
1039 5544 1284 5629 gratuita:
1322 5563 1378 5606 et
1421 5544 1655 5629 elﬁcacis
1699 5544 1895 5629 'gratite
1940 5573 2127 5612 neces-

561 5616 719 5695 sitate
751 5616 1344 5696 magnifice'przcdic'at,
1387 5637 1463 5696 ne
1508 5616 1737 5693 legisse"
1766 5628 1981 5696 quidem
2034 5637 2127 5682 aut

560 5685 1007 5767 animadvertisse
1022 5685 1341 5767 _videantnr.
1385 5685 1679 5767 Fatendum
1710 5685 1841 5751 sane
1870 5707 1953 5753 est
1985 5698 2126 5767 quod

556 5755 822 5836 Qnrigenes
858 5772 924 5810 ex
942 5759 1248 5836 animarum
1276 5765 1699 5831 praeessistentia
1742 5755 2122 5836 opinatus'est,

563 5825 616 5876 id
645 5825 689 5879 si
726 5825 1101 5882 vehementius
1161 5825 1434 5899 urgeatur,
1472 5825 1884 5895 consecutio-nes
1924 5825 2122 5894 habere

2231 4605 2616 4676 perfectionem
2658 4608 2863 4665 caelesti
2915 4612 3185 4667 hominem
3246 4630 3438 4670 carere
3488 4632 3595 4672 non
3654 4635 3809 4688 posse

2242 4801 2367 4861 cum
2398 4786 2665 4861 catholico
2697 4792 2943 4859 dogmate
2968 4802 3284 4861 pugnantes.
3315 4793 3419 4848 Sed
3450 4811 3610 4852 nemo
3646 4798 3810 4852 nescit

2232 4859 2468 4928 optimos
2494 4860 2642 4912 viros
2671 4875 2815 4930 saepe
2847 4863 2898 4915 in
2932 4859 3111 4919 errat—tu
3151 4864 3331 4932 aliquo
3377 4866 3449 4917 ita
3483 4871 3717 4929 versari,
3758 4878 3807 4920 ut

2233 4944 2354 5006 qua:
2380 4943 2445 4981 ex
2474 4945 2539 4981 eo
2566 4942 2999 5006 consequuntur,
3041 4935 3266 5006 minime
3308 4935 3621 5006 defendant.
3660 4940 3803 5006 Quod

2234 5001 2277 5054 si
2311 5014 2538 5076 usquam
2581 5000 2716 5076 alias
2742 5017 2928 5076 verum
2974 5004 3096 5076 fuit,
3128 5014 3277 5076 certe
3310 5005 3363 5059 in
3397 5005 3633 5076 Origene
3660 5000 3802 5063 cem-

2235 5069 2493 5146 probatur
2517 5072 2608 5138 qui
2640 5085 2792 5125 suam
2830 5073 2976 5125 illam
2999 5075 3069 5146 de
3094 5075 3395 5129 animarum
3428 5069 3804 5146 pratexsisten-

2236 5138 2308 5214 tia
2339 5138 2676 5214 opinionem,
2713 5153 2771 5196 ut
2822 5145 3154 5210 probabilem
3195 5138 3585 5214 conjecturam,
3612 5166 3673 5204 re
3705 5166 3801 5205 non

2233 5210 2438 5285 decisa,
2456 5214 2750 5285 proponit;
2773 5224 2830 5285 at
2854 5214 2998 5268 nulla
3022 5216 3203 5270 habita
3236 5210 3445 5272 ratione
3469 5218 3630 5285 hujus
3657 5235 3804 5274 com-

2234 5282 2422 5341 menti,
2447 5280 2647 5356 Christi
2678 5283 2928 5356 gratiam,
2976 5301 3229 5356 magnum
3261 5287 3387 5341 illud
3416 5289 3509 5343 Dei
3540 5280 3804 5345 incarnati

2230 5361 2287 5403 et
2324 5352 2576 5425 crucilixi
2621 5369 2817 5425 munus
2840 5354 2936 5425 sic
2965 5352 3203 5425 exponit,
3256 5359 3335 5411 sic
3368 5358 3629 5424 defendit,
3659 5370 3715 5413 ut
3741 5361 3804 5415 ab

2228 5436 2295 5474 eo
2316 5422 2428 5501 fieri
2463 5437 2559 5501 par
2576 5430 2692 5476 erat
2719 5423 2893 5501 quiin
2933 5422 3450 5501 ltoc'lucarnatiopis
3473 5422 3736 5501 mysterio
3754 5440 3807 5485 et

2232 5491 2564 5564 meditando,
2592 5502 2646 5564 et
2668 5491 3027 5563 priedicando,
3060 5506 3115 5552 et
3142 5507 3323 5552 contra
3356 5491 3591 5564 Judaeo's,
3619 5502 3803 5557 ethni-

2234 5574 2420 5640 cos,e_t
2451 5562 2730 5640 haereticos
2749 5562 3087 5640 defendendo
3118 5567 3279 5640 vitam
3308 5562 3664 5640 consumpsit.

2304 5634 2356 5685 l.
2391 5632 2769 5707 lta‘explorata
2809 5645 2926 5707 erat
2959 5634 3174 5707 Origeni
3230 5640 3460 5694 humana
3516 5632 3797 5698 imbecilli-

2236 5711 2341 5785 tas,
2373 5712 2431 5755 ut
2455 5702 2549 5755 lib.
2589 5702 3117 5790 vn'contraﬂetsmi,
3164 5724 3313 5763 num.
3345 5711 3436 5790 42,
3470 5710 3568 5766 Dei
3610 5718 3796 5790 cogitis

2197 5773 2430 5859 stionem
2474 5775 2974 5859 assequinhotnines
3019 5793 3129 5859 Eon
3184 5794 3346 5859 posse
3387 5773 3642 5838 decernat
3680 5773 3795 5859 sine

2229 5844 2412 5898 divino
2439 5842 2660 5901 auxilio.
2695 5842 2827 5900 Hinc
2874 5862 2972 5903 ncc
3017 5842 3247 5917 Platoni,
3282 5852 3347 5906 ad
3392 5867 3547 5921 quem
3594 5844 3789 5923 prov'o-
