4054 6310
352 354 461 415 945

1135 357 1717 415 ORIGENIANthM
1757 358 1888 415 LIB.
1930 357 1994 423 Il,
2034 358 2185 416 CAP.
2230 359 2293 426 ll,
2330 358 2607 429 QUAES'l‘.
2653 354 2757 410 VII.
2796 382 2797 385 η

3497 360 3604 420 946

349 490 571 533 suorum
603 492 910 534 mensuram
932 479 1113 535 varios
1141 480 1428 549 variosque
1456 495 1487 533 a
1516 479 1627 534 Deo
1660 480 1931 550 recepisse
1960 487 2000 542 Α
2038 481 2129 535 Dei
2159 481 2395 537 consilio
2423 466 2989 551 relinquaturiatque
3018 481 3087 537 ita
3116 482 3289 548 nobis,
3325 490 3384 538 ut
3417 482 3489 537 ita
3516 485 3601 536 di-

347 575 539 643 gratia:
572 576 760 630 modos
790 592 806 641 ;
845 575 1075 644 hincque
1098 588 1312 629 omnem
1337 573 1613 628 exstitisse
1643 573 1932 629 diversita-

351 676 485 734 tem,
513 683 636 737 quae
666 669 932 731 homines,
964 678 1021 723 ut
1049 666 1275 736 apostoli
1308 682 1456 722 more
1483 667 1706 737 loquar,
1732 669 1932 722 discer—

349 756 454 823 nit,
514 767 805 827 antequam
861 756 985 813 boni
1032 755 1325 826 quidquam
1386 756 1469 808 Vel
1531 755 1655 811 mali
1697 757 1927 826 egerint.

351 848 623 905 Doctrina:
656 850 815 919 hujus
871 850 1198 905 assertiones
1232 857 1287 902 et
1340 858 1662 917 argumenta
1715 858 1932 913 exstant

348 939 449 994 lib.
481 941 659 1009 IIIepl
695 939 918 1009 ἀρχῶν,
942 955 1061 1010 cap.
1096 940 1149 1003 7,
1179 956 1329 995 num.
1363 939 1420 999 4.
1470 950 1517 992 et
1558 939 1652 993 lib.
1678 955 1761 1005 Ill,
1796 954 1842 994 c.
1877 940 1930 1003 i,

348 1046 500 1086 lltlllt.
534 1031 624 1095 20,
658 1031 751 1095 21,
786 1032 858 1084 22
925 1029 1214 1101 (Pliilocal.
1263 1047 1381 1099 cap.
1446 1028 1561 1099 an).
1618 1029 1747 1083 Item
1806 1029 1932 1085 libri

346 1124 588 1191 ejusdem
619 1123 762 1179 tertii
815 1138 936 1191 cap.
969 1124 1025 1187 3,
1060 1138 1207 1177 num.
1254 1122 1307 1190 5,
1338 1134 1393 1178 et
1444 1121 1537 1178 lib.
1575 1137 1645 1176 νιι
1674 1122 1730 1175 in
1759 1120 1929 1188 Epist.

347 1216 421 1269 ad
468 1214 643 1279 Rom.,
680 1230 831 1269 unm.
883 1214 971 1279 15,
1003 1215 1095 1280 16,
1127 1215 1216 1276 i7.
1259 1224 1315 1269 et
1367 1215 1462 1269 lib.
1494 1230 1572 1278 ix,
1622 1229 1768 1267 unm.
1793 1213 1848 1275 2,
1872 1214 1927 1268 '5.

347 1308 479 1375 Qua:
505 1308 759 1377 quoniam
792 1306 909 1362 fuse
927 1308 1039 1377 jam
1070 1323 1232 1377 supra
1269 1306 1619 1376 exposuimus
1650 1314 1842 1376 quaest.
1872 1305 1929 1369 ϐ,

347 1403 545 1455 iterum
602 1398 807 1456 referre
860 1399 990 1453 nihil
1024 1401 1239 1454 attinet.
1264 1398 1475 1453 Nouum
1501 1398 1660 1452 modo
1697 1398 1927 1453 secundi

344 1490 470 1546 libri
502 1488 579 1543 De
601 1489 874 1558 principiis
911 1499 1073 1558 caput
1100 1489 1266 1560 relegi
1304 1488 1485 1553 velim,
1515 1489 1566 1543 in
1625 1488 1766 1557 quod
1821 1488 1930 1542 dis-

343 1594 538 1649 persas
569 1580 694 1634 alibi
717 1578 981 1633 doctrina:
1010 1579 1170 1649 hujus
1218 1578 1513 1648 particulas
1559 1577 1717 1647 plena
1766 1591 1927 1631 manu

340 1676 625 1745 congessit
664 1690 679 1727 :
709 1689 832 1727 nam
874 1684 1160 1743 postquam
1194 1673 1437 1727 diversas
1468 1671 1589 1726 illas
1614 1679 1836 1726 naturas
1862 1669 1931 1723 ab

345 1766 616 1822 haereticis
670 1781 835 1835 supra
894 1766 1189 1821 nominatis
1262 1764 1520 1820 confictas
1571 1762 1930 1831 collectasque

340 1876 534 1917 eorum
590 1862 825 1917 rationes
877 1861 1219 1925 confutavit,
1285 1870 1394 1916 tum
1451 1860 1643 1931 dogma
1687 1859 1924 1927 explicat
1956 1840 2000 1898 Β

342 1966 523 2016 suum.
550 1954 1036 2023 diversitatcmque
1067 1953 1372 2007 animarum
1409 1951 1618 2005 ratione
1672 1949 1923 2019 praedita-

342 2060 464 2099 rnm
490 2060 559 2098 ex
619 2044 831 2099 arbitrii
888 2043 1140 2099 libertate
1170 2042 1441 2114 proficisci
1489 2042 1671 2107 docet,
1699 2055 1763 2097 ex
1817 2056 1921 2109 qua

342 2137 655 2193 diversitate
683 2138 878 2193 eximia
907 2137 996 2190 illa
1028 2138 1195 2191 totius
1231 2135 1417 2189 mundi
1458 2134 1811 2191 consonantia
1844 2133 1924 2187 di-

345 2227 519 2281 versis
549 2238 801 2283 constans
834 2230 1080 2296 partibus
1105 2238 1295 2284 exorta
1331 2229 1421 2283 sit.
1480 2226 1615 2282 iiiuc
1647 2225 1924 2293 iniustitia:

345 2326 470 2369 uota
508 2317 787 2371 absolvere
832 2318 996 2371 Deum
1038 2327 1213 2387 putat,
1242 2317 1515 2371 inhaesura
1544 2316 1783 2387 alioquin
1824 2317 1920 2380 illi,

341 2408 525 2461 sinon
564 2423 661 2477 pro
710 2409 923 2462 meritis
964 2423 1437 2478 unumquemque.
1467 2407 1560 2461 sed
1616 2423 1715 2476 pro
1767 2407 1921 2462 libitu

340 2510 443 2550 suo
466 2508 694 2552 exornet
720 2515 734 2562 ;
762 2514 883 2567 quae
906 2500 1196 2554 continuat
1225 2499 1419 2554 deimle
1455 2499 1712 2569 exemplo
1734 2498 1920 2554 Jacobi

337 2596 396 2641 et
421 2584 586 2652 Esau,
625 2588 838 2658 aliaque
869 2588 921 2643 in
951 2604 1072 2644 eam
1107 2590 1430 2645 sententiam
1469 2590 1690 2659 colligit.

409 2677 711 2733 Adversum
768 2683 882 2737 haec
949 2696 1162 2751 aspere,
1195 2696 1293 2752 pro
1322 2696 1387 2736 eo
1439 2696 1503 2736 ac
1560 2680 1767 2745 debuit,
1800 2696 1921 2736 sese

340 2771 637 2825 commovit
662 2770 957 2828 Jansenins
988 2784 1120 2830 tom.
1155 2773 1197 2840 ι,
1244 2774 1333 2828 lib.
1361 2790 1436 2840 vr,
1466 2788 1585 2844 cap.
1615 2773 1702 2838 15,
1754 2783 1809 2827 et
1862 2782 1922 2829 ut

345 2861 542 2918 divina:
574 2863 762 2933 gratiae
788 2865 1003 2934 penitus
1039 2866 1307 2922 contraria
1336 2867 1530 2921 merito
1579 2865 1786 2934 rejecit.
1817 2864 1922 2920 ite-

332 2952 465 3024 jecit
488 2965 544 3010 et
574 2958 743 3012 multo
774 2967 900 3012 ante
929 2958 988 3014 S.
1022 2958 1258 3015 Thomas
1282 2959 1373 3013 lib.
1419 2976 1454 3014 Il
1491 2958 1687 3014 Contra
1711 2957 1917 3028 gentil.,

339 3062 462 3118 cap.
488 3048 582 3104 Η.
617 3048 934 3121 Pamphilus
960 3060 1138 3107 tamen
1167 3052 1220 3107 in
1263 3052 1521 3122 Apologia
1551 3068 1647 3121 pro
1672 3050 1919 3120 Origene,

2036 586 2177 642 cam,
2204 575 2496 629 obnoxiam
2526 575 2615 628 Dei
2641 574 2871 643 gratiam
2905 573 3086 629 eliicit.
3127 575 3309 645 itaque
3337 575 3489 630 liberi
3512 591 3604 628 ar-

2033 664 2178 719 hitrii
2215 665 2357 719 vires
2420 667 2573 733 quasi
2636 667 2780 720 nullo
2805 676 3021 736 egentes
3050 667 3235 735 gratiae
3278 666 3604 722 adminiculo

2036 756 2106 811 ita
2133 758 2465 826 depricdicat
2491 760 2634 813 hom.
2674 759 2706 812 9
2736 761 2788 813 in
2827 759 3011 825 Lerit.,
3062 776 3209 814 num.
3236 762 3292 815 il
3337 777 3351 814 :
3417 778 3437 812 ι
3479 761 3604 815 Sive

2030 863 2162 920 ergo
2213 850 2479 921 spiritalis
2541 850 2766 905 elfecms
2796 867 2935 906 unus
2965 867 3086 905 cum
3140 852 3363 906 Domino
3385 852 3605 922 spiritus

2031 941 2159 1004 fiat;
2196 944 2310 998 sive
2339 958 2433 1012 per
2471 944 2887 999 resurrectionis
2919 944 3142 1015 gloriam
3206 945 3257 999 iu
3293 946 3603 1015 angelorum

2031 1033 2278 1088 ordinem
2329 1044 2590 1099 transeat,
2648 1047 2790 1091 recte
2830 1036 2939 1105 jam
2982 1054 3085 1091 non
3129 1040 3231 1093 erit
3263 1038 3421 1093 homo
3456 1056 3472 1094 :
3508 1040 3604 1094 sed

2032 1124 2400 1194 unusquisque
2431 1126 2542 1194 ipse
2562 1128 2662 1182 sibi
2699 1127 2801 1182 hoc
2829 1137 3081 1197 praestat,
3126 1141 3186 1183 ut
3242 1131 3320 1184 vel
3380 1134 3609 1185 excedat

2032 1213 2275 1268 hominis
2302 1216 2739 1284 appellationem,
2766 1218 2846 1273 vel
2885 1220 3025 1272 intra
3053 1219 3417 1273 conditionem
3448 1220 3631 1287 bujus'

2036 1305 2285 1360 vocabuli
2318 1318 2643 1375 censeatur;
2680 1328 2699 1361 ι
2733 1319 2788 1363 ct
2842 1309 3028 1364 homil.
3063 1311 3086 1364 1
3126 1311 3177 1363 in
3213 1308 3429 1374 Ezech.,
3463 1328 3511 1364 ιι.
3547 1311 3602 1373 5,

2036 1412 2159 1469 pag.
2194 1398 2297 1453 357
2328 1420 2340 1453 :
2383 1418 2401 1451 t
2435 1400 2513 1453 Tn
2545 1415 2693 1464 vero,
2722 1402 2901 1464 homo,
2936 1416 3105 1471 quare
3128 1417 3230 1456 non
3266 1402 3347 1457 vis
3380 1403 3606 1457 arbitrio

2033 1497 2088 1543 te
2115 1498 2206 1542 tuo
2257 1489 2574 1545 derelictum
2600 1492 2623 1545 ?
2648 1491 2828 1558 Quare
2876 1508 3016 1562 a-gre
3048 1492 3155 1547 fers
3184 1494 3302 1556 uiti,
3338 1493 3602 1561 laborare,

2032 1582 2389 1639 contendere.
2413 1592 2464 1637 et
2493 1597 2588 1651 per
2608 1583 2746 1638 bona
2780 1599 2943 1653 opera
2978 1595 3029 1639 te
3050 1585 3222 1654 ipsum
3252 1600 3467 1639 causam
3500 1596 3607 1647 tua:

2037 1674 2155 1729 ﬁeri
2189 1674 2421 1729 salutis?
2468 1678 2548 1729 Au
2600 1678 2771 1746 magis
2814 1686 2866 1730 te
2905 1676 3190 1732 delectabit
3225 1677 3599 1740 dormientem,

2033 1764 2169 1818 etin
2206 1764 2317 1817 otio
2352 1767 2698 1819 constitutum
2754 1777 2951 1821 aeterna
2997 1767 3352 1834 proSpcritate
3394 1768 3606 1836 requie-

2028 1857 2231 1911 scere?
2264 1856 2424 1911 Patcr
2456 1871 2627 1923 meus,
2671 1859 2843 1928 inquit
2867 1860 3120 1913 Dominus
3146 1858 3302 1915 Jesus
3334 1860 3603 1924 Christus,

2027 1962 2195 2015 usque
2247 1948 2406 2003 modo
2456 1960 2731 2017 operatur,
2781 1962 2835 2004 et
2871 1967 2971 2019 ego
3015 1968 3209 2023 operor
3254 1955 3343 2001 "z
3397 1963 3453 2007 et
3507 1954 3607 2008 tibi

2027 2039 2275 2107 displicet
2294 2042 2532 2109 operari,
2563 2043 2653 2111 qui
2683 2044 2748 2095 ad
2800 2059 2963 2111 Opera
3000 2056 3156 2099 natus
3208 2046 3308 2100 es?
3362 2045 3476 2101 Non
3522 2047 3605 2100 vis

2026 2146 2164 2199 Opus
2204 2140 2355 2186 tuum
2392 2133 2510 2188 fieri
2536 2133 2838 2202 justitiam,
2870 2134 3213 2205 sapientiam,
3244 2139 3549 2193 castitatem
3578 2138 3603 2190 '1

2033 2222 2148 2278 Non
2193 2224 2275 2279 vis
2298 2238 2437 2292 opus
2469 2234 2617 2279 tuum
2650 2239 2771 2280 esse
2801 2225 3197 2293 fortitudinem,
3232 2230 3471 2297 aliasque
3503 2230 3606 2283 vir-

2028 2314 2209 2370 tutes‘i
2248 2333 2266 2366 ι
2306 2314 2585 2370 Manifesta
2620 2329 2835 2384 quoque
2879 2315 2967 2370 illa
2998 2327 3124 2371 sunt
3152 2315 3243 2369 lib.
3275 2333 3288 2371 I
3317 2317 3454 2384 Περὶ
3498 2315 3605 2386 ἀρ-

2025 2404 2170 2475 χῶν,
2201 2420 2319 2474 cap.
2351 2405 2406 2472 5,
2440 2422 2592 2462 num.
2617 2406 2675 2471 5,
2702 2422 2825 2477 pag.
2850 2407 2917 2462 68
2954 2423 2970 2460 :
3018 2426 3037 2459 ι
3100 2407 3202 2462 Per
3249 2408 3351 2462 hoc
3409 2423 3602 2462 conse-

2025 2513 2195 2567 quens
2214 2508 2297 2553 est
2320 2497 2373 2553 in
2402 2500 2557 2555 nobis
2578 2514 2722 2563 esse,
2759 2510 2923 2569 atque
2945 2500 2998 2556 in
3036 2499 3236 2555 nostris
3261 2500 3519 2563 motibus.
3545 2509 3606 2554 ut

2024 2590 2111 2645 vel
2138 2591 2282 2645 beati
2310 2600 2365 2646 et
2394 2592 2570 2646 sancti
2607 2593 2801 2654 simus,
2829 2592 2912 2647 vel
2937 2608 3035 2661 per
3073 2592 3335 2648 desidiam
3380 2607 3445 2648 ac
3503 2606 3602 2648 ne-

2023 2680 2338 2752 gligentiam
2370 2697 2401 2735 a
2425 2681 2761 2736 beatitudine
2793 2683 2844 2736 in
2871 2684 3130 2737 malitiam
3156 2692 3211 2736 et
3246 2682 3604 2751 perditionem

2025 2786 2340 2843 vergamus;
2375 2790 2395 2824 »
2446 2780 2609 2841 atque
2649 2772 2831 2826 itidem
2890 2773 2993 2843 ista
3036 2771 3222 2828 homil.
3254 2773 3326 2827 55
3359 2773 3412 2825 in
3446 2771 3602 2838 Luc.,

2024 2879 2144 2937 pag.
2175 2864 2281 2922 974
2317 2879 2332 2914 :
2391 2885 2410 2917 ι
2440 2865 2514 2920 Da
2548 2879 2680 2936 ergo
2710 2880 2931 2935 operam
2959 2874 3015 2919 ut
3040 2864 3286 2920 libereris
3308 2882 3338 2920 a
3363 2865 3604 2934 principe

2022 2957 2088 3010 ad
2127 2971 2285 3025 quem
2309 2968 2362 3011 te
2387 2956 2559 3010 trahit
2604 2955 2965 3011 adversarius.
3014 2954 3087 3009 Da
3132 2969 3354 3024 operam
3388 2962 3445 3007 ut
3494 2954 3602 3008 ha-

2020 3054 2151 3111 beas
2214 3053 2582 3124 sapientiam,
2642 3052 2911 3122 justitiam
2945 3091 2961 3117 ,
3021 3051 3389 3107 fortitudinem
3443 3059 3605 3121 atque

340 3136 395 3191 in
420 3139 608 3194 eadem
635 3138 753 3196 fere
775 3156 940 3199 causa
969 3152 1049 3199 est
1075 3157 1180 3212 qua
1216 3142 1496 3214 Origenes.
1530 3142 1575 3197 si
1608 3157 1707 3197 nos
1739 3141 1917 3197 ituIiui
1946 3180 1990 3239 ρ
2025 3148 2479 3218 temperantiam:
2508 3156 2565 3202 et
2606 3156 2734 3203 tunc
2764 3147 3129 3217 complebitur
3162 3164 3174 3200 :
3217 3144 3357 3201 Ecce
3417 3144 3602 3210 homo,

341 3230 822 3302 interpretamenta
869 3250 977 3289 non
1024 3236 1251 3299 fallunt;
1288 3250 1409 3289 nam
1447 3244 1506 3289 ut
1538 3234 1920 3303 Origcnianam

336 3321 593 3381 defendat
624 3326 929 3381 animarum
961 3326 1328 3401 προΰπαρξιν,
1360 3326 1596 3397 reliquas
1625 3329 1691 3383 de
1728 3326 1924 3383 animae

332 3416 553 3487 origine
592 3419 879 3487 opiniones
906 3420 1261 3477 absurditatis
1319 3418 1664 3483 iusimulans,
1696 3427 1751 3474 et
1802 3432 1921 3475 eam

335 3520 553 3579 quoque
601 3509 1001 3581 carpit,quam
1062 3525 1205 3567 nunc
1271 3509 1511 3564 Ecclesia
1576 3520 1919 3581 propugnat,

338 3614 569 3671 quicque
598 3601 847 3658 formatis
871 3603 924 3658 in
950 3613 1104 3659 utero
1133 3604 1460 3673 corporibus
1488 3603 1701 3656 animas
1734 3616 1923 3657 recens

333 3703 550 3752 creatas
576 3694 740 3751 inseri
794 3696 1039 3753 decernit
1080 3713 1096 3757 ;
1133 3696 1188 3763 id
1236 3696 1279 3753 si
1330 3696 1425 3763 sit,
1474 3695 1733 3761 iujusttttu
1796 3694 1915 3751 fore

338 3784 510 3842 Deum
560 3788 639 3842 ait
701 3786 1037 3857 Pamphilus,
1081 3786 1175 3858 qui
1222 3787 1417 3842 nullius
1464 3787 1638 3857 culpa:
1680 3787 1923 3842 insontes

338 3877 552 3935 animas
581 3877 666 3934 vel
691 3878 851 3935 crecis
879 3879 962 3933 vel
991 3877 1259 3935 debilibus
1288 3879 1609 3949 corporibus
1650 3878 1920 3943 infundat,

340 3968 429 4030 vel
466 3974 606 4040 apud
633 3972 900 4028 barbaras
928 3978 1117 4040 gentes
1145 3972 1313 4027 vitam
1342 3971 1542 4027 ducere
1585 3973 1792 4044 jubeat.
1833 3972 1923 4027 Vi-

340 4060 439 4116 des
486 4061 873 4119 labefactatum
917 4078 983 4134 ac
1045 4074 1381 4135 peremptum
1443 4067 1632 4135 gratim
1686 4066 1922 4122 caelestis

343 4151 630 4208 auxilium.

410 4240 548 4301 XIII.
574 4244 645 4300 At
665 4258 771 4299 non
806 4260 905 4315 pro
927 4245 993 4302 iis
1027 4245 1311 4317 duntaxat,
1336 4262 1457 4316 quae
1495 4259 1643 4306 recte
1668 4249 1753 4305 vel
1781 4250 1921 4307 male

333 4344 566 4403 egerunt
625 4334 821 4391 animae
858 4376 875 4403 ,
941 4338 1257 4410 priusquam
1330 4342 1654 4408 corporibus
1720 4342 1920 4399 nostris

337 4425 708 4494 iiiaherentur,
763 4430 978 4484 diversa
1034 4444 1128 4486 eas
1180 4446 1212 4485 a
1262 4431 1372 4487 Deo
1424 4432 1614 4502 gratia:
1658 4435 1917 4505 consequi

2024 3252 2187 3307 opera
2217 3235 2334 3306 ejus
2360 3246 2488 3292 ante
2528 3236 2719 3292 faciem
2771 3235 3027 3300 suam";
3060 3253 3079 3287 ι
3145 3243 3198 3289 et
3239 3237 3341 3290 hoc
3388 3246 3604 3304 quoque

2024 3328 2119 3385 lib.
2157 3344 2232 3385 vlt
2285 3329 2342 3383 in
2396 3327 2569 3396 Epist.
2602 3330 2670 3382 ad
2718 3327 2897 3393 Rom.,
2950 3341 3101 3381 num.
3139 3325 3229 3391 l6,
3297 3325 3598 3394 pag.6l5:

2029 3441 2049 3475 ι
2088 3421 2155 3477 Ut
2201 3422 2325 3477 boui
2358 3423 2503 3477 enim
2534 3430 2629 3475 aut
2652 3419 2777 3474 mali
2836 3420 3030 3484 simus,
3066 3428 3264 3474 nostra:
3310 3418 3604 3474 voluntatis

2022 3525 2143 3571 est:
2194 3513 2365 3570 malus
2390 3522 2570 3568 autem
2617 3510 2684 3566 ad
2713 3510 3017 3580 cuiusmodi
3060 3509 3314 3574 verbera,
3345 3517 3399 3562 et
3427 3508 3603 3564 bonus

2023 3610 2091 3664 ad
2117 3606 2418 3677 cujusmodi
2471 3606 2697 3678 gloriam
2762 3604 3108 3668 destinetur,
3158 3601 3456 3658 voluntatis
3516 3608 3603 3657 est

2026 3700 2142 3755 Dei.
2181 3719 2201 3754 ι
2260 3699 2441 3754 Plenis
2496 3713 2623 3753 vero
2674 3697 2860 3752 buccis
2909 3698 3097 3749 eadem
3139 3694 3227 3749 illa
3276 3693 3603 3761 deblaterat,

2022 3806 2143 3861 cap.
2166 3794 2219 3860 l,
2256 3791 2376 3847 libri
2410 3806 2468 3846 ιιι
2506 3789 2651 3859 Περὶ
2682 3787 2907 3859 ἀρχῶν,
2936 3803 3043 3857 quo
3064 3786 3244 3856 capite
3294 3785 3599 3840 libertatem

2023 3881 2234 3938 arbitrii
2253 3882 2606 3937 asserendam
2634 3889 2691 3935 et
2732 3878 3179 3949 prepuguaudam
3213 3876 3489 3946 suscepit:
3525 3874 3597 3930 ibi

2023 3976 2219 4045 quippe
2252 3974 2641 4030 tentationibus
2667 3972 2923 4040 obsequi,
2948 3971 3030 4027 vel
3068 3970 3371 4036 obsistere,
3404 3970 3457 4024 in
3505 3982 3601 4024 no-

2023 4074 2133 4120 stra
2167 4065 2407 4134 positum
2442 4079 2564 4120 esse
2588 4072 2860 4133 potestate
2896 4062 3050 4128 dicit,
3091 4074 3192 4116 nec
3233 4062 3601 4119 necessarium

2021 4155 2087 4209 ad
2117 4154 2168 4210 id
2192 4154 2379 4225 gratiae
2412 4152 2716 4209 subsidium
2748 4152 2994 4222 agnoscit
3027 4167 3045 4214 ;
3086 4150 3182 4206 seti
3216 4151 3450 4220 quadam
3483 4160 3603 4205 tan-

2023 4258 2134 4303 tum
2199 4246 2542 4308 eruditione.
2603 4261 2724 4315 qua:
2796 4246 3035 4303 Saiuhria
3119 4244 3277 4299 nobis
3350 4243 3596 4312 exempla

2020 4350 2076 4395 et
2129 4338 2422 4395 sanctioris
2494 4337 2763 4395 doetrinte
2831 4344 3098 4407 praecepta
3179 4348 3279 4403 pro
3358 4343 3601 4402 tempore

2020 4440 2291 4500 suggerat.

336 4519 591 4589 opinatus
641 4531 726 4575 est
780 4521 1069 4593 Origenes,
1112 4523 1209 4578 sed
1274 4534 1436 4592 prout
1486 4526 1651 4580 etiam
1701 4540 1820 4582 sese
1863 4528 1915 4582 in
1950 4554 1992 4608 ι)
2094 4518 2231 4575 XIV.
2258 4520 2411 4586 Quod
2455 4521 2499 4573 si
2534 4519 2721 4589 gratiae
2746 4534 2845 4573 nos
2878 4531 3036 4587 egere
3076 4514 3296 4571 auxiliis
3343 4523 3602 4586 agnoscat

337 4610 441 4667 hac
475 4612 580 4666 vita
614 4616 906 4683 gesserint,
956 4616 1111 4669 novis
1143 4615 1330 4684 gratia:
1360 4616 1705 4671 incrementis
1733 4633 1918 4672 cumu-

337 4699 442 4756 lari
486 4704 730 4771 censuit;
770 4704 906 4760 adeo
964 4713 1021 4758 ut
1061 4704 1320 4773 quidquid
1349 4706 1505 4760 nobis
1528 4707 1715 4777 gratim
1746 4708 1911 4778 largi-

337 4799 429 4849 tur
484 4793 644 4860 Deus,
672 4796 722 4849 id
765 4795 939 4851 libero
994 4805 1196 4848 uestra:
1225 4795 1516 4852 voluntatis
1556 4797 1783 4851 arbitrio
1817 4812 1910 4852 ac-

335 4894 553 4953 ceptum
614 4884 956 4943 referendum
1011 4889 1103 4952 sit,
1142 4904 1237 4958 per
1295 4888 1438 4959 quod
1499 4888 1693 4945 talibus
1753 4890 1915 4946 donis

337 4974 483 5045 digni
532 4976 710 5032 effecti
759 4993 982 5043 sumus;
1046 4978 1181 5032 nihil
1230 4987 1411 5034 autem
1448 4978 1548 5034 soli
1582 4989 1637 5033 et
1664 4980 1913 5037 absoluto

404 5112 455 5148 ⁷³
477 5114 634 5170 loan.
673 5116 837 5183 v,I'I.
911 5116 960 5147 "
1002 5115 1102 5171 lsa.
1141 5131 1275 5185 uti,
1317 5118 1405 5172 II.

337 5260 409 5314 sit
439 5255 600 5311 etiam
616 5256 929 5329 perfectus,
956 5260 1001 5314 si
1025 5258 1080 5313 in
1113 5260 1253 5315 bono
1277 5259 1451 5316 elatus
1479 5259 1660 5324 fuerit,
1689 5260 1911 5329 ejusque

336 5344 560 5402 causam
584 5327 684 5402 sibi
721 5339 963 5402 arroget,
999 5345 1098 5402 nec
1123 5331 1372 5402 debitam
1408 5332 1633 5402 gloriam
1666 5334 1715 5385 ei
1764 5327 1910 5402 refe-

339 5410 425 5470 rat
448 5396 538 5466 qui
573 5396 740 5470 multo
766 5396 889 5470 plus
914 5403 979 5453 ad
1004 5398 1137 5454 illud
1168 5396 1553 5470 acquirerilum
1582 5409 1634 5454 ct
1676 5401 1911 5455 retinen-

337 5469 466 5524 dutu
495 5468 744 5522 contulit.
791 5488 810 5521 ι
850 5469 998 5523 Hanc.
1036 5468 1282 5524 humanae
1330 5483 1534 5525 natura:
1566 5473 1909 5525 imbecillita-

340 5551 447 5594 tem
472 5539 551 5592 sic
576 5539 847 5610 interdum
878 5540 1132 5608 przedicat
1155 5542 1441 5610 Origenes,
1479 5552 1533 5595 ut
1592 5544 1797 5598 sentire
1835 5545 1913 5595 vi-

340 5626 434 5666 sus
460 5611 532 5663 sit
579 5608 770 5665 liueiio
799 5612 1085 5681 praeceptis
1137 5608 1335 5666 divinis
1380 5627 1582 5666 morem
1638 5614 1752 5679 geri
1805 5629 1909 5667 non

340 5695 517 5750 posse.
571 5682 702 5746 Qum
754 5682 970 5750 quidem
1026 5682 1302 5734 accusatio
1353 5697 1515 5750 quam
1554 5681 1787 5737 absurda
1840 5687 1912 5738 sit

343 5752 655 5806 existimare
683 5752 805 5805 licet
831 5752 911 5806 vel
939 5766 1002 5805 ex
1041 5752 1141 5805 hoc
1183 5750 1432 5819 Origenis
1462 5753 1721 5819 praeclare
1769 5756 1914 5807 dicto

343 5837 450 5888 quo
482 5821 705 5879 liuetius
731 5822 799 5878 ad
820 5838 940 5878 eam
976 5823 1292 5877 firmandam
1322 5824 1505 5876 utitur.
1537 5842 1553 5874 ι
1584 5822 1692 5879 Nos
1728 5839 1909 5892 vero,-

2024 4613 2341 4682 aliquando,
2366 4609 2595 4679 gratiam
2625 4608 2801 4663 solum
2835 4607 3129 4661 voluntatis
3169 4615 3366 4661 nostra:
3392 4606 3601 4675 pedise-

2023 4718 2206 4774 quam,
2239 4702 2305 4756 ad
2332 4703 2555 4772 ejusque
2588 4711 2793 4755 mutum
2824 4700 3202 4771 compositam,
3228 4710 3279 4752 et
3304 4713 3403 4770 pro
3433 4699 3601 4754 ineri-

2024 4799 2093 4851 tis
2117 4812 2144 4849 a
2180 4795 2289 4850 Deo
2345 4796 2397 4850 in
2449 4795 2699 4849 homines
2750 4803 3026 4863 erogatam
3056 4812 3070 4860 ',
3103 4808 3207 4847 non
3248 4794 3596 4857 excitantem,

2023 4906 2129 4944 non
2164 4890 2332 4959 gratis
2362 4888 2547 4943 datam
2579 4887 2837 4942 admittit.
2872 4887 3023 4941 Velut
3064 4888 3115 4940 in
3146 4904 3265 4956 cap.
3289 4887 3341 4950 9,
3370 4899 3517 4938 unm.
3537 4884 3595 4946 2,

2023 4980 2116 5035 lib.
2157 4997 2193 5036 ιι
2234 4978 2376 5047 Περὶ
2439 4976 2661 5047 ἀρχῶν,
2691 4979 2766 5032 ait
2828 4996 2846 5028 ι
2895 4979 3227 5034 voluntarios
3279 4987 3334 5033 et
3398 4975 3597 5031 liberos

2016 5258 2302 5329 inquitlib.
2334 5272 2369 5329 ιι
2399 5257 2457 5329 in
2506 5248 2780 5329 (inluni!
2808 5256 2983 5321 Rom.,
3014 5272 3161 5310 num.
3189 5256 3244 5329 6,
3283 5275 3301 5307 ι
3340 5254 3441 5329 qui
3481 5255 3599 5329 haec

2015 5326 2195 5385 oniuia
2220 5326 2536 5395 spiritaliter
2568 5327 2912 5396 intelligenda
2935 5343 3055 5382 esse
3086 5327 3370 5392 sentimus,
3394 5326 3597 5382 idcirco

2018 5416 2122 5456 non
2152 5400 2448 5459 auditores,
2473 5397 2566 5451 sed
2601 5397 2836 5451 factores
2874 5398 3008 5465 legis
3038 5396 3413 5465 justilicaudos
3470 5412 3591 5450 cre-

2017 5474 2211 5528 dimus.
2256 5485 2359 5523 non
2423 5468 2553 5537 legis
2592 5470 2886 5522 secundum
2939 5470 3191 5534 litteram,
3248 5482 3368 5537 quae
3409 5467 3596 5535 utique

2017 5556 2115 5610 pro
2139 5541 2220 5594 sui
2254 5538 2689 5608 impossibilitate
2725 5553 2827 5592 nou
2858 5548 3034 5606 potest
3074 5540 3272 5593 habere
3302 5539 3589 5610 factorem,

2016 5609 2110 5665 Sed
2140 5614 2431 5665 secundum
2469 5610 2741 5676 spiritum,
2785 5625 2880 5677 per
2908 5625 3067 5679 quem
3117 5609 3288 5664 solum
3350 5610 3433 5679 lex
3490 5609 3593 5661 iiii-

2020 5683 2153 5751 pleri
2188 5681 2406 5749 poterit.
2444 5700 2461 5731 ι
2502 5679 2631 5735 Vide
2675 5696 2837 5748 supra
2892 5677 3046 5751 hujus
3078 5690 3277 5735 nostra:
3334 5677 3594 5735 observa-

2025 5754 2185 5807 tionis
2229 5766 2511 5806 numerum
2544 5761 2811 5821 quartum.
