4054 6310
523 348 625 416 927

1797 360 1855 419 P.
1897 360 2210 418 DANIELIS
2241 361 2479 419 HUETII
2990 342 2995 345 ’
3649 363 3735 423 ιιι

526 487 708 532 motus
732 491 760 529 a
794 489 851 531 se
877 464 1117 530 conditis
1139 476 1411 531 mentibus
1436 475 1752 532 Creatorem
1787 477 2095 538 indulsisse.
2128 485 2174 541 Α
2204 478 2256 533 in
2296 480 2761 535 consummatione
2819 485 3087 532 servatam
3125 493 3138 529 :
3196 492 3216 525 ι
3258 474 3501 541 Scilicet,
3541 494 3561 529 ι
3594 476 3742 547 inquit

525 584 638 636 quo
664 566 878 621 scilicet
906 567 1108 622 bonum
1152 567 1208 620 in
1234 568 1314 622 eis
1350 568 1629 637 proprium
1673 569 1849 629 ﬁeret.
1878 583 1999 623 cum
2047 570 2099 624 id

527 659 803 713 voluntate
858 658 1070 727 propria
1111 667 1459 725 servaretur;
1513 676 1531 709 ι
1590 668 1646 713 et
1697 660 1876 728 capite
1923 661 2101 729 priore

527 755 619 810 lib.
657 770 718 810 ιιι
762 753 1046 810 Paulinum
1110 753 1238 807 illud
1294 768 1573 822 exponens
1629 773 1642 808 :
1696 773 1716 806 ι
1762 755 1900 824 Ergo
1950 755 2102 824 cujus

529 847 974 910 vultmiseretnr,
1008 854 1065 900 et
1097 861 1257 915 quem
1294 846 1406 899 vult
1457 847 1669 901 indurat
1693 847 1763 911 ⁷⁸,
1804 865 1823 898 ι
1878 847 2103 902 minime

528 938 580 991 id
610 939 826 1007 quidem
875 938 984 992 Deo
1018 939 1355 1005 propositum
1407 953 1528 992 esse
1577 941 1758 996 docet.
1820 949 1877 990 ut
1914 954 2101 1007 quem.

525 1045 687 1091 quam
723 1030 959 1095 induret,
990 1031 1085 1085 sed
1114 1045 1214 1099 per
1242 1030 1444 1083 bonum
1481 1030 1814 1098 propositum
1847 1030 2102 1085 indurare

524 1136 647 1173 eum
678 1120 783 1174 dici
826 1121 919 1190 qui
952 1120 1264 1181 induratur.
1291 1121 1416 1190 quia
1449 1136 1516 1175 ex
1552 1122 1653 1175 hoc
1686 1123 1854 1190 ipsius
1906 1138 2102 1192 propo-

508 1206 632 1267 sito
658 1214 923 1280 sequitur,
950 1225 1003 1265 nt
1032 1228 1127 1282 per
1154 1213 1502 1267 inhaerentem
1557 1213 1658 1266 sibi
1698 1214 1958 1266 malitiam
2012 1213 2103 1268 ille

528 1304 815 1359 iuduretur
847 1321 863 1357 :
900 1319 1021 1372 qua!
1067 1304 1145 1357 sic
1201 1318 1300 1370 pro
1346 1318 1442 1357 sua
1488 1305 1879 1357 consuetudine
1912 1304 2103 1357 dilata-

526 1396 607 1449 vit
628 1394 856 1450 Ruﬁnus
884 1411 1032 1448 num.
1063 1393 1169 1448 10:
1211 1413 1229 1445 ι
1262 1392 1380 1448 Uno
1418 1396 1717 1464 eodemque
1744 1410 1908 1464 opere
1962 1396 2105 1450 Deus

528 1485 756 1543 alterius
792 1488 1010 1557 quidem
1044 1488 1357 1549 miseretur,
1381 1495 1440 1541 et
1483 1487 1648 1542 alium
1702 1490 1940 1551 indurat,
1993 1502 2100 1542 non

528 1592 699 1648 agens
733 1593 911 1647 neque
940 1577 1130 1632 volens
1161 1585 1222 1630 ut
1273 1576 1560 1632 induretur
1593 1578 1679 1632 ille
1738 1578 1829 1648 qui
1880 1577 2106 1632 indura-

530 1682 665 1725 tur:
710 1672 800 1725 sed
824 1671 950 1725 dum
991 1671 1078 1724 ille
1108 1670 1440 1738 benignitate
1478 1684 1573 1724 sua
1616 1679 1670 1725 et
1700 1670 1959 1739 patientia
1998 1670 2105 1723 uti-

529 1774 637 1827 tur,
665 1763 750 1817 his
773 1763 990 1833 quidem
1027 1763 1118 1830 qui
1149 1762 1268 1829 ejus
1292 1762 1682 1832 benignitatem
1710 1769 1765 1816 et
1788 1761 2100 1831 patientiam

2204 585 2356 625 num.
2403 571 2455 635 l,
2490 584 2612 640 pag.
2644 569 2769 629 152.
2823 588 2841 620 ι
2884 579 2945 622 ιιι
2996 569 3113 638 ipse
3141 567 3242 623 sibi
3267 581 3390 622 eam
3437 570 3743 637 propria'iu-

2202 663 2425 716 dustrize
2458 664 2650 717 studiis
2677 678 2744 716 ex
2778 661 2873 715 Dei
2898 660 3204 715 imitatione
3230 658 3612 723 conscisceret.
3638 676 3745 717 eum

2200 753 2557 822 possibilitate
2597 754 2699 806 sibi
2758 749 3113 820 perfectionis
3178 749 3233 803 in
3297 748 3472 804 initiis
3505 749 3624 805 data
3668 767 3749 820 per

2203 847 2453 915 imaginis
2477 846 2814 916 dignitatem.
2856 843 2910 897 in
2962 843 3071 897 line
3124 843 3342 899 demum
3373 850 3504 914 ’ρει-
3551 857 3747 913 operum

2203 933 2569 1001 expletionem
2602 930 2898 1000 perlectam
2928 931 3033 984 sibi
3062 931 3180 999 ipse
3201 929 3609 985 similitudinem
3640 947 3750 986 cou-

2203 1034 2521 1079 summaret.
2561 1042 2580 1074 ι
2645 1023 2807 1078 Addit
2844 1024 3080 1088 deinde,
3151 1043 3171 1074 ι
3217 1022 3617 1078 similitudinem
3670 1022 3751 1079 Dei

2203 1113 2548 1180 sperandam.
2587 1127 2705 1179 quae
2754 1126 2855 1181 pro
2909 1112 3228 1166 meritorum
3258 1110 3591 1181 perfectione
3636 1128 3753 1182 pra-

2204 1205 2456 1258 stahltnr.
2495 1222 2513 1253 ι
2546 1201 2655 1256 Nec
2696 1204 2795 1257 ista
2823 1203 3206 1264 tolerabiliora.
3235 1217 3359 1272 qua:
3410 1202 3627 1271 legimus
3672 1205 3755 1260 bo-

2204 1296 2316 1349 inil.
2350 1296 2411 1350 11
2449 1296 2507 1348 in
2545 1293 2712 1348 Num.
2755 1311 2905 1348 num.
2937 1297 2993 1358 4,
3025 1311 3146 1363 pag.
3180 1294 3286 1349 308
3323 1314 3339 1348 :
3380 1314 3401 1347 ι
3432 1294 3754 1351 Omniaenint

2205 1389 2345 1457 apud
2363 1389 2530 1442 Deum
2562 1388 2775 1443 ratione
2802 1401 2852 1442 ct
2874 1388 3076 1456 judicio
3100 1388 3270 1453 tiunt;
3304 1402 3405 1442 uec
3434 1388 3502 1442 ad
3528 1388 3751 1458 gratiam,

2205 1479 2298 1533 sed
2330 1495 2427 1549 pro
2461 1480 2677 1544 merito,
2705 1499 2723 1531 ι
2757 1490 2885 1544 etc.,
2914 1479 3129 1548 penitus
3164 1492 3361 1548 nempe
3402 1479 3585 1551 gratia:
3617 1479 3755 1535 bene-

2206 1569 2387 1624 ﬁcium
2442 1571 2557 1625 haec
2615 1572 2918 1638 perimunt;
2979 1571 3435 1638 quemadmodum
3500 1579 3555 1625 et
3605 1569 3683 1624 illa
3728 1589 3754 1625 e

2205 1671 2340 1716 tom.
2374 1678 2403 1715 χ
2441 1663 2497 1715 in
2520 1662 2739 1723 Matri...
2775 1678 2925 1716 num.
2954 1662 3042 1728 Η,
3082 1679 3202 1731 pag.
3230 1662 3339 1716 454
3381 1680 3395 1716 :
3437 1660 3755 1717 Ἐνταῦθαδὲ

2207 1756 2369 1825 ἡμεῖς
2399 1758 2565 1826 ὲσμεν
2595 1757 2646 1808 οἱ
2699 1758 2862 1809 αἴτιοι
2897 1754 2992 1808 τοῦ
3044 1753 3179 1809 εἶναι
3206 1753 3351 1810 καλὰ
3390 1756 3485 1809 καί
3527 1755 3643 1820 ἄξια
3665 1755 3754 1810 τῶν

530 1858 597 1906 ad
627 1863 995 1922 contemptum
1024 1865 1185 1922 atque
1224 1854 1570 1907 insolentiam
1606 1854 1832 1915 ducunt,
1881 1853 2102 1905 indura-

2210 1846 2510 1917 λεγομένων
2543 1845 2713 1915 ἁγίων
2740 1847 2894 1918 γένη,
2936 1847 2968 1917 ἢ
3022 1845 3206 1917 σαπρὰ
3263 1847 3361 1899 καὶ
3400 1845 3526 1913 ἄξια
3554 1846 3642 1899 τοῦ
3668 1847 3759 1913 ἔξω

531 1958 619 1997 tur
646 1961 758 2006 cor.
794 1947 919 1998 dum
948 1946 1235 1998 criminum
1261 1957 1421 2014 poena
1448 1943 1698 1999 diﬂ'ertur
1730 1962 1745 1998 :
1775 1945 1827 1998 hi
1859 1958 1990 1998 vero
2012 1946 2103 2014 qui

527 2036 920 2099 benignitatem
980 2046 1034 2089 ct
1088 2037 1401 2104 patientiam
1452 2037 1569 2104 ejus
1625 2039 1691 2090 ad
1763 2039 2103 2092 occasionem

531 2131 869 2199 pwnitentim
887 2146 998 2184 sua:
1026 2141 1075 2182 et
1109 2130 1511 2184 emendationis
1559 2131 1856 2199 accipiunt,
1895 2131 2108 2185 miseri-

530 2223 770 2277 cordiam
796 2233 1225 2292 consequuntur.
1260 2240 1278 2273 ι
1327 2220 1558 2277 Gemino
1598 2222 1791 2276 deinde
1852 2224 2107 2293 exemplo

531 2314 861 2367 lnculentius
884 2314 933 2367 id
975 2316 1345 2378 demonstrat;
1389 2315 1572 2383 priore
1603 2314 1819 2382 quidem
1846 2317 2014 2384 petito
2040 2330 2103 2368 ex

531 2405 696 2460 Hebr.
735 2422 813 2469 vr,
845 2405 896 2469 7,
927 2405 981 2468 8,
1019 2406 1095 2459 ait
1129 2407 1273 2461 enim
1308 2406 1545 2460 divinam
1602 2406 1833 2475 gratiam
1874 2407 2104 2461 similem

529 2512 648 2552 esse
690 2498 849 2552 imbri
892 2509 1068 2552 trrras
1132 2499 1401 2568 irriganti,
1452 2496 1681 2568 quarum
1750 2499 1871 2554 aliae
1923 2499 2109 2570 spinas

529 2590 662 2642 dant
704 2599 759 2642 et
792 2589 1062 2653 tribulos;
1094 2598 1333 2659 segetem
1375 2588 1481 2642 illa;
1520 2598 1576 2641 et
1634 2589 1846 2642 fructus
1895 2588 2095 2653 ferunt;

531 2695 630 2745 pro
684 2680 833 2734 varia
878 2681 1085 2734 scilicet
1138 2681 1374 2742 cultura,
1411 2683 1660 2748 quamvis
1711 2680 1953 2749 ejusdem
1998 2684 2109 2735 sint

533 2778 762 2823 naturae.
794 2768 991 2823 Terras
1030 2771 1234 2839 itaque,
1275 2771 1378 2825 hoc
1403 2782 1486 2825 est
1514 2774 1751 2837 animas,
1794 2773 1862 2828 ad
1912 2774 2107 2829 volun-

534 2861 661 2914 tatis
688 2861 973 2915 arbitrium
1004 2863 1178 2916 excoli
1213 2873 1268 2916 et
1295 2864 1474 2931 parari
1508 2873 1695 2932 putat;
1722 2866 1946 2920 imbrem
1973 2881 2109 2921 vero

532 2955 876 3021 postmodum
915 2970 943 3007 a
996 2955 1107 3009 Deo
1154 2955 1384 3010 infundi.
1446 2955 1588 3010 Idem
1643 2958 2106 3030 probatexemplq

531 3042 684 3106 solis,
712 3045 805 3113 qui
842 3061 946 3099 una
974 3048 1273 3116 eademque
1319 3048 1437 3101 luce
1462 3056 1517 3101 et
1549 3048 1730 3103 calore
1782 3050 1966 3103 limum
2022 3022 2110 3103 in:

532 3140 711 3200 durat,
739 3147 798 3190 et
819 3154 1000 3192 ceram
1034 3138 1310 3209 liquefacit
1337 3158 1350 3193 :
1388 3158 1407 3190 ι
1433 3156 1539 3195 non
1561 3142 1706 3210 quod
1740 3143 1910 3197 virtus
1932 3141 2101 3208 ejus,»

530 3229 682 3281 addit
738 3229 965 3284 Rufinus
1008 3247 1159 3284 num.
1211 3233 1300 3294 Η,
1346 3251 1364 3282 ι
1402 3233 1558 3286 aliter
1597 3234 1649 3285 in
1685 3234 1835 3298 limo,
1867 3244 1922 3288 et
1946 3234 2106 3290 aliter

533 3334 795 3392 operetur
823 3325 875 3378 in
907 3339 1067 3387 cera;
1094 3325 1187 3379 sed
1242 3328 1385 3395 quod
1447 3325 1559 3380 limi
1594 3327 1726 3389 alia,
1757 3326 1859 3381 alia
1892 3342 2107 3397 quoque

531 3431 674 3470 certe
716 3416 788 3470 sit
834 3416 1091 3485 qualitas,
1121 3432 1243 3471 cum
1294 3418 1484 3487 utique
1526 3420 1824 3473 secumlum
1854 3428 2103 3473 naturam

532 3525 698 3563 nmnn
746 3511 841 3575 sit,
879 3511 1005 3579 quia
1054 3510 1357 3580 utrumque
1387 3511 1456 3565 de
1506 3523 1651 3565 terra
1677 3523 1780 3568 est.
1820 3531 1840 3564 ι
1874 3512 2108 3582 Exponit

531 3602 728 3655 deinde
751 3602 1024 3671 quomodo
1050 3601 1262 3656 auferat
1286 3617 1317 3657 a
1344 3602 1499 3657 nobis
1528 3601 1671 3657 Dens
1698 3619 1793 3657 cor
1814 3603 2105 3673 lapideum.

530 3704 584 3744 et
615 3694 874 3748 immittat
902 3709 1162 3749 earnenm
1193 3714 1206 3749 :
1241 3709 1433 3763 nempe
1457 3694 1775 3749 subversum
1808 3696 1874 3749 iri
1923 3701 2101 3750 censrt

530 3785 836 3840 libertatem
877 3786 1110 3852 arbitrii,
1144 3786 1189 3841 si
1244 3787 1499 3854 potestati
1540 3788 1741 3843 divinae
1788 3788 1970 3843 cordis
1993 3803 2106 3841 mu-

531 3879 796 3931 tationem
819 3877 1158 3932 tribuamus:
1200 3887 1310 3932 tum
1342 3880 1628 3934 sententiae
1661 3894 1774 3933 sua:
1809 3879 2109 3949 explanano

539 3969 622 4020 da:
652 3982 840 4029 causa,
868 3967 1148 4022 indoctum
1185 3969 1422 4037 aliquem
1477 3970 1643 4025 sumit
1691 3971 1745 4023 in
1775 3970 2107 4041 exemplum,

530 4058 742 4127 qni‘vel
790 4057 1021 4110 aliorum
1051 4058 1545 4123 adhortationibus,
1566 4061 1648 4114 vel
1685 4061 1905 4115 aliunde
1938 4062 2108 4130 impe-

536 4152 715 4204 ritiam
741 4167 894 4204 suam
935 4151 1261 4223 intelligens,
1292 4152 1574 4207 erudiendi
1611 4170 1772 4209 causa
1804 4156 2013 4209 accedit
2043 4157 2115 4208 ad

536 4247 857 4309 doctorem;
905 4246 1095 4299 doctor
1114 4260 1269 4309 vero,
1327 4246 1609 4300 voluntate
1652 4245 1769 4313 ejus
1802 4259 2110 4315 perspecta,

533 4335 796 4388 doctrinae
850 4348 963 4388 suae
988 4344 1260 4403 praecepta
1289 4335 1615 4389 traditurum
1652 4350 1713 4390 se
1740 4335 2060 4404 polliceatur
2093 4357 2106 4391 :

532 4426 741 4491 Οὕτως,
779 4428 957 4496 inquit
985 4443 1136 4482 unm.
1183 4426 1273 4492 15,
1305 4442 1428 4498 pag.
1488 4427 1617 4494 124,
1679 4430 1708 4481 ὁ
1763 4427 1904 4491 θεῖος
1957 4428 2113 4497 λόγος

2207 1936 2504 2007 βληθῆναι·
2540 1938 2601 1989 οὐ
2660 1936 2769 2008 γὰρ
2806 1937 2968 2006 φύσις
3013 1939 3227 2008 ὲνὴμῖν
3264 1936 3416 1990 αἰτία
3461 1938 3559 2007 τῆς
3610 1954 3754 2009 πονη-

2209 2028 2347 2098 ρίας,
2377 2026 2513 2080 ἀλλὰ
2541 2029 2879 2098 προαίρεσις,
2912 2027 3159 2093 ἑκούσιος
3184 2024 3321 2082 οὖσα
3368 2033 3752 2103 κακοποιητικη.

2205 2118 2390 2182 Οὕτως
2432 2119 2488 2172 δὲ
2520 2120 2640 2173 οὐδὲ
2681 2119 2844 2188 φύσις
2888 2121 3037 2174 αἰτία
3079 2120 3461 2192 δικαιοσύνης,
3492 2120 3565 2185 ὼς
3590 2123 3754 2176 ἀνεπί-

2203 2213 2388 2276 δεκτος
2420 2213 2653 2277 ἀδικίας,
2682 2213 2814 2266 ἀλλὰ
2843 2212 2997 2283 λόγος
3024 2213 3085 2267 ὃν
3136 2213 3569 2285 παρεδεξάμεθα,
3604 2217 3632 2269 ὁ
3674 2232 3757 2269 κα-

2204 2306 2551 2372 τασκευάζων
2576 2306 2816 2370 δικαίους
2840 2323 2853 2336 ο
2889 2317 2944 2361 et
2976 2308 3073 2359 ista
3102 2317 3157 2359 et
3182 2317 3331 2361 tomo
3359 2323 3456 2369 xtl,
3493 2322 3630 2361 num.
3661 2306 3743 2370 40.

2206 2417 2329 2468 pag.
2361 2398 2486 2456 561.
2536 2399 2628 2469 Μὴ
2660 2398 2907 2460 συνόντος
2965 2396 3045 2468 τῷ
3102 2397 3424 2469 ἀρνουμένῳ
3474 2398 3756 2466 Πνεῦματος

2206 2490 2402 2562 ἐχθροῦ
2450 2489 2528 2560 τῷ
2560 2489 2822 2560 διδομένῳ
2872 2489 3148 2560 ιΙνεύματι
3183 2490 3280 2542 καὶ
3323 2490 3487 2561 σοφίᾳ
3509 2493 3616 2552 τοῖς
3642 2488 3756 2560 πρὸς

2204 2584 2266 2636 τὸ
2292 2584 2572 2654 ὁμολογεῖν
2603 2583 2744 2636 κατά
2767 2599 2891 2636 τινα
2919 2580 3074 2647 ἀξίαν
3105 2582 3285 2635 αὐτῶν
3335 2582 3444 2636 ὑπὸ
3469 2582 3598 2636 Θεοῦ
3654 2582 3757 2653 βοη-

2207 2656 2521 2748 θουμένοιςο
2558 2686 2612 2730 et
2663 2677 2777 2729 haec
2813 2689 3031 2743 quoque
3075 2690 3106 2729 e
3167 2685 3299 2729 tum.
3347 2691 3469 2741 xvi,
3523 2690 3658 2727 num.
3707 2672 3751 2736 5,

2208 2788 2328 2840 pag.
2359 2771 2486 2829 717.
2517 2770 2574 2821 Ὀ
2601 2768 2657 2821 δὲ
2679 2769 2868 2839 Σωτὴρ
2902 2768 3194 2839 διελέγχων
3219 2768 3313 2821 καὶ
3328 2768 3435 2839 τὴν
3458 2765 3756 2837 τηλικαύεκην

2211 2863 2587 2935 μεγαλόφωνον
2616 2861 2826 2933 μητέρα
2856 2862 2949 2915 τοῦ
2999 2860 3255 2915 Ἰακώϐου
3295 2860 3395 2913 καὶ
3438 2856 3756 2919 Ἰωάννου,ὠ;

2208 2955 2504 3026 ἁγνοοῦσαν
2537 2955 2679 3014 τίνες
2703 2956 2750 3007 οἱ
2782 2956 3161 3027 ὑπερέχοντες,
3187 2955 3282 3008 καὶ
3311 2955 3402 3007 ὅτι
3429 2956 3462 3024 η
3492 2951 3756 3023 τηλικαύτη

2207 3050 2384 3121 δωρεὰ
2406 3049 2567 3121 χάρις
2583 3050 2700 3103 ἐστὶ
2720 3048 2816 3101 τοῦ
2846 3048 2940 3100 ἐπὶ
2971 3049 3106 3101 πᾶσι
3141 3045 3278 3100 Θεοῦ
3295 3044 3654 3118 συμπνέοντος
3678 3043 3759 3097 καὶ

2214 3141 2596 3213 συνεργοῦντος
2623 3183 2638 3206 ,
2673 3142 2766 3195 καὶ
2801 3139 3071 3211 ἱδρύοντος
3095 3141 3152 3192 ὲν
3198 3142 3264 3211 τῇ
3297 3138 3526 3212 τοιαύτῃ
3544 3138 3752 3207 ὑπεροχῇ

2207 3233 2301 3298 οὓς
2331 3230 2471 3287 οἶδεν
2528 3234 2887 3304 ἐπιτηδείους,
2923 3245 3054 3293 etc...
3090 3247 3294 3286 necnon
3320 3242 3381 3286 et
3431 3231 3515 3285 illa
3561 3246 3590 3284 e
3634 3238 3758 3282 tutuo

2209 3342 2303 3380 xnt
2337 3327 2389 3379 in
2415 3324 2604 3390 10am,
2635 3343 2784 3379 num.
2820 3328 2871 3387 1,
2910 3326 3062 3396 Τάχα
3087 3326 3195 3396 γὰρ
3224 3324 3409 3395 δόγμα
3435 3324 3487 3375 τί
3511 3327 3634 3385 ἐστι,
3668 3338 3753 3392 μη-

2208 3418 2334 3472 δένα
2365 3417 2661 3490 λαμϐάνειν
2685 3418 2923 3488 δωρεὰν,
2981 3416 3091 3469 τῶν
3128 3417 3201 3488 μὴ
3254 3416 3550 3470 αἰτούντων
3595 3413 3753 3484 αὐτήν.

2213 3510 2492 3565 Manil'este
2547 3527 2762 3580 quoque
2824 3513 2967 3565 hunc
3009 3510 3255 3579 Apostoli
3302 3510 3486 3564 locum
3539 3508 3589 3562 in
3629 3518 3757 3560 suam

2214 3605 2431 3658 trahens
2495 3603 2820 3658 sententiam
2888 3601 3149 3672 pervertit
3198 3601 3293 3654 lih.
3331 3618 3391 3655 ix
3423 3603 3475 3653 in
3512 3598 3665 3667 Epist.
3700 3596 3758 3648 ad

2215 3693 2390 3759 Rom.,
2428 3711 2581 3750 num.
2617 3695 2671 3759 5,
2709 3709 2832 3764 pag.
2860 3694 2963 3749 648
2998 3710 3013 3746 :
3044 3712 3063 3746 ι
3101 3692 3385 3748 Habentes
3416 3701 3588 3746 autem
3622 3690 3761 3741 dona-

2216 3788 2389 3841 tiones
2415 3789 2716 3842 secuudum
2750 3787 2979 3857 gratiam
3010 3801 3130 3856 qua:
3160 3785 3285 3839 data
3311 3794 3405 3839 est
3458 3783 3603 3838 nobis
3630 3778 3760 3836 diffe-

2215 3890 2414 3943 rentes,
2432 3881 2546 3934 sive
2566 3880 2904 3950 prophetiam
2930 3878 3225 3934 secundum
3254 3878 3522 3933 rationem
3549 3873 3755 3938 ﬁdei")

2213 3981 2345 4033 etr..;
2378 3972 2504 4025 hinc
2533 3973 2730 4041 quippe
2763 3970 2971 4041 colligit
3003 3971 3195 4025 donari
3226 3971 3462 4042 gratiam
3488 3983 3517 4023 a
3552 3967 3652 4022 Deo
3689 3978 3759 4019 se-

2214 4065 2444 4116 cundum
2486 4064 2754 4118 rationem
2788 4063 2910 4117 lldei
2953 4079 2967 4116 :
3006 4072 3119 4117 tum
3162 4077 3228 4117 ex
3263 4064 3458 4118 eodem
3493 4062 3605 4117 loco
3630 4068 3679 4113 et
3702 4072 3754 4112 ex

2215 4154 2324 4209 alio
2354 4155 2609 4223 Epistulae
2650 4154 2852 4226 prioris
2895 4155 2961 4208 ad
3000 4155 3316 4209 Corinthios
3345 4157 3427 4210 sic
3474 4149 3756 4208 concludit:

2220 4266 2240 4299 ι
2284 4246 2439 4302 Unde
2469 4248 2598 4301 mihi
2661 4247 2880 4301 videtur
2934 4259 3041 4301 tam
3098 4247 3164 4300 ad
3228 4245 3502 4301 Romanos
3533 4257 3678 4315 quam
3701 4243 3756 4293 ad

2216 4338 2532 4393 Corinthios
2574 4340 2817 4394 scribens
2840 4381 2854 4403 .
2907 4348 3019 4393 tres
3050 4339 3329 4408 capienda:
3383 4337 3569 4406 gratia:
3600 4334 3760 4389 modos

2217 4433 2433 4495 docere,
2468 4440 2524 4485 ut
2552 4447 2616 4485 ex
2644 4433 2800 4486 nobis
2829 4433 2880 4485 in
2903 4445 2969 4487 eo
2994 4432 3078 4502 agi
3118 4431 3323 4497 aliquid
3363 4432 3625 4491 ostendat,
3663 4427 3759 4496 plu-

532 4521 925 4589 ὲπαγγὲλλεται
964 4521 1073 4574 τῶν
1107 4521 1442 4594 προσιόντων
1483 4520 1581 4592 τὴν
1627 4521 1825 4575 κακίαν
1856 4521 2105 4593 ἐξαιρεῖν1

2223 4527 2415 4577 rimum
2467 4534 2646 4577 tamen
2698 4525 2750 4576 in
2784 4524 2873 4577 Dei
2920 4524 3205 4595 largitione
3259 4526 3575 4580 consistere.
3630 4518 3758 4574 Ponit

530 4613 599 4682 ἦν
625 4611 875 4683 ὠνόμασε
902 4613 1124 4685 καρδίαν
1151 4613 1383 4685 λιθίνην,
1412 4615 1532 4685 οὐχὶ
1565 4616 1787 4669 ἐκείνων
1819 4615 1893 4688 μὴ
1930 4615 2112 4686 βουλο-

533 4703 733 4776 μένων,
768 4703 882 4757 ἀλλ’
916 4706 1139 4770 ἑαυτοὺς
1167 4707 1245 4778 τῷ
1277 4706 1447 4777 ἰατρῷ
1478 4706 1588 4760 τῶν
1613 4707 1931 4777 καμνόντων
1964 4725 2107 4780 παρτ

528 4795 864 4867 εσχηκότων.
894 4795 1055 4862 Quasi
1093 4812 1197 4851 non
1244 4814 1273 4851 a
1305 4798 1416 4853 Deo
1445 4800 1747 4855 habeamus
1771 4800 1875 4855 hoc
1905 4802 2105 4871 ipsum,

534 4896 593 4939 ut
624 4888 903 4949 accedere,
936 4895 992 4939 ut
1044 4888 1227 4942 sanari
1272 4889 1521 4944 velimus.
1582 4890 1788 4943 Similia
1820 4900 1949 4944 sunt
1987 4908 2108 4961 quae

532 4991 833 5050 sequuntur
867 5001 879 5035 :
930 4981 1042 5035 Καὶ
1067 4980 1199 5045 ἐστι,
1232 4984 1353 5051 φέρ’
1383 4984 1579 5046 εἰπεῖν,
1608 4983 1672 5037 τὸ
1697 4986 1828 5047 τοὺς
1874 4982 2111 5054 τυφλοὺς

530 5070 851 5141 ἀναϐλέψαι,
891 5071 1072 5144 ἔργον,
1100 5072 1241 5126 κατὰ
1271 5071 1370 5142 μὲν
1409 5073 1470 5126 τὸ
1506 5073 1818 5145 ἠξιωκέναι,
1859 5074 1965 5128 τῶν
2012 5092 2100 5127 πι-

533 5163 827 5219 στευόντων
855 5164 1113 5219 δύνασθαι
1140 5165 1566 5238 θεραπεύεσθαι·
1599 5166 1741 5221 κατὰ
1761 5167 1818 5220 δὲ
1853 5168 1950 5239 τὴν
1976 5169 2112 5221 ἀπο-

532 5258 865 5313 κατάστασιν
899 5261 999 5332 τῆς
1045 5262 1321 5333 ὁράσεως,
1356 5259 1450 5315 τοῦ
1494 5254 1745 5333 Σωτῆρος
1797 5261 1972 5334 ἡμῶν.
2008 5261 2112 5316 lie-

532 5349 677 5419 liqua
713 5350 827 5418 pari
858 5350 988 5405 vitio
1013 5352 1282 5408 laborant.
1313 5352 1492 5408 Nihilo
1532 5354 1752 5407 saniora
1806 5364 1933 5407 sunt
1989 5371 2109 5423 quae

535 5444 785 5514 leguntur
809 5443 932 5497 libri
958 5444 1197 5511 ejusdem
1225 5447 1401 5516 capite
1425 5446 1479 5510 6,
1522 5446 1576 5500 in
1612 5446 1808 5516 quibus
1836 5448 2106 5503 hominem

534 5534 728 5590 divina:
782 5534 1030 5604 imaginis
1088 5536 1427 5607 dignitatem,
1474 5551 1599 5591 cum
1655 5548 2034 5605 procrearetur
2082 5557 2109 5591 a

538 5624 667 5691 lico,
696 5628 971 5699 accepisse
992 5629 1098 5696 ait;
1129 5630 1497 5685 similitudinis
1547 5645 1675 5688 vero
1711 5629 2101 5701 perfectionem

610 5803 654 5837 “
686 5802 841 5862 Rom.
872 5824 948 5875 ut,
985 5808 1071 5867 18.
1148 5811 1193 5843 ⁷³
1224 5812 1373 5868 Rom.
1407 5827 1506 5881 χιι,
1534 5812 1587 5869 6.

2219 4633 2352 4687 ergo
2375 4626 2430 4671 et
2452 4633 2761 4673 mensuram
2796 4617 2918 4672 ﬁdei
2948 4632 3093 4681 esse,
3124 4632 3222 4687 per
3272 4632 3435 4686 quam
3489 4615 3602 4686 quis
3652 4626 3758 4683 gra-

2221 4711 2349 4762 tiam
2391 4710 2531 4778 capit
2564 4724 2577 4760 :
2614 4710 2766 4778 ponit
2788 4718 2843 4763 et
2873 4710 2939 4764 ad
2971 4709 3021 4762 id
3052 4710 3194 4780 quod
3234 4710 3482 4779 expedit;
3515 4718 3567 4762 et
3611 4704 3757 4775 Spiri-

2222 4813 2330 4855 tum
2360 4801 2602 4855 dividere
2632 4812 2793 4871 prout
2819 4802 2955 4857 vult.
2991 4801 3059 4857 Ut
3105 4817 3237 4871 ergo
3270 4812 3419 4856 tanta
3451 4803 3500 4855 in
3529 4800 3670 4855 nobis
3713 4795 3757 4848 li-

2219 4896 2314 4948 des
2343 4895 2672 4955 inveniatur.
2703 4908 2904 4965 quanta
2942 4897 3115 4965 possit
3162 4896 3528 4950 sublimiorem
3554 4891 3756 4963 gratiam

2223 4986 2325 5055 (sic
2346 4986 2489 5039 enim
2527 4985 2836 5058 legendum)
2881 4989 3201 5056 promereri,
3238 4989 3407 5042 nostri
3436 4987 3607 5057 operis
3635 4982 3757 5035 vide-

2221 5086 2308 5130 tur
2336 5087 2392 5131 et
2418 5079 2581 5131 studii
2622 5096 2635 5129 :
2682 5088 2742 5132 ut
2773 5088 2953 5132 autem
2982 5080 3050 5133 ad
3096 5079 3146 5133 id
3189 5079 3352 5135 detur
3381 5078 3521 5148 quod
3549 5072 3754 5145 expeti",

2217 5180 2271 5224 et
2299 5171 2428 5224 utile
2450 5171 2521 5223 sit
2563 5170 2872 5236 accipienti,
2906 5168 2997 5224 Dei
3024 5170 3288 5239 judicium
3319 5182 3439 5237 est;
3465 5169 3543 5223 vel
3568 5165 3759 5222 omnino

2219 5263 2264 5315 si
2298 5261 2412 5315 dari
2440 5260 2588 5326 velit,
2634 5263 2685 5314 in
2739 5262 2853 5329 ipso
2885 5269 2988 5314 est.
3029 5280 3049 5312 ι
3105 5260 3227 5315 Pari
3257 5261 3465 5316 insania
3496 5253 3759 5320 corrumpit

2219 5353 2415 5407 ibidem
2441 5354 2543 5409 hoc
2580 5354 2804 5407 alterum
2825 5368 2856 5406 e
2883 5353 2899 5406 l
2923 5352 2990 5407 ad
3021 5352 3149 5408 Cor.
3172 5368 3271 5415 xu.
3301 5352 3367 5408 18
3398 5370 3414 5407 :
3467 5369 3486 5402 ι
3518 5349 3656 5404 Nunc
3680 5358 3759 5397 au-

2222 5455 2328 5499 tem
2366 5445 2546 5514 posuit
2567 5444 2708 5500 Deus
2733 5443 3011 5508 membra,
3055 5444 3473 5514 unumquodque
3496 5452 3666 5496 eorum
3714 5433 3756 5486 in

2218 5550 2469 5606 corpore,
2504 5536 2647 5591 sicut
2702 5535 2892 5591 voluit.
2934 5534 3109 5591 Voluit
3165 5547 3370 5600 autem,
3416 5532 3601 5602 inquit,
3636 5528 3756 5582 Dens

2222 5629 2518 5685 secundum
2543 5626 2809 5685 rationem
2848 5629 2933 5684 vel
2966 5643 3277 5685 mensuram
3324 5626 3443 5685 ﬁdei
3472 5639 3583 5695 qua:
3604 5629 3678 5677 est
3706 5615 3752 5671 in
