4054 6310
308 349 408 405 949

1087 349 1659 408 ΟΒΙΟΕΝΙΑΝΟΒῙΙΜ
1700 352 1829 408 LlB.
1872 353 1941 424 11,
1982 353 2135 411 CAP.
2179 354 2243 419 ll,
2284 352 2558 421 QUIEST.
2597 354 2707 411 VII.

3448 353 3551 407 950

308 469 482 533 nobis,
513 470 595 524 vel
641 470 809 526 voluit
834 469 897 524 ad
948 468 998 523 id
1050 471 1192 539 quod
1231 471 1470 541 expedit.
1510 471 1620 527 Nisi
1650 471 1786 528 forte
1810 472 1883 527 ita
1916 479 1959 535 Α
1989 483 2074 527 cet
2103 482 2440 528 commentus
2489 483 2595 537 est,
2634 484 2692 527 ut
2727 473 3126 542 aggressionem
3168 470 3490 539 boniOpet-is
3524 485 3553 523 a

306 560 506 631 aiiquis
535 573 588 617 et
617 564 719 618 hoc
749 563 879 617 velit
910 562 1214 632 intelligere
1247 581 1259 617 :
1288 564 1430 619 Deus
1468 565 1650 633 posuit
1686 566 1735 617 in
1766 581 1882 621 ror-

304 666 438 720 pore
459 654 886 722 unumquodque
917 653 1220 706 membrum
1245 664 1407 723 prout
1435 655 1628 721 voluit,
1672 667 1759 721 ιιι,
1794 671 1883 709 vo-

304 744 429 811 luit,
468 748 535 801 ad
570 746 866 800 membrum
902 745 1073 815 magis
1102 745 1392 808 referatur.
1449 749 1552 802 hoc
1583 758 1688 811 est,
1724 760 1885 817 prout

306 839 505 903 voluit,
530 849 689 909 prout
716 838 897 909 elegit,
924 849 1085 908 prout
1126 854 1347 907 operam
1374 839 1539 903 dedit,
1591 854 1657 893 ne
1690 841 1884 893 videa—

309 944 397 985 tur
423 934 487 986 de
538 932 757 987 homine
804 932 1017 985 arbitrii
1054 941 1296 999 potestas
1339 932 1561 987 auferri.
1598 953 1614 983 ι
1645 934 1883 1002 Denique

308 1022 359 1075 in
399 1024 607 1076 catenis
657 1026 707 1074 in
768 1021 1013 1076 Psaltnos
1068 1024 1189 1076 talia
1248 1024 1481 1077 refertur
1512 1023 1772 1079 eﬂtttiisse
1817 1027 1881 1077 ad

307 1114 497 1183 psalm.
523 1130 650 1179 cxx,
684 1115 737 1181 5,
768 1130 886 1186 pag.
915 1114 1062 1169 820:
1119 1115 1209 1186 Μὴ
1254 1114 1395 1187 δῴης
1444 1119 1523 1180 εἰς
1581 1117 1738 1169 σάλον
1792 1119 1882 1170 τὸν

306 1207 443 1259 πόδα
492 1224 618 1259 σουο
654 1207 727 1279 μὴ
780 1210 1145 1278 περιτραπῇς,
1211 1209 1374 1279 φησὶ,
1413 1210 1545 1281 μηδὲ
1599 1210 1881 1264 σκανδαλι-

308 1299 466 1370 σθῇςο
501 1299 595 1352 καὶ
626 1299 744 1353 τότε
771 1297 914 1363 ἔξεις
945 1299 1075 1351 Θεὸν
1098 1302 1253 1369 χεῖρα
1279 1300 1534 1372 ὀρέγοντα
1552 1317 1563 1327 ’
1596 1300 1734 1353 ὥστε
1754 1302 1882 1373 παρ’

304 1389 463 1459 ήμῶν
512 1388 590 1441 δεῖ
647 1385 781 1443 εἶναι
818 1388 915 1452 τὰς
959 1388 1152 1458 ἀρχὰς,
1180 1390 1273 1442 καὶ
1318 1392 1345 1443 ὁ
1386 1389 1518 1453 Θεὸς
1554 1390 1644 1443 τοῦ
1702 1390 1881 1461 ὀρέξαι

306 1485 493 1553 χεῖρας
526 1481 766 1553 ἕτοιμος.

379 1571 449 1627 Ut
495 1574 666 1643 magis
714 1577 878 1627 etiam
930 1582 1147 1643 pateant
1197 1576 1454 1629 doctrinae
1503 1577 1659 1645 hujus
1700 1576 1881 1646 adyta,

306 1664 703 1720 observandum
758 1676 842 1719 est
897 1666 1162 1737 duplicem
1217 1669 1268 1721 in
1327 1669 1483 1723 nobis
1537 1672 1604 1722 ab
1652 1670 1883 1739 Origene

308 1757 564 1811 constitui
597 1758 955 1823 lidem,aliam
992 1761 1306 1821 humanam.
1329 1776 1489 1830 quam
1524 1762 1727 1816 viribus
1758 1778 1881 1832 pro-

303 1850 443 1919 priis
504 1848 649 1903 nullo
698 1850 946 1918 praesidio
981 1850 1206 1903 ﬁrmatis
1238 1853 1436 1905 habere
1473 1853 1767 1920 possimus,
1800 1853 1880 1905 di-

303 1942 489 1995 vinam
525 1939 711 2006 aliam,
745 1956 863 2010 quae
896 1942 1050 1996 nobis
1086 1941 1175 1994 Dei
1210 1944 1379 2012 gratia
1419 1941 1879 1997 iul'undatur.Nec

305 2034 573 2105 duplicem
619 2034 793 2087 solum
839 2033 1020 2098 ﬁdem,
1058 2035 1150 2088 sed
1188 2036 1415 2089 virtutes
1456 2036 1617 2089 etiam
1644 2034 1879 2102 reliquas

306 2126 362 2182 in
415 2128 571 2182 nobis
603 2127 841 2194 duplices
885 2142 1005 2180 esse
1051 2136 1231 2195 putat,
1277 2143 1501 2196 quarum
1555 2126 1673 2180 alia:
1714 2128 1819 2182 sint
1850 2143 1879 2181 a

306 2221 487 2284 nobis,
520 2219 636 2273 alia:
667 2236 695 2272 a
732 2219 838 2274 Deo
874 2237 886 2272 :
922 2218 1038 2273 illas
1084 2231 1262 2273 autem
1315 2221 1380 2273 ad
1427 2220 1650 2274 salutem
1690 2234 1881 2274 conse-

306 2310 572 2379 quendam
627 2310 759 2363 nihil
792 2309 1066 2378 prodesse,
1102 2310 1206 2363 nisi
1253 2310 1441 2370 harum
1487 2313 1762 2364 consortio
1790 2328 1877 2364 ro-

303 2402 585 2457 borentur.
624 2402 937 2457 Panduntur
986 2404 1099 2457 lucc
1147 2403 1361 2456 oracula
1417 2413 1570 2457 tract.
1610 2420 1775 2459 χχχιιι
1824 2407 1878 2458 in

304 2491 524 2555 Matt/1.,
554 2509 700 2548 num.
738 2512 757 2544 ι
809 2493 919 2548 69:
973 2513 991 2545 ι
1028 2493 1093 2548 Ut
1122 2505 1273 2563 puta,
1313 2494 1507 2562 inquit.
1571 2495 1725 2548 fidetn
1781 2496 1879 2550 ha-

302 2588 450 2643 benti
474 2603 595 2657 qua:
621 2598 700 2644 cst
724 2605 787 2642 ex
821 2588 997 2655 nobis,
1021 2590 1236 2643 dabitur
1263 2592 1433 2659 gratia
1481 2590 1623 2652 fidei,
1653 2605 1770 2659 qua:
1798 2600 1880 2645 est

299 2695 399 2750 per
446 2681 693 2749 spirilum
750 2681 891 2745 fidei,
924 2694 978 2736 et
1019 2682 1314 2736 abundabit
1346 2700 1360 2749 ;
1392 2692 1445 2735 ct
1471 2682 1732 2751 quidquid
1779 2683 1876 2737 ha-

301 2774 481 2828 buerit
508 2773 631 2841 quis
664 2790 728 2827 ex
783 2772 1015 2827 naturali
1072 2773 1372 2840 creatione,
1418 2789 1540 2827 cum
1576 2777 1880 2829 exercuerit

298 2880 447 2929 eum,
478 2867 670 2933 accipit
704 2867 753 2919 id
796 2870 964 2932 ipsum
999 2882 1050 2919 et
1084 2882 1149 2922 ex
1180 2868 1352 2936 gratia
1392 2867 1509 2928 Dei,
1544 2878 1595 2919 ut
1644 2869 1881 2921 abmulet

302 2969 358 3010 et
392 2959 601 3011 ﬁrmior
627 2958 697 3011 sit
728 2960 779 3012 in
805 2974 871 3012 eo
896 2958 1012 3025 ipso
1032 2958 1175 3027 quod
1205 2958 1386 3024 habet,
1418 2962 1604 3029 gquOd
1636 2961 1700 3014 de
1731 2960 1878 3014 omni

302 3048 719 3104 itidvmvirtule
755 3050 1161 3119 intelligendum
1217 3066 1338 3106 esse
1395 3052 1601 3108 scribit.
1656 3055 1876 3109 Demutn

304 3141 579 3195 concludit
614 3156 627 3193 :
664 3160 683 3193 ‹
744 3142 1036 3213 Propterea
1069 3145 1113 3197 si
1149 3143 1398 3197 volumus
1426 3154 1484 3199 ut
1522 3146 1679 3199 detur
1724 3146 1879 3200 nobis

300 3233 480 3285 virtus
515 3232 833 3301 perfectior,
864 3244 918 3287 ct
969 3233 1204 3289 abundet
1239 3235 1291 3288 in
1338 3235 1490 3291 nobis
1534 3237 1674 3307 quod
1703 3238 1878 3306 perfe-

302 3330 450 3374 ctum
474 3332 556 3375 est
592 3322 732 3375 inter
756 3324 1021 3385 homines,
1055 3339 1151 3392 per
1182 3324 1514 3395 diligentiam
1544 3328 1688 3380 omni
1723 3328 1880 3381 modo

300 3414 667 3481 acquiramus,
692 3427 745 3468 et
766 3424 1047 3485 postquam
1078 3416 1518 3484 acquisierimus,
1544 3418 1697 3485 quasi
1725 3416 1881 3471 intel—

300 3503 533 3573 ligentes
567 3507 822 3575 quoniam
876 3508 931 3562 in
968 3508 1195 3563 nihilum
1255 3510 1367 3564 hate
1407 3519 1725 3577 reputantnr
1765 3510 1882 3563 sine

300 3597 476 3663 gratia
507 3598 622 3663 Dei,
655 3599 1000 3655 humiliemus
1030 3602 1397 3670 nosmetipsos
1425 3602 1525 3655 sub
1558 3616 1717 3653 manu
1744 3601 1881 3654 vali-

303 3685 371 3740 da
404 3686 495 3741 Ι)θί
528 3688 593 3751 ⁷⁸,
619 3699 671 3743 et
706 3704 922 3745 oremus
952 3692 1066 3748 sine
1097 3694 1171 3747 ira
1212 3695 1600 3762 disceptatione
1645 3692 1881 3747 levantes

297 3796 465 3850 puras
503 3797 694 3837 manus
724 3784 793 3849 ⁷⁷,
824 3793 881 3838 ιιι
927 3786 1167 3840 omnium
1222 3789 1482 3840 honorum
1515 3803 1635 3856 quat
1677 3794 1799 3839 sunt
1830 3788 1878 3839 in

300 3873 458 3929 nobis
487 3874 745 3944 perfectio
778 3878 937 3932 detur
966 3893 1031 3932 ex
1056 3878 1184 3944 Deo,
1214 3888 1266 3935 et
1293 3878 1455 3933 faciat
1486 3895 1581 3933 nos
1612 3879 1878 3948 perfectos

299 3978 356 4020 et
385 3969 747 4036 acceptabiles
782 3969 917 4037 Deo,
948 3972 1103 4041 quasi
1138 3972 1279 4027 filios
1306 3972 1420 4026 Dei.
1456 3993 1473 4024 ι
1512 3972 1767 4025 Eamdem
1799 3988 1881 4025 re-

300 4060 485 4130 coquit
519 4061 776 4115 cramben
809 4062 901 4117 lib.
934 4078 987 4117 tv
1026 4063 1082 4116 in
1124 4061 1298 4132 Epist.
1340 4064 1408 4117 ad
1440 4062 1611 4127 Rom,
1638 4079 1781 4116 num.
1822 4062 1877 4124 5.

299 4160 462 4219 atque
513 4152 587 4207 ita
636 4154 805 4223 accipi
840 4154 956 4209 vult
998 4170 1187 4211 vocem
1237 4156 1376 4211 hanc
1409 4155 1772 4225 apostolorum
1813 4156 1879 4208 ad

298 4241 574 4299 Christum
620 4262 634 4299 :
674 4265 691 4297 ι
736 4248 887 4318 Auge
930 4249 1084 4303 nobis
1117 4250 1274 4304 fidem
1316 4248 1362 4280 ’⁷⁸
1399 4264 1413 4302 :
1450 4247 1622 4315 Quia,
1684 4248 1875 4317 inquit.

298 4338 463 4392 etiam
495 4338 627 4393 ﬁdes
651 4339 789 4408 ipsa,
822 4355 926 4409 qua
958 4341 1183 4396 credere
1205 4342 1455 4396 videmur
1490 4345 1620 4402 Deo.
1656 4342 1796 4395 dono
1827 4343 1876 4394 in

298 4430 457 4483 nobis
507 4431 693 4500 gratia:
733 4431 1106 4487 confirmatur.
1150 4452 1169 4484 ι
1228 4435 1405 4501 Atque
1463 4434 1604 4488 idem
1649 4434 1878 4488 subinde

297 4520 525 4588 replicat
550 4522 643 4578 lib.
676 4537 751 4589 Ix,
799 4538 951 4577 num.
980 4523 1037 4583 '5.
1088 4539 1208 4594 pag.
1249 4522 1374 4591 649,
1417 4524 1580 4591 idque
1631 4538 1877 4592 compru-
1908 4546 1955 4604 ί)

298 4610 429 4665 bare
461 4614 662 4683 satagit
710 4615 1007 4684 apostolico
1042 4616 1181 4672 isto:
1235 4615 1403 4670 Alteri
1443 4617 1573 4684 ﬁdes
1603 4618 1655 4671 in
1698 4617 1877 4670 eodem

297 4705 487 4773 spiritu
510 4707 554 4737 ⁷⁸
590 4724 603 4760 :
634 4726 652 4757 ς
682 4706 834 4774 Quod
865 4707 1017 4773 fides,
1068 4708 1262 4777 inquit,
1311 4725 1430 4779 quae
1471 4718 1651 4778 speret
1686 4720 1739 4763 et
1761 4724 1879 4763 cre-

298 4795 411 4861 dat,
439 4808 493 4852 ct
529 4800 731 4870 absque
790 4802 893 4856 ulla
955 4800 1290 4856 dubitatione
1343 4801 1596 4865 conﬁdat,
1632 4802 1685 4855 io
1726 4802 1878 4855 nobis

297 4900 419 4957 est;
455 4894 595 4949 ratio
627 4909 756 4949 vero
787 4894 910 4949 fidei
940 4896 1130 4966 ipsius,
1162 4904 1217 4949 et
1244 4894 1491 4961 scientia,
1518 4904 1573 4949 et
1604 4895 1875 4963 perfectus

297 5000 484 5041 eorum
507 5001 627 5057 qua:
658 4986 930 5043 credimus
953 4987 1257 5043 intellectus
1283 4987 1515 5041 donatur
1537 5002 1565 5038 a
1592 4986 1720 5040 Deo.
1749 5004 1766 5037 ι
1795 4987 1870 5039 Ac

300 5078 515 5130 tandem
555 5091 571 5129 :
606 5095 625 5127 ¢
666 5075 819 5130 Sicut
846 5085 930 5131 est
968 5076 1103 5133 ﬁdes
1146 5092 1306 5147 quam
1341 5076 1621 5130 docuimus
1664 5091 1784 5130 esse
1819 5077 1869 5128 in

297 5168 477 5230 nobis,
500 5175 552 5220 et
576 5181 763 5222 rursus
789 5177 872 5222 est
897 5167 1028 5222 ﬁdes
1050 5183 1168 5238 qua:
1188 5181 1284 5237 per
1309 5167 1534 5238 gratiam
1563 5168 1738 5231 datur,
1768 5168 1873 5221 sic-

299 5266 359 5314 ut
398 5273 559 5327 supra
591 5259 825 5314 diximus
849 5260 1105 5331 scriptum
1128 5276 1250 5317 esse
1281 5279 1297 5316 :
1323 5260 1430 5314 Alii
1459 5259 1588 5329 ﬁdes
1609 5262 1662 5313 in
1693 5259 1869 5313 eodem

297 5349 534 5419 spiritu;
582 5350 655 5404 ita
708 5350 871 5404 etiam
931 5352 984 5405 in
1026 5366 1347 5422 unoquoque
1385 5352 1576 5407 horum
1610 5366 1729 5419 qua:
1774 5368 1870 5405 su-

301 5455 397 5510 pra
426 5442 867 5496 onumeravimus
912 5457 941 5495 a
978 5443 1085 5498 Deo
1121 5458 1215 5511 per
1257 5444 1489 5513 gratiam
1543 5443 1681 5507 dari,
1709 5453 1793 5496 est
1816 5453 1870 5495 ut

300 5534 356 5587 in
393 5532 549 5590 nobis
590 5532 814 5604 aliquid,
842 5536 908 5589 ad
944 5533 1096 5604 cujus
1143 5537 1511 5605 unusquisque
1559 5549 1867 5589 mensuram

300 5621 385 5676 vel
418 5623 684 5678 rationem
733 5623 961 5695 gratiam
992 5633 1347 5693 promeretur.
1391 5647 1408 5677 ι
1454 5625 1575 5679 H;ec
1610 5639 1675 5680 eo
1721 5624 1869 5680 scili-

370 5802 458 5857 “l
500 5802 639 5857 Petr.
670 5818 719 5868 v,
759 5805 810 5858 6.

891 5806 931 5836 ⁷⁷
972 5803 987 5858 l
1020 5804 1155 5860 Tim.
1190 5822 1245 5871 ιι,
1278 5807 1331 5862 8.
1408 5808 1452 5838 τ’
1486 5807 1612 5862 Luc.
1669 5824 1796 5872 xvu,
1829 5809 1881 5865 5.

1986 566 2263 620 voluntate
2301 577 2487 620 nostra
2545 568 2931 634 suspenderel;
2981 578 3288 619 successum
3326 577 3457 617 vero
3503 570 3558 616 et

1985 657 2372 725 perfectionem
2410 672 2437 709 a
2484 657 2608 711 Deo.

2055 746 2173 800 Jam
2236 764 2364 801 vero
2426 750 2718 815 germinum
2779 747 3031 818 Origenis
3076 761 3290 801 sensum
3338 746 3555 799 odorari

1986 852 2293 911 promptum
2332 850 2413 895 est
2466 843 2516 893 in
2565 842 2776 903 multis,
2814 841 3008 910 quibus
3038 840 3331 909 legitimam
3372 837 3555 907 gratia:

1987 953 2090 987 vnn
2125 938 2295 988 visum
2324 946 2404 988 est
2433 937 2749 1004 ptzedicasse
2781 954 2792 988 :
2820 948 2879 988 ut
2923 949 3042 988 cum
3082 933 3175 987 lib.
3200 948 3258 986 ιιι
3294 916 3431 997 Περὶ
3462 931 3557 997 ἀρ·

1986 1026 2129 1096 χῶν,
2150 1043 2267 1097 cap.
2290 1029 2337 1091 l,
2375 1043 2521 1083 num.
2551 1028 2636 1093 l8,
2665 1028 2867 1097 optime
2896 1027 2998 1080 dici
3032 1025 3243 1085 asserit,
3276 1024 3555 1077 aedilicium

1986 1135 2088 1172 non
2117 1118 2457 1181 aedificantis,
2491 1120 2585 1172 sed
2620 1120 2712 1173 Dei
2736 1133 2870 1187 opus
2919 1133 3077 1183 esse;
3118 1126 3172 1170 et
3220 1116 3369 1169 urbis
3419 1124 3558 1167 tute-

1984 1211 2112 1279 lam,
2140 1227 2245 1265 non
2285 1211 2601 1267 custodibus
2628 1223 2679 1267 et
2704 1211 2901 1280 vigiliis
2930 1210 3181 1268 militum.
3214 1208 3304 1262 sed
3338 1208 3445 1262 Deo
3474 1222 3560 1263 re-

1986 1314 2069 1358 cte
2098 1303 2295 1358 ascribi
2331 1322 2343 1357 :
2390 1305 2469 1358 sic
2503 1303 2645 1357 enim
2683 1319 2794 1356 rem
2838 1301 3238 1371 intelligendam
3261 1313 3381 1353 esse
3418 1299 3556 1359 vult,

1984 1397 2165 1467 operis
2186 1406 2553 1465 susceptorem
2588 1395 2752 1449 fuisse
2772 1395 3065 1458 hominem,
3094 1394 3259 1448 Deum
3289 1389 3558 1460 perfecto-

1985 1505 2096 1542 rem
2132 1507 2145 1553 ;
2178 1505 2274 1543 nec
2300 1486 2542 1542 sufﬁcere
2568 1488 2899 1543 voluntatem
2946 1486 3231 1540 humanam
3269 1483 3334 1537 ad
3368 1496 3558 1537 conse-

1985 1579 2252 1647 quendum
2294 1580 2474 1645 finem,
2526 1580 2625 1634 nisi
2677 1580 2816 1632 Deus
2852 1576 2918 1630 ad
2954 1576 3007 1630 id
3050 1575 3382 1645 opituletur;
3415 1573 3557 1641 quod

1985 1687 2049 1727 co
2077 1673 2297 1742 probari
2329 1682 2479 1742 putat
2513 1690 2524 1724 :
2563 1692 2579 1722 ι
2616 1670 2731 1725 Non
2766 1670 3016 1734 volentis,
3057 1683 3229 1736 neque
3264 1667 3553 1723 currentis.

1986 1766 2078 1820 sed
2114 1765 2418 1820 miserentis
2458 1773 2539 1817 est
2569 1763 2658 1815 Dei
2690 1764 2757 1813 ⁸ο.
2802 1784 2818 1813 ›
2852 1762 2904 1814 In
2935 1776 3094 1830 quem
3148 1760 3324 1813 locum
3362 1757 3560 1827 repetit

1983 1859 2170 1912 eadem
2205 1868 2253 1909 et
2282 1857 2519 1912 extendit
2560 1855 2651 1910 lib.
2690 1872 2760 1909 vtt
2812 1858 2864 1909 in
2906 1855 3076 1921 Epist.
3105 1854 3171 1908 ad
3202 1852 3376 1917 Boot,
3405 1866 3554 1906 num.

1983 1950 2071 2017 16,
2103 1966 2156 2019 p.
2198 1950 2398 2014 6H,ex
2435 1965 2609 2017 eoque
2647 1949 3003 2002 demonstrari
3042 1948 3137 2011 ait,
3169 1966 3186 1997 ι
3226 1946 3367 2014 quod
3398 1946 3559 1999 homo

1980 2045 2194 2112 quidem
2238 2043 2473 2096 laborem
2518 2041 2802 2109 impendat-
2838 2049 2891 2094 et
2936 2039 3385 2099 sollicitudinem;
3417 2036 3558 2091 Deus

1982 2144 2159 2186 autem
2186 2148 2489 2186 successum
2524 2131 2669 2199 operi
2706 2130 2909 2185 tribuat
2938 2142 2990 2182 et
3019 2128 3268 2183 effectum
3295 2146 3309 2191 ς
3355 2148 3373 2179 ι
3409 2127 3558 2180 ideo~

1982 2238 2085 2290 que
2111 2222 2292 2290 operis
2317 2236 2581 2274 summam
2624 2220 2729 2273 Deo
2770 2221 2947 2286 potius
2975 2234 3133 2288 quam
3183 2217 3387 2270 homini
3434 2231 3571 2271 esse.

1982 2315 2362 2383 deputandam.
2425 2313 2721 2365 Confirmat
2782 2311 2913 2366 illttd
2959 2310 3108 2364 Pauli
3153 2310 3352 2371 verbis,
3395 2310 3414 2363 ι
3457 2308 3559 2364 Co-

1983 2405 2149 2457 rinth.
2183 2420 2269 2466 ιιι,
2325 2404 2396 2457 6:
2445 2422 2461 2453 ι
2500 2402 2608 2472 Ego
2667 2402 2919 2471 plantavi,
2977 2402 3161 2470 Apollo
3208 2401 3377 2470 rigavi
3421 2442 3437 2465 ,
3467 2400 3559 2454 sed

1984 2496 2122 2549 Deus
2149 2496 2541 2549 incrementum
2585 2494 2768 2558 dedit;
2812 2514 2827 2544 ι
2872 2504 2980 2545 tum
3011 2494 3130 2547 ait:
3174 2512 3192 2543 ι
3225 2493 3449 2547 Certum
3472 2502 3568 2548 est

1984 2588 2145 2640 Deum
2181 2601 2284 2640 non
2316 2587 2485 2641 solum
2521 2586 2659 2640 scire
2689 2585 3110 2654 uniuscujusque
3137 2588 3469 2654 propositum
3494 2600 3578 2656 ac-

1982 2678 2335 2743 voluntatem,
2359 2678 2453 2732 sed
2482 2688 2535 2731 et
2584 2678 2856 2747 praescire.
2904 2678 3095 2731 Sciens
3126 2688 3304 2729 autem
3337 2689 3389 2730 et
3416 2693 3558 2745 prae-

1981 2785 2227 2831 noscens,
2251 2779 2504 2839 tanquam
2532 2775 2700 2823 bonus
2724 2769 3061 2838 dispensator
3084 2779 3137 2824 et
3155 2771 3351 2837 justus,
3371 2770 3569 2824 ιιιιὶιιεσΔ

1980 2862 2238 2930 cujusque
2267 2862 2498 2915 motibus
2523 2872 2573 2914 et
2598 2861 2871 2930 proposito
2888 2864 3055 2915 utitur
3078 2862 3143 2915 ad
3168 2877 3231 2916 ea
3258 2876 3419 2931 opera
3438 2859 3554 2916 θαί-

1982 2952 2193 3017 cienda,
2224 2968 2343 3022 qum
2379 2952 2801 3021 uniuscujusque
2837 2952 3051 3005 animus
3083 2968 3147 3006 ac
3179 2952 3426 3008 voluntas
3458 2952 3555 3006 eli-

1980 3048 2087 3116 git;
2130 3064 2149 3096 ›
2178 3055 2232 3098 et
2256 3057 2553 3115 postremo,
2586 3061 2710 3115 pag.
2739 3046 2843 3099 615
2876 3063 2890 3099 :
2946 3064 2964 3096 ι
2996 3045 3060 3101 Ut
3094 3046 3219 3100 boni
3253 3047 3429 3111 enim,
3475 3046 3559 3099 iu-

1981 3139 2117 3208 quit,
2152 3158 2170 3190 ι
2221 3148 2311 3193 aut
2340 3140 2464 3192 mali
2498 3140 2669 3196 simus
2696 3151 2893 3197 nostra:
2915 3141 3210 3195 voluntatis
3235 3148 3354 3201 est;
3389 3137 3573 3192 malus.

1983 3238 2158 3284 autem
2185 3233 2249 3282 ad
2284 3230 2581 3298 cuiusmodi
2612 3233 2935 3297 verbera,et
2966 3233 3136 3287 bonus
3164 3233 3229 3285 ad
3259 3229 3561 3295 cuiusmodi

1983 3320 2207 3390 gloriam
2240 3322 2557 3385 destinetur,
2588 3322 2887 3377 voluntatis
2934 3334 3017 3376 est
3050 3324 3161 3376 Dei.
3211 3342 3229 3372 ι
3265 3322 3380 3376 Νοιι
3415 3322 3561 3376 aliud

1983 3422 2177 3466 sonant
2215 3413 2373 3467 verba
2431 3416 2543 3467 haec
2572 3429 2603 3466 e
2632 3414 2723 3467 lib.
2771 3430 2828 3469 ιιι
2889 3414 3027 3480 Περὶ
3085 3413 3308 3483 ἀρχῶν,
3351 3428 3470 3481 cap.
3500 3413 3559 3474 2-.

1983 3520 2131 3557 num.
2161 3503 2196 3556 2
2238 3522 2252 3558 :
2299 3524 2315 3553 ι
2359 3504 2592 3559 Evidens
2647 3505 2813 3574 igitur
2865 3505 3005 3558 ratio
3038 3515 3142 3569 est,
3176 3506 3298 3573 quia
3334 3505 3474 3559 sicut
3509 3507 3570 3559 in-

1982 3595 2138 3649 bonis
2184 3599 2346 3649 rebus
2397 3597 2690 3651 lmmanum
2744 3598 3083 3665 propositum
3128 3597 3299 3652 solum
3345 3611 3441 3665 per
3471 3611 3558 3651 se-

1984 3687 2157 3754 ipsum
2196 3686 2567 3757 imperfectum
2615 3696 2701 3743 est
2742 3689 2807 3743 ad
2837 3689 3358 3745 consummationem
3382 3687 3505 3742 boni
3541 3705 3561 3751 ;

1982 3775 2249 3843 adjutorio
2282 3792 2513 3846 namque
2531 3777 2723 3871 .divino
2754 3780 2820 3831 ad
2847 3777 3084 3849 perfecta
3107 3794 3334 3848 quaeque
3365 3779 3561 3847 perdu-

1980 3868 2147 3935 citur,
2186 3886 2206 3919 ι
2246 3879 2352 3923 etc.
2388 3869 2440 3923 In
2468 3868 2551 3925 his
2583 3870 2844 3940 Origenes
2887 3871 3165 3939 splendide
3196 3872 3563 3942 ἡμιπελαγιαη

1980 3962 2138 4027 νίζει,
2170 3964 2555 4031 inceptionem,
2588 3964 2687 4018 hoc
2716 3975 2819 4029 est,
2853 3966 3002 4031 velle,
3030 3966 3234 4019 homini
3277 3966 3556 4029 tribuens;

1985 4057 2092 4110 Deo
2128 4070 2258 4109 vero
2284 4056 2563 4119 duntaxat,
2586 4056 2851 4124 perﬁcere.
2871 4056 3097 4111 Rufinus
3129 4072 3255 4111 vero
3287 4058 3440 4126 quasi
3468 4072 3561 4124 pa-

1981 4163 2102 4203 rum
2122 4149 2204 4202 his
2232 4148 2436 4203 erroris
2467 4150 2685 4211 inesset,
2720 4150 2874 4203 novis
2897 4165 2957 4205 ea
2994 4151 3307 4203 deliriorum
3337 4165 3563 4204 suorum

1981 4240 2383 4295 accessionibus
2404 4240 2712 4296 iuluscavit.
2744 4241 2849 4296 Sed
2873 4240 3122 4313 Origenis
3148 4243 3386 4296 insanias
3406 4256 3557 4295 reve-

1982 4333 2094 4387 lare
2121 4334 2565 4403 pergamus.lsin
2597 4335 2699 4387 ﬁne
2724 4335 2921 4403 prioris
2950 4334 3143 4403 capitis
3179 4334 3299 4387 libri
3336 4350 3399 4387 ιιι
3420 4333 3562 4401 Περὶ

1983 4423 2204 4492 ἀρχῶν,
2240 4439 2390 4480 tutm.
2416 4423 2507 4485 22,
2556 4436 2840 4493 postquam
2884 4424 3106 4493 pulchre
3154 4422 3301 4476 visus
3332 4432 3415 4477 est
3466 4424 3559 4477 Dei

1983 4515 2266 4571 scientiam
2302 4532 2424 4571 cum
2472 4516 2719 4572 libertate
2749 4516 3090 4580 conciliasse,
3114 4515 3296 4569 omnia
3332 4516 3558 4570 conclu-

1983 4610 2135 4664 sione
2160 4610 2392 4678 pessima
2415 4609 2692 4678 depravat,
2722 4625 2843 4664 cum
2877 4608 2950 4662 ait
2978 4607 3180 4663 nullum
3209 4611 3275 4664 ad
3300 4611 3558 4665 honorem

1985 4700 2066 4755 vel
2099 4701 2449 4771 ignominiam
2480 4716 2508 4753 a
2539 4700 2647 4755 Deo
2678 4702 2878 4769 parari,
2905 4702 2999 4754 ἐὰν
3038 4703 3111 4773 μὴ
3141 4701 3270 4773 ὓλην
3302 4704 3425 4757 τινὰ
3445 4703 3561 4757 eta-

1984 4795 2157 4865 φορᾶς
2203 4796 2302 4864 σχῇ
2350 4794 2447 4863 τὴν
2488 4793 2759 4864 ἡμετέραν
2785 4794 3122 4867 προαίρεσιν,
3146 4796 3431 4849 κλίνουσαν
3467 4797 3560 4848 ἐπὶ

1978 4888 2047 4940 τὰ
2074 4887 2310 4959 χείρονα,
2345 4887 2377 4955 ἢ
2411 4887 2503 4939 ἐπὶ
2540 4886 2607 4938 τὰ
2643 4888 2953 4958 κρείττονα,
2985 4889 3127 4957 quod
3168 4890 3327 4941 iterat
3371 4888 3460 4941 lib.
3495 4904 3558 4949 ιι,

1972 4994 2092 5046 cap.
2117 4977 2170 5040 9,
2204 4992 2350 5031 num.
2374 4978 2432 5041 ‘2,
2460 4976 2493 5029 6
2522 4986 2576 5030 et
2606 4977 2901 5045 seq.Libro
2937 4993 3151 5047 quoque
3194 4978 3376 5046 Operis
3416 4975 3559 5043 ejus-

1974 5069 2095 5123 dem
2133 5069 2333 5139 priore,
2368 5084 2487 5136 cap.
2520 5068 2573 5132 5,
2603 5084 2750 5123 num.
2773 5068 2828 5132 5,
2852 5070 2981 5123 dicit
3011 5089 3034 5120 ς
3066 5070 3118 5124 in
3159 5068 3263 5123 illis
3283 5067 3414 5123 solis
3438 5081 3558 5122 esse

1974 5176 2106 5229 Opus
2144 5158 2381 5228 Spiritus
2436 5158 2633 5224 sancti,
2661 5159 2750 5227 qui
2804 5162 2916 5227 jam
2963 5176 3023 5214 se
3060 5159 3128 5213 ad
3161 5158 3383 5214 meliora
3428 5172 3557 5212 con-

1974 5261 2211 5315 vertunt,
2246 5261 2297 5307 et
2336 5266 2432 5322 per
2478 5252 2593 5306 vias
2643 5251 2842 5306 Christi
2879 5251 3003 5307 Jesu
3042 5252 3333 5316 incedunt,
3371 5251 3426 5305 id
3473 5260 3558 5306 est

1978 5344 2068 5413 qui
2097 5353 2221 5398 sunt
2256 5346 2309 5398 in
2365 5344 2521 5399 bonis
2550 5344 2786 5407 actibus,
2815 5353 2869 5398 et
2892 5344 2943 5397 in
2996 5345 3105 5400 Deo
3149 5351 3492 5413 permanent,
3529 5361 3549 5395 ι

1979 5436 2132 5502 quasi
2188 5436 2386 5504 aliquis
2440 5437 2506 5489 ad
2556 5437 2783 5490 meliora
2821 5437 3060 5491 converti
3120 5445 3302 5505 queat,
3349 5434 3554 5504 absque

1978 5543 2141 5598 opere
2167 5538 2219 5582 et
2249 5530 2424 5597 gratia
2474 5527 2712 5599 Spiritus
2755 5528 2950 5582 sancti.
2986 5526 3097 5582 Nec
3138 5528 3553 5599 patrocinantur

1976 5623 2023 5677 ei
2061 5622 2360 5693 sequentia,
2398 5638 2518 5677 cum
2544 5623 2617 5676 ait
2646 5636 2794 5676 num.
2826 5620 2854 5673 7
2890 5640 2902 5674 :
2942 5640 2959 5671 ι
3001 5620 3260 5692 Spiritum
3303 5624 3558 5679 sanctum

1959 5809 2000 5843 τε
2032 5809 2046 5864 l
2098 5810 2220 5865 Cor.
2265 5825 2359 5875 xu,
2397 5809 2428 5864 9
2528 5809 2569 5840 ⁸ο
2603 5806 2762 5865 Roma
2794 5826 2862 5874 ιιι,
2894 5809 2978 5865 l6.
