4054 6310
572 380 670 436 95!
1841 376 1904 439 Ρ.
1945 380 2258 437 DANIELIS
2295 380 2528 437 HliE'l‘ll
3691 384 3781 441 9’32

571 502 851 560 exstinctis
883 503 1255 571 peccatoribus
1309 514 1362 557 et
1396 501 1646 573 indignis,
1687 502 1863 573 ipsum
1899 504 2000 558 sibi
2047 520 2147 558 no-
2177 511 2219 567 Α
2249 482 2605 560 ostendimus.
2651 500 2742 557 lll'o
2776 509 2904 557 v‘ero
2930 512 3226 572 praecipue
3260 499 3411 556 Pauli
3457 500 3652 557 videtur
3673 508 3783 559 abu-

572 604 697 650 vun‘.
756 593 1008 664 populum
1068 608 1276 660 creare,
1310 602 1366 653 et
1414 608 1675 650 renovare
1718 592 1912 650 faciem
1963 606 2145 662 terrm,

571 703 698 742 cum
730 702 826 756 per
851 686 1082 755 gratiam
1133 684 1371 753 Spiritus
1416 685 1750 754 deponentes
1776 696 2015 741 veterem
2052 689 2149 742 ho-

570 781 771 834 minem
806 792 928 831 cum
964 776 1175 830 actibus
1216 776 1351 840 suis,
1379 776 1432 829 in
1460 775 1701 831 novitate
1731 778 1856 831 vitas
1882 778 2152 847 cmperint

569 870 892 935 ambulare;
932 888 953 921 ι
987 884 1094 938 quo
1115 882 1275 923 sensu
1318 868 1517 938 quippe
1552 868 1665 923 lucc
1694 870 2149 936 pronuntiaverit,

570 962 685 1029 ipse
732 961 893 1029 paulo
924 968 1046 1029 post
1095 958 1391 1029 patefecit,
1428 958 1628 1012 docens
1669 958 1840 1015 Deum
1879 980 1898 1012 ‹
1939 961 2149 1031 Spiritu

566 1053 680 1108 oris
726 1052 807 1107 sui
839 1066 960 1120 quae
996 1052 1155 1117 diana
1187 1061 1316 1106 sunt
1368 1052 1808 1108 sanctilicatione
1844 1052 2149 1108 sanctifica—

566 1160 667 1211 re;
704 1164 722 1198 ι
757 1146 953 1201 deinde
988 1145 1260 1200 subnectit
1294 1162 1309 1199 :
1338 1164 1356 1195 ι
1401 1144 1494 1200 Est
1522 1154 1578 1200 et
1612 1144 1717 1199 alia
1742 1160 1957 1216 quoque
1983 1147 2146 1201 etiam

567 1238 804 1307 Spiritus
845 1238 1019 1294 sancti
1062 1238 1238 1307 gratia
1270 1252 1389 1306 quae
1423 1237 1601 1307 dignis
1633 1248 1945 1309 praestatur,
1988 1241 2148 1294 mini-

566 1339 739 1384 strata
756 1329 971 1398 quidem
1012 1343 1110 1398 per
1137 1327 1439 1394 Christum,
1472 1327 1752 1398 inoperata
1779 1338 1958 1386 autem
1992 1348 2022 1385 a
2045 1331 2151 1387 Pa-

566 1434 674 1488 tre,
706 1420 1003 1476 secundum
1064 1421 1320 1474 meritum
1374 1435 1592 1485 eorum,
1629 1422 1719 1491 qui
1753 1437 1982 1492 capaces
2030 1423 2149 1493 ejus

565 1513 896 1570 efﬁciuntur.
933 1532 953 1568 ι
981 1512 1090 1568 Nec
1124 1527 1449 1583 quemquam
1478 1514 1666 1569 lallant
1692 1514 1785 1569 illa
1813 1530 1878 1571 ex
1911 1516 2144 1574 homil.l

566 1610 624 1662 in
649 1604 863 1671 Cenem,
896 1620 1026 1659 num
1054 1605 1105 1670 7,
1147 1604 1237 1659 ubi
1270 1603 1474 1659 Christi
1502 1606 1732 1674 gratiam
1765 1605 2034 1660 solaribus
2062 1622 2150 1662 ra-

565 1699 673 1755 diis
703 1709 1006 1769 comparat,
1033 1713 1204 1768 eaque
1237 1708 1448 1754 mentes
1474 1706 1689 1753 nostras
1714 1698 1971 1757 illustrari
2003 1714 2150 1755 asse-

566 1792 787 1856 rit,nisi
834 1792 1050 1847 caecitas
1100 1791 1315 1845 illarum
1359 1790 1654 1859 impediat;
1696 1793 2151 1860 quemadmodum

2250 612 2362 663 sus,
2392 597 2482 665 qui
2506 606 2590 650 est
2624 594 2664 648 ll
2693 595 2832 649 Tim.
2858 593 3030 658 xx,2l
3059 612 3075 648 :
3102 612 3120 645 ι
3145 592 3199 646 1η
3227 608 3417 665 magna
3449 602 3623 648 autem
3652 594 3787 651 doleo

2252 703 2356 743 non
2417 687 2589 742 Solum
2635 698 2764 740 sunt
2808 701 2940 741 vasa
2975 701 3142 740 aurea
3170 695 3224 739 et
3246 694 3518 752 argentea,
3559 687 3646 740 sed
3665 694 3714 740 et
3730 684 3786 742 li-

2249 795 2385 850 gnea
2407 789 2461 834 et
2489 780 2696 844 fictilia,
2718 789 2772 834 et
2788 777 3036 846 'quatdam
3064 776 3278 847 quidem
3296 776 3347 830 in
3378 776 3648 841 honorem,
3667 792 3790 846 quae-

2252 870 2379 924 dam
2415 879 2595 923 autem
2629 870 2685 922 in
2721 866 3135 922 contumeliam.
3168 863 3226 920 Si
3250 864 3372 934 quis
3406 880 3537 935 ergo
3562 868 3787 922 emenda-

2249 960 2387 1014 verit
2416 973 2477 1013 se
2501 957 2569 1012 ab
2597 956 2738 1019 istis,
2768 956 2874 1011 erit
2896 970 2994 1010 vas
3033 954 3085 1008 in
3118 953 3376 1010 honorem
3404 953 3791 1026 sanctiﬁcatum,

2248 1064 2305 1107 et
2332 1049 2462 1105 utile
2487 1049 2714 1104 Domino
2738 1051 2803 1103 ad
2825 1063 2987 1103 omne
3013 1062 3148 1117 opus
3199 1048 3397 1102 bonum
3425 1057 3678 1116 paratum.
3712 1049 3793 1105 ild

2249 1143 2324 1197 ita
2358 1147 2369 1205 ἱ
2379 1140 2578 1210 accipit
2609 1156 2757 1194 num.
2789 1138 2901 1207 20;
2933 1140 3088 1210 quasi
3119 1139 3248 1195 solis
3286 1139 3580 1194 voluntatis
3628 1152 3797 1198 nostra:

2251 1235 2481 1297 viribus,
2503 1232 2650 1288 omni
2695 1233 2970 1287 destitutis
2999 1230 3221 1295 auxilio,
3254 1242 3601 1301 peccatorum
3636 1236 3798 1290 sordes

2250 1326 2572 1398 poenitentia
2601 1323 2784 1380 eluere
2818 1325 3107 1394 possimus.
3131 1324 3281 1393 Quod
3303 1322 3645 1390 Pelagianum
3668 1340 3797 1394 pror-

2248 1429 2341 1469 SDS
2370 1424 2473 1470 est.

2326 1526 2468 1582 XVI.
2508 1528 2786 1584 Adversus
2819 1541 2881 1582 ea
2912 1525 3311 1581 excandescunt
3347 1525 3798 1599 Magdeburgeuscs

2249 1625 2393 1671 cent.
2449 1631 2531 1683 ιιι,
2565 1631 2686 1687 cap.
2719 1617 2789 1672 10
2817 1634 2833 1684 ;
2866 1616 3211 1672 excandescit
3246 1625 3301 1670 et
3344 1616 3581 1685 [prensis
3611 1620 3797 1687 praesul,

2249 1706 2305 1762 in
2343 1721 2516 1778 eaque
2553 1707 2738 1765 itidem
2779 1717 2840 1763 ut
2875 1709 2928 1762 in
2960 1708 3269 1778 superiora,
3302 1707 3505 1780 stylum
3553 1725 3697 1765 suum
3730 1713 3796 1766 di-

2250 1799 2473 1854 strinxit
2522 1810 2655 1857 tom.
2684 1799 2727 1869 Ι,
2758 1799 2853 1855 lib.
2905 1815 2960 1853 vt
2986 1839 3003 1865 ,
3038 1814 3159 1870 cap.
3200 1799 3270 1855 l5
3291 1838 3308 1866 ,
3336 1801 3797 1871 demonstravitque

563 1885 739 1940 oculis
781 1885 982 1939 nostris
1039 1883 1170 1939 solis
1209 1883 1388 1937 lumen
1435 1883 1793 1949 admittimus,
1825 1886 1930 1941 nisi
1962 1894 2146 1942 nostra
2179 1905 2223 1961 Β
2250 1891 2560 1961 opinionem
2603 1893 2765 1948 istam
2808 1891 3083 1961 Origenis,
3116 1894 3291 1961 ipsum
3336 1893 3482 1949 hunc
3510 1907 3628 1948 esse
3665 1909 3795 1949 erro-

563 1978 809 2032 creeitate
833 1975 1237 2045 prohibeamur.
1262 1973 1429 2041 Recte
1472 1974 1525 2028 id
1557 1974 1802 2043 quidem,
1836 1993 1960 2030 nam
1995 1986 2050 2032 et
2072 1977 2140 2032 ad

561 2074 914 2146 explicandus
951 2080 1138 2147 gratia:
1169 2076 1398 2132 effectus
1441 2076 1686 2131 eamdem
1733 2077 1960 2141 usurpat
1993 2084 2143 2124 com-

562 2168 901 2240 parationem
940 2169 1294 2239 Augustinus.
1332 2169 1532 2223 Verum
1563 2166 1616 2221 in
1657 2163 2011 2235 sequentibus
2056 2175 2142 2216 se-

563 2259 1021 2331 mipelagianizat,
1053 2275 1179 2317 cum
1210 2261 1526 2331 signiﬁcans
1554 2273 1621 2314 eo
1663 2272 1763 2312 nos
1800 2253 1992 2323 majori
2023 2253 2143 2309 luce

559 2354 935 2408 oollustratum
969 2355 1059 2419 iri,
1084 2369 1191 2425 quo
1236 2354 1458 2425 propius
1475 2352 1543 2406 ad
1576 2366 1699 2406 eum
1730 2346 2138 2411 accesserimus,

567 2466 587 2500 ι
633 2445 750 2504 Non
796 2448 1047 2503 similiter
1087 2461 1288 2511 tamen,
1351 2445 1549 2514 inquit,
1594 2443 1843 2498 vertimus
1900 2438 1968 2493 ad
2016 2451 2140 2490 cum

557 2554 769 2607 omnes,
793 2543 886 2595 sed
927 2540 1299 2609 unusquisque
1343 2536 1634 2592 secundmn
1664 2530 1936 2603 propriam
1983 2542 2138 2583 suam

559 2631 847 2696 virtutem;
888 2649 906 2681 ο
935 2641 1128 2696 nempe
1158 2627 1418 2682 accedere
1445 2624 1511 2678 ad
1535 2621 1837 2683 Christum,
1875 2616 1959 2692 vel
1980 2616 2049 2669 ab
2072 2630 2141 2671 eo

559 2723 836 2784 recedere,
865 2722 917 2774 in
978 2729 1164 2775 nostra
1218 2718 1372 2790 ponit
1413 2722 1703 2786 potestate.
1743 2709 1946 2765 Scribit
1998 2708 2138 2762 idem

561 2827 694 2884 tum.
718 2830 770 2869 χι
804 2817 859 2868 in
884 2812 1101 2877 Matth“
1143 2826 1295 2866 num.
1322 2808 1356 2864 5
1377 2818 1433 2864 et
1455 2803 1802 2874 li,discipulis
1832 2800 2138 2855 naviculam

557 2906 1043 2962 conscendentibus
1065 2944 1081 2970 ,
1109 2915 1165 2959 et
1186 2902 1381 2961 deinde
1425 2901 1560 2955 mari
1596 2914 1659 2955 ac
1704 2903 1866 2952 vento
1897 2892 2138 2965 jactatis,

558 2999 807 3054 homines
837 2998 1086 3053 adversis
1126 2993 1517 3051 leutationibus
1545 2998 1885 3062 oppugnatos
1911 2985 2137 3057 signari,

555 3093 650 3160 qui
677 3107 773 3146 eas
809 3092 1026 3161 quidem
1056 3090 1352 3153 sustinere,
1387 3096 1445 3143 et
1467 3088 1522 3141 in
1558 3085 1795 3140 medium
1829 3095 1979 3135 mare
2010 3094 2137 3150 pro-

2247 1998 2361 2039 rem
2390 1983 2808 2042 Massiliensium
2828 2026 2844 2053 ,
2872 1986 3065 2056 gratia:
3103 1986 3304 2042 Christi
3340 1986 3645 2056 capitalem.
3668 1986 3796 2053 Quod

2242 2084 2304 2129 ut
2327 2089 2514 2130 verum
2539 2091 2660 2132 esse
2685 2078 3053 2141 concedimus,
3081 2085 3136 2130 et
3155 2077 3280 2147 jure
3307 2077 3687 2146 reprehensum
3714 2079 3799 2134 hoc

2242 2168 2461 2224 nomine
2492 2167 2726 2223 fatemur
2750 2168 3062 2239 Origenem,
3090 2168 3163 2222 ita
3197 2177 3399 2239 praeter
3426 2183 3631 2238 :equum
3659 2168 3797 2225 fuisse

2242 2259 2516 2330 culpatum
2546 2262 2933 2331 pertendimus,
2958 2259 3102 2331 quod
3141 2261 3208 2316 de
3237 2261 3419 2330 gratia
3457 2261 3629 2315 divina
3653 2261 3796 2315 disse-

2245 2366 2400 2419 rens,
2430 2372 2449 2405 ι
2484 2353 2532 2408 ei
2577 2353 2991 2423 prevocationes
3021 2353 3285 2409 libertatis
3308 2367 3384 2408 ac
3424 2351 3693 2407 suasioues
3715 2351 3795 2405 tri-

2242 2441 2374 2496 buat
2402 2459 2419 2506 ;
2461 2461 2479 2495 ι
2514 2454 2643 2511 puta
2688 2442 2784 2498 lib.
2830 2460 2868 2498 ιι
2901 2444 3043 2512 Περὶ
3069 2441 3271 2513 ἀρχῶν
3292 2482 3309 2508 ,
3340 2458 3462 2512 cap.
3488 2443 3542 2510 9,
3569 2458 3704 2497 nutu.
3726 2443 3790 2496 7:

2247 2549 2267 2583 ι
2312 2530 2416 2586 Per
2447 2532 2677 2602 gratiam
2708 2547 2839 2589 vero
2863 2533 3250 2590 misericordia:
3278 2549 3399 2589 suae
3427 2533 3668 2588 omnibus
3693 2547 3793 2602 pro-

2243 2622 2390 2677 videt
2423 2621 2610 2695 (Deus)
2638 2632 2804 2694 atque
2839 2639 3031 2680 omnes
3061 2626 3328 2695 quibuscu
3342 2640 3486 2695 nque
3504 2625 3670 2681 curari
3698 2640 3792 2694 pos-

2242 2723 2367 2767 sunt
2408 2713 2662 2769 remediis
2693 2716 2965 2781 hortatur,
3013 2726 3069 2771 et
3109 2726 3377 2785 provocat
3412 2717 3479 2771 ad
3517 2716 3740 2780 salutem,
3769 2735 3786 2767 ι

2240 2813 2292 2857 et
2317 2802 2410 2858 lib.
2439 2820 2525 2870 ιιι,
2551 2803 2743 2874 cap.2,
2771 2821 2922 2861 num.
2949 2806 2984 2860 4
3005 2821 3021 2860 :
3043 2826 3061 2858 ι
3085 2806 3228 2861 Nihil
3258 2808 3410 2863 aliud
3434 2806 3790 2879 putandumest

2243 2898 2493 2955 accidere
2550 2899 2707 2955 nobis
2744 2914 2811 2954 ex
2850 2898 3004 2969 ipsis,
3036 2916 3157 2970 quae
3195 2902 3352 2956 cordi
3404 2911 3585 2957 nostro
3627 2915 3787 2972 sugge-

2243 2999 2459 3055 runtur,
2496 2990 2656 3046 bonis
2690 2989 2777 3044 vel
2810 2990 2993 3058 malis,
3026 2992 3130 3046 nisi
3174 2993 3600 3048 commotionem
3646 2990 3787 3047 solam

2237 3092 2296 3138 et
2323 3083 2757 3152 incitamentum,
2787 3099 3093 3154 provocans
3116 3100 3214 3139 nos
3245 3084 3330 3140 vel
3366 3086 3436 3140 ad
3474 3087 3608 3140 bona
3635 3085 3707 3140 vel
3734 3085 3787 3138 ad

558 3185 676 3253 pria
702 3185 901 3239 virtute
920 3184 1204 3254 pervenire
1238 3189 1472 3252 queant;
1501 3178 1813 3249 superiores
1842 3188 1972 3228 vero
2010 3187 2137 3226 eva-
2238 3173 2401 3228 mala.
2440 3192 2462 3226 ι
2500 3173 2594 3230 His
2627 3175 2827 3231 addere
2866 3182 3079 3245 poterat
3130 3185 3185 3229 et
3220 3176 3379 3230 illum
3409 3191 3440 3233 e
3474 3176 3567 3230 lib.
3598 3175 3787 3246 reperis

558 3278 709 3340 dere,
739 3284 796 3329 et
837 3274 1143 3344 oppositam
1188 3273 1361 3342 ripam
1407 3271 1679 3340 attingere
1728 3281 1836 3322 non
1869 3263 2131 3328 valeant,
2160 3260 2206 3324 C
2236 3265 2500 3334 ejusdem,
2532 3283 2652 3337 cap.
2689 3268 2745 3334 8,
2798 3283 2951 3323 num.
2977 3268 3058 3324 ὃς
3095 3285 3115 3318 ι
3159 3268 3480 3339 Benignitas
3515 3269 3647 3324 enim
3691 3267 3785 3332 Dei.

560 3366 668 3421 nisi
716 3366 916 3425 Christi
947 3380 1049 3434 ope
1099 3363 1500 3422 subleventur:
1544 3363 1597 3417 id
1643 3368 1725 3416 est
1768 3356 1894 3413 boni
1915 3355 2135 3425 quidem

558 3458 770 3513 initium
797 3474 827 3511 a
854 3457 1010 3514 nobis
1049 3471 1208 3524 esse,
1240 3458 1398 3511 linem
1444 3469 1509 3510 ac
1556 3447 2077 3508 consummationem
2105 3460 2136 3498 a

558 3548 692 3609 Deo.
744 3550 988 3619 Denique
1038 3550 1135 3606 ιιι).
1168 3565 1198 3603 v
1227 3551 1284 3603 in
1334 3546 1508 3616 Epist.
1541 3544 1612 3598 ad
1640 3542 1823 3606 Rom,
1854 3553 2003 3597 num.
2044 3535 2132 3603 10,

558 3659 679 3715 pag.
731 3644 836 3700 569
869 3662 883 3697 :
918 3662 939 3695 ι
973 3643 1234 3713 Quamvis
1266 3641 1412 3696 enim
1463 3638 1720 3707 (libertas
1769 3631 2018 3702 arbitrii)
2065 3629 2139 3684 sit

554 3734 718 3790 etiam
755 3736 858 3790 ista
886 3736 1056 3790 virtus
1098 3746 1155 3793 et
1196 3745 1414 3790 maneat
1444 3732 1498 3787 in
1531 3737 1742 3791 natura,
1768 3734 1949 3782 tamen
1982 3731 2131 3776 tanta

555 3828 841 3885 eharitatis
871 3828 952 3882 vis
974 3838 1081 3892 est,
1109 3836 1170 3881 ut
1200 3826 1269 3881 ad
1298 3840 1359 3881 se
1384 3824 1567 3879 omnia
1604 3820 1802 3885 trahat,
1836 3828 2134 3883 omnesque

554 3918 656 3974 sibi
687 3917 878 3980 societ,
914 3918 1256 3986 vindicetque
1276 3918 1507 3973 virtutes
1534 3931 1551 3981 ;
1584 3912 1823 3967 maxime
1848 3921 1973 3963 cum
1998 3904 2130 3963 chao

558 4010 734 4063 ritatis
763 4024 958 4066 causas
1003 4007 1152 4077 prior
1199 4007 1362 4064 nobis
1394 4005 1605 4062 dederit
1636 4004 1802 4068 Deus,
1839 3997 1931 4067 qui
1974 3995 2135 4050 unico

552 4099 694 4162 Filio
719 4115 819 4155 suo
847 4116 954 4155 non
985 4099 1252 4172 pepercit,
1297 4099 1391 4154 sed
1426 4114 1524 4168 pro
1562 4096 1719 4152 nobis
1748 4092 1999 4150 omnibus
2028 4096 2133 4140 tra-

553 4190 691 4245 didit
719 4190 866 4245 illutn
891 4191 958 4254 ἰ,
992 4202 1050 4247 et
1102 4204 1226 4244 cum
1262 4189 1354 4245 illo
1396 4187 1576 4246 omnia
1628 4185 1786 4240 nobis
1822 4177 2063 4237 donavit.
2106 4194 2126 4228 ι

553 4285 686 4351 Quae
716 4283 789 4340 ita
823 4285 1039 4354 quidem
1064 4292 1283 4348 sonant,
1314 4282 1469 4353 quasi
1505 4280 1673 4336 Deum
1712 4291 1808 4347 per
1841 4273 1966 4329 Filii
1993 4285 2133 4324 mor-

553 4389 661 4435 tem
692 4379 979 4435 charitatis
1013 4378 1246 4448 gratiam
1294 4376 1451 4431 nobis
1500 4373 1757 4444 largitum
1800 4369 1968 4422 fuisse
1997 4363 2132 4419 velit

549 4479 677 4528 ante
704 4484 920 4529 omnem
944 4468 1241 4524 voluntatis
1261 4477 1490 4543 motum:
1514 4468 1587 4521 At
1617 4465 1719 4518 alia
1748 4465 1906 4529 longe
1932 4457 2022 4511 hic
2051 4453 2132 4508 la-

551 4571 630 4618 tet
663 4561 1227 4627 seutentia,nimirum
1262 4560 1429 4613 Deum
1460 4573 1556 4628 per
1583 4566 1812 4612 mortem
1842 4551 1960 4614 Filii
1992 4564 2128 4605 cau—

520 4668 639 4709 ~sas
666 4652 822 4709 nobis
876 4653 1111 4723 priorem
1160 4639 1396 4720 dedisse,
1425 4664 1598 4727 quare
1645 4649 1818 4719 ipsum
1858 4645 2126 4703 charitate

546 4753 605 4802 et
647 4760 835 4800 amore
863 4760 1353 4816 prosequeremur;
1383 4744 1529 4801 hanc
1574 4753 1757 4799 autem
1801 4741 2123 4796 charitutem

546 4850 600 4895 et
633 4853 874 4892 amorem
912 4854 944 4891 a
975 4837 1129 4892 nobis
1155 4839 1412 4909 pendere.

622 4930 735 4991 χν.
774 4929 926 4988 Unde
951 4942 1112 4999 porro
1138 4930 1191 4988 in
1231 4930 1331 4987 has
1356 4930 1697 4999 Opinationes
1737 4927 2000 4983 abductus
2028 4923 2120 4989 sit,

547 5025 859 5093 neutiquam
884 5022 1004 5093 ipse
1024 5021 1350 5085 dissimulat,
1374 5024 1467 5077 sed
1506 5034 1630 5092 cap.
1659 5022 1683 5077 1
1740 5019 1865 5074 libri
1893 5034 1952 5074 ιιι
1981 5016 2122 5086 Περὶ

545 5115 751 5187 ἀρχῶν
766 5117 951 5171 varios
982 5113 1500 5181 recitat'Scripturae
1529 5115 1701 5179 locos,
1730 5113 1969 5182 aliosque
1986 5111 2123 5166 mul-

542 5224 631 5264 tos
667 5208 745 5263 ait
772 5208 989 5269 silentio
1021 5218 1141 5263 sese
1180 5205 1495 5275 praeterire,
1532 5207 1676 5260 unde
1712 5220 1932 5260 causam
1966 5219 2122 5259 suam

541 5300 856 5359 cunllrmari
880 5310 1059 5372 putat.
1082 5300 1417 5355 Persuadent
1457 5299 1533 5354 illi
1580 5300 1799 5369 quidem
1845 5301 2120 5355 hominem

540 5396 729 5450 vitium
790 5394 935 5447 inter
971 5402 1027 5448 et
1056 5396 1311 5449 virtutem
1338 5436 1353 5461 ,
1384 5401 1641 5460 tanquam
1696 5393 1749 5449 in
1798 5392 1942 5448 bivio
1981 5393 2122 5461 posi-

541 5496 677 5551 tum,
720 5485 787 5541 ad
844 5486 1160 5541 utrumlibet
1203 5486 1334 5542 ferri
1369 5500 1565 5554 posse,
1593 5486 1689 5541 sed
1733 5488 1808 5541 ita
1845 5496 2025 5542 tamen
2059 5494 2121 5540 ut

542 5587 749 5645 gratam,
803 5592 911 5633 non
957 5579 1200 5648 juvantis
1250 5578 1462 5644 solum,
1498 5577 1595 5633 sed
1635 5578 1927 5634 excitantis
1956 5579 2120 5633 etiam

543 5668 839 5725 subsidium
882 5685 991 5728 non
1024 5670 1345 5741 excludant;
1378 5672 1522 5745 quod
1554 5670 1620 5727 ab
1647 5670 1879 5743 Origene
1918 5669 2118 5727 factum

608 5852 650 5884 '“
680 5849 835 5908 llom.
862 5867 981 5922 vut.
1012 5852 1099 5906 52.

2241 3360 2539 3414 secundum
2566 3362 2709 3430 quod
2738 3374 2801 3416 se
2822 3360 3044 3430 dignum
3083 3369 3186 3425 est,
3226 3371 3501 3431 provocat
3530 3361 3714 3429 omnia,
3741 3368 3786 3415 et

2239 3452 2464 3505 attrahit
2488 3451 2556 3505 ad
2591 3451 2807 3507 beatum
2849 3454 3011 3507 linem
3048 3452 3222 3520 illum,
3265 3453 3364 3510 ubi
3395 3454 3593 3512 decidit
3627 3466 3679 3512 et
3709 3471 3787 3512 au-

2239 3543 2376 3615 fugit
2397 3546 2576 3600 omnis
2598 3545 2773 3614 dolor,
2804 3555 2861 3601 et
2884 3547 3125 3613 tristitia,
3162 3554 3219 3602 et
3261 3549 3522 3618 gemitus.
3564 3569 3583 3602 ι
3621 3548 3784 3604 Verum

2239 3649 2551 3704 ecquaenam
2600 3651 2792 3691 vocum
2851 3636 3068 3692 illarum
3131 3637 3431 3703 suasionis,
3471 3636 3784 3702 incitamenti,

2242 3729 2684 3798 provocationis,
2721 3729 3069 3795 hortationis,
3117 3728 3322 3784 invidia
3374 3741 3480 3797 est,
3515 3746 3640 3800 quas
3673 3730 3785 3785 iisve
3858 3728 3864 3737 ⁴

2241 3822 2510 3879 assimiles
2560 3822 2896 3892 Augustinus
2948 3824 3230 3892 usurpavit
3268 3823 3294 3878 ἲ
3329 3818 3497 3880 Verbi
3546 3822 3702 3896 gratia
3737 3822 3782 3876 in

2237 3913 2377 3970 libro
2399 3915 2476 3970 De
2509 3917 2699 3987 spiritu
2726 3927 2775 3970 et
2800 3915 2993 3985 littera,
3012 3932 3134 3988 cap.
3161 3916 3232 3971 54
3257 3934 3275 3975 :
3305 3933 3326 3968 ι
3371 3914 3469 3972 His
3489 3931 3613 3988 ergo
3641 3913 3784 3970 modis

2235 4008 2456 4079 quando
2483 4007 2626 4064 Deus
2656 4009 2769 4080 agit
2796 4024 2920 4063 cum
2953 4007 3133 4063 anima
3162 4009 3440 4076 ratiouaii,
3462 4009 3585 4065 utei
3605 4006 3780 4070 credat,

2237 4115 2415 4171 neque
2449 4102 2595 4158 enim
2621 4102 2843 4157 credere
2867 4110 3044 4170 potest
3086 4100 3331 4172 quolibet
3362 4102 3535 4160 libero
3567 4099 3783 4163 arbitrio,

2235 4193 2279 4248 si
2322 4192 2467 4248 nulla
2507 4194 2580 4248 sit
2611 4191 2815 4259 suasio,
2848 4192 2932 4248 vel
2962 4193 3175 4249 vocatio
3215 4193 3304 4249 cui
3332 4191 3783 4266 credat;prelecte

2233 4295 2291 4342 et
2318 4288 2491 4356 ipsum
2521 4285 2663 4342 velle
2699 4287 2923 4344 credere
2945 4289 3086 4344 Deus
3107 4297 3371 4360 operatur
3401 4289 3454 4344 in
3493 4286 3717 4351 homine,
3736 4290 3781 4338 et

2236 4379 2288 4433 in
2321 4380 2574 4435 omnibus
2604 4379 2974 4435 misericordia
3000 4380 3118 4448 ejus
3140 4381 3406 4450 praevenit
3433 4396 3532 4438 nos
3550 4395 3565 4434 :
3582 4391 3777 4434 consen-

2235 4472 2340 4526 tire
2370 4481 2550 4529 autem
2584 4473 2856 4527 vocationi
2895 4471 3013 4538 Dei,
3039 4474 3211 4529 velab
3244 4489 3310 4529 ea
3342 4471 3646 4536 dissentire,
3666 4469 3780 4525 sicut

2231 4564 2366 4630 dixi,
2395 4566 2628 4635 preprize
2670 4563 2968 4621 voluntatis
3004 4577 3110 4622 est.
3149 4585 3169 4620 ι
3204 4566 3311 4623 Ubi
3348 4565 3592 4622 notanda
3632 4560 3778 4617 obiter

2230 4667 2466 4725 potestas
2488 4655 2576 4711 illa
2602 4655 2895 4710 voluntatis
2931 4657 2998 4712 ad
3023 4657 3468 4713 consentiendum
3495 4654 3575 4710 vel
3600 4652 3777 4708 dissen-

2225 4750 2486 4815 tiendum,
2505 4767 2666 4820 quam
2690 4767 2852 4823 supra
2878 4753 3179 4808 tuebamur.
3215 4751 3347 4807 Item
3382 4750 3557 4821 capite
3573 4747 3771 4803 eodem:

2232 4862 2252 4896 ι
2276 4842 2395 4902 Jam
2411 4845 2455 4900 si
2475 4845 2541 4898 ad
2561 4845 2706 4901 illam
2727 4846 3150 4917 profunditatem
3165 4844 3510 4900 scrutandam
3522 4840 3772 4913 quisquam

2227 4950 2327 4991 nos
2385 4948 2648 5005 coarctet,
2694 4954 2793 4994 cur
2832 4938 2907 4993 illi
2946 4940 3016 4992 ita
3049 4936 3361 5001 suadeatnr,
3397 4944 3455 4990 ut
3480 4931 3769 5005 persuadea-

2228 5039 2347 5097 tur;
2379 5030 2454 5085 illi
2485 5040 2664 5085 autem
2688 5048 2793 5086 non
2818 5034 2891 5086 ita
2924 5031 3031 5085 duo
3058 5028 3172 5084 sola
3201 5036 3494 5084 occurrunt
3520 5024 3766 5083 interim,»

2227 5131 2332 5176 etc.
2357 5122 2488 5189 Quae
2517 5138 2686 5191 pauca
2729 5126 2796 5179 de
2840 5123 3025 5180 multis
3056 5123 3288 5195 seligere
3329 5120 3460 5176 satis
3497 5115 3766 5173 habuimus.

2297 5211 2455 5266 XVll.
2487 5212 2701 5269 Modum
2727 5215 2942 5269 tandem
2974 5230 3241 5283 ponemus
3262 5212 3386 5268 huic
3411 5201 3763 5265 dissertationi,

2226 5306 2279 5360 in
2303 5305 2554 5377 Origenis
2586 5307 2825 5363 favorem
2856 5307 2989 5367 illud
3017 5310 3279 5363 iterantes
3306 5305 3444 5378 quod
3475 5317 3629 5371 supra
3655 5296 3759 5351 atti-

2226 5398 2424 5467 gimus,
2455 5411 2792 5467 quaecunque
2829 5399 2896 5453 ad
2932 5398 3315 5454 declarandam
3349 5395 3466 5466 ejus
3494 5392 3763 5464 Opinionem

2231 5490 2556 5544 adduximus
2593 5504 2624 5543 e
2664 5490 2818 5544 libris
2859 5504 2890 5544 a
2934 5490 3132 5545 Ruﬁno
3174 5487 3570 5557 interpretatis,
3602 5492 3760 5551 parum

2228 5581 2326 5648 ipsi
2362 5580 2734 5651 pra-judicare.
2767 5580 3101 5652 lnterpolare
3141 5583 3287 5637 enirn
3318 5580 3495 5637 omnia
3542 5573 3760 5633 Ruﬁnus,

2227 5686 2568 5746 quaecunque
2633 5675 2873 5746 suscepit
2926 5675 3329 5746 interpretanda
3381 5684 3547 5741 eaque
3592 5670 3757 5737 prater
