4054 6310
271 394 377 449 955
1053 393 1629 451 ΟΙΗΟΕΝΙΑΝΟΒΒΜ
1665 394 1794 461 LIB,
1838 395 1842 447 |

1946 396 2090 452 CAP.
2129 396 2193 461 Il,
2233 388 2511 463 QUzEST.
2553 393 2661 449 Vll.
3407 393 3515 449 95‘

268 524 548 570 auctorum
595 516 913 571 sententiam
946 514 1152 569 detorta
1172 556 1187 581 ,
1219 518 1285 570 ad
1320 532 1414 571 sua
1461 517 1710 589 dogmata
1741 534 1835 574 ac-
1867 526 1911 581 Α
1942 530 2153 573 textura
2181 517 2586 589 responsionem
2613 515 2915 585 hujustnodi
2938 513 3095 571 facile
3108 513 3333 585 patitur,
3348 526 3512 583 quant

268 605 615 659 commodare
642 606 879 660 solemne
898 606 1086 660 habuit
1107 623 1121 669 ;
1143 608 1281 660 male
1302 617 1479 663 autem
1497 610 1564 662 de
1593 610 1838 666 libertate

268 695 481 751 arbitrii
528 697 761 750 sensisse
790 699 960 764 ipsum
990 697 1146 752 fidem
1172 699 1298 753 facit
1325 701 1612 755 concilium
1636 701 1837 757 Roma-

270 803 402 842 num
426 789 762 857 septuaginta
787 789 1156 858 episcoporum
1183 809 1197 845 :
1225 810 1244 842 ι
1274 791 1497 847 Ruﬁnus
1519 794 1599 846 vir
1624 794 1840 864 religio-

269 896 366 935 sus
399 881 660 949 plurimos
686 881 1041 937 ecclesiastici
1076 884 1258 953 operis
1282 886 1451 939 edidit
1483 886 1684 943 libros:
1710 903 1841 942 non-

269 973 445 1028 nullas
472 974 635 1028 etiam
670 973 983 1044 Scripturas
1008 976 1390 1045 interpretatus
1420 988 1502 1032 est
1531 993 1545 1030 :
1583 980 1675 1034 sed
1700 994 1840 1049 quo-

270 1068 413 1120 niam
456 1066 649 1122 beatus
680 1065 1040 1138 Hieronymus
1073 1068 1126 1121 in
1161 1067 1423 1137 aliquibus
1454 1084 1575 1124 eum
1597 1070 1841 1126 deliber-

271 1168 397 1213 tate-
424 1156 906 1228 arbitriinotavit,
931 1160 1017 1213 illa
1058 1163 1326 1216 sentimus
1368 1176 1491 1231 quae
1525 1162 1839 1232 pradicmut

270 1251 483 1305 beatum
514 1248 902 1324 Hieronymum
934 1249 1137 1307 sentire
1159 1253 1558 1321 cognoscimus.
1583 1271 1603 1305 ι
1642 1252 1843 1308 Recor-

270 1343 503 1396 danduut
529 1353 787 1412 praeterea
819 1354 905 1399 est
923 1354 1046 1398 ante
1068 1343 1266 1414 Pelagii
1292 1354 1529 1413 tempora
1566 1345 1757 1400 leviter
1779 1362 1843 1402 ac

268 1433 635 1501 perfunctorie
679 1437 1006 1503 quaestiones
1047 1437 1166 1491 illas
1199 1439 1265 1492 de
1312 1438 1562 1494 libertate
1603 1440 1841 1506 arbitrii,

269 1529 442 1597 deque
470 1531 642 1599 gratia
667 1530 896 1597 Christi,
930 1542 984 1585 et
1022 1533 1493 1602 pradestinatioue
1531 1532 1697 1589 fuisse
1733 1543 1844 1588 tra—

270 1632 485 1689 ctatas;
514 1624 847 1693 proindeque
876 1626 926 1678 itt
973 1641 1031 1679 re
1069 1627 1327 1691 obseura,
1371 1643 1544 1696 neque
1584 1629 1716 1684 satis
1745 1627 1846 1684 Ec-

266 1711 445 1766 clesia:
497 1713 903 1769 definitionibus
944 1715 1209 1770 illustrata
1242 1721 1507 1786 ceSpitare
1541 1729 1844 1790 promptum

268 1804 454 1861 fuisse.
481 1804 752 1859 Addemus
778 1815 831 1859 et
859 1805 1008 1872 illud,
1041 1824 1230 1877 purum
1249 1819 1434 1878 putum
1462 1811 1846 1884 Semipelagia-

1941 614 2610 682 Origeniantecoutextus
2641 608 2866 663 omnino
2898 608 3120 677 respuit.

2013 705 2186 772 Atque
2222 704 2273 757 id
2317 702 2497 757 obstat
2541 701 2833 771 quominus
2880 700 2947 752 ad
2994 698 3215 752 tutelam
3265 696 3517 767 Origenis

1942 797 2236 866 quidquam
2267 797 2572 851 conducant
2598 793 2794 850 selecta
2816 794 3060 862 quaedam
3085 793 3224 854 loca,
3251 792 3302 845 in
3319 793 3519 861 quibus

1944 890 2131 959 gratia:
2154 888 2347 943 divinat
2374 888 2625 942 meritum
2654 901 2720 941 ac
2749 886 3060 952 dignitatem
3086 883 3342 950 praeclare
3365 884 3511 936 vide-

1946 992 2035 1034 tur
2062 995 2404 1050 propugnare
2428 998 2442 1034 :
2477 977 2779 1047 cuiusmodi
2808 976 2895 1031 ille
2917 987 3001 1030 eet
3021 991 3053 1030 e.
3081 976 3176 1030 lib.
3206 991 3221 1028 ι
3254 973 3394 1042 Περὶ
3418 974 3520 1042 ἀρ-

1945 1069 2089 1139 χῶν,
2118 1086 2238 1139 cap.
2276 1072 2331 1136 8,
2362 1084 2512 1125 num.
2546 1068 2604 1133 5,
2645 1067 2732 1122 ubi
2766 1068 2971 1121 fontem
2993 1080 3115 1123 esse
3137 1068 3300 1119 totius
3325 1066 3521 1119 sancti-

1948 1160 2073 1214 tatis
2095 1157 2357 1228 Spiritum
2382 1166 2628 1214 sanctum
2655 1157 2871 1221 asserit,
2896 1172 2961 1211 ex
2984 1171 3157 1225 eoque
3178 1157 3519 1210 sanctitatem

1949 1253 2222 1319 accepisse
2255 1250 2514 1319 quidquid
2540 1258 2784 1303 sanctum
2804 1257 2885 1302 est
2911 1266 2925 1303 :
2956 1265 2976 1300 ι
2997 1247 3259 1302 Similiter
3286 1260 3520 1315 quoque.

1947 1342 2143 1411 iuqttit,
2175 1351 2228 1396 et
2253 1351 2439 1395 natura
2467 1340 2702 1410 Spiritus
2729 1339 2897 1393 sancti
2921 1355 3041 1408 qua:
3067 1347 3253 1393 sancta
3279 1347 3383 1399 est,
3413 1353 3518 1391 non

1951 1437 2139 1506 recipit
2168 1437 2507 1506 pollutionem
2554 1454 2569 1490 :
2615 1432 2933 1488 naturaliter
2956 1432 3121 1497 enim,
3156 1432 3237 1485 vel
3274 1431 3522 1485 substan-

1952 1528 2152 1582 tialiter
2184 1538 2368 1582 sancta
2406 1534 2509 1581 est.
2546 1525 2604 1580 Si
2637 1540 2741 1595 qua
2772 1536 2951 1578 autem
2976 1523 3079 1578 alia
3108 1533 3298 1576 natura
3332 1531 3521 1577 sancta

1952 1629 2055 1684 est,
2085 1634 2150 1672 ex
2204 1617 2570 1687 assumptione
2615 1617 2740 1680 hoc,
2772 1615 2856 1671 vel
2902 1613 3250 1685 inspiratione
3288 1612 3522 1681 Spiritus

1953 1710 2125 1767 sancti
2155 1710 2317 1764 habet
2344 1717 2401 1763 ut
2433 1708 2820 1770 sanctificetnr,
2857 1722 2961 1761 non
2982 1721 3047 1761 ex
3073 1721 3169 1760 sua
3205 1714 3397 1758 natura
3419 1704 3523 1758 hoc

1954 1801 2257 1871 possidens,
2285 1800 2377 1854 sed
2411 1799 2664 1853 accidens
2694 1799 2829 1853 sibi:
2867 1806 3091 1868 propter
3119 1796 3261 1866 quod
3290 1804 3344 1851 et
3370 1793 3523 1849 decis

268 1897 499 1949 nismunt
531 1895 597 1952 de
625 1898 1018 1966 gratiaedivinat
1050 1902 1249 1955 auxilio
1285 1882 1842 1975 disserentemOrige-

1947 1894 2075 1947 dere
2124 1901 2298 1961 potest
2336 1892 2477 1958 quod
2511 1890 2728 1944 accidit.
2770 1908 2789 1941 ι
2826 1888 3036 1959 Insigne
3070 1889 3233 1944 etiam
3269 1884 3523 1955 estquod

268 2004 391 2042 nettt
411 1988 708 2057 prodidisse
729 1990 945 2058 quidem
964 2008 977 2056 ;
995 2006 1022 2045 a
1048 1991 1437 2062 Pelagianismo
1456 1998 1708 2066 vero.qui
1735 2008 1844 2052 tum

270 2079 396 2133 boui
426 2081 825 2149 susceptionem
854 2084 1058 2152 operis,
1094 2098 1201 2138 tum
1236 2089 1396 2141 etiam
1434 2089 1844 2157 perfectionem,

269 2171 423 2226 liberi
449 2172 659 2228 arbitrii
690 2190 753 2228 ac
788 2186 992 2231 natura:
1025 2178 1229 2233 viribus
1279 2179 1497 2246 tribuit,
1527 2181 1690 2236 fuisse
1716 2183 1846 2237 alie-

268 2280 432 2331 num;
466 2280 639 2336 eoque
683 2268 735 2321 in
772 2269 1044 2339 aliquibus
1090 2279 1319 2337 tantum,
1364 2289 1467 2326 non
1504 2275 1555 2328 in
1594 2275 1844 2331 omnibus

268 2354 440 2409 fuisse
466 2357 718 2411 infectum
749 2376 763 2424 ;
804 2360 1138 2429 nimiumque
1181 2361 1373 2427 videri,
1401 2364 1542 2433 quod
1574 2374 1679 2417 tant
1702 2379 1843 2435 saepe

258 2447 486 2512 iactavit
520 2450 570 2502 itt
604 2465 724 2503 eum
756 2452 987 2520 lprensi‘s
1014 2454 1322 2525 episcopus,
1361 2473 1380 2506 ι
1414 2456 1541 2509 nihil
1571 2458 1839 2524 pernicio-

264 2548 385 2589 sum
418 2536 827 2607 Pelagianorum
872 2545 1073 2614 scripta
1107 2545 1382 2615 pra-ferre,
1410 2548 1554 2616 quod
1590 2564 1694 2603 non
1725 2547 1843 2603 Ori-

262 2640 428 2693 genes
482 2627 803 2686 lnculentius
846 2634 1299 2702 prmforutaverit,
1330 2637 1694 2707 audaciusque
1716 2653 1841 2708 pro-

262 2717 468 2772 tulerit.
497 2737 518 2770 ο

336 2900 490 2967 Quod
519 2902 564 2957 si
599 2903 1045 2974 Semipelagiame
1084 2908 1347 2965 doctrina:
1384 2907 1585 2966 leviora
1611 2912 1839 2982 sparsis-

263 3001 351 3047 set
374 2994 580 3049 sentina
628 2994 929 3064 Origenes,
962 2998 1218 3066 prodesse
1262 2999 1337 3052 illi
1385 3001 1609 3055 forsitan
1658 3014 1839 3071 posset

264 3086 670 3142 animadversio
728 3089 863 3156 haec,
919 3089 1138 3143 Patrum
1186 3095 1511 3147 auctoritate
1570 3093 1833 3159 suffulta;

260 3176 475 3232 etiamsi
500 3179 670 3246 gratia
691 3189 838 3235 recte
863 3180 1016 3235 factis
1046 3181 1318 3235 hominum
1344 3186 1634 3253 promerita
1666 3200 1837 3254 quan-

264 3271 443 3338 doque
470 3272 702 3339 dicatur,
721 3288 827 3327 non
854 3288 1069 3345 semper
1095 3285 1271 3330 tatnen
1293 3276 1504 3330 excludi
1533 3277 1691 3331 aliam
1717 3292 1843 3347 gra-

262 3361 398 3414 tiam
464 3364 900 3430 anteeedentem,
944 3365 1101 3435 cujus
1138 3365 1341 3419 auxilio
1393 3366 1638 3420 homines
1696 3377 1844 3423 recte

259 3463 532 3521 egerunt;
568 3456 661 3510 sed
712 3456 891 3512 minus
945 3459 1176 3527 spectari
1228 3457 1465 3525 priorem
1503 3458 1669 3524 illam,
1700 3458 1841 3529 quod

263 3565 295 3605 a
333 3547 525 3603 salutis
552 3549 931 3619 impetratione
970 3550 1232 3605 remotior
1269 3551 1341 3605 sit
1380 3566 1543 3621 quam
1578 3552 1844 3621 posterior

262 3643 456 3707 altera,
485 3641 613 3696 licet
642 3644 709 3695 ad
766 3657 887 3697 eam
922 3644 1355 3713 consequendam
1408 3644 1713 3699 necessaria
1750 3644 1841 3699 sit.

261 3733 445 3790 Facile
470 3734 669 3790 solutio
697 3736 813 3790 haec
835 3734 1084 3803 plurimis
1111 3735 1417 3790 Adamantii
1446 3737 1729 3793 sententiis
1754 3754 1845 3794 ac-

261 3828 720 3891 commodaretur,
750 3828 1025 3898 in-quibus
1061 3828 1290 3898 gratiam
1313 3844 1379 3884 ex
1420 3831 1844 3900 praecedentibus

265 3918 479 3973 meritis
502 3919 736 3974 derivat.
768 3920 1082 3990 Cujusntodi
1115 3919 1245 3974 illud
1281 3930 1383 3983 est,
1424 3922 1566 3991 quod
1596 3937 1715 3976 mox
1746 3923 1843 3977 ad-

265 4008 519 4064 duximus
552 4026 565 4061 :
603 4027 621 4060 ι
655 4011 818 4064 Deum
874 4004 994 4077 quae
1031 4010 1189 4080 digna
1238 4020 1366 4064 sunt
1416 4011 1843 4067 sanctificatione

263 4100 638 4166 sanctificare,
678 4100 914 4169 Spiritus
939 4102 1111 4156 sancti
1151 4104 1381 4169 gratiam
1415 4101 1591 4172 dignis
1621 4114 1845 4172 praesta-

264 4194 339 4256 ri,
383 4210 403 4245 ι
437 4193 761 4263 respondere
793 4192 990 4264 quippe
1018 4202 1324 4263 promptum
1354 4204 1639 4259 esset,eos
1673 4194 1844 4265 Spiri-

268 4292 354 4337 tus
385 4284 557 4338 sancti
585 4285 756 4353 gratia
787 4294 841 4339 et
879 4285 1308 4340 sanctificatione
1344 4302 1464 4341 esse
1494 4287 1702 4355 dignos,
1751 4288 1841 4357 qui

262 4388 364 4441 per
395 4378 805 4431 antecedentem
839 4376 1065 4446 gratiam
1092 4379 1237 4447 digni
1276 4378 1401 4432 facti
1429 4389 1573 4432 sunt.
1607 4377 1734 4433 Tale
1762 4388 1844 4434 est

270 4472 375 4522 hoc
403 4468 684 4538 Augustini
727 4470 886 4537 epist.
926 4469 1015 4533 49,
1049 4471 1115 4523 ad
1173 4470 1510 4540 Dcogratias,
1540 4482 1730 4541 quaast.
1763 4473 1798 4526 2
1826 4490 1839 4525 :

1946 1984 2022 2037 ait
2047 1983 2138 2037 lib.
2171 1998 2225 2036 Ill
2256 1982 2392 2050 Περὶ
2419 1979 2642 2049 ἀρχῶν,
2665 1995 2782 2047 cap.
2808 1980 2863 2044 2,
2892 1996 3040 2035 num.
3068 1979 3119 2042 5,
3145 1988 3391 2033 naturam
3418 1977 3521 2031 hu-

1948 2090 2161 2128 ntanant
2190 2073 2479 2128 contrariis
2504 2072 2863 2141 potestatibus
2884 2073 3052 2127 obniti
3080 2072 3294 2141 propria
3316 2072 3365 2125 vi
3392 2086 3523 2125 neu-

1948 2161 2149 2229 tiquam
2179 2174 2356 2229 posse,
2386 2170 2445 2212 at
2482 2160 2573 2212 Dei
2597 2159 2883 2213 subnixam
2910 2161 3111 2215 auxilio
3140 2160 3372 2231 impetus
3406 2160 3523 2215 illa-

1949 2265 2063 2302 runt
2098 2248 2257 2302 facile
2281 2245 2588 2303 exsufﬂare.
2629 2246 2746 2303 Non
2777 2248 2954 2305 minus
2985 2250 3070 2319 pie
3098 2250 3164 2303 de
3191 2251 3361 2319 gratia
3387 2250 3524 2304 divi-

1946 2355 2011 2393 na
2042 2340 2258 2393 disserit
2304 2340 2454 2395 hom.
2503 2341 2557 2393 in
2596 2339 2787 2409 psalm.
2833 2355 2905 2407 tv,
2943 2357 3066 2412 pag.
3096 2341 3220 2407 57l,
3245 2342 3319 2394 Οὐ
3363 2342 3525 2412 μόνον

1940 2432 2116 2485 τοίνυν
2142 2433 2222 2493 εἰς
2256 2430 2318 2484 τὸ
2351 2432 2512 2485 καλὸν
2545 2435 2641 2486 καὶ
2672 2432 2878 2502 ἀγαθὸν
2910 2432 3187 2502 γενέσθαι,
3235 2432 3395 2505 χρεία
3429 2433 3524 2486 καὶ

1939 2524 2037 2594 τῆς
2094 2524 2463 2596 προαιρέσεως
2524 2527 2624 2595 τῆς
2688 2526 2962 2598 ἡμετέρας
2987 2566 3001 2590 ,
3063 2527 3155 2580 καὶ
3218 2528 3319 2597 τῆς
3374 2527 3523 2591 θείας

1940 2618 2264 2688 συμπνοίας.
2282 2618 2402 2688 ἣτις
2424 2618 2573 2669 ἐστὶν
2596 2616 2673 2680 ὡς
2696 2618 2831 2689 πρὸς
2849 2621 2996 2691 ἡμᾶς
3019 2620 3403 2691 ἁπροαίρετος’
3429 2620 3525 2674 ἀλ-

1938 2710 2007 2763 λὰ
2054 2712 2149 2763 καὶ
2180 2712 2261 2773 εἰς
2290 2710 2352 2763 τὸ
2384 2710 2675 2779 γενόμενον
2700 2710 2864 2763 καλὸν
2901 2711 2997 2764 καὶ
3025 2712 3227 2780 ἀγαθὸν
3252 2714 3524 2782 διαμεῖναι.

1937 2805 1995 2857 ὲν
2024 2807 2090 2875 τῇ
2119 2804 2311 2875 ἀρετῇ.
2349 2804 2448 2860 Ubi
2499 2819 2603 2859 non
2652 2803 2719 2859 ad
2760 2804 3096 2857 retinendam
3144 2804 3316 2858 solum
3357 2806 3525 2859 virtu-

1940 2907 2069 2960 tem,
2108 2898 2202 2952 sed
2243 2896 2310 2965 ad
2340 2897 2720 2965 capessendam
2751 2896 2938 2959 etiam,
2984 2894 3222 2949 divinam
3243 2910 3400 2964 opem
3439 2910 3525 2949 re-

1937 2989 2076 3056 quiri
2110 2990 2286 3044 docet.
2326 2988 2389 3042 Et
2446 2988 2635 3044 homil.
2669 2988 2705 3043 4
2750 2989 2806 3043 in
2833 2988 3026 3053 psatm.
3072 3001 3259 3054 xxxvi,
3293 3002 3441 3040 num.
3464 2986 3523 3051 2,

1935 3094 2057 3147 pag.
2090 3078 2193 3133 672
2220 3096 2235 3133 :
2264 3096 2283 3129 ι
2319 3078 2478 3132 Vides
2503 3092 2635 3147 ergo
2674 3077 2800 3147 quia
2834 3075 3046 3132 Domini
3077 3092 3291 3145 semper
3317 3077 3525 3131 auxilio

1943 3170 2264 3239 indigemus,
2297 3169 2473 3239 priuto
2497 3186 2565 3224 ne
2591 3169 2883 3233 cadamus;
2917 3178 3027 3222 tum
3054 3168 3248 3223 deinde
3277 3168 3439 3223 etiam
3476 3167 3522 3223 si

1945 3263 2341 3327 reciderimus,
2399 3272 2456 3315 ttt
2528 3276 2888 3330 resttrgamus.
2937 3279 2956 3312 ι
3013 3258 3145 3315 Item
3190 3271 3323 3314 tom.
3379 3274 3416 3315 ι
3470 3260 3527 3314 in

1946 3354 2162 3418 Matth"
2192 3370 2341 3407 num.
2371 3354 2423 3415 6.
2454 3369 2579 3424 pag.
2610 3354 2738 3419 “8,
2761 3355 3033 3410 doceteos
3054 3354 3144 3423 qui
3177 3353 3419 3408 dimissis
3444 3350 3526 3407 fa-

1942 3453 2240 3507 cultatibus
2290 3453 2403 3507 suis
2437 3453 2712 3507 Christum
2745 3461 3066 3522 sequuntur,
3115 3451 3217 3506 hoc
3242 3449 3524 3504 consilium

1945 3543 2240 3598 auxiliante
2297 3542 2405 3597 Deo
2460 3543 2789 3613 suscepisse.
2844 3542 2935 3597 Sic
2977 3556 3104 3595 vero
3136 3540 3328 3595 scribit
3366 3546 3524 3594 tract.

1944 3652 2086 3692 xxxv
2115 3639 2168 3691 in
2200 3636 2416 3701 "uuln,
2453 3651 2603 3690 num.
2637 3634 2725 3699 88,
2760 3650 2885 3705 pag.
2914 3634 3019 3690 900
3050 3650 3066 3689 :
3100 3652 3118 3685 ι
3163 3632 3268 3688 Per
3300 3634 3402 3688 hoc
3430 3648 3527 3687 au-

1944 3740 2052 3785 tem
2098 3728 2439 3793 instruitnur,
2488 3737 2545 3781 ut
2592 3743 2866 3797 mtuquattt
2919 3726 3040 3781 sine
3091 3724 3528 3781 consideratione

1940 3822 2147 3893 aliquid
2173 3821 2551 3892 promittamus
2580 3835 2741 3889 super
2767 3819 3133 3875 habitudinem
3159 3827 3401 3873 nostram
3427 3818 3528 3872 ltu-

1946 3932 2183 3981 manatn,
2213 3915 2370 3986 quasi
2395 3913 2488 3983 qui
2516 3915 2796 3969 valeamus
2826 3911 3029 3967 Christi
3069 3911 3291 3981 implere
3310 3909 3528 3965 confes-

1942 4010 2173 4075 sionem,
2200 4025 2267 4064 ex
2310 4010 2487 4077 nobis,
2521 4016 2614 4063 aut
2655 4007 2859 4075 aliquid
2895 4014 3288 4075 praeceptorum
3331 4003 3462 4071 Dei;
3498 4021 3521 4055 ο

1941 4112 2058 4157 tum
2110 4102 2188 4155 ait
2210 4100 2473 4170 ﬁdebuisse
2506 4100 2727 4155 Petrum
2769 4098 3042 4166 postulare
3069 4113 3099 4151 a
3134 4097 3245 4151 Deo
3268 4096 3526 4167 gratiam,

1940 4204 2003 4249 ut
2065 4193 2417 4250 offensionem
2463 4193 2638 4264 passis
2680 4192 2880 4247 Christi
2934 4189 3239 4261 discipulis,
3279 4190 3392 4257 ipse
3420 4201 3526 4243 non

1939 4292 2236 4352 pateretur.
2268 4281 2384 4353 (45)
2407 4282 2477 4336 At
2506 4282 2800 4337 credidisse
2817 4281 3100 4351 Origeuent
3135 4279 3335 4334 scimus
3354 4295 3420 4334 ex
3445 4294 3529 4333 re-

1942 4378 2215 4447 liquorum
2236 4377 2406 4445 ipsius
2431 4378 2770 4431 decretorum
2792 4374 3146 4434 connexione,
3166 4371 3382 4426 Petrum
3401 4386 3528 4440 pro-

1941 4472 2065 4541 prio
2093 4470 2390 4524 voluntatis
2434 4480 2580 4523 motu
2615 4468 2847 4538 gratiam
2878 4468 3018 4521 hanc
3042 4464 3364 4534 postulasse,
3404 4478 3526 4517 runt

272 4576 293 4607 ι
329 4558 489 4613 Salus
529 4560 803 4629 religionis
834 4560 1022 4628 hujus,
1048 4578 1142 4630 per
1164 4578 1323 4630 quant
1350 4565 1519 4615 solam
1546 4576 1724 4617 veram
1754 4578 1839 4618 sa-
1869 4569 1915 4627 D
1942 4580 2010 4619 ne
2070 4563 2295 4632 gratiam
2356 4561 2569 4631 quidem
2628 4562 2830 4629 absque
2890 4558 3100 4626 praevia:
3148 4556 3333 4626 gratia:
3377 4554 3529 4622 adju-

270 4649 354 4703 lus
403 4664 555 4715 vera,
588 4654 963 4722 veracitcrque
1018 4655 1368 4721 promittitur,
1422 4656 1547 4708 nulli
1602 4671 1837 4725 unquam

261 4742 442 4797 defuit
492 4745 582 4814 qui
631 4746 826 4814 dignus
858 4746 996 4811 fuit;
1044 4757 1099 4801 et
1146 4749 1230 4801 cui
1269 4748 1471 4810 defuit.
1505 4750 1698 4819 dignus
1734 4762 1838 4805 non

262 4833 410 4901 fuit;
454 4853 473 4887 ι
504 4846 560 4890 et
593 4836 720 4890 illttd
744 4837 1119 4907 Chrysostomi
1146 4840 1329 4897 ltontil.
1370 4841 1435 4895 16
1476 4841 1528 4894 in
1560 4841 1729 4911 Epist.
1772 4843 1841 4893 ad

268 4926 444 4990 Rom,
474 4930 601 4992 τοὺς
623 4928 853 4993 ἀξίουςὸ
894 4930 1025 4992 Θεὸς
1059 4926 1166 4984 οἶδε
1207 4930 1397 5003 μόνος⁹
1426 4953 1444 4982 ι
1486 4935 1643 4988 Solus
1707 4937 1844 4989 heus

269 5021 415 5075 novit
444 5021 536 5090 qui
566 5021 711 5090 digni
737 5033 919 5075 sunt»
946 5025 1051 5078 Sed
1084 5024 1303 5077 Patrum
1339 5025 1553 5078 illorum
1583 5027 1847 5083 doctrinae

340 5163 453 5231 (45)
481 5164 545 5215 At
580 5163 862 5217 credidisse
892 5163 1166 5239 Origenem
1195 5168 1387 5239 scimus
1426 5185 1490 5221 ex
1531 5167 1846 5239 reliquorum

267 5237 435 5296 ipsius
463 5238 784 5306 decretorum
810 5238 1147 5306 conuersione,
1180 5238 1397 5292 Petrum
1423 5237 1646 5306 proprior
1664 5240 1848 5293 volun-

269 5306 397 5378 tatis
429 5313 570 5378 motu
601 5305 822 5369 gratiam
856 5304 994 5378 hanc
1024 5309 1331 5372 postulasse,
1364 5304 1481 5360 cum
1518 5304 1583 5361 ne
1622 5314 1845 5378 gratiam

268 5376 482 5444 quidem
506 5375 911 5448 absqueprmvim
926 5378 1110 5440 gratia:
1129 5379 1430 5447 adjumento
1447 5375 1712 5446 pustulam
1728 5396 1847 5448 pos-

270 5442 460 5517 simus.
501 5442 662 5517 Certe
698 5450 1076 5517 praevenientis
1123 5442 1307 5517 gratia:
1347 5442 1737 5503 ttecessitatitttt'
1779 5453 1843 5504 ad

272 5515 564 5577 oramlutn,
603 5514 820 5565 disertis
866 5516 1048 5569 verbis
1098 5514 1259 5571 tradit
1307 5518 1568 5583 Origenes
1632 5520 1725 5573 lib.
1771 5522 1845 5573 De

274 5597 536 5646 oratione,
592 5599 741 5635 lllllll.
787 5583 845 5643 2,
900 5601 1022 5653 pag.
1086 5589 1182 5639 199

1236 5605 1271 5661 :_
1304 5590 1440 5661 Οὐδὲ
1482 5590 1609 5661 γὰρ,
1663 5592 1857 5659 inquit,

1948 4666 2133 4712 mento
2182 4655 2456 4725 postulare
2493 4654 2760 4723 possimus
2788 4691 2806 4707 .
2869 4651 3193 4706 Praeclarum
3243 4664 3459 4718 quoque
3496 4666 3529 4703 e

1950 4760 2078 4803 tom.
2137 4764 2285 4802 xxx"
2350 4747 2406 4799 in
2453 4745 2641 4810 Joau.,
2691 4760 2841 4799 num.
2896 4744 2953 4807 6,
2994 4759 3116 4813 pag.
3159 4741 3264 4796 415
3298 4759 3314 4796 :
3345 4739 3527 4810 Χωρὶς

1945 4841 2057 4911 γὰρ
2094 4838 2268 4910 Ἰησοῦ
2299 4837 2473 4900 οὐδεὶς
2514 4835 2666 4909 παρὰ
2694 4834 2829 4889 Θεοῦ
2871 4834 3109 4905 καθαρὸς
3149 4834 3380 4903 γίνεται,
3425 4830 3529 4883 xi»

1951 4935 2058 5006 πρὸ
2080 4932 2247 4986 αὑτοῦ
2271 4930 2501 5003 νομισθῇ
2533 4930 2624 4984 διά.
2648 4946 2793 4994 τινος
2826 4930 3141 5002 ἐπιμελείας
3167 4928 3330 4983 αὐτὸν
3355 4926 3525 4979 καθα-

1946 5028 2045 5099 ρὸν
2067 5026 2449 5097 πεποιηκέναι.
2491 5023 2641 5091 Quod
2681 5034 2862 5080 autem
2908 5024 3103 5092 legitur
3145 5024 3236 5078 lib.
3286 5037 3345 5076 ιιι
3387 5021 3526 5089 Περὶ

1954 5169 2084 5250 ςτῷ,
2107 5168 2387 5250 ξὰιςιμὴθτδ
2410 5166 2631 5250 Πγεῦμα
2658 5168 2728 5250 τὸ.
2750 5168 2925 5250 πάντα
2952 5165 3186 5250 ἐρεονῶγ
3217 5165 3311 5217 καὶ
3338 5165 3406 5246 cdt
3434 5166 3527 5249 se:

1955 5236 2146 5313 θηᾞτοῧ
2182 5236 2339 5313 Θξεοίἲἲ
2375 5236 2875 5313 πρότερον-αἱγξᾳει
2912 5239 3004 5290 καὶ
3045 5237 3276 5313 ὑμιιῄσει
3313 5236 3406 5289 τοῦ
3430 5237 3527 5313 χοῦ

1950 5305 2019 5364 τᾶ
2044 5312 2180 5389 βάθῃ
2209 5305 2499 5389 ὴρεύνηᾷςε,
2524 5305 2618 5371 xui
2635 5310 2709 5372 ὡς
2731 5308 2977 5380 ἐξίσχυσε
3005 5305 3344 5388 καίτοιληφενπ
3374 5327 3394 5359 ε
3428 5307 3531 5363 Ne—

1952 5400 2057 5450 que
2081 5383 2224 5435 euint
2248 5383 2408 5434 orare
2442 5397 2594 5434 utens
2622 5391 2802 5434 nostra
2827 5390 3003 5450 potest
3033 5383 3133 5431 nisi
3166 5390 3294 5431 ante
3321 5383 3527 5443 ipsum,

1951 5449 2124 5521 eaque
2144 5453 2298 5521 quasi
2338 5451 2611 5514 audiente,
2649 5460 2771 5504 oret
2809 5449 3064 5521 Spiritus,
3098 5456 3154 5501 ιιι
3192 5464 3363 5517 tteque
3388 5450 3531 5521 psal-

1953 5518 2062 5576 lvre
2084 5532 2139 5577 ct
2162 5518 2437 5575 inodulato
2464 5538 2527 5575 ac
2565 5518 2861 5575 numcmso
2893 5520 3149 5580 carmine,
3181 5518 3530 5571 consonanti-

1960 5610 2065 5660 quc
2102 5607 2233 5646 voce
2267 5592 2487 5645 laudare
2525 5591 2737 5645 Patrem
2788 5590 2840 5643 itt
2869 5590 3104 5649 Christo,
3134 5588 3252 5660 nisi
3277 5584 3527 5660 Spiritus,

275 5654 684 5739 Buvatar‘ﬂpg‘iv
719 5655 747 5705 6
779 5654 903 5717 νοῦς
923 5658 1360 5739 λεροσεύξᾳσθᾳι,
1388 5654 1593 5739 ὲᾲνμῆ
1622 5654 1842 5739 arpis-at}

1957 5654 2044 5729 qui
2074 5664 2247 5716 οηιηὶίι
2275 5672 2564 5727 scrutatur,
2597 5662 3048 5739 ctiaut_pro[uuda
3085 5656 3253 5739 νειμ
3292 5658 3525 5739 (ἰονιιιι,

278 5726 369 5801 ῖοῦ
401 5726 462 5778 τὸ
488 5724 1119 5801 ΙΙγ-εςῦμᾳ-προσςύξῂτᾳι,
1150 5731 1311 5781 οἱονεὶ
1330 5732 1388 5801 ἐν
1416 5724 1643 5801 ὑπήκὸῳ
1667 5724 1849 5783 ὰύτοῦο

276 5796 423 5871 (item
433 5814 462 5866 ρ
485 5796 605 5871 οὐδὲ
632 5795 796 5865 ψᾶλαι.
826 5796 917 5871 καὶ
940 5795 1225 5869 εὐρύθμως
1257 5800 1349 5859 καὶ
1378 5795 1632 5870 ἐμμέλῶᾲ
1651 5802 1743 5854 καὶ
1766 5805 1853 5871 ἐμ-

281 5866 491 5943 μέτρως
528 5868 618 5926 καὶ
653 5866 956 5947 συμφώνως
983 5866 1219 5949 ὑμνῆσαι
1246 5872 1335 5934 τὸν
1358 5866 1595 5953 Ιιὰηὲἐραη
1626 5876 1682 5927 ἐν
1718 5866 1851 5952 X93.-

1963 5726 2069 5803 iti),
2125 5734 2274 5801 prius
2318 5734 2496 5786 laudet
2540 5726 2596 5785 et
2644 5726 2887 5803 celebret
2925 5746 3046 5783 cunt
3105 5726 3261 5803 cujus
3304 5726 3528 5796 profuit:-

1959 5798 2329 5860 tla'sci'utalus
2363 5813 2465 5871 est,
2502 5812 2633 5860 etut
2672 5800 2854 5871 valuit,
2885 5798 3309 5875 cotttprehendit.
3348 5816 3368 5851 ι
