4054 6310
615 379 722 436 955

1892 375 1954 432 P.
1996 374 2312 431 DANIELIS
2350 371 2578 429 HUETII
3711 378 3796 436 956

615 491 840 562 ἀρχῶν,
873 507 995 563 cap.
1022 493 1075 559 I,
1107 507 1256 547 nunt.
1289 492 1354 546 I7
1384 509 1399 546 :
1437 511 1456 546 ‹
1481 491 1594 547 Non
1625 492 1983 547 dissimulatio
2005 493 2197 546 divina:
2225 495 2273 550 A
2302 489 2538 556 inquam,
2567 489 2640 540 vita
2673 485 2860 542 scribit
2895 505 2907 541 :
2941 504 2959 536 ι
2992 484 3105 540 Hoc
3139 483 3186 540 ei
3227 497 3322 538 suo
3361 483 3603 555 suffragio
3634 490 3801 544 tribue-

617 583 1006 648 Providentiaa,
1045 586 1140 638 sed
1181 583 1429 638 humana!
1473 585 1668 639 mentis
1718 585 1999 639 arbitrium
2033 600 2191 639 causa

619 674 720 729 sibi
765 674 1079 743 perditionis
1116 675 1330 729 exsiSIit
1362 693 1375 728 :
1411 675 1637 729 contulit
1665 676 1826 730 etiam
1861 676 2092 744 indignis
2139 684 2194 729 et

619 766 908 822 incredulis
963 767 1189 834 gratiam
1238 765 1644 822 benefactorum
1685 782 1932 832 suorum,
1978 775 2036 821 ut
2067 781 2197 822 vere

620 874 779 913 omne
807 872 869 911 os
890 857 1234 920 obstruatur;
1267 867 1546 928 totumque
1597 875 1625 912 a
1661 875 1721 914 se
1761 869 1816 914 et
1857 860 1987 913 nihil
2019 875 2047 913 a
2087 860 2193 915 Deo

620 953 806 1007 deesse
849 953 948 1006 sibi
994 969 1148 1009 mens
1179 956 1412 1009 lmmana
1456 965 1784 1025 cognoscat;
1818 973 1836 1006 ι
1883 957 1932 1009 id
1969 954 2192 1010 Rufinus

619 1044 686 1098 de
716 1059 815 1098 suo
845 1045 1086 1113 intrusit,
1133 1047 1328 1116 quippe
1358 1048 1498 1115 quod
1527 1047 1668 1101 absit
1708 1063 1737 1100 a
1767 1047 2024 1102 vicesimo
2063 1044 2194 1100 Plii-

620 1134 826 1191 localite
861 1140 1058 1206 capite,
1114 1153 1220 1208 quo
1268 1140 1625 1208 fragmentum
1663 1139 1790 1193 illud
1846 1139 2024 1207 operis
2050 1139 2190 1207 Περὶ

618 1226 841 1296 ἀρχῶν,
873 1229 945 1283 ita
977 1240 1034 1285 ut
1063 1232 1132 1284 ab
1165 1230 1398 1301 Origene
1437 1231 1695 1301 scriptum
1719 1241 1822 1298 est,
1843 1231 2029 1287 Graece
2059 1247 2191 1286 con-

624 1321 844 1374 tinetur.

691 1412 873 1466 XVIII.
909 1414 1148 1468 Diximus
1177 1414 1462 1483 Origenem
1510 1416 1776 1486 aliquibus
1811 1417 2074 1468 duntaxat
2108 1418 2191 1467 in-

623 1504 817 1557 lectum
859 1505 1018 1558 fuisse
1043 1508 1336 1572 erroribus,
1365 1524 1428 1562 ex
1474 1510 1538 1563 iis
1573 1510 1661 1577 qui
1703 1525 1730 1560 a
1758 1507 1974 1575 Pelagio
2012 1508 2193 1561 multis

621 1606 736 1664 post
773 1598 930 1650 annis
972 1604 1289 1668 propugnati
1327 1610 1470 1653 sunt.
1503 1601 1620 1666 Quo
1662 1602 1726 1654 de
1758 1615 1952 1670 genere
2001 1600 2190 1669 dogma

623 1686 751 1738 illud
801 1696 901 1748 est,
961 1690 1100 1756 quod
1139 1688 1409 1755 perfectos
1454 1691 1695 1744 homines
1741 1692 1846 1744 vim
1905 1693 2190 1760 quamdam

621 1777 843 1844 adipisci
885 1777 1089 1839 definit,
1135 1794 1237 1847 qua
1273 1781 1506 1833 rohorati
1539 1788 1877 1849 peccatorum
1929 1781 2192 1836 illecebris

2299 583 2393 636 bat
2421 580 2698 647 Evagritts,
2731 579 2819 650 qui
2857 587 2975 632 erat
3001 579 3083 632 vir
3113 578 3446 632 discernendi
3466 578 3514 631 vi
3539 583 3796 648 praeditus:

2299 673 2514 742 (nempe
2542 670 2796 726 Ponticus
2816 669 2904 724 ille
2931 668 3302 740 llyperborita)
3333 687 3352 719 ι
3383 683 3440 723 se
3463 669 3645 725 nullum
3667 673 3803 730 homi-

2300 779 2420 817 nem
2452 763 2671 827 vidisse,
2707 763 2965 832 quiesset
2999 762 3169 831 magis
3204 761 3531 829 impatibilis,
3562 772 3614 817 et
3637 765 3804 822 alienus

2299 859 2365 911 ab
2394 856 2644 911 omnibus
2671 855 2833 908 animi
2861 854 3371 922 perturbationibus.
3399 873 3416 904 ι
3447 853 3574 908 Hinc
3592 855 3806 928 Hierony-

2302 962 2420 1001 mus
2452 960 2680 1015 protnm.
2730 946 2780 998 in
2819 945 3066 1014 Dialogos
3084 947 3328 998 adversus
3361 943 3671 1014 Pelagianos,
3693 948 3806 1002 daa-

2301 1037 2446 1100 θείας
2476 1047 2773 1092 assertores
2799 1037 3082 1106 exagitans
3115 1057 3126 1091 :
3163 1057 3181 1088 ι
3213 1037 3498 1104 Palladius,
3530 1039 3807 1108 inquit,ser-

2299 1129 2420 1182 vilis
2452 1129 2704 1198 nequitia:
2733 1129 2976 1183 eamdem
3016 1131 3258 1183 haeresim
3291 1130 3584 1184 instaurare
3623 1142 3808 1190 conatus

2300 1231 2401 1276 est.
2436 1239 2454 1272 ι
2495 1221 2811 1275 Instauravit
2847 1231 2900 1275 et
2941 1233 3066 1276 ante
3097 1237 3266 1275 annos
3302 1223 3664 1291 propemodum
3701 1237 3807 1291 quae

2299 1313 2613 1378 dringentos
2640 1312 2944 1384 Bogonatus
2980 1312 3285 1381 hiereticus,
3313 1313 3652 1383 Begardorum
3671 1315 3810 1370 etBe-

2300 1404 2586 1471 ghinarum
2613 1419 2824 1472 parens.
2937 1392 2944 1399 ’

2371 1491 2426 1544 In
2462 1494 2527 1546 iis
2548 1505 2693 1548 certe
2720 1510 2838 1563 qum
2864 1502 3150 1564 supersunt
3172 1493 3607 1565 Origenianorum
3629 1513 3808 1566 operum

2303 1584 2547 1649 reliquiis
2589 1601 2691 1637 non
2724 1583 3034 1652 frequentes
3078 1596 3370 1639 occurrunt
3413 1586 3562 1653 hujus
3589 1590 3810 1658 opinionis

2301 1685 2438 1730 uota:
2483 1695 2496 1730 :
2547 1694 2666 1729 nam
2722 1678 2861 1745 quod
2906 1687 3080 1730 exstat
3131 1678 3184 1731 in
3239 1681 3259 1732 I
3319 1680 3502 1734 homil.
3546 1681 3598 1733 in
3631 1681 3810 1748 Ιεηηι..

2302 1783 2445 1820 ntun.
2484 1767 2566 1828 16,
2599 1779 2750 1836 prout
2798 1768 2864 1819 ab
2893 1765 3214 1838 Hieronymo
3249 1769 3504 1823 converszl
3536 1778 3611 1824 est
3639 1788 3650 1824 :
3681 1791 3696 1824 t
3727 1773 3809 1826 Itn-

622 1885 687 1920 ac
709 1868 991 1924 lenociniis
1013 1870 1180 1923 obniti
1215 1887 1304 1938 per
1332 1887 1450 1926 sese
1479 1873 1702 1942 possint,
1728 1875 2044 1939 tandemque
2061 1875 2122 1925 ad
2150 1875 2198 1926 id

2231 1861 2274 1918 Β
2304 1860 2553 1928 pmsihile
2581 1869 2662 1912 est
2694 1859 2834 1911 enim
2865 1861 3002 1926 quod
3040 1863 3202 1913 semel
3250 1862 3532 1915 viviﬁcavit
3560 1862 3700 1933 Deus,
3739 1876 3809 1921 aut

621 1961 914 2013 ascendant
967 1963 1312 2031 perfectionis
1357 1966 1587 2027 culmen,
1636 1976 1691 2017 ut
1732 1980 1797 2017 ne
1841 1965 1940 2018 levi
1977 1965 2190 2032 quidem

623 2055 980 2108 tentationuut
1018 2073 1146 2109 aura
1181 2056 1566 2126 percellautur,
1621 2056 1881 2126 planeque
1913 2058 2018 2110 sint
2048 2058 2192 2110 ἀπα-

622 2143 753 2210 θεῖς.
786 2147 998 2215 Optime
1016 2163 1143 2202 vero
1165 2149 1508 2219 conjunetum
1535 2149 1663 2202 illud
1695 2159 1777 2204 est
1807 2167 1924 2202 cum
1956 2151 2197 2218 superin-

622 2252 682 2291 re
719 2238 834 2306 ejus
862 2238 1143 2292 doctrina:
1173 2255 1297 2294 nam
1319 2241 1406 2308 qui
1447 2255 1510 2294 ex
1544 2256 1661 2295 sese
1695 2252 1870 2310 potest
1901 2243 2034 2297 bene
2067 2257 2193 2313 age-

622 2343 706 2393 re,
741 2343 873 2383 sane
907 2345 971 2384 ex
1006 2345 1124 2384 sese
1155 2330 1298 2385 male
1323 2347 1425 2384 non
1458 2346 1618 2399 agere
1642 2342 1832 2402 potest.
1860 2333 2026 2395 Hanc,
2057 2349 2194 2402 pra:-

625 2427 708 2473 ter
736 2420 893 2485 alias,
934 2422 1252 2492 suggillandi
1279 2422 1526 2492 Origenis
1555 2440 1770 2478 causam
1804 2426 1962 2479 habet
2007 2425 2196 2479 Hiero-

594 2525 813 2588 ‘nytnus
859 2527 874 2564 :
925 2528 1050 2565 nam
1087 2513 1139 2565 in
1176 2513 1400 2582 epistola
1447 2515 1511 2567 ad
1537 2515 1958 2583 Ctesiphontem,
1987 2533 2104 2584 eap.
2136 2518 2194 2581 2,

621 2605 954 2658 consimilem
985 2603 1211 2674 Pelagii,
1237 2607 1329 2660 sed
1355 2606 1664 2674 nequiorem
1691 2607 1850 2659 etiam
1874 2610 2194 2662 sententiam

624 2692 898 2757 refellens,
958 2697 1037 2749 sic
1095 2697 1264 2765 ipsum
1308 2696 1649 2764 alloquitur:
1700 2715 1719 2747 ι
1775 2697 1863 2752 Vis
1914 2699 2088 2753 adhuc
2142 2710 2198 2755 et

624 2783 785 2837 alium
841 2801 998 2840 nosse
1055 2787 1127 2840 tui
1184 2787 1388 2840 erroris
1441 2787 1777 2856 principem?
1815 2789 2057 2844 doctrina
2106 2803 2196 2846 tua

621 2873 875 2944 Origeuis
911 2877 1254 2932 rumusculos
1290 2890 1393 2933 est.
1443 2876 1498 2932 In
1554 2894 1619 2932 eo
1661 2881 1802 2934 enim
1845 2882 2072 2950 psalmo,
2109 2885 2196 2939 ubi

622 2967 884 3035 scriptum
935 2979 1040 3033 est,
1101 2978 1158 3022 ut
1209 2971 1274 3024 de
1317 2970 1529 3024 caeteris
1584 2981 1789 3026 taceam
1833 2989 1845 3024 :
1899 2973 2121 3043 Insuper
2150 2987 2197 3029 et

621 3074 785 3129 usque
814 3062 882 3113 ad
919 3071 1117 3114 noctem
1148 3063 1455 3116 erudierunt
1480 3079 1560 3117 me
1584 3081 1730 3119 renes
1759 3068 1859 3120 mei
1883 3068 1928 3098 ⁸³
1952 3085 1967 3129 ;
2007 3070 2201 3122 asserit

1952 3111 1967 3134 ’

622 3151 798 3204 virum
847 3163 1112 3220 sanctum,
1155 3154 1220 3208 de
1249 3169 1474 3222 quorum
1513 3155 1761 3211 videlicet
1798 3168 1854 3211 et
1883 3169 1934 3211 tu
1974 3175 2197 3214 numero

2297 1954 2363 2004 ab
2389 1968 2450 2003 eo
2487 1952 2620 2016 ipso,
2641 1958 2734 2004 aut
2762 1951 2828 2004 ab
2861 1951 2968 2003 alio
2990 1951 3195 2016 occidi;
3239 1971 3256 2002 ι
3296 1953 3360 2003 ad
3405 1953 3558 2006 \iltlm
3579 1964 3807 2019 aeternam,

2297 2051 2614 2109 sanctosque
2656 2056 2714 2095 ea
2747 2042 2985 2094 fruentes
3025 2040 3361 2095 referendum
3392 2059 3507 2097 esse
3531 2049 3809 2104 ostendimut

2297 2134 2348 2185 in
2377 2132 2872 2194 observationibus;
2912 2143 2967 2186 et
3000 2134 3067 2188 ab
3117 2134 3444 2204 llieronymo
3485 2147 3711 2204 praetcrea
3749 2141 3809 2192 in-

2299 2233 2502 2279 trusutn
2540 2235 2641 2278 est.
2675 2225 2843 2279 Touto
2880 2226 3091 2294 quidem
3119 2243 3214 2280 xm
3271 2229 3323 2280 in
3351 2227 3554 2293 .llattlt.,
3582 2244 3708 2284 num.
3739 2231 3807 2297 29,

2298 2319 2547 2387 parvulos
2578 2317 2714 2382 illos,
2753 2334 2977 2388 quorum
3012 2319 3216 2375 similes
3261 2320 3377 2373 vult
3422 2335 3516 2374 nos
3546 2319 3666 2375 eIIici
3690 2322 3811 2378 Citri-

2297 2421 2432 2477 stus,
2475 2420 2529 2464 et
2569 2411 2761 2475 quibus
2801 2411 3110 2465 scandalum
3159 2427 3187 2465 a
3227 2411 3385 2467 nobis
3437 2413 3647 2480 praeberi
3679 2423 3807 2478 vetat,

2297 2518 2539 2572 quosque
2577 2503 2788 2558 Patrem
2817 2503 3088 2558 caelestem
3117 2504 3294 2570 perire
3331 2503 3465 2558 velle
3486 2511 3656 2578 negat,
3675 2505 3810 2560 homi-

2299 2611 2392 2650 nes
2416 2597 2798 2666 perfectionem
2829 2606 3148 2653 consecutos
3182 2598 3489 2669 significare
3510 2599 3808 2665 conjicitOri-

2297 2703 2494 2758 genes;
2553 2689 2748 2742 deinde
2781 2689 3053 2758 subiungit
3095 2689 3360 2758 ejusmodi
3414 2689 3646 2758 parvulos
3675 2704 3808 2758 neque

2298 2779 2476 2850 perire
2525 2795 2699 2849 neque
2729 2779 3076 2834 oil‘ensionem
3125 2780 3232 2848 pati
3268 2776 3448 2850 poss‘e,
3482 2779 3594 2849 quia
3632 2801 3642 2834 :
3679 2798 3694 2830 ι
3725 2778 3806 2832 Pax

2299 2872 2463 2925 multa
2489 2872 2830 2941 diligentibus
2865 2888 3057 2926 nomen
3093 2871 3206 2935 Dei,
3236 2881 3293 2928 et
3340 2888 3444 2926 non
3468 2881 3549 2926 est
3580 2871 3670 2926 illis
3690 2886 3808 2926 scan-

2299 2963 2475 3017 dalum
2491 2964 2579 3024 δ”,
2617 2982 2635 3014 ι
2671 2962 2970 3032 meritoque
2997 2978 3089 3016 eos
3124 2964 3308 3018 dicere
3337 2979 3488 3034 posse
3513 2983 3524 3018 :
3553 2982 3570 3015 ι
3605 2963 3715 3030 Quis
3737 2975 3808 3015 nos

2298 3056 2568 3123 separabit
2590 3069 2617 3107 a
2653 3054 3012 3108 charitate”?
3053 3074 3071 3108 ι
3101 3053 3211 3109 Sed
3243 3055 3537 3110 Ezechielis
3564 3062 3717 3108 tamen
3738 3067 3810 3106 aa-

2299 3146 2548 3201 ctoritate
2577 3146 2764 3216 prohat
2792 3146 2922 3215 justi
2957 3148 3192 3202 animam
3227 3162 3353 3203 esse
3392 3147 3653 3202 mutationi
3681 3147 3808 3199 obno-

619 3256 699 3304 es,
731 3257 854 3298 cum
889 3245 952 3299 ad
978 3247 1236 3302 virtutum
1273 3250 1480 3303 venerit
1513 3251 1896 3319 summitatem,
1921 3267 1987 3306 ne
2013 3254 2063 3304 in
2100 3268 2196 3306 no—
2222 3236 2267 3295 (ἶ
2297 3241 2461 3303 llam.
2492 3249 2546 3293 cl
2572 3255 2600 3291 ³
2633 3237 2722 3292 Del
2755 3240 3018 3294 malldalls
3047 3255 3202 3308 P0558
3223 3241 3521 3302 discedere.
3545 3240 3607 3292 ila
3634 3246 3680 3290 ιη
3701 3237 3808 3306 Pllo‘

622 3344 710 3387 etc
738 3337 954 3404 quidem
997 3351 1059 3390 ea
1096 3339 1226 3407 pati,
1261 3353 1380 3408 qua:
1415 3339 1688 3394 hominum
1734 3352 1878 3406 sunt,
1918 3357 2015 3396 nec
2046 3343 2194 3413 cogi-

624 3425 827 3480 tatione
858 3429 1108 3481 vitiorum
1141 3429 1319 3499 aliqua
1377 3430 1620 3495 titillari;
1665 3450 1683 3482 ι
1722 3441 1774 3486 et
1829 3433 1883 3486 in
1932 3436 2196 3503 prooemio

617 3511 967 3583 Dialoyorum
993 3518 1240 3572 adversus
1271 3517 1586 3590 Pelagianos
1605 3537 1623 3574 :
1663 3539 1681 3571 ι
1710 3521 1839 3575 Illud
1866 3534 2042 3578 autem
2074 3524 2195 3579 Ori-

620 3606 771 3674 genis
815 3609 1092 3678 proprium
1132 3621 1234 3677 est,
1293 3613 1624 3682 impossibile
1675 3629 1797 3669 esse
1841 3617 2128 3669 humanam
2165 3633 2195 3671 a

617 3699 885 3768 principio
911 3717 1080 3770 usque
1110 3704 1174 3758 ad
1195 3717 1421 3760 mortem
1453 3723 1556 3759 non
1583 3723 1805 3776 pet-care
1832 3719 2077 3762 naturam
2100 3728 2114 3772 ;
2145 3717 2199 3764 et

620 3809 836 3848 rursum
899 3812 1019 3852 esse
1083 3798 1339 3867 possibile
1397 3815 1520 3854 cum
1585 3814 1643 3854 se
1695 3801 1887 3871 aliquis
1949 3805 2013 3857 ad
2082 3817 2196 3857 tue-

622 3884 754 3938 liora
816 3893 1150 3944 converterit
1211 3893 1278 3945 ad
1349 3903 1554 3948 tantam
1631 3893 1995 3948 fortitudinem
2065 3909 2192 3963 per-

618 3976 828 4037 venire,
862 3989 920 4031 ut
950 3981 1087 4033 ultra
1122 3997 1345 4049 pecCare
1388 3999 1490 4036 non
1533 3986 1740 4053 possit;
1783 4004 1801 4036 ι
1837 3995 1891 4038 ct
1933 3986 1982 4038 iu
2020 4000 2197 4054 prom-

619 4071 730 4124 Iuio
801 4071 919 4125 libri
979 4089 1029 4126 Iv
1088 4075 1377 4128 Comment.
1443 4078 1494 4130 in
1554 4077 1749 4131 Jerem.
1812 4091 1831 4129 :
1890 4096 1907 4129 t
1966 4078 2196 4134 Ilzcrcsis

621 4161 941 4235 Pythagorae
1002 4175 1056 4219 et
1113 4165 1345 4221 Zenonis
1408 4167 1676 4230 ἀπαθείας
1736 4169 1829 4220 καὶ
1882 4169 2199 4240 ἀναμαρτη-

618 4256 760 4323 σίας,
823 4257 873 4310 id
915 4267 998 4311 est
1053 4259 1503 4328 impassibilitatis
1553 4269 1608 4312 et
1653 4259 2043 4327 itnpeccantiw,
2079 4276 2200 4331 quae

615 4349 745 4405 olim
779 4350 830 4404 in
857 4349 1108 4418 Origene,
1133 4359 1184 4405 et
1207 4351 1405 4404 dudum
1439 4352 1491 4404 in
1515 4351 1791 4418 discipulis
1815 4352 1931 4421 ejus
1955 4351 2199 4407 Grunnio

617 4440 894 4511 (llutiuum
921 4442 1182 4512 intellige)
1207 4441 1546 4512 Evagrioque
1566 4442 1812 4506 Pontico,
1839 4453 1893 4498 et
1915 4441 2198 4500 .Ioviniano

610 4531 856 4602 jugulata
890 4545 992 4600 est,
1026 4536 1190 4605 cmpit
1214 4536 1553 4592 reviviscere.
1592 4556 1610 4588 ι
1644 4534 1844 4590 Multos
1871 4537 2072 4590 erroris
2096 4537 2196 4590 hu-

2299 3331 2373 3385 ris
2406 3334 2521 3399 ejus
2549 3330 2767 3398 iustitiae
2809 3330 2952 3384 nulla
2990 3331 3249 3386 habeatur
3280 3335 3450 3396 ratio;
3485 3341 3632 3399 atque
3653 3328 3807 3382 idcirco

2297 3423 2584 3491 quominus
2600 3420 2823 3476 otl‘eusio
2847 3423 2926 3475 eis
2951 3435 2980 3474 a
3009 3422 3160 3476 nobis
3179 3422 3500 3492 praebeatur,
3525 3421 3806 3476 Servatorem

2299 3514 2550 3565 mandato
2581 3526 2676 3565 suo
2711 3511 3018 3579 prohibere.
3050 3509 3212 3564 Libro
3244 3527 3462 3581 quoque
3495 3512 3545 3565 in
3573 3506 3806 3578 Epistulam

2297 3605 2365 3656 ad
2408 3603 2672 3656 Romanos
2711 3604 2919 3672 quinto,
2968 3619 3118 3657 num.
3147 3603 3206 3667 .l,
3261 3618 3387 3673 pag.
3435 3603 3556 3668 546,
3589 3603 3646 3656 de
3675 3609 3808 3654 morte

2299 3696 2505 3766 peccati
2536 3694 2763 3762 loquens
2799 3713 2812 3747 :
2857 3712 2875 3745 ι
2913 3692 3007 3747 llic
3030 3709 3159 3764 ergo
3192 3696 3376 3760 homo,
3413 3695 3592 3764 inquit,
3622 3692 3696 3761 qui
3722 3689 3806 3760 jam

2303 3786 2628 3840 reformatur
2679 3794 2735 3838 et
2762 3794 3056 3856 reparatur
3093 3787 3159 3839 ad
3198 3785 3486 3856 imaginem
3527 3784 3630 3848 Dei,
3680 3793 3808 3850 neque

2299 3890 2567 3946 terrenus,
2599 3895 2770 3948 neque
2800 3882 2852 3933 in
2881 3878 2981 3933 hoc
3009 3879 3204 3932 mundo
3241 3889 3346 3942 est,
3384 3879 3475 3934 sed
3505 3879 3553 3932 in
3574 3875 3701 3933 coalis
3715 3883 3808 3926 esse

2299 3973 2496 4026 dicitur
2552 3970 2893 4025 conversatio
2938 3970 3096 4038 ejus:
3130 3979 3186 4026 et
3239 3971 3362 4025 ideo
3403 3969 3672 4026 secundum
3715 3975 3806 4016 eum

2299 4064 2390 4134 qui
2431 4064 2607 4117 dicit:
2649 4061 2750 4116 Vas
2797 4072 2970 4116 autem
3030 4080 3134 4117 non
3179 4064 3301 4116 estis
3348 4070 3412 4117 de
3453 4063 3542 4116 hoc
3581 4052 3808 4121 mundo",

2301 4172 2446 4226 mors
2475 4156 2527 4209 in
2557 4171 2676 4210 eum
2724 4171 2828 4209 non
2857 4164 3034 4225 potest
3069 4155 3438 4223 pertransire;
3480 4171 3497 4204 ι
3528 4160 3578 4206 et
3613 4146 3805 4208 deinde:

2306 4265 2325 4297 ι
2349 4247 2498 4314 Quod
2531 4248 2572 4301 si
2601 4256 2876 4316 peccatum
2904 4257 2958 4301 et
2991 4261 3135 4301 mors
3160 4247 3212 4300 iu
3247 4247 3389 4300 lmuc
3418 4245 3649 4299 mundum
3678 4241 3808 4293 intro-

2300 4342 2413 4399 ivit.
2451 4353 2501 4396 et
2543 4341 2593 4394 in
2637 4341 2736 4394 hoc
2777 4341 2974 4396 mundo
2999 4341 3222 4406 habitat,
3257 4354 3459 4394 certum
3489 4350 3565 4393 est
3591 4337 3760 4390 alienos
3784 4345 3804 4382 a

2300 4446 2494 4499 morte,
2527 4444 2582 4489 et
2610 4451 2636 4487 a
2672 4444 2890 4504 peccato
2920 4449 3039 4489 esse
3065 4450 3180 4499 eos,
3207 4436 3297 4504 qui
3334 4449 3429 4503 per
3460 4431 3720 4492 Christum,
3747 4419 3805 4474 vel

2302 4542 2423 4581 cum
2456 4526 2676 4582 Christo
2711 4527 2902 4580 mortui
2934 4535 3059 4580 sunt
3088 4528 3210 4580 huic
3244 4528 3462 4591 mundo,
3502 4535 3550 4577 et
3584 4535 3689 4577 cum
3722 4519 3804 4583 ipso

615 4623 705 4691 ius
735 4624 920 4680 amnes
955 4626 1119 4682 fuisse
1151 4638 1302 4682 ηοιηι
1333 4629 1386 4683 in
1416 4628 1554 4684 mm,
1593 4639 1875 4698 sequente,
1916 4629 1970 4683 ίη
1994 4627 2190 4685 λενεηι,
2226 4611 2270 4666 Ι)
2302 4618 2640 4682 resuscitati,
2691 4634 2813 4671 cum
2859 4619 2974 4686 ipso
3040 4617 3202 4671 etiam
3245 4618 3296 4671 in
3333 4615 3626 4672 ccelestihus
3665 4607 3804 4698 sedare

624 4730 756 4769 xxtt.
797 4715 1064 4772 Palladius
1106 4735 1342 4788 quoque,
1376 4719 1852 4790 Ilelenopolitanus
1885 4723 2191 4791 cpiscopus,

618 4824 781 4879 quem
805 4809 1057 4879 Origcnis
1083 4811 1369 4881 disciplina
1404 4813 1666 4868 imbutmn
1695 4813 1860 4868 fuisse
1885 4824 2117 4879 constat,
2143 4816 2194 4870 in

623 4902 726 4956 hac
759 4899 1029 4964 ἀπαθείας
1068 4903 1256 4958 luet-esi
1311 4916 1556 4960 versatus
1582 4916 1695 4971 est;
1755 4922 1878 4978 nam
1921 4915 2054 4960 sect.
2099 4923 2196 4961 vm

625 4989 902 5045 Lausiacm
930 4990 1205 5054 Historiw,
1233 4994 1511 5050 Ammonis
1541 4995 1815 5066 ipsiusque
1848 4997 2033 5050 uxoris
2061 4999 2197 5051 scri-

621 5083 754 5138 bens
784 5085 970 5148 vitam,
1007 5085 1085 5138 sic
1119 5085 1234 5140 ait:
1265 5104 1283 5138 ι
1321 5085 1451 5140 Cum
1491 5088 1606 5142 ha-c
1637 5089 1715 5143 sic
1746 5087 1959 5150 tierent,
1992 5100 2045 5143 et
2079 5105 2200 5157 pcr-

620 5175 861 5232 venisset
907 5189 1132 5246 uterque
1182 5180 1247 5230 ad
1285 5176 1760 5245 impatibilitatem,
1797 5184 1902 5235 vim
1933 5193 1988 5237 et
2019 5181 2199 5236 eliica-

619 5267 762 5322 ciam
820 5271 1056 5325 habuere
1105 5287 1296 5340 preces
1340 5273 1649 5338 Ammonis;
1694 5294 1712 5325 ι
1747 5285 1801 5329 et
1841 5285 1974 5329 sect.
2010 5275 2097 5338 12,
2133 5276 2198 5329 de

621 5363 885 5445 Ammone
926 5380 1114 5436 agens,
1174 5365 1398 5435 ejusque
1457 5367 1732 5422 sororibus
1788 5385 1850 5423 ac
1914 5369 2198 5433 fratribus,

620 5474 758 5529 quos
803 5459 1021 5516 eosdem
1057 5476 1179 5516 esse
1226 5477 1442 5524 censeo,
1499 5463 1586 5532 qui
1629 5463 1824 5518 fratres
1853 5463 2020 5534 Longi
2069 5463 2197 5517 dicti

624 5559 769 5618 sunt,
825 5559 881 5606 et
918 5566 946 5604 a
978 5551 1277 5622 Theophila
1315 5554 1506 5618 Nitria,
1541 5564 1596 5610 et
1620 5553 1855 5626 )Egypto
1889 5554 2098 5625 expulsi
2132 5555 2198 5609 ad

624 5640 884 5701 JJannem
913 5643 1356 5716 Chrysostomum
1381 5647 1738 5720 confugerunt
1770 5647 1872 5703 :de
1913 5648 2197 5712 Ammone,

703 5827 748 5861 ⁸⁸
779 5826 919 5882 I’sal.
945 5843 1034 5895 xv,
1057 5829 1108 5884 7.
1187 5833 1230 5863 “
1284 5833 1421 5886 Psat.
1453 5847 1641 5898 Ωιι-ιιι,
1671 5835 1790 5886 loo.

1941 5833 2097 5886 rlom.
2123 5835 2341 5903 t'ttt,55.

2300 4719 2632 4772 meruerunt,
2665 4714 3129 4764 conversationem
3165 4726 3268 4764 non
3290 4711 3398 4780 jam
3428 4710 3476 4762 in
3515 4709 3604 4761 hoc
3635 4697 3802 4757 mundo.

2297 4802 2391 4857 sed
2416 4802 2466 4855 iu
2498 4802 2652 4857 caelis
2678 4802 2956 4858 habentes.
2990 4822 3007 4854 ι
3036 4802 3166 4857 Item
3196 4804 3314 4857 libri
3345 4802 3569 4870 ejusdem
3593 4811 3717 4851 num.
3739 4788 3800 4851 l0.

2298 4893 2398 4948 sub
2438 4895 2620 4958 ﬁnem,
2655 4909 2780 4965 pag.
2821 4893 2944 4954 568,
2985 4895 3098 4949 [nec
3129 4896 3396 4949 habentur
3431 4910 3447 4949 :
3487 4912 3505 4944 ι
3545 4890 3594 4944 Si
3620 4885 3736 4941 enim
3763 4880 3799 4933 in

2299 4992 2353 5048 id
2381 4996 2560 5045 anima
2598 4992 2950 5060 perfectionis
2992 4991 3318 5055 ascenderit,
3361 4999 3417 5044 ut
3443 5003 3503 5042 ex
3555 4995 3653 5039 toto
3681 4976 3800 5033 corde

2305 5097 2424 5143 suo,
2461 5093 2515 5135 et
2561 5098 2624 5135 ex
2674 5090 2783 5135 tota
2814 5081 2990 5134 anima
3027 5095 3149 5146 sua,
3189 5091 3242 5134 et
3269 5095 3332 5136 ex
3361 5079 3483 5135 totis
3521 5076 3698 5129 viribus
3721 5063 3801 5121 suis

2307 5175 2490 5243 diligat
2523 5174 2710 5236 Deum,
2741 5183 2794 5228 et
2824 5173 3130 5243 proximum
3155 5189 3308 5228 suum
3334 5185 3573 5240 tanquam
3598 5165 3799 5232 seipsum.

2307 5264 2396 5318 ubi
2428 5265 2530 5318 erit
2560 5264 2766 5334 peccati
2809 5264 3003 5318 locus?
3033 5283 3052 5316 ι
3081 5274 3243 5333 atque
3267 5264 3404 5318 hunc
3429 5263 3500 5316 ait
3523 5245 3802 5329 perfectionis

2307 5363 2530 5428 gradum
2567 5367 2874 5412 assecutum
2899 5356 3063 5412 fuisse
3089 5359 3421 5428 Apostolum,
3465 5369 3575 5407 cum
3597 5346 3800 5440 dicebat:

2310 5467 2330 5500 ι
2363 5448 2496 5516 Quis
2533 5464 2632 5502 nos
2671 5448 2943 5516 separabit
2990 5464 3018 5502 a
3059 5450 3323 5504 charitate
3367 5447 3474 5510 Dei,
3517 5458 3625 5514 qua:
3669 5443 3733 5489 est
3763 5443 3800 5481 In

2302 5544 2520 5601 Christo
2565 5542 2786 5599 Iesu”?
2819 5564 2837 5596 ι
2894 5555 3004 5598 tum
3049 5544 3381 5598 subnectitur
3426 5560 3438 5595 :
3479 5557 3498 5590 ι
3535 5535 3605 5590 Ex
3652 5525 3799 5622 quibus

2302 5637 2554 5692 omnibus
2589 5637 2870 5691 evidenter
2911 5633 3235 5697 ostenditur,
3282 5631 3402 5702 quia
3449 5629 3490 5683 si
3525 5627 3624 5682 ha‘c
3643 5621 3798 5673 omnia,

2421 5833 2466 5860 "‘
2495 5832 2650 5884 Joan.
2680 5843 2765 5894 xv,
2802 5830 2887 5883 19.
2963 5827 3006 5858 ⁸³
3032 5837 3187 5878 nom.
3223 5836 3338 5884 vut,
3362 5814 3445 5870 55.
