  <div class='ocr_page' id='page_1' title='image "/cluster/home/n/w/nwhite01/storage/ocr_20150623/17/mdp.39015031604831/484.png"; bbox 0 0 4054 6310; ppageno 0'>
   <div class='ocr_carea' id='block_1_1' title="bbox 238 381 342 437">
    <p class='ocr_par' dir='ltr' id='par_1_1' title="bbox 238 381 342 437">
     <span class='ocr_line' id='line_1_1' title="bbox 238 381 342 437; baseline -0.038 0"><span class='ocrx_word' id='word_1_1' title='bbox 238 381 342 437; x_wconf 83' lang='grc'><strong>957</strong></span> 
     </span>
    </p>
   </div>
   <div class='ocr_carea' id='block_1_2' title="bbox 1019 375 2641 447">
    <p class='ocr_par' dir='ltr' id='par_1_2' title="bbox 1019 375 2641 447">
     <span class='ocr_line' id='line_1_2' title="bbox 1019 375 2641 447; baseline 0.001 -11"><span class='ocrx_word' id='word_1_2' title='bbox 1019 377 1597 437; x_wconf 72' lang='lat' dir='ltr'><strong>ORIGENIANORUM</strong></span> <span class='ocrx_word' id='word_1_3' title='bbox 1636 375 1766 433; x_wconf 87' lang='lat' dir='ltr'><strong>LIB.</strong></span> <span class='ocrx_word' id='word_1_4' title='bbox 1807 376 1871 442; x_wconf 89' lang='lat' dir='ltr'><strong>ll,</strong></span> <span class='ocrx_word' id='word_1_5' title='bbox 1913 377 2066 434; x_wconf 87' lang='lat' dir='ltr'><strong>CAP.</strong></span> <span class='ocrx_word' id='word_1_6' title='bbox 2106 379 2173 445; x_wconf 89' lang='grc' dir='ltr'><strong>ΙΙ,</strong></span> <span class='ocrx_word' id='word_1_7' title='bbox 2213 379 2489 447; x_wconf 64' lang='grc' dir='ltr'>ρυιεδτ.</span> <span class='ocrx_word' id='word_1_8' title='bbox 2533 380 2641 438; x_wconf 72' lang='lat' dir='ltr'><strong>VII.</strong></span> 
     </span>
    </p>
   </div>
   <div class='ocr_carea' id='block_1_3' title="bbox 3370 388 3479 444">
    <p class='ocr_par' dir='ltr' id='par_1_3' title="bbox 3370 388 3479 444">
     <span class='ocr_line' id='line_1_3' title="bbox 3370 388 3479 444; baseline -0.009 0"><span class='ocrx_word' id='word_1_9' title='bbox 3370 388 3479 444; x_wconf 80' lang='lat'><strong>958</strong></span> 
     </span>
    </p>
   </div>
   <div class='ocr_carea' id='block_1_4' title="bbox 237 501 1819 581">
    <p class='ocr_par' dir='ltr' id='par_1_4' title="bbox 237 502 1810 575">
     <span class='ocr_line' id='line_1_4' title="bbox 237 502 1810 575; baseline -0.001 -19"><span class='ocrx_word' id='word_1_10' title='bbox 237 520 358 575; x_wconf 70' lang='lat' dir='ltr'><strong>qum</strong></span> <span class='ocrx_word' id='word_1_11' title='bbox 407 503 747 559; x_wconf 87' lang='lat' dir='ltr'><strong>enumeravit</strong></span> <span class='ocrx_word' id='word_1_12' title='bbox 784 502 1089 571; x_wconf 79' lang='lat' dir='ltr'><strong>Apostolus,</strong></span> <span class='ocrx_word' id='word_1_13' title='bbox 1136 518 1388 570; x_wconf 89' lang='lat' dir='ltr'><strong>separare</strong></span> <span class='ocrx_word' id='word_1_14' title='bbox 1428 517 1527 559; x_wconf 90' lang='lat' dir='ltr'><strong>nos</strong></span> <span class='ocrx_word' id='word_1_15' title='bbox 1556 518 1659 556; x_wconf 91' lang='lat' dir='ltr'><strong>non</strong></span> <span class='ocrx_word' id='word_1_16' title='bbox 1691 516 1810 571; x_wconf 84' lang='lat' dir='ltr'><strong>pos-</strong></span> 
     </span>
    </p>
   </div>
   <div class='ocr_carea' id='block_1_5' title="bbox 1906 501 3481 581">
    <p class='ocr_par' dir='ltr' id='par_1_5' title="bbox 1914 501 3481 581">
     <span class='ocr_line' id='line_1_5' title="bbox 1914 501 3481 581; baseline 0.007 -28"><span class='ocrx_word' id='word_1_17' title='bbox 1914 501 2032 555; x_wconf 83' lang='grc' dir='ltr'>θεία</span> <span class='ocrx_word' id='word_1_18' title='bbox 2082 504 2347 575; x_wconf 75' lang='grc' dir='ltr'>ἐπισκοπὴ</span> <span class='ocrx_word' id='word_1_19' title='bbox 2402 505 2493 557; x_wconf 76' lang='grc' dir='ltr'>ἐπὶ</span> <span class='ocrx_word' id='word_1_20' title='bbox 2529 505 2598 559; x_wconf 78' lang='grc' dir='ltr'>τὰ</span> <span class='ocrx_word' id='word_1_21' title='bbox 2648 506 2872 561; x_wconf 81' lang='grc' dir='ltr'>τοιαῦτα</span> <span class='ocrx_word' id='word_1_22' title='bbox 2920 508 3081 562; x_wconf 75' lang='grc' dir='ltr'>αὑτὸν</span> <span class='ocrx_word' id='word_1_23' title='bbox 3121 509 3300 579; x_wconf 72' lang='grc' dir='ltr'>ἀγειψ</span> <span class='ocrx_word' id='word_1_24' title='bbox 3336 510 3481 581; x_wconf 83' lang='grc' dir='ltr'><strong>λέγω</strong></span> 
     </span>
    </p>
   </div>
   <div class='ocr_carea' id='block_1_6' title="bbox 235 593 1814 662">
    <p class='ocr_par' dir='ltr' id='par_1_6' title="bbox 235 593 1814 662">
     <span class='ocr_line' id='line_1_6' title="bbox 235 593 1814 662; baseline -0.006 -10"><span class='ocrx_word' id='word_1_25' title='bbox 235 606 363 652; x_wconf 88' lang='lat' dir='ltr'><strong>sunt</strong></span> <span class='ocrx_word' id='word_1_26' title='bbox 392 613 419 650; x_wconf 87' lang='lat' dir='ltr'><strong>a</strong></span> <span class='ocrx_word' id='word_1_27' title='bbox 464 598 734 651; x_wconf 88' lang='lat' dir='ltr'><strong>charitatc</strong></span> <span class='ocrx_word' id='word_1_28' title='bbox 768 596 879 662; x_wconf 87' lang='lat' dir='ltr'><strong>Dei,</strong></span> <span class='ocrx_word' id='word_1_29' title='bbox 905 610 1027 649; x_wconf 91' lang='lat' dir='ltr'><strong>cum</strong></span> <span class='ocrx_word' id='word_1_30' title='bbox 1062 595 1113 647; x_wconf 91' lang='lat' dir='ltr'><strong>in</strong></span> <span class='ocrx_word' id='word_1_31' title='bbox 1144 594 1270 646; x_wconf 90' lang='lat' dir='ltr'><strong>illud</strong></span> <span class='ocrx_word' id='word_1_32' title='bbox 1297 593 1415 662; x_wconf 89' lang='lat' dir='ltr'><strong>quis</strong></span> <span class='ocrx_word' id='word_1_33' title='bbox 1442 593 1656 647; x_wconf 86' lang='lat' dir='ltr'><strong>culmen</strong></span> <span class='ocrx_word' id='word_1_34' title='bbox 1691 607 1814 661; x_wconf 92' lang='lat' dir='ltr'><strong>per-</strong></span> 
     </span>
    </p>
   </div>
   <div class='ocr_carea' id='block_1_7' title="bbox 234 683 1809 754">
    <p class='ocr_par' dir='ltr' id='par_1_7' title="bbox 234 683 1809 754">
     <span class='ocr_line' id='line_1_7' title="bbox 234 683 1809 754; baseline -0.004 -12"><span class='ocrx_word' id='word_1_35' title='bbox 234 690 489 743; x_wconf 76' lang='lat' dir='ltr'><strong>fectionis</strong></span> <span class='ocrx_word' id='word_1_36' title='bbox 542 688 866 751; x_wconf 87' lang='lat' dir='ltr'><strong>ascenderit,</strong></span> <span class='ocrx_word' id='word_1_37' title='bbox 920 685 1088 739; x_wconf 91' lang='lat' dir='ltr'><strong>multo</strong></span> <span class='ocrx_word' id='word_1_38' title='bbox 1130 685 1300 754; x_wconf 89' lang='lat' dir='ltr'><strong>magis</strong></span> <span class='ocrx_word' id='word_1_39' title='bbox 1331 686 1556 738; x_wconf 90' lang='lat' dir='ltr'><strong>libertas</strong></span> <span class='ocrx_word' id='word_1_40' title='bbox 1598 683 1809 736; x_wconf 72' lang='lat' dir='ltr'><strong>arbitrii</strong></span> 
     </span>
    </p>
   </div>
   <div class='ocr_carea' id='block_1_8' title="bbox 234 775 1810 850">
    <p class='ocr_par' dir='ltr' id='par_1_8' title="bbox 234 775 1810 850">
     <span class='ocr_line' id='line_1_8' title="bbox 234 775 1810 850; baseline -0.004 -15"><span class='ocrx_word' id='word_1_41' title='bbox 234 797 338 835; x_wconf 88' lang='lat' dir='ltr'><strong>nos</strong></span> <span class='ocrx_word' id='word_1_42' title='bbox 378 783 447 835; x_wconf 88' lang='lat' dir='ltr'><strong>ab</strong></span> <span class='ocrx_word' id='word_1_43' title='bbox 476 781 594 850; x_wconf 84' lang='lat' dir='ltr'><strong>ejus</strong></span> <span class='ocrx_word' id='word_1_44' title='bbox 630 779 898 832; x_wconf 88' lang='lat' dir='ltr'><strong>charitate</strong></span> <span class='ocrx_word' id='word_1_45' title='bbox 934 792 1189 844; x_wconf 87' lang='lat' dir='ltr'><strong>separare</strong></span> <span class='ocrx_word' id='word_1_46' title='bbox 1235 793 1339 830; x_wconf 90' lang='lat' dir='ltr'><strong>non</strong></span> <span class='ocrx_word' id='word_1_47' title='bbox 1387 776 1608 845; x_wconf 89' lang='lat' dir='ltr'><strong>poterit.</strong></span> <span class='ocrx_word' id='word_1_48' title='bbox 1648 794 1666 827; x_wconf 85' lang='grc'><strong>›</strong></span> <span class='ocrx_word' id='word_1_49' title='bbox 1710 775 1810 829; x_wconf 86' lang='lat' dir='ltr'><strong>Ve-</strong></span> 
     </span>
    </p>
   </div>
   <div class='ocr_carea' id='block_1_9' title="bbox 238 868 1810 939">
    <p class='ocr_par' dir='ltr' id='par_1_9' title="bbox 238 868 1810 939">
     <span class='ocr_line' id='line_1_9' title="bbox 238 868 1810 939; baseline -0.003 -14"><span class='ocrx_word' id='word_1_50' title='bbox 238 889 357 926; x_wconf 89' lang='lat' dir='ltr'><strong>rum</strong></span> <span class='ocrx_word' id='word_1_51' title='bbox 402 875 515 927; x_wconf 68' lang='lat' dir='ltr'><strong>haec</strong></span> <span class='ocrx_word' id='word_1_52' title='bbox 556 874 624 927; x_wconf 90' lang='lat' dir='ltr'><strong>ab</strong></span> <span class='ocrx_word' id='word_1_53' title='bbox 660 875 956 939; x_wconf 91' lang='lat' dir='ltr'><strong>interprete</strong></span> <span class='ocrx_word' id='word_1_54' title='bbox 990 869 1205 931; x_wconf 76' lang='lat' dir='ltr'><strong>Rufino,</strong></span> <span class='ocrx_word' id='word_1_55' title='bbox 1250 884 1411 936; x_wconf 84' lang='lat' dir='ltr'><strong>quem</strong></span> <span class='ocrx_word' id='word_1_56' title='bbox 1451 885 1478 921; x_wconf 87' lang='lat' dir='ltr'><strong>a</strong></span> <span class='ocrx_word' id='word_1_57' title='bbox 1522 868 1810 938; x_wconf 84' lang='lat' dir='ltr'><strong>Pelagiana</strong></span> 
     </span>
    </p>
   </div>
   <div class='ocr_carea' id='block_1_10' title="bbox 233 960 1810 1027">
    <p class='ocr_par' dir='ltr' id='par_1_10' title="bbox 233 960 1810 1027">
     <span class='ocr_line' id='line_1_10' title="bbox 233 960 1810 1027; baseline -0.002 -12"><span class='ocrx_word' id='word_1_58' title='bbox 233 961 511 1015; x_wconf 82' lang='lat' dir='ltr'><strong>fermento</strong></span> <span class='ocrx_word' id='word_1_59' title='bbox 541 963 640 1017; x_wconf 88' lang='lat' dir='ltr'><strong>sibi</strong></span> <span class='ocrx_word' id='word_1_60' title='bbox 677 963 809 1016; x_wconf 88' lang='lat' dir='ltr'><strong>satis</strong></span> <span class='ocrx_word' id='word_1_61' title='bbox 844 975 950 1013; x_wconf 89' lang='lat' dir='ltr'><strong>non</strong></span> <span class='ocrx_word' id='word_1_62' title='bbox 974 960 1186 1013; x_wconf 76' lang='lat' dir='ltr'><strong>cavisse</strong></span> <span class='ocrx_word' id='word_1_63' title='bbox 1227 973 1383 1012; x_wconf 83' lang='lat' dir='ltr'><strong>nemo</strong></span> <span class='ocrx_word' id='word_1_64' title='bbox 1409 963 1601 1022; x_wconf 73' lang='lat' dir='ltr'><strong>ncsrit,</strong></span> <span class='ocrx_word' id='word_1_65' title='bbox 1634 960 1810 1027; x_wconf 88' lang='lat' dir='ltr'><strong>inqui-</strong></span> 
     </span>
    </p>
   </div>
   <div class='ocr_carea' id='block_1_11' title="bbox 234 1049 1808 1119">
    <p class='ocr_par' dir='ltr' id='par_1_11' title="bbox 234 1049 1808 1119">
     <span class='ocr_line' id='line_1_11' title="bbox 234 1049 1808 1119; baseline -0.004 -12"><span class='ocrx_word' id='word_1_66' title='bbox 234 1062 362 1107; x_wconf 87' lang='lat' dir='ltr'><strong>nata</strong></span> <span class='ocrx_word' id='word_1_67' title='bbox 391 1051 560 1107; x_wconf 82' lang='lat' dir='ltr'><strong>fuisse</strong></span> <span class='ocrx_word' id='word_1_68' title='bbox 588 1067 877 1119; x_wconf 83' lang='lat' dir='ltr'><strong>possumus</strong></span> <span class='ocrx_word' id='word_1_69' title='bbox 905 1050 1194 1119; x_wconf 84' lang='lat' dir='ltr'><strong>suspicari.</strong></span> <span class='ocrx_word' id='word_1_70' title='bbox 1230 1049 1691 1114; x_wconf 76' lang='lat' dir='ltr'><strong>Quemadmodum</strong></span> <span class='ocrx_word' id='word_1_71' title='bbox 1716 1066 1808 1102; x_wconf 89' lang='lat' dir='ltr'><strong>au-</strong></span> 
     </span>
    </p>
   </div>
   <div class='ocr_carea' id='block_1_12' title="bbox 236 1141 1807 1214">
    <p class='ocr_par' dir='ltr' id='par_1_12' title="bbox 236 1141 1807 1214">
     <span class='ocr_line' id='line_1_12' title="bbox 236 1141 1807 1214; baseline -0.001 -17"><span class='ocrx_word' id='word_1_72' title='bbox 236 1157 349 1202; x_wconf 85' lang='lat' dir='ltr'><strong>tem</strong></span> <span class='ocrx_word' id='word_1_73' title='bbox 381 1144 691 1214; x_wconf 80' lang='lat' dir='ltr'><strong>reprehensi</strong></span> <span class='ocrx_word' id='word_1_74' title='bbox 718 1144 783 1197; x_wconf 91' lang='lat' dir='ltr'><strong>ab</strong></span> <span class='ocrx_word' id='word_1_75' title='bbox 809 1145 1139 1214; x_wconf 78' lang='lat' dir='ltr'><strong>Hieronymo</strong></span> <span class='ocrx_word' id='word_1_76' title='bbox 1161 1143 1365 1196; x_wconf 88' lang='lat' dir='ltr'><strong>erroris</strong></span> <span class='ocrx_word' id='word_1_77' title='bbox 1397 1141 1680 1208; x_wconf 82' lang='lat' dir='ltr'><strong>Origenem</strong></span> <span class='ocrx_word' id='word_1_78' title='bbox 1708 1141 1807 1195; x_wconf 91' lang='lat' dir='ltr'><strong>loci</strong></span> 
     </span>
    </p>
   </div>
   <div class='ocr_carea' id='block_1_13' title="bbox 233 1234 1810 1306">
    <p class='ocr_par' dir='ltr' id='par_1_13' title="bbox 233 1234 1810 1306">
     <span class='ocr_line' id='line_1_13' title="bbox 233 1234 1810 1306; baseline -0.004 -13"><span class='ocrx_word' id='word_1_79' title='bbox 233 1238 291 1293; x_wconf 88' lang='lat' dir='ltr'><strong>hi</strong></span> <span class='ocrx_word' id='word_1_80' title='bbox 339 1254 441 1293; x_wconf 91' lang='lat' dir='ltr'><strong>non</strong></span> <span class='ocrx_word' id='word_1_81' title='bbox 491 1239 622 1293; x_wconf 85' lang='lat' dir='ltr'><strong>satis</strong></span> <span class='ocrx_word' id='word_1_82' title='bbox 676 1238 879 1306; x_wconf 90' lang='lat' dir='ltr'><strong>liquido</strong></span> <span class='ocrx_word' id='word_1_83' title='bbox 927 1244 1248 1305; x_wconf 89' lang='lat' dir='ltr'><strong>coarguunt,</strong></span> <span class='ocrx_word' id='word_1_84' title='bbox 1308 1235 1381 1287; x_wconf 89' lang='lat' dir='ltr'><strong>ita</strong></span> <span class='ocrx_word' id='word_1_85' title='bbox 1439 1248 1609 1301; x_wconf 89' lang='lat' dir='ltr'><strong>neque</strong></span> <span class='ocrx_word' id='word_1_86' title='bbox 1668 1234 1810 1301; x_wconf 85' lang='lat' dir='ltr'><strong>satis</strong></span> 
     </span>
    </p>
   </div>
   <div class='ocr_carea' id='block_1_14' title="bbox 234 1324 1803 1400">
    <p class='ocr_par' dir='ltr' id='par_1_14' title="bbox 234 1324 1803 1400">
     <span class='ocr_line' id='line_1_14' title="bbox 234 1324 1803 1400; baseline -0.005 -16"><span class='ocrx_word' id='word_1_87' title='bbox 234 1343 428 1400; x_wconf 84' lang='lat' dir='ltr'><strong>purgat</strong></span> <span class='ocrx_word' id='word_1_88' title='bbox 460 1330 546 1385; x_wconf 86' lang='lat' dir='ltr'><strong>ille</strong></span> <span class='ocrx_word' id='word_1_89' title='bbox 567 1331 655 1398; x_wconf 85' lang='lat' dir='ltr'><strong>qui</strong></span> <span class='ocrx_word' id='word_1_90' title='bbox 688 1338 866 1383; x_wconf 83' lang='lat' dir='ltr'><strong>exstat</strong></span> <span class='ocrx_word' id='word_1_91' title='bbox 891 1338 1019 1383; x_wconf 87' lang='lat' dir='ltr'><strong>tom.</strong></span> <span class='ocrx_word' id='word_1_92' title='bbox 1054 1342 1149 1379; x_wconf 88' lang='lat' dir='ltr'><strong>xttt</strong></span> <span class='ocrx_word' id='word_1_93' title='bbox 1202 1327 1255 1379; x_wconf 82' lang='lat' dir='ltr'><strong>in</strong></span> <span class='ocrx_word' id='word_1_94' title='bbox 1280 1326 1493 1386; x_wconf 56' lang='lat' dir='ltr'><strong>Martia,</strong></span> <span class='ocrx_word' id='word_1_95' title='bbox 1526 1342 1669 1378; x_wconf 85' lang='lat' dir='ltr'><strong>lllllll.</strong></span> <span class='ocrx_word' id='word_1_96' title='bbox 1702 1324 1803 1377; x_wconf 78' lang='lat'><strong>25:</strong></span> 
     </span>
    </p>
   </div>
   <div class='ocr_carea' id='block_1_15' title="bbox 249 1416 1806 1491">
    <p class='ocr_par' dir='ltr' id='par_1_15' title="bbox 249 1416 1806 1491">
     <span class='ocr_line' id='line_1_15' title="bbox 249 1416 1806 1491; baseline -0.005 -15"><span class='ocrx_word' id='word_1_97' title='bbox 249 1423 584 1476; x_wconf 75' lang='grc' dir='ltr'>Ἀνὲνδεκτον</span> <span class='ocrx_word' id='word_1_98' title='bbox 635 1422 741 1491; x_wconf 86' lang='grc' dir='ltr'>γάρ</span> <span class='ocrx_word' id='word_1_99' title='bbox 792 1423 940 1473; x_wconf 77' lang='grc' dir='ltr'>ἐστιν</span> <span class='ocrx_word' id='word_1_100' title='bbox 990 1419 1271 1490; x_wconf 78' lang='grc' dir='ltr'>ἄνθρωπον</span> <span class='ocrx_word' id='word_1_101' title='bbox 1308 1417 1592 1489; x_wconf 80' lang='grc' dir='ltr'>εὑρεθῆναι</span> <span class='ocrx_word' id='word_1_102' title='bbox 1632 1416 1806 1487; x_wconf 89' lang='grc' dir='ltr'>πάντη</span> 
     </span>
    </p>
   </div>
   <div class='ocr_carea' id='block_1_16' title="bbox 232 1508 1808 1586">
    <p class='ocr_par' dir='ltr' id='par_1_16' title="bbox 232 1508 1808 1586">
     <span class='ocr_line' id='line_1_16' title="bbox 232 1508 1808 1586; baseline -0.004 -18"><span class='ocrx_word' id='word_1_103' title='bbox 232 1516 637 1586; x_wconf 80' lang='grc' dir='ltr'><strong>ἀναμάρτητον,</strong></span> <span class='ocrx_word' id='word_1_104' title='bbox 690 1515 783 1566; x_wconf 72' lang='grc' dir='ltr'><strong>καὶ</strong></span> <span class='ocrx_word' id='word_1_105' title='bbox 814 1514 982 1584; x_wconf 72' lang='grc' dir='ltr'>χωρὶς</span> <span class='ocrx_word' id='word_1_106' title='bbox 1021 1512 1292 1584; x_wconf 83' lang='grc' dir='ltr'>ἁμαρτίας</span> <span class='ocrx_word' id='word_1_107' title='bbox 1337 1508 1808 1580; x_wconf 81' lang='grc' dir='ltr'>άνειληφὸτατὴν</span> 
     </span>
    </p>
   </div>
   <div class='ocr_carea' id='block_1_17' title="bbox 232 1605 1809 1678">
    <p class='ocr_par' dir='ltr' id='par_1_17' title="bbox 232 1605 1809 1678">
     <span class='ocr_line' id='line_1_17' title="bbox 232 1605 1809 1678; baseline -0.004 -19"><span class='ocrx_word' id='word_1_108' title='bbox 232 1609 463 1678; x_wconf 86' lang='grc' dir='ltr'>ἀρετήν·</span> <span class='ocrx_word' id='word_1_109' title='bbox 502 1623 673 1676; x_wconf 89' lang='lat' dir='ltr'><strong>neque</strong></span> <span class='ocrx_word' id='word_1_110' title='bbox 706 1609 1037 1660; x_wconf 84' lang='lat' dir='ltr'><strong>sanctiornm</strong></span> <span class='ocrx_word' id='word_1_111' title='bbox 1078 1606 1164 1657; x_wconf 88' lang='lat' dir='ltr'><strong>illa</strong></span> <span class='ocrx_word' id='word_1_112' title='bbox 1202 1605 1633 1674; x_wconf 87' lang='lat' dir='ltr'><strong>patriarcharum</strong></span> <span class='ocrx_word' id='word_1_113' title='bbox 1676 1616 1809 1654; x_wconf 89' lang='lat' dir='ltr'><strong>enu-</strong></span> 
     </span>
    </p>
   </div>
   <div class='ocr_carea' id='block_1_18' title="bbox 236 1690 1804 1764">
    <p class='ocr_par' dir='ltr' id='par_1_18' title="bbox 236 1690 1804 1764">
     <span class='ocr_line' id='line_1_18' title="bbox 236 1690 1804 1764; baseline -0.004 -15"><span class='ocrx_word' id='word_1_114' title='bbox 236 1698 491 1754; x_wconf 85' lang='lat' dir='ltr'><strong>meratio.</strong></span> <span class='ocrx_word' id='word_1_115' title='bbox 524 1712 641 1764; x_wconf 77' lang='lat' dir='ltr'><strong>qua:</strong></span> <span class='ocrx_word' id='word_1_116' title='bbox 680 1706 762 1749; x_wconf 90' lang='lat' dir='ltr'><strong>est</strong></span> <span class='ocrx_word' id='word_1_117' title='bbox 803 1695 895 1749; x_wconf 90' lang='lat' dir='ltr'><strong>lib.</strong></span> <span class='ocrx_word' id='word_1_118' title='bbox 928 1711 957 1747; x_wconf 91' lang='lat' dir='ltr'><strong>v</strong></span> <span class='ocrx_word' id='word_1_119' title='bbox 987 1696 1038 1747; x_wconf 82' lang='lat' dir='ltr'><strong>in</strong></span> <span class='ocrx_word' id='word_1_120' title='bbox 1071 1692 1239 1762; x_wconf 79' lang='lat' dir='ltr'><strong>Epist.</strong></span> <span class='ocrx_word' id='word_1_121' title='bbox 1262 1694 1335 1745; x_wconf 83' lang='lat' dir='ltr'><strong>ad.</strong></span> <span class='ocrx_word' id='word_1_122' title='bbox 1369 1692 1542 1757; x_wconf 82' lang='lat' dir='ltr'><strong>Rom.,</strong></span> <span class='ocrx_word' id='word_1_123' title='bbox 1574 1706 1719 1744; x_wconf 90' lang='lat' dir='ltr'><strong>num.</strong></span> <span class='ocrx_word' id='word_1_124' title='bbox 1752 1690 1804 1755; x_wconf 89' lang='grc'><strong>1,</strong></span> 
     </span>
    </p>
   </div>
   <div class='ocr_carea' id='block_1_19' title="bbox 234 1781 1804 1858">
    <p class='ocr_par' dir='ltr' id='par_1_19' title="bbox 234 1781 1804 1858">
     <span class='ocr_line' id='line_1_19' title="bbox 234 1781 1804 1858; baseline -0.004 -17"><span class='ocrx_word' id='word_1_125' title='bbox 234 1804 359 1858; x_wconf 86' lang='lat' dir='ltr'><strong>pag.</strong></span> <span class='ocrx_word' id='word_1_126' title='bbox 380 1788 501 1850; x_wconf 71' lang='grc'><strong>547,</strong></span> <span class='ocrx_word' id='word_1_127' title='bbox 522 1803 749 1856; x_wconf 89' lang='lat' dir='ltr'><strong>quorum</strong></span> <span class='ocrx_word' id='word_1_128' title='bbox 779 1788 1049 1840; x_wconf 89' lang='lat' dir='ltr'><strong>neminem</strong></span> <span class='ocrx_word' id='word_1_129' title='bbox 1075 1793 1295 1853; x_wconf 88' lang='lat' dir='ltr'><strong>peccato</strong></span> <span class='ocrx_word' id='word_1_130' title='bbox 1315 1786 1605 1836; x_wconf 89' lang='lat' dir='ltr'><strong>immunem</strong></span> <span class='ocrx_word' id='word_1_131' title='bbox 1635 1781 1804 1835; x_wconf 86' lang='lat' dir='ltr'><strong>vixis-</strong></span> 
     </span>
    </p>
   </div>
   <div class='ocr_carea' id='block_1_20' title="bbox 234 1872 1809 1948">
    <p class='ocr_par' dir='ltr' id='par_1_20' title="bbox 234 1872 1809 1948">
     <span class='ocr_line' id='line_1_20' title="bbox 234 1872 1809 1948; baseline -0.006 -14"><span class='ocrx_word' id='word_1_132' title='bbox 234 1896 293 1934; x_wconf 96' lang='lat' dir='ltr'><strong>se</strong></span> <span class='ocrx_word' id='word_1_133' title='bbox 336 1881 554 1948; x_wconf 91' lang='lat' dir='ltr'><strong>probat;</strong></span> <span class='ocrx_word' id='word_1_134' title='bbox 585 1880 693 1947; x_wconf 81' lang='lat' dir='ltr'><strong>(cui</strong></span> <span class='ocrx_word' id='word_1_135' title='bbox 724 1876 1113 1931; x_wconf 89' lang='lat' dir='ltr'><strong>emnnerationi</strong></span> <span class='ocrx_word' id='word_1_136' title='bbox 1156 1876 1482 1929; x_wconf 88' lang='lat' dir='ltr'><strong>contrariam</strong></span> <span class='ocrx_word' id='word_1_137' title='bbox 1521 1889 1548 1927; x_wconf 90' lang='lat' dir='ltr'><strong>a</strong></span> <span class='ocrx_word' id='word_1_138' title='bbox 1590 1872 1809 1942; x_wconf 88' lang='lat' dir='ltr'><strong>Pelagio</strong></span> 
     </span>
    </p>
   </div>
   <div class='ocr_carea' id='block_1_21' title="bbox 234 1963 1806 2034">
    <p class='ocr_par' dir='ltr' id='par_1_21' title="bbox 234 1963 1806 2034">
     <span class='ocr_line' id='line_1_21' title="bbox 234 1963 1806 2034; baseline -0.004 -11"><span class='ocrx_word' id='word_1_139' title='bbox 234 1972 567 2032; x_wconf 74' lang='lat' dir='ltr'><strong>institutam,</strong></span> <span class='ocrx_word' id='word_1_140' title='bbox 600 1984 788 2022; x_wconf 88' lang='lat' dir='ltr'><strong>eorum</strong></span> <span class='ocrx_word' id='word_1_141' title='bbox 816 1968 1040 2031; x_wconf 88' lang='lat' dir='ltr'><strong>scilicet,</strong></span> <span class='ocrx_word' id='word_1_142' title='bbox 1081 1983 1099 2016; x_wconf 71' lang='grc' dir='ltr'><strong>ι</strong></span> <span class='ocrx_word' id='word_1_143' title='bbox 1132 1968 1220 2034; x_wconf 87' lang='lat' dir='ltr'><strong>qui</strong></span> <span class='ocrx_word' id='word_1_144' title='bbox 1250 1983 1352 2019; x_wconf 90' lang='lat' dir='ltr'><strong>non</strong></span> <span class='ocrx_word' id='word_1_145' title='bbox 1377 1963 1533 2018; x_wconf 89' lang='lat' dir='ltr'><strong>modo</strong></span> <span class='ocrx_word' id='word_1_146' title='bbox 1559 1979 1661 2017; x_wconf 93' lang='lat' dir='ltr'><strong>non</strong></span> <span class='ocrx_word' id='word_1_147' title='bbox 1688 1978 1806 2031; x_wconf 49' lang='lat' dir='ltr'><strong>pec:</strong></span> 
     </span>
    </p>
   </div>
   <div class='ocr_carea' id='block_1_22' title="bbox 232 2054 1805 2127">
    <p class='ocr_par' dir='ltr' id='par_1_22' title="bbox 232 2054 1805 2127">
     <span class='ocr_line' id='line_1_22' title="bbox 232 2054 1805 2127; baseline -0.006 -13"><span class='ocrx_word' id='word_1_148' title='bbox 232 2078 412 2125; x_wconf 79' lang='lat' dir='ltr'><strong>casse,</strong></span> <span class='ocrx_word' id='word_1_149' title='bbox 448 2062 541 2114; x_wconf 89' lang='lat' dir='ltr'><strong>sed</strong></span> <span class='ocrx_word' id='word_1_150' title='bbox 569 2061 731 2114; x_wconf 89' lang='lat' dir='ltr'><strong>etiam</strong></span> <span class='ocrx_word' id='word_1_151' title='bbox 756 2059 899 2127; x_wconf 88' lang='lat' dir='ltr'><strong>juste</strong></span> <span class='ocrx_word' id='word_1_152' title='bbox 924 2059 1125 2112; x_wconf 80' lang='lat' dir='ltr'><strong>vixisse</strong></span> <span class='ocrx_word' id='word_1_153' title='bbox 1159 2057 1482 2119; x_wconf 85' lang='lat' dir='ltr'><strong>referuntur,</strong></span> <span class='ocrx_word' id='word_1_154' title='bbox 1531 2073 1550 2106; x_wconf 86' lang='grc'><strong>›</strong></span> <span class='ocrx_word' id='word_1_155' title='bbox 1585 2054 1805 2108; x_wconf 81' lang='lat' dir='ltr'><strong>exhibet</strong></span> 
     </span>
    </p>
   </div>
   <div class='ocr_carea' id='block_1_23' title="bbox 232 2147 1808 2223">
    <p class='ocr_par' dir='ltr' id='par_1_23' title="bbox 232 2147 1808 2223">
     <span class='ocr_line' id='line_1_23' title="bbox 232 2147 1808 2223; baseline -0.004 -17"><span class='ocrx_word' id='word_1_156' title='bbox 232 2156 569 2223; x_wconf 74' lang='lat' dir='ltr'><strong>Augustinus</strong></span> <span class='ocrx_word' id='word_1_157' title='bbox 610 2153 661 2205; x_wconf 87' lang='lat' dir='ltr'><strong>in</strong></span> <span class='ocrx_word' id='word_1_158' title='bbox 695 2152 788 2204; x_wconf 92' lang='lat' dir='ltr'><strong>lib.</strong></span> <span class='ocrx_word' id='word_1_159' title='bbox 822 2150 897 2203; x_wconf 90' lang='lat' dir='ltr'><strong>De</strong></span> <span class='ocrx_word' id='word_1_160' title='bbox 924 2163 1111 2203; x_wconf 82' lang='lat' dir='ltr'><strong>natura</strong></span> <span class='ocrx_word' id='word_1_161' title='bbox 1147 2161 1192 2202; x_wconf 80' lang='lat' dir='ltr'><strong>et</strong></span> <span class='ocrx_word' id='word_1_162' title='bbox 1228 2150 1421 2218; x_wconf 84' lang='lat' dir='ltr'><strong>gratia,</strong></span> <span class='ocrx_word' id='word_1_163' title='bbox 1470 2163 1590 2216; x_wconf 85' lang='lat' dir='ltr'><strong>cap.</strong></span> <span class='ocrx_word' id='word_1_164' title='bbox 1621 2147 1712 2211; x_wconf 82' lang='lat'><strong>55,</strong></span> <span class='ocrx_word' id='word_1_165' title='bbox 1742 2147 1808 2200; x_wconf 87' lang='lat' dir='ltr'><strong>de</strong></span> 
     </span>
    </p>
   </div>
   <div class='ocr_carea' id='block_1_24' title="bbox 234 2238 1807 2312">
    <p class='ocr_par' dir='ltr' id='par_1_24' title="bbox 234 2238 1807 2312">
     <span class='ocr_line' id='line_1_24' title="bbox 234 2238 1807 2312; baseline -0.002 -17"><span class='ocrx_word' id='word_1_166' title='bbox 234 2261 340 2312; x_wconf 91' lang='lat' dir='ltr'><strong>qua</strong></span> <span class='ocrx_word' id='word_1_167' title='bbox 384 2242 587 2297; x_wconf 85' lang='lat' dir='ltr'><strong>consuli</strong></span> <span class='ocrx_word' id='word_1_168' title='bbox 634 2242 791 2295; x_wconf 83' lang='lat' dir='ltr'><strong>velim</strong></span> <span class='ocrx_word' id='word_1_169' title='bbox 838 2241 1032 2308; x_wconf 80' lang='lat' dir='ltr'><strong>Pelagii</strong></span> <span class='ocrx_word' id='word_1_170' title='bbox 1070 2240 1237 2308; x_wconf 89' lang='lat' dir='ltr'><strong>ipsius</strong></span> <span class='ocrx_word' id='word_1_171' title='bbox 1266 2239 1544 2309; x_wconf 81' lang='lat' dir='ltr'><strong>epistolam</strong></span> <span class='ocrx_word' id='word_1_172' title='bbox 1595 2238 1659 2291; x_wconf 89' lang='lat' dir='ltr'><strong>ad</strong></span> <span class='ocrx_word' id='word_1_173' title='bbox 1706 2238 1807 2292; x_wconf 88' lang='lat' dir='ltr'><strong>De-</strong></span> 
     </span>
    </p>
   </div>
   <div class='ocr_carea' id='block_1_25' title="bbox 236 2328 1800 2402">
    <p class='ocr_par' dir='ltr' id='par_1_25' title="bbox 236 2328 1800 2402">
     <span class='ocr_line' id='line_1_25' title="bbox 236 2328 1800 2402; baseline -0.002 -16"><span class='ocrx_word' id='word_1_174' title='bbox 236 2335 575 2394; x_wconf 88' lang='lat' dir='ltr'><strong>metriadem,</strong></span> <span class='ocrx_word' id='word_1_175' title='bbox 600 2342 653 2385; x_wconf 89' lang='lat' dir='ltr'><strong>et</strong></span> <span class='ocrx_word' id='word_1_176' title='bbox 689 2331 993 2402; x_wconf 86' lang='lat' dir='ltr'><strong>Hieronymi</strong></span> <span class='ocrx_word' id='word_1_177' title='bbox 1037 2331 1228 2383; x_wconf 83' lang='lat' dir='ltr'><strong>librum</strong></span> <span class='ocrx_word' id='word_1_178' title='bbox 1260 2346 1272 2382; x_wconf 94' lang='lat' dir='ltr'><strong>t</strong></span> <span class='ocrx_word' id='word_1_179' title='bbox 1304 2332 1421 2383; x_wconf 80' lang='lat' dir='ltr'><strong>adv.</strong></span> <span class='ocrx_word' id='word_1_180' title='bbox 1458 2328 1800 2400; x_wconf 67' lang='lat' dir='ltr'><strong>Pelagium);</strong></span> 
     </span>
    </p>
   </div>
   <div class='ocr_carea' id='block_1_26' title="bbox 234 2421 1805 2490">
    <p class='ocr_par' dir='ltr' id='par_1_26' title="bbox 234 2421 1805 2490">
     <span class='ocr_line' id='line_1_26' title="bbox 234 2421 1805 2490; baseline -0.001 -17"><span class='ocrx_word' id='word_1_181' title='bbox 234 2426 399 2476; x_wconf 86' lang='lat' dir='ltr'><strong>vitam</strong></span> <span class='ocrx_word' id='word_1_182' title='bbox 424 2425 573 2477; x_wconf 87' lang='lat' dir='ltr'><strong>enim</strong></span> <span class='ocrx_word' id='word_1_183' title='bbox 609 2423 676 2477; x_wconf 87' lang='lat' dir='ltr'><strong>ab</strong></span> <span class='ocrx_word' id='word_1_184' title='bbox 708 2425 1012 2477; x_wconf 87' lang='lat' dir='ltr'><strong>hominibus</strong></span> <span class='ocrx_word' id='word_1_185' title='bbox 1041 2424 1297 2490; x_wconf 82' lang='lat' dir='ltr'><strong>perfectis</strong></span> <span class='ocrx_word' id='word_1_186' title='bbox 1325 2433 1497 2476; x_wconf 87' lang='lat' dir='ltr'><strong>actam</strong></span> <span class='ocrx_word' id='word_1_187' title='bbox 1535 2421 1805 2490; x_wconf 87' lang='lat' dir='ltr'><strong>intelligit,</strong></span> 
     </span>
    </p>
   </div>
   <div class='ocr_carea' id='block_1_27' title="bbox 230 2512 1803 2581">
    <p class='ocr_par' dir='ltr' id='par_1_27' title="bbox 230 2512 1803 2581">
     <span class='ocr_line' id='line_1_27' title="bbox 230 2512 1803 2581; baseline 0 -16"><span class='ocrx_word' id='word_1_188' title='bbox 230 2522 518 2581; x_wconf 84' lang='lat' dir='ltr'><strong>antequam</strong></span> <span class='ocrx_word' id='word_1_189' title='bbox 556 2515 622 2566; x_wconf 90' lang='lat' dir='ltr'><strong>ad</strong></span> <span class='ocrx_word' id='word_1_190' title='bbox 654 2529 917 2567; x_wconf 86' lang='lat' dir='ltr'><strong>summam</strong></span> <span class='ocrx_word' id='word_1_191' title='bbox 945 2512 1328 2581; x_wconf 82' lang='lat' dir='ltr'><strong>perfectionem</strong></span> <span class='ocrx_word' id='word_1_192' title='bbox 1362 2514 1711 2581; x_wconf 83' lang='lat' dir='ltr'><strong>erepsissent.</strong></span> <span class='ocrx_word' id='word_1_193' title='bbox 1748 2512 1803 2565; x_wconf 84' lang='lat' dir='ltr'><strong>ld</strong></span> 
     </span>
    </p>
   </div>
   <div class='ocr_carea' id='block_1_28' title="bbox 230 2602 1803 2669">
    <p class='ocr_par' dir='ltr' id='par_1_28' title="bbox 230 2602 1803 2669">
     <span class='ocr_line' id='line_1_28' title="bbox 230 2602 1803 2669; baseline 0.004 -17"><span class='ocrx_word' id='word_1_194' title='bbox 230 2604 519 2657; x_wconf 68' lang='lat' dir='ltr'><strong>conﬁrmat</strong></span> <span class='ocrx_word' id='word_1_195' title='bbox 563 2603 700 2656; x_wconf 84' lang='lat' dir='ltr'><strong>alter</strong></span> <span class='ocrx_word' id='word_1_196' title='bbox 756 2604 845 2656; x_wconf 80' lang='lat' dir='ltr'><strong>ille</strong></span> <span class='ocrx_word' id='word_1_197' title='bbox 904 2605 1052 2657; x_wconf 87' lang='lat' dir='ltr'><strong>locus</strong></span> <span class='ocrx_word' id='word_1_198' title='bbox 1097 2620 1127 2657; x_wconf 91' lang='lat' dir='ltr'><strong>e</strong></span> <span class='ocrx_word' id='word_1_199' title='bbox 1178 2614 1306 2658; x_wconf 92' lang='lat' dir='ltr'><strong>tom.</strong></span> <span class='ocrx_word' id='word_1_200' title='bbox 1344 2620 1491 2657; x_wconf 81' lang='lat' dir='ltr'><strong>xxxn</strong></span> <span class='ocrx_word' id='word_1_201' title='bbox 1523 2606 1576 2655; x_wconf 83' lang='lat' dir='ltr'><strong>in</strong></span> <span class='ocrx_word' id='word_1_202' title='bbox 1614 2602 1803 2669; x_wconf 72' lang='lat' dir='ltr'><strong>10am,</strong></span> 
     </span>
    </p>
   </div>
   <div class='ocr_carea' id='block_1_29' title="bbox 233 2692 1804 2767">
    <p class='ocr_par' dir='ltr' id='par_1_29' title="bbox 233 2692 1804 2767">
     <span class='ocr_line' id='line_1_29' title="bbox 233 2692 1804 2767; baseline 0.001 -20"><span class='ocrx_word' id='word_1_203' title='bbox 233 2711 383 2747; x_wconf 87' lang='lat' dir='ltr'><strong>nmn.</strong></span> <span class='ocrx_word' id='word_1_204' title='bbox 412 2695 495 2758; x_wconf 67' lang='lat'><strong>12,</strong></span> <span class='ocrx_word' id='word_1_205' title='bbox 525 2710 647 2764; x_wconf 85' lang='lat' dir='ltr'><strong>pag.</strong></span> <span class='ocrx_word' id='word_1_206' title='bbox 679 2694 785 2749; x_wconf 74' lang='grc'><strong>456</strong></span> <span class='ocrx_word' id='word_1_207' title='bbox 817 2713 829 2748; x_wconf 94' lang='lat'><strong>:</strong></span> <span class='ocrx_word' id='word_1_208' title='bbox 881 2695 1215 2767; x_wconf 83' lang='grc' dir='ltr'>Ἐμέμνηντο</span> <span class='ocrx_word' id='word_1_209' title='bbox 1239 2696 1364 2767; x_wconf 81' lang='grc' dir='ltr'>γὰρ,</span> <span class='ocrx_word' id='word_1_210' title='bbox 1392 2692 1564 2767; x_wconf 77' lang='grc' dir='ltr'>οἶμαι,</span> <span class='ocrx_word' id='word_1_211' title='bbox 1596 2696 1804 2767; x_wconf 83' lang='grc' dir='ltr'>ἀνθρω-</span> 
     </span>
    </p>
   </div>
   <div class='ocr_carea' id='block_1_30' title="bbox 231 2789 1808 2862">
    <p class='ocr_par' dir='ltr' id='par_1_30' title="bbox 231 2789 1808 2862">
     <span class='ocr_line' id='line_1_30' title="bbox 231 2789 1808 2862; baseline 0.002 -21"><span class='ocrx_word' id='word_1_212' title='bbox 231 2807 323 2842; x_wconf 86' lang='grc' dir='ltr'><strong>ποι</strong></span> <span class='ocrx_word' id='word_1_213' title='bbox 355 2789 505 2852; x_wconf 78' lang='grc' dir='ltr'>ὄντες</span> <span class='ocrx_word' id='word_1_214' title='bbox 533 2790 613 2841; x_wconf 80' lang='grc' dir='ltr'><strong>ὃτι</strong></span> <span class='ocrx_word' id='word_1_215' title='bbox 644 2791 849 2860; x_wconf 85' lang='grc' dir='ltr'>τρεπτή</span> <span class='ocrx_word' id='word_1_216' title='bbox 876 2792 1021 2842; x_wconf 75' lang='grc' dir='ltr'>ἐστιν</span> <span class='ocrx_word' id='word_1_217' title='bbox 1049 2792 1081 2861; x_wconf 80' lang='grc' dir='ltr'>ἡ</span> <span class='ocrx_word' id='word_1_218' title='bbox 1108 2791 1424 2862; x_wconf 85' lang='grc' dir='ltr'>προαίρεσις</span> <span class='ocrx_word' id='word_1_219' title='bbox 1446 2789 1554 2842; x_wconf 83' lang='grc' dir='ltr'>τῶν</span> <span class='ocrx_word' id='word_1_220' title='bbox 1578 2790 1656 2843; x_wconf 74' lang='grc' dir='ltr'><strong>ἔτι</strong></span> <span class='ocrx_word' id='word_1_221' title='bbox 1682 2808 1808 2862; x_wconf 87' lang='grc' dir='ltr'>προ-</span> 
     </span>
    </p>
   </div>
   <div class='ocr_carea' id='block_1_31' title="bbox 231 2880 1806 2954">
    <p class='ocr_par' dir='ltr' id='par_1_31' title="bbox 231 2880 1806 2954">
     <span class='ocr_line' id='line_1_31' title="bbox 231 2880 1806 2954; baseline 0.003 -21"><span class='ocrx_word' id='word_1_222' title='bbox 231 2882 560 2944; x_wconf 81' lang='grc' dir='ltr'><strong>κοπτόντων,</strong></span> <span class='ocrx_word' id='word_1_223' title='bbox 612 2882 703 2934; x_wconf 75' lang='grc' dir='ltr'>καὶ</span> <span class='ocrx_word' id='word_1_224' title='bbox 750 2881 1103 2954; x_wconf 77' lang='grc' dir='ltr'>ἐπιδεχομένη</span> <span class='ocrx_word' id='word_1_225' title='bbox 1152 2884 1220 2936; x_wconf 89' lang='grc' dir='ltr'><strong>τά</strong></span> <span class='ocrx_word' id='word_1_226' title='bbox 1258 2883 1473 2937; x_wconf 77' lang='grc' dir='ltr'>ἐναντία</span> <span class='ocrx_word' id='word_1_227' title='bbox 1519 2883 1690 2937; x_wconf 86' lang='grc' dir='ltr'>θέλειν</span> <span class='ocrx_word' id='word_1_228' title='bbox 1725 2880 1806 2948; x_wconf 77' lang='grc' dir='ltr'><strong>οἷς</strong></span> 
     </span>
    </p>
   </div>
   <div class='ocr_carea' id='block_1_32' title="bbox 230 2972 1804 3045">
    <p class='ocr_par' dir='ltr' id='par_1_32' title="bbox 230 2972 1804 3045">
     <span class='ocr_line' id='line_1_32' title="bbox 230 2972 1804 3045; baseline 0.004 -21"><span class='ocrx_word' id='word_1_229' title='bbox 230 2973 494 3043; x_wconf 80' lang='grc' dir='ltr'>πρότερον</span> <span class='ocrx_word' id='word_1_230' title='bbox 528 2972 804 3045; x_wconf 82' lang='grc' dir='ltr'>προέθετο.</span> <span class='ocrx_word' id='word_1_231' title='bbox 867 2974 1169 3028; x_wconf 78' lang='lat' dir='ltr'><strong>Mutahilem</strong></span> <span class='ocrx_word' id='word_1_232' title='bbox 1201 2991 1321 3031; x_wconf 86' lang='lat' dir='ltr'><strong>esse</strong></span> <span class='ocrx_word' id='word_1_233' title='bbox 1375 2976 1449 3029; x_wconf 89' lang='lat' dir='ltr'><strong>ait</strong></span> <span class='ocrx_word' id='word_1_234' title='bbox 1494 2992 1677 3030; x_wconf 89' lang='lat' dir='ltr'><strong>eorum</strong></span> <span class='ocrx_word' id='word_1_235' title='bbox 1713 2992 1804 3031; x_wconf 89' lang='lat' dir='ltr'><strong>vo-</strong></span> 
     </span>
    </p>
   </div>
   <div class='ocr_carea' id='block_1_33' title="bbox 232 3067 1639 3135">
    <p class='ocr_par' dir='ltr' id='par_1_33' title="bbox 232 3067 1639 3135">
     <span class='ocr_line' id='line_1_33' title="bbox 232 3067 1639 3135; baseline 0.002 -16"><span class='ocrx_word' id='word_1_236' title='bbox 232 3067 498 3119; x_wconf 83' lang='lat' dir='ltr'><strong>luntatem</strong></span> <span class='ocrx_word' id='word_1_237' title='bbox 530 3068 619 3134; x_wconf 87' lang='lat' dir='ltr'><strong>qui</strong></span> <span class='ocrx_word' id='word_1_238' title='bbox 653 3067 956 3133; x_wconf 81' lang='lat' dir='ltr'><strong>proﬁciunt,</strong></span> <span class='ocrx_word' id='word_1_239' title='bbox 989 3082 1092 3120; x_wconf 93' lang='lat' dir='ltr'><strong>nou</strong></span> <span class='ocrx_word' id='word_1_240' title='bbox 1128 3068 1215 3135; x_wconf 95' lang='lat' dir='ltr'><strong>qui</strong></span> <span class='ocrx_word' id='word_1_241' title='bbox 1251 3069 1467 3135; x_wconf 80' lang='lat' dir='ltr'><strong>perfecti</strong></span> <span class='ocrx_word' id='word_1_242' title='bbox 1495 3078 1639 3123; x_wconf 90' lang='lat' dir='ltr'><strong>sunt.</strong></span> 
     </span>
    </p>
   </div>
   <div class='ocr_carea' id='block_1_34' title="bbox 302 3158 1801 3227">
    <p class='ocr_par' dir='ltr' id='par_1_34' title="bbox 302 3158 1801 3227">
     <span class='ocr_line' id='line_1_34' title="bbox 302 3158 1801 3227; baseline 0 -16"><span class='ocrx_word' id='word_1_243' title='bbox 302 3159 374 3211; x_wconf 87' lang='lat' dir='ltr'><strong>At</strong></span> <span class='ocrx_word' id='word_1_244' title='bbox 408 3160 494 3212; x_wconf 83' lang='lat' dir='ltr'><strong>vix</strong></span> <span class='ocrx_word' id='word_1_245' title='bbox 533 3158 694 3211; x_wconf 87' lang='lat' dir='ltr'><strong>ullam</strong></span> <span class='ocrx_word' id='word_1_246' title='bbox 740 3160 972 3211; x_wconf 81' lang='lat' dir='ltr'><strong>admittit</strong></span> <span class='ocrx_word' id='word_1_247' title='bbox 1005 3160 1436 3222; x_wconf 79' lang='lat' dir='ltr'><strong>excusationem,</strong></span> <span class='ocrx_word' id='word_1_248' title='bbox 1468 3160 1610 3227; x_wconf 88' lang='lat' dir='ltr'><strong>quod</strong></span> <span class='ocrx_word' id='word_1_249' title='bbox 1642 3160 1709 3213; x_wconf 90' lang='lat' dir='ltr'><strong>ab</strong></span> <span class='ocrx_word' id='word_1_250' title='bbox 1737 3174 1801 3213; x_wconf 89' lang='lat' dir='ltr'><strong>co</strong></span> 
     </span>
    </p>
   </div>
   <div class='ocr_carea' id='block_1_35' title="bbox 232 3250 1802 3319">
    <p class='ocr_par' dir='ltr' id='par_1_35' title="bbox 232 3250 1802 3319">
     <span class='ocr_line' id='line_1_35' title="bbox 232 3250 1802 3319; baseline 0.001 -14"><span class='ocrx_word' id='word_1_251' title='bbox 232 3252 491 3319; x_wconf 87' lang='lat' dir='ltr'><strong>scriptum</strong></span> <span class='ocrx_word' id='word_1_252' title='bbox 532 3259 615 3303; x_wconf 87' lang='lat' dir='ltr'><strong>est</strong></span> <span class='ocrx_word' id='word_1_253' title='bbox 651 3261 780 3304; x_wconf 87' lang='lat' dir='ltr'><strong>tom.</strong></span> <span class='ocrx_word' id='word_1_254' title='bbox 819 3267 892 3304; x_wconf 83' lang='lat' dir='ltr'><strong>xu</strong></span> <span class='ocrx_word' id='word_1_255' title='bbox 945 3252 1000 3305; x_wconf 79' lang='lat' dir='ltr'><strong>in</strong></span> <span class='ocrx_word' id='word_1_256' title='bbox 1041 3250 1230 3304; x_wconf 72' lang='lat' dir='ltr'><strong>Malui.</strong></span> <span class='ocrx_word' id='word_1_257' title='bbox 1264 3267 1412 3304; x_wconf 88' lang='lat' dir='ltr'><strong>unm.</strong></span> <span class='ocrx_word' id='word_1_258' title='bbox 1444 3251 1535 3315; x_wconf 73' lang='grc'><strong>25,</strong></span> <span class='ocrx_word' id='word_1_259' title='bbox 1575 3253 1661 3305; x_wconf 91' lang='lat' dir='ltr'><strong>uhi</strong></span> <span class='ocrx_word' id='word_1_260' title='bbox 1701 3253 1802 3307; x_wconf 87' lang='lat' dir='ltr'><strong>hoc</strong></span> 
     </span>
    </p>
   </div>
   <div class='ocr_carea' id='block_1_36' title="bbox 232 3341 1800 3411">
    <p class='ocr_par' dir='ltr' id='par_1_36' title="bbox 232 3341 1800 3411">
     <span class='ocr_line' id='line_1_36' title="bbox 232 3341 1800 3411; baseline -0.001 -13"><span class='ocrx_word' id='word_1_261' title='bbox 232 3344 432 3398; x_wconf 80' lang='lat' dir='ltr'><strong>Christi</strong></span> <span class='ocrx_word' id='word_1_262' title='bbox 476 3347 540 3395; x_wconf 89' lang='lat' dir='ltr'><strong>ad</strong></span> <span class='ocrx_word' id='word_1_263' title='bbox 579 3343 793 3396; x_wconf 87' lang='lat' dir='ltr'><strong>Petrttm</strong></span> <span class='ocrx_word' id='word_1_264' title='bbox 829 3358 1106 3411; x_wconf 83' lang='lat' dir='ltr'><strong>exponens</strong></span> <span class='ocrx_word' id='word_1_265' title='bbox 1155 3359 1169 3396; x_wconf 93' lang='lat'><strong>:</strong></span> <span class='ocrx_word' id='word_1_266' title='bbox 1230 3360 1249 3393; x_wconf 74' lang='grc' dir='ltr'><strong>ι</strong></span> <span class='ocrx_word' id='word_1_267' title='bbox 1300 3341 1619 3397; x_wconf 88' lang='lat' dir='ltr'><strong>Scaudalttm</strong></span> <span class='ocrx_word' id='word_1_268' title='bbox 1670 3344 1800 3397; x_wconf 89' lang='lat' dir='ltr'><strong>mihi</strong></span> 
     </span>
    </p>
   </div>
   <div class='ocr_carea' id='block_1_37' title="bbox 230 3431 1803 3502">
    <p class='ocr_par' dir='ltr' id='par_1_37' title="bbox 230 3431 1803 3502">
     <span class='ocr_line' id='line_1_37' title="bbox 230 3431 1803 3502; baseline 0.003 -21"><span class='ocrx_word' id='word_1_269' title='bbox 230 3449 292 3486; x_wconf 76' lang='lat' dir='ltr'><strong>rs</strong></span> <span class='ocrx_word' id='word_1_270' title='bbox 308 3434 375 3498; x_wconf 81' lang='grc'><strong>⁸⁸,</strong></span> <span class='ocrx_word' id='word_1_271' title='bbox 414 3452 433 3483; x_wconf 75' lang='grc' dir='ltr'><strong>ι</strong></span> <span class='ocrx_word' id='word_1_272' title='bbox 470 3433 665 3502; x_wconf 63' lang='lat' dir='ltr'><strong>quaerit</strong></span> <span class='ocrx_word' id='word_1_273' title='bbox 695 3434 963 3499; x_wconf 83' lang='lat' dir='ltr'><strong>quoiuodo</strong></span> <span class='ocrx_word' id='word_1_274' title='bbox 996 3442 1140 3485; x_wconf 90' lang='lat' dir='ltr'><strong>stare</strong></span> <span class='ocrx_word' id='word_1_275' title='bbox 1168 3431 1293 3484; x_wconf 90' lang='lat' dir='ltr'><strong>illud</strong></span> <span class='ocrx_word' id='word_1_276' title='bbox 1332 3433 1501 3500; x_wconf 91' lang='lat' dir='ltr'><strong>possit</strong></span> <span class='ocrx_word' id='word_1_277' title='bbox 1537 3448 1659 3485; x_wconf 92' lang='lat' dir='ltr'><strong>cum</strong></span> <span class='ocrx_word' id='word_1_278' title='bbox 1698 3433 1803 3486; x_wconf 90' lang='lat' dir='ltr'><strong>isto</strong></span> 
     </span>
    </p>
   </div>
   <div class='ocr_carea' id='block_1_38' title="bbox 232 3525 1800 3597">
    <p class='ocr_par' dir='ltr' id='par_1_38' title="bbox 232 3525 1800 3597">
     <span class='ocr_line' id='line_1_38' title="bbox 232 3525 1800 3597; baseline -0.001 -16"><span class='ocrx_word' id='word_1_279' title='bbox 232 3529 515 3597; x_wconf 70' lang='lat' dir='ltr'><strong>Propheta:</strong></span> <span class='ocrx_word' id='word_1_280' title='bbox 548 3545 561 3581; x_wconf 93' lang='lat'><strong>:</strong></span> <span class='ocrx_word' id='word_1_281' title='bbox 596 3546 613 3576; x_wconf 72' lang='grc' dir='ltr'><strong>ι</strong></span> <span class='ocrx_word' id='word_1_282' title='bbox 647 3527 751 3580; x_wconf 87' lang='lat' dir='ltr'><strong>Pax</strong></span> <span class='ocrx_word' id='word_1_283' title='bbox 798 3526 959 3578; x_wconf 82' lang='lat' dir='ltr'><strong>inulta</strong></span> <span class='ocrx_word' id='word_1_284' title='bbox 994 3525 1335 3595; x_wconf 80' lang='lat' dir='ltr'><strong>diligentibus</strong></span> <span class='ocrx_word' id='word_1_285' title='bbox 1370 3540 1561 3578; x_wconf 91' lang='lat' dir='ltr'><strong>nomen</strong></span> <span class='ocrx_word' id='word_1_286' title='bbox 1596 3525 1708 3589; x_wconf 89' lang='lat' dir='ltr'><strong>Dei,</strong></span> <span class='ocrx_word' id='word_1_287' title='bbox 1745 3534 1800 3579; x_wconf 89' lang='lat' dir='ltr'><strong>et</strong></span> 
     </span>
    </p>
   </div>
   <div class='ocr_carea' id='block_1_39' title="bbox 233 3614 1803 3684">
    <p class='ocr_par' dir='ltr' id='par_1_39' title="bbox 233 3614 1803 3684">
     <span class='ocr_line' id='line_1_39' title="bbox 233 3614 1803 3684; baseline -0.001 -15"><span class='ocrx_word' id='word_1_288' title='bbox 233 3634 339 3669; x_wconf 91' lang='lat' dir='ltr'><strong>non</strong></span> <span class='ocrx_word' id='word_1_289' title='bbox 365 3627 450 3671; x_wconf 91' lang='lat' dir='ltr'><strong>est</strong></span> <span class='ocrx_word' id='word_1_290' title='bbox 480 3617 581 3669; x_wconf 90' lang='lat' dir='ltr'><strong>illis</strong></span> <span class='ocrx_word' id='word_1_291' title='bbox 609 3618 920 3669; x_wconf 85' lang='lat' dir='ltr'><strong>scandalum</strong></span> <span class='ocrx_word' id='word_1_292' title='bbox 946 3616 1021 3674; x_wconf 74' lang='grc' dir='ltr'><strong>⁸⁷ς</strong></span> <span class='ocrx_word' id='word_1_293' title='bbox 1061 3635 1078 3666; x_wconf 76' lang='grc' dir='ltr'><strong><em>ι</em></strong></span> <span class='ocrx_word' id='word_1_294' title='bbox 1106 3627 1157 3667; x_wconf 90' lang='lat' dir='ltr'><strong>et</strong></span> <span class='ocrx_word' id='word_1_295' title='bbox 1181 3615 1282 3669; x_wconf 89' lang='lat' dir='ltr'><strong>isto</strong></span> <span class='ocrx_word' id='word_1_296' title='bbox 1302 3614 1540 3684; x_wconf 88' lang='lat' dir='ltr'><strong>Apostoli</strong></span> <span class='ocrx_word' id='word_1_297' title='bbox 1571 3633 1581 3667; x_wconf 96' lang='lat'><strong>:</strong></span> <span class='ocrx_word' id='word_1_298' title='bbox 1614 3633 1633 3665; x_wconf 76' lang='grc' dir='ltr'><strong>ι</strong></span> <span class='ocrx_word' id='word_1_299' title='bbox 1663 3614 1803 3669; x_wconf 87' lang='lat' dir='ltr'><strong>Cha-</strong></span> 
     </span>
    </p>
   </div>
   <div class='ocr_carea' id='block_1_40' title="bbox 234 3707 1799 3776">
    <p class='ocr_par' dir='ltr' id='par_1_40' title="bbox 234 3707 1799 3776">
     <span class='ocr_line' id='line_1_40' title="bbox 234 3707 1799 3776; baseline -0.002 -14"><span class='ocrx_word' id='word_1_300' title='bbox 234 3710 366 3763; x_wconf 86' lang='lat' dir='ltr'><strong>ritas</strong></span> <span class='ocrx_word' id='word_1_301' title='bbox 399 3724 669 3776; x_wconf 89' lang='lat' dir='ltr'><strong>nunquam</strong></span> <span class='ocrx_word' id='word_1_302' title='bbox 703 3708 962 3762; x_wconf 70' lang='lat' dir='ltr'><strong>excidit”</strong></span> <span class='ocrx_word' id='word_1_303' title='bbox 996 3723 1011 3760; x_wconf 88' lang='lat'><strong>:</strong></span> <span class='ocrx_word' id='word_1_304' title='bbox 1051 3727 1068 3757; x_wconf 74' lang='grc' dir='ltr'><strong>ι</strong></span> <span class='ocrx_word' id='word_1_305' title='bbox 1103 3709 1497 3775; x_wconf 77' lang='lat' dir='ltr'><strong>respondetque</strong></span> <span class='ocrx_word' id='word_1_306' title='bbox 1536 3724 1639 3760; x_wconf 88' lang='lat' dir='ltr'><strong>non</strong></span> <span class='ocrx_word' id='word_1_307' title='bbox 1673 3707 1799 3760; x_wconf 88' lang='lat' dir='ltr'><strong>Ser-</strong></span> 
     </span>
    </p>
   </div>
   <div class='ocr_carea' id='block_1_41' title="bbox 231 3796 1799 3866">
    <p class='ocr_par' dir='ltr' id='par_1_41' title="bbox 231 3796 1799 3866">
     <span class='ocr_line' id='line_1_41' title="bbox 231 3796 1799 3866; baseline -0.001 -16"><span class='ocrx_word' id='word_1_308' title='bbox 231 3812 473 3854; x_wconf 81' lang='lat' dir='ltr'><strong>vatorem</strong></span> <span class='ocrx_word' id='word_1_309' title='bbox 517 3802 697 3865; x_wconf 90' lang='lat' dir='ltr'><strong>modo,</strong></span> <span class='ocrx_word' id='word_1_310' title='bbox 733 3800 824 3852; x_wconf 89' lang='lat' dir='ltr'><strong>sed</strong></span> <span class='ocrx_word' id='word_1_311' title='bbox 864 3809 918 3852; x_wconf 89' lang='lat' dir='ltr'><strong>et</strong></span> <span class='ocrx_word' id='word_1_312' title='bbox 958 3813 1078 3852; x_wconf 92' lang='lat' dir='ltr'><strong>eum</strong></span> <span class='ocrx_word' id='word_1_313' title='bbox 1133 3797 1223 3864; x_wconf 92' lang='lat' dir='ltr'><strong>qui</strong></span> <span class='ocrx_word' id='word_1_314' title='bbox 1274 3796 1325 3850; x_wconf 88' lang='lat' dir='ltr'><strong>in</strong></span> <span class='ocrx_word' id='word_1_315' title='bbox 1372 3799 1637 3852; x_wconf 85' lang='lat' dir='ltr'><strong>charitatc</strong></span> <span class='ocrx_word' id='word_1_316' title='bbox 1675 3813 1799 3866; x_wconf 85' lang='lat' dir='ltr'><strong>per-</strong></span> 
     </span>
    </p>
   </div>
   <div class='ocr_carea' id='block_1_42' title="bbox 237 3887 1791 3961">
    <p class='ocr_par' dir='ltr' id='par_1_42' title="bbox 237 3887 1791 3961">
     <span class='ocr_line' id='line_1_42' title="bbox 237 3887 1791 3961; baseline -0.003 -17"><span class='ocrx_word' id='word_1_317' title='bbox 237 3890 781 3961; x_wconf 71' lang='lat' dir='ltr'><strong>fectinttetuatleptus</strong></span> <span class='ocrx_word' id='word_1_318' title='bbox 813 3898 914 3954; x_wconf 84' lang='lat' dir='ltr'><strong>est,</strong></span> <span class='ocrx_word' id='word_1_319' title='bbox 955 3888 1209 3943; x_wconf 88' lang='lat' dir='ltr'><strong>seandalo</strong></span> <span class='ocrx_word' id='word_1_320' title='bbox 1242 3887 1529 3941; x_wconf 84' lang='lat' dir='ltr'><strong>obnoxium</strong></span> <span class='ocrx_word' id='word_1_321' title='bbox 1578 3902 1679 3941; x_wconf 93' lang='lat' dir='ltr'><strong>nou</strong></span> <span class='ocrx_word' id='word_1_322' title='bbox 1709 3900 1791 3939; x_wconf 53' lang='lat' dir='ltr'><strong>es-</strong></span> 
     </span>
    </p>
   </div>
   <div class='ocr_carea' id='block_1_43' title="bbox 235 3979 1796 4050">
    <p class='ocr_par' dir='ltr' id='par_1_43' title="bbox 235 3979 1796 4050">
     <span class='ocr_line' id='line_1_43' title="bbox 235 3979 1796 4050; baseline -0.004 -12"><span class='ocrx_word' id='word_1_323' title='bbox 235 4001 329 4050; x_wconf 88' lang='lat' dir='ltr'><strong>se;</strong></span> <span class='ocrx_word' id='word_1_324' title='bbox 374 3985 466 4038; x_wconf 88' lang='lat' dir='ltr'><strong>sed</strong></span> <span class='ocrx_word' id='word_1_325' title='bbox 497 3998 618 4036; x_wconf 83' lang='lat' dir='ltr'><strong>eum</strong></span> <span class='ocrx_word' id='word_1_326' title='bbox 656 3992 831 4036; x_wconf 89' lang='lat' dir='ltr'><strong>tamen</strong></span> <span class='ocrx_word' id='word_1_327' title='bbox 863 3982 952 4050; x_wconf 92' lang='lat' dir='ltr'><strong>qui</strong></span> <span class='ocrx_word' id='word_1_328' title='bbox 988 3991 1193 4050; x_wconf 89' lang='lat' dir='ltr'><strong>peccat,</strong></span> <span class='ocrx_word' id='word_1_329' title='bbox 1227 3989 1483 4048; x_wconf 90' lang='lat' dir='ltr'><strong>quantum</strong></span> <span class='ocrx_word' id='word_1_330' title='bbox 1517 3979 1567 4031; x_wconf 92' lang='lat' dir='ltr'><strong>in</strong></span> <span class='ocrx_word' id='word_1_331' title='bbox 1600 3993 1659 4031; x_wconf 88' lang='lat' dir='ltr'><strong>se</strong></span> <span class='ocrx_word' id='word_1_332' title='bbox 1692 3990 1796 4044; x_wconf 89' lang='lat' dir='ltr'><strong>est,</strong></span> 
     </span>
    </p>
   </div>
   <div class='ocr_carea' id='block_1_44' title="bbox 235 4071 1799 4143">
    <p class='ocr_par' dir='ltr' id='par_1_44' title="bbox 235 4071 1799 4143">
     <span class='ocr_line' id='line_1_44' title="bbox 235 4071 1799 4143; baseline -0.003 -15"><span class='ocrx_word' id='word_1_333' title='bbox 235 4074 544 4128; x_wconf 84' lang='lat' dir='ltr'><strong>scandalum</strong></span> <span class='ocrx_word' id='word_1_334' title='bbox 595 4076 720 4128; x_wconf 91' lang='lat' dir='ltr'><strong>huic</strong></span> <span class='ocrx_word' id='word_1_335' title='bbox 756 4074 1010 4143; x_wconf 67' lang='lat' dir='ltr'><strong>praebere.</strong></span> <span class='ocrx_word' id='word_1_336' title='bbox 1054 4073 1373 4125; x_wconf 81' lang='lat' dir='ltr'><strong>Datnnosum</strong></span> <span class='ocrx_word' id='word_1_337' title='bbox 1422 4086 1547 4123; x_wconf 89' lang='lat' dir='ltr'><strong>vero</strong></span> <span class='ocrx_word' id='word_1_338' title='bbox 1589 4071 1799 4140; x_wconf 89' lang='lat' dir='ltr'><strong>penitus</strong></span> 
     </span>
    </p>
   </div>
   <div class='ocr_carea' id='block_1_45' title="bbox 233 4161 1793 4234">
    <p class='ocr_par' dir='ltr' id='par_1_45' title="bbox 233 4161 1793 4234">
     <span class='ocr_line' id='line_1_45' title="bbox 233 4161 1793 4234; baseline -0.003 -16"><span class='ocrx_word' id='word_1_339' title='bbox 233 4166 375 4220; x_wconf 91' lang='lat' dir='ltr'><strong>istud</strong></span> <span class='ocrx_word' id='word_1_340' title='bbox 401 4167 542 4234; x_wconf 88' lang='lat' dir='ltr'><strong>quod</strong></span> <span class='ocrx_word' id='word_1_341' title='bbox 569 4166 795 4219; x_wconf 86' lang='lat' dir='ltr'><strong>habetur</strong></span> <span class='ocrx_word' id='word_1_342' title='bbox 825 4166 1007 4217; x_wconf 71' lang='lat' dir='ltr'><strong>eodem</strong></span> <span class='ocrx_word' id='word_1_343' title='bbox 1044 4176 1206 4225; x_wconf 86' lang='lat' dir='ltr'><strong>tomo,</strong></span> <span class='ocrx_word' id='word_1_344' title='bbox 1238 4179 1383 4215; x_wconf 81' lang='lat' dir='ltr'><strong>ninu.</strong></span> <span class='ocrx_word' id='word_1_345' title='bbox 1409 4161 1460 4224; x_wconf 63' lang='grc' dir='ltr'>ὦ,</span> <span class='ocrx_word' id='word_1_346' title='bbox 1494 4177 1614 4229; x_wconf 82' lang='lat' dir='ltr'><strong>pag.</strong></span> <span class='ocrx_word' id='word_1_347' title='bbox 1653 4161 1755 4214; x_wconf 83' lang='grc'><strong>516</strong></span> <span class='ocrx_word' id='word_1_348' title='bbox 1780 4178 1793 4213; x_wconf 89' lang='lat'><strong>:</strong></span> 
     </span>
    </p>
   </div>
   <div class='ocr_carea' id='block_1_46' title="bbox 242 4252 1800 4328">
    <p class='ocr_par' dir='ltr' id='par_1_46' title="bbox 242 4252 1800 4328">
     <span class='ocr_line' id='line_1_46' title="bbox 242 4252 1800 4328; baseline -0.004 -16"><span class='ocrx_word' id='word_1_349' title='bbox 242 4258 301 4312; x_wconf 84' lang='lat'><strong>&#39;0</strong></span> <span class='ocrx_word' id='word_1_350' title='bbox 334 4253 425 4311; x_wconf 74' lang='grc' dir='ltr'><strong>οὖν</strong></span> <span class='ocrx_word' id='word_1_351' title='bbox 454 4257 853 4328; x_wconf 76' lang='grc' dir='ltr'><strong>ἀναμάρτητος,</strong></span> <span class='ocrx_word' id='word_1_352' title='bbox 890 4257 980 4308; x_wconf 75' lang='grc' dir='ltr'>καὶ</span> <span class='ocrx_word' id='word_1_353' title='bbox 1010 4255 1204 4325; x_wconf 77' lang='grc' dir='ltr'>μηκέτι</span> <span class='ocrx_word' id='word_1_354' title='bbox 1232 4254 1481 4324; x_wconf 85' lang='grc' dir='ltr'>δεόμενος</span> <span class='ocrx_word' id='word_1_355' title='bbox 1510 4252 1615 4306; x_wconf 82' lang='grc' dir='ltr'><strong>τῶν</strong></span> <span class='ocrx_word' id='word_1_356' title='bbox 1651 4270 1800 4323; x_wconf 84' lang='grc' dir='ltr'>νομι-</span> 
     </span>
    </p>
   </div>
   <div class='ocr_carea' id='block_1_47' title="bbox 229 4345 1797 4419">
    <p class='ocr_par' dir='ltr' id='par_1_47' title="bbox 229 4345 1797 4419">
     <span class='ocr_line' id='line_1_47' title="bbox 229 4345 1797 4419; baseline -0.005 -15"><span class='ocrx_word' id='word_1_357' title='bbox 229 4352 345 4405; x_wconf 82' lang='grc' dir='ltr'>κῶν</span> <span class='ocrx_word' id='word_1_358' title='bbox 393 4350 590 4403; x_wconf 81' lang='grc' dir='ltr'>θυσιῶν</span> <span class='ocrx_word' id='word_1_359' title='bbox 632 4348 973 4419; x_wconf 78' lang='grc' dir='ltr'>ὑπερϐέϐηκε</span> <span class='ocrx_word' id='word_1_360' title='bbox 1018 4346 1319 4409; x_wconf 72' lang='grc' dir='ltr'>τελειωθεὶς</span> <span class='ocrx_word' id='word_1_361' title='bbox 1378 4345 1516 4415; x_wconf 84' lang='grc' dir='ltr'>τάχα</span> <span class='ocrx_word' id='word_1_362' title='bbox 1569 4345 1661 4397; x_wconf 75' lang='grc' dir='ltr'><strong>καὶ</strong></span> <span class='ocrx_word' id='word_1_363' title='bbox 1706 4345 1797 4396; x_wconf 86' lang='grc' dir='ltr'><strong>τὸν</strong></span> 
     </span>
    </p>
   </div>
   <div class='ocr_carea' id='block_1_48' title="bbox 229 4420 1801 4511">
    <p class='ocr_par' dir='ltr' id='par_1_48' title="bbox 229 4434 1801 4511">
     <span class='ocr_line' id='line_1_48' title="bbox 229 4434 1801 4511; baseline -0.005 -16"><span class='ocrx_word' id='word_1_364' title='bbox 229 4440 599 4511; x_wconf 80' lang='grc' dir='ltr'>πνευματικὸν</span> <span class='ocrx_word' id='word_1_365' title='bbox 618 4440 798 4511; x_wconf 86' lang='grc' dir='ltr'>νόμον,</span> <span class='ocrx_word' id='word_1_366' title='bbox 824 4440 917 4492; x_wconf 73' lang='grc' dir='ltr'><strong>καὶ</strong></span> <span class='ocrx_word' id='word_1_367' title='bbox 938 4438 1156 4506; x_wconf 73' lang='grc' dir='ltr'>γέγονεν</span> <span class='ocrx_word' id='word_1_368' title='bbox 1185 4440 1248 4489; x_wconf 81' lang='grc' dir='ltr'><strong>ὲκ</strong></span> <span class='ocrx_word' id='word_1_369' title='bbox 1269 4435 1345 4505; x_wconf 79' lang='grc' dir='ltr'><strong>τῷ</strong></span> <span class='ocrx_word' id='word_1_370' title='bbox 1368 4436 1508 4504; x_wconf 84' lang='grc' dir='ltr'>ὑπὲρ</span> <span class='ocrx_word' id='word_1_371' title='bbox 1533 4435 1692 4488; x_wconf 79' lang='grc' dir='ltr'>αὐτὸν</span> <span class='ocrx_word' id='word_1_372' title='bbox 1723 4434 1801 4487; x_wconf 82' lang='grc' dir='ltr'><strong>νό-</strong></span> 
     </span>
    </p>
   </div>
   <div class='ocr_carea' id='block_1_49' title="bbox 1912 593 3480 673">
    <p class='ocr_par' dir='ltr' id='par_1_49' title="bbox 1912 593 3480 673">
     <span class='ocr_line' id='line_1_49' title="bbox 1912 593 3480 673; baseline 0.006 -28"><span class='ocrx_word' id='word_1_373' title='bbox 1912 593 1969 645; x_wconf 86' lang='grc' dir='ltr'><strong>δὲ</strong></span> <span class='ocrx_word' id='word_1_374' title='bbox 2005 594 2104 665; x_wconf 85' lang='grc' dir='ltr'><strong>τὴν</strong></span> <span class='ocrx_word' id='word_1_375' title='bbox 2153 595 2439 667; x_wconf 78' lang='grc' dir='ltr'>ἐπαινετὴν</span> <span class='ocrx_word' id='word_1_376' title='bbox 2485 598 2770 664; x_wconf 87' lang='grc' dir='ltr'>ἀπάθειαν,</span> <span class='ocrx_word' id='word_1_377' title='bbox 2823 600 2913 652; x_wconf 76' lang='grc' dir='ltr'><strong>καὶ</strong></span> <span class='ocrx_word' id='word_1_378' title='bbox 2962 602 3141 654; x_wconf 84' lang='grc' dir='ltr'>πᾶσαν</span> <span class='ocrx_word' id='word_1_379' title='bbox 3194 600 3292 672; x_wconf 80' lang='grc' dir='ltr'><strong>τὴν</strong></span> <span class='ocrx_word' id='word_1_380' title='bbox 3346 601 3480 673; x_wconf 86' lang='grc' dir='ltr'>ἀρε-</span> 
     </span>
    </p>
   </div>
   <div class='ocr_carea' id='block_1_50' title="bbox 1911 690 2028 758">
    <p class='ocr_par' dir='ltr' id='par_1_50' title="bbox 1911 690 2028 758">
     <span class='ocr_line' id='line_1_50' title="bbox 1911 690 2028 758; baseline -0.009 -18"><span class='ocrx_word' id='word_1_381' title='bbox 1911 690 2028 758; x_wconf 86' lang='grc' dir='ltr'>τήν.</span> 
     </span>
    </p>
   </div>
   <div class='ocr_carea' id='block_1_51' title="bbox 1985 777 3478 854">
    <p class='ocr_par' dir='ltr' id='par_1_51' title="bbox 1985 777 3478 854">
     <span class='ocr_line' id='line_1_51' title="bbox 1985 777 3478 854; baseline 0.005 -23"><span class='ocrx_word' id='word_1_382' title='bbox 1985 777 2121 832; x_wconf 80' lang='grc' dir='ltr'><strong>ΧΙΧ.</strong></span> <span class='ocrx_word' id='word_1_383' title='bbox 2153 779 2258 834; x_wconf 90' lang='lat' dir='ltr'><strong>Sed</strong></span> <span class='ocrx_word' id='word_1_384' title='bbox 2293 781 2557 849; x_wconf 10' lang='lat' dir='ltr'><strong>necrfugit</strong></span> <span class='ocrx_word' id='word_1_385' title='bbox 2598 780 2924 849; x_wconf 79' lang='lat' dir='ltr'><strong>diligentiam</strong></span> <span class='ocrx_word' id='word_1_386' title='bbox 2973 782 3206 851; x_wconf 91' lang='lat' dir='ltr'><strong>lprensis</strong></span> <span class='ocrx_word' id='word_1_387' title='bbox 3240 782 3478 854; x_wconf 88' lang='lat' dir='ltr'><strong>episcopi</strong></span> 
     </span>
    </p>
   </div>
   <div class='ocr_carea' id='block_1_52' title="bbox 1913 869 3477 943">
    <p class='ocr_par' dir='ltr' id='par_1_52' title="bbox 1913 869 3477 943">
     <span class='ocr_line' id='line_1_52' title="bbox 1913 869 3477 943; baseline 0.004 -22"><span class='ocrx_word' id='word_1_388' title='bbox 1913 869 2085 923; x_wconf 83' lang='lat' dir='ltr'><strong>isthoc</strong></span> <span class='ocrx_word' id='word_1_389' title='bbox 2129 871 2376 940; x_wconf 77' lang='lat' dir='ltr'><strong>Onigenis</strong></span> <span class='ocrx_word' id='word_1_390' title='bbox 2411 872 2819 926; x_wconf 88' lang='lat' dir='ltr'><strong>deliramentum</strong></span> <span class='ocrx_word' id='word_1_391' title='bbox 2857 874 2965 943; x_wconf 89' lang='lat' dir='ltr'><strong>jam</strong></span> <span class='ocrx_word' id='word_1_392' title='bbox 3011 886 3137 928; x_wconf 90' lang='lat' dir='ltr'><strong>ante</strong></span> <span class='ocrx_word' id='word_1_393' title='bbox 3168 885 3407 929; x_wconf 86' lang='lat' dir='ltr'><strong>notatum</strong></span> <span class='ocrx_word' id='word_1_394' title='bbox 3446 892 3477 928; x_wconf 86' lang='lat' dir='ltr'><strong>a</strong></span> 
     </span>
    </p>
   </div>
   <div class='ocr_carea' id='block_1_53' title="bbox 1914 961 3479 1035">
    <p class='ocr_par' dir='ltr' id='par_1_53' title="bbox 1914 961 3479 1035">
     <span class='ocr_line' id='line_1_53' title="bbox 1914 961 3479 1035; baseline 0.001 -20"><span class='ocrx_word' id='word_1_395' title='bbox 1914 961 2645 1033; x_wconf 81' lang='lat' dir='ltr'><strong>Magdeburgensibus,cent.</strong></span> <span class='ocrx_word' id='word_1_396' title='bbox 2684 982 2768 1028; x_wconf 83' lang='grc' dir='ltr'>ιιι,</span> <span class='ocrx_word' id='word_1_397' title='bbox 2803 982 2920 1035; x_wconf 88' lang='lat' dir='ltr'><strong>cap.</strong></span> <span class='ocrx_word' id='word_1_398' title='bbox 2952 967 3038 1030; x_wconf 86' lang='grc'>10,</span> <span class='ocrx_word' id='word_1_399' title='bbox 3066 968 3205 1035; x_wconf 88' lang='lat' dir='ltr'><strong>quod</strong></span> <span class='ocrx_word' id='word_1_400' title='bbox 3241 967 3479 1021; x_wconf 84' lang='lat' dir='ltr'><strong>luculen-</strong></span> 
     </span>
    </p>
   </div>
   <div class='ocr_carea' id='block_1_54' title="bbox 1913 1058 3478 1128">
    <p class='ocr_par' dir='ltr' id='par_1_54' title="bbox 1913 1058 3478 1128">
     <span class='ocr_line' id='line_1_54' title="bbox 1913 1058 3478 1128; baseline 0.003 -22"><span class='ocrx_word' id='word_1_401' title='bbox 1913 1064 1994 1107; x_wconf 92' lang='lat' dir='ltr'><strong>ter</strong></span> <span class='ocrx_word' id='word_1_402' title='bbox 2025 1058 2260 1126; x_wconf 81' lang='lat' dir='ltr'><strong>exagitat</strong></span> <span class='ocrx_word' id='word_1_403' title='bbox 2297 1068 2422 1112; x_wconf 91' lang='lat' dir='ltr'><strong>tom.</strong></span> <span class='ocrx_word' id='word_1_404' title='bbox 2447 1058 2488 1124; x_wconf 94' lang='lat' dir='ltr'><strong>l,</strong></span> <span class='ocrx_word' id='word_1_405' title='bbox 2521 1058 2611 1113; x_wconf 92' lang='lat' dir='ltr'><strong>lib.</strong></span> <span class='ocrx_word' id='word_1_406' title='bbox 2641 1075 2712 1127; x_wconf 85' lang='lat' dir='ltr'><strong>vt,</strong></span> <span class='ocrx_word' id='word_1_407' title='bbox 2745 1075 2864 1128; x_wconf 86' lang='lat' dir='ltr'><strong>cap.</strong></span> <span class='ocrx_word' id='word_1_408' title='bbox 2898 1059 2964 1113; x_wconf 69' lang='grc'><strong>12</strong></span> <span class='ocrx_word' id='word_1_409' title='bbox 2990 1070 3041 1113; x_wconf 90' lang='lat' dir='ltr'><strong>et</strong></span> <span class='ocrx_word' id='word_1_410' title='bbox 3075 1060 3160 1125; x_wconf 84' lang='grc'><strong>15,</strong></span> <span class='ocrx_word' id='word_1_411' title='bbox 3197 1071 3251 1113; x_wconf 89' lang='lat' dir='ltr'><strong>et</strong></span> <span class='ocrx_word' id='word_1_412' title='bbox 3289 1062 3478 1128; x_wconf 63' lang='lat' dir='ltr'><strong>praeei-</strong></span> 
     </span>
    </p>
   </div>
   <div class='ocr_carea' id='block_1_55' title="bbox 1910 1146 3480 1216">
    <p class='ocr_par' dir='ltr' id='par_1_55' title="bbox 1910 1146 3480 1216">
     <span class='ocr_line' id='line_1_55' title="bbox 1910 1146 3480 1216; baseline 0.005 -22"><span class='ocrx_word' id='word_1_413' title='bbox 1910 1161 2010 1211; x_wconf 89' lang='lat' dir='ltr'><strong>pue</strong></span> <span class='ocrx_word' id='word_1_414' title='bbox 2056 1146 2147 1198; x_wconf 88' lang='lat' dir='ltr'><strong>lib.</strong></span> <span class='ocrx_word' id='word_1_415' title='bbox 2185 1162 2234 1199; x_wconf 87' lang='lat' dir='ltr'><strong>tv</strong></span> <span class='ocrx_word' id='word_1_416' title='bbox 2280 1148 2406 1200; x_wconf 92' lang='lat' dir='ltr'><strong>tomi</strong></span> <span class='ocrx_word' id='word_1_417' title='bbox 2451 1146 2713 1214; x_wconf 86' lang='lat' dir='ltr'><strong>ejusdem,</strong></span> <span class='ocrx_word' id='word_1_418' title='bbox 2758 1164 2875 1216; x_wconf 90' lang='lat' dir='ltr'><strong>cap.</strong></span> <span class='ocrx_word' id='word_1_419' title='bbox 2912 1149 2997 1210; x_wconf 83' lang='grc'>19,</span> <span class='ocrx_word' id='word_1_420' title='bbox 3052 1150 3140 1201; x_wconf 90' lang='lat' dir='ltr'><strong>ubi</strong></span> <span class='ocrx_word' id='word_1_421' title='bbox 3173 1150 3308 1202; x_wconf 91' lang='lat' dir='ltr'><strong>hanc</strong></span> <span class='ocrx_word' id='word_1_422' title='bbox 3337 1148 3480 1203; x_wconf 71' lang='grc' dir='ltr'>ἀπάο</span> 
     </span>
    </p>
   </div>
   <div class='ocr_carea' id='block_1_56' title="bbox 1913 1235 3478 1310">
    <p class='ocr_par' dir='ltr' id='par_1_56' title="bbox 1913 1235 3478 1310">
     <span class='ocr_line' id='line_1_56' title="bbox 1913 1235 3478 1310; baseline 0.002 -22"><span class='ocrx_word' id='word_1_423' title='bbox 1913 1235 2063 1288; x_wconf 85' lang='grc' dir='ltr'>θειαν</span> <span class='ocrx_word' id='word_1_424' title='bbox 2110 1252 2138 1291; x_wconf 87' lang='lat' dir='ltr'><strong>e</strong></span> <span class='ocrx_word' id='word_1_425' title='bbox 2173 1236 2655 1307; x_wconf 79' lang='lat' dir='ltr'><strong>Pythagoreorum,</strong></span> <span class='ocrx_word' id='word_1_426' title='bbox 2689 1240 3019 1302; x_wconf 87' lang='lat' dir='ltr'><strong>Stoicorum,</strong></span> <span class='ocrx_word' id='word_1_427' title='bbox 3046 1239 3316 1307; x_wconf 78' lang='lat' dir='ltr'><strong>Diogenis,</strong></span> <span class='ocrx_word' id='word_1_428' title='bbox 3349 1239 3478 1310; x_wconf 84' lang='lat' dir='ltr'><strong>Pyr-</strong></span> 
     </span>
    </p>
   </div>
   <div class='ocr_carea' id='block_1_57' title="bbox 1914 1328 3479 1399">
    <p class='ocr_par' dir='ltr' id='par_1_57' title="bbox 1914 1328 3479 1399">
     <span class='ocr_line' id='line_1_57' title="bbox 1914 1328 3479 1399; baseline 0.003 -18"><span class='ocrx_word' id='word_1_429' title='bbox 1914 1328 2097 1381; x_wconf 85' lang='lat' dir='ltr'><strong>rhonis</strong></span> <span class='ocrx_word' id='word_1_430' title='bbox 2138 1329 2473 1397; x_wconf 91' lang='lat' dir='ltr'><strong>aliorumque</strong></span> <span class='ocrx_word' id='word_1_431' title='bbox 2514 1330 2954 1399; x_wconf 86' lang='lat' dir='ltr'><strong>philosophorum</strong></span> <span class='ocrx_word' id='word_1_432' title='bbox 2991 1332 3191 1384; x_wconf 80' lang='lat' dir='ltr'><strong>scholis</strong></span> <span class='ocrx_word' id='word_1_433' title='bbox 3230 1346 3479 1384; x_wconf 79' lang='lat' dir='ltr'><strong>manasse</strong></span> 
     </span>
    </p>
   </div>
   <div class='ocr_carea' id='block_1_58' title="bbox 1910 1421 3478 1488">
    <p class='ocr_par' dir='ltr' id='par_1_58' title="bbox 1910 1421 3478 1488">
     <span class='ocr_line' id='line_1_58' title="bbox 1910 1421 3478 1488; baseline 0.003 -17"><span class='ocrx_word' id='word_1_434' title='bbox 1910 1422 2262 1473; x_wconf 86' lang='lat' dir='ltr'><strong>demonstrat.</strong></span> <span class='ocrx_word' id='word_1_435' title='bbox 2313 1421 2365 1473; x_wconf 86' lang='lat' dir='ltr'><strong>in</strong></span> <span class='ocrx_word' id='word_1_436' title='bbox 2414 1436 2520 1488; x_wconf 91' lang='lat' dir='ltr'><strong>quo</strong></span> <span class='ocrx_word' id='word_1_437' title='bbox 2553 1422 2718 1474; x_wconf 91' lang='lat' dir='ltr'><strong>miror</strong></span> <span class='ocrx_word' id='word_1_438' title='bbox 2748 1421 2848 1475; x_wconf 90' lang='lat' dir='ltr'><strong>hoc</strong></span> <span class='ocrx_word' id='word_1_439' title='bbox 2878 1423 3144 1476; x_wconf 80' lang='lat' dir='ltr'><strong>excidisse</strong></span> <span class='ocrx_word' id='word_1_440' title='bbox 3179 1438 3191 1474; x_wconf 90' lang='lat'><strong>:</strong></span> <span class='ocrx_word' id='word_1_441' title='bbox 3229 1440 3247 1473; x_wconf 81' lang='grc' dir='ltr'><strong>ι</strong></span> <span class='ocrx_word' id='word_1_442' title='bbox 3296 1424 3478 1488; x_wconf 81' lang='lat' dir='ltr'><strong>Quan-</strong></span> 
     </span>
    </p>
   </div>
   <div class='ocr_carea' id='block_1_59' title="bbox 1909 1511 3479 1583">
    <p class='ocr_par' dir='ltr' id='par_1_59' title="bbox 1909 1511 3479 1583">
     <span class='ocr_line' id='line_1_59' title="bbox 1909 1511 3479 1583; baseline 0.003 -22"><span class='ocrx_word' id='word_1_443' title='bbox 1909 1526 2069 1579; x_wconf 86' lang='lat' dir='ltr'><strong>quam</strong></span> <span class='ocrx_word' id='word_1_444' title='bbox 2095 1527 2190 1564; x_wconf 89' lang='lat' dir='ltr'><strong>nec</strong></span> <span class='ocrx_word' id='word_1_445' title='bbox 2216 1511 2473 1579; x_wconf 85' lang='lat' dir='ltr'><strong>Origenes</strong></span> <span class='ocrx_word' id='word_1_446' title='bbox 2503 1513 2660 1583; x_wconf 86' lang='lat' dir='ltr'><strong>hujus</strong></span> <span class='ocrx_word' id='word_1_447' title='bbox 2686 1512 3128 1582; x_wconf 82' lang='lat' dir='ltr'><strong>impassibilitalis</strong></span> <span class='ocrx_word' id='word_1_448' title='bbox 3153 1514 3355 1581; x_wconf 86' lang='lat' dir='ltr'><strong>primus</strong></span> <span class='ocrx_word' id='word_1_449' title='bbox 3382 1528 3479 1566; x_wconf 86' lang='lat' dir='ltr'><strong>au-</strong></span> 
     </span>
    </p>
   </div>
   <div class='ocr_carea' id='block_1_60' title="bbox 1909 1602 3475 1659">
    <p class='ocr_par' dir='ltr' id='par_1_60' title="bbox 1909 1602 3475 1659">
     <span class='ocr_line' id='line_1_60' title="bbox 1909 1602 3475 1659; baseline 0.001 -4"><span class='ocrx_word' id='word_1_450' title='bbox 1909 1611 2024 1655; x_wconf 87' lang='lat' dir='ltr'><strong>ctor</strong></span> <span class='ocrx_word' id='word_1_451' title='bbox 2053 1602 2170 1657; x_wconf 82' lang='lat' dir='ltr'><strong>fuit.</strong></span> <span class='ocrx_word' id='word_1_452' title='bbox 2220 1603 2353 1657; x_wconf 86' lang='lat' dir='ltr'><strong>Nam</strong></span> <span class='ocrx_word' id='word_1_453' title='bbox 2409 1615 2465 1657; x_wconf 93' lang='lat' dir='ltr'><strong>ut</strong></span> <span class='ocrx_word' id='word_1_454' title='bbox 2507 1604 2638 1658; x_wconf 92' lang='lat' dir='ltr'><strong>nihil</strong></span> <span class='ocrx_word' id='word_1_455' title='bbox 2669 1606 2734 1658; x_wconf 89' lang='lat' dir='ltr'><strong>de</strong></span> <span class='ocrx_word' id='word_1_456' title='bbox 2772 1604 3065 1659; x_wconf 59' lang='lat' dir='ltr'><strong>Manichato</strong></span> <span class='ocrx_word' id='word_1_457' title='bbox 3092 1605 3475 1659; x_wconf 89' lang='lat' dir='ltr'><strong>dicam.........</strong></span> 
     </span>
    </p>
   </div>
   <div class='ocr_carea' id='block_1_61' title="bbox 1902 1694 3475 1764">
    <p class='ocr_par' dir='ltr' id='par_1_61' title="bbox 1902 1694 3475 1764">
     <span class='ocr_line' id='line_1_61' title="bbox 1902 1694 3475 1764; baseline 0.003 -19"><span class='ocrx_word' id='word_1_458' title='bbox 1902 1694 2015 1763; x_wconf 86' lang='lat' dir='ltr'><strong>jam</strong></span> <span class='ocrx_word' id='word_1_459' title='bbox 2046 1696 2173 1748; x_wconf 89' lang='lat' dir='ltr'><strong>olim</strong></span> <span class='ocrx_word' id='word_1_460' title='bbox 2209 1695 2375 1748; x_wconf 90' lang='lat' dir='ltr'><strong>Stoici</strong></span> <span class='ocrx_word' id='word_1_461' title='bbox 2403 1704 2660 1764; x_wconf 89' lang='lat' dir='ltr'><strong>putautttr</strong></span> <span class='ocrx_word' id='word_1_462' title='bbox 2693 1696 2859 1750; x_wconf 78' lang='lat' dir='ltr'><strong>fuisse</strong></span> <span class='ocrx_word' id='word_1_463' title='bbox 2908 1696 3049 1749; x_wconf 88' lang='lat' dir='ltr'><strong>illius</strong></span> <span class='ocrx_word' id='word_1_464' title='bbox 3074 1694 3341 1758; x_wconf 82' lang='grc' dir='ltr'>ἀπαθείας</span> <span class='ocrx_word' id='word_1_465' title='bbox 3376 1710 3475 1749; x_wconf 90' lang='lat' dir='ltr'><strong>au-</strong></span> 
     </span>
    </p>
   </div>
   <div class='ocr_carea' id='block_1_62' title="bbox 1908 1785 3476 1855">
    <p class='ocr_par' dir='ltr' id='par_1_62' title="bbox 1908 1785 3476 1855">
     <span class='ocr_line' id='line_1_62' title="bbox 1908 1785 3476 1855; baseline 0.002 -18"><span class='ocrx_word' id='word_1_466' title='bbox 1908 1797 2106 1838; x_wconf 78' lang='lat' dir='ltr'><strong>Ctores.</strong></span> <span class='ocrx_word' id='word_1_467' title='bbox 2142 1805 2164 1839; x_wconf 86' lang='grc'><em>›</em></span> <span class='ocrx_word' id='word_1_468' title='bbox 2199 1786 2360 1850; x_wconf 86' lang='lat' dir='ltr'><strong>Quasi</strong></span> <span class='ocrx_word' id='word_1_469' title='bbox 2383 1785 2667 1855; x_wconf 87' lang='lat' dir='ltr'><strong>Origenem</strong></span> <span class='ocrx_word' id='word_1_470' title='bbox 2699 1786 3024 1840; x_wconf 63' lang='lat' dir='ltr'><strong>Manichazus</strong></span> <span class='ocrx_word' id='word_1_471' title='bbox 3060 1796 3297 1855; x_wconf 86' lang='lat' dir='ltr'><strong>tempore</strong></span> <span class='ocrx_word' id='word_1_472' title='bbox 3334 1800 3476 1855; x_wconf 77' lang='lat' dir='ltr'><strong>prte-</strong></span> 
     </span>
    </p>
   </div>
   <div class='ocr_carea' id='block_1_63' title="bbox 1907 1875 3477 1945">
    <p class='ocr_par' dir='ltr' id='par_1_63' title="bbox 1907 1875 3477 1945">
     <span class='ocr_line' id='line_1_63' title="bbox 1907 1875 3477 1945; baseline 0.001 -18"><span class='ocrx_word' id='word_1_473' title='bbox 1907 1877 2167 1940; x_wconf 87' lang='lat' dir='ltr'><strong>cesserit,</strong></span> <span class='ocrx_word' id='word_1_474' title='bbox 2224 1892 2381 1943; x_wconf 84' lang='lat' dir='ltr'><strong>quem</strong></span> <span class='ocrx_word' id='word_1_475' title='bbox 2441 1887 2644 1930; x_wconf 87' lang='lat' dir='ltr'><strong>certum</strong></span> <span class='ocrx_word' id='word_1_476' title='bbox 2696 1885 2780 1930; x_wconf 92' lang='lat' dir='ltr'><strong>est</strong></span> <span class='ocrx_word' id='word_1_477' title='bbox 2830 1878 2985 1931; x_wconf 88' lang='lat' dir='ltr'><strong>annis</strong></span> <span class='ocrx_word' id='word_1_478' title='bbox 3046 1886 3169 1945; x_wconf 90' lang='lat' dir='ltr'><strong>post</strong></span> <span class='ocrx_word' id='word_1_479' title='bbox 3228 1875 3477 1945; x_wconf 86' lang='lat' dir='ltr'><strong>Origenis</strong></span> 
     </span>
    </p>
   </div>
   <div class='ocr_carea' id='block_1_64' title="bbox 1905 1967 3476 2037">
    <p class='ocr_par' dir='ltr' id='par_1_64' title="bbox 1905 1967 3476 2037">
     <span class='ocr_line' id='line_1_64' title="bbox 1905 1967 3476 2037; baseline 0.001 -17"><span class='ocrx_word' id='word_1_480' title='bbox 1905 1967 2108 2020; x_wconf 91' lang='lat' dir='ltr'><strong>obitum</strong></span> <span class='ocrx_word' id='word_1_481' title='bbox 2142 1968 2363 2021; x_wconf 76' lang='lat' dir='ltr'><strong>circiter</strong></span> <span class='ocrx_word' id='word_1_482' title='bbox 2393 1968 2582 2037; x_wconf 84' lang='lat' dir='ltr'><strong>viginti</strong></span> <span class='ocrx_word' id='word_1_483' title='bbox 2627 1977 2681 2023; x_wconf 90' lang='lat' dir='ltr'><strong>et</strong></span> <span class='ocrx_word' id='word_1_484' title='bbox 2731 1984 2836 2021; x_wconf 93' lang='lat' dir='ltr'><strong>uno</strong></span> <span class='ocrx_word' id='word_1_485' title='bbox 2884 1969 3127 2023; x_wconf 69' lang='lat' dir='ltr'><strong>haeresim</strong></span> <span class='ocrx_word' id='word_1_486' title='bbox 3159 1983 3309 2023; x_wconf 87' lang='lat' dir='ltr'><strong>suam</strong></span> <span class='ocrx_word' id='word_1_487' title='bbox 3353 1982 3476 2037; x_wconf 83' lang='lat' dir='ltr'><strong>pro-</strong></span> 
     </span>
    </p>
   </div>
   <div class='ocr_carea' id='block_1_65' title="bbox 1909 2059 3473 2129">
    <p class='ocr_par' dir='ltr' id='par_1_65' title="bbox 1909 2059 3473 2129">
     <span class='ocr_line' id='line_1_65' title="bbox 1909 2059 3473 2129; baseline 0 -16"><span class='ocrx_word' id='word_1_488' title='bbox 1909 2060 2195 2129; x_wconf 82' lang='lat' dir='ltr'><strong>mulgasse.</strong></span> <span class='ocrx_word' id='word_1_489' title='bbox 2231 2059 2365 2112; x_wconf 91' lang='lat' dir='ltr'><strong>Tum</strong></span> <span class='ocrx_word' id='word_1_490' title='bbox 2412 2061 2514 2114; x_wconf 80' lang='lat' dir='ltr'><strong>hoe</strong></span> <span class='ocrx_word' id='word_1_491' title='bbox 2543 2060 2681 2126; x_wconf 92' lang='lat' dir='ltr'><strong>loco,</strong></span> <span class='ocrx_word' id='word_1_492' title='bbox 2737 2069 2792 2112; x_wconf 90' lang='lat' dir='ltr'><strong>et</strong></span> <span class='ocrx_word' id='word_1_493' title='bbox 2832 2059 2923 2113; x_wconf 91' lang='lat' dir='ltr'><strong>lib.</strong></span> <span class='ocrx_word' id='word_1_494' title='bbox 2968 2074 3042 2127; x_wconf 80' lang='lat' dir='ltr'><strong>vr,</strong></span> <span class='ocrx_word' id='word_1_495' title='bbox 3093 2074 3211 2127; x_wconf 88' lang='lat' dir='ltr'><strong>cap.</strong></span> <span class='ocrx_word' id='word_1_496' title='bbox 3246 2059 3313 2113; x_wconf 71' lang='lat' dir='ltr'><strong>l9.</strong></span> <span class='ocrx_word' id='word_1_497' title='bbox 3342 2059 3473 2114; x_wconf 91' lang='lat' dir='ltr'><strong>tomi</strong></span> 
     </span>
    </p>
   </div>
   <div class='ocr_carea' id='block_1_66' title="bbox 1905 2151 3473 2220">
    <p class='ocr_par' dir='ltr' id='par_1_66' title="bbox 1905 2151 3473 2220">
     <span class='ocr_line' id='line_1_66' title="bbox 1905 2151 3473 2220; baseline -0.001 -12"><span class='ocrx_word' id='word_1_498' title='bbox 1905 2157 2173 2220; x_wconf 83' lang='lat' dir='ltr'><strong>ejusdem,</strong></span> <span class='ocrx_word' id='word_1_499' title='bbox 2237 2152 2658 2219; x_wconf 86' lang='lat' dir='ltr'><strong>Priscillianum,</strong></span> <span class='ocrx_word' id='word_1_500' title='bbox 2726 2151 3100 2216; x_wconf 81' lang='lat' dir='ltr'><strong>Maniclueum,</strong></span> <span class='ocrx_word' id='word_1_501' title='bbox 3163 2152 3473 2218; x_wconf 88' lang='lat' dir='ltr'><strong>Gnosticos,</strong></span> 
     </span>
    </p>
   </div>
   <div class='ocr_carea' id='block_1_67' title="bbox 1906 2243 3473 2317">
    <p class='ocr_par' dir='ltr' id='par_1_67' title="bbox 1906 2243 3473 2317">
     <span class='ocr_line' id='line_1_67' title="bbox 1906 2243 3473 2317; baseline -0.002 -16"><span class='ocrx_word' id='word_1_502' title='bbox 1906 2248 2190 2317; x_wconf 81' lang='lat' dir='ltr'><strong>Evagrinm</strong></span> <span class='ocrx_word' id='word_1_503' title='bbox 2252 2246 2690 2317; x_wconf 76' lang='lat' dir='ltr'><strong>Ilyperboritam,</strong></span> <span class='ocrx_word' id='word_1_504' title='bbox 2746 2243 3109 2309; x_wconf 84' lang='lat' dir='ltr'><strong>Jovinianum,</strong></span> <span class='ocrx_word' id='word_1_505' title='bbox 3174 2243 3473 2313; x_wconf 82' lang='lat' dir='ltr'><strong>Pelagium,</strong></span> 
     </span>
    </p>
   </div>
   <div class='ocr_carea' id='block_1_68' title="bbox 1908 2334 3477 2407">
    <p class='ocr_par' dir='ltr' id='par_1_68' title="bbox 1908 2334 3477 2407">
     <span class='ocr_line' id='line_1_68' title="bbox 1908 2334 3477 2407; baseline -0.001 -17"><span class='ocrx_word' id='word_1_506' title='bbox 1908 2338 2178 2406; x_wconf 90' lang='lat' dir='ltr'><strong>totiusque</strong></span> <span class='ocrx_word' id='word_1_507' title='bbox 2230 2351 2369 2402; x_wconf 78' lang='lat' dir='ltr'><strong>pene</strong></span> <span class='ocrx_word' id='word_1_508' title='bbox 2424 2336 2595 2407; x_wconf 74' lang='lat' dir='ltr'><strong>Syria:</strong></span> <span class='ocrx_word' id='word_1_509' title='bbox 2651 2335 2939 2389; x_wconf 81' lang='lat' dir='ltr'><strong>haereticos</strong></span> <span class='ocrx_word' id='word_1_510' title='bbox 2986 2334 3283 2389; x_wconf 87' lang='lat' dir='ltr'><strong>doctrinam</strong></span> <span class='ocrx_word' id='word_1_511' title='bbox 3338 2336 3477 2389; x_wconf 86' lang='lat' dir='ltr'><strong>hanc</strong></span> 
     </span>
    </p>
   </div>
   <div class='ocr_carea' id='block_1_69' title="bbox 1907 2426 3474 2499">
    <p class='ocr_par' dir='ltr' id='par_1_69' title="bbox 1907 2426 3474 2499">
     <span class='ocr_line' id='line_1_69' title="bbox 1907 2426 3474 2499; baseline -0.002 -16"><span class='ocrx_word' id='word_1_512' title='bbox 1907 2430 1973 2483; x_wconf 89' lang='lat' dir='ltr'><strong>ab</strong></span> <span class='ocrx_word' id='word_1_513' title='bbox 2020 2429 2250 2499; x_wconf 80' lang='lat' dir='ltr'><strong>Origene</strong></span> <span class='ocrx_word' id='word_1_514' title='bbox 2297 2429 2591 2497; x_wconf 88' lang='lat' dir='ltr'><strong>sumpsisse</strong></span> <span class='ocrx_word' id='word_1_515' title='bbox 2644 2437 2865 2481; x_wconf 90' lang='lat' dir='ltr'><strong>auctore</strong></span> <span class='ocrx_word' id='word_1_516' title='bbox 2919 2427 3075 2481; x_wconf 88' lang='lat' dir='ltr'><strong>docet</strong></span> <span class='ocrx_word' id='word_1_517' title='bbox 3113 2426 3474 2498; x_wconf 86' lang='lat' dir='ltr'><strong>Hieronymo;</strong></span> 
     </span>
    </p>
   </div>
   <div class='ocr_carea' id='block_1_70' title="bbox 1907 2517 3476 2594">
    <p class='ocr_par' dir='ltr' id='par_1_70' title="bbox 1907 2517 3476 2594">
     <span class='ocr_line' id='line_1_70' title="bbox 1907 2517 3476 2594; baseline -0.001 -20"><span class='ocrx_word' id='word_1_518' title='bbox 1907 2523 2155 2590; x_wconf 91' lang='lat' dir='ltr'><strong>interque</strong></span> <span class='ocrx_word' id='word_1_519' title='bbox 2189 2536 2284 2575; x_wconf 90' lang='lat' dir='ltr'><strong>eos</strong></span> <span class='ocrx_word' id='word_1_520' title='bbox 2314 2520 2603 2590; x_wconf 86' lang='lat' dir='ltr'><strong>Evagrium</strong></span> <span class='ocrx_word' id='word_1_521' title='bbox 2636 2519 2832 2573; x_wconf 86' lang='lat' dir='ltr'><strong>librum</strong></span> <span class='ocrx_word' id='word_1_522' title='bbox 2871 2519 3105 2575; x_wconf 87' lang='lat' dir='ltr'><strong>edidisse</strong></span> <span class='ocrx_word' id='word_1_523' title='bbox 3151 2518 3293 2594; x_wconf 73' lang='grc' dir='ltr'>ῌερὶ</span> <span class='ocrx_word' id='word_1_524' title='bbox 3323 2517 3476 2572; x_wconf 61' lang='lat' dir='ltr'><strong>daa-</strong></span> 
     </span>
    </p>
   </div>
   <div class='ocr_carea' id='block_1_71' title="bbox 1905 2609 3479 2682">
    <p class='ocr_par' dir='ltr' id='par_1_71' title="bbox 1905 2609 3479 2682">
     <span class='ocr_line' id='line_1_71' title="bbox 1905 2609 3479 2682; baseline -0.001 -17"><span class='ocrx_word' id='word_1_525' title='bbox 1905 2613 2087 2678; x_wconf 85' lang='grc' dir='ltr'>θείας,</span> <span class='ocrx_word' id='word_1_526' title='bbox 2132 2613 2221 2682; x_wconf 90' lang='lat' dir='ltr'><strong>qui</strong></span> <span class='ocrx_word' id='word_1_527' title='bbox 2268 2628 2296 2665; x_wconf 88' lang='lat' dir='ltr'><strong>a</strong></span> <span class='ocrx_word' id='word_1_528' title='bbox 2327 2610 2522 2664; x_wconf 80' lang='lat' dir='ltr'><strong>Rutino</strong></span> <span class='ocrx_word' id='word_1_529' title='bbox 2551 2610 2741 2664; x_wconf 89' lang='lat' dir='ltr'><strong>Latine</strong></span> <span class='ocrx_word' id='word_1_530' title='bbox 2769 2626 3061 2666; x_wconf 90' lang='lat' dir='ltr'><strong>conversus</strong></span> <span class='ocrx_word' id='word_1_531' title='bbox 3095 2622 3197 2665; x_wconf 90' lang='lat' dir='ltr'><strong>est.</strong></span> <span class='ocrx_word' id='word_1_532' title='bbox 3238 2609 3479 2666; x_wconf 87' lang='lat' dir='ltr'><strong>Solerter</strong></span> 
     </span>
    </p>
   </div>
   <div class='ocr_carea' id='block_1_72' title="bbox 1904 2700 3475 2772">
    <p class='ocr_par' dir='ltr' id='par_1_72' title="bbox 1904 2700 3475 2772">
     <span class='ocr_line' id='line_1_72' title="bbox 1904 2700 3475 2772; baseline -0.002 -16"><span class='ocrx_word' id='word_1_533' title='bbox 1904 2705 2098 2759; x_wconf 88' lang='lat' dir='ltr'><strong>deinde</strong></span> <span class='ocrx_word' id='word_1_534' title='bbox 2146 2703 2399 2757; x_wconf 88' lang='lat' dir='ltr'><strong>observat</strong></span> <span class='ocrx_word' id='word_1_535' title='bbox 2436 2719 2542 2756; x_wconf 91' lang='lat' dir='ltr'><strong>non</strong></span> <span class='ocrx_word' id='word_1_536' title='bbox 2596 2702 2728 2756; x_wconf 88' lang='lat' dir='ltr'><strong>satis</strong></span> <span class='ocrx_word' id='word_1_537' title='bbox 2782 2712 2937 2757; x_wconf 85' lang='lat' dir='ltr'><strong>caute</strong></span> <span class='ocrx_word' id='word_1_538' title='bbox 2988 2701 3368 2772; x_wconf 83' lang='lat' dir='ltr'><strong>Hieronymum</strong></span> <span class='ocrx_word' id='word_1_539' title='bbox 3421 2700 3475 2754; x_wconf 94' lang='lat' dir='ltr'><strong>in</strong></span> 
     </span>
    </p>
   </div>
   <div class='ocr_carea' id='block_1_73' title="bbox 1904 2789 3473 2860">
    <p class='ocr_par' dir='ltr' id='par_1_73' title="bbox 1904 2789 3473 2860">
     <span class='ocr_line' id='line_1_73' title="bbox 1904 2789 3473 2860; baseline -0.003 -13"><span class='ocrx_word' id='word_1_540' title='bbox 1904 2794 2061 2860; x_wconf 87' lang='lat' dir='ltr'><strong>epist.</strong></span> <span class='ocrx_word' id='word_1_541' title='bbox 2117 2792 2183 2845; x_wconf 88' lang='lat' dir='ltr'><strong>ad</strong></span> <span class='ocrx_word' id='word_1_542' title='bbox 2230 2791 2476 2860; x_wconf 86' lang='lat' dir='ltr'><strong>Ctesiph.</strong></span> <span class='ocrx_word' id='word_1_543' title='bbox 2527 2802 2715 2845; x_wconf 90' lang='lat' dir='ltr'><strong>contra</strong></span> <span class='ocrx_word' id='word_1_544' title='bbox 2761 2792 2942 2859; x_wconf 85' lang='lat' dir='ltr'><strong>Pelag.</strong></span> <span class='ocrx_word' id='word_1_545' title='bbox 3007 2806 3122 2860; x_wconf 88' lang='lat' dir='ltr'><strong>cap.</strong></span> <span class='ocrx_word' id='word_1_546' title='bbox 3186 2789 3250 2855; x_wconf 76' lang='grc'>2,</span> <span class='ocrx_word' id='word_1_547' title='bbox 3303 2799 3359 2844; x_wconf 91' lang='lat' dir='ltr'><strong>et</strong></span> <span class='ocrx_word' id='word_1_548' title='bbox 3420 2790 3473 2842; x_wconf 93' lang='lat' dir='ltr'><strong>in</strong></span> 
     </span>
    </p>
   </div>
   <div class='ocr_carea' id='block_1_74' title="bbox 1904 2881 3470 2955">
    <p class='ocr_par' dir='ltr' id='par_1_74' title="bbox 1904 2881 3470 2955">
     <span class='ocr_line' id='line_1_74' title="bbox 1904 2881 3470 2955; baseline -0.003 -19"><span class='ocrx_word' id='word_1_549' title='bbox 1904 2899 2133 2955; x_wconf 65' lang='lat' dir='ltr'><strong>prooem.</strong></span> <span class='ocrx_word' id='word_1_550' title='bbox 2184 2883 2248 2937; x_wconf 89' lang='lat' dir='ltr'><strong>ad</strong></span> <span class='ocrx_word' id='word_1_551' title='bbox 2295 2882 2506 2953; x_wconf 79' lang='lat' dir='ltr'><strong>Dialog.</strong></span> <span class='ocrx_word' id='word_1_552' title='bbox 2559 2893 2740 2935; x_wconf 80' lang='lat' dir='ltr'><strong>contra</strong></span> <span class='ocrx_word' id='word_1_553' title='bbox 2781 2881 2964 2952; x_wconf 81' lang='lat' dir='ltr'><strong>Pelag.</strong></span> <span class='ocrx_word' id='word_1_554' title='bbox 3020 2893 3075 2936; x_wconf 91' lang='lat' dir='ltr'><strong>et</strong></span> <span class='ocrx_word' id='word_1_555' title='bbox 3128 2882 3181 2935; x_wconf 91' lang='lat' dir='ltr'><strong>in</strong></span> <span class='ocrx_word' id='word_1_556' title='bbox 3239 2894 3470 2949; x_wconf 70' lang='lat' dir='ltr'><strong>prorem.</strong></span> 
     </span>
    </p>
   </div>
   <div class='ocr_carea' id='block_1_75' title="bbox 1905 2971 3477 3038">
    <p class='ocr_par' dir='ltr' id='par_1_75' title="bbox 1905 2971 3477 3038">
     <span class='ocr_line' id='line_1_75' title="bbox 1905 2971 3477 3038; baseline -0.001 -12"><span class='ocrx_word' id='word_1_557' title='bbox 1905 2974 2192 3028; x_wconf 85' lang='lat' dir='ltr'><strong>Comment.</strong></span> <span class='ocrx_word' id='word_1_558' title='bbox 2225 2973 2280 3026; x_wconf 84' lang='lat' dir='ltr'><strong>in</strong></span> <span class='ocrx_word' id='word_1_559' title='bbox 2314 2971 2535 3038; x_wconf 84' lang='lat' dir='ltr'><strong>Jerem.,</strong></span> <span class='ocrx_word' id='word_1_560' title='bbox 2575 2972 2666 3026; x_wconf 89' lang='lat' dir='ltr'><strong>lib.</strong></span> <span class='ocrx_word' id='word_1_561' title='bbox 2692 2988 2768 3037; x_wconf 79' lang='lat' dir='ltr'><strong>tv,</strong></span> <span class='ocrx_word' id='word_1_562' title='bbox 2802 2972 3116 3026; x_wconf 84' lang='lat' dir='ltr'><strong>distinxisse</strong></span> <span class='ocrx_word' id='word_1_563' title='bbox 3142 2971 3229 3025; x_wconf 92' lang='lat' dir='ltr'><strong>illa</strong></span> <span class='ocrx_word' id='word_1_564' title='bbox 3252 2972 3377 3035; x_wconf 90' lang='lat' dir='ltr'><strong>duo,</strong></span> <span class='ocrx_word' id='word_1_565' title='bbox 3398 2972 3477 3025; x_wconf 80' lang='lat' dir='ltr'><strong>fa-</strong></span> 
     </span>
    </p>
   </div>
   <div class='ocr_carea' id='block_1_76' title="bbox 1903 3064 3475 3134">
    <p class='ocr_par' dir='ltr' id='par_1_76' title="bbox 1903 3064 3475 3134">
     <span class='ocr_line' id='line_1_76' title="bbox 1903 3064 3475 3134; baseline -0.002 -15"><span class='ocrx_word' id='word_1_566' title='bbox 1903 3065 2160 3119; x_wconf 88' lang='lat' dir='ltr'><strong>cultatem</strong></span> <span class='ocrx_word' id='word_1_567' title='bbox 2192 3064 2393 3118; x_wconf 87' lang='lat' dir='ltr'><strong>habere</strong></span> <span class='ocrx_word' id='word_1_568' title='bbox 2423 3080 2525 3116; x_wconf 74' lang='lat' dir='ltr'><strong>non</strong></span> <span class='ocrx_word' id='word_1_569' title='bbox 2558 3064 2836 3134; x_wconf 86' lang='lat' dir='ltr'><strong>peccandi,</strong></span> <span class='ocrx_word' id='word_1_570' title='bbox 2873 3073 3051 3118; x_wconf 88' lang='lat' dir='ltr'><strong>etnon</strong></span> <span class='ocrx_word' id='word_1_571' title='bbox 3079 3064 3279 3118; x_wconf 80' lang='lat' dir='ltr'><strong>habere</strong></span> <span class='ocrx_word' id='word_1_572' title='bbox 3303 3064 3475 3118; x_wconf 83' lang='lat' dir='ltr'><strong>facul-</strong></span> 
     </span>
    </p>
   </div>
   <div class='ocr_carea' id='block_1_77' title="bbox 1909 3155 3475 3225">
    <p class='ocr_par' dir='ltr' id='par_1_77' title="bbox 1909 3155 3475 3225">
     <span class='ocr_line' id='line_1_77' title="bbox 1909 3155 3475 3225; baseline -0.001 -15"><span class='ocrx_word' id='word_1_573' title='bbox 1909 3166 2068 3211; x_wconf 88' lang='lat' dir='ltr'><strong>tatem</strong></span> <span class='ocrx_word' id='word_1_574' title='bbox 2096 3155 2390 3225; x_wconf 88' lang='lat' dir='ltr'><strong>peccandi;</strong></span> <span class='ocrx_word' id='word_1_575' title='bbox 2429 3155 2530 3209; x_wconf 86' lang='lat' dir='ltr'><strong>hoc</strong></span> <span class='ocrx_word' id='word_1_576' title='bbox 2556 3164 2657 3218; x_wconf 91' lang='lat' dir='ltr'><strong>est,</strong></span> <span class='ocrx_word' id='word_1_577' title='bbox 2690 3172 2837 3222; x_wconf 74' lang='lat' dir='ltr'><strong>posse</strong></span> <span class='ocrx_word' id='word_1_578' title='bbox 2867 3171 2968 3208; x_wconf 83' lang='lat' dir='ltr'><strong>non</strong></span> <span class='ocrx_word' id='word_1_579' title='bbox 3006 3172 3238 3222; x_wconf 85' lang='lat' dir='ltr'><strong>peccare,</strong></span> <span class='ocrx_word' id='word_1_580' title='bbox 3278 3168 3329 3209; x_wconf 88' lang='lat' dir='ltr'><strong>et</strong></span> <span class='ocrx_word' id='word_1_581' title='bbox 3370 3172 3475 3209; x_wconf 84' lang='lat' dir='ltr'><strong>non</strong></span> 
     </span>
    </p>
   </div>
   <div class='ocr_carea' id='block_1_78' title="bbox 1904 3244 3475 3316">
    <p class='ocr_par' dir='ltr' id='par_1_78' title="bbox 1904 3244 3475 3316">
     <span class='ocr_line' id='line_1_78' title="bbox 1904 3244 3475 3316; baseline -0.001 -16"><span class='ocrx_word' id='word_1_582' title='bbox 1904 3263 2052 3316; x_wconf 54' lang='lat' dir='ltr'><strong>[esse</strong></span> <span class='ocrx_word' id='word_1_583' title='bbox 2081 3261 2311 3315; x_wconf 82' lang='lat' dir='ltr'><strong>peccare.</strong></span> <span class='ocrx_word' id='word_1_584' title='bbox 2340 3245 2577 3310; x_wconf 87' lang='lat' dir='ltr'><strong>Quorum</strong></span> <span class='ocrx_word' id='word_1_585' title='bbox 2598 3244 2827 3298; x_wconf 89' lang='lat' dir='ltr'><strong>alterum</strong></span> <span class='ocrx_word' id='word_1_586' title='bbox 2853 3259 2882 3298; x_wconf 91' lang='lat' dir='ltr'><strong>e</strong></span> <span class='ocrx_word' id='word_1_587' title='bbox 2911 3245 3084 3300; x_wconf 91' lang='lat' dir='ltr'><strong>libero</strong></span> <span class='ocrx_word' id='word_1_588' title='bbox 3107 3245 3302 3314; x_wconf 90' lang='lat' dir='ltr'><strong>pendet</strong></span> <span class='ocrx_word' id='word_1_589' title='bbox 3324 3246 3475 3298; x_wconf 86' lang='lat' dir='ltr'><strong>arbi-</strong></span> 
     </span>
    </p>
   </div>
   <div class='ocr_carea' id='block_1_79' title="bbox 1907 3336 3472 3407">
    <p class='ocr_par' dir='ltr' id='par_1_79' title="bbox 1907 3336 3472 3407">
     <span class='ocr_line' id='line_1_79' title="bbox 1907 3336 3472 3407; baseline -0.001 -15"><span class='ocrx_word' id='word_1_590' title='bbox 1907 3340 2028 3401; x_wconf 84' lang='lat' dir='ltr'><strong>trio,</strong></span> <span class='ocrx_word' id='word_1_591' title='bbox 2065 3354 2172 3407; x_wconf 92' lang='lat' dir='ltr'><strong>quo</strong></span> <span class='ocrx_word' id='word_1_592' title='bbox 2200 3336 2259 3390; x_wconf 82' lang='lat' dir='ltr'><strong>ﬁt</strong></span> <span class='ocrx_word' id='word_1_593' title='bbox 2294 3345 2348 3390; x_wconf 94' lang='lat' dir='ltr'><strong>ut</strong></span> <span class='ocrx_word' id='word_1_594' title='bbox 2379 3350 2666 3405; x_wconf 88' lang='lat' dir='ltr'><strong>possumus</strong></span> <span class='ocrx_word' id='word_1_595' title='bbox 2695 3351 2938 3405; x_wconf 88' lang='lat' dir='ltr'><strong>peccare,</strong></span> <span class='ocrx_word' id='word_1_596' title='bbox 2974 3336 3056 3389; x_wconf 85' lang='lat' dir='ltr'><strong>vel</strong></span> <span class='ocrx_word' id='word_1_597' title='bbox 3089 3352 3193 3390; x_wconf 93' lang='lat' dir='ltr'><strong>non</strong></span> <span class='ocrx_word' id='word_1_598' title='bbox 3224 3352 3472 3405; x_wconf 88' lang='lat' dir='ltr'><strong>peccare,</strong></span> 
     </span>
    </p>
   </div>
   <div class='ocr_carea' id='block_1_80' title="bbox 1902 3427 3473 3500">
    <p class='ocr_par' dir='ltr' id='par_1_80' title="bbox 1902 3427 3473 3500">
     <span class='ocr_line' id='line_1_80' title="bbox 1902 3427 3473 3500; baseline -0.001 -19"><span class='ocrx_word' id='word_1_599' title='bbox 1902 3431 2089 3500; x_wconf 74' lang='lat' dir='ltr'><strong>gratiae</strong></span> <span class='ocrx_word' id='word_1_600' title='bbox 2119 3428 2277 3481; x_wconf 90' lang='lat' dir='ltr'><strong>modo</strong></span> <span class='ocrx_word' id='word_1_601' title='bbox 2327 3427 2391 3480; x_wconf 85' lang='lat' dir='ltr'><strong>ad</strong></span> <span class='ocrx_word' id='word_1_602' title='bbox 2435 3427 2484 3479; x_wconf 80' lang='lat' dir='ltr'><strong>id</strong></span> <span class='ocrx_word' id='word_1_603' title='bbox 2526 3435 2854 3494; x_wconf 90' lang='lat' dir='ltr'><strong>postremum</strong></span> <span class='ocrx_word' id='word_1_604' title='bbox 2889 3437 3135 3495; x_wconf 87' lang='lat' dir='ltr'><strong>suppetat</strong></span> <span class='ocrx_word' id='word_1_605' title='bbox 3182 3427 3473 3494; x_wconf 80' lang='lat' dir='ltr'><strong>auxilium;</strong></span> 
     </span>
    </p>
   </div>
   <div class='ocr_carea' id='block_1_81' title="bbox 1902 3515 3473 3582">
    <p class='ocr_par' dir='ltr' id='par_1_81' title="bbox 1902 3515 3473 3582">
     <span class='ocr_line' id='line_1_81' title="bbox 1902 3515 3473 3582; baseline -0.002 -10"><span class='ocrx_word' id='word_1_606' title='bbox 1902 3520 2129 3573; x_wconf 89' lang='lat' dir='ltr'><strong>alterum</strong></span> <span class='ocrx_word' id='word_1_607' title='bbox 2159 3532 2289 3570; x_wconf 85' lang='lat' dir='ltr'><strong>vero</strong></span> <span class='ocrx_word' id='word_1_608' title='bbox 2322 3517 2527 3570; x_wconf 87' lang='lat' dir='ltr'><strong>arbitrii</strong></span> <span class='ocrx_word' id='word_1_609' title='bbox 2567 3515 2786 3569; x_wconf 88' lang='lat' dir='ltr'><strong>humani</strong></span> <span class='ocrx_word' id='word_1_610' title='bbox 2823 3517 3123 3569; x_wconf 81' lang='lat' dir='ltr'><strong>libertatem</strong></span> <span class='ocrx_word' id='word_1_611' title='bbox 3161 3517 3317 3582; x_wconf 93' lang='lat' dir='ltr'><strong>tollit,</strong></span> <span class='ocrx_word' id='word_1_612' title='bbox 3352 3525 3408 3569; x_wconf 90' lang='lat' dir='ltr'><strong>et</strong></span> <span class='ocrx_word' id='word_1_613' title='bbox 3442 3532 3473 3569; x_wconf 91' lang='lat' dir='ltr'><strong>a</strong></span> 
     </span>
    </p>
   </div>
   <div class='ocr_carea' id='block_1_82' title="bbox 1905 3606 3474 3677">
    <p class='ocr_par' dir='ltr' id='par_1_82' title="bbox 1905 3606 3474 3677">
     <span class='ocr_line' id='line_1_82' title="bbox 1905 3606 3474 3677; baseline -0.004 -14"><span class='ocrx_word' id='word_1_614' title='bbox 1905 3608 2296 3663; x_wconf 76' lang='lat' dir='ltr'><strong>V&#39;alentinianis</strong></span> <span class='ocrx_word' id='word_1_615' title='bbox 2329 3606 2786 3675; x_wconf 82' lang='lat' dir='ltr'><strong>propngnabatur,</strong></span> <span class='ocrx_word' id='word_1_616' title='bbox 2827 3607 2917 3674; x_wconf 91' lang='lat' dir='ltr'><strong>qui</strong></span> <span class='ocrx_word' id='word_1_617' title='bbox 2948 3606 3192 3660; x_wconf 89' lang='lat' dir='ltr'><strong>homines</strong></span> <span class='ocrx_word' id='word_1_618' title='bbox 3229 3623 3474 3677; x_wconf 84' lang='grc' dir='ltr'>πνευμα-</span> 
     </span>
    </p>
   </div>
   <div class='ocr_carea' id='block_1_83' title="bbox 1897 3698 3473 3773">
    <p class='ocr_par' dir='ltr' id='par_1_83' title="bbox 1897 3698 3473 3773">
     <span class='ocr_line' id='line_1_83' title="bbox 1897 3698 3473 3773; baseline -0.003 -18"><span class='ocrx_word' id='word_1_619' title='bbox 1897 3701 2082 3763; x_wconf 78' lang='grc' dir='ltr'>τικοὺς</span> <span class='ocrx_word' id='word_1_620' title='bbox 2126 3698 2241 3767; x_wconf 86' lang='lat' dir='ltr'><strong>ejus</strong></span> <span class='ocrx_word' id='word_1_621' title='bbox 2273 3714 2390 3753; x_wconf 85' lang='lat' dir='ltr'><strong>esse</strong></span> <span class='ocrx_word' id='word_1_622' title='bbox 2438 3698 2691 3752; x_wconf 86' lang='lat' dir='ltr'><strong>volebant</strong></span> <span class='ocrx_word' id='word_1_623' title='bbox 2746 3708 2987 3773; x_wconf 54' lang='lat' dir='ltr'><strong>naturae,</strong></span> <span class='ocrx_word' id='word_1_624' title='bbox 3027 3712 3145 3766; x_wconf 75' lang='lat' dir='ltr'><strong>qua:</strong></span> <span class='ocrx_word' id='word_1_625' title='bbox 3198 3706 3473 3766; x_wconf 84' lang='lat' dir='ltr'><strong>peccatum</strong></span> 
     </span>
    </p>
   </div>
   <div class='ocr_carea' id='block_1_84' title="bbox 1897 3790 3474 3861">
    <p class='ocr_par' dir='ltr' id='par_1_84' title="bbox 1897 3790 3474 3861">
     <span class='ocr_line' id='line_1_84' title="bbox 1897 3790 3474 3861; baseline -0.005 -12"><span class='ocrx_word' id='word_1_626' title='bbox 1897 3794 2044 3849; x_wconf 87' lang='lat' dir='ltr'><strong>nullo</strong></span> <span class='ocrx_word' id='word_1_627' title='bbox 2066 3795 2223 3846; x_wconf 88' lang='lat' dir='ltr'><strong>modo</strong></span> <span class='ocrx_word' id='word_1_628' title='bbox 2247 3793 2547 3859; x_wconf 88' lang='lat' dir='ltr'><strong>reciperet:</strong></span> <span class='ocrx_word' id='word_1_629' title='bbox 2575 3790 2715 3855; x_wconf 86' lang='lat' dir='ltr'><strong>quod</strong></span> <span class='ocrx_word' id='word_1_630' title='bbox 2741 3790 2963 3861; x_wconf 87' lang='lat' dir='ltr'><strong>dogma.</strong></span> <span class='ocrx_word' id='word_1_631' title='bbox 2984 3790 3360 3861; x_wconf 87' lang='lat' dir='ltr'><strong>dogmatisque</strong></span> <span class='ocrx_word' id='word_1_632' title='bbox 3378 3806 3474 3841; x_wconf 91' lang='lat' dir='ltr'><strong>au-</strong></span> 
     </span>
    </p>
   </div>
   <div class='ocr_carea' id='block_1_85' title="bbox 1897 3881 3469 3953">
    <p class='ocr_par' dir='ltr' id='par_1_85' title="bbox 1897 3881 3469 3953">
     <span class='ocr_line' id='line_1_85' title="bbox 1897 3881 3469 3953; baseline -0.002 -15"><span class='ocrx_word' id='word_1_633' title='bbox 1897 3896 2075 3938; x_wconf 89' lang='lat' dir='ltr'><strong>ctores</strong></span> <span class='ocrx_word' id='word_1_634' title='bbox 2120 3883 2392 3953; x_wconf 84' lang='lat' dir='ltr'><strong>perpetuis</strong></span> <span class='ocrx_word' id='word_1_635' title='bbox 2430 3881 2835 3936; x_wconf 89' lang='lat' dir='ltr'><strong>velitationibus</strong></span> <span class='ocrx_word' id='word_1_636' title='bbox 2889 3882 3148 3948; x_wconf 84' lang='lat' dir='ltr'><strong>Origenes</strong></span> <span class='ocrx_word' id='word_1_637' title='bbox 3210 3884 3469 3949; x_wconf 87' lang='lat' dir='ltr'><strong>urgebat;</strong></span> 
     </span>
    </p>
   </div>
   <div class='ocr_carea' id='block_1_86' title="bbox 1900 3974 3470 4045">
    <p class='ocr_par' dir='ltr' id='par_1_86' title="bbox 1900 3974 3470 4045">
     <span class='ocr_line' id='line_1_86' title="bbox 1900 3974 3470 4045; baseline -0.003 -14"><span class='ocrx_word' id='word_1_638' title='bbox 1900 3991 2172 4045; x_wconf 87' lang='lat' dir='ltr'><strong>nunquam</strong></span> <span class='ocrx_word' id='word_1_639' title='bbox 2211 3991 2315 4029; x_wconf 92' lang='lat' dir='ltr'><strong>non</strong></span> <span class='ocrx_word' id='word_1_640' title='bbox 2350 3976 2452 4029; x_wconf 90' lang='lat' dir='ltr'><strong>hoc</strong></span> <span class='ocrx_word' id='word_1_641' title='bbox 2484 3974 2783 4039; x_wconf 76' lang='lat' dir='ltr'><strong>inculcatis,</strong></span> <span class='ocrx_word' id='word_1_642' title='bbox 2821 3974 3023 4028; x_wconf 91' lang='lat' dir='ltr'><strong>nullam</strong></span> <span class='ocrx_word' id='word_1_643' title='bbox 3072 3988 3191 4028; x_wconf 87' lang='lat' dir='ltr'><strong>esse</strong></span> <span class='ocrx_word' id='word_1_644' title='bbox 3225 3982 3470 4027; x_wconf 88' lang='lat' dir='ltr'><strong>naturam</strong></span> 
     </span>
    </p>
   </div>
   <div class='ocr_carea' id='block_1_87' title="bbox 1897 4054 3472 4136">
    <p class='ocr_par' dir='ltr' id='par_1_87' title="bbox 1897 4054 3472 4136">
     <span class='ocr_line' id='line_1_87' title="bbox 1897 4054 3472 4136; baseline -0.001 -17"><span class='ocrx_word' id='word_1_645' title='bbox 1897 4084 2017 4136; x_wconf 69' lang='lat' dir='ltr'><strong>quae</strong></span> <span class='ocrx_word' id='word_1_646' title='bbox 2057 4082 2158 4121; x_wconf 86' lang='lat' dir='ltr'><strong>llOlI</strong></span> <span class='ocrx_word' id='word_1_647' title='bbox 2199 4066 2268 4119; x_wconf 86' lang='lat' dir='ltr'><strong>sit</strong></span> <span class='ocrx_word' id='word_1_648' title='bbox 2311 4067 2434 4120; x_wconf 88' lang='lat' dir='ltr'><strong>boni</strong></span> <span class='ocrx_word' id='word_1_649' title='bbox 2490 4074 2544 4121; x_wconf 92' lang='lat' dir='ltr'><strong>et</strong></span> <span class='ocrx_word' id='word_1_650' title='bbox 2585 4065 2709 4119; x_wconf 90' lang='lat' dir='ltr'><strong>mali</strong></span> <span class='ocrx_word' id='word_1_651' title='bbox 2744 4082 2941 4134; x_wconf 83' lang='lat' dir='ltr'><strong>capax,</strong></span> <span class='ocrx_word' id='word_1_652' title='bbox 2981 4064 3116 4120; x_wconf 88' lang='lat' dir='ltr'><strong>adeo</strong></span> <span class='ocrx_word' id='word_1_653' title='bbox 3160 4074 3218 4119; x_wconf 90' lang='lat' dir='ltr'><strong>ut</strong></span> <span class='ocrx_word' id='word_1_654' title='bbox 3268 4079 3335 4119; x_wconf 89' lang='lat' dir='ltr'><strong>ne</strong></span> <span class='ocrx_word' id='word_1_655' title='bbox 3368 4054 3472 4134; x_wconf 86' lang='lat' dir='ltr'><strong>ipsi</strong></span> 
     </span>
    </p>
   </div>
   <div class='ocr_carea' id='block_1_88' title="bbox 1899 4156 3474 4230">
    <p class='ocr_par' dir='ltr' id='par_1_88' title="bbox 1899 4156 3474 4230">
     <span class='ocr_line' id='line_1_88' title="bbox 1899 4156 3474 4230; baseline -0.002 -15"><span class='ocrx_word' id='word_1_656' title='bbox 1899 4161 2114 4230; x_wconf 87' lang='lat' dir='ltr'><strong>quidem</strong></span> <span class='ocrx_word' id='word_1_657' title='bbox 2143 4159 2318 4228; x_wconf 88' lang='lat' dir='ltr'><strong>angeli</strong></span> <span class='ocrx_word' id='word_1_658' title='bbox 2364 4174 2392 4211; x_wconf 88' lang='lat' dir='ltr'><strong>a</strong></span> <span class='ocrx_word' id='word_1_659' title='bbox 2437 4167 2680 4226; x_wconf 88' lang='lat' dir='ltr'><strong>peccato,</strong></span> <span class='ocrx_word' id='word_1_660' title='bbox 2731 4159 3048 4227; x_wconf 80' lang='lat' dir='ltr'><strong>peccatique</strong></span> <span class='ocrx_word' id='word_1_661' title='bbox 3087 4156 3264 4227; x_wconf 70' lang='lat' dir='ltr'><strong>pinnis</strong></span> <span class='ocrx_word' id='word_1_662' title='bbox 3288 4166 3474 4212; x_wconf 88' lang='lat' dir='ltr'><strong>essent</strong></span> 
     </span>
    </p>
   </div>
   <div class='ocr_carea' id='block_1_89' title="bbox 1900 4248 3469 4319">
    <p class='ocr_par' dir='ltr' id='par_1_89' title="bbox 1900 4248 3469 4319">
     <span class='ocr_line' id='line_1_89' title="bbox 1900 4248 3469 4319; baseline -0.003 -13"><span class='ocrx_word' id='word_1_663' title='bbox 1900 4253 2186 4306; x_wconf 85' lang='lat' dir='ltr'><strong>immunes.</strong></span> <span class='ocrx_word' id='word_1_664' title='bbox 2230 4251 2520 4319; x_wconf 87' lang='lat' dir='ltr'><strong>Perperam</strong></span> <span class='ocrx_word' id='word_1_665' title='bbox 2567 4265 2695 4314; x_wconf 78' lang='lat' dir='ltr'><strong>ergo</strong></span> <span class='ocrx_word' id='word_1_666' title='bbox 2734 4250 3088 4318; x_wconf 78' lang='lat' dir='ltr'><strong>Hieronymus</strong></span> <span class='ocrx_word' id='word_1_667' title='bbox 3119 4248 3169 4302; x_wconf 92' lang='lat' dir='ltr'><strong>in</strong></span> <span class='ocrx_word' id='word_1_668' title='bbox 3207 4250 3366 4317; x_wconf 87' lang='lat' dir='ltr'><strong>epist.</strong></span> <span class='ocrx_word' id='word_1_669' title='bbox 3402 4248 3469 4301; x_wconf 88' lang='lat' dir='ltr'><strong>ad</strong></span> 
     </span>
    </p>
   </div>
   <div class='ocr_carea' id='block_1_90' title="bbox 1897 4339 3471 4413">
    <p class='ocr_par' dir='ltr' id='par_1_90' title="bbox 1897 4339 3471 4413">
     <span class='ocr_line' id='line_1_90' title="bbox 1897 4339 3471 4413; baseline -0.004 -15"><span class='ocrx_word' id='word_1_670' title='bbox 1897 4343 2157 4413; x_wconf 87' lang='lat' dir='ltr'><strong>Ctesiph.,</strong></span> <span class='ocrx_word' id='word_1_671' title='bbox 2183 4358 2301 4411; x_wconf 87' lang='lat' dir='ltr'><strong>cap.</strong></span> <span class='ocrx_word' id='word_1_672' title='bbox 2335 4344 2386 4407; x_wconf 87' lang='grc'>1,</span> <span class='ocrx_word' id='word_1_673' title='bbox 2413 4341 2814 4411; x_wconf 82' lang='grc' dir='ltr'>ἀναμάρτητον,</span> <span class='ocrx_word' id='word_1_674' title='bbox 2848 4342 2987 4395; x_wconf 88' lang='lat' dir='ltr'><strong>idem</strong></span> <span class='ocrx_word' id='word_1_675' title='bbox 3007 4354 3127 4394; x_wconf 85' lang='lat' dir='ltr'><strong>esse</strong></span> <span class='ocrx_word' id='word_1_676' title='bbox 3142 4348 3307 4402; x_wconf 88' lang='lat' dir='ltr'><strong>retur,</strong></span> <span class='ocrx_word' id='word_1_677' title='bbox 3329 4339 3471 4408; x_wconf 91' lang='lat' dir='ltr'><strong>quod</strong></span> 
     </span>
    </p>
   </div>
   <div class='ocr_carea' id='block_1_91' title="bbox 1898 4431 3473 4505">
    <p class='ocr_par' dir='ltr' id='par_1_91' title="bbox 1898 4431 3473 4505">
     <span class='ocr_line' id='line_1_91' title="bbox 1898 4431 3473 4505; baseline -0.003 -15"><span class='ocrx_word' id='word_1_678' title='bbox 1898 4439 2008 4493; x_wconf 77' lang='lat' dir='ltr'><strong>sine</strong></span> <span class='ocrx_word' id='word_1_679' title='bbox 2027 4446 2233 4505; x_wconf 76' lang='lat' dir='ltr'><strong>peccato</strong></span> <span class='ocrx_word' id='word_1_680' title='bbox 2251 4452 2268 4501; x_wconf 89' lang='lat'><strong>;</strong></span> <span class='ocrx_word' id='word_1_681' title='bbox 2289 4451 2407 4488; x_wconf 91' lang='lat' dir='ltr'><strong>nam</strong></span> <span class='ocrx_word' id='word_1_682' title='bbox 2437 4436 2835 4505; x_wconf 84' lang='grc' dir='ltr'>ἀναμάρτητον,</span> <span class='ocrx_word' id='word_1_683' title='bbox 2854 4443 2957 4499; x_wconf 90' lang='lat' dir='ltr'><strong>est,</strong></span> <span class='ocrx_word' id='word_1_684' title='bbox 2988 4433 3212 4501; x_wconf 79' lang='lat' dir='ltr'><strong>iucapax</strong></span> <span class='ocrx_word' id='word_1_685' title='bbox 3235 4431 3431 4499; x_wconf 80' lang='lat' dir='ltr'><strong>peccati</strong></span> <span class='ocrx_word' id='word_1_686' title='bbox 3453 4445 3473 4485; x_wconf 90' lang='lat'><strong><em>:</em></strong></span> 
     </span>
    </p>
   </div>
   <div class='ocr_carea' id='block_1_92' title="bbox 236 4522 3473 4605">
    <p class='ocr_par' dir='ltr' id='par_1_92' title="bbox 236 4522 3473 4605">
     <span class='ocr_line' id='line_1_92' title="bbox 236 4522 3473 4605; baseline -0.004 -18"><span class='ocrx_word' id='word_1_687' title='bbox 236 4552 345 4605; x_wconf 84' lang='grc' dir='ltr'>μῳ.</span> <span class='ocrx_word' id='word_1_688' title='bbox 382 4534 648 4586; x_wconf 71' lang='lat' dir='ltr'><strong>Praeterea</strong></span> <span class='ocrx_word' id='word_1_689' title='bbox 700 4544 828 4585; x_wconf 77' lang='lat' dir='ltr'><strong>tom.</strong></span> <span class='ocrx_word' id='word_1_690' title='bbox 863 4544 932 4583; x_wconf 86' lang='lat' dir='ltr'><strong>xv</strong></span> <span class='ocrx_word' id='word_1_691' title='bbox 980 4532 1031 4581; x_wconf 88' lang='lat' dir='ltr'><strong>in</strong></span> <span class='ocrx_word' id='word_1_692' title='bbox 1082 4529 1221 4581; x_wconf 90' lang='lat' dir='ltr'><strong>idem</strong></span> <span class='ocrx_word' id='word_1_693' title='bbox 1248 4527 1614 4596; x_wconf 76' lang='lat' dir='ltr'><strong>Evangelium,</strong></span> <span class='ocrx_word' id='word_1_694' title='bbox 1650 4541 1794 4577; x_wconf 90' lang='lat' dir='ltr'><strong>num.</strong></span> <span class='ocrx_word' id='word_1_695' title='bbox 1836 4549 1879 4602; x_wconf 74' lang='grc' dir='ltr'>ι)</span> <span class='ocrx_word' id='word_1_696' title='bbox 1909 4530 2173 4599; x_wconf 77' lang='lat' dir='ltr'><strong>perfectos</strong></span> <span class='ocrx_word' id='word_1_697' title='bbox 2205 4538 2381 4581; x_wconf 90' lang='lat' dir='ltr'><strong>autem</strong></span> <span class='ocrx_word' id='word_1_698' title='bbox 2416 4543 2517 4579; x_wconf 93' lang='lat' dir='ltr'><strong>non</strong></span> <span class='ocrx_word' id='word_1_699' title='bbox 2551 4528 2834 4595; x_wconf 88' lang='lat' dir='ltr'><strong>incapaees</strong></span> <span class='ocrx_word' id='word_1_700' title='bbox 2869 4526 3074 4593; x_wconf 88' lang='lat' dir='ltr'><strong>peccati</strong></span> <span class='ocrx_word' id='word_1_701' title='bbox 3108 4523 3321 4576; x_wconf 84' lang='lat' dir='ltr'><strong>volebat</strong></span> <span class='ocrx_word' id='word_1_702' title='bbox 3350 4522 3473 4577; x_wconf 91' lang='lat' dir='ltr'><strong>Ori-</strong></span> 
     </span>
    </p>
   </div>
   <div class='ocr_carea' id='block_1_93' title="bbox 231 4618 1801 4694">
    <p class='ocr_par' dir='ltr' id='par_1_93' title="bbox 231 4618 1801 4694">
     <span class='ocr_line' id='line_1_93' title="bbox 231 4618 1801 4694; baseline -0.005 -15"><span class='ocrx_word' id='word_1_703' title='bbox 231 4629 288 4689; x_wconf 80' lang='lat'><strong>6,</strong></span> <span class='ocrx_word' id='word_1_704' title='bbox 322 4640 441 4694; x_wconf 82' lang='lat' dir='ltr'><strong>pag.</strong></span> <span class='ocrx_word' id='word_1_705' title='bbox 486 4624 610 4687; x_wconf 75' lang='lat'><strong>659,</strong></span> <span class='ocrx_word' id='word_1_706' title='bbox 653 4624 817 4677; x_wconf 89' lang='lat' dir='ltr'><strong>tradit</strong></span> <span class='ocrx_word' id='word_1_707' title='bbox 850 4637 1044 4691; x_wconf 90' lang='lat' dir='ltr'><strong>pueros</strong></span> <span class='ocrx_word' id='word_1_708' title='bbox 1083 4622 1278 4689; x_wconf 79' lang='lat' dir='ltr'><strong>quibus</strong></span> <span class='ocrx_word' id='word_1_709' title='bbox 1316 4636 1505 4675; x_wconf 87' lang='lat' dir='ltr'><strong>manus</strong></span> <span class='ocrx_word' id='word_1_710' title='bbox 1548 4618 1801 4687; x_wconf 88' lang='lat' dir='ltr'><strong>imposuit</strong></span> 
     </span>
    </p>
   </div>
   <div class='ocr_carea' id='block_1_94' title="bbox 231 4712 1800 4785">
    <p class='ocr_par' dir='ltr' id='par_1_94' title="bbox 231 4712 1800 4785">
     <span class='ocr_line' id='line_1_94' title="bbox 231 4712 1800 4785; baseline -0.004 -13"><span class='ocrx_word' id='word_1_711' title='bbox 231 4717 411 4781; x_wconf 67' lang='lat' dir='ltr'><strong>Jesus,</strong></span> <span class='ocrx_word' id='word_1_712' title='bbox 441 4717 551 4785; x_wconf 86' lang='lat' dir='ltr'><strong>jam</strong></span> <span class='ocrx_word' id='word_1_713' title='bbox 579 4717 807 4785; x_wconf 90' lang='lat' dir='ltr'><strong>amplius</strong></span> <span class='ocrx_word' id='word_1_714' title='bbox 835 4717 1136 4770; x_wconf 67' lang='lat' dir='ltr'><strong>daemonum</strong></span> <span class='ocrx_word' id='word_1_715' title='bbox 1166 4713 1455 4767; x_wconf 83' lang='lat' dir='ltr'><strong>assultibus</strong></span> <span class='ocrx_word' id='word_1_716' title='bbox 1482 4712 1563 4765; x_wconf 87' lang='lat' dir='ltr'><strong>vel</strong></span> <span class='ocrx_word' id='word_1_717' title='bbox 1593 4712 1800 4779; x_wconf 89' lang='lat' dir='ltr'><strong>peccati</strong></span> 
     </span>
    </p>
   </div>
   <div class='ocr_carea' id='block_1_95' title="bbox 232 4806 1798 4879">
    <p class='ocr_par' dir='ltr' id='par_1_95' title="bbox 232 4806 1798 4879">
     <span class='ocr_line' id='line_1_95' title="bbox 232 4806 1798 4879; baseline -0.003 -15"><span class='ocrx_word' id='word_1_718' title='bbox 232 4813 501 4865; x_wconf 86' lang='lat' dir='ltr'><strong>illecebris</strong></span> <span class='ocrx_word' id='word_1_719' title='bbox 534 4812 746 4879; x_wconf 75' lang='lat' dir='ltr'><strong>percelli</strong></span> <span class='ocrx_word' id='word_1_720' title='bbox 781 4828 883 4864; x_wconf 91' lang='lat' dir='ltr'><strong>non</strong></span> <span class='ocrx_word' id='word_1_721' title='bbox 907 4826 1092 4879; x_wconf 84' lang='lat' dir='ltr'><strong>posse;</strong></span> <span class='ocrx_word' id='word_1_722' title='bbox 1126 4818 1179 4862; x_wconf 89' lang='lat' dir='ltr'><strong>et</strong></span> <span class='ocrx_word' id='word_1_723' title='bbox 1206 4825 1353 4861; x_wconf 90' lang='lat' dir='ltr'><strong>num.</strong></span> <span class='ocrx_word' id='word_1_724' title='bbox 1390 4807 1473 4869; x_wconf 88' lang='lat' dir='ltr'><strong>l7,</strong></span> <span class='ocrx_word' id='word_1_725' title='bbox 1506 4823 1633 4876; x_wconf 67' lang='lat' dir='ltr'><strong>pag;</strong></span> <span class='ocrx_word' id='word_1_726' title='bbox 1651 4806 1753 4859; x_wconf 83' lang='grc'>676</span> <span class='ocrx_word' id='word_1_727' title='bbox 1788 4827 1798 4859; x_wconf 92' lang='lat'>:</span> 
     </span>
    </p>
   </div>
   <div class='ocr_carea' id='block_1_96' title="bbox 231 4899 1798 4977">
    <p class='ocr_par' dir='ltr' id='par_1_96' title="bbox 231 4899 1798 4977">
     <span class='ocr_line' id='line_1_96' title="bbox 231 4899 1798 4977; baseline -0.005 -18"><span class='ocrx_word' id='word_1_728' title='bbox 231 4900 399 4970; x_wconf 76' lang='grc' dir='ltr'>Οὗτος</span> <span class='ocrx_word' id='word_1_729' title='bbox 437 4906 499 4977; x_wconf 82' lang='grc' dir='ltr'><strong>δὴ</strong></span> <span class='ocrx_word' id='word_1_730' title='bbox 527 4909 554 4958; x_wconf 82' lang='grc' dir='ltr'>ὁ</span> <span class='ocrx_word' id='word_1_731' title='bbox 581 4904 1152 4974; x_wconf 75' lang='grc' dir='ltr'>ἀνθυπαλλασσὸμενος</span> <span class='ocrx_word' id='word_1_732' title='bbox 1188 4901 1307 4955; x_wconf 74' lang='grc' dir='ltr'>ἀντὶ</span> <span class='ocrx_word' id='word_1_733' title='bbox 1340 4899 1562 4952; x_wconf 79' lang='grc' dir='ltr'>πλούτου</span> <span class='ocrx_word' id='word_1_734' title='bbox 1590 4901 1798 4963; x_wconf 85' lang='grc' dir='ltr'>πενίαν,</span> 
     </span>
    </p>
   </div>
   <div class='ocr_carea' id='block_1_97' title="bbox 236 4991 1801 5068">
    <p class='ocr_par' dir='ltr' id='par_1_97' title="bbox 236 4991 1801 5068">
     <span class='ocr_line' id='line_1_97' title="bbox 236 4991 1801 5068; baseline -0.006 -17"><span class='ocrx_word' id='word_1_735' title='bbox 236 4998 376 5068; x_wconf 80' lang='grc' dir='ltr'>ὑπὲρ</span> <span class='ocrx_word' id='word_1_736' title='bbox 424 4997 515 5050; x_wconf 84' lang='grc' dir='ltr'>τοῦ</span> <span class='ocrx_word' id='word_1_737' title='bbox 557 4996 753 5059; x_wconf 79' lang='grc' dir='ltr'>τέλειος</span> <span class='ocrx_word' id='word_1_738' title='bbox 790 4995 1059 5063; x_wconf 76' lang='grc' dir='ltr'>γενέσθαι,</span> <span class='ocrx_word' id='word_1_739' title='bbox 1106 4993 1346 5055; x_wconf 82' lang='grc' dir='ltr'>πεισθεὶς</span> <span class='ocrx_word' id='word_1_740' title='bbox 1369 4994 1477 5053; x_wconf 84' lang='grc' dir='ltr'>τοῖς</span> <span class='ocrx_word' id='word_1_741' title='bbox 1514 4991 1684 5061; x_wconf 76' lang='grc' dir='ltr'>Ἰησοῦ</span> <span class='ocrx_word' id='word_1_742' title='bbox 1713 4991 1801 5043; x_wconf 79' lang='grc' dir='ltr'><strong>λό-</strong></span> 
     </span>
    </p>
   </div>
   <div class='ocr_carea' id='block_1_98' title="bbox 232 5083 1805 5161">
    <p class='ocr_par' dir='ltr' id='par_1_98' title="bbox 232 5083 1805 5161">
     <span class='ocr_line' id='line_1_98' title="bbox 232 5083 1805 5161; baseline -0.005 -18"><span class='ocrx_word' id='word_1_743' title='bbox 232 5108 373 5160; x_wconf 75' lang='grc' dir='ltr'>γοις,</span> <span class='ocrx_word' id='word_1_744' title='bbox 403 5090 613 5161; x_wconf 80' lang='grc' dir='ltr'>ἀθρόως</span> <span class='ocrx_word' id='word_1_745' title='bbox 637 5087 702 5141; x_wconf 85' lang='grc' dir='ltr'>ἂν</span> <span class='ocrx_word' id='word_1_746' title='bbox 725 5087 1033 5159; x_wconf 84' lang='grc' dir='ltr'>βοηθηθείη,</span> <span class='ocrx_word' id='word_1_747' title='bbox 1069 5088 1143 5151; x_wconf 81' lang='grc' dir='ltr'><strong>ὡς</strong></span> <span class='ocrx_word' id='word_1_748' title='bbox 1188 5088 1280 5139; x_wconf 76' lang='grc' dir='ltr'>καὶ</span> <span class='ocrx_word' id='word_1_749' title='bbox 1314 5088 1361 5137; x_wconf 83' lang='grc' dir='ltr'>οἱ</span> <span class='ocrx_word' id='word_1_750' title='bbox 1391 5084 1674 5137; x_wconf 80' lang='grc' dir='ltr'>ἀπόστολοι</span> <span class='ocrx_word' id='word_1_751' title='bbox 1710 5083 1805 5135; x_wconf 78' lang='grc' dir='ltr'>τοῦ</span> 
     </span>
    </p>
   </div>
   <div class='ocr_carea' id='block_1_99' title="bbox 228 5175 1821 5252">
    <p class='ocr_par' dir='ltr' id='par_1_99' title="bbox 228 5175 1821 5252">
     <span class='ocr_line' id='line_1_99' title="bbox 228 5175 1821 5252; baseline -0.006 -18"><span class='ocrx_word' id='word_1_752' title='bbox 228 5179 491 5252; x_wconf 76' lang='grc' dir='ltr'>Χριστοῦ,</span> <span class='ocrx_word' id='word_1_753' title='bbox 528 5180 659 5251; x_wconf 76' lang='grc' dir='ltr'>πρὸς</span> <span class='ocrx_word' id='word_1_754' title='bbox 720 5179 780 5231; x_wconf 83' lang='grc' dir='ltr'><strong>τὸ</strong></span> <span class='ocrx_word' id='word_1_755' title='bbox 821 5178 1071 5247; x_wconf 78' lang='grc' dir='ltr'>γενέσθαι</span> <span class='ocrx_word' id='word_1_756' title='bbox 1116 5178 1276 5245; x_wconf 77' lang='grc' dir='ltr'>σοφὸς</span> <span class='ocrx_word' id='word_1_757' title='bbox 1327 5179 1383 5229; x_wconf 82' lang='grc' dir='ltr'>ὲν</span> <span class='ocrx_word' id='word_1_758' title='bbox 1436 5175 1674 5245; x_wconf 81' lang='grc' dir='ltr'>Χριστῷ,</span> <span class='ocrx_word' id='word_1_759' title='bbox 1714 5176 1821 5240; x_wconf 37' lang='grc' dir='ltr'><strong>καὶ,</strong></span> 
     </span>
    </p>
   </div>
   <div class='ocr_carea' id='block_1_100' title="bbox 227 5267 1807 5341">
    <p class='ocr_par' dir='ltr' id='par_1_100' title="bbox 227 5267 1807 5341">
     <span class='ocr_line' id='line_1_100' title="bbox 227 5267 1807 5341; baseline -0.005 -17"><span class='ocrx_word' id='word_1_760' title='bbox 227 5273 497 5341; x_wconf 89' lang='grc' dir='ltr'>ἀνδρεῖος,</span> <span class='ocrx_word' id='word_1_761' title='bbox 539 5270 631 5321; x_wconf 78' lang='grc' dir='ltr'>καὶ</span> <span class='ocrx_word' id='word_1_762' title='bbox 671 5270 893 5332; x_wconf 83' lang='grc' dir='ltr'>δίκαιος,</span> <span class='ocrx_word' id='word_1_763' title='bbox 919 5270 1011 5322; x_wconf 77' lang='grc' dir='ltr'>καὶ</span> <span class='ocrx_word' id='word_1_764' title='bbox 1035 5269 1284 5339; x_wconf 72' lang='grc' dir='ltr'>σώφρων,</span> <span class='ocrx_word' id='word_1_765' title='bbox 1314 5269 1405 5321; x_wconf 78' lang='grc' dir='ltr'><strong>καὶ</strong></span> <span class='ocrx_word' id='word_1_766' title='bbox 1430 5267 1583 5329; x_wconf 78' lang='grc' dir='ltr'>ἐκτὸς</span> <span class='ocrx_word' id='word_1_767' title='bbox 1609 5267 1807 5329; x_wconf 74' lang='grc' dir='ltr'>παντὸς</span> 
     </span>
    </p>
   </div>
   <div class='ocr_carea' id='block_1_101' title="bbox 230 5359 1808 5431">
    <p class='ocr_par' dir='ltr' id='par_1_101' title="bbox 230 5359 1808 5431">
     <span class='ocr_line' id='line_1_101' title="bbox 230 5359 1808 5431; baseline -0.004 -16"><span class='ocrx_word' id='word_1_768' title='bbox 230 5363 454 5424; x_wconf 82' lang='grc' dir='ltr'>πάθους·</span> <span class='ocrx_word' id='word_1_769' title='bbox 516 5361 806 5431; x_wconf 74' lang='grc' dir='ltr'>φήσειὸὲὸ</span> <span class='ocrx_word' id='word_1_770' title='bbox 851 5360 1022 5425; x_wconf 75' lang='grc' dir='ltr'>οὕτως</span> <span class='ocrx_word' id='word_1_771' title='bbox 1078 5361 1526 5431; x_wconf 73' lang='grc' dir='ltr'>ἀπολογούμενος,</span> <span class='ocrx_word' id='word_1_772' title='bbox 1579 5359 1660 5411; x_wconf 76' lang='grc' dir='ltr'>ὅτι</span> <span class='ocrx_word' id='word_1_773' title='bbox 1709 5359 1808 5410; x_wconf 81' lang='grc' dir='ltr'><strong>οὐκ</strong></span> 
     </span>
    </p>
   </div>
   <div class='ocr_carea' id='block_1_102' title="bbox 230 5449 1803 5524">
    <p class='ocr_par' dir='ltr' id='par_1_102' title="bbox 230 5449 1803 5524">
     <span class='ocr_line' id='line_1_102' title="bbox 230 5449 1803 5524; baseline -0.004 -17"><span class='ocrx_word' id='word_1_774' title='bbox 230 5455 444 5524; x_wconf 76' lang='grc' dir='ltr'>ἀνάγκη</span> <span class='ocrx_word' id='word_1_775' title='bbox 466 5452 624 5505; x_wconf 79' lang='grc' dir='ltr'>τοῦτο</span> <span class='ocrx_word' id='word_1_776' title='bbox 671 5452 929 5523; x_wconf 79' lang='grc' dir='ltr'>νοηθῆναι</span> <span class='ocrx_word' id='word_1_777' title='bbox 958 5452 1121 5522; x_wconf 78' lang='grc' dir='ltr'>αὐτῆς</span> <span class='ocrx_word' id='word_1_778' title='bbox 1146 5453 1355 5522; x_wconf 79' lang='grc' dir='ltr'>ἡμέρας</span> <span class='ocrx_word' id='word_1_779' title='bbox 1386 5451 1689 5521; x_wconf 85' lang='grc' dir='ltr'>ἀπαντῆσαι</span> <span class='ocrx_word' id='word_1_780' title='bbox 1706 5449 1803 5519; x_wconf 59' lang='grc' dir='ltr'><strong>ἰτῷ</strong></span> 
     </span>
    </p>
   </div>
   <div class='ocr_carea' id='block_1_103' title="bbox 232 5543 1798 5616">
    <p class='ocr_par' dir='ltr' id='par_1_103' title="bbox 232 5543 1798 5616">
     <span class='ocr_line' id='line_1_103' title="bbox 232 5543 1798 5616; baseline -0.004 -18"><span class='ocrx_word' id='word_1_781' title='bbox 232 5544 608 5616; x_wconf 79' lang='grc' dir='ltr'>ἀποδεδομένῳ</span> <span class='ocrx_word' id='word_1_782' title='bbox 655 5544 725 5597; x_wconf 85' lang='grc' dir='ltr'>τὰ</span> <span class='ocrx_word' id='word_1_783' title='bbox 778 5544 1108 5614; x_wconf 82' lang='grc' dir='ltr'>ὑπάρχοντα,</span> <span class='ocrx_word' id='word_1_784' title='bbox 1170 5544 1262 5596; x_wconf 80' lang='grc' dir='ltr'>καὶ</span> <span class='ocrx_word' id='word_1_785' title='bbox 1309 5543 1499 5595; x_wconf 76' lang='grc' dir='ltr'>διδόντι</span> <span class='ocrx_word' id='word_1_786' title='bbox 1534 5544 1798 5611; x_wconf 80' lang='grc' dir='ltr'><strong>πτωχοῖς·</strong></span> 
     </span>
    </p>
   </div>
   <div class='ocr_carea' id='block_1_104' title="bbox 236 5632 1800 5706">
    <p class='ocr_par' dir='ltr' id='par_1_104' title="bbox 236 5632 1800 5706">
     <span class='ocr_line' id='line_1_104' title="bbox 236 5632 1800 5706; baseline -0.002 -19"><span class='ocrx_word' id='word_1_787' title='bbox 236 5636 344 5687; x_wconf 74' lang='grc' dir='ltr'>ἀλλ’</span> <span class='ocrx_word' id='word_1_788' title='bbox 402 5637 529 5699; x_wconf 74' lang='grc' dir='ltr'><strong>ἴσως</strong></span> <span class='ocrx_word' id='word_1_789' title='bbox 580 5636 672 5688; x_wconf 73' lang='grc' dir='ltr'>ἀπ’</span> <span class='ocrx_word' id='word_1_790' title='bbox 703 5634 915 5705; x_wconf 75' lang='grc' dir='ltr'>ἐκείνης</span> <span class='ocrx_word' id='word_1_791' title='bbox 967 5634 1063 5705; x_wconf 77' lang='grc' dir='ltr'><strong>μὲν</strong></span> <span class='ocrx_word' id='word_1_792' title='bbox 1116 5636 1213 5705; x_wconf 84' lang='grc' dir='ltr'>τῆς</span> <span class='ocrx_word' id='word_1_793' title='bbox 1256 5634 1463 5706; x_wconf 76' lang='grc' dir='ltr'>ἡμέρας</span> <span class='ocrx_word' id='word_1_794' title='bbox 1511 5632 1731 5697; x_wconf 73' lang='grc' dir='ltr'>ἄρξεται</span> <span class='ocrx_word' id='word_1_795' title='bbox 1767 5634 1800 5698; x_wconf 90' lang='grc' dir='ltr'>ή</span> 
     </span>
    </p>
   </div>
   <div class='ocr_carea' id='block_1_105' title="bbox 306 5811 1502 5881">
    <p class='ocr_par' dir='ltr' id='par_1_105' title="bbox 306 5811 1502 5881">
     <span class='ocr_line' id='line_1_105' title="bbox 306 5811 1502 5881; baseline -0.003 -11"><span class='ocrx_word' id='word_1_796' title='bbox 306 5823 347 5848; x_wconf 70' lang='lat'><strong>&quot;&quot;</strong></span> <span class='ocrx_word' id='word_1_797' title='bbox 394 5817 579 5871; x_wconf 77' lang='lat' dir='ltr'><strong>Matth.</strong></span> <span class='ocrx_word' id='word_1_798' title='bbox 617 5834 725 5881; x_wconf 78' lang='lat' dir='ltr'><strong>xvi,</strong></span> <span class='ocrx_word' id='word_1_799' title='bbox 752 5818 838 5871; x_wconf 72' lang='lat'><strong>‘23.</strong></span> <span class='ocrx_word' id='word_1_800' title='bbox 909 5816 950 5843; x_wconf 76' lang='grc'><strong>⁸⁷</strong></span> <span class='ocrx_word' id='word_1_801' title='bbox 986 5811 1127 5867; x_wconf 66' lang='grc' dir='ltr'><strong>Ροίιι.</strong></span> <span class='ocrx_word' id='word_1_802' title='bbox 1175 5829 1361 5875; x_wconf 57' lang='grc' dir='ltr'><strong>(έλκιιι,</strong></span> <span class='ocrx_word' id='word_1_803' title='bbox 1388 5812 1502 5866; x_wconf 71' lang='grc'><strong>165.</strong></span> 
     </span>
    </p>
   </div>
   <div class='ocr_carea' id='block_1_106' title="bbox 1584 5811 1839 5865">
    <p class='ocr_par' dir='ltr' id='par_1_106' title="bbox 1584 5811 1839 5865">
     <span class='ocr_line' id='line_1_106' title="bbox 1584 5811 1839 5865; baseline -0.004 0"><span class='ocrx_word' id='word_1_804' title='bbox 1584 5814 1625 5842; x_wconf 64' lang='grc'><strong>⁸⁸⁸</strong></span> <span class='ocrx_word' id='word_1_805' title='bbox 1667 5811 1685 5865; x_wconf 91' lang='grc'><strong>1</strong></span> <span class='ocrx_word' id='word_1_806' title='bbox 1714 5812 1839 5865; x_wconf 69' lang='grc' dir='ltr'><strong>(ζον.</strong></span> 
     </span>
    </p>
   </div>
   <div class='ocr_carea' id='block_1_107' title="bbox 1909 4616 3471 4691">
    <p class='ocr_par' dir='ltr' id='par_1_107' title="bbox 1909 4616 3471 4691">
     <span class='ocr_line' id='line_1_107' title="bbox 1909 4616 3471 4691; baseline -0.004 -16"><span class='ocrx_word' id='word_1_807' title='bbox 1909 4636 2091 4691; x_wconf 88' lang='lat' dir='ltr'><strong>geues,</strong></span> <span class='ocrx_word' id='word_1_808' title='bbox 2145 4634 2318 4688; x_wconf 90' lang='lat' dir='ltr'><strong>neque</strong></span> <span class='ocrx_word' id='word_1_809' title='bbox 2359 4619 2625 4688; x_wconf 81' lang='lat' dir='ltr'><strong>Pelagius,</strong></span> <span class='ocrx_word' id='word_1_810' title='bbox 2667 4616 2759 4669; x_wconf 90' lang='lat' dir='ltr'><strong>sed</strong></span> <span class='ocrx_word' id='word_1_811' title='bbox 2800 4626 3021 4684; x_wconf 86' lang='lat' dir='ltr'><strong>peccato</strong></span> <span class='ocrx_word' id='word_1_812' title='bbox 3057 4631 3244 4670; x_wconf 88' lang='lat' dir='ltr'><strong>carere</strong></span> <span class='ocrx_word' id='word_1_813' title='bbox 3276 4630 3471 4684; x_wconf 88' lang='lat' dir='ltr'><strong>posse;</strong></span> 
     </span>
    </p>
   </div>
   <div class='ocr_carea' id='block_1_108' title="bbox 1910 4709 3473 4781">
    <p class='ocr_par' dir='ltr' id='par_1_108' title="bbox 1910 4709 3473 4781">
     <span class='ocr_line' id='line_1_108' title="bbox 1910 4709 3473 4781; baseline -0.003 -15"><span class='ocrx_word' id='word_1_814' title='bbox 1910 4713 2020 4766; x_wconf 90' lang='lat' dir='ltr'><strong>imo</strong></span> <span class='ocrx_word' id='word_1_815' title='bbox 2045 4726 2174 4766; x_wconf 90' lang='lat' dir='ltr'><strong>vero</strong></span> <span class='ocrx_word' id='word_1_816' title='bbox 2206 4712 2531 4781; x_wconf 64' lang='lat' dir='ltr'><strong>praedicabat</strong></span> <span class='ocrx_word' id='word_1_817' title='bbox 2563 4710 2810 4780; x_wconf 83' lang='lat' dir='ltr'><strong>Pelagius</strong></span> <span class='ocrx_word' id='word_1_818' title='bbox 2838 4724 2940 4764; x_wconf 89' lang='lat' dir='ltr'><strong>non</strong></span> <span class='ocrx_word' id='word_1_819' title='bbox 2969 4710 3019 4762; x_wconf 90' lang='lat' dir='ltr'><strong>id</strong></span> <span class='ocrx_word' id='word_1_820' title='bbox 3042 4709 3150 4777; x_wconf 76' lang='lat' dir='ltr'><strong>agi,</strong></span> <span class='ocrx_word' id='word_1_821' title='bbox 3173 4718 3350 4762; x_wconf 89' lang='lat' dir='ltr'><strong>utrutn</strong></span> <span class='ocrx_word' id='word_1_822' title='bbox 3374 4709 3473 4763; x_wconf 73' lang='lat' dir='ltr'><strong>ali-&#39;</strong></span> 
     </span>
    </p>
   </div>
   <div class='ocr_carea' id='block_1_109' title="bbox 1909 4783 3471 4871">
    <p class='ocr_par' dir='ltr' id='par_1_109' title="bbox 1909 4783 3471 4871">
     <span class='ocr_line' id='line_1_109' title="bbox 1909 4783 3471 4871; baseline -0.001 -17"><span class='ocrx_word' id='word_1_823' title='bbox 1909 4803 2030 4871; x_wconf 90' lang='lat' dir='ltr'><strong>quis</strong></span> <span class='ocrx_word' id='word_1_824' title='bbox 2072 4808 2274 4870; x_wconf 74' lang='lat' dir='ltr'><strong>peccati</strong></span> <span class='ocrx_word' id='word_1_825' title='bbox 2332 4817 2426 4869; x_wconf 87' lang='lat' dir='ltr'><strong>per</strong></span> <span class='ocrx_word' id='word_1_826' title='bbox 2478 4812 2644 4855; x_wconf 88' lang='lat' dir='ltr'><strong>totam</strong></span> <span class='ocrx_word' id='word_1_827' title='bbox 2696 4802 2857 4853; x_wconf 88' lang='lat' dir='ltr'><strong>vitam</strong></span> <span class='ocrx_word' id='word_1_828' title='bbox 2908 4799 3095 4853; x_wconf 83' lang='lat' dir='ltr'><strong>fuisset</strong></span> <span class='ocrx_word' id='word_1_829' title='bbox 3132 4815 3342 4865; x_wconf 87' lang='lat' dir='ltr'><strong>exsors,</strong></span> <span class='ocrx_word' id='word_1_830' title='bbox 3377 4783 3471 4853; x_wconf 87' lang='lat' dir='ltr'><strong>sed</strong></span> 
     </span>
    </p>
   </div>
   <div class='ocr_carea' id='block_1_110' title="bbox 1912 4890 3470 4960">
    <p class='ocr_par' dir='ltr' id='par_1_110' title="bbox 1912 4890 3470 4960">
     <span class='ocr_line' id='line_1_110' title="bbox 1912 4890 3470 4960; baseline -0.003 -13"><span class='ocrx_word' id='word_1_831' title='bbox 1912 4906 2089 4948; x_wconf 89' lang='lat' dir='ltr'><strong>utrum</strong></span> <span class='ocrx_word' id='word_1_832' title='bbox 2126 4894 2368 4947; x_wconf 71' lang='lat' dir='ltr'><strong>homines</strong></span> <span class='ocrx_word' id='word_1_833' title='bbox 2398 4893 2601 4960; x_wconf 80' lang='lat' dir='ltr'><strong>peccati</strong></span> <span class='ocrx_word' id='word_1_834' title='bbox 2643 4902 2889 4945; x_wconf 82' lang='lat' dir='ltr'><strong>exsortes</strong></span> <span class='ocrx_word' id='word_1_835' title='bbox 2930 4906 3049 4944; x_wconf 88' lang='lat' dir='ltr'><strong>esse</strong></span> <span class='ocrx_word' id='word_1_836' title='bbox 3080 4899 3299 4959; x_wconf 88' lang='lat' dir='ltr'><strong>queant,</strong></span> <span class='ocrx_word' id='word_1_837' title='bbox 3331 4890 3470 4958; x_wconf 85' lang='lat' dir='ltr'><strong>quod</strong></span> 
     </span>
    </p>
   </div>
   <div class='ocr_carea' id='block_1_111' title="bbox 1910 4981 3474 5054">
    <p class='ocr_par' dir='ltr' id='par_1_111' title="bbox 1910 4981 3474 5054">
     <span class='ocr_line' id='line_1_111' title="bbox 1910 4981 3474 5054; baseline -0.005 -14"><span class='ocrx_word' id='word_1_838' title='bbox 1910 5003 2005 5054; x_wconf 89' lang='lat' dir='ltr'><strong>per</strong></span> <span class='ocrx_word' id='word_1_839' title='bbox 2052 4985 2261 5038; x_wconf 88' lang='lat' dir='ltr'><strong>arbitrii</strong></span> <span class='ocrx_word' id='word_1_840' title='bbox 2302 4984 2457 5039; x_wconf 87' lang='lat' dir='ltr'><strong>liberi</strong></span> <span class='ocrx_word' id='word_1_841' title='bbox 2490 4986 2633 5038; x_wconf 91' lang='lat' dir='ltr'><strong>vires</strong></span> <span class='ocrx_word' id='word_1_842' title='bbox 2678 4984 2792 5037; x_wconf 85' lang='lat' dir='ltr'><strong>ﬁeri</strong></span> <span class='ocrx_word' id='word_1_843' title='bbox 2840 4997 2999 5051; x_wconf 61' lang='lat' dir='ltr'><strong>posse</strong></span> <span class='ocrx_word' id='word_1_844' title='bbox 3036 4981 3364 5041; x_wconf 83' lang='lat' dir='ltr'><strong>ailirmabat;</strong></span> <span class='ocrx_word' id='word_1_845' title='bbox 3418 4988 3474 5032; x_wconf 92' lang='lat' dir='ltr'><strong>et</strong></span> 
     </span>
    </p>
   </div>
   <div class='ocr_carea' id='block_1_112' title="bbox 1909 5071 3472 5146">
    <p class='ocr_par' dir='ltr' id='par_1_112' title="bbox 1909 5071 3472 5146">
     <span class='ocr_line' id='line_1_112' title="bbox 1909 5071 3472 5146; baseline -0.004 -15"><span class='ocrx_word' id='word_1_846' title='bbox 1909 5079 2263 5131; x_wconf 86' lang='lat' dir='ltr'><strong>Adamantius</strong></span> <span class='ocrx_word' id='word_1_847' title='bbox 2290 5092 2503 5146; x_wconf 89' lang='lat' dir='ltr'><strong>quoque</strong></span> <span class='ocrx_word' id='word_1_848' title='bbox 2543 5077 2809 5131; x_wconf 89' lang='lat' dir='ltr'><strong>neminem</strong></span> <span class='ocrx_word' id='word_1_849' title='bbox 2846 5077 2963 5128; x_wconf 87' lang='lat' dir='ltr'><strong>sine</strong></span> <span class='ocrx_word' id='word_1_850' title='bbox 3001 5083 3224 5144; x_wconf 74' lang='lat' dir='ltr'><strong>peccato</strong></span> <span class='ocrx_word' id='word_1_851' title='bbox 3268 5071 3472 5125; x_wconf 77' lang='lat' dir='ltr'><strong>vixisse</strong></span> 
     </span>
    </p>
   </div>
   <div class='ocr_carea' id='block_1_113' title="bbox 1912 5168 3472 5238">
    <p class='ocr_par' dir='ltr' id='par_1_113' title="bbox 1912 5168 3472 5238">
     <span class='ocr_line' id='line_1_113' title="bbox 1912 5168 3472 5238; baseline -0.004 -17"><span class='ocrx_word' id='word_1_852' title='bbox 1912 5170 2154 5238; x_wconf 87' lang='lat' dir='ltr'><strong>putabat,</strong></span> <span class='ocrx_word' id='word_1_853' title='bbox 2187 5178 2245 5220; x_wconf 91' lang='lat' dir='ltr'><strong>ut</strong></span> <span class='ocrx_word' id='word_1_854' title='bbox 2275 5184 2433 5236; x_wconf 91' lang='lat' dir='ltr'><strong>supra</strong></span> <span class='ocrx_word' id='word_1_855' title='bbox 2472 5168 2606 5221; x_wconf 85' lang='lat' dir='ltr'><strong>dixi.</strong></span> <span class='ocrx_word' id='word_1_856' title='bbox 2638 5168 2797 5237; x_wconf 87' lang='lat' dir='ltr'><strong>Atqui</strong></span> <span class='ocrx_word' id='word_1_857' title='bbox 2832 5168 2945 5219; x_wconf 70' lang='lat' dir='ltr'><strong>lii-ri</strong></span> <span class='ocrx_word' id='word_1_858' title='bbox 2978 5180 3132 5232; x_wconf 82' lang='lat' dir='ltr'><strong>posse</strong></span> <span class='ocrx_word' id='word_1_859' title='bbox 3161 5181 3266 5218; x_wconf 91' lang='lat' dir='ltr'><strong>non</strong></span> <span class='ocrx_word' id='word_1_860' title='bbox 3306 5180 3472 5233; x_wconf 85' lang='lat' dir='ltr'><strong>nega-</strong></span> 
     </span>
    </p>
   </div>
   <div class='ocr_carea' id='block_1_114' title="bbox 1910 5260 3473 5329">
    <p class='ocr_par' dir='ltr' id='par_1_114' title="bbox 1910 5260 3473 5329">
     <span class='ocr_line' id='line_1_114' title="bbox 1910 5260 3473 5329; baseline 0.001 -17"><span class='ocrx_word' id='word_1_861' title='bbox 1910 5261 2001 5313; x_wconf 87' lang='lat' dir='ltr'><strong>bat</strong></span> <span class='ocrx_word' id='word_1_862' title='bbox 2032 5261 2367 5329; x_wconf 81' lang='lat' dir='ltr'><strong>Augustinus</strong></span> <span class='ocrx_word' id='word_1_863' title='bbox 2394 5272 2451 5311; x_wconf 92' lang='lat' dir='ltr'><strong>ut</strong></span> <span class='ocrx_word' id='word_1_864' title='bbox 2475 5275 2594 5313; x_wconf 88' lang='lat' dir='ltr'><strong>esse</strong></span> <span class='ocrx_word' id='word_1_865' title='bbox 2621 5268 2804 5329; x_wconf 90' lang='lat' dir='ltr'><strong>posset</strong></span> <span class='ocrx_word' id='word_1_866' title='bbox 2827 5261 2987 5314; x_wconf 85' lang='grc' dir='ltr'>Ιιοιιιο</span> <span class='ocrx_word' id='word_1_867' title='bbox 3023 5261 3074 5314; x_wconf 92' lang='lat' dir='ltr'><strong>in</strong></span> <span class='ocrx_word' id='word_1_868' title='bbox 3110 5260 3208 5314; x_wconf 89' lang='lat' dir='ltr'><strong>hac</strong></span> <span class='ocrx_word' id='word_1_869' title='bbox 3232 5260 3338 5313; x_wconf 90' lang='lat' dir='ltr'><strong>vita</strong></span> <span class='ocrx_word' id='word_1_870' title='bbox 3357 5260 3473 5314; x_wconf 86' lang='lat' dir='ltr'><strong>sine</strong></span> 
     </span>
    </p>
   </div>
   <div class='ocr_carea' id='block_1_115' title="bbox 1912 5351 3471 5421">
    <p class='ocr_par' dir='ltr' id='par_1_115' title="bbox 1912 5351 3471 5421">
     <span class='ocr_line' id='line_1_115' title="bbox 1912 5351 3471 5421; baseline 0.001 -15"><span class='ocrx_word' id='word_1_871' title='bbox 1912 5364 2157 5421; x_wconf 83' lang='lat' dir='ltr'><strong>peccato,</strong></span> <span class='ocrx_word' id='word_1_872' title='bbox 2187 5352 2237 5405; x_wconf 85' lang='lat' dir='ltr'><strong>id</strong></span> <span class='ocrx_word' id='word_1_873' title='bbox 2271 5351 2426 5405; x_wconf 91' lang='lat' dir='ltr'><strong>modo</strong></span> <span class='ocrx_word' id='word_1_874' title='bbox 2449 5352 2635 5420; x_wconf 64' lang='lat' dir='ltr'><strong>gratiae</strong></span> <span class='ocrx_word' id='word_1_875' title='bbox 2660 5351 2883 5417; x_wconf 85' lang='lat' dir='ltr'><strong>auxilio,</strong></span> <span class='ocrx_word' id='word_1_876' title='bbox 2907 5367 3011 5405; x_wconf 87' lang='lat' dir='ltr'><strong>nott</strong></span> <span class='ocrx_word' id='word_1_877' title='bbox 3045 5361 3246 5405; x_wconf 58' lang='lat' dir='ltr'><strong>natura</strong></span> <span class='ocrx_word' id='word_1_878' title='bbox 3269 5351 3471 5408; x_wconf 87' lang='lat' dir='ltr'><strong>viribus</strong></span> 
     </span>
    </p>
   </div>
   <div class='ocr_carea' id='block_1_116' title="bbox 1910 5440 3462 5514">
    <p class='ocr_par' dir='ltr' id='par_1_116' title="bbox 1910 5440 3462 5514">
     <span class='ocr_line' id='line_1_116' title="bbox 1910 5440 3462 5514; baseline -0.001 -15"><span class='ocrx_word' id='word_1_879' title='bbox 1910 5446 2204 5499; x_wconf 78' lang='lat' dir='ltr'><strong>referretur</strong></span> <span class='ocrx_word' id='word_1_880' title='bbox 2232 5452 2503 5512; x_wconf 87' lang='lat' dir='ltr'><strong>acceptum</strong></span> <span class='ocrx_word' id='word_1_881' title='bbox 2533 5460 2546 5496; x_wconf 90' lang='lat'><strong>:</strong></span> <span class='ocrx_word' id='word_1_882' title='bbox 2576 5460 2595 5493; x_wconf 75' lang='grc' dir='ltr'><strong>ι</strong></span> <span class='ocrx_word' id='word_1_883' title='bbox 2620 5440 2754 5496; x_wconf 85' lang='lat' dir='ltr'><strong>Nam</strong></span> <span class='ocrx_word' id='word_1_884' title='bbox 2779 5444 2867 5511; x_wconf 91' lang='lat' dir='ltr'><strong>qui</strong></span> <span class='ocrx_word' id='word_1_885' title='bbox 2890 5444 3099 5507; x_wconf 88' lang='lat' dir='ltr'><strong>dicunt,</strong></span> <span class='ocrx_word' id='word_1_886' title='bbox 3129 5462 3149 5496; x_wconf 69' lang='grc' dir='ltr'><strong>ι</strong></span> <span class='ocrx_word' id='word_1_887' title='bbox 3172 5444 3341 5514; x_wconf 89' lang='lat' dir='ltr'><strong>inquit</strong></span> <span class='ocrx_word' id='word_1_888' title='bbox 3369 5443 3462 5497; x_wconf 92' lang='lat' dir='ltr'><strong>lib.</strong></span> 
     </span>
    </p>
   </div>
   <div class='ocr_carea' id='block_1_117' title="bbox 1914 5533 3469 5606">
    <p class='ocr_par' dir='ltr' id='par_1_117' title="bbox 1914 5533 3469 5606">
     <span class='ocr_line' id='line_1_117' title="bbox 1914 5533 3469 5606; baseline -0.001 -16"><span class='ocrx_word' id='word_1_889' title='bbox 1914 5538 1990 5590; x_wconf 81' lang='lat' dir='ltr'><strong>De</strong></span> <span class='ocrx_word' id='word_1_890' title='bbox 2029 5545 2225 5606; x_wconf 78' lang='lat' dir='ltr'><strong>peccat.</strong></span> <span class='ocrx_word' id='word_1_891' title='bbox 2254 5552 2403 5597; x_wconf 88' lang='lat' dir='ltr'><strong>mer.,</strong></span> <span class='ocrx_word' id='word_1_892' title='bbox 2440 5535 2533 5591; x_wconf 88' lang='lat' dir='ltr'><strong>lib.</strong></span> <span class='ocrx_word' id='word_1_893' title='bbox 2563 5551 2624 5599; x_wconf 87' lang='grc' dir='ltr'><strong>ιι,</strong></span> <span class='ocrx_word' id='word_1_894' title='bbox 2662 5552 2782 5606; x_wconf 90' lang='lat' dir='ltr'><strong>cap.</strong></span> <span class='ocrx_word' id='word_1_895' title='bbox 2809 5533 2864 5598; x_wconf 86' lang='lat'><strong>6,</strong></span> <span class='ocrx_word' id='word_1_896' title='bbox 2900 5553 2919 5586; x_wconf 85' lang='grc'><strong><em>‹</em></strong></span> <span class='ocrx_word' id='word_1_897' title='bbox 2956 5550 3073 5590; x_wconf 89' lang='lat' dir='ltr'><strong>esse</strong></span> <span class='ocrx_word' id='word_1_898' title='bbox 3101 5550 3255 5604; x_wconf 81' lang='lat' dir='ltr'><strong>posse</strong></span> <span class='ocrx_word' id='word_1_899' title='bbox 3282 5534 3333 5589; x_wconf 92' lang='lat' dir='ltr'><strong>in</strong></span> <span class='ocrx_word' id='word_1_900' title='bbox 3366 5534 3469 5588; x_wconf 86' lang='lat' dir='ltr'><strong>hac</strong></span> 
     </span>
    </p>
   </div>
   <div class='ocr_carea' id='block_1_118' title="bbox 1908 5627 3471 5699">
    <p class='ocr_par' dir='ltr' id='par_1_118' title="bbox 1908 5627 3471 5699">
     <span class='ocr_line' id='line_1_118' title="bbox 1908 5627 3471 5699; baseline 0.003 -18"><span class='ocrx_word' id='word_1_901' title='bbox 1908 5632 2014 5682; x_wconf 88' lang='lat' dir='ltr'><strong>vita</strong></span> <span class='ocrx_word' id='word_1_902' title='bbox 2037 5630 2309 5684; x_wconf 88' lang='lat' dir='ltr'><strong>hominem</strong></span> <span class='ocrx_word' id='word_1_903' title='bbox 2341 5629 2453 5684; x_wconf 70' lang='lat' dir='ltr'><strong>sine</strong></span> <span class='ocrx_word' id='word_1_904' title='bbox 2482 5642 2722 5699; x_wconf 83' lang='lat' dir='ltr'><strong>peccato,</strong></span> <span class='ocrx_word' id='word_1_905' title='bbox 2756 5644 2857 5681; x_wconf 87' lang='lat' dir='ltr'><strong>non</strong></span> <span class='ocrx_word' id='word_1_906' title='bbox 2894 5638 2975 5683; x_wconf 88' lang='lat' dir='ltr'><strong>est</strong></span> <span class='ocrx_word' id='word_1_907' title='bbox 3006 5628 3081 5683; x_wconf 84' lang='lat' dir='ltr'><strong>eis</strong></span> <span class='ocrx_word' id='word_1_908' title='bbox 3105 5629 3362 5683; x_wconf 85' lang='lat' dir='ltr'><strong>continuo</strong></span> <span class='ocrx_word' id='word_1_909' title='bbox 3390 5627 3471 5685; x_wconf 87' lang='lat' dir='ltr'><strong>iu-</strong></span> 
     </span>
    </p>
   </div>
   <div class='ocr_carea' id='block_1_119' title="bbox 1882 5808 2087 5874">
    <p class='ocr_par' dir='ltr' id='par_1_119' title="bbox 1882 5808 2087 5874">
     <span class='ocr_line' id='line_1_119' title="bbox 1882 5808 2087 5874; baseline -0.015 -10"><span class='ocrx_word' id='word_1_910' title='bbox 1882 5825 2004 5874; x_wconf 77' lang='lat' dir='ltr'><strong>xttt,</strong></span> <span class='ocrx_word' id='word_1_911' title='bbox 2035 5808 2087 5863; x_wconf 92' lang='lat'><strong>8.</strong></span> 
     </span>
    </p>
   </div>
  </div>
