4054 6310
632 403 741 463 959

1909 390 1969 446 P.
2010 385 2325 443 DANIELIS
2360 383 2589 441 llUETIl
3728 384 3835 439 960.

632 529 795 579 cauta
824 516 1129 573 temeritate
1167 510 1561 570 obsistendum.
1595 510 1687 566 Sic
1703 508 1848 565 enim
1884 523 2003 565 esse
2050 522 2208 577 posse
2236 511 2282 568 Α
2312 504 2555 559 renovari
2583 504 2650 556 ad
2703 499 3071 571 ptmnitentiam
3096 539 3110 563 ,
3148 513 3358 554 rursum
3405 496 3737 570 cruciﬁgeutes
3758 504 3815 558 si.

637 611 1038 681 negaverimus,
1089 616 1141 662 et
1188 605 1425 660 hominis
1472 603 1643 658 libero
1692 602 1938 666 arbitrio,
1981 602 2073 669 qui
2114 602 2217 655 hoc.

637 703 866 758 volendo
905 699 1131 769 appetit,
1158 707 1212 751 et
1239 697 1329 751 Dei
1356 696 1544 749 virtuti
1575 694 1658 748 vel
1691 694 2089 757 misericordiae,
2125 692 2215 763 qui

639 792 744 847 hoc
770 789 1079 860 adiuvando
1107 787 1294 851 etlicit,
1319 786 1722 857 derogabimus.
1752 805 1770 838 ›
1810 784 1918 841 Nec
1941 785 2071 840 satis
2094 800 2221 853 pro-

639 883 755 951 prie.
785 882 926 935 idem
961 879 1323 950 Hieronymus
1359 879 1410 931 in
1441 884 1673 947 promtn.
1714 878 1811 933 lib.
1854 894 1902 930 tv
1926 876 2213 930 Comment.

639 990 694 1027 ιη
721 971 941 1033 Jerem.,
970 967 1385 1043 ἀναμαρτησίαν
1432 966 1728 1022 reddidisse
1760 966 1991 1029 videtur,
2024 967 2222 1034 impec-

639 1063 892 1123 centiam,
929 1061 978 1114 id
1008 1071 1113 1125 est,
1142 1077 1245 1112 non
1272 1074 1516 1128 peccare;
1544 1056 1693 1124 quod
1724 1057 2046 1110 reddendum
2078 1066 2214 1119 erat,

638 1152 1145 1224 impeccabilitatem,
1183 1150 1233 1205 id
1275 1161 1379 1215 est,
1422 1166 1523 1203 non
1560 1164 1711 1217 posse
1747 1162 1979 1219 peccare.
2022 1147 2218 1216 Perpe-

640 1267 754 1305 ram
791 1263 1004 1319 quoque
1028 1245 1287 1315 scriptum
1315 1247 1383 1301 ab
1407 1258 1475 1299 eo
1502 1254 1585 1298 cst
1613 1255 1840 1313 protem.
1872 1241 2082 1309 Dialog.
2115 1240 2219 1293 ad-

638 1360 770 1398 vers.
802 1340 984 1411 Pelag.
1026 1355 1045 1395 :
1079 1360 1097 1392 t
1132 1340 1263 1395 Illud
1302 1349 1480 1393 autem
1525 1335 1772 1407 Origenis
1811 1335 2081 1403 propriutn
2110 1343 2214 1396 est,

638 1444 761 1488 esse
785 1431 1061 1502 possibile,
1096 1445 1218 1484 cum
1264 1443 1323 1483 se
1360 1427 1557 1497 aliquis
1584 1426 1647 1479 ad
1682 1424 1901 1479 meliora
1934 1432 2216 1477 converte-

638 1525 737 1588 rit,
768 1524 833 1578 ad
865 1533 1067 1577 tantam
1097 1520 1463 1576 fortitudinem
1498 1520 1807 1588 pervenire,
1842 1528 1899 1573 ut
1920 1520 2058 1572 ultra
2090 1533 2217 1585 pec-

640 1626 767 1669 care
811 1630 916 1668 non
964 1614 1155 1682 possit,
1190 1630 1209 1663 ι
1245 1625 1344 1680 pro
1370 1625 1434 1664 eo
1465 1612 1607 1678 quod
1640 1609 1882 1663 scribere
1915 1607 2121 1671 debuit,
2161 1614 2216 1659 ut

641 1706 782 1760 ultra
816 1724 917 1759 non
944 1720 1157 1772 peccare
1184 1704 1371 1773 possit.
1395 1701 1641 1756 Genuina
1670 1716 1799 1772 ergo
1824 1714 1885 1753 ea
1904 1699 2007 1753 fuit
2029 1698 2217 1769 Orige-

641 1800 728 1853 nis
760 1800 1051 1863 sententia,
1086 1797 1332 1851 homines
1381 1810 1569 1849 omnes
1614 1792 1851 1862 peccatis
1902 1807 2020 1846 esse
2054 1792 2218 1846 obno-

644 1889 792 1955 xios;
819 1888 910 1958 qui
937 1902 1066 1941 vero
1089 1885 1435 1956 acquirendae
1462 1885 1676 1949 virtuti,
1703 1893 1758 1938 et
1788 1882 1998 1938 delictis
2024 1898 2216 1951 expur-

641 1980 834 2050 gandis
859 1978 1067 2034 dederit
1097 1992 1339 2047 operam,
1364 1986 1419 2032 et
1454 1978 1521 2031 ad
1543 1976 1928 2046 perfectionem
1958 1989 2216 2029 conscen-

643 2069 808 2134 derit,
836 2068 1089 2124 vitiorum
1114 2068 1462 2123 incitamenta
1492 2067 1727 2137 pr0priis
1754 2065 1956 2121 viribus
1980 2080 2219 2133 pessum-

645 2164 777 2219 dare
816 2177 979 2233 posse
1006 2163 1052 2218 si
1081 2161 1227 2228 velit,
1260 2164 1327 2215 ab
1365 2163 1536 2231 iisque
1569 2161 1880 2230 neutiquam
1911 2160 2126 2214 tentari.
2154 2160 2215 2215 In

644 2271 755 2327 quo
798 2255 1049 2327 geminus
1087 2266 1172 2311 est
1201 2271 1379 2317 ert-or,
1434 2254 1576 2325 quod
1606 2254 1782 2309 virum
1810 2253 2107 2324 perfectum
2148 2252 2218 2308 ad

645 2349 937 2405 calcandas
971 2349 1179 2421 peccati
1230 2347 1522 2403 blanditias
1569 2347 1756 2415 gratiae
1812 2346 2065 2417 presidio
2109 2361 2217 2402 non

641 2452 807 2512 egere
838 2441 991 2506 velit,
1022 2450 1076 2495 et
1107 2440 1248 2511 quod
1280 2438 1669 2494 tentationibus
1697 2454 1820 2493 eum
1854 2439 2077 2492 minime
2099 2454 2220 2507 per-

643 2532 763 2587 celli
798 2543 1049 2596 censeat;
1080 2548 1202 2587 cum
1241 2542 1449 2587 certum
1477 2532 1548 2585 sit
1580 2529 1747 2584 vitam
1776 2529 2011 2585 hominis
2044 2540 2220 2585 certa-

645 2640 768 2680 men
804 2640 928 2681 esse
978 2635 1326 2695 perpetuum,
1366 2634 1420 2678 et
1472 2621 1639 2680 Paulo
1679 2623 1782 2694 ipsi
1822 2622 2004 2678 datum
2053 2622 2220 2680 fuisse

644 2716 928 2773 stimulum
962 2717 1166 2771 carnis.

717 2807 834 2865 XX.
876 2806 1340 2874 Quemadmodum
1371 2815 1588 2863 evectos
1609 2806 1675 2860 ad
1704 2822 1977 2861 summum
2005 2808 2223 2863 virtutis

645 2900 856 2968 apicem
885 2898 1132 2952 homines
1163 2897 1399 2966 peccatis
1432 2897 1702 2953 obnoxios
1736 2914 1841 2952 non
1874 2913 1996 2953 esse
2028 2898 2220 2953 delini-

646 2990 723 3045 vit
753 2989 1141 3053 Adamantius;
1177 2989 1248 3042 ita
1286 2989 1584 3044 asseruisse
1619 2989 1765 3045 visus
1792 2997 1877 3045 est
1922 3004 2027 3043 non
2063 3004 2222 3059 posse

643 3094 739 3136 eos
788 3092 1070 3150 emergere
1097 3093 1126 3132 a
1165 3077 1336 3145 vitiis,
1371 3085 1427 3133 et
1475 3079 1543 3133 ad
1577 3079 1836 3134 virtutem
1885 3081 2126 3152 regredi,
2157 3095 2221 3136 ac

2323 596 2621 663 bimetipsis
2652 592 2846 647 Filium
2882 590 2999 657 Dei,
3034 600 3090 644 et
3114 589 3351 644 ostentui
3382 590 3693 655 habentes;i
3717 608 3814 647 nec-

2324 701 2429 739 non
2462 694 2515 739 et
2561 688 2659 739 ista
2693 699 2723 736 e
2768 698 2885 751 cap.
2918 681 3007 746 10,
3055 696 3199 736 vers.
3252 680 3344 743 26,
3373 679 3478 735 27:
3516 701 3534 732 ι
3564 679 3817 744 Voluntarie

2318 776 2466 830 enim
2530 773 2881 846 peccantibus
2920 774 3076 827 nobis
3135 782 3259 843 post
3310 780 3578 841 acceptam
3624 776 3820 833 notitiam

2317 866 2586 928 veritatis,
2607 866 2717 934 jam
2756 881 2861 919 non
2890 864 3213 933 relinquitur
3258 879 3355 935 pro
3398 866 3622 932 peccatis
3658 868 3818 933 hostia;

2319 958 2582 1013 terribilis
2639 967 2817 1011 autem
2867 958 3111 1025 quaedam
3149 958 3477 1026 exspectatio
3513 955 3824 1024 iudicii.tln-

2317 1054 2383 1107 de
2407 1061 2461 1105 et
2484 1051 2726 1106 Novatus
2747 1051 2799 1104 itt
2833 1052 3080 1121 haeresim
3111 1051 3361 1105 inductus
3387 1059 3486 1106 est.
3507 1050 3661 1117 Quam
3684 1064 3822 1110 autem

2321 1145 2407 1199 his
2439 1144 2589 1198 Pauli
2646 1144 2779 1199 locis
2818 1142 3212 1213 expositionem
3263 1142 3507 1197 adhibuit
3540 1142 3821 1212 Philastrius,

2318 1235 2564 1290 eamdem
2596 1231 2925 1303 Origeniano
2949 1230 3023 1286 illi
3055 1246 3343 1299 possumus
3368 1231 3632 1286 adhibere.
3660 1232 3736 1288 Sic
3758 1235 3821 1288 illa

2318 1343 2376 1382 se
2411 1326 2571 1381 habet
2591 1342 2710 1395 cap.
2757 1324 2865 1379 88:
2901 1341 2920 1376 ‹
2963 1323 3360 1378 Ρωιιίιυόίηειη
3381 1322 3539 1376 etiam
3575 1326 3825 1380 nonexclu-

2316 1418 2396 1471 dit
2421 1417 2684 1480 docendo,
2716 1416 2810 1469 sed
2842 1415 3112 1468 diversum
3138 1414 3362 1484 gradum
3398 1412 3657 1483 dignitatis
3684 1426 3825 1469 osten-

2317 1508 2397 1561 dit
2434 1508 2577 1561 inter
2605 1507 2748 1560 hunc
2781 1506 2869 1574 qui
2906 1506 3171 1574 integrum
3198 1503 3506 1566 custodivit,
3532 1512 3585 1557 et
3608 1504 3731 1559 illum
3759 1508 3826 1574 qui

2317 1600 2583 1670 peccavit.
2621 1598 2910 1667 Dignitatis
2936 1597 3202 1667 estigitur
3224 1594 3597 1649 detrimentum
3626 1597 3670 1648 in
3693 1597 3825 1665 coqui

2319 1690 2584 1762 peccavit,
2608 1704 2711 1743 non
2750 1690 3005 1743 damnum
3036 1688 3242 1744 salutis.
3276 1685 3413 1741 Nam
3448 1687 3490 1740 si
3533 1685 3715 1741 fortiter
3738 1689 3829 1756 quis

2322 1780 2647 1853 pugnaverit
2677 1795 2775 1850 per
2816 1778 3393 1849 martyrium,recipiet
3416 1776 3673 1847 pristinam
3695 1779 3826 1849 digni-

2320 1884 2483 1931 tatem
2514 1892 2532 1942 ;
2564 1884 2656 1929 aut
2680 1876 2727 1929 si
2750 1873 3015 1944 condigne
3042 1874 3093 1927 in
3124 1873 3226 1929 hoc
3256 1874 3454 1927 saeculo
3482 1872 3677 1937 vixerit,
3702 1875 3827 1943 impe-

2318 1980 2423 2025 trat
2455 1970 2598 2041 quod
2628 1971 2906 2026 desiderat
2941 1970 3183 2039 adipisci.
3219 1967 3355 2025 Nam
3401 1971 3451 2025 in
3502 1971 3606 2041 ipsa
3654 1975 3825 2042 epistola

2319 2064 2745 2132 rebaptizatores
2778 2063 3041 2128 excludit,
3073 2076 3179 2116 non
3214 2063 3537 2132 baptismum
3564 2068 3827 2135 pmnitentia

2320 2156 2570 2224 abnegat.
2629 2173 2648 2206 ι
2686 2156 2950 2209 (Steterunt
2996 2155 3204 2209 censuli
3245 2156 3406 2209 velim
3455 2154 3648 2210 Sixtum
3675 2158 3827 2211 Senen-

2318 2263 2430 2304 setn
2459 2248 2555 2305 lib.
2579 2262 2633 2302 Vl
2664 2246 2917 2302 Biblioth.
2946 2246 3128 2302 adnot.
3154 2247 3278 2314 H9,
3307 2257 3363 2301 et
3388 2248 3479 2301 lib.
3506 2265 3595 2311 vtt,
3619 2250 3827 2317 heres.8,

2320 2342 2410 2413 qui
2462 2342 2576 2397 haec
2605 2340 2841 2411 aliaque,
2869 2357 2991 2396 cum
3035 2341 3374 2411 explicanda:
3424 2341 3545 2395 huic
3579 2340 3706 2395 Pauli
3740 2358 3828 2397 sea-

2322 2436 2523 2501 tentiae,
2559 2444 2669 2488 tum
2725 2435 2993 2491 adversus
3028 2436 3326 2491 adductum
3358 2434 3598 2505 Origenis
3645 2437 3829 2491 testimo-

2323 2528 2471 2581 nium
2510 2528 2749 2597 collegit.

2401 2616 2537 2671 XXI.
2577 2618 2767 2673 Mirum
2811 2634 2974 2690 porro
3009 2618 3332 2674 sentientem
3384 2615 3654 2688 Origenem
3696 2618 3828 2687 perfe-

2322 2723 2439 2765 ctos
2465 2713 2710 2767 homines
2735 2728 2888 2782 posse
2924 2729 3026 2765 non
3059 2726 3303 2781 peccare,
3327 2709 3527 2764 dixisse
3558 2720 3712 2765 tamen
3730 2726 3827 2780 prte-

2321 2804 2491 2873 (τινας
2514 2804 2711 2859 divinis
2738 2818 2944 2859 morem
2974 2803 3083 2872 geri
3111 2817 3214 2856 non
3240 2807 3424 2872 poSse.
3443 2801 3535 2856 Cui
3568 2800 3827 2856 contrarium

2321 2893 2567 2965 Pelagius
2596 2894 2832 2947 decrevit
2874 2894 2925 2946 in
2968 2893 3079 2947 suis
3111 2890 3433 2957 Sententiis,
3476 2900 3601 2946 teste
3623 2888 3826 2959 Hierony-

2326 3001 2435 3053 mo,
2462 2986 2551 3056 qui
2588 2987 2680 3040 lib.
2714 3001 2727 3039 t
2753 2996 2936 3039 contra
2961 2982 3144 3055 Pelag.
3174 2983 3290 3039 hac
3324 2984 3513 3039 scribit
3539 3001 3552 3036 :
3593 3001 3609 3035 t
3645 2983 3828 3039 Centesi-

2325 3094 2446 3133 nius
2497 3076 2685 3132 titulus
2726 3086 2808 3131 est
2833 3116 2848 3142 ,
2881 3090 3038 3145 posse
3064 3075 3344 3129 hominem
3368 3074 3483 3129 sine
3510 3082 3704 3144 peccato
3726 3087 3827 3136 esse,

646 3169 895 3225 renovari
924 3185 1016 3240 per
1039 3168 1417 3239 pteniteutiam
1445 3183 1561 3234 eos,
1605 3170 1696 3240 qui
1726 3178 1848 3240 post
1876 3180 2157 3240 acceptum
2189 3187 2218 3226 a
2246 3194 2290 3252 ο
2323 3178 2379 3225 et
2410 3169 2501 3224 Dei
2538 3170 2790 3223 mandata
2827 3168 2984 3223 fat-ile
3018 3166 3294 3222 custodire
3314 3207 3333 3230 ,
3364 3165 3411 3220 si
3449 3166 3589 3220 velit.
3621 3185 3638 3218 ι
3668 3165 3741 3219 Sic
3761 3180 3827 3217 att-

648 3264 760 3318 Deo
783 3263 975 3333 gratiae
1011 3261 1209 3316 divina:
1242 3261 1421 3316 lumen
1473 3260 1665 3316 iterum
1706 3278 1827 3317 sese
1855 3264 2094 3333 peccatis
2122 3265 2219 3319 ob-

643 3358 967 3414 strinxerim
1004 3377 1018 3415 :
1054 3357 1276 3413 Petrum
1308 3361 1526 3430 quidem
1550 3377 1671 3415 cum
1704 3360 1979 3417 Christum
2002 3364 2219 3433 ejuran-

644 3452 715 3503 do
748 3448 1014 3521 peccavit,
1048 3450 1287 3505 nondum
1315 3452 1589 3523 accepisse
1622 3452 1883 3522 Spiritum
1923 3463 2171 3510 sanctum
2199 3471 2215 3515 ;

645 3538 803 3595 nobis
824 3555 953 3595 vero
975 3540 1020 3595 si
1046 3554 1112 3595 eo
1139 3552 1366 3611 accepto
1387 3543 1812 3612 peccaverimus,
1842 3559 2013 3612 neque
2040 3546 2091 3597 in
2119 3544 2222 3602 hoc

645 3631 864 3701 saeculo,
885 3648 1059 3705 neque
1078 3634 1129 3688 in
1153 3632 1336 3696 futuro
1366 3634 1577 3688 veniam
1602 3634 1671 3688 iri
1692 3651 2033 3692 concessum.
2058 3654 2078 3689 ι
2113 3636 2224 3695 lloc

644 3726 888 3792 attende,
922 3744 942 3777 ι
976 3726 1151 3796 inquit
1188 3737 1347 3782 tract.
1379 3743 1522 3781 xxxv
1562 3728 1617 3780 in
1660 3728 1881 3794 Mattlt.,
1924 3747 2071 3785 nunt.
2098 3732 2222 3800 lii,

645 3834 772 3889 pag.
805 3818 933 3885 915,
961 3838 979 3871 ‹
1013 3820 1267 3889 quoniam
1300 3821 1576 3891 antegalli
1605 3833 1847 3886 cantum,
1879 3834 1933 3879 et
1960 3836 2081 3881 ante
2103 3825 2220 3895 Spi-

649 3913 813 3966 ritum
844 3913 1186 3978 sanctum,in
1218 3924 1457 3982 tempore
1487 3915 1661 3969 noctis
1701 3916 2001 3983 profundae,
2031 3920 2225 3973 etiarn-

649 4005 695 4057 si
727 4003 1041 4070 frequenter
1081 4004 1424 4072 denegaverit
1458 4006 1600 4072 quis.
1638 4008 1815 4062 vivere
1846 4018 2021 4075 potest
2049 4012 2225 4079 :quod

652 4094 996 4150 manifestum
1029 4107 1111 4150 est
1139 4111 1205 4149 cx
1238 4111 1326 4160 eo,
1372 4102 1512 4165 quod
1556 4108 1637 4153 ter
1679 4100 1963 4169 denegavit
2008 4100 2223 4158 Petrus.

651 4186 708 4242 Si
742 4197 923 4241 autem
958 4198 1079 4257 post
1127 4187 1256 4257 galli
1302 4199 1543 4254 cantum,
1574 4189 1656 4242 vel
1705 4192 1868 4246 semel
1900 4193 1950 4245 in
1988 4208 2226 4263 quocun-

648 4291 753 4347 que
781 4276 1024 4347 periculo
1050 4277 1376 4331 consumtus
1415 4278 1764 4348 denegaverit
1797 4281 1951 4347 quis,
1983 4282 2229 4351 impossi-

650 4372 757 4429 bile
786 4381 869 4425 cst
914 4386 1037 4426 eum
1093 4370 1341 4423 renovari
1399 4369 1451 4423 itt
1499 4371 1899 4438 pmnitentiam,
1930 4383 1987 4425 ttt
2032 4373 2225 4427 iterum

647 4462 938 4533 cruciﬁgat
981 4460 1083 4515 sibi
1125 4459 1321 4514 Filium
1353 4458 1469 4513 Dei.
1503 4478 1522 4511 ι
1554 4458 1803 4514 Clemens
1840 4461 2054 4529 quidem
2098 4462 2227 4516 Alc-

2326 3272 2434 3317 tem
2471 3260 2733 3329 Origenes
2765 3260 2859 3315 lib.
2913 3277 2986 3325 tt,
3023 3262 3076 3314 in
3106 3257 3289 3328 .Epiet.
3328 3261 3401 3313 ad
3445 3257 3611 3322 Rom.,
3635 3274 3751 3312 nutu.
3775 3256 3825 3312 9'

2332 3375 2350 3408 t
2386 3354 2496 3410 Nos
2524 3370 2653 3409 vero
2679 3355 2769 3423 qui
2823 3355 2935 3408 haec
2963 3353 3144 3408 omnia
3189 3352 3510 3422 spiritaliter
3552 3349 3825 3420 intelligenda

2327 3449 2613 3509 sentimus,
2640 3446 2843 3501 idcirco
2888 3454 2944 3501 et
2970 3460 3074 3499 non
3108 3444 3405 3508 auditores,
3441 3444 3529 3500 sed
3563 3442 3754 3499 factores
3776 3440 3826 3493 le-

2335 3542 2417 3611 gis
2443 3538 2823 3612 justilicandos
2848 3538 3143 3603 credimus,
3179 3551 3283 3591 non
3327 3537 3462 3604 legis
3492 3533 3746 3590 secundum
3773 3531 3827 3583 lit.

2330 3642 2525 3696 teram,
2555 3646 2675 3701 qua
2701 3631 2887 3699 utique
2915 3645 3011 3698 pro
3041 3631 3121 3684 sui
3147 3629 3573 3700 impossibilitate
3591 3642 3679 3680 nou
3702 3632 3825 3694 potest

2331 3724 2530 3780 habere
2556 3723 2838 3787 factorem,
2863 3721 2955 3777 sed
2992 3723 3289 3776 secundum
3319 3723 3584 3792 Spiritum,
3614 3736 3691 3790 per
3711 3732 3825 3787 quem

2331 3817 2503 3871 solum
2538 3815 2623 3869 lex
2652 3814 2863 3889 impleri
2911 3814 3135 3884 poterit;
3176 3832 3196 3865 ι
3230 3824 3285 3869 et
3310 3830 3458 3868 nunt.
3490 3813 3569 3880 M,
3599 3808 3824 3881 pagJQSl:

2336 3929 2355 3963 ε
2388 3909 2537 3965 Licet
2581 3923 2684 3963 non
2727 3907 3056 3963 crediderint
3099 3907 3320 3976 quidam
3363 3905 3667 3968 Judawrum,
3700 3899 3827 3955 dein.

2332 4001 2588 4057 ﬁdelitate
2640 4010 2817 4054 tamen
2848 4013 3034 4054 eorum
3084 3999 3377 4053 dicendum
3426 4008 3526 4060 est.
3562 3996 3684 4066 quod
3727 3992 3826 4046 Deus

2277 4140 2289 4158 ,
2332 4092 2549 4164 quidem
2580 4091 2728 4147 solus
2766 4091 2837 4146 sit
2867 4106 3053 4157 verax,
3076 4092 3222 4148 omni
3257 4104 3440 4146 autem
3465 4099 3614 4146 bOmo
3636 4090 3694 4142 sit
3717 4099 3826 4138 tuen-

2334 4185 2437 4239 dax
2472 4201 2486 4238 :
2518 4183 2642 4253 quia
2668 4183 2830 4238 etiam
2858 4181 2905 4237 si
2938 4182 3061 4251 quis
3104 4182 3281 4252 justus
3311 4192 3428 4249 est,
3458 4196 3657 4237 necesse
3690 4184 3753 4231 est
3773 4185 3827 4227 ta-

2334 4291 2454 4331 men
2483 4286 2538 4330 ut
2569 4275 2621 4329 in
2644 4274 2827 4344 aliquo
2851 4288 2880 4329 a
2912 4273 3140 4329 veritate
3175 4275 3413 4342 decidat,
3443 4290 3593 4343 quam
3629 4273 3674 4325 in
3698 4265 3825 4322 omni-

2332 4365 2434 4422 bus
2480 4382 2703 4422 servare
2735 4366 2985 4422 humana:
3012 4380 3217 4424 natura:
3238 4385 3377 4440 pene
3407 4364 3706 4437 impossibile
3728 4368 3821 4413 εει»

2333 4457 2591 4513 Graviora
2621 4468 2744 4512 sunt
2772 4458 2933 4513 etiam
2974 4468 3027 4514 et
3059 4464 3226 4531 magis
3259 4474 3513 4529 expressa
3544 4473 3649 4526 qua-
3668 4456 3824 4506 exstant

650 4555 975 4607 xandrinutu
1006 4552 1260 4607 Stromat.
1286 4552 1379 4606 lib.
1413 4567 1471 4616 tt,
1497 4551 1742 4605 iteratam
1770 4552 1907 4605 hanc
1949 4551 2236 4620 pteuitudi-
2267 4556 2312 4615 D
2339 4560 2496 4606 tract.
2533 4565 2674 4604 xxxv
2706 4550 2763 4604 in
2805 4550 3020 4619 Maltin,
3050 4568 3199 4607 num.
3241 4551 3330 4619 88,
3366 4568 3486 4623 pag.
3514 4548 3625 4608 900.
3654 4538 3823 4604 90M”i

650 4660 773 4705 nem
807 4661 913 4715 qua
966 4656 1084 4715 post
1112 4646 1516 4701 conversionem
1562 4642 1721 4698 homo
1770 4644 2002 4713 peccatis
2023 4644 2231 4699 deditus

650 4740 912 4808 tangitur,
942 4755 1063 4794 esse
1095 4740 1326 4794 affirmat
1351 4738 1504 4808 quasi
1538 4738 1822 4806 quamdam
1852 4737 1973 4791 novi
2027 4739 2230 4808 peccati

652 4832 1087 4896 meditationem;
1130 4832 1350 4885 minime
1395 4846 1522 4884 vero
1564 4830 1639 4883 ita
1672 4831 1890 4895 insanit,
1925 4842 1981 4884 ut
2023 4830 2228 4885 homini

650 4935 770 4997 post
795 4925 940 4979 illam
969 4925 1342 4992 paenitentiam
1380 4924 1621 4994 peccanti
1654 4923 1855 4977 nullum
1884 4924 1951 4977 ad
1977 4924 2228 4979 virtutem

653 5032 961 5088 regressum
998 5024 1185 5085 patere
1222 5025 1394 5084 putct,
1426 5031 1523 5069 nec
1568 5015 1732 5067 ullum
1769 5014 1922 5069 alteri
1960 5016 2230 5084 pteniten-

652 5107 740 5168 tite
778 5109 949 5163 locum
1009 5121 1295 5176 superesse
1344 5106 1490 5158 velit.
1540 5104 1741 5174 Nempe
1790 5120 1855 5159 eo
1903 5105 2230 5173 impulerunt

651 5206 937 5268 utrumque
981 5214 1263 5268 perperam
1310 5207 1529 5266 accepta
1579 5198 1760 5251 isttnec
1800 5211 1866 5249 ex
1892 5195 2123 5266 Epistola
2161 5196 2229 5249 ad

652 5288 907 5347 llebrtcos
931 5307 1049 5359 cap.
1083 5306 1154 5352 Vl,
1190 5304 1333 5343 vers.
1362 5287 1494 5342 4-6:
1526 5307 1543 5339 ι
1577 5287 1907 5357 Impossibile
1959 5289 2103 5341 enim
2144 5296 2231 5341 est

650 5398 747 5438 eos
768 5382 859 5452 qui
894 5383 1055 5436 semel
1089 5394 1213 5437 sunt
1236 5380 1540 5443 illuminati,
1567 5388 1922 5451 gustaverunt
1947 5381 2107 5434 etiarn
2131 5380 2230 5434 do-

652 5471 1042 5536 nutncteleste,
1085 5484 1141 5525 et
1171 5472 1470 5541 participes
1511 5471 1637 5523 facti
1677 5479 1804 5524 sunt
1848 5468 2085 5545 Spiritus
2114 5486 2234 5522 san-

657 5564 752 5618 cti.
780 5562 1145 5617 Gustaverunt
1176 5564 1522 5617 nihilominus
1546 5561 1742 5615 bonum
1763 5561 1857 5617 Dei
1890 5563 2107 5615 verbum
2130 5561 2233 5614 vir-

654 5661 902 5722 tutesque
941 5653 1120 5708 smculi
1172 5653 1402 5719 venturi,
1447 5661 1503 5706 ct
1544 5651 1778 5722 prolapsi
1829 5653 1990 5724 suntl,
2018 5667 2227 5708 rursum

725 5827 769 5858 ⁸⁵
800 5825 988 5887 llatth.
1010 5824 1255 5892 xxvt,'51.

2338 4641 2528 4711 quaerit
2556 4652 2735 4695 utrum
2781 4644 2957 4713 positu
2986 4643 3185 4698 Christi
3238 4645 3491 4698 vaticinia
3526 4644 3634 4703 hoc,
3657 4632 3823 4691 scanda-

2338 4735 2447 4789 lum
2476 4737 2527 4789 in
2561 4750 2620 4789 se
2668 4752 2926 4806 passuros
2954 4752 3075 4792 esse
3103 4739 3374 4807 apostolos
3396 4752 3609 4802 omnes,
3639 4730 3734 4787 ﬁeri
3762 4741 3823 4795 po-

2338 4828 2502 4884 tuerit
2534 4838 2592 4882 ut
2623 4829 2935 4884 scandalum
2958 4830 3150 4886 Petrus
3173 4846 3276 4886 non
3306 4840 3600 4902 pateretur;
3624 4824 3737 4894 quod
3758 4819 3823 4872 du-

2335 4920 2457 4991 plici
2493 4921 2652 4975 solvit
2686 4924 3073 4991 responsione;
3110 4924 3303 4992 prima.
3346 4942 3365 4975 ι
3401 4922 3639 4994 quoniam
3665 4921 3823 4969 necesse

2334 5020 2474 5073 eral.
2490 5026 2584 5065 Ore
2607 5012 2892 5064 verissimo
2914 5013 3255 5079 praedicente,
3278 5014 3400 5080 quia
3431 5025 3597 5065 autne:
3627 5021 3697 5059 tto:
3716 5016 3823 5053 scatt-

2339 5102 2699 5156 dalizabimiui
2718 5104 2784 5169 ⁸³,
2811 5103 2922 5158 fieri
2944 5105 3083 5171 quod
3118 5106 3427 5173 prmtlictum
3461 5112 3571 5156 erat
3598 5098 3657 5152 ab
3680 5093 3819 5153 lesuit

2337 5195 2503 5248 altera
2528 5235 2542 5259 ,
2579 5213 2597 5245 ε
2650 5194 2904 5264 quoniam
2951 5197 3042 5263 qui
3100 5206 3355 5253 exoratus
3386 5211 3414 5248 a
3450 5189 3705 5250 Ninivitis,
3740 5191 3825 5248 (1112

2338 5286 2667 5356 prtedixerat
2711 5301 2804 5353 per
2826 5283 3015 5339 Jonatn
3064 5303 3169 5341 non
3203 5287 3327 5341 fecit
3371 5294 3577 5354 propter
3616 5274 3823 5348 ρωηῐιεη·

2340 5377 2467 5431 tiatn
2520 5375 2899 5441 Ninivitarum,
2938 5377 3016 5431 sic
3067 5378 3321 5447 possibile
3353 5376 3467 5441 fuit,
3498 5383 3553 5427 ιιι
3607 5363 3825 5437 τερειιειΐί

2337 5469 2500 5524 etiam
2534 5484 2563 5522 a
2594 5468 2753 5523 Petro
2782 5469 3089 5523 scandalum
3115 5472 3454 5540 deprecante.
3487 5487 3504 5519 υ
3540 5463 3656 5517 Vera
3674 5464 3822 5540 estw

2310 5559 2537 5629 ‘sterior
2570 5558 2879 5628 responsio,
2911 5559 3061 5628 prior
3103 5559 3232 5627 falsa
3268 5576 3280 5612 :
3313 5558 3480 5629 pesito
3522 5551 3647 5605 enim
3670 5542 3821 5599 Christ!

2342 5650 2618 5719 vaticinio,
2655 5660 2806 5706 certo
2837 5651 3057 5708 clicctus
3101 5662 3414 5708 consecutus
3443 5655 3537 5710 est,
3560 5654 3653 5698 non
3680 5640 3821 5691 νοω·
