4054 6310
286 284 385 341 961

1064 283 1640 342 ORIGENIANORUM
1678 287 1808 341 LIB.
1852 285 1917 354 ll,
1951 287 2105 343 CAP.
2149 287 2212 357 ll,
2250 288 2535 356 QUAEST.
2577 290 2689 356 γυ.

3451 301 3558 359 963

284 412 453 468 sario.
491 410 737 481 Disputat
766 420 978 479 poSIea,
1012 426 1081 465 an
1108 422 1393 481 postquam
1431 413 1679 481 praedixit
1705 413 1865 469 Chri-
1895 417 1942 473 A
1972 422 2097 467 test.
2123 412 2201 467 Ex
2229 429 2296 467 eo
2329 424 2510 468 autem
2543 415 2683 483 quod
2705 414 2942 469 nondum
2972 415 3129 471 datus
3155 428 3273 474 erat
3295 416 3554 489 Spiritus,

282 514 407 560 stus
436 504 677 558 futurum
713 516 771 559 ut
800 515 927 558 ante
954 504 1284 573 gallicinium
1332 514 1415 558 ter
1453 524 1481 559 a
1517 507 1675 561 Petro
1701 522 1866 577 uege-

283 605 400 660 tur,
456 597 706 664 precibus
737 597 1027 665 impetrare
1055 596 1290 665 potuerit
1328 596 1543 660 Petrus,
1573 599 1865 667 quominus

278 688 601 743 vaticinium
627 688 753 741 illttd
791 688 1142 758 impleretur;
1181 690 1577 759 respondetque
1614 692 1864 760 precibus

277 780 564 850 prohiberi
595 779 832 849 potuisse
859 780 1093 835 vaticinii
1141 781 1300 851 hujus
1347 780 1620 848 eﬁectum,
1646 784 1690 837 si
1733 783 1861 838 illud

275 874 535 932 Christus
579 875 888 945 juramento
938 890 1042 929 non
1086 877 1401 942 ﬁrmasset;
1431 879 1524 933 sed
1561 880 1683 948 quia
1715 877 1864 947 jure-

270 968 516 1040 jurando
578 973 848 1023 ﬁrmatum
909 967 1085 1024 fuerat
1127 985 1158 1023 a
1214 970 1465 1036 Christo,
1506 988 1628 1027 cmn
1678 974 1860 1029 dixit:

281 1079 304 1113 α
326 1062 498 1116 Amen
520 1062 639 1114 dico
665 1061 755 1115 tibi
774 1061 845 1124 °°,
878 1080 897 1112 ι
932 1059 1048 1116 ﬁeri
1073 1076 1178 1115 non
1209 1062 1447 1131 potuisse
1467 1073 1526 1116 ιιι
1556 1079 1659 1117 nou
1692 1065 1860 1119 dene-

275 1165 458 1225 garet.
482 1153 696 1208 Falsum
738 1155 789 1209 id
823 1169 1058 1224 quoque,
1085 1170 1211 1209 nam
1254 1155 1466 1235 etiamsi
1512 1168 1662 1211 certo
1697 1172 1861 1227 nega-

277 1256 440 1302 turus
472 1248 649 1310 fuerit,
680 1247 849 1317 potuit
889 1258 1065 1301 tamen
1104 1262 1209 1301 non
1263 1259 1479 1315 negare.
1513 1248 1711 1302 Ibidem
1748 1247 1850 1303 Pe-

275 1350 427 1395 trum
481 1358 501 1391 ι
538 1340 850 1394 derelictmn
892 1358 910 1390 ι
962 1338 1129 1394 fuisse
1173 1339 1377 1394 sciscit.
1428 1358 1445 1392 ι
1480 1341 1542 1395 Et
1580 1340 1859 1411 quoniam,

274 1429 479 1498 inquit,
540 1445 644 1483 non
682 1429 853 1483 solum
888 1429 1319 1493 inconsiderate,
1378 1430 1471 1485 sed
1517 1445 1653 1500 pene
1692 1432 1855 1486 etiam

276 1522 445 1590 impie
474 1522 640 1575 dixit:
667 1521 779 1575 Etsi
802 1538 978 1575 omnes
1008 1522 1357 1576 scandalizati
1376 1521 1571 1589 fuerint
1593 1524 1644 1576 iu
1669 1535 1738 1590 te,
1758 1540 1851 1592 ego

274 1633 384 1671 non
402 1616 884 1683 scandalizobor-“,
906 1630 1004 1670 nec
1031 1615 1279 1685 cogitans
1302 1615 1569 1669 lubricam
1605 1627 1852 1671 naturam

277 1707 594 1770 humanam,
628 1721 880 1776 magnum
930 1706 1153 1775 protulit
1190 1707 1413 1761 verbum
1447 1724 1461 1760 :
1503 1706 1624 1760 ideo
1657 1721 1758 1761 nec
1791 1706 1857 1759 ad

1970 505 2106 558 falso
2149 506 2420 560 concludit
2465 522 2738 561 neminem
2783 509 3022 577 potuisse
3061 512 3241 566 dicere
3269 511 3554 566 Dominum

1967 595 2149 651 Jesum
2185 597 2236 651 in
2266 595 2468 665 Spiritu
2501 609 2686 653 sancto
2712 615 2727 663 ;
2750 600 2996 669 quamvis
3018 602 3158 655 enim
3188 603 3424 658 nondum
3456 603 3556 657 da-

1969 697 2055 742 tus
2085 688 2271 743 fuisset
2323 690 2563 760 Spiritus
2609 702 2832 745 sanctus
2862 691 3009 763 larga
3065 693 3154 747 illa
3206 703 3260 749 et
3314 695 3552 753 mirabili

1969 781 2248 847 missione,
2284 798 2388 851 qua
2427 783 2686 851 apostolis
2726 782 2938 838 infusus
2979 793 3064 838 est
3118 786 3170 838 in
3208 784 3552 847 PentecoSIe,

1966 872 2125 926 datus
2155 884 2329 926 tamen
2362 873 2539 927 fuerat
2566 874 2672 927 alio
2709 875 2870 930 modo
2895 875 3029 931 viris
3047 874 3209 945 jnstis
3232 886 3358 931 ante
3398 877 3554 931 Chri.

1965 964 2032 1019 Sli
2060 975 2263 1032 ortum,
2300 976 2354 1019 et
2411 966 2537 1020 dmn
2575 966 2719 1022 inter
2769 968 3017 1024 homines
3064 979 3285 1039 ageret,
3317 983 3373 1025 et
3405 981 3554 1041 post-

1963 1072 2122 1126 quam
2152 1059 2204 1113 in
2250 1059 2448 1114 ctrlum
2485 1074 2545 1114 se
2589 1060 2813 1131 recepit.
2860 1060 3126 1116 Praeclara
3155 1072 3239 1117 est
3264 1062 3549 1131 Augustini

1964 1149 2031 1202 de
2058 1164 2121 1203 ea
2178 1166 2239 1206 re
2283 1151 2597 1206 dissertatio
2656 1160 2874 1206 tractat.
2945 1168 3093 1206 xxxu
3140 1155 3194 1206 in
3245 1152 3434 1219 Joan.,
3462 1154 3550 1209 ubi

1962 1239 2197 1294 ostendit
2216 1240 2344 1309 quid
2388 1250 2722 1310 postremam
2762 1241 2900 1296 hanc
2947 1242 3087 1297 inter
3115 1243 3351 1312 Spiritus
3377 1243 3551 1300 Sancti

1965 1329 2280 1385 missionem
2333 1330 2577 1401 aliasque
2598 1334 2944 1401 superiorum
2982 1344 3286 1402 temporum
3312 1335 3547 1389 intersit.

1963 1419 2131 1491 Igitur
2176 1437 2297 1478 cum
2329 1423 2604 1479 Christum
2659 1426 2879 1495 negavit
2926 1426 3138 1489 Petrus,
3176 1426 3277 1481 etsi
3314 1427 3550 1481 nonduin

1961 1516 2122 1572 datus
2150 1516 2341 1572 fuisset
2383 1516 2629 1588 Spiritus
2654 1531 2876 1575 sanctus
2913 1521 3140 1576 solemni
3183 1521 3272 1576 illa
3305 1532 3360 1576 et
3391 1537 3550 1590 aspe-

1961 1606 2141 1661 ctahili
2174 1608 2430 1664 missione
2461 1626 2581 1680 quae
2606 1610 2659 1665 in
2691 1610 3013 1666 Pentecoste
3033 1612 3281 1682 contigit,
3296 1622 3549 1682 suppete-

1961 1697 2054 1753 bat
2077 1699 2176 1769 ipsi
2209 1711 2387 1757 tamen
2416 1704 2595 1771 gratia
2631 1704 2841 1768 divina,
2869 1720 2966 1774 per
3007 1705 3270 1773 Spiritum
3298 1717 3546 1760 sanctum

274 1799 553 1853 modicum
600 1806 682 1851 est
710 1797 1022 1861 derelictus,
1070 1807 1129 1853 ut
1162 1798 1370 1853 scilicet
1415 1798 1733 1868 denegaret,
1768 1798 1851 1854 vel
1888 1807 1930 1862 Β
1957 1802 2198 1863 erogata,
2232 1809 2336 1864 qua
2366 1794 2644 1850 Christum
2670 1798 2914 1868 neglecto
2956 1800 3146 1853 mortis
3178 1800 3419 1868 periculo
3451 1815 3549 1866 po-

274 1889 447 1945 semel
472 1889 765 1959 denegaret
792 1904 807 1952 ;
833 1890 926 1944 sed
951 1889 1309 1945 abundantius
1340 1890 1756 1960 derelinquitur,
1794 1884 1850 1944 ut

277 1994 366 2038 ter
407 1985 718 2056 denegaret.
763 2004 783 2036 ι
828 1982 1479 2054 Suhjuugitpostmodum
1526 1984 1723 2039 melius
1744 1983 1848 2038 sibi

274 2077 652 2133 consulturum
711 2076 876 2131 fuisse
926 2075 1183 2140 Petrum,
1228 2076 1270 2130 si
1319 2087 1602 2148 perspecta
1646 2086 1853 2132 natum

280 2171 529 2225 [mutante
558 2170 958 2235 imbecillitate,
987 2184 1108 2239 qum
1157 2179 1348 2239 suapte
1393 2171 1441 2224 vi
1483 2181 1537 2226 et
1587 2171 1852 2227 industria

276 2263 479 2318 Christi
530 2278 722 2317 nomen
774 2262 1014 2333 proﬁteri
1074 2277 1417 2334 nequaquam
1471 2272 1671 2333 potest,
1727 2280 1852 2320 eum

273 2362 507 2422 orasset,
540 2366 598 2409 ut
626 2356 988 2411 necessariam
1020 2355 1088 2411 ad
1126 2357 1177 2410 id
1221 2357 1451 2425 gratiam
1499 2357 1601 2410 sibi
1632 2356 1850 2413 confer-

274 2456 378 2501 ret.
404 2444 616 2517 Optime
646 2448 697 2502 id
717 2448 953 2516 quidem,
969 2447 1063 2503 sed
1088 2448 1277 2503 vitiosa
1295 2457 1422 2503 sunt
1451 2462 1572 2517 quae
1612 2464 1851 2518 sequun-

273 2548 366 2593 tur
401 2561 412 2594 :
446 2557 466 2592 ε
504 2538 615 2595 Nec
680 2541 847 2605 enim,
896 2540 1090 2610 inquit,
1158 2549 1369 2610 poterat
1429 2539 1546 2595 ﬁeri
1608 2552 1668 2595 ut
1709 2541 1849 2597 facta

269 2629 697 2700 interrogatione
722 2631 987 2702 potuisset
1017 2630 1199 2687 dicere
1245 2630 1524 2685 Dominum
1568 2630 1754 2687 .lesum
1790 2633 1845 2688 in

269 2722 474 2791 Spiritu
504 2732 715 2789 sancto,
740 2734 830 2776 aut
855 2722 1139 2779 confessus
1188 2724 1405 2790 fuisset,
1448 2740 1571 2778 cum
1615 2724 1874 2795 Spiritus,

266 2824 489 2869 sanctus
515 2816 751 2869 nondum
785 2814 977 2870 fuisset
1031 2816 1209 2871 datus.
1247 2836 1266 2868 ι
1299 2818 1479 2886 Atque
1529 2821 1642 2873 haac
1682 2819 1848 2871 αὐτο-

265 2902 413 2970 λεξεὶ
437 2906 631 2975 repetit
659 2905 885 2960 iuferitts
918 2921 1068 2960 num.
1094 2907 1214 2971 114,
1250 2922 1372 2977 pag.
1409 2908 1535 2973 9l2,
1563 2919 1618 2963 et
1650 2923 1845 2964 novum

265 2999 491 3065 insuper
523 2997 715 3067 dogma
756 2997 1040 3067 congerit:
1087 3018 1106 3051 ‹
1161 3000 1536 3056 Abundantius
1592 3001 1847 3057 conside-

265 3100 455 3146 rantes
503 3090 646 3145 Petri
697 3092 1072 3161 negationem,
1113 3092 1342 3147 dicimus
1394 3095 1648 3162 quoniam
1690 3110 1841 3150 nemo

262 3193 432 3252 potest
456 3183 631 3235 dicere
662 3180 943 3235 Dominum
966 3181 1284 3246 Jesum,nisi
1324 3184 1377 3237 in
1404 3182 1605 3251 Spiritu
1634 3196 1838 3251 sancto,

260 3276 408 3330 sicut
426 3274 618 3329 Paulus
645 3288 743 3329 nos
773 3274 933 3329 docet
947 3274 1026 3325 ":
1055 3284 1102 3329 et
1126 3277 1358 3329 nondum
1386 3287 1498 3330 erat
1524 3287 1650 3331 tunc
1671 3277 1722 3331 itt
1748 3278 1846 3331 ho-

262 3368 503 3423 minibus
522 3366 749 3435 Spiritus
767 3380 1001 3432 sanctus,
1018 3369 1265 3438 quoniam
1292 3367 1447 3423 Jews
1469 3367 1698 3422 nondum
1730 3371 1846 3438 [ue-

262 3469 350 3512 rat
397 3460 794 3527 honori/iectus,
836 3464 975 3514 sicut
1021 3461 1151 3515 dicit
1193 3460 1429 3515 Joannes
1454 3461 1520 3515 ³³.
1552 3460 1844 3530 Propterea

262 3567 375 3607 non
414 3564 536 3605 erat
566 3552 835 3622 possibile,
870 3567 1041 3622 neque
1074 3553 1224 3606 illum
1256 3552 1415 3607 talem
1452 3553 1668 3608 Petrum
1714 3565 1845 3613 tunc

259 3640 449 3697 desum
481 3642 751 3706 conﬁteri,
769 3659 866 3696 nec
887 3652 1064 3696 tamen
1090 3644 1562 3712 reprehendendus
1588 3661 1692 3700 non
1713 3661 1845 3701 coo-

262 3734 424 3788 ﬁtens
455 3734 660 3789 Jesum.
692 3735 955 3801 Quoniam
984 3737 1052 3790 ad
1085 3737 1406 3793 couliteutes
1450 3739 1646 3793 dicitur
1676 3758 1689 3794 :
1719 3738 1843 3793 Non

261 3830 388 3883 estis
411 3845 497 3882 vos
521 3830 609 3899 qui
634 3829 930 3897 loquimini,
966 3832 1059 3884 sed
1095 3830 1325 3896 Spiritus
1350 3829 1533 3885 Patris
1565 3834 1719 3886 vestri
1752 3834 1843 3903 qui

262 3921 498 3991 loquitur
534 3923 588 3975 in
615 3924 756 3975 vobis
775 3922 838 3975 ’⁸.
860 3921 970 3975 Νοη
1009 3931 1216 3986 autem,
1239 3936 1360 3976 cum
1391 3924 1461 3976 sit
1488 3934 1678 3990 potens
1715 3922 1842 3992 Spi-

264 4017 399 4070 ritus
451 4015 539 4069 ille
587 4014 763 4070 Patris
815 4017 984 4070 nostri
1022 4017 1165 4087 loqui
1214 4017 1268 4070 in
1305 4018 1489 4083 nobis,
1540 4029 1594 4071 et
1634 4035 1755 4072 eum
1787 4019 1841 4072 in

264 4117 447 4163 nostra
508 4110 580 4162 sit
629 4118 894 4176 potestate
942 4108 1122 4163 locum
1167 4110 1298 4165 dare
1330 4110 1381 4164 in
1427 4112 1585 4165 nobis
1611 4112 1840 4181 Spiritui

256 4212 474 4261 sancto,
510 4212 564 4254 et
588 4216 691 4253 non
736 4200 975 4265 diabolo,
1010 4200 1054 4254 si
1099 4200 1569 4268 denegaverimus,
1606 4215 1839 4256 excusa.

263 4294 464 4346 tionem
526 4292 689 4346 ullam
726 4292 1063 4349 habebimus.
1111 4311 1131 4344 ι
1167 4293 1246 4347 Ac
1297 4294 1550 4361 primum,
1583 4292 1723 4361 quod
1768 4293 1842 4347 ait

260 4383 578 4437 derelictum
635 4382 799 4436 fuisse
844 4382 1081 4442 Petrum,
1115 4398 1225 4437 non
1274 4397 1383 4436 uno
1420 4382 1578 4437 modo
1614 4382 1837 4452 intelligi

1960 1892 2098 1938 terat
2132 1884 2393 1954 proﬁteri.
2423 1885 2577 1942 Ferri
2604 1903 2733 1958 ergo
2768 1905 2876 1943 non
2930 1901 3106 1960 p0test
3135 1892 3281 1962 quod
3318 1892 3547 1961 subiicit

1956 1978 2218 2052 Origenes
2262 2002 2274 2037 :
2315 2003 2332 2034 ι
2373 1983 2669 2054 Pmpterea
2728 2002 2834 2040 non
2881 1996 3000 2040 erat
3052 1988 3340 2057 possibile,
3371 2004 3546 2059 neque

1957 2072 2108 2128 illum
2132 2076 2293 2130 talem
2318 2075 2535 2132 Petrum
2561 2087 2689 2132 tunc
2716 2076 2901 2134 Jesum
2934 2080 3208 2143 conﬁteri,
3239 2096 3340 2136 nec
3360 2091 3540 2138 tamen

1957 2168 2437 2235 reprehendendus
2460 2178 2579 2223 erat
2615 2185 2720 2223 oon
2770 2173 3038 2227 conﬁtens
3060 2170 3262 2227 Jesutu.
3305 2192 3324 2226 ι
3371 2172 3483 2230 Nec
3509 2191 3542 2229 a

1954 2257 2115 2315 Petro
2144 2261 2317 2314 solum
2348 2269 2475 2315 tunc
2508 2261 2745 2317 abfuisse
2776 2273 2929 2332 putat
2959 2264 3221 2333 Spiritum
3256 2277 3541 2332 sanctum,

1954 2353 2050 2405 sed
2067 2350 2306 2406 adfuisse
2326 2353 2494 2406 etiam
2520 2354 2774 2423 spiritum
2801 2353 3037 2423 Spiritus
3062 2354 3221 2424 hujus
3236 2357 3541 2423 inimicum,

1951 2454 2112 2509 quem
2143 2440 2213 2495 iis
2241 2440 2553 2511 impertitur
2585 2444 2748 2509 Deus,
2783 2460 2927 2514 quos
2965 2461 3071 2515 ope
3115 2462 3210 2502 sua
3259 2447 3545 2504 sublevare

1951 2532 2086 2597 vult,
2122 2532 2281 2587 docet
2339 2532 2481 2589 idem
2541 2544 2672 2590 tom.
2727 2552 2804 2590 xu
2866 2537 2921 2592 in
2976 2537 3196 2603 Mutila,
3247 2555 3399 2594 num.
3447 2538 3540 2608 ιο,

1951 2638 2073 2694 pag.
2107 2625 2237 2687 560,
2266 2625 2399 2681 561.

2019 2714 2184 2770 XXII.
2213 2714 2597 2772 Verumtamen
2655 2716 2781 2773 licet
2829 2719 3126 2789 aliquando
3177 2722 3377 2779 divinis
3433 2740 3540 2780 non

1950 2822 2109 2876 posse
2142 2810 2409 2864 mandatis
2444 2810 2810 2880 obtemperari
2857 2812 3083 2869 deﬁnire
3114 2816 3263 2870 visus
3291 2817 3385 2884 sit,
3405 2831 3541 2872 con-

1950 2901 2178 2957 trarium
2228 2910 2407 2958 tamen
2463 2904 2663 2958 occiuit
2697 2907 2842 2960 hom.
2868 2907 2902 2962 9
2944 2907 2999 2960 in
3036 2905 3224 2972 Iosue,
3270 2924 3421 2964 num.
3451 2910 3486 2965 9
3517 2926 3534 2967 :

1952 3011 1975 3043 ι
2007 2994 2222 3061 Annon,
2271 2994 2460 3065 inquit,
2499 2996 2594 3051 tibi
2638 2997 2853 3052 videtur
2881 2998 3021 3053 inter
3055 3000 3307 3055 mulieres
3349 3000 3542 3056 existi-

1948 3088 2181 3143 mandus
2212 3085 2303 3143 ille
2333 3087 2438 3152 vir,
2467 3089 2556 3158 qui
2594 3089 2730 3144 dicit
2769 3087 2929 3145 :N0n
2978 3106 3195 3160 possunt
3241 3093 3540 3149 observare

1948 3196 2070 3249 qua:
2098 3182 2304 3250 scripta
2337 3191 2486 3246 sunt,
2518 3185 2752 3238 vendere
2778 3198 2900 3252 quae
2926 3185 3122 3248 habeo.
3154 3196 3211 3240 et
3235 3188 3366 3241 dare
3401 3202 3538 3256 pau-

1945 3273 2164 3341 perihus
2192 3289 2295 3328 non
2327 3290 2638 3344 possum....
2661 3288 2858 3330 caetera
2897 3276 3095 3330 similia
3124 3295 3245 3347 qua:
3273 3280 3539 3334 mandan-

1942 3373 2055 3426 tur,
2084 3365 2173 3433 qui
2207 3366 2337 3419 dicit
2367 3366 2591 3436 implere
2616 3382 2720 3420 non
2760 3382 2998 3436 possunt,
3029 3369 3157 3438 quid
3191 3370 3287 3425 tibi
3320 3371 3538 3426 videtur

1946 3454 2115 3519 aliud,
2146 3472 2306 3524 quam
2338 3458 2478 3512 inter
2504 3458 2777 3522 mulieres,
2797 3474 2916 3528 qua:
2945 3459 3075 3514 nihil
3103 3461 3259 3517 virile
3287 3472 3535 3532 possunt,

1944 3562 2068 3602 esse
2112 3551 2483 3603 numerandus
2524 3550 2548 3603 ἲ
2580 3569 2599 3602 ι
2661 3561 2716 3604 et
2747 3561 2878 3606 tom.
2912 3566 3001 3605 xw
3040 3554 3097 3604 in
3132 3552 3353 3618 Mallia,
3383 3569 3534 3609 num.

1943 3636 2035 3701 25,
2068 3650 2124 3692 et
2158 3649 2292 3694 tom.
2338 3655 2427 3703 xv,
2473 3656 2623 3694 nutu.
2664 3640 2721 3706 5,
2758 3656 3197 3712 unumquemque
3245 3644 3378 3698 dicit
3430 3647 3537 3699 im-

1942 3741 2094 3798 petra
2108 3746 2163 3783 re
2190 3744 2352 3797 posse
2381 3745 2408 3783 a
2434 3731 2542 3785 Deo
2571 3738 2769 3787 donum
2804 3734 3092 3801 castitatis,
3136 3736 3387 3804 quatnvis
3415 3736 3537 3792 uni-

1944 3824 2140 3894 cuique
2169 3839 2487 3883 coucessunt
2521 3843 2626 3881 non
2681 3830 2774 3883 sit.
2825 3827 3106 3898 Repuguat
3146 3841 3408 3899 praeterea
3448 3848 3535 3897 stt-

1943 3932 2039 3987 pra
2072 3933 2103 3971 a
2147 3916 2302 3972 nobis
2331 3932 2626 3988 expensum
2679 3921 2897 3990 dogma,
2937 3936 3046 3989 quo
3082 3922 3263 3988 iustos
3299 3923 3535 3989 causa;

1942 4024 2066 4065 esse
2106 4009 2311 4073 tradit;
2344 4024 2467 4062 nam
2504 4025 2626 4065 cum
2669 4026 2733 4065 ex
2777 4012 2943 4066 variis
2973 4014 3321 4081 testimoniis,
3347 4016 3536 4084 ipsius-

1941 4115 2049 4171 que
2091 4101 2254 4156 etiam
2302 4100 2615 4172 Hieronymi
2649 4104 2981 4160 auctoritate
3033 4108 3449 4175 probaverimus
3476 4109 3533 4165 in

1954 4194 2057 4248 hoc
2116 4202 2336 4261 errore)
2358 4206 2629 4249 versatum
2684 4194 2974 4267 Origenrm
3002 4236 3017 4261 ,
3047 4202 3317 4266 quomodo
3375 4199 3535 4255 alteri

1944 4285 2090 4351 huic,
2124 4302 2285 4357 quem
2313 4287 2723 4356 iuvestigautus,
2748 4290 3030 4345 adhaerere
3057 4291 3250 4359 potuit,
3273 4291 3532 4346 mandata

1944 4378 2038 4433 Dei
2090 4380 2273 4434 outnia
2319 4394 2387 4435 ne
2441 4383 2527 4434 vix
2569 4382 2786 4450 quidem
2828 4385 3036 4437 servari
3085 4385 3292 4453 posse?
3324 4398 3448 4438 nam
3482 4385 3527 4439 si

258 4485 472 4543 potest;
500 4491 622 4528 nam
652 4475 733 4530 vel
759 4475 904 4529 omni
936 4476 1126 4545 gratia:
1178 4474 1470 4543 cujuslibet
1496 4474 1705 4528 auxilio
1742 4478 1837 4531 de-
1874 4499 1918 4555 ο
1942 4473 2150 4526 servari
2183 4473 2438 4527 mandata
2470 4488 2576 4527 non
2608 4485 3034 4543 possunt,nemo
3057 4486 3235 4544 potest
3257 4475 3531 4531 mandatis

260 4566 505 4623 stitutum
534 4567 700 4622 luisse
724 4567 858 4629 vult,
886 4567 1040 4637 cujus
1062 4566 1248 4637 gratiae
1276 4581 1397 4636 ope,
1425 4576 1608 4635 spreto
1640 4567 1833 4622 mortis

261 4669 470 4714 terrore
494 4660 766 4715 Christum
809 4649 997 4729 aperte
1042 4658 1284 4713 conﬁteri
1333 4659 1638 4726 potuisset:
1668 4669 1834 4729 atque

258 4752 385 4807 huic
402 4752 683 4812 sententia:
706 4767 830 4807 cum
862 4750 1088 4805 solemni
1119 4765 1291 4805 sacrae
1319 4748 1592 4804 facultatis
1628 4749 1834 4805 theolo-

256 4845 390 4915 gicze
425 4843 749 4899 Parisiensis
800 4844 1017 4899 decreto
1065 4842 1420 4904 temeritatis,
1449 4842 1748 4911 impietatis
1782 4850 1838 4896 et

258 4938 523 4991 htPreseos
570 4944 693 4989 nota
730 4935 906 4989 inusta
948 4937 1039 5001 sit,
1098 4949 1241 4989 anno
1274 4932 1439 4995 1636,
1482 4933 1835 4988 temerarium

252 5044 473 5098 quoque
495 5037 637 5081 esset
662 5037 716 5080 et
747 5026 967 5096 impiuut
992 5027 1097 5081 ulla
1127 5041 1246 5081 eam
1277 5025 1623 5080 cavillatione
1651 5033 1705 5079 et
1743 5040 1835 5078 ar-

253 5128 511 5188 gumento
537 5118 675 5171 tueri
708 5133 722 5169 :
752 5117 834 5170 vel
857 5117 909 5171 ei
932 5117 1166 5172 defuisse
1195 5125 1382 5171 censet
1407 5131 1511 5169 nou
1542 5116 1833 5169 vehemen-

252 5220 360 5263 tem
396 5208 569 5262 solum
595 5207 737 5262 illam
771 5208 863 5262 Dei
912 5209 1320 5278 aspirationem,
1356 5217 1411 5263 et
1432 5205 1671 5260 divinam
1699 5205 1827 5276 θερ-

256 5303 484 5373 μότητα,
510 5316 613 5371 qua
651 5299 911 5368 impulsos
934 5301 986 5354 in
1023 5300 1227 5355 medios
1419 5299 1614 5358 ﬂuctus
1643 5299 1834 5367 pracci-

273 5397 539 5450 titaverat.
571 5403 626 5447 et
668 5392 957 5448 satellitum
1014 5403 1243 5446 turmam
1296 5394 1489 5446 stricto
1515 5390 1694 5460 gladio
1736 5405 1833 5459 pro

279 5487 469 5541 Ihristo
495 5494 801 5541 certaturos
829 5486 1135 5550 invaserat,
1172 5486 1264 5539 sed
1305 5485 1494 5555 gratia:
1526 5486 1693 5539 etiam
1720 5482 1833 5538 efﬁ-

300 5580 393 5633 ICiS
423 5579 721 5637 auxilium;
756 5588 919 5645 atque
945 5576 994 5630 id
1023 5586 1172 5630 recte
1206 5586 1260 5631 et
1287 5576 1555 5631 catholico
1589 5574 1695 5629 dici
1734 5590 1831 5643 po-

320 5766 364 5797 ”
395 5766 577 5820 Matth.
612 5780 756 5829 xxt't,
779 5762 849 5818 δι
920 5762 962 5794 ⁹¹
998 5763 1149 5828 ibid.,
1177 5763 1265 5817 5'5.
1345 5766 1389 5795 ³³
1438 5762 1456 5815 l
1488 5764 1608 5818 Cor.
1652 5779 1724 5819 xtl
1748 5802 1761 5829 ,
1800 5764 1851 5818 5.

1944 4580 2051 4617 non
2078 4562 2363 4635 reiragari,
2404 4580 2464 4619 ac
2489 4580 2649 4620 nemo
2674 4566 2898 4635 proinde
2925 4574 3097 4635 potest
3130 4582 3234 4622 non
3273 4582 3526 4637 peccare.

1943 4656 2073 4723 Quae
2111 4672 2231 4710 cum
2260 4672 2325 4710 ex
2378 4658 2606 4711 adverso
2648 4658 2890 4727 opposita
2942 4673 3065 4713 esse
3099 4660 3408 4725 videantur,
3446 4663 3530 4717 sic

1942 4749 2233 4804 conciliata
2270 4749 2338 4802 ab
2379 4749 2472 4802 illo
2511 4749 2678 4803 fuisse
2725 4752 3005 4819 suspicor,
3047 4751 3281 4818 ἀπαθεῖς
3308 4755 3526 4824 quidem

1938 4852 2063 4894 esse
2108 4840 2285 4907 jostos
2336 4840 2583 4894 homines
2623 4856 2687 4896 ac
2731 4842 3043 4910 perfectos,
3085 4859 3243 4913 posse
3281 4859 3384 4900 .eos
3418 4861 3525 4901 non

1946 4947 2197 5000 peccare,
2232 4932 2431 4986 divinis
2461 4932 2667 5003 legibus
2702 4947 2892 5002 parere
2923 4952 3081 5005 posse
3112 4955 3129 5003 ;
3160 4937 3404 5006 reliquos
3432 4953 3528 4993 ve—

1948 5040 2010 5079 ro
2033 5025 2279 5077 homines
2309 5035 2577 5091 praecepta
2608 5026 2791 5078 omnia
2812 5042 3035 5080 servare
3060 5043 3165 5081 non
3196 5043 3524 5097 posseznam

1948 5135 1967 5168 ι
1995 5116 2124 5170 illud
2142 5116 2394 5185 Origenis
2414 5118 2690 5185 proprimu
2715 5136 2734 5170 ι
2756 5117 2918 5172 fuisse
2934 5118 3154 5173 tradidit
3172 5119 3527 5194 Hieronymus

1943 5222 2172 5277 pronam.
2199 5207 2409 5278 Dialog.
2429 5211 2633 5263 advers.
2670 5209 2876 5279 Pclag.,
2898 5230 2916 5262 ι
2952 5213 3286 5281 impossibile
3322 5225 3405 5270 est
3424 5215 3525 5269 hu-

1943 5316 2159 5354 manam
2194 5318 2222 5353 a
2258 5301 2525 5370 principio
2560 5316 2731 5372 usque
2765 5304 2831 5356 ad
2884 5312 3111 5359 mortem
3142 5320 3249 5360 non
3299 5322 3527 5376 peccare

1934 5401 2194 5447 naturam
2228 5410 2242 5447 :
2271 5403 2327 5448 et
2359 5409 2577 5448 rursum
2617 5408 2738 5449 esse
2772 5395 3051 5464 possibile,
3080 5412 3201 5452 cum
3234 5414 3293 5453 se
3330 5400 3525 5469 aliquis

1942 5487 2010 5539 ad
2047 5483 2269 5538 meliora
2295 5486 2652 5551 converterit,
2674 5487 2739 5540 ad
2764 5495 2971 5540 tantam
2999 5487 3372 5545 fortitudinem
3400 5506 3523 5560 per-

1939 5575 2150 5643 venire,
2175 5586 2232 5630 ut
2261 5575 2399 5630 ultra
2437 5592 2664 5646 peccare
2695 5593 2801 5632 nou
2831 5579 3023 5649 possit.
3051 5599 3072 5631 ι
3094 5580 3311 5638 Petroni
3337 5592 3519 5639 autem

1931 5761 2158 5835 "Joau.
2194 5777 2303 5831 VII,
2348 5763 2436 5818 ⁸59.
2513 5765 2559 5796 ³⁵
2598 5763 2785 5821 Matth.
2817 5780 2869 5832 tt,
2903 5765 2989 5821 9.0.
