4068 6308
583 314 694 373 963
1717 375 1727 386 ,
1864 305 1926 362 P.
1967 299 2283 361 DANIELIS
2316 298 2550 357 HUETII
3717 301 3809 358 θοι

587 433 673 490 vel
698 434 933 489 nondum
967 430 1133 487 fuisse
1161 428 1456 500 perfectum
1474 427 1708 494 censuit,
1729 441 1850 482 cum
1885 424 2164 481 Christum
2196 427 2242 484 Α
2270 429 2345 487 to,
2386 434 2510 475 eum
2545 417 2665 473 sine
2709 404 2967 486 operibus
2991 410 3165 469 otiosa
3195 422 3282 468 est
3313 410 3483 478 ﬁdes;
3513 409 3639 467 adeo
3666 424 3717 468 ut
3746 419 3808 472 ita

587 518 848 598 negavit:
880 533 1103 592 accepto
1150 534 1332 577 autem
1384 530 1573 577 sancto
1605 520 1811 591 Spiritu
1848 518 2018 575 fuisse
2047 534 2172 589 per-
2271 521 2316 573 si
2372 516 2774 588 intelligendus,
2811 525 2971 584 posse
2999 509 3291 581 aliquando
3334 507 3643 572 hominem,
3665 512 3813 578 qualis

593 620 789 674 rectum
819 627 873 672 et
903 615 1114 686 ἀπαθῆ,
1144 613 1224 667 vel
1259 622 1480 685 pr0pter
1509 613 1782 667 ﬁrmatam
1812 610 2172 682 jurejurando
2272 600 2410 668 latro
2444 613 2566 678 fuit,
2595 610 2801 667 Christi
2833 611 2888 664 in
2924 615 3170 663 extremo
3195 602 3471 674 supplicio
3514 604 3702 668 socius,
3716 608 3810 662 sola

590 703 793 758 Christi
822 703 1262 757 vaticinationem
1291 700 1358 755 de
1386 700 1565 754 I’ntnro
1588 701 1759 771 ipsius
1780 710 2025 771 peccato,
2044 714 2172 769 pec-
2274 706 2377 761 ﬁde
2401 703 2706 774 iustiﬁcari,
2747 699 2893 756 nullo
2922 700 3085 754 etiam
3137 694 3440 752 accedente
3477 709 3637 764 opere
3662 695 3811 763 bono;

591 803 769 850 catum
796 795 969 849 vitare
999 809 1109 848 non
1147 792 1408 863 potuisse.
1429 792 1582 859 Quod
1620 803 1800 847 autem
1828 792 1906 848 ait
1935 809 1948 845 :
1987 811 2006 844 ι
2030 791 2173 861 Quo-
2275 799 2487 864 quando
2518 795 2729 852 scilicet
2761 792 2994 848 faciendi
3025 790 3148 862 ejus
3173 790 3300 845 data
3338 802 3451 843 non
3486 797 3568 844 est
3595 786 3812 856 facultas,

595 885 736 939 niam
764 899 986 940 necesse
1005 893 1123 938 erat
1148 882 1264 938 ﬁeri
1294 883 1435 954 quod
1465 884 1779 953 praedictum
1798 894 1961 940 erata
1983 883 2166 945 Iesu.»
2273 887 2357 942 vel
2392 885 2607 942 occasio
2633 900 2648 935 :
2691 903 2711 937 ι
2752 882 2968 939 Initium
3021 878 3258 951 namque
3275 876 3568 948 justiﬁcari
3596 892 3625 933 ι
3653 877 3766 946 Deo,
3793 900 3810 933 ι

593 976 662 1030 ab
700 976 996 1044 interprete
1062 973 1365 1044 profectum
1417 973 1586 1029 fuisse
1640 985 1845 1045 putem,
1894 990 2017 1029 nam
2048 975 2173 1030 Ori-
2271 976 2535 1049 Origenes
2563 975 2733 1033 lib."
2764 982 3048 1045 sequente,
3072 971 3223 1031 num.
3252 973 3307 1036 I,
3335 985 3460 1041 pag.
3499 968 3622 1031 523,
3653 989 3671 1023 ι
3707 971 3815 1028 ﬁdes

593 1083 760 1138 genes
796 1077 925 1125 tom.
958 1084 1017 1122 ιιι
1052 1066 1344 1122 Comment.
1389 1066 1443 1121 in
1500 1065 1710 1133 (ἕρπει,
1761 1082 1910 1124 num.
1955 1067 2009 1133 6,
2047 1082 2171 1136 pag.
2272 1081 2357 1126 est
2389 1086 2508 1137 qua:
2552 1067 2729 1124 credit
2769 1068 2823 1121 in
2862 1065 3254 1136 justiﬁcantem
3280 1078 3298 1120 :
3328 1072 3385 1117 et
3414 1063 3531 1117 haec
3571 1062 3692 1117 ﬁdes
3714 1078 3813 1117 cum

601 1159 683 1223 ll,
737 1157 894 1212 aliter
949 1148 1132 1211 s'eutit.
1190 1155 1364 1211 Verba
1410 1153 1530 1223 ejus
1557 1164 1680 1209 sunt
1721 1173 1735 1210 :
1774 1155 1851 1229 Οὐ
1898 1154 2006 1228 γὰρ
2049 1155 2174 1209 ἐπεὶ

2266 1163 2561 1234 iustiﬁcata
2602 1160 2784 1227 fuerit,
2805 1167 3060 1228 tanquam
3081 1156 3236 1212 radix
3255 1156 3438 1211 imbre
3461 1164 3700 1223 suscepto
3726 1153 3812 1210 lue-

594 1247 1103 1318 ἕγνωσται,γίνεται
1124 1264 1138 1279 ·
1157 1247 1271 1302 ἀλλ’
1301 1247 1423 1299 ἐπεὶ
1462 1247 1704 1316 γίνεσθαι
1737 1246 1980 1319 ἔμελλεν,
2008 1247 2177 1318 ἔγνω-

2274 1255 2440 1312 retin
2481 1253 2675 1308 animae
2716 1241 2864 1314 sblo,
2913 1256 2972 1304 ut.
3004 1263 3130 1303 cum
3179 1262 3278 1316 per
3318 1245 3497 1315 legem
3551 1243 3637 1298 Dei
3673 1245 3813 1300 excoli

598 1354 741 1391 σται.
781 1337 1078 1408 Διαστολῆς
1119 1336 1175 1391 δὲ
1226 1335 1414 1389 δεῖται.
1446 1337 1510 1390 El
1551 1336 1649 1408 μὲν
1689 1337 1797 1408 γὰρ
1839 1337 1918 1404 τὸ,
1958 1338 2175 1403 πάντως

2274 1346 2523 1419 οωρθιίῑ,
2552 1353 2775 1414 surgant
2804 1344 2857 1397 in
2894 1356 2956 1396 ea
2987 1340 3123 1394 rami
3149 1338 3241 1408 qui
3274 1337 3489 1391 fructus
3524 1350 3726 1405 operum
3748 1337 3812 1393 l'e-

595 1428 769 1494 ἕσται,
804 1428 944 1483 οὕτω
981 1446 1065 1493 τις
1094 1427 1405 1502 ἐρμηνεύει,
1444 1428 1520 1492 ὡς
1568 1428 1811 1500 ἀνάγκην
1846 1425 1981 1484 εἶναι
2024 1430 2176 1500 γενέ-

2273 1449 2415 1496 rant.
2433 1436 2547 1494 Non
2572 1451 2702 1506 ergo
2727 1451 2794 1491 ex
2818 1432 3072 1505 operibus
3100 1432 3251 1486 radix
3278 1427 3531 1498 justitize,
3554 1429 3640 1484 sed
3663 1443 3723 1483 et
3745 1445 3815 1484 ra-

599 1521 723 1576 σθαι
751 1521 811 1576 τὸ
844 1520 1293 1595 προεγνωσμένον
1312 1562 1327 1586 ,
1373 1520 1435 1575 οὐ
1473 1520 1725 1593 διδόαμεν
1766 1520 1914 1593 αὐτῷ
1936 1538 1952 1553 ⁸
1975 1523 2036 1575 οὐ
2066 1521 2175 1595 γὰρ

2272 1531 2395 1588 dice
2417 1528 2643 1599 iustitia:
2679 1526 2888 1582 fructus
2914 1539 3138 1595 Operam
3168 1523 3392 1587 crescit,
3418 1538 3438 1572 ι
3474 1528 3530 1574 et
3566 1518 3708 1590 paulo
3735 1537 3812 1576 su-

596 1613 850 1687 ὲροῦμεν,
894 1613 1014 1666 ἐπεὶ
1067 1614 1441 1685 προέγνωσται
1475 1612 1675 1669 Ἰούδαν
1722 1610 1988 1687 προδότην
2021 1614 2177 1683 γενέ-

2273 1624 2453 1692 perius
2481 1634 2602 1690 pag.
2647 1617 2753 1672 522
2784 1634 2796 1669 :
2832 1634 2852 1668 ι
2882 1614 3001 1670 Iam
3030 1628 3161 1669 sane
3182 1610 3556 1668 considerabis
3579 1649 3596 1676 ,
3623 1610 3664 1665 si
3693 1621 3742 1664 ut
3760 1610 3813 1665 de

601 1707 746 1772 σθαι,
764 1707 846 1760 ὅτι
871 1706 1018 1759 πᾶσα
1053 1704 1263 1776 ἀνάγκη
1282 1700 1350 1776 ἧν
1380 1705 1579 1761 Ἰούδαν
1604 1705 1871 1779 προδότην
1898 1706 2169 1775 γενέσθαι.

2275 1709 2379 1764 ﬁde
2404 1709 2603 1763 dictum
2631 1716 2737 1772 est,
2755 1705 2881 1775 quia
2907 1713 3205 1771 reparatum
3232 1710 3310 1755 eu
3342 1701 3392 1754 ei
3421 1698 3491 1753 ad
3509 1698 3809 1768 justitiam”,

599 1798 894 1866 Sequentia
913 1814 1128 1868 quoque
1160 1797 1348 1853 eodem
1373 1796 1978 1854 iaciunt.Commodam
2009 1784 2172 1853 etiam
2207 1793 2251 1848 Β
2279 1804 2349 1857 ita
2402 1811 2459 1857 et
2490 1802 2559 1856 de
2605 1801 2728 1854 aliis
2778 1798 3070 1853 Virtutibus
3114 1793 3223 1849 dici
3264 1792 3465 1863 possit,
3511 1793 3653 1862 quia,
3689 1793 3811 1846 verbi

602 1890 897 1944 admittunt
933 1889 1347 1958 eXplicationem
1402 1903 1523 1957 qua:
1567 1890 1810 1945 subnexa
1848 1891 2058 1945 sunt'in
2082 1905 2176 1945 eo-
2280 1894 2476 1966 gratia,
2514 1890 2888 1946 misericordia
2940 1887 3233 1958 unicuique
3284 1884 3525 1954 reputari
3568 1891 3721 1950 potest
3760 1884 3811 1936 ad

603 1981 725 2035 dem
750 1977 1139 2040 Commemorio
1164 1979 1218 2032 in
1242 1978 1570 2044 Mattlueum,
1605 1987 2004 2038 tractat.xxxv,
2028 1994 2175 2033 num.
2273 1982 2568 2057 justitiam,
2593 1994 2686 2038 aut
2730 1981 3018 2051 sapientia,
3051 1989 3143 2034 aut
3190 1979 3446 2041 scientia,
3478 1986 3570 2029 aut
3613 1989 3813 2028 ιιιτιηδυθ·

602 2070 694 2137 88,
750 2086 873 2140 pag.
924 2071 1050 2136 901,
1110 2071 1224 2125 ﬁeri
1276 2086 1382 2125 non
1433 2072 1675 2139 potuisse
1728 2082 1785 2125 ut
1832 2070 2024 2125 Petrus
2074 2086 2179 2125 non

2283 2082 2431 2147 tudo,
2469 2089 2523 2134 et
2551 2076 2851 2139 humilitas,
2878 2074 2967 2130 vel
3000 2083 3148 2129 certe
3182 2072 3225 2127 si
3267 2071 3419 2126 omni
3453 2067 3677 2123 credenti
3710 2068 3810 2121 ﬁdes

603 2174 876 2233 pet-caret,
913 2172 1197 2232 postquam
1235 2164 1557 2217 vaticinium
1604 2177 1759 2217 suum
1796 2161 2179 2231 jurejurando,

2284 2174 2350 2229 ad
2375 2170 2976 2244 justitiam‘reputetur.
3010 2186 3028 2219 ι
3058 2165 3194 2221 Τιιιιι
3224 2165 3284 2218 in
3319 2161 3472 2216 Rom.
3499 2176 3569 2225 tv,
3596 2160 3807 2222 l8.ntun.

606 2257 788 2322 Amen,
818 2254 1070 2311 Christus
1095 2253 1462 2309 conﬁrmavit.
1484 2254 1618 2308 Nam
1640 2253 1723 2318 τὸ,
1746 2253 1866 2322 ﬁeri
1882 2269 2056 2320 posse,
2083 2253 2184 2305 dn—
2283 2266 2337 2333 θ’
2369 2279 2493 2335 pag,
2520 2262 2617 2317 551
2653 2273 2667 2310 :
2709 2279 2729 2312 ε
2768 2259 2904 2315 Puto
2947 2259 3089 2327 quod
3142 2257 3319 2327 prima
3357 2252 3546 2307 salutis
3593 2251 3810 2317 initia,e'

601 2345 731 2416 plici
751 2345 910 2401 modo
937 2347 1228 2401 enuntiare
1260 2345 1451 2401 Grmce
1476 2345 1652 2416 potuit
1684 2345 1947 2415 Origenes
1974 2338 2085 2397 οἷόν
2120 2361 2183 2398 τε
2286 2359 2401 2428 ipsa
2435 2354 2804 2415 fundamenta,
2841 2350 2975 2405 ﬁdes
3026 2357 3109 2404 εει
3141 2364 3154 2400 ε
3203 2344 3488 2417 profeci“;
3515 2357 3638 2398 vero
3658 2352 3705 2396 ei
3732 2356 3809 2394 an.

606 2433 769 2504 εῖναι,
806 2447 861 2494 et
883 2437 1108 2492 δυνατὸν
1133 2433 1302 2492 εἶναι·
1343 2452 1577 2506 quorum
1616 2437 1766 2506 prior
1795 2435 2034 2491 excludit
2085 2450 2183 2492 ne-

2285 2457 2501 2522 gmenta
2528 2444 2740 2502 aediﬁcii
2765 2483 2781 2509 ,
2811 2429 2935 2514 spés
2975 2451 3058 2497 est
3089 2460 3103 2497 :
3144 2438 3415 2511 perfectio
3445 2446 3616 2491 autem
3643 2443 3691 2490 et
3725 2433 3807 2489 cal.

602 2532 940 2594 cessitatem,
992 2538 1048 2582 et
1107 2543 1228 2582 cum
1274 2528 1529 2583 libertate
1582 2526 1650 2581 ad
1691 2525 1976 2595 opposita,
2007 2533 2067 2580 ut
2109 2526 2187 2579 lo-

2287 2556 2409 2597 men
2445 2543 2609 2596 totius
2654 2539 2855 2608 operis,
2903 2536 3163 2591 charitas.
3197 2550 3216 2585 ι
3264 2531 3434 2586 Idem.
3489 2539 3612 2583 tom.
3659 2526 3806 2580 XVIIII

609 2627 851 2688 quuntnr
909 2616 1223 2680 consentit;
1279 2615 1547 2685 posterior
1604 2627 1737 2669 vero
1806 2613 2184 2668 necessitatem
2289 2634 2510 2698 nam,"
2543 2648 2696 2688 “um.
2728 2631 2833 2692 σῃ,
2862 2643 2986 2699 ρης,
3022 2626 3146 2691 υῖδο⁹
3181 2625 3345 2680 ﬁdem
3387 2625 3584 2692 absque
3607 2620 3807 2690 ορει-ίιιιιε

606 2711 861 2777 includit,
888 2721 943 2764 et
972 2710 1280 2765 libertatem
1314 2707 1579 2763 excludit.
1605 2706 1984 2763 Distinctionis
2026 2706 2187 2778 hujus
2262 2726 2522 2781 similem
2554 2738 2675 2780 esse
2697 2722 2825 2776 dicit
2861 2721 2985 2774 "cui
3027 2733 3057 2772 a
3087 2717 3305 2774 ριπίειο
3327 2715 3594 2775 arefacta.
3628 2709 3805 2781 quam.

611 2811 986 2874 argumentum
1012 2815 1230 2856 arcesso
1251 2816 1282 2856 e
1317 2800 1439 2854 Iihr.
1487 2815 1525 2855 ιι
1559 2809 1740 2854 contra
1769 2798 2001 2863 Celsum,
2038 2811 2186 2856 num.

2293 2818 2360 2872 lia
2380 2825 2588 2871 tantum
2615 2813 2819 2884 absque
2854 2811 3117 2866 fructibus
3149 2805 3664 2875 ostentabat.ltaque
3692 2810 3804 2872 post-

611 2897 703 2956 18.
741 2896 833 2950 ubi
868 2896 948 2948 sic
977 2895 1045 2949 de
1074 2893 1314 2960 ejusdem
1359 2891 1512 2947 Iuda:
1559 2892 1863 2961 proditione
1901 2902 1957 2946 et
1985 2890 2188 2946 Christi

2292 2923 2450 2980 quam
2476 2911 2707 2979 probare
2737 2915 2965 2959 conatus
2995 2910 3083 2957 est
3114 2901 3228 2955 sola
3284 2898 3393 2952 ﬁde
3430 2897 3680 2952 hominem
3701 2888 3803 2946 eﬁd

611 2986 868 3042 vaticinio
896 2984 1132 3053 loquitur
1163 2998 1177 3036 :
1200 2984 1312 3054 Οὐχ
1331 2982 1441 3038 οἶόν
1463 3000 1524 3037 τε
1544 2979 1611 3056 ἦν
1633 2982 1757 3037 οὔτε
1794 2982 1886 3038 τὸν
1913 2981 2191 3053 ἐγνωσμέ-

2287 2979 2515 3068 justum,
2545 2996 2751 3065 absque
2779 2992 3044 3064 operibus
3064 2991 3216 3059 legis,
3243 2991 3434 3060 priore
3479 2987 3591 3041 loco
3628 2983 3729 3039 libri
3760 2997 3801 3036 ιιι

608 3096 702 3134 νον
722 3077 798 3143 ὡς
822 3075 1182 3149 προδώσοντα.
1204 3074 1277 3147 μὴ
1298 3076 1604 3146 προδοῦναι,
1621 3074 1743 3130 οὔτε
1769 3075 1860 3128 τὸν
1875 3073 2194 3146 ἐλεγχθέντα

2227 3149 2260 3159 _
2293 3091 2347 3144 in
2374 3088 2542 3159 Epist.
2565 3089 2634 3142 ad
2658 3086 2812 3140 Rom.
2838 3085 3024 3141 statim
3060 3082 3283 3152 subjicit
3317 3098 3462 3138 num.
3498 3082 3552 3146 9,
3578 3093 3683 3151 pag.
3701 3076 3802 3130 5H:

611 3168 1005 3244 ἀρνησόμενον,
1046 3167 1121 3239 μὴ
1146 3165 1512 3239 ἀρνήσασθαι.
1559 3167 1723 3233 Quasi
1755 3168 1904 3221 dicas
1933 3183 1947 3225 ;
1986 3185 2004 3217 ι
2029 3164 2192 3220 Nullo

2218 3149 2261 3207 θ
2298 3200 2320 3236 t
2351 3149 2460 3240 Sed
2494 3182 2742 3238 fortassis
2789 3180 2904 3235 haec
2953 3149 3173 3247 aliquis
3197 3175 3429 3231 audiens
3471 3149 3749 3231 resolvatur,
3765 3175 3803 3221 et

617 3262 779 3317 modo
808 3261 1046 3315 futurum
1071 3271 1211 3315 erat.
1250 3279 1269 3310 ι
1310 3261 1376 3314 At
1401 3259 1557 3328 paulo
1587 3258 1814 3312 inferius
1851 3273 2000 3312 num.
2023 3256 2094 3311 20
2115 3258 2193 3312 sic
2293 3276 2429 3330 bene
2458 3271 2651 3345 agendi
2688 3269 3069 3339 negligemiam
3119 3267 3322 3335 capiai,
3370 3263 3624 3335 siquidem
3652 3259 3707 3313 ad
3741 3255 3804 3325 jn-

617 3356 781 3411 ltahet
821 3371 835 3407 :
868 3354 979 3407 Καὶ
1020 3353 1138 3407 ὅλον
1158 3369 1222 3422 γε
1262 3351 1421 3406 τοῦτο
1453 3354 1511 3405 ὲν
1535 3355 1601 3424 τῇ
1643 3350 1948 3426 προγνώσει
1974 3350 2068 3404 τοῦ
2106 3349 2194 3403 θε-

2292 3367 2636 3423 stiﬁcandum
2667 3366 2802 3418 ﬁdes
2824 3363 2938 3419 sola
2973 3359 3220 3416 suﬁiciat.
3271 3361 3354 3413 Ad
3384 3371 3538 3427 quem
3582 3353 3800 3409 dicemus.

603 3446 898 3511 οσπίλζοντος
933 3447 1064 3501 αὐτὸ
1094 3446 1353 3516 τυγχάνει
1388 3444 1615 3499 δυνατοῦ
1660 3445 1811 3509 ὄντος
1857 3443 2013 3498 τοῦδέ
2051 3460 2194 3506 τινος

2293 3460 2417 3530 quia
2443 3467 2563 3529 post
2600 3455 3048 3524 justiﬁeationem
3100 3453 3146 3508 si
3189 3451 3390 3521 injuste
3419 3447 3537 3518 quis
3562 3439 3802 3525 agat,sino

607 3538 885 3609 γενέσθαι,
908 3537 1060 3591 ἔσται
1092 3538 1152 3592 τὸ
1180 3537 1363 3610 ἕτερον
1386 3536 1564 3591 αὐτῶν
1586 3537 1648 3591 τὸ
1678 3536 1733 3590 δέ
1757 3555 1826 3591 τι.
1857 3538 1965 3590 Καὶ
1996 3536 2054 3589 οὐ
2091 3552 2195 3605 φα-

2292 3551 2459 3605 dubio
2482 3546 2888 3618 justilicationis
2918 3545 3152 3614 gratiam
3192 3541 3402 3612 sprevit
3430 3555 3445 3605 ;
3487 3557 3505 3591 ι
3532 3547 3584 3592 et
3615 3542 3802 3618 postmo-

620 3631 720 3703 μὲν
752 3632 835 3685 ὅτι
861 3633 890 3684 6
924 3630 1315 3701 προγινώσκων
1345 3628 1556 3699 ὑφελὼν
1582 3629 1642 3682 τὸ
1677 3629 1899 3683 δυνατὸν
1933 3623 2072 3682 εἶναι
2102 3645 2196 3696 γε·

2195 3660 2196 3665 π
2295 3640 2418 3694 dum
2449 3617 2598 3693 num.
2635 3635 2723 3701 Iit,
2750 3650 2871 3705 pag.
2910 3632 3014 3689 519
3045 3649 3059 3686 :
3097 3650 3117 3685 ι
3143 3632 3298 3699 Quod
3323 3631 3368 3686 si
3406 3626 3630 3698 requirat
3653 3617 3801 3686 aliquis

615 3723 802 3778 νέσθαι
825 3724 922 3777 καὶ
961 3725 1037 3795 μὴ
1059 3724 1309 3792 γενέσθαι.
1348 3723 1510 3777 οἱονεὶ
1536 3722 1776 3775 τοιοῦτόν
1806 3740 1859 3776 τι
1879 3721 2025 3792 λέγει
2046 3737 2059 3751 ·
2078 3721 2196 3774 τόδε

2194 3762 2196 3768 ν
2276 3729 2584 3793 curiosius,
2614 3727 2649 3781 ii
2679 3727 2769 3796 qui
2798 3740 2866 3781 ex
2900 3725 3004 3780 ﬁde
3025 3723 3435 3793 justiﬁcantur,
3467 3733 3557 3791 per
3582 3709 3800 3784 allemlu'

616 3813 838 3877 πάντως
856 3813 1027 3879 ἔσται,
1049 3817 1142 3867 καὶ
1184 3814 1442 3869 ἀδύνατον
1470 3814 1673 3887 ἑτέρως
1699 3812 1953 3882 γενέσθαι
1972 3829 1987 3844 ·
2010 3822 2065 3867 et
2100 3812 2193 3867 lib.

2300 3821 2633 3886 stilicentur;
2664 3819 2788 3874 licet
2829 3818 3078 3873 iortassis
3129 3815 3315 3869 multa
3340 3815 3394 3867 in
3441 3812 3541 3865 hoc
3571 3801 3800 3862 curiositas

605 3919 697 3958 .vu
735 3905 1022 3958 Comment.
1055 3906 1109 3958 in
1135 3904 1303 3974 Epist.
1342 3907 1410 3959 ad
1432 3905 1610 3971 Rom.,
1640 3922 1787 3962 num.
1822 3905 1876 3969 8,
1911 3921 2030 3974 pag.
2051 3902 2192 3958 605:
2294 3912 2564 3973 videatur,
2597 3920 2771 3965 tamen
2795 3908 3184 3963 convenienter
3200 3904 3384 3959 dicere
3405 3910 3682 3971 possumus,
3696 3887 3799 3960 ψιθιι

625 4013 648 4047 ς
689 3994 803 4049 Non
829 4009 960 4064 ergo
981 3996 1104 4063 quia
1138 3996 1409 4064 propheta:
1432 3998 1825 4066 praedixerunt,
1846 3997 2047 4051 idcirco
2073 4011 2198 4067 pro-
2297 4003 2386 4072 qui
2412 4017 2478 4056 ex
2506 4000 2608 4056 ﬁde
2630 4001 3031 4070 justiﬁcautur,
3067 3997 3220 4053 initio
3258 4012 3329 4052 ex
3367 3993 3470 4048 ﬁde
3503 3997 3706 4057 sumpto,
3731 3993 3800 4052 per

622 4088 757 4142 didit
796 4085 966 4142 Judas
1005 4104 1021 4141 :
1054 4088 1147 4141 sed
1195 4089 1321 4157 quia
1373 4087 1589 4141 futurus
1641 4100 1788 4143 esset
1822 4090 2101 4159 proditor,
2134 4104 2194 4145 ea

2190 4111 2194 4145 I
2297 4095 2734 4167 adimpletionem
2791 4095 3055 4148 bonorum
3104 4106 3329 4162 operum
3387 4084 3796 4144 consummantur;

622 4194 742 4250 qua:
773 4178 862 4233 ille
904 4194 971 4233 ex
1001 4181 1259 4249 propositi
1287 4180 1369 4234 sui
1394 4180 1634 4247 nequitia
1667 4189 1914 4248 gesturus
1929 4189 2045 4234 erat
2069 4195 2201 4250 prae-
2298 4198 2352 4243 θι
2381 4189 2472 4259 qui
2498 4202 2596 4259 per
2621 4187 2779 4242 ﬁdem
2798 4184 3238 4258 justiﬁcantnr,a
3263 4182 3422 4239 bonis
3439 4175 3671 4248 operibus
3686 4179 3799 4223 exor-

623 4272 881 4326 dixerunt
913 4272 1212 4340 prophetas,
1244 4287 1366 4324 cum
1402 4272 1586 4338 utique
1627 4268 1795 4325 .Indas
1835 4273 1888 4325 in
1933 4279 2200 4341 potestate
2299 4279 2367 4344 si,
2401 4292 2496 4348 per
2536 4278 2694 4332 [idem
2751 4291 3015 4332 summam
3070 4273 3457 4346 perfectionem
3504 4264 3793 4332 accipiunut

627 4365 922 4427 habuisset,
961 4374 1020 4418 ut
1048 4374 1193 4419 esset
1236 4365 1432 4418 similis
1467 4363 1630 4419 Petro
1666 4374 1721 4417 et
1751 4361 1942 4417 Joanni
1970 4404 1987 4428 ,
2027 4366 2070 4419 si
2101 4381 2199 4419 vo-
2298 4370 2545 4437 Quanam
2569 4383 2697 4440 ergo
2725 4368 2829 4422 ﬁde
2852 4367 3195 4439 scripserunt
3220 4354 3793 4434 Magdeburgensescenl.

627 4446 838 4506 luisset.
880 4468 899 4501 ι
950 4447 1087 4503 Hinc
1123 4450 1259 4503 adeo
1298 4466 1316 4500 ι
1366 4449 1526 4518 Legis
1584 4449 1998 4519 possibilitatem
2047 4464 2233 4519 asse-1

2189 4485 2200 4496 '
2231 4509 2272 4532 η
2303 4478 2385 4528 “li
2417 4476 2540 4532 οθρο
2572 4437 2676 4526 10‘.
2714 4437 3001 4529 Origenem
3051 4477 3070 4512 ι
3102 4453 3505 4528 justiﬁcationis
3540 4447 3711 4503 fontem
3741 4437 3795 4489 ie-

629 4541 802 4597 rulsse
837 4559 859 4594 δ
884 4540 1173 4610 Origenem
1219 4509 1708 4612 Magdeburgenses
1758 4542 2042 4613 conquesti
2073 4553 2199 4599 sunt
2231 4509 2274 4564 ι)
2302 4509 2899 4620 ξιξεζιῖεξηζείρέἑξῖὲ

626 4639 775 4686 cent.
814 4646 893 4697 ιιι,
924 4647 1043 4702 cap.
1065 4632 1149 4689 l0.

2302 4664 2305 4671 ·
2380 4643 2573 4699 XXIV.
2603 4642 2681 4697 De
2714 4650 2941 4713 peccato
2960 4640 3186 4711 originis
3206 4642 3275 4696 ah
3302 4642 3502 4696 Adamo
3533 4635 3580 4688 in
3605 4620 3792 4683 hominea

698 4735 886 4793 XXIII.
925 4737 1080 4794 Patet
1118 4742 1280 4796 etiam
1316 4742 1831 4813 reprehensionibus
1881 4742 2034 4802 locus
2079 4744 2194 4801 Ori-
2300 4746 2597 4809 propagato
2620 4753 2726 4792 non
2783 4751 2886 4790 una
2918 4744 3002 4791 est
3046 4734 3279 4806 lprensis
3323 4729 3545 4803 ερίεοοιιί
3591 4720 3788 4813 armis

628 4830 784 4901 genis
819 4843 850 4884 θ
879 4830 973 4884 lib.
1004 4846 1062 4885 ιιι
1099 4833 1154 4885 in
1192 4806 1470 4898 Epist-ad
1508 4834 1687 4902 Rom.,
1730 4851 1879 4890 nttm.
1904 4836 1970 4902 9,
1999 4836 2052 4891 in
2089 4851 2196 4907 quo
2302 4806 2685 4886 Adamantium
2704 4826 2946 4898 querela.
2967 4827 3016 4880 Is
3035 4836 3167 4882 tum.
3195 4827 3343 4890 |,|ib.
3377 4839 3448 4888 vt,
3470 4832 3577 4907 c.an
3598 4806 3788 4907 ¹Ῐ¹οΡ⁰⁶¹’

628 4922 892 4992 exeruplis
908 4932 965 4977 et
994 4924 1290 4978 rationibus
1312 4925 1686 4983 demonstrare
1716 4927 1905 4981 nititur
1925 4926 2035 4982 sola
2072 4903 2198 4994 ﬁde,
2305 4935 2468 4992 quam
2491 4920 2777 4989 Origenem
2810 4918 2992 4973 fassus
3019 4930 3102 4973 est
3128 4918 3193 4973 de
3221 4927 3436 4988 peccato
3460 4903 3659 4977 οτίείηίε
3676 4906 3786 4994 {cf

629 4984 832 5082 absque
886 5010 1009 5067 ullis
1032 5011 1287 5080 operibus
1313 5013 1466 5084 legis,
1493 5014 1764 5069 hominem
1802 5016 2005 5084 justum
2039 4984 2200 5081 efﬁci,
2309 4984 2504 5068 t-holica
2530 4984 2769 5066 Ecclesia
2816 4984 3454 5079 dissentire‘neutiquam
3482 4996 3651 5058 videri,
3681 4984 3789 5043 Pela'

629 5101 783 5171 juxta
812 5103 944 5157 illud
975 5104 1221 5172 Apostoli
1253 5103 1413 5158 Rom.
1446 5106 1719 5172 ut,9.7,28
1752 5125 1805 5160 ε(
1843 5105 1943 5161 Ubi
1971 5119 2051 5161 est
2075 5122 2203 5178 ergo
2304 5107 2478 5176 gianis
2509 5115 2712 5169 tamen,
2738 5116 2799 5158 ut
2822 5107 2890 5157 de
2914 5117 2978 5158 ea
3011 5118 3068 5157 re
3089 5101 3220 5156 falsa
3251 5103 3599 5172 opinarentur.
3625 5089 3782 5178 Plini"?

632 5193 885 5263 gloriatio
933 5194 1218 5250 YExclusa
1271 5208 1377 5251 est.
1423 5195 1527 5251 Per
1569 5213 1728 5266 quam
1777 5200 1949 5270 legem
1978 5200 2003 5252 ἲ
2039 5200 2205 5254 facto-
2306 5173 2583 5267 aperuisse
2606 5173 3784 5271 dicit.MoxeIibrovCounucnlariorumil)?“s

532 5295 538 5301 ‘
636 5261 752 5341 rum
779 5286 803 5339 ?
830 5284 968 5349 Non,
1002 5289 1094 5342 sed
1128 5304 1223 5358 per
1257 5289 1427 5357 legem
1480 5261 1624 5341 ﬁdei.
1672 5261 2015 5344 Arbitratnur
2058 5293 2202 5346 enim
2303 5261 2357 5344 in
2385 5289 2556 5360 Epist.
2610 5289 2680 5343 ad
2711 5288 2863 5343 Rom.
2915 5289 3187 5358 praecipua
3214 5287 3415 5352 colligit
3436 5275 3611 5363 63PM)
3639 5261 3781 5363 q'fib'fs

627 5376 912 5445 justiﬁcari
940 5379 1210 5434 hominem
1242 5394 1337 5447 per
1372 5378 1552 5437 ﬁdem,
1573 5380 1691 5434 sine
1718 5383 1975 5450 operibus
2007 5385 2197 5452 legis.»
2306 5382 2609 5437 doctrinam
2649 5380 2772 5450 ejus
2795 5394 2961 5451 super
2989 5382 3090 5435 hoc
3126 5388 3437 5451 argumento
3471 5360 3783 5452 continui]?

635 5472 702 5522 At
733 5477 940 5522 certmn
970 5480 1051 5522 est
1075 5481 1252 5524 tamen
1284 5472 1765 5539 dejustilicationis
1798 5474 1961 5529 initiis
1995 5439 2204 5530 ihivdis-
2308 5481 2426 5540 tat;
2455 5487 2575 5542 qnte
2589 5439 2930 5543 sin'gulatim,
2955 5473 3048 5528 sed
3077 5439 3781 5543 paucisexamiﬂabimu“?

633 5574 815 5613 serere
841 5557 1271 5628 Origenem,non
1303 5563 1366 5615 de
1406 5577 1696 5633 progressu
1722 5562 1837 5630 ejus
1869 5575 1923 5620 et
1946 5579 2201 5634 augmen-

2186 5596 2201 5607 -
2298 5535 2452 5621 mum
2473 5535 2586 5621 hoc
2617 5535 2706 5621 esi
2734 5535 3020 5630 mundum,
3044 5535 3101 5619 in
3134 5578 3295 5634 quem
3328 5562 3583 5630 peccatum
3605 5535 3784 5597 in!!!“

704 5732 751 5765 "
785 5732 942 5787 Rom.
974 5749 1043 5798 tv,
1065 5735 1119 5787 5.
