4068 6308
309 314 418 372 963

1115 313 1688 372 ORIGENIANORUM
1731 313 1858 369 [ΑΒ.
1901 313 1964 381 ll,
2007 314 2159 370 CAP.
2202 312 2267 378 Il,
2307 311 2586 380 QUEST.
2635 312 2745 369 Vll.

3465 314 3570 373 966

311 429 473 484 tamet
499 429 790 502 Apostolus
823 445 920 502 per
943 443 1228 500 peccatum
1261 431 1480 494 Adami,
1504 441 1750 510 terrenos
1772 446 1892 486 esse
1919 440 1964 495 Α
1997 431 2127 484 tioni
2162 437 2357 501 quarta
2379 443 2624 487 connexa
2655 437 2774 492 est,
2809 429 2986 484 visum
3025 427 3195 484 fuisse
3249 426 3375 499 ipsi,
3418 441 3567 484 mor-

314 522 689 583 homines;2.
721 536 950 579 mortem
1005 539 1126 594 qua:
1177 525 1229 578 in
1291 539 1482 580 omnes
1531 524 1886 594 pertransiit,

312 619 543 665 mortem
565 626 686 667 esse
716 614 930 678 animm,
959 628 1064 667 non
1088 615 1364 684 corporis;
1397 617 1452 670 5.
1482 625 1710 669 mortem
1744 615 1888 670 illam

310 705 799 772 nonpertrausisse
830 706 881 758 in
910 721 1121 772 omnes,
1145 709 1238 762 sed
1261 710 1311 764 in
1341 709 1559 774 multos,
1577 710 1670 780 qui
1698 726 1889 782 nempe

312 805 439 850 actu
478 807 870 865 peccaverunt;
915 798 972 852 4.
1004 814 1106 853 nou
1138 799 1190 852 in
1239 816 1428 856 omnes
1461 817 1718 872 regnasse
1751 819 1888 858 tuor-

309 891 444 952 tem,
479 887 570 940 sed
600 887 650 940 in
682 903 774 942 eos
797 888 1162 957 duntaxatqui
1187 892 1888 958 peccaveruntinsimilitn-

309 975 492 1031 dinem
528 979 985 1047 praevaricationis
1020 982 1184 1048 Athe;
1229 981 1283 1036 5.
1337 999 1442 1038 non
1477 999 1664 1039 oiuues
1697 985 1874 1040 homi-

310 1084 429 1136 nes,
459 1072 552 1124 sed
590 1071 789 1126 multos
821 1071 981 1128 unius
1008 1072 1212 1128 delicto
1243 1085 1561 1146 peccatores
1612 1077 1778 1132 fuisse
1805 1078 1886 1132 ei-

310 1158 523 1221 fectos;
577 1159 630 1215 6.
661 1160 942 1217 Christum
1012 1164 1194 1233 plures
1245 1167 1310 1221 ad
1362 1168 1528 1222 vitam
1565 1169 1882 1234 reduxisse,

309 1267 470 1322 quam
496 1254 756 1308 Adamum
795 1257 863 1309 ad
897 1267 1166 1324 mortem;
1212 1258 1266 1314 7.
1300 1260 1568 1314 Adamum
1605 1276 1726 1316 esse
1774 1264 1884 1316 for-

309 1357 452 1396 matn
475 1343 668 1410 futuri,
691 1349 814 1416 quia
837 1349 1044 1415 peccati
1077 1350 1245 1416 ipsius
1263 1351 1548 1420 cxmnplar
1579 1353 1882 1418 imitantes,

308 1447 624 1506 peccatores
649 1438 824 1492 etlecti
880 1451 1027 1495 sunt.
1085 1440 1446 1498 Observatum
1486 1456 1668 1499 autem
1718 1446 1880 1502 velim

308 1537 432 1582 ante
456 1531 659 1594 omnia,
694 1532 760 1584 ab
780 1532 1012 1602 Origene
1036 1534 1150 1589 haec
1174 1535 1549 1609 ἀλληγορικῶς
1566 1535 1730 1592 fuisse
1757 1553 1882 1607 pro-

307 1622 504 1691 posita,
547 1640 653 1678 non
703 1625 1049 1696 δογματικῶς
1088 1628 1346 1690 delinita;
1390 1639 1682 1699 antequam
1733 1631 1878 1685 enim

305 1714 374 1770 ad
401 1729 464 1770 ea
490 1715 735 1779 accedat,
773 1719 1042 1787 explicato
1073 1719 1270 1776 littera:
1306 1736 1492 1776 sensu.
1539 1739 1558 1773 ι
1592 1721 1880 1776 Videamus

305 1822 472 1872 nunc,
511 1825 531 1859 ι
569 1807 743 1876 inquit
777 1825 928 1877 num.
960 1811 1013 1875 1,
1055 1826 1178 1881 pag.
1208 1811 1336 1875 545,
1376 1831 1394 1864 ι
1433 1812 1560 1881 quid
1600 1813 1763 1868 etiam
1797 1813 1883 1868 in-

305 1899 477 1951 terior
507 1896 697 1952 habeat
729 1898 1061 1954 intellectus.
1094 1919 1111 1952 ι
1141 1902 1294 1968 Quod
1321 1918 1386 1956 ex
1415 1903 1585 1970 ipsius
1610 1903 1881 1972 opinatio-

317 2004 449 2044 num
480 1990 842 2045 inconstantia
900 2001 949 2046 et
995 1993 1303 2048 diversitate
1339 1994 1535 2052 clarius
1559 1998 1721 2055 etiam
1761 2017 1882 2057 sese

302 2083 518 2152 prodet.
551 2081 682 2136 Nam
714 2085 945 2153 primum
967 2086 1109 2154 quod
1143 2088 1358 2152 attinet,
1385 2099 1667 2161 postquam
1702 2101 1878 2150 terre-

304 2186 407 2227 nos
433 2172 678 2228 homines
704 2183 759 2229 et
793 2173 955 2228 rebus
1012 2177 1243 2231 terrenis
1282 2179 1496 2235 deditos
1522 2221 1538 2247 ,
1589 2182 1881 2252 allegorice

304 2267 564 2320 mundum
600 2281 723 2321 esse
754 2267 912 2332 dixit,
972 2268 1024 2321 in
1077 2283 1236 2337 quem
1292 2282 1574 2338 peccatum
1633 2275 1877 2342 intravit,

301 2359 560 2413 mundum
584 2360 775 2415 deinde
801 2360 961 2414 aliter
985 2362 1227 2430 exponit,
1253 2376 1430 2433 eoque
1463 2366 1757 2435 signiﬁcari
1790 2370 1881 2423 do-

299 2460 389 2503 cet
408 2465 557 2503 num.
590 2452 639 2513 1,
683 2468 802 2522 pag.
841 2453 966 2520 547,
1013 2473 1031 2506 ι
1065 2464 1339 2509 terrenum
1376 2458 1516 2513 hunc
1565 2458 1769 2524 locum,
1822 2462 1875 2516 in

297 2553 409 2609 quo
438 2541 685 2597 homines
726 2545 1012 2608 habitant;
1044 2547 1128 2602 vel
1158 2559 1428 2602 terrenam
1464 2561 1516 2604 et
1536 2553 1874 2617 corporalem

296 2631 490 2697 vitam,
525 2635 703 2704 inqua
741 2651 887 2692 mors
921 2637 1088 2693 habet
1130 2640 1338 2706 locum;
1384 2642 1470 2696 cui
1505 2643 1726 2706 mundo,
1775 2646 1876 2700 hoc

297 2735 405 2787 est,
434 2734 659 2780 terrenae
680 2728 826 2793 vitae,
844 2730 1136 2787 cruciﬁxos
1160 2748 1218 2786 se
1237 2734 1419 2787 dicunt
1451 2736 1624 2790 sancti
1647 2745 1704 2790 et
1734 2753 1877 2791 utor-

299 2826 444 2872 tuos.
484 2838 502 2871 ι
542 2818 656 2873 Non
712 2821 880 2877 multo
933 2833 1112 2878 autem
1171 2824 1397 2880 inferius
1433 2841 1554 2896 pag.
1596 2827 1722 2893 549,
1770 2830 1874 2884 ειΙίι

296 2907 495 2965 habet:
528 2929 547 2962 ι
584 2911 805 2966 Videtur
838 2915 991 2979 mihi,
1029 2914 1225 2984 inquit,
1261 2917 1404 2986 quod
1442 2919 1529 2972 hic
1578 2921 1872 2989 Apostolus

295 2999 450 3055 illam
481 3010 721 3067 aetatem,
752 3021 868 3073 qua:
900 3009 1138 3060 !l0tttiltllt
1167 3007 1232 3060 ad
1265 3010 1620 3078 rapacitatem
1649 3012 1872 3068 rationis

1997 530 2104 575 tem
2132 521 2278 575 illam
2303 525 2368 577 de
2397 537 2502 590 qua
2529 520 2732 575 Paulus
2765 521 2921 575 llom.
2952 537 3003 588 ν,
3031 520 3117 586 14,
3149 536 3256 576 ιιοιι
3289 520 3344 574 in
3375 535 3570 577 omnes

1992 628 2273 683 regnasse,
2305 616 2401 669 sed
2449 614 2501 668 in
2532 628 2626 668 eos
2675 617 2965 677 duntaxat,
2997 612 3086 682 qui
3117 623 3483 682 peccaverunt
3513 614 3567 668 in

1989 706 2399 761 similitudinem
2427 706 2896 776 praevaricationis
2917 706 3068 760 Adae.
3094 705 3395 776 Utrobique
3425 722 3566 761 mor-

1988 807 2094 852 tem
2135 798 2344 864 peccati
2374 798 2622 866 intelligit
2652 815 2666 853 :
2703 813 2764 851 ac
2802 799 3031 868 proinde
3057 803 3256 866 pendet
3278 800 3402 853 hinc
3431 815 3570 869 quo-

1988 908 2093 960 que
2127 893 2316 962 quinta
2347 892 2647 953 accusatio,
2683 889 2981 946 aﬂirmasse
3008 889 3208 960 ipsum,
3243 906 3347 944 non
3372 906 3566 948 omnes

1988 983 2259 1044 homines,
2283 981 2375 1034 sed
2405 980 2602 1033 multos
2633 979 2796 1032 unius
2825 977 3028 1032 delicto
3071 987 3383 1046 peccatores
3443 991 3568 1033 esse

1985 1072 2233 1128 eﬂectos.
2266 1072 2558 1142 Distingnit
2590 1079 2769 1126 autem
2793 1069 3058 1142 Origenes
3092 1070 3380 1124 transitqu
3416 1085 3566 1124 mor-

1986 1167 2054 1220 tis
2073 1182 2100 1218 a
2121 1180 2283 1232 regno
2301 1165 2491 1218 mortis
2517 1181 2530 1217 :
2565 1184 2581 1214 ι
2607 1162 2896 1218 Peccatum
2916 1165 3081 1226 enim,
3109 1182 3126 1215 ι
3153 1160 3322 1229 inquit
3348 1163 3561 1226 unum,

1985 1274 2104 1328 pag.
2163 1257 2268 1312 550
2299 1298 2312 1322 ,
2355 1276 2374 1309 ι
2415 1257 2734 1327 pertransiit
2783 1258 2948 1310 etiam
3008 1257 3064 1311 in
3113 1256 3314 1326 justos,
3359 1267 3413 1310 et
3460 1255 3564 1311 levi

1985 1352 2216 1422 quadam
2247 1366 2344 1404 eos
2374 1351 2701 1420 contagione
2734 1351 3055 1418 perstrinxit
3086 1368 3100 1405 :
3137 1349 3192 1403 in
3226 1349 3559 1418 prtevarica-

1987 1444 2193 1498 toribus
2227 1458 2377 1509 vero,
2401 1442 2454 1496 id
2487 1453 2574 1498 est
2601 1482 2616 1506 ,
2680 1441 2764 1496 his
2796 1441 2888 1511 qui
2924 1457 2983 1496 se
3015 1441 3061 1495 ei
3108 1450 3217 1496 tota
3274 1451 3460 1497 tuente
3498 1456 3563 1498 ac

1983 1537 2266 1592 devotione
2316 1535 2637 1605 subjiciunt,
2666 1551 2895 1605 regnum
2946 1543 3112 1600 tenet,
3151 1543 3205 1588 et
3231 1535 3376 1587 omni
3408 1542 3564 1603 pote-

1983 1638 2123 1683 state
2160 1627 2491 1682 dominatur.
2523 1647 2542 1680 ι
2579 1627 2648 1680 At
2685 1637 2913 1680 mortem
2941 1625 3087 1679 illam
3120 1641 3284 1694 super
3312 1641 3406 1679 eos
3433 1635 3561 1679 tau-'

1986 1731 2097 1775 tum
2132 1736 2352 1791 regnum
2391 1719 2632 1774 tenuisse
2657 1719 2902 1789 vult,qui
2935 1718 3098 1772 simili
3126 1732 3265 1780 sese,
3297 1727 3356 1772 ut
3385 1719 3556 1773 Adam

1983 1813 2214 1868 crimine
2246 1812 2694 1881 iuquinavernut.
2733 1810 3050 1881 Quanquam
3106 1809 3230 1862 alibi
3267 1819 3554 1878 peccatum

1981 1905 2213 1972 originis
2245 1917 2410 1972 super
2442 1919 2636 1958 omnes
2671 1918 2931 1968 regnasse
2972 1905 3047 1955 ait
3079 1919 3094 1955 :
3132 1920 3150 1954 ι
3189 1900 3302 1955 Νοιι
3333 1916 3486 1970 ergo,
3529 1917 3551 1953 ι

1983 1995 2159 2064 inquit
2185 2008 2332 2046 num.
2359 1992 2414 2052 2.
2445 2008 2569 2062 pag.
2604 1993 2731 2058 551,
2771 2011 2789 2044 ι
2823 1991 2956 2046 nihil
2994 1993 3347 2060 peccantibus
3380 1990 3558 2058 nobis,

1983 2101 2133 2142 mors
2165 2085 2413 2156 regnavit
2441 2085 2494 2139 in
2527 2086 2725 2140 nobis:
2767 2105 2786 2138 ι
2821 2094 2877 2140 ει
2903 2100 3027 2139 mox
3061 2105 3073 2140 :
3112 2102 3131 2136 ι
3169 2083 3274 2139 Sed
3309 2082 3560 2153 regnavit

1981 2193 2130 2232 mors
2161 2178 2230 2231 ab
2262 2175 2433 2230 Adam
2471 2191 2644 2246 usque
2674 2177 2738 2230 ad
2770 2175 2988 2248 Moysen
3027 2178 3078 2231 in
3116 2193 3210 2232 eos
3232 2178 3323 2248 qui
3354 2194 3553 2247 pecca-

1983 2278 2180 2324 verunt
2233 2269 2284 2322 in
2321 2268 2732 2323 similitudinem
2779 2269 3244 2338 przevaricationis
3287 2270 3432 2324 Adae.
3470 2269 3560 2327 Vi-

1981 2362 2148 2414 desne
2179 2369 2238 2412 ut
2268 2375 2298 2413 a
2324 2370 2550 2429 peccato
2582 2361 2787 2414 tmllum
2836 2360 3036 2414 Paulus
3065 2361 3332 2415 excuset?
3369 2381 3387 2414 ι
3430 2361 3559 2416 l’er-

1979 2453 2266 2507 trausiisse
2324 2463 2502 2507 autem
2559 2462 2790 2507 mortem
2828 2454 2881 2506 in
2930 2469 3120 2508 omnes
3152 2455 3362 2508 iteratis
3418 2455 3555 2510 locis

1979 2549 2177 2602 diserte
2213 2545 2435 2611 asserit,
2462 2554 2522 2598 ut
2551 2561 2673 2596 cum
2703 2561 2851 2597 num.
2890 2544 2941 2604 1,
2976 2559 3100 2614 pag.
3131 2544 3260 2609 547,
3302 2545 3555 2614 corporis

1978 2649 2204 2693 mortem
2249 2638 2497 2692 umbram
2534 2650 2657 2691 esse
2687 2635 2817 2689 dicit
2845 2637 3034 2690 mortis
3061 2637 3266 2705 pect-ati
3293 2654 3306 2700 ;
3341 2653 3402 2690 ac
3431 2619 3559 2706 pro-

1975 2729 2102 2784 inde
2144 2727 2351 2783 nullum
2396 2739 2570 2780 morte
2627 2726 2838 2795 peccati
2888 2740 3012 2780 esse
3067 2727 3384 2787 immunem,
3430 2726 3557 2794 quia

1975 2838 2295 2894 corpoream
2325 2830 2554 2875 mortem
2587 2835 2746 2872 nemo
2789 2819 2961 2872 vitare
2994 2827 3194 2888 potest.
3257 2818 3308 2870 Id
3363 2820 3558 2887 probat

1975 2918 2168 2972 deinde
2186 2913 2630 2970 commemoratis
2662 2913 2908 2981 priorum
2935 2918 3241 2979 temporum
3275 2910 3408 2964 viris
3431 2925 3526 2964 san
3546 2939 3558 2950 ο

1973 3008 2165 3062 ctitate
2183 3005 2474 3070 nobilibus,
2497 3019 2635 3071 quos
2651 3019 2844 3059 omnes
2861 3014 3086 3072 peccato
3107 3003 3371 3057 obnoxios
3388 3000 3557 3055 fuisse

293 3093 546 3159 accessit,
571 3111 674 3148 non
698 3101 806 3148 tam
833 3096 1096 3162 homines,
1127 3114 1290 3167 quam
1325 3099 1581 3152 mundum
1621 3100 1856 3168 appella-
1898 3125 1940 3182 ρ
1977 3103 2336 3156 demonstrat.
2374 3097 2523 3151 ldem
2553 3113 2659 3150 non
2697 3097 2864 3150 multo
2909 3105 3032 3166 post
3067 3095 3380 3157 continuat,
3416 3108 3556 3163 apo-

293 3183 456 3238 verit.
485 3202 504 3237 ι
535 3184 717 3238 Altera
757 3186 974 3254 querela
1013 3185 1126 3241 haec
1177 3195 1283 3249 est,
1321 3187 1524 3240 dixisse
1577 3187 1866 3257 Origenem

292 3287 528 3332 mortem
571 3293 691 3347 qua:
726 3279 780 3333 in
823 3295 1012 3334 onmes
1047 3280 1292 3333 homines
1357 3281 1687 3347 pertransiit,
1727 3296 1872 3334 mor-

295 3381 406 3425 tem
431 3385 553 3425 esse
578 3373 792 3436 animae,
830 3388 936 3425 non
991 3374 1256 3440 corporis.
1299 3373 1494 3428 Fateor
1545 3383 1771 3427 mortem
1803 3374 1868 3427 il-

293 3462 404 3516 lam
433 3464 636 3528 passim
666 3465 938 3532 accipiab
962 3480 1029 3518 eo
1057 3481 1152 3534 pro
1182 3476 1353 3520 marte
1376 3466 1606 3534 peccati,
1641 3467 1756 3530 sed,
1796 3476 1854 3518 ut

292 3557 526 3626 reiiqua,
591 3557 891 3626 allegorice
938 3573 1152 3612 sensu:
1201 3557 1356 3628 cujus
1416 3558 1605 3611 mortis
1639 3569 1866 3612 mortem

292 3665 612 3720 corpoream
639 3652 886 3706 umbram
920 3649 1152 3718 appellat
1185 3665 1337 3703 nutu.
1368 3651 1418 3715 1,
1445 3666 1564 3718 pag.
1599 3649 1722 3716 547,
1742 3655 1866 3719 quia

297 3761 320 3797 ι
356 3757 686 3813 quocunque
727 3743 817 3796 illa
850 3743 1152 3808 incesserit,
1190 3741 1331 3795 hanc
1370 3756 1598 3796 necesse
1633 3751 1716 3795 est
1737 3740 1867 3794 sub-

291 3838 470 3906 sequi,
501 3837 646 3890 velut
675 3836 921 3890 umbram
959 3851 1190 3902 corpus;
1226 3856 1244 3886 )
1279 3845 1439 3903 atque
1471 3835 1672 3888 idcirco
1723 3849 1868 3886 mor-

290 3941 444 3984 tuutn
501 3929 673 3984 fuisse
724 3928 1026 3994 Christum,
1057 3929 1183 3998 quia
1229 3943 1325 3996 pro
1374 3929 1531 3982 nobis
1565 3925 1743 3980 factus
1784 3936 1868 3980 est

290 4032 594 4093 peccatum.
617 4024 684 4075 At
711 4029 936 4076 mortem
963 4021 1132 4084 illam,
1150 4037 1311 4089 quam
1342 4035 1593 4090 regnasse
1613 4020 1681 4073 ab
1696 4018 1864 4072 Adam

289 4131 462 4187 usque
494 4117 562 4170 ad
597 4115 818 4185 Moysen
849 4117 924 4169 ait
947 4116 1248 4184 Apostolus
1303 4113 1462 4167 Rom.
1498 4129 1551 4179 ν,
1584 4113 1674 4177 14,
1717 4127 1864 4164 mor-

289 4222 396 4266 tem
425 4211 698 4278 corporis,
731 4220 784 4263 et
809 4210 1133 4263 descensum
1161 4209 1226 4259 ad
1275 4207 1479 4260 inferos
1537 4221 1644 4258 non
1694 4202 1861 4258 semel

286 4306 676 4376 interpretatur
711 4303 973 4370 Origenes
1008 4301 1104 4354 lib.
1156 4316 1185 4352 v
1241 4300 1296 4352 in
1344 4297 1511 4366 Epist.
1557 4302 1625 4349 ad
1661 4295 1812 4349 Rom.
1844 4337 1858 4360 ,

284 4412 416 4468 puta
463 4412 586 4453 cum
617 4399 695 4452 ait
743 4383 997 4450 numri:
1037 4412 1055 4444 t
1101 4393 1382 4459 Quomodo
1424 4404 1580 4454 sane,
1613 4389 1696 4443 vel
1741 4404 1860 4455 qtne

1973 3197 2223 3250 stolicum
2256 3193 2388 3248 illud
2424 3196 2724 3264 explanatis
2754 3191 2915 3244 Rom.
2950 3205 3002 3254 v,
3036 3189 3100 3243 18
3125 3203 3138 3241 :
3163 3205 3180 3238 ι
3214 3187 3381 3257 Igitur
3413 3188 3556 3242 sicut

1973 3305 2070 3360 per
2094 3290 2254 3344 unius
2280 3288 2534 3343 delictqu
2567 3288 2832 3342 inmunes
2864 3283 3110 3337 homines
3137 3283 3190 3334 iu
3220 3281 3552 3334 condemna-

1975 3383 2194 3448 tionem,
2238 3400 2257 3431 ι
2289 3389 2398 3435 etc.
2423 3397 2443 3430 ι
2468 3379 2528 3433 Et
2565 3377 2833 3442 sullicere,
2877 3394 2894 3426 ι
2926 3376 3100 3443 inquit
3125 3389 3278 3427 num.
3307 3373 3361 3434 ι,
3393 3396 3408 3421 ι
3439 3373 3550 3428 for-

1971 3475 2114 3529 sitan
2147 3483 2324 3539 potest
2355 3471 2654 3525 secnndum
2688 3467 2993 3539 simplicem
3031 3466 3454 3536 expositionem,
3486 3472 3546 3519 ut

1968 3564 2216 3619 dicamus
2253 3562 2765 3616 condemnationem
2799 3573 2922 3614 esse
2983 3557 3168 3613 delicti
3201 3573 3544 3611 communem

1971 3659 2108 3712 hanc
2143 3671 2391 3719 mortem,
2411 3670 2530 3723 qtne
2548 3654 2802 3710 omnibus
2828 3652 2997 3717 venit,
3017 3661 3071 3705 et
3099 3651 3305 3714 veniet,
3327 3649 3544 3704 etiamsi

1962 3747 2092 3815 justi
2127 3748 2446 3812 videantur;
2482 3766 2498 3798 ι
2536 3757 2700 3814 atque
2735 3746 2874 3797 hanc
2905 3757 3025 3796 esse
3053 3741 3186 3795 dicit
3214 3740 3540 3809 simplicem,

1967 3854 2072 3892 non
2130 3837 2479 3904 allegoricam
2531 3835 2954 3903 eXposiIionem.
3015 3832 3124 3886 Nec
3171 3832 3545 3900 superioribus

1969 3940 2249 3999 repugnet,
2283 3930 2424 3997 quod
2447 3929 2523 3982 ait
2558 3945 2708 3984 ιιιιιιι.
2742 3929 2798 3993 2,
2827 3943 2946 3994 pag.
2985 3925 3110 3980 555.
3160 3947 3178 3976 ι
3212 3925 3325 3979 Νοιι
3352 3941 3544 3980 Omnes

1967 4021 2239 4084 homines,
2284 4019 2425 4073 sicut
2460 4019 2618 4083 solet,
2664 4020 2714 4070 iu
2751 4017 2968 4071 caeteris
2998 4016 3147 4083 ponit
3179 4014 3542 4087 (Apostolus),

1964 4114 2054 4167 sed
2082 4113 2303 4169 multos.
2331 4112 2423 4181 qui
2459 4112 2620 4164 unius
2655 4110 2855 4162 delicto
2889 4119 3208 4176 peccatores
3256 4108 3539 4161 constituti

1963 4213 2122 4270 sunt;
2159 4223 2176 4255 ι
2231 4219 2352 4257 nam
2401 4219 2596 4258 clunes
2641 4202 2840 4255 multos
2887 4216 3008 4255 esse
3061 4199 3267 4254 fatetur
3301 4216 3443 4252 num.
3479 4199 3536 4266 5,

1963 4311 2086 4364 pag.
2135 4294 2261 4360 556,
2313 4296 2669 4364 consultoqne
2705 4309 2892 4348 vocem
2953 4309 3130 4346 omnes
3162 4292 3230 4345 ab
3279 4291 3537 4359 Apostolo

1964 4385 2129 4440 fuisse
2151 4387 2433 4451 omissam,
2465 4405 2483 4437 ι
2522 4402 2587 4439 ne
2621 4386 2761 4439 forte
2788 4385 2833 4438 si
2861 4385 3090 4439 dixisset
3122 4399 3220 4452 per
3247 4383 3408 4437 unius
3456 4383 3538 4436 in-

285 4490 666 4546 condemnatio
691 4490 747 4543 in
783 4503 974 4542 oumes
1017 4487 1267 4540 homines
1301 4483 1511 4538 venerit
1562 4482 1856 4535 videndum
1890 4473 1935 4529 D
1962 4479 2323 4533 obedientiam
2350 4488 2661 4546 peccatores
2692 4476 2863 4529 factos
2890 4491 3012 4530 esse
3038 4483 3322 4538 ouiues,et
3349 4489 3536 4528 ncces-

283 4593 372 4642 cst
406 4603 419 4638 :
453 4593 509 4639 et
532 4582 778 4638 sullicere
808 4581 1038 4637 forsitan
1069 4587 1270 4648 potest,
1305 4575 1605 4632 secundum
1644 4574 1857 4643 simpli-

285 4694 403 4733 cem
424 4678 838 4748 expositionem,
863 4673 1179 4728 utdicamus
1201 4670 1710 4727 condemnationem
1737 4680 1859 4722 esse

284 4771 463 4826 delicti
498 4783 841 4825 communem
889 4768 1029 4821 hanc
1058 4775 1288 4820 mortem
1326 4779 1451 4833 quae
1477 4763 1732 4818 omnibus
1762 4776 1857 4815 ve-

286 4868 367 4920 nit
396 4876 447 4921 et
475 4867 678 4927 veniet,
711 4863 922 4916 etiamsi
946 4863 1074 4932 justi
1100 4861 1408 4913 videantur.
1452 4878 1471 4910 ι
1511 4859 1858 4912 Existimavit

281 4975 413 5032 ergo
441 4959 700 5027 Origenes
729 4971 834 5008 non
859 4965 1141 5023 peccatum
1166 4952 1363 5015 solum,
1397 4951 1541 5020 quod
1579 4965 1724 5004 unus
1759 4959 1851 5005 est

285 5052 501 5109 animae,
526 5048 618 5102 sed
649 5055 876 5100 mortem
911 5045 1076 5099 etiam
1107 5056 1422 5113 Corpoream
1469 5041 1522 5094 in
1551 5055 1712 5094 omne
1761 5056 1854 5109 ge-

283 5122 388 5197 nus
411 5143 703 5194 humanum
723 5153 817 5204 per
833 5137 1020 5189 Adami
1042 5137 1247 5205 lapsum
1270 5135 1434 5189 fuisse
1459 5133 1854 5197 trausmissam,

282 5233 429 5306 quod
462 5233 648 5302 synodi
686 5230 1020 5284 Tridentinze
1048 5232 1289 5292 decreto,
1352 5241 1487 5280 sess.
1519 5223 1573 5287 5,
1629 5239 1750 5276 can.
1783 5222 1851 5286 2,

284 5329 504 5395 penitus
525 5335 946 5378 consentaneum
989 5331 1093 5376 est.
1131 5320 1184 5373 Id
1214 5319 1528 5382 Jansenius,
1554 5317 1700 5371 velut
1731 5331 1759 5368 a
1793 5331 1854 5370 se

284 5421 636 5480 dissentiens,
671 5418 893 5470 minime
925 5415 1231 5469 dissimulat
1266 5425 1394 5468 tom.
1423 5413 1462 5474 Ι,
1491 5413 1585 5465 lib.
1616 5425 1699 5472 ιιι,
1731 5423 1854 5477 cap.

285 5514 374 5570 15.
407 5510 594 5566 Tertia
622 5508 929 5564 criminatio
951 5506 1075 5560 talis
1110 5515 1210 5567 est,
1248 5506 1532 5559 censuisse
1585 5503 1855 5555 Adaman-

281 5607 443 5667 tium,
470 5613 700 5658 mortem
733 5601 878 5654 ill-am
917 5615 1035 5668 qua:
1083 5613 1140 5652 In
1183 5613 1391 5663 omnes,
1423 5597 1576 5667 juxta
1622 5592 1849 5648 Paulqu

287 5698 443 5754 liciti.
470 5713 526 5762 ν,
563 5696 646 5758 l2,
672 5693 1004 5766 pertransiit,
1027 5693 1079 5746 in
1105 5691 1302 5745 multos
1327 5700 1530 5744 tantum
1566 5697 1850 5756 pertrans-

289 5791 435 5860 iisse,
482 5791 573 5861 qui
621 5803 815 5858 nempe
865 5796 988 5842 actu
1046 5793 1431 5854 peccaverunt.
1466 5781 1560 5836 Cui
1596 5779 1855 5836 crimina-

1964 4553 2110 4627 sa’rio
2163 4569 2568 4637 subjnnxisset;
2603 4569 2674 4622 ita
2724 4578 2776 4622 et
2819 4583 2915 4634 per
2959 4567 3120 4619 unius
3162 4565 3532 4620 obedientiam

1956 4664 2088 4732 justi
2114 4663 2516 4718 constituentur
2551 4675 2761 4724 omm-s,
2816 4659 3092 4712 videretur
3125 4673 3191 4710 ex
3225 4653 3533 4724 lmjnsmodi

1962 4757 2346 4829 promissionis
2408 4752 2708 4808 securitate
2765 4753 3033 4804 resolvere
3076 4749 3290 4803 animos
3339 4761 3530 4801 eorum

1961 4851 2163 4920 quibus
2212 4845 2432 4915 expedit
2473 4859 2592 4897 esse
2621 4841 2722 4896 sub
2773 4852 2936 4895 metu.
2979 4859 2997 4892 ι
3038 4839 3242 4894 Deinde
3275 4853 3422 4920 unm.
3455 4836 3528 4903 5,

1961 4914 2086 5012 pag.
2115 4940 2240 5005 556,
2268 4914 2392 5000 557,
2427 4936 2572 4991 aliud
2601 4950 2722 4989 esse
2746 4939 2902 4986 docet
2933 4947 3196 5001 peccare;
3230 4914 3374 4983 aliud
3399 4943 3529 4997 pec-

1961 5045 2200 5089 catorem
2227 5046 2383 5096 esse;
2424 5043 2652 5098 peccare
2690 5042 2880 5080 omnes
2903 5024 3066 5077 etiam
3106 5023 3305 5092 justos,
3337 5035 3532 5089 pecca-

1962 5140 2108 5181 tores
2140 5138 2262 5179 esse
2295 5122 2385 5190 qui
2425 5136 2567 5189 saepe
2621 5119 2893 5186 pet-cando
2931 5131 3087 5168 usum
3141 5112 3399 5181 peccandi
3463 5125 3528 5165 ac

1961 5217 2408 5274 consuetudinem
2437 5221 2861 5274 contraxerunt;
2891 5215 3203 5276 peccatores
3223 5203 3389 5274 igitur
3409 5217 3528 5257 esse

1966 5311 2184 5371 multos,
2219 5322 2323 5361 non
2355 5321 2576 5370 omnes;
2606 5317 2834 5372 peccare
2868 5309 3046 5352 autem
3075 5298 3372 5350 universos.
3398 5293 3527 5348 Per-

1963 5403 2150 5472 spicua
2178 5416 2310 5455 vero
2337 5414 2398 5453 ea
2432 5404 2559 5452 sunt
2591 5411 2740 5449 num.
2767 5394 2820 5456 1,
2855 5409 2976 5460 pag.
3006 5389 3109 5445 544
3141 5408 3159 5441 ι
3190 5408 3202 5443 :
3228 5390 3292 5445 Et
3326 5398 3382 5443 ut
3407 5388 3526 5443 cvi-

1963 5495 2180 5551 dentins
2203 5491 2517 5549 ostenderet
2552 5503 2742 5543 omnes
2771 5486 3014 5539 homines
3043 5493 3098 5536 et
3128 5483 3326 5537 multos
3359 5482 3531 5536 homi-

1963 5605 2062 5645 ιιι-δ
2090 5588 2232 5642 idem
2260 5598 2402 5649 esse,
2433 5581 2641 5636 addidit
2673 5579 2756 5633 his
2790 5595 2803 5631 :
2837 5577 2987 5631 Sicut
3019 5576 3159 5628 enim
3213 5592 3306 5644 per
3349 5573 3533 5628 inobs—

1960 5682 2212 5736 dieuliam
2273 5678 2428 5732 unius
2457 5670 2702 5728 'Iiomim's
2747 5683 3037 5740 peccatores
3091 5669 3360 5723 constituti
3407 5675 3532 5724 sunt

1963 5775 2138 5838 multi,
2169 5773 2244 5825 ita
2275 5782 2321 5825 et
2368 5786 2454 5836 per
2485 5769 2636 5822 unius
2672 5763 3021 5844 obedientium
3039 5763 3178 5832 justi
3206 5763 3529 5820 constituen-
