4068 6308
582 326 686 384 967

1853 317 1915 373 P.
1956 314 2275 373 DANIELIS
2312 313 2547 371 HUETII

3698 325 3788 379 968

584 459 673 498 (ur
694 442 851 499 multi
874 443 940 496 ".
981 441 1046 497 Et
1066 438 1208 514 quod
1243 440 1494 508 superius
1540 453 1732 494 omnes
1774 439 1987 494 dixerat
2056 440 2158 494 ho-
2190 446 2235 501 Α
2270 440 2627 503 propagatum
2660 433 2978 501 neutiquam
3008 430 3287 487 excludit:
3324 452 3342 485 ι
3378 433 3487 487 Aut
3516 433 3672 502 magis
3688 438 3801 492 siui~

588 535 786 597 mines,
840 533 932 587 hic
963 532 1152 586 eodem
1204 545 1369 584 sensu
1420 530 1619 583 multos
1673 530 2017 595 nominavit;
2053 550 2072 583 ι
2106 540 2163 585 et

587 627 689 679 ista
720 640 869 679 num.
897 631 951 689 '1,
987 639 1108 693 pag.
1146 623 1253 677 555
1280 639 1294 676 :
1331 641 1350 674 ι
1372 623 1597 677 Mortem
1629 633 1810 676 tamen
1837 623 1993 677 istam
2020 637 2163 677 emn-

588 732 804 771 munem
842 716 1081 783 suscepit
1111 713 1405 785 (Christus)
1444 729 1566 768 cum
1605 713 1750 768 illam
1782 714 2015 782 peccati,
2042 729 2164 784 qua:

588 808 849 877 regnabat
873 806 925 859 in
969 806 1244 871 omnibus,
1287 822 1392 860 non
1431 806 1718 876 receperit.
1756 825 1773 857 ι
1812 806 1877 860 Ει
1910 820 2042 860 sane
2071 822 2165 861 ne-

588 899 787 952 minem
816 911 1015 951 vacare
1066 907 1291 965 peccato
1336 912 1657 965 persuasum
1709 894 1931 964 Origeni
1995 895 2165 951 fuisse

2264 525 2501 593 pliciter,
2538 543 2558 576 ι
2586 525 2759 594 inquit
2792 540 2945 579 num.
2990 524 3044 588 1,
3091 540 3213 594 pag.
3238 523 3365 588 550,
3403 544 3422 576 ι
3462 526 3801 594 accipiendum

2263 615 2497 679 videtur,
2525 625 2583 669 et
2613 616 2913 670 similitudo
2962 616 3433 685 praevaricationis
3463 616 3593 670 Adae
3627 617 3806 686 absque

2266 706 2445 776 aliqua
2500 707 2844 762 discussione
2886 707 3237 774 recipienda,
3296 718 3351 762 ut
3409 709 3514 763 hoc
3580 724 3805 767 sermone

2264 815 2452 856 omnes
2484 802 2574 870 qui
2605 817 2672 855 ex
2720 802 2891 855 Adam
2922 803 3341 870 praevaricatore
3374 803 3490 857 nati
3520 813 3661 870 sunt,
3693 804 3808 861 indi-

2266 896 2379 950 cari
2408 895 2718 958 videantur,
2761 906 2816 949 et
2850 895 3051 951 habere
3082 897 3135 951 in
3185 897 3498 964 semetipsis
3531 896 3811 953 similitudi-

582 988 693 1059 jam
719 990 850 1045 satis
875 1005 1037 1060 supra
1062 990 1587 1045 demonstravimus.
1619 989 1844 1044 Sextum
1864 990 1967 1044 hoc
1989 991 2037 1044 ei
2058 988 2167 1043 cri-

589 1096 713 1135 men
749 1080 1026 1148 objicitur,
1064 1080 1378 1135 decrevisse
1410 1081 1612 1149 ipsum,
1646 1080 1925 1135 Christum
1982 1080 2165 1149 plures

589 1173 658 1227 ad
689 1173 853 1225 vitam
917 1174 1238 1237 reduxisse,
1288 1190 1450 1244 quant
1487 1174 1758 1227 Adamum
1799 1174 1865 1227 ad
1909 1184 2161 1227 mortem.

589 1263 747 1331 Quod
797 1263 956 1318 facile
1001 1279 1067 1317 ex
1118 1264 1496 1333 superioribus
1531 1262 1817 1325 refellitur.
1852 1278 1976 1318 nam
2009 1264 2053 1318 si
2109 1264 2162 1317 in

588 1369 777 1409 omnes
802 1365 1029 1408 mortem
1063 1355 1177 1409 sive
1209 1356 1424 1419 animae,
1457 1355 1575 1408 sive
1596 1354 1842 1422 corporis
1867 1355 1935 1409 ab
1957 1355 2168 1409 Adamn

589 1445 913 1517 proﬂuxisse
964 1456 1117 1501 ratus
1149 1455 1232 1500 est
1286 1445 1570 1513 Origenes,
1622 1462 1728 1500 non
1777 1446 1961 1515 plures
2017 1456 2169 1500 certe

590 1551 753 1606 quam
785 1552 976 1591 omnes
1004 1538 1070 1589 ad
1112 1534 1275 1588 vitam
1328 1534 1605 1589 Christum
1641 1536 1921 1590 reduxisse
1952 1535 2167 1605 opinari

591 1628 784 1697 potuit.
842 1628 1113 1683 Praeterea
1145 1642 1424 1698 exponens
1469 1627 1596 1681 illud
1633 1628 1881 1697 Apostoli
1913 1627 2073 1682 Rom.
2109 1644 2164 1695 v,
2276 1645 2297 1679 ι
2330 1643 2435 1682 non
2468 1627 2640 1681 solum
2688 1630 3010 1691 nativitatis,
3046 1630 3139 1684 sed
3183 1641 3237 1683 et
3282 1630 3553 1684 doctrina:
3570 1645 3701 1697 esse,
3730 1642 3811 1686 tet

592 1721 660 1776 15
696 1740 709 1775 :
742 1741 761 1774 (
801 1722 856 1775 Si
881 1725 1026 1776 enim
1062 1722 1225 1777 unius
1279 1721 1475 1776 delicto
1536 1722 1689 1776 multi
1748 1720 1947 1776 mortui
1997 1730 2164 1789 sunt;
2269 1716 2837 1773 Christumcontraria
2863 1721 3157 1775 contrariis
3182 1721 3526 1791 opposuisse,
3550 1722 3813 1791 vitiumque

592 1811 762 1865 multo
790 1812 965 1881 magis
1008 1812 1183 1881 gratia
1218 1811 1311 1867 Dei
1368 1822 1423 1866 et
1454 1811 1657 1865 donum
1702 1812 1755 1865 in
1796 1812 1970 1880 gratia
2007 1813 2168 1866 unius
2199 1825 2241 1880 Β
2269 1809 2398 1863 illud
2430 1825 2528 1881 per
2571 1812 2979 1879 generationem
3020 1822 3386 1878 contractum,
3430 1828 3530 1883 per
3560 1828 3815 1884 regenera-

590 1904 830 1959 ltominis
852 1902 977 1959 Jesu
1006 1905 1207 1959 Christi
1241 1905 1294 1959 in
1320 1907 1501 1975 plures
1529 1904 1853 1970 abundavit,
1887 1923 1906 1957 ι
1940 1905 2169 1975 opponit
2270 1900 2471 1954 tionem
2503 1900 2844 1967 abolevisse;
2874 1913 2931 1956 et
2948 1912 3227 1972 peccatum
3268 1919 3368 1973 per
3397 1903 3593 1957 malam
3624 1904 3811 1959 institu-

593 1997 823 2067 gratiam
849 1996 1050 2051 Christi
1079 2008 1303 2066 peccato
1339 1997 1553 2061 Adami,
1586 2008 1640 2051 et
1694 1996 1953 2066 quidquid
1986 1997 2169 2051 utrinv
2270 1992 2470 2048 tionem
2533 1994 2870 2062 admissum,
2934 1996 3140 2051 salubri
3191 1996 3444 2051 doctrina
3492 1997 3808 2054 coercuisse:

593 2103 699 2153 que
730 2088 1040 2143 hominibus
1073 2089 1197 2142 boni
1233 2088 1316 2142 vel
1356 2088 1481 2142 mali
1519 2088 1620 2142 fuit
1653 2089 2027 2157 importatutn,
2082 2088 2169 2143 in-
2270 2090 2435 2151 atque
2468 2082 2673 2141 idcirco
2704 2083 2989 2154 discipulis
3020 2086 3135 2140 suis
3169 2100 3275 2140 non
3301 2086 3543 2141 dixisse:
3570 2105 3589 2138 ι
3613 2085 3705 2153 Ite,
3734 2088 3813 2142 ba-

592 2178 772 2231 vieetn
800 2187 1056 2231 accurate
1078 2177 1378 2242 contendit,
1411 2192 1509 2231 nec
1534 2177 1717 2245 plures
1750 2178 1925 2247 gratia
1960 2176 2167 2232 Christi
2272 2176 2483 2244 ptizate
2511 2190 2704 2232 omnes
2726 2186 2949 2248 gentes;
2990 2196 3009 2229 ι
3039 2179 3133 2234 sed
3160 2196 3174 2233 :
3221 2196 3241 2229 ι
3292 2177 3392 2245 Ite,
3421 2178 3611 2235 docete
3652 2192 3811 2235 omnes

594 2270 913 2326 sublevatos
968 2269 1135 2326 fuisse
1169 2271 1448 2338 observat,
1490 2286 1653 2341 quam
1693 2280 1920 2341 peccato
1975 2272 2168 2326 Adami
2272 2278 2481 2337 gentes,
2513 2268 2858 2339 baptizantes
2886 2284 2981 2326 eos
3009 2270 3064 2325 in
3092 2272 3309 2325 nomine
3360 2271 3563 2339 Patris,
3608 2282 3661 2327 et
3690 2272 3812 2338 Filii,

595 2363 821 2421 aﬂ'ectos
846 2373 902 2420 et
935 2366 987 2419 in
1018 2366 1263 2421 deterius
1306 2374 1693 2420 conuuutatos.
1738 2364 2009 2421 Praeclare
2038 2380 2171 2421 vero
2270 2367 2327 2412 θῑ
2367 2358 2609 2429 Spiritus
2636 2360 2812 2415 sancti
2843 2359 2942 2412 ⁸⁸.»
2977 2359 3112 2415 Tum
3150 2360 3225 2415 ila
3257 2361 3573 2417 concludit:
3609 2382 3629 2415 ι
3652 2362 3811 2418 Sciens

596 2451 878 2509 Paulinam
933 2456 1265 2510 sententiam
1315 2456 1400 2510 his
1450 2455 1633 2510 verbis
1660 2465 1885 2510 enarrat
1911 2472 2060 2509 ntnu.
2091 2455 2127 2509 2
2150 2497 2166 2520 ,
2271 2465 2403 2520 ergo
2434 2459 2726 2520 utrumque
2750 2466 2871 2506 esse
2898 2452 2952 2507 in
2986 2453 3167 2522 culpa,
3193 2464 3494 2523 utrumque
3546 2456 3809 2510 remediqu

594 2560 716 2618 pag.
746 2546 891 2603 552:
930 2566 949 2599 ι
981 2547 1284 2603 Ostendere
1324 2549 1437 2602 vult
1465 2550 1611 2617 quod
1650 2548 1821 2603 multo
1868 2551 1941 2603 sit
1974 2547 2171 2603 fortior
2272 2542 2439 2608 dedit,
2484 2554 2541 2597 ut
2568 2545 2847 2612 generatio
2873 2545 3124 2599 mortalis
3148 2546 3565 2616 regeneratione
3593 2549 3809 2616 baptismi

595 2640 707 2694 vita
747 2656 908 2710 quam
938 2657 1106 2708 ntors,
1132 2642 1416 2711 etjustitia
1450 2656 1616 2711 quam
1651 2654 1961 2711 peccatum,
1991 2650 2047 2696 et
2079 2657 2172 2712 per
2274 2643 2596 2697 mutaretur,
2633 2646 2687 2690 et
2722 2635 3020 2706 impietatis
3055 2636 3365 2691 doctrinam
3398 2638 3639 2694 doctrina
3666 2640 3809 2709 picta.

596 2727 702 2784 hoc
722 2730 975 2808 educere,
1008 2733 1100 2801 qui
1130 2733 1174 2786 si
1211 2731 1282 2786 ita
1315 2747 1411 2801 per
1442 2743 1725 2802 peccatum
1760 2747 1910 2787 mors
1941 2747 2173 2802 regnare
2274 2727 2341 2782 tis
2369 2728 2700 2782 excluderet.
2736 2748 2755 2780 ι
2785 2726 2910 2783 Plus
2938 2728 3158 2796 prodest
3184 2730 3250 2783 ad
3280 2731 3690 2800 oppugnandum
3713 2731 3809 2785 Ori-

597 2819 653 2874 in
675 2821 930 2877 omnibus
953 2824 1150 2892 potuit,
1183 2826 1456 2895 accipiens
1487 2840 1554 2879 ex
1590 2826 1749 2880 unius
1794 2826 2034 2880 hominis
2093 2824 2173 2879 in-
2272 2836 2484 2889 senem,
2520 2822 2753 2888 quodex
2786 2820 2875 2873 illo
2906 2819 3143 2874 referunt
3175 2820 3399 2876 Catena:
3433 2824 3483 2877 in
3513 2822 3735 2878 Psalmos
3752 2824 3806 2877 ad

600 2913 913 2970 obedientia
951 2916 1183 2981 initium,
1209 2926 1415 2986 quanto
1453 2917 1727 2988 potentius
1755 2927 1810 2973 et
1835 2918 2050 2987 dignius
2077 2933 2164 2988 pet

2274 2912 2409 2980 psal.
2464 2927 2653 2975 XLVIII,
2692 2910 2725 2963 6
2754 2951 2769 2973 ,
2826 2928 2949 2981 pag.
3002 2910 3128 2974 7l8,
3187 2913 3336 2981 Μηδὲ
3371 2913 3597 2979 ἕκαστος
3618 2915 3706 2986 τὴν
3731 2915 3808 2967 τοῦ

593 3003 861 3075 justitiam
891 3006 1000 3060 vita
1024 3007 1290 3075 regnabit,
1329 3006 1544 3062 initium
1579 3009 1856 3079 accipiens
1879 3023 1976 3077 per
2009 3008 2164 3063 unius

2282 3007 2458 3078 Ἀδὰμ
2516 3006 2800 3078 παρακοὴν
2854 3006 3139 3077 φοϐεῖταιο
3178 3007 3387 3079 ταύτην
3430 3010 3538 3081 γὰρ
3589 3009 3808 3080 ὑπῃνιξά-

596 3096 957 3153 obedientiam
981 3100 1221 3155 Christi?
1257 3121 1275 3154 ι
1311 3100 1417 3156 Sed
1452 3111 1507 3156 et
1541 3117 1594 3173 p.
1622 3101 1750 3164 555,
1788 3119 1807 3152 t
1838 3100 2164 3170 simpliciore

2277 3098 2414 3170 μεοα
2467 3099 2700 3169 πτέρναν
2740 3098 2970 3169 ἀνομίας
3001 3095 3176 3153 εἶναι’
3209 3100 3389 3166 οὐδεὶς
3427 3102 3535 3173 γὰρ
3568 3101 3632 3154 δι’
3678 3101 3808 3155 ἄλλου

600 3173 877 3244 intellectu
912 3210 930 3242 ι
966 3191 1071 3246 dici
1103 3208 1263 3261 posse
1291 3203 1478 3248 censet
1508 3193 1691 3264 plures
1727 3192 1837 3247 vita
1874 3192 2047 3247 fuisse
2073 3194 2164 3246 do-

2274 3189 2469 3245 κακίαν
2509 3188 2954 3252 καταδικάζεται.
3000 3188 3205 3255 Quibus
3265 3190 3498 3258 originis
3549 3200 3805 3259 peccatum,

600 3289 758 3336 natos
778 3297 809 3335 a
836 3282 1078 3350 Christo,
1110 3299 1273 3353 quam
1307 3295 1481 3341 morte
1524 3285 1751 3340 affectos
1812 3286 1881 3338 ah
1913 3286 2123 3339 Adamo
2151 3303 2168 3351 ;
2275 3282 2566 3352 debitaque
2596 3282 2696 3351 ipsi
2726 3281 2991 3351 supplicia
3019 3281 3235 3349 penitus
3272 3280 3560 3335 tolluntur.
3585 3278 3681 3335 Sed
3700 3294 3808 3348 pra-

598 3373 725 3442 quia
756 3374 995 3430 Adamus
1021 3376 1271 3431 homines
1312 3386 1522 3432 tantum
1554 3393 1584 3431 a
1624 3392 1684 3432 se
1717 3377 1979 3431 oriundos
2027 3376 2173 3430 letho
2262 3386 2361 3447 .ter
2388 3376 2679 3430 sublestam
2701 3373 3024 3428 Catenarum
3051 3372 3234 3436 ﬁdem,
3269 3372 3477 3428 faciunt
3498 3388 3592 3444 pro
3619 3372 3809 3440 Origene

599 3467 781 3534 dedit;
812 3465 1067 3522 Christus
1096 3478 1279 3523 autem
1307 3485 1412 3524 non
1436 3469 1559 3524 illos
1592 3477 1824 3532 tantum,
1875 3465 1971 3522 sed
1997 3467 2171 3535 ipsum
2281 3480 2429 3522 sana:
2467 3467 2636 3535 ipsius
2665 3480 2833 3533 super
2880 3465 2981 3518 hoc
3017 3473 3360 3531 argumento,
3418 3473 3473 3518 et
3533 3462 3807 3519 orthodoxae

597 3559 764 3613 etiam
800 3560 1066 3613 Adamum
1120 3560 1244 3613 vitae
1297 3562 1550 3615 reddidit.
1587 3579 1607 3611 ‹
1656 3560 1747 3615 Sic
1774 3574 1924 3629 ergo,
1975 3557 2171 3626 inquit,
2278 3561 2564 3615 sententiae
2618 3558 2787 3612 variis
2848 3571 3050 3625 aput-ste
3104 3556 3273 3621 locis,
3313 3556 3464 3610 velut
3518 3554 3808 3610 homil.8in

600 3651 781 3719 plures
806 3649 1057 3706 Christus
1089 3652 1300 3706 reducit
1324 3651 1389 3706 ad
1414 3653 1604 3717 vitam,
1640 3668 1803 3722 quam
1825 3653 1996 3706 Adam
2021 3650 2175 3704 duxit
2276 3652 2472 3716 Lerit.,
2508 3666 2654 3705 nunt.
2690 3650 2745 3713 5,
2773 3648 2861 3703 ubi
2888 3648 3137 3701 homines
3173 3650 3224 3702 in
3280 3649 3649 3719 iniquitatibus
3691 3664 3804 3702 con-

600 3743 668 3795 ad
700 3753 969 3807 mortem;
1005 3745 1131 3812 quia
1182 3745 1346 3797 etiam
1380 3744 1552 3814 ipsqu
1583 3744 1788 3808 Adam,
1819 3745 1911 3814 qui
1960 3746 2176 3799 caeteris
2277 3746 2403 3815 cipi,
2433 3755 2487 3800 et
2514 3746 2566 3797 in
2590 3744 2824 3814 peccatis
2854 3743 3002 3797 nasci
3031 3741 3250 3806 asserit,
3278 3752 3446 3811 atque
3480 3742 3674 3798 idcirco
3694 3739 3802 3795 scri-

601 3847 766 3885 causa
797 3834 1005 3887 exstitit
1034 3836 1246 3901 mortis,
1288 3835 1538 3889 Christus
1567 3837 1839 3890 revocavit
1861 3835 1924 3888 ad
1948 3837 2169 3889 vitam.»
2278 3850 2428 3908 ptum
2457 3851 2613 3891 esse:
2660 3853 2679 3885 ί
2722 3835 2891 3889 Nemo
2925 3835 3159 3889 mundus
3189 3851 3216 3887 a
3264 3834 3451 3898 sorde,
3488 3850 3552 3887 ne
3587 3832 3629 3887 si
3670 3830 3803 3885 unius

603 3922 884 3977 Postremo
915 3926 1130 3980 tandem
1166 3928 1217 3980 id
1274 3927 1327 3981 in
1362 3926 1594 3997 Origene
1624 3930 1802 3998 culpat
1857 3928 2173 3994 Janscnius,
2278 3929 2384 3983 diei
2420 3929 2490 3982 sit
2514 3930 2622 3982 vita
2652 3926 2769 3995 ejus
2794 3929 2840 3959 θ’
2879 3946 2897 3978 ›
2933 3927 3266 3999 (quanquam
3322 3927 3512 3982 homil.
3547 3925 3613 3980 i2
3655 3926 3703 3978 in
3727 3922 3804 3978 Le-

601 4017 746 4084 quod
775 4015 1120 4070 aﬂirmaverit
1145 4019 1410 4072 Adamum
1434 4035 1554 4073 esse
1579 4020 1806 4075 fortnam
1835 4022 2023 4085 futuri,
2051 4024 2176 4091 quia
2278 4023 2395 4087 uit.,
2437 4038 2589 4077 num.
2621 4022 2676 4088 4,
2700 4030 2754 4075 et
2783 4021 2972 4075 homil.
3006 4022 3072 4075 14
3092 4022 3148 4074 in
3174 4020 3302 4075 Luc.
3339 4024 3533 4077 sordes
3560 4021 3668 4075 illas
3695 4031 3805 4088 quas

603 4106 813 4177 peccati
848 4105 1018 4176 ipsius
1049 4109 1328 4178 exetnplar
1360 4108 1659 4175 imitantes,
1700 4123 2019 4180 peccatores
2046 4114 2179 4168 etfe-
2281 4121 2564 4166 nascentes
2586 4113 2984 4178 centrahimus,
3009 4128 3038 4165 a
3069 4123 3293 4180 peccato
3315 4114 3676 4183 distiuguit,et
3697 4125 3803 4165 con-

599 4198 673 4252 cti
705 4207 850 4253 sunt.
889 4199 1079 4253 Exstat
1128 4200 1255 4254 illud
1284 4200 1500 4269 quidem
1536 4216 1659 4254 cum
1693 4203 1815 4257 aliis
1862 4203 1983 4258 libri
2020 4205 2180 4273 hujus
2280 4206 2548 4274 ceptionis
2578 4216 2744 4274 atque
2769 4216 2922 4261 ortus
2965 4206 3281 4275 spurcitiem
3323 4218 3379 4261 et
3436 4206 3710 4261 nuditatem
3745 4200 3804 4256 si-

600 4292 773 4361 quinti
804 4293 857 4346 in
892 4291 1183 4359 Epistolam
1217 4295 1284 4347 ad
1308 4294 1574 4349 Romanos
1604 4295 1761 4362 locis,
1806 4308 1920 4351 tuin
1953 4314 2181 4369 praeser-
2281 4298 2524 4367 gnilicari
2566 4297 2769 4367 putat),
2816 4298 3011 4367 alioqui
3039 4300 3368 4367 baptismum
3420 4297 3645 4370 parvulis
3669 4297 3715 4350 in
3740 4306 3805 4347 re-

604 4384 700 4438 titu
736 4400 883 4438 nunt.
916 4384 976 4450 5,
1022 4400 1145 4454 pag.
1180 4384 1307 4452 557,
1363 4387 1446 4439 his
1493 4386 1720 4442 verbis:
1771 4407 1788 4439 ι
1827 4388 1985 4443 Dedit
2048 4406 2179 4460 ergo
2283 4389 2597 4443 missionem
2629 4398 2977 4457 peccatorum
2996 4389 3503 4453 cnnferrisolitum,
3531 4400 3805 4457 supervaca-

601 4474 775 4529 Adam
829 4476 1209 4544 peccatoribus
1269 4474 1499 4529 fortnam
1560 4491 1658 4546 per
1697 4477 2123 4556 inobedientiam
2159 4497 2174 4549 ;
2210 4537 2252 4561 ἢ
2284 4495 2443 4535 neum
2477 4481 2593 4536 fore
2626 4490 2682 4535 et
2729 4480 2991 4561 inutilem.
3023 4481 3183 4537 Paria
3230 4484 3459 4554 replicat
3493 4492 3615 4537 tom.
3663 4496 3720 4534 xv
3762 4477 3803 4530 in

603 4564 851 4618 Christus
875 4581 1003 4620 vero
1040 4582 1070 4621 e
1118 4569 1397 4621 contrario
1419 4569 1585 4638 justis
1634 4568 1866 4623 formam
1921 4586 2017 4640 per
2042 4572 2174 4626 obe-
2208 4564 2252 4592 ν
2283 4571 2504 4637 Matth,
2533 4589 2680 4628 num.
2715 4573 2811 4636 25,
2849 4589 2972 4644 pag.
3032 4573 3173 4638 686,
3204 4584 3259 4629 et
3309 4575 3575 4644 baptismo
3606 4568 3804 4626 decernit

604 4655 864 4709 dientiam
892 4659 1164 4725 posuit....
1196 4658 1488 4728 Propterea
1512 4660 1657 4714 enim
1691 4673 1746 4715 et
1777 4661 1891 4729 ipse
1927 4661 2173 4715 obediens
2282 4665 2522 4735 abstergi
2549 4665 2761 4731 sordes,
2800 4681 2938 4735 quas
2978 4677 3267 4723 nascentes
3311 4666 3704 4729 contrahimus;
3745 4660 3803 4711 vi-

605 4749 779 4816 factus
838 4756 913 4801 est
968 4764 1131 4818 usque
1166 4752 1233 4803 ad
1265 4763 1484 4806 mortem
1519 4752 1589 4815 ⁸⁷,
1620 4761 1677 4805 ιιι
1721 4752 1816 4822 qui
1852 4754 2176 4809 obedientia:
2281 4757 2481 4812 delicet
2508 4770 2813 4827 peccatum,
2852 4760 3005 4828 juxta
3050 4759 3180 4813 illud
3215 4760 3434 4815 Davidis
3463 4756 3643 4829 psalmi
3672 4769 3717 4815 ι..
3748 4750 3800 4803 7:

604 4838 721 4907 ejus
754 4849 1059 4909 sequuntur
1101 4843 1430 4909 exemplum,
1477 4841 1607 4909 justi
1660 4843 2065 4897 constituantur
2106 4845 2175 4897 ab
2286 4866 2305 4900 ι
2343 4847 2482 4903 Ecce
2530 4849 2675 4903 enim
2725 4850 2777 4903 in
2835 4851 3207 4920 iniquitatibus
3237 4862 3528 4921 conceptus
3590 4861 3714 4910 sum,
3762 4850 3802 4891 ει

606 4932 721 5000 ipsa
757 4929 1151 5000 justitia,sieut
1184 4931 1256 4984 illi
1282 4933 1658 4989 inobedientite
1682 4934 1909 4987 formam
1941 4949 2179 5003 sequen-
2283 4940 2336 4994 in
2367 4942 2610 5010 peccatis
2645 4942 2898 5011 concepit
2924 4957 3010 4996 me
3054 4951 3227 4997 mater
3253 4958 3393 4996 mea.
3426 4961 3446 4994 ι
3488 4939 3627 4995 Unde
3672 4930 3799 4989 solvi-

609 5026 689 5079 tes
720 5024 1003 5080 constituti
1062 5029 1189 5079 sunt
1239 5034 1576 5093 peccatores.
1621 5045 1639 5078 ι
1678 5024 1872 5078 Verum
1927 5025 2174 5094 repetitis
2284 5042 2394 5096 tur,
2433 5041 2490 5085 ut
2517 5032 2567 5086 id
2598 5034 2776 5087 obiter
2801 5034 3004 5097 dicam,
3054 5034 3347 5105 impactum
3393 5029 3700 5103 Origeuistis
3717 5025 3797 5078 cri-

607 5130 820 5186 quoque
854 5116 976 5171 libri
1022 5116 1265 5183 ejusdem
1298 5117 1625 5173 testimoniis
1652 5117 1920 5171 Adamum
1974 5118 2177 5171 idcirco
2283 5142 2406 5180 me"
2432 5124 2684 5188 alterum,
2719 5128 2999 5181 censuisse
3030 5127 3177 5194 ipsos
3206 5135 3424 5196 peccata
3456 5140 3557 5180 non
3607 5117 3704 5173 tolli
3724 5125 3796 5182 per

609 5207 837 5262 formam
878 5208 1040 5262 futuri
1076 5209 1278 5262 dictum
1314 5209 1654 5278 pronuntiat,
1683 5211 1827 5278 quod
1861 5208 2065 5264 Christi
2095 5220 2178 5278 ty-
2284 5216 2637 5285 baptismum,
2661 5218 2755 5271 sed
2793 5218 2922 5287 tegi.
2951 5216 3089 5272 Hinc
3114 5219 3229 5288 ipse
3260 5218 3541 5273 Jansenius
3556 5212 3793 5280 Origenetn

608 5315 733 5374 pum
767 5303 1066 5370 prtel'errct.
1100 5303 1255 5369 Quod
1289 5302 1478 5370 adjicit
1511 5313 1693 5357 autem
1723 5319 1817 5372 per
1847 5303 2177 5372 praevarica-
2284 5306 2349 5359 de
2374 5316 2602 5373 peccato
2646 5306 2875 5375 originis
2902 5321 3010 5361 non
3034 5307 3205 5362 videri
3242 5322 3271 5361 a
3310 5305 3564 5362 catholica
3594 5295 3790 5354 doctrim

608 5395 810 5448 tionem
838 5393 1152 5449 hominibus
1178 5396 1405 5451 formam
1435 5397 1688 5464 peccandi
1718 5396 2011 5464 praebuisse
2032 5394 2177 5449 Ada-
2284 5386 2555 5451 dissidere
2580 5396 2864 5453 confessus
2890 5409 3006 5454 est:
3042 5398 3169 5453 hinc
3223 5399 3393 5468 ipsum
3423 5410 3546 5451 sana
3591 5386 3795 5468 docuisst!

611 5503 779 5551 unum,
807 5496 965 5552 atque
1004 5488 1075 5540 ita
1109 5498 1421 5557 peccatores
1446 5485 1769 5542 constitutos
1832 5488 2002 5542 fuisse
2039 5486 2177 5540 mul-
2281 5488 2351 5541 de
2375 5486 2570 5542 eﬂ‘ectu
2604 5487 2882 5557 baptismi,
2922 5503 3018 5557 per
3046 5503 3168 5542 cum
3196 5467 3387 5555 nempe
3408 5481 3588 5554 deponi
3622 5467 3791 5547 peccati

611 5580 713 5638 tos,
746 5585 1025 5644 peccatum
1060 5576 1205 5630 aliud
1239 5578 1467 5649 originis
1489 5591 1556 5631 ex
1590 5579 1814 5633 traduce
1841 5579 1894 5634 in
1927 5578 2178 5633 homines
2285 5578 2497 5643 sordes,
2521 5589 2574 5633 et
2597 5594 2759 5636 omne
2811 5595 3076 5639 noxarum
3126 5594 3301 5650 genus
3334 5574 3521 5633 auferri
3550 5564 3794 5642 praedicant

2267 1001 2390 1041 nem
2416 986 2879 1056 prmvaricationis
2899 987 3039 1056 ejus,
3068 1004 3172 1043 non
3203 988 3375 1042 solum
3398 1002 3464 1042 ex
3494 991 3710 1054 semine,
3734 992 3812 1047 sed

2267 1092 2332 1132 ex
2367 1078 2710 1133 institutione
2732 1089 3068 1148 susceptam.
3106 1098 3125 1132 ι
3161 1078 3262 1133 Ubi
3292 1091 3573 1148 peccatum
3608 1082 3812 1152 originis

2268 1170 2477 1226 semine
2513 1172 2913 1235 transmissum,
2941 1180 2998 1226 et
3044 1182 3349 1242 peceatum,
3410 1172 3491 1225 uti
3527 1174 3809 1242 appellant,

2274 1261 2507 1327 actuale,
2534 1260 2877 1315 institutione
2902 1273 3213 1332 susceptum
3240 1263 3508 1331 agnoscit.
3533 1262 3638 1318 Nec
3666 1266 3812 1321 multo

2271 1363 2394 1422 post
2417 1368 2569 1409 num.
2600 1352 2654 1415 2,
2683 1367 2807 1422 pag.
2835 1353 2965 1419 555,
2990 1354 3117 1417 554,
3147 1354 3457 1409 doctrinam
3486 1357 3719 1409 eamdem
3745 1357 3805 1411 in-

2270 1445 2471 1510 culcat,
2493 1446 2692 1500 docens
2720 1446 2969 1500 hou‘tines
3011 1470 3028 1496 ι
3068 1462 3175 1501 non
3200 1456 3307 1500 tam
3348 1456 3546 1500 natura
3577 1450 3810 1518 nrgeriiu

2270 1545 2504 1589 mortem
2535 1537 2766 1604 peccati,
2792 1550 2954 1604 quam
3009 1536 3356 1605 diseipulatu,
3397 1555 3417 1587 ι
3459 1546 3515 1591 et
3564 1548 3809 1606 peccatum

694 5747 743 5779 “
772 5746 925 5802 Rom.
957 5764 1010 5814 v,
1047 5751 1135 5804 i9.
1196 5751 1241 5784 "
1277 5752 1503 5824 Philipp.
1538 5770 1596 5821 tt,
1624 5754 1677 5810 8.
1754 5756 1799 5788 ³⁸
1829 5755 2016 5811 Matth.
2044 5757 2344 5823 “Vttt,?.0.
2424 5761 2466 5789 θ’
2493 5757 2593 5813 Job
2623 5774 2727 5821 XIV,
2757 5760 2809 5813 4.
