4068 6308
234 383 341 442 969

1017 380 1591 439 ORIGENIANORUM
1630 380 1759 435 LIB.
1794 379 1858 448 ll,
1891 379 2044 436 CAP.
2088 380 2151 449 Il,
2185 379 2462 447 QUAEST.
2504 380 2614 438 Vll.

3384 386 3486 441 970

240 501 751 573 Magdeburgenses,
780 508 922 556 cent.
964 518 1047 563 tu.
1083 518 1202 569 cap.
1248 474 1334 555 i0.
1368 501 1423 555 Si
1456 503 1584 571 quid
1617 502 1667 555 in
1705 502 1810 555 illis
1840 512 1881 563 Α
1914 516 2011 554 nos
2040 501 2202 553 Deum
2234 502 2299 555 ad
2332 499 2526 553 nobilia
2553 500 2797 568 qumdam
2829 501 2879 555 in
2916 501 3073 557 terris
3098 502 3340 557 obeunda
3367 518 3484 560 mu-

237 603 419 649 tamen
442 592 848 648 Commentariis
874 595 928 646 in
946 591 1235 656 Epistolam
1260 594 1328 645 ad
1352 592 1613 647 Romanos
1630 594 1815 646 ortho-

238 685 395 739 doxa:
427 685 547 739 tidei
579 699 770 753 parum
796 693 1219 737 consentaneum
1246 693 1517 747 occurret,
1548 684 1813 738 memine-

241 777 311 830 rit
341 774 784 834 eruditusJeetor
814 788 918 827 non
956 782 1064 826 tam
1114 772 1332 827 illorum
1384 783 1658 828 auctorem
1693 774 1813 827 exi-

239 867 567 922 stimandum
592 880 713 920 esse
741 864 1028 935 Origenem
1047 903 1063 929 ,
1098 879 1260 933 quam
1289 864 1543 918 Rufinum
1571 882 1586 930 ;
1625 879 1653 919 a
1708 880 1815 934 quo

240 967 482 1013 nontam
546 957 910 1026 interpretati,
961 970 1123 1026 quam
1184 956 1357 1011 recusi
1401 968 1457 1012 et
1509 957 1813 1027 iuterpolati

240 1060 407 1115 sunt;
443 1049 698 1103 Rulinum
732 1059 913 1103 autem
951 1060 1059 1104 tam
1094 1064 1261 1117 prave
1302 1049 1367 1103 de
1394 1058 1617 1119 peccato
1648 1051 1817 1121 origi-

242 1144 328 1198 nis
355 1144 614 1206 sensisse,
650 1151 710 1196 nt
742 1141 882 1211 apud
921 1142 1348 1211 Carthaginiense
1377 1142 1664 1195 concilium
1692 1157 1815 1212 pro-

245 1235 417 1291 fessus
448 1236 518 1290 sit
548 1233 836 1289 Ctelestius
888 1248 948 1288 se
1000 1234 1069 1288 ab
1119 1248 1185 1287 eo
1230 1234 1503 1301 accepisse
1554 1234 1813 1288 nefarium

246 1326 374 1381 illud
415 1327 629 1396 dogma,
675 1327 957 1379 traducem
999 1325 1206 1395 peccati
1257 1341 1361 1379 non
1392 1341 1536 1391 esse,
1564 1336 1621 1379 ut
1652 1327 1817 1381 refert

244 1402 697 1487 Augustinus‘lib.
726 1431 764 1470 ιι
793 1415 869 1469 De
895 1426 1094 1485 peccat.
1132 1416 1353 1484 origin.,
1385 1432 1509 1485 cap.
1552 1419 1609 1471 3.

316 1505 542 1560 Notetur
618 1506 836 1559 interim
901 1505 1149 1574 capitalis
1198 1504 1507 1577 Hieronymi
1558 1508 1815 1562 adversus

243 1596 532 1666 Origenem
578 1595 939 1661 insimulatio,
992 1596 1046 1650 in
1092 1613 1195 1667 qua
1235 1598 1432 1652 desinit
1476 1598 1609 1652 liber
1654 1598 1816 1667 ipsius

247 1689 437 1743 tertius
465 1692 717 1741 adversus
754 1685 1066 1756 Pelagianos
1098 1702 1116 1740 :
1146 1707 1165 1740 ι
1206 1689 1357 1754 Quod
1391 1688 1435 1742 si
1462 1688 1682 1757 injuste,
1732 1689 1816 1741 in-

246 1779 385 1848 quit,
420 1779 573 1832 vobis
603 1776 961 1849 (Pelagianis)
991 1780 1204 1833 videtur
1230 1780 1526 1835 alienorum
1570 1782 1815 1835 remissio

246 1845 620 1940 peccatorum,
643 1845 846 1941 quis—[tt
875 1845 967 1939 per
991 1872 1329 1940 baptismum,
1352 1888 1455 1943 qua
1476 1888 1580 1927 non
1616 1874 1817 1944 indiget
1849 1845 1890 1903 Β

246 1964 336 2032 qui
372 1978 600 2033 peccare
628 1979 733 2017 non
759 1965 935 2032 potuit
966 1983 981 2019 :
1018 1964 1249 2019 transite
1281 1965 1346 2018 ad
1390 1966 1671 2019 Amasium
1729 1981 1819 2020 ve-

245 2065 445 2118 strum,
470 2056 561 2123 qui
582 2056 852 2123 praeterita
884 2056 935 2108 in
965 2055 1120 2110 cmlis
1140 2057 1434 2124 etantiqua
1461 2056 1654 2110 delicta
1682 2057 1818 2111 solvi

246 2147 380 2201 dicit
411 2150 462 2199 iu
492 2147 798 2214 baptismo;
855 2154 915 2199 ut
957 2146 1114 2215 cujus
1151 2148 1204 2200 in
1257 2147 1467 2201 caneris
1494 2148 1824 2202 auctoritate

246 2239 531 2301 dueimiui,
552 2238 715 2291 etiam
747 2238 800 2291 in
827 2238 929 2291 hac
968 2249 1125 2306 parte
1159 2252 1399 2292 errorem
1434 2239 1759 2307 sequamini.
1798 2258 1816 2290 ι

250 2329 530 2383 Amasium
558 2328 728 2394 illum,
754 2328 1041 2398 Origenem
1084 2329 1345 2398 intelligo,
1386 2332 1538 2397 quasi
1582 2330 1655 2383 ab
1690 2329 1825 2382 ada-

256 2425 453 2472 mando
482 2419 751 2473 diceretur
773 2420 1144 2482 Adamantius,
1171 2420 1250 2474 sic
1270 2421 1337 2473 ab
1364 2421 1592 2473 amando
1621 2421 1821 2475 dierum

248 2509 550 2564 Amasium.
608 2508 778 2574 Quem
810 2524 933 2563 cum
970 2518 1193 2577 peccata
1254 2510 1305 2562 in
1359 2509 1500 2564 caelo
1530 2508 1600 2562 ab
1630 2509 1825 2563 animis

249 2600 486 2654 admissa
503 2601 801 2654 credidisse
819 2599 945 2654 fassi
964 2602 1155 2664 simus,
1174 2602 1362 2656 eadem
1390 2602 1654 2671 baptismo
1679 2601 1822 2654 ablui

248 2701 466 2760 putasse
498 2708 602 2745 non
650 2708 909 2762 negamus
937 2713 949 2749 :
989 2697 1033 2749 si
1078 2696 1238 2749 modo
1272 2697 1603 2749 concedatur
1633 2707 1823 2762 pecca-

252 2792 364 2835 tum
394 2796 608 2851 quoque
648 2785 986 2852 propaginis,
1021 2786 1090 2838 ab
1121 2786 1332 2838 Adamn
1376 2787 1701 2851 derivatum,
1732 2800 1827 2837 eo-

248 2872 371 2925 dem
410 2873 681 2941 baptismo
723 2875 894 2928 deleri
927 2877 1215 2929 censuisse
1239 2877 1402 2929 etiam
1440 2877 1651 2945 ipsmu;
1680 2875 1825 2946 quod

251 2979 414 3016 uuttm
442 2964 496 3017 iu
526 2966 815 3034 praesentia
855 2969 1306 3037 propugnandutn
1338 2968 1703 3037 suscepimus.

324 3053 489 3111 XXV.
519 3055 777 3127 Superest
808 3057 920 3125 jatn
956 3068 1013 3112 ut
1047 3058 1113 3113 de
1143 3058 1257 3112 suis
1296 3060 1440 3113 circa
1474 3058 1826 3129 praedestina-

253 3147 458 3203 tiouem
499 3151 715 3217 placitis
741 3149 1005 3220 Origenes
1032 3166 1255 3206 causam
1306 3151 1473 3206 dicat.
1520 3150 1829 3204 Meminisse

248 3252 381 3307 ergo
406 3248 621 3307 oportet
654 3240 819 3295 toties
837 3218 950 3307 jam
987 3255 1015 3293 a
1045 3241 1200 3294 nobis
1230 3239 1507 3294 decantati
1536 3238 1827 3308 dogmatis,
1855 3218 1898 3276 (ἶ

250 3344 361 3399 quo
392 3342 598 3385 tuentes
638 3341 931 3400 antequam
993 3332 1349 3386 illabereutur
1377 3330 1703 3399 corporibus
1730 3330 1830 3381 du-

253 3423 399 3477 xisse
426 3424 591 3477 vitam
622 3423 674 3477 in
706 3425 847 3478 caelo
893 3425 1248 3485 asseveravit,
1274 3432 1328 3476 et
1368 3436 1464 3492 pro
1490 3432 1609 3477 acta
1637 3421 1707 3475 ibi
1743 3419 1826 3473 vel

252 3524 403 3569 recte
431 3514 513 3568 vel
533 3516 672 3569 male
698 3516 826 3581 vita,
852 3514 1053 3584 partim
1085 3513 1391 3582 angelicum
1425 3513 1672 3565 ordinem
1704 3510 1831 3565 ade-

250 3617 395 3677 ptas,
432 3607 628 3675 partim
678 3606 731 3660 in
774 3615 976 3660 terram
1014 3605 1181 3660 fuisse
1212 3606 1499 3669 detrusas;
1549 3618 1650 3658 nec
1679 3603 1829 3658 varia

250 3698 426 3752 solum
459 3708 710 3768 corpora,
741 3699 1063 3768 variamque
1103 3698 1317 3752 vivendi
1349 3698 1400 3749 in
1435 3696 1593 3750 terris
1620 3706 1824 3750 sortem

251 3798 441 3844 nactas
457 3805 595 3855 esse,
618 3791 710 3845 sed
741 3791 948 3843 varium
972 3789 1134 3843 etiam
1167 3789 1354 3857 gratiae
1391 3786 1585 3841 divinae
1614 3788 1830 3840 modum

250 3881 424 3936 fuisse
455 3884 813 3951 promcritas,
849 3896 1087 3950 vasaque
1114 3880 1296 3933 ﬁctilia
1328 3878 1411 3932 vel
1460 3892 1646 3942 aurea,
1697 3891 1833 3931 con-

255 3975 492 4027 tumelia:
515 3974 598 4027 vel
628 3974 849 4028 honoris
873 3971 1041 4027 fuisse
1063 3970 1316 4037 ell‘ectas;
1350 3970 1421 4024 ita
1457 3981 1633 4024 tamen
1670 3980 1833 4024 ntea-

253 4066 376 4120 dem
414 4065 627 4120 arbitrii
681 4066 931 4119 libertate
968 4074 1208 4129 utentes,
1251 4079 1387 4117 nova
1416 4064 1607 4134 gratia:
1654 4062 1836 4116 inere-

258 4166 438 4211 menta
485 4171 797 4225 capessere,
853 4168 907 4211 et
947 4156 1015 4209 ad
1046 4154 1356 4225 superiores
1388 4154 1581 4207 iterum
1645 4151 1832 4206 revehi

256 4249 479 4317 gradus,
502 4250 587 4303 vel
623 4251 689 4302 ad
726 4248 1013 4302 inferiores
1073 4248 1241 4301 relabi
1292 4246 1524 4315 possint.
1556 4246 1632 4299 Ac
1660 4252 1832 4299 totum

257 4343 311 4395 in
353 4342 456 4397 hac
489 4350 808 4412 argumento
837 4339 958 4394 libri
991 4338 1211 4394 secundi
1236 4340 1375 4407 Περὶ
1403 4336 1606 4405 ἀρχῶν
1633 4351 1832 4391 nonqu

254 4446 421 4505 caput
449 4435 728 4489 contrivit.
780 4434 886 4488 Sed
923 4441 977 4486 et
1023 4431 1162 4486 ident
1201 4440 1389 4500 aperte
1424 4430 1591 4483 tradit
1632 4429 1728 4483 lib.
1756 4442 1835 4482 vu

1918 593 2027 658 uia,
2059 593 2250 646 deinde
2280 606 2411 645 vero
2442 602 2563 660 post
2594 592 2799 645 obitum
2829 593 2892 646 ad
2929 593 3174 663 gloriam,
3202 595 3483 649 existima-

1918 682 2012 737 vit.
2046 682 2162 753 (44)
2189 684 2249 736 ld
2281 680 2489 735 duobus
2522 682 2785 751 prurcipue
2826 682 2955 737 locis
2998 684 3211 747 asserit,
3254 700 3481 752 quortun

1916 777 2065 843 prior
2094 785 2178 830 est
2217 775 2309 829 lib.
2340 791 2359 829 ι
2397 776 2452 828 in
2484 772 2654 839 Epist.
2679 776 2746 827 ad
2779 773 2951 839 Rom,
2976 792 3124 830 num.
3146 778 3211 842 οὗ,
3256 776 3481 832 Paulum

1917 866 1988 920 ibi
2014 881 2043 919 a
2068 877 2257 920 ventre
2293 868 2481 923 matris
2508 884 2618 923 suae
2644 876 2925 938 propterea
2951 879 3288 939 segregatum
3319 869 3483 924 luisse

1916 958 2045 1013 dicit
2105 959 2158 1012 in
2201 957 2545 1030 Evangelium
2597 961 2712 1025 Dei,
2769 962 2893 1029 quia
2937 979 2955 1010 ι
2986 975 3177 1015 causas
3223 960 3274 1013 in
3326 976 3391 1015 eo
3431 972 3487 1014 et

1919 1048 2137 1111 merita,
2164 1050 2358 1117 quibus
2408 1051 2459 1104 in
2510 1052 2612 1107 hoc
2642 1052 2914 1121 segregari
2942 1052 3206 1115 debuerit,
3243 1053 3373 1106 vidit
3396 1053 3485 1108 ille

1915 1153 2073 1207 quem
2123 1156 2226 1195 nou
2266 1141 2395 1197 latet
2444 1158 2612 1197 mens.
2665 1142 3088 1198 Prasviditeuim
3136 1147 3277 1215 quod
3315 1146 3483 1199 abun—

1918 1230 2135 1286 dautius
2160 1248 2321 1302 quam
2354 1234 2533 1288 caeteri
2568 1249 2757 1289 omnes
2786 1234 3125 1290 Iaboraturus
3155 1245 3296 1291 esset
3330 1236 3382 1289 in
3416 1236 3483 1289 E—

1918 1323 2166 1391 vaugelio
2316 1323 2439 1378 Hzec
2472 1340 2624 1394 ergo,
2667 1335 2719 1378 et
2760 1325 2921 1378 multa
2962 1326 3065 1379 alia
3096 1326 3178 1380 his
3202 1326 3396 1381 similia
3432 1328 3483 1380 in

1916 1424 1982 1463 eo
2016 1412 2080 1464 de
2103 1422 2291 1468 ventre
2330 1413 2520 1467 matris
2543 1414 2842 1482 praevidens
2862 1413 3035 1480 Jesus,
3075 1431 3171 1485 pro
3202 1416 3285 1471 bis
3309 1431 3488 1485 segreo

1918 1503 2060 1571 gavit
2097 1518 2219 1556 eum
2259 1504 2309 1557 in
2347 1503 2714 1574 EVaugelium.
2741 1524 2760 1557 ι
2814 1504 2880 1558 Et
2915 1521 3037 1559 mox
3071 1525 3083 1559 :
3126 1526 3143 1559 ι
3171 1506 3314 1573 Quos
3348 1522 3486 1577 pra:-

1919 1597 2076 1651 SCi\ll
2108 1598 2246 1653 Deus
2287 1599 2417 1653 tales
2468 1600 2677 1656 futuros
2716 1611 2773 1654 ut
2804 1600 3021 1655 Christo
3043 1617 3101 1657 se
3135 1602 3187 1655 in
3224 1603 3487 1671 passioni-

1919 1687 2018 1741 bus
2045 1688 2470 1752 conformarent,
2497 1690 2641 1759 ipsos
2673 1692 2831 1745 etiam
2863 1691 3166 1747 conformes
3190 1709 3254 1747 ac
3287 1693 3489 1748 similes

1920 1778 2167 1847 imaginis
2198 1779 2314 1847 ejus
2343 1781 2739 1849 prazdestiuavit
2766 1790 2818 1837 et
2840 1781 3041 1852 gloriae.
3078 1782 3337 1837 Prascedit
3359 1798 3488 1854 ergo

1922 1871 2257 1939 przescientia
2294 1872 2383 1925 Dei
2424 1887 2517 1938 per
2539 1888 2697 1940 quam
2724 1883 3019 1927 noscuntur
3043 1875 3130 1944 qui
3162 1875 3213 1929 in
3248 1890 3306 1929 se
3337 1874 3489 1929 labe-

1921 1976 2011 2014 res
2033 1971 2087 2015 et
2114 1963 2341 2016 virtutes
2372 1964 2605 2017 habituri
2634 1964 2763 2026 siut,
2793 1974 2848 2019 et
2877 1968 2943 2019 ita
2970 1966 3368 2037 przedestinatio
3401 1982 3488 2020 se-

1923 2053 2147 2122 quitur;
2184 2069 2285 2108 nec
2330 2063 2505 2108 tamen
2553 2071 2742 2109 rursus
2791 2058 3278 2126 prmdestiuationis
3327 2072 3488 2112 causa

1924 2148 2203 2217 potabitur
2259 2148 2620 2216 praescieutia.
2667 2148 2818 2215 Quod
2857 2151 2998 2204 enim
3056 2152 3193 2220 apud
3247 2152 3492 2205 homines

1926 2239 2348 2308 uniuscujusque
2387 2240 2636 2293 meritum
2682 2250 2938 2310 pensatur
2969 2256 3033 2294 ex
3067 2241 3353 2311 pr:eteritis
3394 2257 3489 2312 ge-

1925 2332 2047 2395 stis,
2075 2330 2175 2385 hoc
2204 2333 2340 2399 apud
2368 2331 2535 2384 Deum
2570 2331 2843 2398 jndicatur
2868 2347 2931 2386 ex
2967 2332 3176 2386 futuris.
3205 2351 3223 2383 ι
3256 2332 3495 2388 [labetur

1926 2422 2076 2476 locus
2131 2421 2267 2475 alter
2321 2421 2416 2475 lib.
2449 2437 2519 2476 vlt
2561 2422 2848 2477 Comment.
2906 2426 2957 2477 in
2987 2423 3156 2492 Epist.
3209 2428 3277 2478 ad
3319 2424 3494 2489 Rom.,

1926 2529 2075 2568 nttm.
2100 2512 2154 2574 8,
2184 2513 2273 2567 tibi
2300 2513 2400 2567 hoc
2417 2515 2531 2582 Apo
2568 2515 2656 2566 toli
2675 2516 2695 2544 ¹
2726 2514 3020 2583 explanatis
3058 2532 3071 2569 :
3107 2532 3125 2566 ι
3147 2514 3290 2581 Quos
3317 2526 3494 2570 autem

1926 2604 2346 2674 praedestinavit,
2380 2605 2477 2658 hos
2518 2615 2571 2656 et
2597 2607 2809 2659 vocavit
2840 2623 2852 2659 :
2885 2615 2940 2659 et
2980 2621 3113 2675 quos
3136 2607 3370 2671 vocavit,
3396 2606 3495 2661 hos

1924 2706 1978 2748 et
2006 2694 2358 2762 jnsliiicavit;
2389 2708 2525 2761 quos
2561 2704 2737 2747 autem
2766 2693 3100 2762 justiﬁcavit,
3134 2694 3251 2750 illos
3287 2704 3339 2748 et
3374 2695 3489 2766 glo-

1928 2784 2179 2849 riﬁcavit,
2208 2802 2226 2834 ι
2265 2784 2507 2854 primum
2552 2784 2708 2837 aliter
2741 2785 3108 2851 accipiendum
3163 2786 3319 2840 docet
3347 2786 3495 2863 illud,

1933 2893 1953 2927 ι
1979 2890 2112 2944 quos
2147 2875 2439 2943 przescivit,
2468 2893 2487 2927 ι
2544 2875 2820 2944 superiore
2867 2885 3345 2930 commemoratum
3380 2892 3500 2939 ver-

1929 2965 2121 3031 siculo,
2148 2979 2309 3034 quam
2347 2963 2503 3033 vulgo
2546 2963 2713 3031 accipi
2759 2961 2939 3021 solet:
2978 2964 3101 3031 quia
3141 2963 3187 3017 si
3226 2963 3260 3017 ii
3294 2971 3498 3017 tantum

1931 3067 2362 3127 praznoscuutnr,
2396 3056 2486 3125 qui
2517 3055 3001 3125 prtedestinantur;
3034 3057 3123 3125 qui
3157 3071 3263 3111 non
3298 3057 3502 3125 prtede-

1931 3149 2221 3215 stinantnr,
2274 3148 2459 3216 utique
2488 3162 2591 3200 non
2641 3155 3049 3215 praenoscuutnr
3094 3148 3499 3217 :cognitionem

1933 3256 2062 3311 ergo
2086 3241 2229 3295 illam
2263 3256 2359 3309 pro
2395 3240 2599 3293 amoris
2638 3256 2798 3305 nexu,
2829 3252 2883 3291 et
2910 3237 3133 3292 affectus
3166 3239 3380 3292 vinculo
3407 3256 3497 3292 su-

1933 3333 2183 3386 mendam
2237 3331 2426 3400 probat
2468 3331 2648 3384 multis
2676 3330 2969 3400 Scriptura:
3002 3330 3341 3393 testimoniis,
3372 3339 3498 3399 puta

1934 3426 2083 3480 isto:
2121 3443 2139 3474 ι
2164 3423 2431 3491 Cognovit
2475 3422 2732 3475 Dominus
2772 3437 2868 3475 eos
2897 3421 2984 3488 qui
3028 3429 3157 3475 sunt
3190 3422 3307 3491 ejus
3329 3420 3369 3484 ⁸,
3404 3439 3422 3472 ι
3449 3422 3501 3474 id

1932 3525 2016 3571 est
2061 3514 2254 3585 diligit,
2300 3528 2423 3567 cum
2454 3522 2632 3565 tamen
2680 3528 2778 3566 nec
2804 3527 2895 3565 eos
2926 3513 3015 3580 qui
3067 3526 3172 3564 non
3221 3520 3349 3564 sunt
3386 3512 3502 3580 ejus

1933 3606 2149 3673 ignoret
2178 3622 2190 3656 :
2221 3602 2584 3672 prtecoguosci
2612 3616 2741 3670 ergo
2770 3616 2862 3654 eos
2891 3618 2919 3653 a
2955 3601 3062 3655 Deo
3086 3599 3213 3663 vult,
3250 3618 3269 3651 ι
3294 3600 3346 3653 in
3380 3602 3504 3669 qui-

1933 3696 2053 3761 bus,
2083 3694 2263 3749 sciens
2298 3692 2483 3761 quales
2514 3702 2714 3755 essent,
2752 3705 2987 3744 amorem
3020 3706 3177 3744 sumu
3205 3691 3346 3745 Deus
3373 3687 3504 3744 υσε-

1933 3796 2193 3854 ctumque
2233 3784 2526 3853 posuisset.
2562 3801 2584 3836 ι
2621 3782 2824 3849 Quart-it
2861 3783 3200 3852 postmodum
3238 3799 3345 3852 quo
3377 3798 3505 3838 seu-

1933 3893 1997 3934 su
2030 3877 2491 3947 interpretandum
2530 3876 2601 3931 sit
2630 3875 2758 3929 illud
2784 3874 3021 3942 Apostoli
3048 3891 3063 3928 :
3106 3894 3124 3926 ι
3150 3874 3297 3942 Quos
3328 3890 3505 3930 voca-

1933 3969 2036 4033 vit,
2061 3969 2161 4023 hos
2181 3976 2235 4023 et
2260 3966 2599 4037 justiticavit,
2620 3986 2640 4019 ι
2675 3980 2796 4020 cum
2821 3965 2971 4019 nutlti
3006 3968 3177 4021 vocati
3207 3967 3336 4031 sint,
3370 3982 3505 4037 pau-

1935 4062 1984 4116 ci
2019 4060 2200 4116 electi.
2233 4059 2546 4129 Respondet
2574 4058 2767 4127 duplex
2806 4073 2925 4113 esse
2952 4058 3252 4114 vocationis
3295 4073 3504 4130 genus;

1936 4154 2084 4209 aliud
2116 4153 2414 4208 secundum
2444 4151 2801 4220 propositum,
2838 4164 2944 4202 non
2978 4150 3224 4204 vocantis
3266 4148 3379 4214 Dei,
3413 4151 3506 4203 sed

1934 4249 2111 4304 vocati
2137 4246 2395 4312 hominis,
2430 4258 2537 4313 quo
2559 4244 2813 4297 virtutem
2847 4242 3229 4312 amplectitur;
3272 4242 3504 4310 quicun-

1936 4354 2039 4409 que
2065 4346 2242 4394 autem
2297 4336 2579 4391 vocatione
2622 4334 2887 4389 eiusmodi
2918 4334 3088 4388 vocati
3135 4333 3265 4396 sint,
3319 4332 3419 4385 hos
3452 4341 3508 4383 et

1930 4431 2254 4503 jnstiiicatos
2282 4444 2403 4484 esse
2452 4446 2465 4482 :
2516 4427 2658 4481 aliud
2697 4441 2819 4481 esse
2850 4427 3148 4480 vocationis
3177 4439 3366 4495 genus,
3401 4438 3507 4478 nou

256 4530 310 4581 in
342 4526 515 4597 Epist.
546 4528 615 4581 ad
655 4526 834 4589 Rom.,
864 4540 1015 4579 num.
1040 4524 1129 4587 17,
1164 4524 1293 4577 illud
1317 4521 1602 4576 Paulinum
1626 4522 1643 4552 ί
1674 4534 1834 4575 enar—
1866 4558 1908 4614 ι)
1936 4522 2231 4579 secundum
2274 4523 2474 4576 bonum
2522 4519 2876 4588 propositum,
2921 4534 3027 4587 quo
3056 4526 3316 4571 vocantur
3343 4516 3508 4571 etiam

269 4636 400 4675 rans
430 4636 446 4673 :
489 4639 509 4672 ι
539 4622 730 4673 Annon
786 4619 951 4673 habet
1008 4624 1325 4685 potestatem
1358 4613 1550 4683 ﬁgulus
1580 4612 1717 4677 luti,
1763 4625 1833 4666 ex

256 4715 446 4769 eadem
473 4729 648 4768 massa
684 4712 865 4767 facere
885 4709 1030 4763 aliud
1058 4708 1279 4776 quidem
1327 4720 1425 4759 vas
1466 4705 1519 4758 in
1550 4705 1835 4767 honorem,

257 4806 407 4860 aliud
443 4820 572 4860 vero
602 4806 654 4859 in
678 4804 1069 4859 contumeliam
1096 4801 1120 4855 ‘5'
1155 4819 1174 4853 ι

328 4900 791 4966 Quemadmodum
847 4907 1025 4951 autem
1082 4893 1379 4948 arbitratus
1424 4899 1508 4944 est
1564 4888 1837 4943 Adaman-

260 4997 390 5062 tius,
430 5011 549 5066 qute
574 5011 601 5050 a
624 4995 780 5049 uobis
801 5002 954 5064 gesta
989 5003 1115 5048 sunt
1146 4990 1313 5055 olim,
1359 4999 1648 5056 antequam
1696 5000 1822 5039 cor-

259 5106 387 5160 pora
410 5090 741 5153 subiremus,
782 5102 1002 5141 causam
1048 5085 1264 5140 dedisse
1314 5082 1443 5145 Deo,
1480 5094 1579 5134 cur
1631 5085 1841 5132 mentes

260 5191 484 5237 nostras
515 5181 747 5234 terrenis
770 5180 923 5233 hisce
952 5178 1185 5232 molibus
1220 5174 1547 5243 implicaret,
1587 5170 1729 5223 adeo
1778 5177 1840 5223 ut

259 5277 327 5329 ad
359 5276 501 5328 hanc
531 5273 584 5326 in
610 5272 773 5327 terris
795 5272 1063 5339 agendam
1086 5269 1252 5322 vitam
1278 5266 1419 5321 Deus
1436 5278 1535 5319 nos
1555 5260 1837 5333 praedesti-

264 5366 502 5431 naverit,
534 5380 600 5420 ex
629 5364 873 5434 praevisis
896 5362 964 5415 ab
989 5359 1139 5414 omni
1166 5368 1310 5413 retro
1336 5372 1451 5413 aevo
1473 5354 1682 5409 meritis
1714 5352 1837 5406 vita:

265 5458 409 5513 illius
445 5460 497 5512 in
525 5456 663 5512 caelo
692 5455 988 5520 traductae;
1024 5453 1096 5505 ita
1125 5465 1191 5505 ex
1228 5448 1472 5518 praevisis
1495 5444 1704 5500 meritis
1729 5452 1842 5497 ter-

268 5553 455 5605 restris
484 5550 640 5617 hujus
667 5548 789 5602 vita:
814 5561 975 5616 quam
1001 5557 1144 5597 nunc
1172 5541 1399 5611 agimus,
1428 5538 1841 5610 praedestinasse

338 5662 355 5692 ⁸
390 5662 545 5715 Rom.
578 5675 654 5725 rx,
685 5658 775 5711 2i.
852 5658 871 5689 ³
907 5656 1065 5710 Rom.
1100 5667 1214 5715 vut,
1243 5650 1333 5707 50.
1408 5649 1428 5681 ³
1456 5648 1499 5703 ll
1529 5646 1674 5702 Tim.
1706 5660 1767 5712 ιι,
1796 5638 1884 5697 19.

332 5750 452 5823 (Η)
506 5750 577 5823 ίΙά
616 5751 818 5823 duobus
887 5743 1311 5823 prwcipue‘locis
1361 5742 1569 5823 alserit,
1622 5748 1727 5795 etc.
1762 5733 1894 5791 Vide
1931 5732 2093 5790 etiam
2148 5732 2347 5790 librum
2402 5729 2476 5785 De
2534 5728 2768 5784 oratione

271 5835 323 5876 et
348 5810 539 5877 ‘boiuil.
569 5821 633 5874 i4
662 5823 714 5873 in
741 5810 929 5882 Ναηιζ,
964 5810 1111 5869 num.
1141 5814 1199 5876 2,
1225 5827 1343 5883 pag.
1377 5810 1499 5864 323.

546 5916 817 5975 PATROL.
850 5913 969 5972 ΟΒ.
1004 5908 1177 5971 XVII

1944 4614 2179 4685 reprobi,
2208 4629 2274 4668 ne
2300 4614 2507 4667 meritis
2533 4610 2798 4665 alliciendi
2823 4610 2998 4679 ptenis
3038 4609 3143 4663 hoc
3163 4617 3383 4662 utantur
3411 4608 3507 4662 ob-

1940 4717 2116 4773 tentu,
2163 4706 2368 4760 idcirco
2394 4719 2515 4759 sese
2541 4704 2707 4758 fuisse
2734 4716 2763 4755 a
2791 4701 2987 4754 virtute
3010 4700 3233 4763 alienos,
3264 4700 3393 4769 quia
3424 4700 3515 4753 de-

1939 4798 2103 4854 fuerit
2144 4797 2245 4853 sibi
2282 4798 2514 4852 vocatio.
2574 4795 2631 4849 Si
2667 4794 2789 4864 quis
2828 4802 3007 4848 autem
3051 4793 3389 4862 propositum
3444 4791 3507 4845 il-

1942 4890 2055 4955 lud,
2089 4887 2382 4944 secundum
2411 4886 2554 4956 quod
2582 4884 2761 4940 vocari
2793 4899 2889 4938 uos
2918 4898 2945 4935 a
2979 4882 3087 4937 Deo
3120 4882 3257 4935 dixit
3284 4882 3509 4950 Aposto-

1940 4984 2045 5049 lus,
2084 4983 2151 5037 ad
2191 4981 2358 5036 Deum
2400 4979 2588 5034 referri
2638 4977 2789 5042 velit,
2838 4974 3079 5029 futurum
3124 4974 3252 5028 illud
3294 4987 3508 5042 quoque

1938 5073 2208 5147 posterius
2237 5083 2386 5127 recto
2414 5073 2659 5125 humana:
2687 5068 2981 5121 voluntatis
3004 5063 3299 5136 proposito,
3330 5078 3395 5117 ac
3422 5076 3509 5117 re-

1939 5167 2131 5236 ligiosa
2172 5173 2368 5229 mente,
2398 5172 2453 5217 et
2490 5162 2681 5217 salutis
2721 5160 3012 5215 desiderio.
3046 5158 3268 5211 Demum
3294 5155 3347 5209 id
3383 5156 3511 5210 sub-

1941 5252 2151 5308 nectit:
2190 5270 2209 5304 ι
2241 5251 2353 5305 Hoc
2389 5266 2518 5320 ergo
2546 5260 2706 5319 pacto
2747 5264 2921 5319 neque
2946 5250 2997 5301 iu
3025 5245 3357 5316 praescientia
3392 5244 3511 5310 Dci,

1941 5344 2024 5400 vel
2055 5344 2268 5409 salutis,
2304 5343 2388 5398 vel
2423 5342 2738 5412 perditionis
2784 5348 2983 5394 nostra:
3030 5352 3192 5392 causa
3238 5335 3509 5409 consistit,

1944 5451 2119 5506 neque
2148 5434 2467 5504 justilicatio
2496 5448 2560 5488 ex
2590 5432 2701 5486 sola
2726 5430 3003 5485 voluntate
3035 5427 3307 5497 pendebit,
3336 5438 3514 5493 neque

1947 5528 2241 5601 gloriﬁcari
2303 5529 2370 5583 de
2409 5536 2594 5581 nostra
2654 5525 2869 5594 penitus
2925 5530 3191 5592 potestate
3242 5516 3514 5572 sublatum

2770 5698 2775 5703 Δ
2828 5740 2978 5781 num.
3003 5723 3059 5789 6,
3100 5736 3223 5791 pag.
3253 5717 3516 5785 207-209,

3089 5880 3158 5941 3i
