4068 6308
655 296 754 352 971

1930 306 1986 359 P.
2032 306 2340 360 DANIELIS
2377 304 2607 361 HUETII
3717 318 3801 375 ιη

651 428 771 486 est;
805 439 822 473 ι
866 434 917 477 et
944 424 1102 492 paulo
1126 424 1349 481 inferius
1385 443 1397 479 :
1436 444 1453 478 ι
1481 426 1549 482 Ut
1580 434 1755 482 autem
1783 428 1924 484 scias
1947 432 2071 499 quia
2109 447 2211 486 non
2243 435 2286 490 Α
2316 430 2535 483 scimus.
2573 426 2916 482 Vocationem
2942 440 3155 497 quoque
3176 425 3315 481 illam
3351 427 3623 485 secundum
3641 448 3798 505 propo.

653 512 705 566 in
735 514 1073 583 praescientia
1116 516 1227 579 Dei,
1255 515 1544 587 unicuique
1567 518 1757 573 salutis
1779 534 1939 574 causa
1964 522 2205 589 ponitur,

650 604 745 660 sed
773 605 822 658 in
856 606 1130 674 proposito
1170 615 1224 659 et
1253 606 1462 671 actibus
1491 608 1626 673 suis,
1663 609 1782 665 vide
1814 610 2035 666 Paulum
2061 611 2084 643 ’⁵
2114 627 2208 665 ve-

650 707 855 753 rentem
886 712 952 752 ne
983 697 1118 752 forte
1144 711 1266 752 cum
1298 696 1418 753 aliis
1446 700 1840 769 praedicaverit,
1874 701 1989 771 ipse
2016 718 2210 773 repro-

650 788 750 844 bus
770 788 1045 854 elliciatur,
1093 805 1370 848 macerare
1401 807 1596 863 corpus
1622 808 1801 862 suum,
1847 802 1904 851 et
1942 796 2211 867 subjicere

648 882 915 935 servituti.
943 901 961 934 ι

717 971 906 1030 XXVI.
948 973 1100 1028 Dolet
1136 973 1338 1045 lprensi
1380 976 1631 1046 episcopo
1670 977 1872 1034 dixisse
1898 978 2207 1049 Origenem,

642 1064 1166 1131 praedestinationem
1192 1064 1431 1134 pendere
1472 1080 1539 1121 ex
1570 1069 1813 1135 praevisis
1845 1072 2087 1127 meritis:
2114 1088 2210 1127 vo-

636 1155 915 1209 cationem
952 1155 1065 1210 ﬁeri
1098 1158 1391 1212 secundum
1435 1160 1766 1228 propositum
1810 1162 2065 1227 hominis,
2105 1179 2209 1219 non

642 1244 738 1300 Dei
767 1264 781 1300 :
812 1247 1145 1302 vocationem
1177 1248 1471 1303 secundum
1496 1252 1827 1319 propositum
1866 1255 1982 1321 Dei,
2017 1270 2086 1311 ex
2118 1257 2209 1311 bo-

641 1342 730 1396 nis
755 1342 1029 1395 hominum
1079 1341 1363 1397 desideriis
1407 1352 1584 1412 aptam
1620 1359 1738 1399 esse
1782 1354 1836 1400 et
1859 1360 2157 1401 connexam
2191 1366 2205 1403 :

643 1448 862 1488 causam
890 1433 1131 1489 eamdem
1159 1448 1276 1488 esse
1305 1433 1496 1488 salutis
1526 1445 1579 1489 et
1610 1436 1993 1504 damnationis,
2017 1454 2209 1508 nempe

645 1527 910 1596 religiosae
941 1526 1138 1580 mentis
1170 1525 1457 1580 desideria.
1486 1525 1618 1592 Quae
1654 1528 1832 1580 omnia
1858 1528 1911 1581 in
1956 1528 2093 1582 idem
2127 1528 2208 1582 l'e~

644 1631 705 1671 re
735 1616 1005 1670 recidunt.
1031 1613 1266 1669 Oll‘endit
1310 1626 1523 1682 quoque
1545 1613 1717 1681 ipsum
1745 1629 2020 1684 perperam
2048 1629 2205 1684 expo-

644 1708 780 1761 situs
839 1706 1077 1777 Apostoli
1131 1705 1316 1760 locus“
1359 1723 1372 1758 :
1438 1722 1457 1756 ι
1510 1705 1696 1759 Posuit
1762 1704 1902 1760 Deus
1944 1707 2205 1770 membra,

2312 520 2470 575 situm
2504 518 2754 586 hominis,
2795 534 2956 588 quam
2987 532 3173 573 revera
3208 516 3503 589 Pelagianis
3533 521 3694 579 tribuit
3715 529 3803 583 Au-

2310 611 2555 681 gustinus
2604 611 2699 669 lib.
2731 626 2767 665 ll
2816 608 3011 665 Contra
3059 611 3193 664 duas
3238 611 3386 679 epist.
3437 609 3804 683 Pelagianorum,

2312 716 2415 758 non
2467 703 2541 757 ita
2591 710 2769 757 tuetur
2793 700 3075 771 Origenes,
3120 710 3179 755 ut
3223 716 3327 757 non
3354 703 3508 758 etiam
3529 708 3806 766 vocationem

2310 796 2604 851 secundum
2639 794 2973 864 propositum
3014 794 3106 850 Dei
3149 793 3239 850 hic
3266 794 3483 867 intelligi
3518 812 3658 867 posse
3675 800 3807 856 tam.

2313 896 2434 951 tur;
2478 901 2604 940 nam
2634 885 2886 955 proponit
2927 896 3211 956 utramque
3237 896 3291 941 et
3325 887 3596 944 sententia:
3627 904 3719 946 sua:
3741 908 3809 948 ac-

2312 978 2640 1033 commodat.
2680 975 2938 1043 Quamvis
2961 985 3138 1031 autem
3164 992 3322 1031 unam
3353 976 3493 1031 illam
3513 980 3716 1048 priorem
3740 986 3810 1038 de-

2311 1070 2578 1134 fenderet,
2605 1069 3005 1138 astipulatorem
3032 1068 3256 1124 haberet
3290 1069 3723 1140 Chrysostomum,
3750 1076 3809 1130 sic

2312 1162 2364 1216 in
2392 1161 2549 1215 Rom.
2592 1177 2745 1224 xvut,
2766 1160 2861 1223 28,
2892 1160 3243 1215 disserentem
3272 1176 3286 1214 :
3323 1159 3572 1231 Πρόθεσιν
3596 1161 3647 1214 δὲ
3667 1163 3813 1218 ἐνταῦ-

2309 1253 2379 1307 θά
2400 1269 2583 1322 φησιν,
2633 1252 2721 1304 ἴνα
2772 1251 2846 1321 μὴ
2874 1251 2935 1304 τὸ
2963 1252 3069 1305 πᾶν
3104 1252 3170 1322 τῇ
3200 1250 3387 1322 κλήσει
3423 1250 3512 1320 δῷ,
3547 1252 3655 1305 ἐπεὶ
3681 1255 3813 1320 οὕτως

2308 1345 2529 1416 ἔμελλον
2573 1346 2667 1398 καὶ
2708 1343 2963 1414 Ἕλληνες
3009 1342 3329 1411 ἀντιλέγειν,
3379 1344 3470 1397 καὶ
3508 1345 3731 1399 Ἰουδαῖοι.
3767 1349 3813 1400 El

2307 1438 2416 1510 γὰρ
2439 1440 2472 1510 ἠ
2500 1438 2689 1508 κλῆσις
2712 1439 2868 1509 ἧρκει
2892 1437 3070 1507 μόνον,
3096 1437 3237 1499 τίνος
3255 1436 3435 1490 ἕνεκεν
3456 1437 3514 1489 οὐ
3531 1438 3702 1501 πάντες
3717 1439 3814 1491 ἐσώ-

2307 1530 2511 1601 θησαν;
2550 1529 2647 1583 Διὰ
2674 1529 2852 1597 τοῦτο,
2880 1528 3062 1599 φησὶν,
3101 1528 3199 1596 οὐχ
3229 1528 3262 1597 ἡ
3303 1526 3485 1596 κλῆσις
3517 1527 3674 1597 μόνον,
3712 1528 3816 1582 ἀλλὰ

2306 1621 2446 1690 καὶὴ
2476 1620 2729 1690 πρόθεσις
2756 1618 2865 1670 τῶν
2891 1615 3243 1687 καλουμένων
3265 1615 3364 1686 τὴν
3393 1616 3643 1687 σωτηρίαν
3666 1618 3811 1687 εἰργά-

2314 1728 2462 1764 σατο.
2508 1710 2583 1763 Οὐ
2620 1709 2728 1779 γὰρ
2755 1707 3144 1778 ἠναγκασμένη
3192 1705 3413 1774 γέγονεν
3448 1706 3484 1777 ἡ
3508 1706 3696 1776 κλῆσις,
3724 1707 3814 1759 οὐδὲ

645 1800 1065 1867 unumquodque
1081 1811 1264 1851 eorum
1298 1797 1349 1849 in
1376 1798 1771 1864 corpore,sicut
1800 1797 1983 1861 voluit,
2011 1815 2029 1848 ι
2058 1798 2210 1866 quasi
2244 1785 2251 1839 1

2207 1799 2210 1849 i
2244 1785 2286 1839 Β
2316 1800 2640 1872 βεϐιασμένη
2657 1817 2671 1830 ·
2697 1801 2896 1863 πάντες
2923 1797 3055 1867 γοῦν
3092 1796 3417 1868 ἐκλήθησαν,
3446 1796 3554 1850 ἀλλ’
3583 1797 3637 1850 οὐ
3664 1797 3813 1861 πάντες

646 1888 896 1942 voluntas
934 1888 1023 1940 illa
1049 1887 1113 1940 ad
1142 1885 1466 1951 membrum,
1492 1903 1597 1943 non
1633 1890 1697 1941 ad
1731 1888 1895 1942 Deum
1925 1888 2210 1957 pertineat.

645 1979 820 2034 Locus
849 1979 1193 2033 liabeturlib.
1231 1995 1279 2033 ιι
1324 1979 1610 2034 Comment.
1646 1981 1699 2032 in
1726 1978 1896 2046 Epist.
1933 1980 2001 2033 ad
2034 1978 2209 2041 Rom.,

648 2085 796 2124 num.
822 2071 879 2137 ὅ,
911 2085 1031 2139 pag.
1064 2069 1168 2123 648
1200 2088 1213 2122 :
1248 2086 1265 2118 ι
1300 2067 1476 2122 Voluit
1498 2079 1703 2133 autem,
1739 2067 1930 2137 inquit,
1967 2069 2104 2124 Deus
2123 2086 2211 2125 sc-

646 2163 883 2215 cundum
940 2162 1202 2215 rationem
1236 2161 1317 2214 vel
1361 2174 1674 2214 mensuram
1709 2158 1828 2215 ﬁdei
1889 2175 2006 2230 qua:
2032 2170 2115 2216 est
2158 2162 2212 2216 in

648 2253 826 2318 nobis,
853 2252 935 2307 vel
966 2252 1135 2306 voluit
1168 2252 1233 2305 ad
1272 2250 1324 2304 id
1355 2251 1497 2320 quod
1538 2250 1776 2320 expedit.
1810 2249 1921 2305 Nisi
1958 2250 2094 2305 forte
2138 2252 2212 2307 ita

645 2345 838 2415 aliquis
863 2359 917 2403 et
950 2351 1053 2402 hoc
1086 2349 1213 2405 velit
1249 2349 1546 2421 intelligere
1577 2369 1591 2405 :
1632 2351 1773 2405 Deus
1807 2354 1979 2420 posuit
2013 2352 2068 2403 in
2098 2367 2213 2405 cor-

641 2455 765 2507 pore
789 2441 1191 2510 unumquodque
1217 2443 1523 2509 membrum,
1548 2452 1701 2511 prout
1719 2444 1904 2506 voluit,
1934 2452 1992 2497 ut
2024 2446 2211 2511 voluit,

644 2530 713 2584 ad
735 2532 1020 2584 membrum
1056 2532 1227 2602 magis
1253 2533 1542 2598 referatur,
1583 2534 1685 2588 hoc
1719 2544 1823 2598 est,
1850 2545 1999 2601 prout
2033 2537 2212 2603 voluit,

650 2629 809 2686 prout
835 2619 1015 2690 elegit,
1040 2626 1201 2690 prout
1229 2635 1449 2689 operam
1474 2622 1643 2688 dedit,
1669 2638 1735 2677 ne
1758 2624 2003 2680 videatur
2030 2626 2096 2681 de
2118 2629 2214 2682 ho-

645 2710 787 2763 mine
820 2699 1031 2765 arbitrii
1067 2720 1304 2779 potestas
1333 2711 1556 2770 aul'erri.
1588 2733 1636 2774 ι,

714 2799 1241 2856 Prmdesﬁnationem
1296 2805 1540 2871 praevisis
1599 2806 1807 2861 meritis
1848 2809 2213 2878 postposuisse

642 2890 929 2961 Origenem
963 2894 1182 2949 minime
1224 2894 1421 2948 mirum
1470 2907 1576 2963 est,
1604 2914 1725 2953 cum
1765 2903 2113 2969 quastionem
2150 2902 2214 2958 il-

642 2983 749 3036 lam
782 2984 972 3039 leviter
1000 2993 1206 3039 tantum
1241 2995 1295 3040 et
1316 2987 1679 3055 perfunctorie
1701 2992 1978 3047 delibarin-
2019 2994 2214 3050 vetusti

641 3075 827 3131 Patres
866 3075 1168 3146 Pelagianis
1198 3080 1526 3146 temporibus
1564 3082 1919 3152 antiquiores.
1965 3095 2023 3139 ut
2050 3086 2211 3141 disci-

642 3185 761 3223 mus
788 3184 854 3224 ex
886 3170 1127 3238 epistolis
1163 3171 1414 3241 Prosperi
1456 3183 1510 3227 et
1543 3172 1732 3228 Hilarii
1775 3174 2108 3231 Arelatensis
2142 3178 2205 3232 ad

640 3264 1019 3333 Augustinum,
1044 3264 1246 3336 prteligi
1282 3265 1459 3320 solitis
1499 3266 1667 3336 ipsius
1699 3267 1851 3323 libris
1887 3267 1959 3321 De
2000 3270 2206 3339 praede-

639 3358 921 3410 stinatione
962 3366 1262 3411 sanctorum
1306 3369 1353 3411 et
1407 3360 1543 3412 dono
1591 3362 2008 3427 perseverantia,
2049 3371 2104 3416 et
2140 3378 2206 3416 ex

640 3450 837 3518 prioris
864 3449 1005 3503 illius
1034 3451 1315 3520 Augustini
1349 3450 1465 3504 libri
1504 3452 1678 3521 capite
1702 3452 1789 3516 14,
1817 3461 1871 3507 et
1896 3454 2209 3522 posterioris

639 3543 821 3611 capite
852 3542 944 3595 20.
983 3542 1039 3595 ln
1075 3557 1134 3597 ea
1181 3543 1381 3611 quippe
1419 3541 1587 3596 fuisse
1631 3545 1894 3598 sententia
1927 3543 2204 3611 Irenaeum,

637 3644 693 3687 et
718 3633 1205 3705 Chrysostomum;
1238 3636 1330 3689 sed
1362 3642 1419 3687 et
1445 3644 1567 3704 post
1601 3633 1940 3704 Pelagianam
1969 3646 2204 3701 :etatem,

639 3726 1066 3789 Theodoretum,
1098 3725 1577 3795 Theophylactum,
1607 3724 2015 3792 OEcumenium,
2047 3728 2208 3783 altos-

639 3832 744 3886 que
784 3816 1086 3884 complures
1114 3815 1428 3869 tralatitiutn
1458 3826 1561 3871 est.
1585 3816 1717 3870 Cum
1751 3826 1808 3871 et
1832 3820 2074 3872 eamdem
2112 3819 2208 3873 IIO-

640 3908 836 3976 dieque
876 3923 906 3960 a
942 3908 1076 3962 viris
1129 3908 1411 3962 catholicis
1452 3920 1847 3979 pr0pugnatam
1894 3911 2203 3979 videamus;

639 4009 693 4051 et
719 3999 878 4062 hanc,
917 3999 1212 4052 alteramve
1240 3998 1314 4052 illi
1348 4001 1648 4068 oppositam
1691 4004 1939 4071 persequi
1969 4019 2209 4058 summo-

640 4104 756 4143 rum
785 4088 1109 4145 auctoritate
1135 4090 1451 4154 pontiﬁcum
1497 4091 1675 4147 liceat.
1710 4094 1820 4150 Nec
1853 4098 1984 4150 adeo
2029 4106 2207 4152 tamen

638 4182 921 4237 sententia:
955 4181 1080 4235 huic
1107 4182 1476 4251 patrocinatus
1506 4195 1590 4239 est
1612 4185 1989 4247 Adamantius,
2018 4198 2075 4241 ut
2100 4204 2206 4242 non

637 4273 964 4329 contrariam
1002 4275 1164 4327 etiam
1208 4274 1497 4344 aliquando
1523 4278 1718 4331 sectari
1757 4279 1903 4331 visus
1947 4278 2040 4332 sit.
2071 4277 2206 4332 Nam

635 4366 732 4421 lib.
766 4381 838 4420 th
882 4367 938 4418 in
983 4364 1152 4434 Epist.
1203 4367 1271 4419 ad
1319 4366 1496 4429 Rom.,
1532 4383 1678 4421 num.
1707 4367 1792 4432 15,
1825 4368 1940 4422 hinc
1964 4368 2156 4421 scribit
2187 4384 2203 4421 :

2316 1896 2652 1967 ὑπήκουσαν.
2698 1880 3077 1962 t-Proposit'um
3107 1900 3286 1946 autem
3316 1890 3403 1945 hic
3430 1888 3575 1955 dicit,
3598 1904 3657 1943 ne
3683 1900 3812 1943 totum

2312 1985 2580 2041 vocationi
2616 1983 2819 2039 tribuat
2864 2004 2876 2038 :
2910 1982 2991 2038 sic
3029 1983 3173 2037 enim
3209 1980 3585 2037 contradicturi
3621 1989 3749 2035 erant
3774 1991 3814 2035 et

2312 2076 2486 2133 Graeci
2526 2086 2580 2131 et
2601 2074 2792 2131 Judaei.
2828 2073 2961 2128 Nam
2993 2073 3037 2128 si
3065 2071 3336 2128 sulIiceret
3364 2070 3472 2126 sola
3502 2071 3704 2133 vocatio,
3736 2085 3815 2140 qua

2315 2169 2381 2222 de
2407 2181 2569 2221 causa
2603 2181 2706 2220 non
2730 2178 2920 2219 omnes
2941 2162 3076 2217 salvi
3108 2161 3235 2217 lacti
3275 2161 3436 2216 sunt?
3462 2160 3735 2230 Propterea,
3757 2162 3814 2213 in-

2312 2262 2450 2332 quit,
2484 2275 2588 2313 non
2615 2256 2725 2312 sola
2750 2256 2982 2321 vocatio,
3017 2255 3111 2310 sed
3138 2263 3193 2309 ct
3217 2254 3548 2325 propositum
3571 2267 3728 2307 eorum
3750 2252 3813 2322 qui

2316 2358 2594 2413 vocantur,
2622 2347 2849 2403 salutem
2898 2354 3175 2415 operatum
3213 2354 3300 2399 est
3331 2359 3346 2398 :
3376 2360 3472 2399 nec
3513 2343 3642 2399 enim
3674 2354 3813 2398 coacta

2314 2442 2452 2498 facta
2488 2451 2570 2496 est
2609 2439 2845 2504 vacatio,
2882 2452 3056 2507 neque
3078 2436 3351 2499 violenta.
3392 2436 3583 2491 Omnes
3617 2451 3725 2505 ergo
3747 2451 3815 2489 vo-

2313 2538 2419 2590 cati
2452 2545 2597 2597 sunt,
2648 2532 2741 2587 sed
2769 2546 2872 2585 non
2898 2543 3091 2584 omnes
3133 2530 3473 2584 obedierunt.
3500 2547 3518 2581 ι
3560 2528 3813 2583 Assenticn-

2314 2639 2420 2682 tem
2472 2640 2685 2696 quoque
2739 2623 2961 2678 haberet
3009 2620 3431 2686 'l‘heodoretum,
3489 2629 3541 2675 et
3589 2629 3815 2689 perpetuos

2313 2715 2678 2787 (Ihrysostomi
2717 2712 2952 2769 asscclas
2989 2711 3474 2781 Theophylactum,
3530 2719 3580 2765 et
3608 2708 3813 2764 (Ecume-

2314 2810 2483 2874 nium,
2514 2819 2567 2861 et
2588 2806 2721 2860 alios
2773 2804 3077 2860 nonnullos.
3129 2804 3358 2859 Vocalio
3387 2812 3557 2856 autem
3582 2800 3813 2855 secundum

2312 2900 2641 2970 propositum
2678 2897 2793 2962 Dei,
2826 2897 2969 2966 quod
2996 2896 3328 2965 propositum
3350 2910 3415 2949 ex
3445 2894 3706 2964 perspectis
3725 2890 3811 2943 ani-

2314 3009 2414 3048 ma:
2459 2994 2562 3061 piis
2600 2991 2885 3047 desideriis
2928 2989 3180 3059 pendeat,
3215 2999 3485 3057 quatenus
3510 3002 3621 3042 cum
3644 2983 3811 3051 reliquis

2313 3084 2618 3138 Adamantii
2678 3083 2947 3153 dogmatis
2990 3082 3246 3145 colueret,
3318 3080 3505 3135 merito
3545 3095 3573 3132 a
3613 3074 3813 3132 Jansenio

2310 3176 2651 3246 exploditur;
2683 3190 2806 3228 nam
2825 3174 2909 3242 pia
2939 3173 3203 3227 desideria
3235 3174 3307 3225 ab
3333 3172 3596 3227 hominum
3624 3167 3715 3223 sola
3741 3181 3811 3219 vo-

2310 3271 2512 3325 luntate
2554 3269 2802 3334 derivat;
2835 3268 3031 3337 quibus
3081 3266 3384 3336 perspectis
3431 3263 3686 3334 desideriis
3717 3274 3810 3330 pro-

2309 3372 2471 3433 ponat
2515 3360 2824 3430 Deusipsos
2858 3374 3072 3422 vocare,
3116 3368 3339 3426 tumque
3382 3356 3599 3427 primum
3633 3353 3807 3421 gratiam

2308 3452 2372 3505 ad
2423 3453 2473 3505 id
2503 3458 2859 3519 opportunam
2903 3447 3183 3517 largiatur.
3234 3446 3372 3499 Hinc
3410 3444 3561 3498 aliine
3608 3440 3808 3511 quiddam

2307 3540 2478 3610 carpit
2507 3540 2559 3593 in
2591 3538 2820 3608 Origene
2850 3536 3137 3591 Jansenius
3165 3546 3298 3592 tom.
3331 3537 3371 3601 Ι,
3407 3536 3495 3590 lib.
3529 3550 3634 3598 vin,
3659 3546 3753 3599 cap.
3771 3529 3811 3591 ι,

2307 3633 2449 3701 quod
2497 3632 2702 3687 scilicet
2749 3629 2947 3685 dixerit
3002 3629 3261 3684 salutaris
3311 3627 3559 3683 doctrina:
3599 3633 3807 3694 praecepta

2307 3724 2581 3780 Christum
2630 3721 2937 3778 hominibus
2988 3721 3304 3786 tradidisse,
3352 3728 3507 3791 prout
3530 3716 3721 3771 allectos
3743 3726 3809 3766 eos

2306 3832 2426 3871 esse
2457 3816 2624 3879 novit,
2662 3815 2926 3884 iidemque
2948 3813 3049 3868 sibi
3091 3812 3433 3868 adhibituros
3473 3808 3735 3882 praesensit.
3761 3803 3811 3856 E-

2307 3908 2522 3978 quidem
2551 3922 2655 3961 non
2691 3906 2903 3970 dubito,
2936 3906 3013 3959 uti
3038 3920 3199 3975 supra
3228 3904 3369 3972 dixi,
3402 3904 3656 3975 opinatum
3687 3898 3812 3952 fuisse

2307 3996 2617 4067 Origenem,
2652 4009 2718 4049 ex
2750 3995 2851 4049 hac
2887 3993 3217 4063 prainotione
3271 4004 3477 4048 motum
3519 3991 3667 4045 fuisse
3689 3985 3808 4042 Chri-

2307 4100 2449 4145 stum
2479 4091 2544 4145 ad
2576 4089 2805 4158 primam
2842 4087 2945 4143 illis
2989 4087 3221 4155 gratiam
3253 4083 3649 4157 impertiendam
3681 4098 3691 4133 :
3717 4092 3812 4148 pro—

2308 4193 2599 4252 ptereaque
2636 4181 2833 4234 nullam
2871 4178 3306 4250 Semipelagiano
3343 4178 3466 4232 huic
3492 4174 3647 4232 errori
3671 4168 3810 4226 delen-

2307 4273 2510 4327 sionem
2544 4272 2907 4326 obtendimus.
2941 4271 3038 4326 Sin
3076 4272 3148 4326 ita
3183 4271 3443 4325 sensisset
3465 4267 3712 4336 Origenes,
3737 4260 3810 4313 d0-

2308 4364 2481 4419 ctrina
2534 4378 2629 4418 sua
2667 4362 2789 4417 illos
2835 4363 3092 4418 imbuisse
3135 4361 3434 4428 Christum,
3476 4372 3602 4429 quos
3637 4352 3719 4423 ipsi
3740 4361 3809 4418 per

642 4478 661 4510 ι
690 4459 796 4514 Sed
831 4460 942 4514 haec
976 4460 1158 4515 omnia
1185 4475 1250 4515 eo
1281 4470 1548 4529 spectant,
1585 4469 1643 4514 ut
1668 4460 1797 4515 illud
1842 4461 2031 4531 probet
2059 4462 2206 4531 Apo-
2236 4465 2286 4525 υ
2308 4456 2492 4525 gratia:
2521 4469 2818 4519 Straemere
2838 4454 3086 4525 gratuitae
3114 4452 3373 4508 auxilium
3392 4461 3681 4506 assensuros
3705 4454 3807 4512 pra!-

636 4550 827 4613 stolus,
851 4552 995 4619 quod
1033 4552 1077 4607 si
1104 4552 1187 4607 vel
1225 4552 1399 4616 lsaac,
1431 4552 1516 4606 vel
1557 4550 1724 4607 Jacob
1758 4567 1858 4623 pro
1882 4552 1969 4607 his
1994 4553 2201 4609 meritis

635 4641 793 4696 electi
827 4640 1051 4698 fuissent
1090 4659 1121 4697 a
1166 4646 1278 4700 Deo
1311 4660 1431 4713 qua:
1464 4645 1516 4698 in
1549 4660 1712 4699 carne
1738 4646 1895 4714 positi
1932 4646 2203 4715 acquisie-

635 4739 777 4795 rant,
800 4737 855 4784 et
872 4744 966 4799 per
989 4746 1147 4799 opera
1169 4734 1349 4788 carnis
1364 4732 1601 4803 justiﬁca
1612 4734 1655 4788 ri
1687 4736 2032 4802 meruissent,
2067 4752 2197 4806 pos.

634 4828 720 4877 set
748 4820 934 4890 utique
957 4822 1133 4877 meriti
1160 4840 1346 4879 eorum
1387 4827 1562 4895 gratia
1588 4830 1653 4880 ad
1685 4828 2049 4896 posteritatem
2081 4843 2202 4883 car-

634 4914 723 4968 nis
756 4926 970 4983 quoque
998 4923 1050 4967 et
1080 4916 1354 4985 sanguinis
1403 4918 1692 4985 pertinere.
1728 4916 1881 4972 Nunc
1918 4934 2045 4974 vero
2074 4935 2199 4975 cum

633 5004 827 5060 electio
853 5020 1064 5068 eorum,
1097 5020 1204 5059 non
1227 5021 1294 5061 ex
1314 5009 1564 5075 operibus
1590 5007 1735 5062 facta
1761 5009 1854 5074 sit,
1879 5009 1972 5064 sed
1991 5024 2057 5065 ex
2078 5025 2203 5080 pro-

632 5095 810 5163 posito
839 5096 957 5160 Dei,
997 5106 1051 5150 et
1073 5111 1139 5149 ex
1185 5096 1424 5149 vocantis
1475 5097 1728 5162 arbitrio,
1786 5099 2198 5168 promissionum

635 5187 807 5257 gratia
832 5203 936 5241 non
964 5187 1014 5241 in
1041 5186 1168 5240 ﬁliis
1202 5188 1386 5242 carnis
1409 5188 1679 5258 impletur,
1704 5193 1796 5245 sed
1823 5191 1875 5244 in
1905 5192 2026 5246 ﬁliis
2054 5192 2147 5248 Del
2182 5211 2197 5247 :

637 5276 742 5330 hoc
771 5286 853 5329 est
895 5276 985 5344 qui
1025 5277 1274 5331 similiter
1315 5285 1373 5330 ut
1422 5278 1517 5344 ipsi
1549 5293 1615 5332 ex
1661 5281 1933 5349 proposito
1968 5280 2061 5335 Dei
2096 5281 2199 5336 eli-

634 5375 857 5436 guntur,
892 5376 946 5421 et
995 5368 1324 5437 adoptantur
1366 5367 1418 5420 in
1453 5368 1608 5422 ﬁlios.
1638 5389 1657 5422 ι
1694 5367 1915 5436 Verum,
1968 5381 2027 5425 ut
2058 5385 2199 5441 sape

633 5457 771 5523 dixi,
806 5472 998 5527 parum
1019 5458 1144 5512 huic
1166 5458 1305 5513 libro
1332 5459 1729 5529 adjungendum
1753 5471 1834 5516 est
1862 5461 2009 5527 ﬁdei,
2035 5478 2195 5531 quem

634 5550 939 5607 Rullnianis
977 5552 1381 5621 opinationibus
1424 5566 1705 5621 aspersum
1761 5563 1815 5609 et
1862 5554 2197 5624 inquinatum

710 5726 731 5756 ⁸
752 5726 916 5783 lCor.
946 5743 1021 5792 rx,
1052 5728 1140 5783 27.
1218 5730 1240 5763 ⁸
1263 5730 1279 5784 l
1303 5731 1425 5789 Cor.
1456 5747 1548 5800 xu,
1584 5730 1668 5786 l8.

2284 4557 2531 4603 .noverat
2550 4586 2567 4611 ,
2595 4549 2679 4602 vel
2705 4547 2946 4602 futurum
2971 4556 3025 4602 et
3050 4547 3339 4617 praevisum
3366 4553 3664 4599 consensum
3686 4545 3806 4589 occa—

2304 4641 2512 4695 sionem
2543 4639 2766 4695 Christo
2804 4639 3172 4708 impertienda:
3217 4654 3332 4693 suae
3378 4637 3621 4691 doctrinas
3648 4637 3694 4683 et
3716 4637 3805 4694 gra-

2308 4733 2393 4786 tia:
2416 4732 2723 4800 praebuisse,
2754 4747 2856 4790 non
2885 4741 2940 4785 ut
2990 4732 3319 4800 praeberetur
3358 4726 3681 4799 promeritum
3709 4716 3803 4771 luis-

2306 4838 2395 4886 se;
2432 4823 2534 4877 hoc
2561 4833 2643 4876 est
2671 4822 2900 4892 gratiam
2935 4836 3085 4876 suam
3123 4830 3179 4875 et
3215 4821 3511 4874 doctrinam
3548 4828 3640 4869 non
3668 4824 3722 4864 ex
3745 4804 3782 4857 fu

2307 4915 2441 4968 turis
2468 4928 2652 4968 eorum
2680 4913 2905 4975 meritis,
2940 4912 3031 4966 sed
3058 4912 3158 4965 hac
3194 4923 3485 4964 consensus
3507 4903 3667 4960 oblata
3689 4906 3801 4951 0ch-

2306 5007 2457 5062 sione
2484 5006 2756 5061 Christum
2801 5005 2966 5059 luisse
3002 5003 3274 5073 largitum,
3321 5000 3522 5070 magnis
3557 4995 3713 5060 utique
3734 5001 3801 5054 pa-

2309 5098 2478 5153 tronis
2510 5112 2631 5153 sese
2662 5107 2937 5161 tueretur;
2973 5105 3101 5165 puta
3129 5094 3445 5162 Augustino,
3475 5088 3582 5159 qui,
3616 5077 3802 5165 uthabet

2302 5188 2589 5245 Jansenius
2644 5202 2808 5257 supra
2868 5164 3085 5240 laudato
3116 5185 3258 5250 loco,
3309 5184 3360 5238 in
3405 5177 3615 5249 epistola
3645 5164 3799 5265 49.1.4

2303 5280 2642 5350 Deogratias,
2672 5287 2860 5348 quzest.
2892 5278 2948 5344 2,
2977 5281 3134 5331 docet
3179 5296 3195 5327 ι
3218 5286 3342 5330 tunc
3371 5271 3590 5326 voluisse
3617 5258 3798 5350 homini-

2304 5347 2700 5439 l"'sialﬂmrere
2727 5369 3025 5433 Christum,
3057 5376 3111 5423 et
3154 5369 3294 5437 apud
3323 5380 3416 5419 eos
3452 5351 3697 5432 praedicari
3726 5347 3799 5399 do-

2304 5462 2536 5517 ctrinam
2565 5477 2743 5529 suam,
2782 5463 2995 5531 quando
3048 5459 3275 5524 sciebat,
3310 5466 3364 5510 et
3393 5453 3478 5508 ubi
3510 5446 3685 5504 sciebat
3708 5446 3803 5491 esse

2306 5555 2397 5626 qui
2428 5556 2480 5611 in
2525 5570 2643 5611 eam
2683 5556 2897 5610 fuerant
2928 5552 3224 5621 credituri;
3256 5571 3275 5606 ι
3318 5558 3371 5605 et
3404 5546 3654 5615 aliquanto
3674 5535 3795 5604 90⁵⁸³
