4068 6308
325 334 391 393 73
1067 336 1644 399 OBIGENIANORUM
1686 340 1814 398 LIB.
1855 343 1921 407 II,
1961 342 2115 403 CAP.
2156 344 2218 412 Il,
2260 339 2537 413 QUEST.
2582 338 2716 398 VIII.

3433 340 3535 400 97‘

293 478 313 510 ι
340 458 481 523 Ouid
501 473 635 531 ergo
661 460 859 517 mirum
889 461 933 518 si
966 470 1074 517 tam
1107 465 1415 522 inﬁdelibus
1441 466 1653 536 plenum
1682 468 1868 520 orbem
1899 470 1945 528 Α
1975 469 2220 537 poribus.
2257 482 2323 522 ex
2363 480 2535 535 eaque
2560 464 2877 521 diversitate
2912 465 3095 520 mundi
3129 464 3540 520 consonantiam

288 558 559 606 terrarum
594 552 848 610 Christus
876 554 1154 625 prioribus
1182 558 1395 611 saeculis
1421 568 1668 624 noverat,
1710 569 1766 611 ut
1788 559 1869 613 eis

287 655 578 711 apparere,
623 645 709 701 vel
761 647 1049 715 praedicari
1107 648 1301 702 merito
1340 648 1528 717 nollet,
1584 665 1720 719 quos
1770 665 1867 706 nec

285 734 489 802 verbis,
525 750 625 792 nec
656 739 935 793 miraculis
973 738 1087 793 suis
1128 738 1439 795 credituros
1470 755 1591 796 esse
1616 742 1868 811 praescie-

286 828 417 880 Iiat?
442 846 461 880 ι
491 837 546 883 et
573 827 981 900 Cltrysostomo,
1003 829 1096 899 qui
1123 841 1290 886 serm.
1325 831 1438 885 41η
1471 830 1641 900 Epist.
1672 835 1742 887 ad
1761 832 1865 887 Co-

286 918 440 982 loss.,
484 921 549 973 ad
591 935 735 977 vers.
765 921 835 976 25
865 922 946 977 sic
986 923 1149 976 habet
1189 939 1203 975 :
1254 922 1313 974 '0
1344 921 1453 994 γὰρ
1484 923 1618 987 Θεὸς
1648 925 1750 978 οὐκ
1799 926 1867 978 ἀ-

292 1008 471 1081 θρόως
520 1011 701 1065 πάντα
745 1016 911 1075 ποιεῖ,
960 1008 1097 1067 ἀλλὰ
1156 1012 1421 1084 κέχρηται
1472 1016 1867 1083 συγκαταϐάσει

282 1099 373 1153 διὰ
412 1101 509 1171 τὴν
538 1101 736 1173 πολλὴν
768 1105 932 1159 αὐτοῦ
966 1106 1393 1179 φιλανθρωπίαν.
1437 1108 1548 1160 Καὶ
1579 1107 1735 1160 τοῦτο
1783 1107 1867 1162 αῖ-

284 1208 399 1245 τιον
424 1194 518 1248 τοῦ
552 1194 649 1248 νῦν
678 1196 1082 1267 παραγενέσθαι
1111 1197 1202 1251 τὸν
1225 1197 1477 1269 Χριστὸν,
1508 1197 1645 1251 ἀλλὰ
1671 1198 1745 1270 μὴ
1771 1199 1868 1253 πάι

286 1283 378 1338 λιιι
404 1302 417 1316 ο
447 1304 466 1338 ι
492 1287 632 1342 Deus
666 1287 812 1343 enim
847 1304 955 1345 non
986 1302 1207 1360 repente
1235 1292 1363 1345 tacit
1384 1291 1586 1355 omnia,
1612 1292 1704 1346 sed
1740 1308 1866 1360 pro-

287 1384 410 1443 pter
450 1390 717 1432 summam
771 1393 922 1433 suam
978 1379 1373 1437 humanitatem
1416 1396 1537 1437 sese
1580 1381 1738 1438 rebus
1777 1398 1869 1438 ac-

287 1467 617 1523 commodat.
672 1466 738 1523 Et
765 1469 882 1524 haec
910 1483 1073 1524 causa
1122 1480 1226 1535 est,
1272 1486 1369 1526 cur
1403 1488 1543 1527 nunc
1591 1473 1867 1529 advenerit

288 1553 565 1621 Servator,
598 1573 703 1613 non
736 1558 864 1615 olim
893 1577 910 1628 ;
937 1579 955 1611 ι
1007 1562 1150 1630 quod
1181 1562 1355 1619 fusius
1402 1564 1624 1619 disserit
1658 1566 1712 1619 In
1759 1565 1867 1620 tine

286 1646 523 1704 bomilite
551 1650 829 1718 ejusdem;
885 1663 939 1708 et
969 1651 1209 1718 Seilnlio,
1264 1656 1355 1724 qui
1388 1657 1443 1710 in
1479 1654 1701 1711 Roman.
1741 1671 1864 1723 vut,

282 1738 377 1808 28,
417 1743 753 1811 propositum
782 1743 913 1801 illud
954 1747 1049 1801 Dei
1078 1746 1149 1801 ibi
1184 1746 1593 1819 intelligendum
1624 1762 1749 1805 esse
1780 1749 1867 1803 di-

285 1833 384 1897 cit,
435 1851 456 1885 r
483 1834 779 1890 secundum
811 1838 957 1906 quod
1010 1838 1294 1908 proposuit
1336 1839 1550 1895 s‘alvare
1591 1841 1706 1897 sola
1735 1842 1860 1911 ﬁde,
1895 1824 1938 1879 Β

282 1938 421 1993 quos
471 1931 783 1996 praescierint
818 1929 1142 1986 credituros.
1168 1949 1187 1984 ι
1248 1930 1400 1986 Ferri
1452 1932 1619 1987 etiam
1660 1943 1863 2004 posset,

281 2016 429 2085 quod
469 2017 620 2071 addit
640 2018 924 2088 Origenes,
963 2038 1069 2077 non
1096 2039 1161 2079 ex
1207 2025 1322 2081 sola
1350 2025 1445 2081 Dei
1470 2025 1751 2081 voluntate
1779 2027 1867 2097 ju-

283 2107 670 2163 stiiicationem
715 2120 958 2167 nostram
1010 2116 1269 2183 pendere,
1310 2131 1487 2186 neque
1534 2116 1760 2172 salutem
1800 2118 1867 2173 de

289 2210 472 2254 nostra
508 2202 725 2269 penitus
745 2217 868 2260 esse
895 2215 1163 2275 potestate
1186 2208 1487 2274 sublatam;
1520 2224 1646 2265 nam
1677 2212 1866 2281 gratia:

280 2292 685 2360 justiiieationis
728 2296 895 2351 libere
937 2299 1205 2353 consentit
1234 2300 1413 2364 homo,
1447 2316 1476 2353 a
1511 2316 1614 2369 qua
1653 2303 1865 2357 dissen-

286 2386 393 2441 tire
429 2396 642 2456 potest;
693 2397 747 2444 et
773 2389 1008 2445 salutem
1044 2400 1304 2446 aeternam
1353 2393 1723 2447 dissentiendo
1766 2410 1864 2462 po-

287 2487 394 2533 test
421 2480 689 2545 amittere,
712 2480 867 2550 juxta
896 2483 1215 2539 Tridentina
1260 2483 1461 2553 placita
1488 2482 1626 2555 (45).
1662 2485 1862 2540 Verum

283 2571 624 2639 commodam
655 2588 869 2629 onmem
904 2576 1405 2647 interpretationem
1429 2575 1725 2631 excludunt
1745 2592 1866 2645 quae

283 2660 509 2730 apponit
536 2658 826 2733 Origenes,
878 2682 897 2716 ι
926 2680 1029 2719 non
1069 2666 1123 2720 in
1156 2664 1495 2735 praescientia
1530 2663 1624 2719 Dei
1654 2665 1865 2719 unicui-

283 2765 390 2820 que
420 2751 612 2808 salutis
646 2769 867 2809 causam
905 2757 1052 2825 poni,
1103 2756 1200 2811 sed
1238 2757 1292 2811 in
1322 2756 1601 2827 proposito
1642 2766 1699 2811 et
1728 2758 1865 2812 acti-

282 2847 384 2901 bus
414 2846 560 2911 suis;
588 2864 608 2898 ι
657 2846 954 2901 excludunt
1002 2857 1059 2903 et
1112 2847 1321 2917 reliqua
1363 2848 1674 2903 Adamantii
1724 2863 1865 2918 prte-

283 2935 512 3006 scripta,
544 2936 687 2992 unde
718 2937 833 2993 haec
867 2938 1307 3007 proﬁciscuntur.
1329 2936 1460 2993 Jure
1488 2953 1704 3009 quoque
1733 2939 1865 2995 Pau-

283 3028 378 3082 lini
416 3029 540 3097 loci,
564 3029 655 3099 qui
677 3028 899 3085 exstatl
928 3029 1054 3086 Cor.
1085 3045 1183 3096 xit,
1208 3029 1303 3097 18,
1335 3032 1609 3101 proposita
1646 3032 1716 3086 ab
1745 3030 1864 3086 Ori-

280 3133 442 3188 geue,
474 3135 578 3176 non
614 3131 820 3177 asserta
850 3131 1027 3178 tamen
1054 3124 1123 3178 ab
1146 3138 1233 3187 eo.
1271 3137 1445 3193 neque
1481 3124 1708 3179 omnino
1738 3139 1863 3193 pro-

281 3211 412 3265 bata
466 3212 776 3283 explicatio,
829 3222 1018 3285 utpote
1062 3215 1297 3270 absurda
1337 3223 1395 3271 et
1433 3214 1666 3271 violenta
1701 3215 1862 3271 refel-

281 3302 432 3360 litur.

827 3396 1151 3466 QUIESTIO
1190 3397 1327 3459 VIII.

915 3507 982 3546 DE
1015 3507 1227 3547 Αετιιιο.

278 3616 325 3638 ,ι
366 3582 557 3638 Utrum
612 3595 757 3639 astra
807 3585 1043 3638 animata
1085 3600 1217 3647 esse,
1256 3584 1422 3638 Deum
1458 3600 1765 3654 cognoscere
1808 3594 1858 3638 et

349 3655 576 3722 precari,
608 3671 820 3722 peccare
857 3671 1028 3724 posse,
1049 3654 1350 3725 judicatum
1398 3656 1484 3713 iri.
1533 3672 1593 3708 ac
1633 3655 1858 3725 salutem

352 3740 561 3784 sperare
594 3737 639 3779 et
677 3741 826 3794 posse
858 3722 1102 3794 consequi
1134 3722 1385 3795 Origenes
1414 3726 1762 3795 aﬂirmaverit.
1791 3724 1854 3780 II.

354 3799 396 3850 Α
432 3798 620 3865 multis
642 3796 728 3848 hic
754 3796 1014 3865 arguitur.
1056 3795 1141 3849 Ill.
1188 3794 1301 3848 Nec
1335 3795 1641 3861 defensione
1680 3805 1856 3848 tamen

350 3876 513 3920 caret.
557 3863 645 3919 IV.
692 3863 842 3919 Viam
891 3865 992 3932 ipsi
1016 3867 1084 3917 ad
1115 3866 1170 3917 id
1192 3865 1507 3919 credendum
1557 3874 1855 3919 straverunt

348 3938 577 3998 antiqui.
620 3935 680 3993 V.
721 3934 907 3989 Utrum
944 3935 1200 3988 sideribus
1249 3935 1550 4005 futurorum
1583 3934 1857 4005 signiﬁca-

352 4009 545 4061 tionem
586 4024 619 4059 a
675 4005 780 4059 Deo
811 4007 1117 4072 impressam
1163 4006 1443 4074 putaverit.
1504 4004 1586 4059 \'I.
1628 4004 1707 4057 An
1750 4013 1854 4058 tres

350 4077 548 4145 priores
574 4076 852 4130 creationis
877 4078 990 4129 dies
1026 4076 1139 4128 sine
1168 4076 1296 4140 sole,
1326 4078 1453 4128 luna
1480 4086 1525 4128 et
1564 4076 1729 4130 stellis
1752 4090 1857 4129 non

351 4147 518 4216 fuisse
541 4148 842 4200 decreverit.

351 4240 391 4294 Ι.
433 4239 572 4306 Quid
605 4233 864 4310 Origenes
891 4239 958 4292 de
994 4238 1156 4293 astris
1202 4237 1435 4294 senserit
1466 4235 1853 4306 exploraturis,

279 4332 532 4386 animaue
578 4347 640 4385 ea
669 4342 724 4385 et
770 4345 1009 4401 corpore
1040 4339 1293 4386 constare
1326 4329 1398 4384 sit
1439 4328 1753 4393 arbitratus,
1782 4343 1851 4381 an

278 4437 510 4492 corpora
537 4436 659 4477 esse
694 4422 961 4486 inanima,
1016 4436 1230 4476 rursum
1265 4421 1510 4476 iteranda
1570 4428 1697 4475 sunt
1736 4434 1857 4489 quae

1969 556 2331 621 elllorescere,
2359 555 2509 612 addit
2540 555 2799 624 quasdam
2826 569 2894 608 ex
2920 554 3006 609 bis
3036 570 3155 623 quae
3180 572 3200 605 ι
3230 553 3542 610 melioribus

1970 649 2183 705 meritis
2208 661 2355 717 sunt,
2412 652 2480 705 ad
2507 648 2878 703 exornandam
2916 648 3099 702 mundi
3153 658 3352 703 statum
3393 663 3542 703 com-

1968 742 2078 812 pati
2103 742 2348 811 reliquis,
2382 751 2438 797 et
2481 739 2712 795 oliicium
2753 739 2997 811 praebere
3030 739 3398 804 inferioribus,
3433 753 3541 809 quo

1967 846 2067 901 per
2114 832 2218 886 hoc
2244 831 2536 900 participes
2583 829 2853 885 exsistant
2889 830 3167 900 patientia:
3213 829 3537 885 Creatoris:

1968 923 2265 979 secundum
2328 923 2469 992 quod
2524 922 2815 990 Apostolus
2871 921 2987 991 ipse
3042 921 3259 976 dicit“:
3303 916 3542 977 Vanitati

1967 1014 2113 1069 enim
2145 1024 2395 1069 creatura
2440 1014 2678 1083 subjecta
2716 1026 2801 1070 est
2842 1030 2947 1069 non
2973 1013 3179 1080 volens,
3204 1015 3297 1069 sed
3325 1024 3544 1084 propter

1967 1120 2091 1161 eum
2119 1111 2213 1176 qui
2245 1107 2542 1179 subjecerit
2588 1108 2641 1162 in
2678 1121 2853 1177 spem.
2887 1123 2906 1157 ι
2954 1105 3107 1174 Quod
3130 1106 3196 1161 de
3222 1108 3384 1161 astris
3422 1107 3543 1162 sine

1968 1200 2134 1254 dubio
2167 1199 2571 1271 intelligendum
2596 1209 2699 1256 est.

2038 1291 2151 1348 Nec
2202 1292 2442 1347 animam
2498 1292 2765 1347 duntaxat
2818 1291 3092 1347 sideribus
3118 1292 3358 1347 additam
3397 1307 3538 1361 esse,

1966 1385 2061 1438 sed
2093 1397 2158 1441 ea
2179 1383 2342 1439 etiam
2372 1384 2584 1438 ratione
2609 1383 2828 1453 pollere,
2862 1383 3028 1438 Deum
3053 1398 3404 1455 cognoscere,
3433 1383 3542 1438 lan-

1966 1478 2101 1533 dare
2130 1491 2194 1531 ac
2246 1476 2454 1545 precari
2490 1487 2639 1531 ratus
2667 1486 2770 1531 est.
2795 1474 2929 1530 Nam
2958 1485 3085 1531 tom.
3114 1491 3208 1530 χιιι
3243 1478 3297 1530 in
3326 1475 3542 1541 Martia,

1966 1584 2117 1622 num.
2152 1566 2244 1631 20,
2282 1568 2394 1623 haec
2427 1567 2680 1637 leguntur
2711 1585 2724 1621 :
2766 1567 2998 1621 Ἄτοπον
3027 1567 3135 1639 γὰρ
3167 1566 3342 1637 λέγειν
3382 1567 3442 1620 τὸ
3484 1567 3543 1635 ἐξ

1964 1662 2192 1732 οὐρανοῦ
2217 1662 2311 1715 καὶ
2338 1663 2443 1733 γῆς
2472 1663 2565 1715 καὶ
2589 1662 2695 1716 τῶν
2718 1663 2777 1715 ὲν
2804 1665 2987 1727 αὐτοῖς
3012 1662 3281 1733 σύστημα,
3314 1662 3442 1716 ὥστ’
3463 1664 3541 1716 εἰ·

1966 1755 2087 1807 πεῖν
2114 1752 2181 1807 ἂν
2204 1754 2284 1807 ὅτι
2314 1753 2488 1824 ἥλιος,
2518 1753 2609 1807 καὶ
2643 1754 2861 1825 σελήνη,
2897 1754 2991 1808 καὶ
3017 1755 3045 1807 ὁ
3075 1754 3233 1824 χορὸς
3256 1754 3365 1806 τῶν
3392 1753 3543 1807 ἀστέι

1966 1860 2097 1916 ρων,
2149 1844 2244 1899 xui.
2292 1846 2341 1897 oi
2382 1846 2439 1897 ἐν
2472 1844 2578 1915 ὅλῳ
2606 1844 2685 1915 τῷ
2722 1844 2911 1917 κόσμῳ
2960 1847 3135 1917 τούτῳ
3171 1846 3391 1915 ἄγγελοι
3441 1845 3543 1898 οὐκ

1964 1935 2207 2006 ἔγνωσαν
2235 1937 2295 1991 τὸ
2320 1936 2572 2009 ἀληθινὸν
2600 1938 2734 2007 φῶς,
2764 1938 2858 1992 καὶ
2901 1939 3223 2009 ἀγνοοῦντες
3255 1939 3386 1993 αὐτὸ
3417 1939 3544 2009 ὲτή⁶

1966 2043 2140 2099 ρησαν
2172 2027 2269 2100 τὴν
2294 2029 2723 2101 ὲπιτεταγμένην
2752 2030 2932 2095 αὐτοῖς
2963 2030 3070 2083 ἀπὸ
3094 2030 3226 2084 Θεοῦ
3255 2030 3426 2097 τάξιν.
3472 2033 3545 2085 At

1967 2119 2106 2176 libro
2128 2138 2161 2175 v
2190 2132 2374 2177 contra
2397 2122 2559 2189 Cels.,
2592 2140 2741 2180 num.
2767 2123 2856 2192 IO,
2881 2140 3003 2195 pag.
3033 2124 3161 2191 585,
3196 2135 3339 2180 astra
3365 2126 3543 2196 appelo

1965 2212 2039 2266 lat
2069 2210 2183 2277 ζῶα
2208 2214 2401 2284 λογικὰ
2432 2216 2527 2270 καὶ
2553 2215 2834 2282 σπουδαῖα,
2861 2216 2956 2270 καὶ
2979 2217 3315 2287 φωτισθέντα
3337 2217 3413 2289 τῷ
3439 2235 3543 2287 φωι

1964 2306 2018 2357 τὶ
2038 2305 2138 2376 τῆς
2151 2305 2403 2375 γνώσεως
2417 2308 2523 2365 ὑπὸ
2540 2308 2641 2379 τῆς
2662 2310 2871 2383 σοφξας,
2893 2311 3014 2381 ἥτις
3039 2310 3184 2363 ἐστὶν
3204 2310 3541 2382 ἀπαύγασμα

1966 2395 2142 2464 φωτὸς
2168 2396 2360 2451 ἀϊδίου.
2413 2398 2611 2453 Eadem
2644 2413 2832 2467 preces
2860 2399 3060 2456 offerre
3084 2402 3191 2456 Deo
3222 2417 3317 2471 per
3353 2403 3541 2467 unige-

1966 2487 2144 2541 nitum
2204 2487 2321 2556 ejus
2340 2488 2559 2554 Filium,
2597 2491 2881 2562 ipsumque
2911 2490 3132 2546 laudare
3169 2494 3360 2561 probat
3384 2508 3535 2547 ιιιιιιι.

1966 2580 2053 2642 l5,
2090 2594 2153 2635 ex
2182 2579 2403 2636 Davidis
2431 2582 2625 2650 psalm.
2648 2596 2871 2647 chvnt,
2892 2584 2947 2649 Ei,
2982 2584 3014 2639 ι
3045 2602 3060 2637 :
3090 2603 3109 2635 ι
3131 2584 3369 2639 Laudate
3392 2602 3541 2654 eum,

1965 2688 2156 2728 omnes
2192 2674 2359 2729 stella:
2398 2688 2455 2731 et
2486 2676 2667 2731 lumen
2714 2693 2728 2728 :
2773 2675 2987 2732 laudate
3031 2694 3177 2742 eum,
3218 2679 3341 2733 cmli
3376 2679 3545 2735 ctelo-

1968 2780 2156 2817 ruma
2194 2764 2314 2832 Quo
2360 2774 2416 2820 et
2449 2766 2581 2822 illud
2613 2768 2780 2823 refert
2821 2783 2891 2823 ex
2925 2769 3096 2840 Epist.
3128 2771 3193 2824 ad
3240 2771 3396 2825 Rom.
3424 2786 3541 2835 vui,

1972 2857 2131 2912 l9-2l
2190 2871 2207 2912 :
2264 2877 2284 2910 ι
2322 2857 2667 2928 Exspectatio
2720 2871 2985 2918 creaturae
3037 2864 3419 2919 revelationem
3476 2864 3542 2918 tia-

1968 2948 2163 3005 liorum
2200 2949 2291 3006 Dei
2329 2960 2624 3021 exspectat.
2665 2952 2899 3009 Vanitati
2944 2956 3090 3011 enim
3123 2965 3379 3011 creatura
3413 2958 3544 3012 sub-

1961 3042 2107 3112 jecta
2135 3053 2220 3099 est
2255 3059 2359 3099 non
2392 3044 2602 3109 volens,
2640 3047 2735 3100 sed
2769 3057 2992 3117 propter
3017 3062 3142 3103 eum
3180 3048 3272 3117 qui
3306 3049 3543 3118 subjecit

1967 3150 2087 3189 eam
2126 3136 2180 3190 in
2222 3150 2370 3205 spe:
2416 3136 2543 3206 quia
2573 3147 2629 3191 et
2678 3137 2789 3205 ipsa
2836 3147 3086 3193 creatura
3141 3138 3457 3195 liberabitur
3505 3158 3537 3194 a

1962 3227 2223 3282 servitute
2246 3226 2609 3296 corruptionis
2644 3228 2696 3282 in
2732 3229 3033 3285 libertatem
3084 3229 3269 3299 gloria:
3304 3231 3535 3286 iiliortnn

1963 3320 2056 3374 Dei
2082 3337 2097 3385 ;
2128 3335 2147 3370 ι
2181 3330 2235 3375 et
2264 3319 2355 3375 lib.
2389 3335 2482 3375 vui
2514 3322 2697 3390 operis
2734 3320 2977 3389 ejusdem
3023 3336 3172 3377 num.
3203 3321 3272 3376 66
3310 3339 3325 3375 :
3356 3324 3539 3393 Εὐφηέ

1964 3413 2067 3483 μοῦ
2076 3430 2174 3484 μεν
2202 3408 2294 3467 οὖν
2318 3414 2489 3485 ἥλιον,
2527 3415 2722 3484 inquit,
2747 3413 2823 3478 ὡς
2844 3414 3007 3469 καλὸν
3042 3414 3177 3469 Θεοῦ
3205 3415 3539 3487 δημιούργη-

1964 3520 2041 3575 μα
2066 3504 2160 3558 καὶ
2182 3506 2311 3568 τοὺς
2342 3504 2539 3575 νόμους
2565 3504 2837 3574 φυλάσσον
2863 3504 3022 3568 Θεοῦ,
3055 3507 3149 3558 καὶ
3181 3505 3379 3559 ἀκοῦον
3404 3504 3499 3559 τοῦ
3520 3522 3533 3535 °

1959 3598 2165 3651 Αἰνεῖτε
2184 3596 2273 3650 τὸν
2299 3597 2522 3669 Κύριον,
2539 3598 2688 3667 ἥλιος
2713 3598 2805 3650 καὶ
2827 3598 3040 3668 σελήνη.
3056 3598 3150 3651 καὶ
3172 3598 3269 3669 ὅση
3290 3597 3537 3667 δύναμις,

1960 3690 2176 3760 ὑμνεῖτε
2208 3689 2299 3743 τὸν
2327 3690 2566 3760 Πατέρα,
2602 3690 2807 3743 καὶτὸν
2835 3689 3161 3761 δημιουργὸν
3180 3688 3275 3743 τοῦ
3303 3688 3501 3752 παντός
3522 3707 3534 3720 ⁸

1959 3790 2015 3834 et
2073 3780 2235 3850 paulo
2291 3790 2430 3850 post.
2485 3796 2637 3835 num.
2670 3781 2739 3835 67
2776 3798 2789 3834 :
2826 3781 3135 3853 ’Υμνοῦμὲν
3165 3798 3229 3849 γε
3255 3781 3407 3846 Θεὸν,
3446 3784 3540 3837 καὶ

1957 3872 2046 3925 τὸν
2075 3874 2352 3945 Μονογενῆ
2393 3873 2581 3940 αὑτοῦ,
2615 3873 2692 3937 ὡς
2721 3874 2815 3926 καὶ
2852 3873 3020 3943 ἥλιος,
3063 3874 3156 3927 καὶ
3196 3874 3410 3947 σελήνη,
3444 3876 3538 3929 καὶ

1956 3968 2149 4037 ἄστρα,
2186 3967 2280 4019 καὶ
2310 3968 2459 4019 πᾶσα
2508 3968 2541 4038 ἡ
2571 3966 2798 4037 οὐρανία
2856 3967 3118 4037 στρατιά·
3162 3967 3390 4038 ὑμνοῦσι
3425 3968 3535 4040 γὰρ

1958 4060 2160 4122 πάντες
2184 4052 2354 4124 οὗτοι,
2401 4059 2544 4123 Θεῖος
2582 4061 2736 4124 ὄντες
2756 4060 2913 4131 χορὸς
2950 4061 3088 4131 μετὰ
3106 4060 3214 4114 τῶν
3241 4064 3300 4115 ὲν
3331 4060 3540 4134 ἀνθρὼ-

1956 4166 2080 4213 ποις
2120 4149 2344 4204 δικαίων
2370 4150 2463 4206 τὸν
2509 4151 2603 4203 ὲπὶ
2632 4152 2767 4204 πᾶσι
2796 4149 2951 4218 Θεὸν,
3005 4150 3097 4203 καὶ
3140 4149 3231 4204 τὸν
3259 4150 3538 4219 Μονογενῆ

1956 4242 2144 4297 αὑτοῦ.

2029 4334 2233 4391 Eadem
2276 4334 2512 4406 peccatis
2537 4349 2658 4391 esse
2694 4334 2969 4400 obnoxia;
3023 4348 3121 4388 nec
3158 4343 3299 4386 astra
3352 4331 3533 4397 modo,

1959 4429 2053 4483 sed
2081 4428 2354 4482 elementa
2384 4428 2573 4493 etiam,
2614 4442 2679 4481 ac
2727 4426 2957 4496 proinde
2993 4424 3255 4493 judicium
3286 4422 3375 4476 Dei
3406 4422 3533 4477 oliui

280 4523 394 4569 tam
430 4529 571 4583 sape
592 4530 756 4584 supra
788 4513 1145 4568 disseruimus
1192 4533 1205 4569 :
1238 4522 1444 4569 mentes
1476 4522 1600 4567 ante
1622 4526 1852 4581 corpora
1887 4537 1932 4592 ι)
1964 4517 2212 4572 subitura
2253 4516 2390 4582 fore,
2422 4516 2694 4572 sententia
2747 4515 2916 4585 ipsius
2958 4524 3066 4579 est,
3100 4513 3185 4567 his
3217 4512 3537 4583 consignata

276 4606 525 4661 conditas
570 4606 850 4674 opinatum
877 4604 1283 4670 Adamantium,
1336 4619 1402 4659 ac
1433 4620 1532 4675 pro
1566 4603 1775 4659 meritis
1800 4604 1856 4657 in

279 4697 455 4761 varia,
498 4698 760 4765 variaque
786 4710 1016 4766 corpora
1059 4696 1338 4762 detrusas;
1384 4696 1643 4765 quasdam
1679 4704 1856 4750 autem

277 4803 346 4845 ex
380 4789 487 4845 illis
511 4804 635 4859 qua!
662 4805 767 4844 non
798 4793 1034 4859 pessime
1059 4803 1181 4845 sese
1200 4790 1518 4859 gessissent,
1552 4789 1860 4846 animandis

278 4882 414 4937 solis
434 4894 489 4936 et
519 4882 680 4948 lunae,
709 4882 1047 4952 aliorumque
1075 4882 1315 4937 siderum
1344 4881 1682 4952 corporibus,
1713 4897 1863 4936 mum

277 4975 457 5045 doque
480 4974 799 5029 illustrando
824 4988 890 5028 ac
923 4976 1259 5037 exornando,
1300 4973 1462 5027 nobili
1493 4973 1705 5029 scilicet
1737 4989 1857 5028 mu-

279 5067 396 5121 neri
425 5067 595 5121 tnisse
622 5066 926 5135 praefectas.
966 5067 1022 5121 ld
1051 5081 1213 5136 supra
1242 5065 1355 5134 jam
1389 5065 1681 5119 delibatum
1715 5079 1859 5119 nunc

276 5172 344 5213 eo
370 5159 532 5211 etiam
576 5158 808 5226 amplius
848 5159 1182 5227 probandum
1214 5168 1317 5213 est.
1360 5156 1452 5212 Sic
1482 5157 1717 5211 habetur
1744 5156 1859 5225 qui-

275 5249 402 5302 dem
439 5258 583 5302 tomo
613 5266 627 5303 I
654 5248 906 5319 Origenis
932 5250 989 5303 in
1013 5249 1196 5315 Joan.,
1236 5264 1385 5304 num.
1419 5248 1509 5312 I7,
1555 5248 1652 5302 καὶ
1680 5247 1790 5319 γὰρ
1818 5250 1852 5318 ἡ

274 5338 423 5412 ψυχὴ
448 5340 543 5393 τοῦ
568 5340 719 5411 ἡλίου
750 5343 811 5394 ὲν
841 5339 1075 5411 σώματι.
1104 5341 1217 5395 Hoc
1245 5351 1354 5408 est,
1390 5357 1410 5391 ι
1430 5340 1611 5394 anima
1650 5339 1803 5405 solis,
1829 5357 1848 5390 ι

279 5447 383 5485 non
415 5430 563 5496 Elite,
607 5441 669 5485 ut
712 5432 891 5500 inepte
928 5432 1090 5485 vertit
1140 5433 1427 5501 interpres.
1466 5429 1632 5485 Libro
1664 5444 1791 5485 vero
1813 5444 1850 5484 ll

275 5522 419 5591 Περὶ
466 5520 690 5591 ἀρχῶν,
753 5538 876 5592 cap.
907 5522 962 5586 9,
1016 5537 1163 5577 num.
1200 5522 1253 5587 7,
1301 5532 1585 5591 postquam
1645 5522 1855 5577 animas

274 5619 433 5686 juxta
464 5618 691 5674 virtutes
718 5632 783 5672 ac
815 5616 1008 5671 merita
1035 5616 1263 5671 diversis
1286 5616 1468 5671 sanxit
1489 5615 1702 5671 adnecti
1726 5629 1852 5671 cor-

347 5715 369 5747 ⁸
398 5711 555 5768 Rom.
580 5727 699 5777 vut,
723 5710 813 5765 20.
882 5708 901 5742 ⁷
928 5710 1055 5764 ibid.
1090 5707 1183 5767 ‘22.

347 5806 459 5881 (ιὸ)
482 5804 724 5862 Trldent.
758 5819 934 5873 conc.,
970 5818 1102 5861 sess.
1136 5818 1211 5871 vr,
1236 5818 1353 5875 cap.
1390 5804 1446 5871 5,
1472 5814 1524 5861 et
1556 5822 1679 5863 can.
1703 5805 1756 5861 4.

1962 4608 2139 4663 verbis
2169 4608 2355 4662 homil.
2378 4607 2414 4661 4
2434 4608 2489 4661 in
2510 4606 2731 4671 Ezech.,
2755 4621 2903 4661 num.
2930 4606 2951 4659 1
2988 4623 3002 4659 :
3038 4622 3056 4655 ι
3081 4603 3342 4659 Futurum
3371 4614 3454 4658 est
3478 4612 3537 4657 ut

1960 4699 2013 4753 in
2046 4698 2136 4752 die
2156 4698 2349 4767 judicii
2380 4712 2484 4753 non
2512 4698 2688 4753 solum
2736 4698 2919 4763 homo,
2952 4697 3045 4752 sed
3077 4696 3243 4751 etiam
3278 4696 3534 4750 universa

1959 4790 2200 4845 conditio
2220 4790 2511 4860 judicetur.
2544 4790 2730 4844 Omnis
2766 4790 2965 4859 quippe
3000 4800 3242 4843 creatura
3270 4788 3532 4858 congemi-

1959 4883 2055 4934 scit
2086 4892 2134 4935 et
2155 4880 2395 4935 condolet
2415 4882 2457 4936 ⁷.
2496 4880 2553 4936 Si
2597 4882 2776 4936 onmis
2813 4890 3059 4935 creatura
3101 4879 3451 4949 congemiscit
3479 4886 3534 4931 et

1956 4973 2228 5037 condolet,
2262 4983 2348 5029 est
2374 4983 2554 5029 autem
2588 4984 2957 5028 creaturarum
2992 4986 3118 5041 pars
3153 4982 3298 5026 terra
3331 4980 3386 5025 et
3416 4982 3531 5023 cte-

1957 5067 2090 5130 lum,
2122 5076 2176 5120 et
2197 5074 2394 5121 caetera
2434 5080 2661 5133 quaeque
2691 5078 2812 5130 qua:
2835 5063 2934 5119 sub
2977 5063 3116 5119 crelo
3148 5070 3293 5125 sunt,
3323 5068 3378 5115 et
3410 5074 3531 5129 qua:

1955 5168 2119 5226 super
2146 5157 2333 5223 cmlos,
2359 5166 2416 5211 et
2446 5156 2763 5212 liberabitur
2792 5156 2971 5210 omnis
3004 5161 3257 5208 creatura
3301 5167 3330 5204 a
3364 5151 3532 5205 servi-

1957 5259 2071 5304 tute
2092 5250 2463 5319 corruptionis
2500 5250 2555 5305 in
2588 5248 2892 5304 libertatem
2918 5246 3104 5318 gloria:
3152 5244 3382 5299 ﬁliorum
3408 5244 3529 5309 Dei,

1961 5339 2084 5409 quis
2110 5340 2215 5397 Scit
2240 5350 2296 5395 et
2323 5341 2391 5395 de
2446 5349 2613 5404 terra,
2653 5355 2723 5395 an
2752 5338 3050 5395 secundum
3080 5347 3327 5391 naturam
3375 5351 3529 5390 suam

1959 5431 2014 5485 in
2039 5432 2219 5501 aliquo
2242 5441 2466 5503 peccato
2496 5439 2740 5488 teneatur
2764 5430 3035 5490 obnoxia?
3064 5429 3120 5483 Si
3152 5429 3296 5484 enim
3325 5426 3525 5483 animal

1958 5534 2063 5592 est,
2096 5526 2145 5581 si
2175 5527 2516 5584 rationabilis
2536 5536 2637 5593 est,
2661 5527 2705 5583 si
2734 5527 2939 5597 indiget
2965 5526 3241 5582 auditione
3260 5524 3527 5581 sermonis

1956 5618 2255 5690 prophetici
2291 5620 2518 5676 dicentis
2542 5635 2557 5675 t
2594 5616 2816 5673 Attende
2839 5616 3021 5672 calum
3046 5618 3324 5687 ει-ιοᾳιιαγ,
3354 5624 3402 5669 et
3427 5628 3528 5669 ουκ
