4068 6308
610 295 727 353 97?;

1925 292 1983 348 P.
2023 288 2345 347 DANIELIS
2379 290 2617 349 HUETII
2676 308 2679 311 ‘
3722 306 3800 363 976

621 420 731 473 diat
752 428 893 473 terra
916 418 1066 473 verba
1099 419 1207 472 aria
1244 418 1345 472 mei
1365 418 1423 481 ⁸;
1458 426 1511 471 ct
1550 436 1563 472 :
1595 418 1756 481 Audi,
1788 418 1995 480 mlum,
2034 426 2080 468 et
2105 433 2202 469 au-
2232 419 2277 473 Α
2309 413 2415 468 Deo
2443 424 2495 467 et
2524 414 2692 477 Patri,
2727 423 2852 469 tunc
2882 414 3045 469 etiam
3094 414 3196 468 ista
3227 414 3511 471 animantia
3541 432 3649 474 cum
3687 424 3803 489 prius

620 513 767 566 ribus
798 513 1021 581 percipe,
1053 522 1192 566 terra
1211 513 1231 543 θ
1360 525 1530 580 quare
1557 524 1663 564 non
1692 520 1849 565 terra:
1875 518 1927 562 et
1950 508 2195 575 aerisju-

622 602 822 659 dicium
854 601 1261 657 sitfuturum?»
1319 601 1376 655 Id
1409 601 1605 657 deinde
1636 600 1828 671 probat
1856 599 2023 653 variis
2049 597 2191 653 Scri-

618 708 795 767 pturte
818 696 1172 761 testimoniis;
1201 705 1313 750 tum
1344 695 1496 749 addit
1525 712 1539 749 :
1569 713 1587 747 ε
1608 695 1791 765 Capax
1819 704 1922 754 est.
1952 693 2193 762 inquam,

621 787 812 860 (terra)
842 798 904 844 ut
932 788 1131 843 animal
1169 787 1322 857 juxta
1369 787 1603 858 partium
1642 784 1959 857 qualitates.
1994 793 2050 838 et
2093 780 2193 836 bo-

620 897 811 937 norum
845 891 1087 944 actuum,
1118 889 1174 935 et
1205 879 1496 945 malorum,
1532 879 1583 933 in
1617 879 1815 949 quibus
1848 887 1940 930 aut
1974 877 2187 931 laudem

617 983 887 1031 mereatur
915 984 1009 1026 aut
1053 987 1290 1042 poenam.
1323 989 1341 1023 ι
1406 970 1583 1040 Super
1618 985 1682 1025 eo
1730 978 1993 1038 praeterea
2048 967 2192 1038 quod

615 1068 844 1124 habetur
878 1066 1063 1121 Matth.
1099 1083 1244 1131 xuv,
1278 1066 1369 1127 '55,
1398 1064 1595 1120 Caelum
1618 1075 1664 1118 et
1695 1074 1833 1118 terra
1867 1062 2189 1116 transibunt.

622 1177 642 1211 ι
665 1158 773 1214 Cur
801 1158 1024 1221 C(Plum,
1055 1158 1249 1229 inquit,
1276 1157 1734 1227 praetergreditur,
1756 1169 1878 1209 cum
1909 1164 2051 1208 terra
2069 1167 2193 1221 per-

617 1253 834 1317 transit,
875 1253 976 1307 nisi
1014 1253 1138 1320 quia
1180 1251 1439 1305 transitus
1476 1249 1555 1303 sui
1584 1247 1827 1317 quaedam
1855 1247 2013 1315 digna
2050 1246 2190 1300 fece-

614 1345 827 1401 runt?»
877 1346 1056 1413 Atque
1105 1344 1222 1399 haec
1267 1352 1666 1398 commentatur
1708 1341 1763 1395 in
1812 1339 1940 1394 illud
1988 1339 2186 1395 Ezech.

613 1454 726 1502 xw,
759 1438 864 1493 l5:
903 1458 920 1490 ι
943 1435 1110 1492 Terra
1141 1451 1247 1490 non
1275 1435 1582 1503 peccaverit
1609 1434 1759 1499 mihi,
1785 1442 1844 1487 ut
1867 1437 2186 1503 praevarice-

613 1540 701 1585 tur
749 1530 1134 1598 praevaricans,
1183 1527 1470 1582 extendam
1530 1540 1746 1579 manum
1797 1540 1973 1579 meam
2028 1541 2190 1595 super

611 1635 756 1686 eam,
790 1630 845 1675 et
870 1630 1147 1675 conteram
1182 1618 1387 1688 virgam
1421 1618 1576 1687 panis
1599 1616 1734 1686 ejus.
1756 1635 1776 1669 ι
1809 1616 2035 1670 Frustra
2059 1631 2187 1671 vero

612 1713 754 1769 dicta
796 1713 908 1768 htec
946 1711 1014 1766 ab
1043 1710 1275 1778 Origene
1306 1726 1400 1780 per
1434 1708 1868 1779 prosopopmiam
1911 1709 2186 1764 existimat

2304 518 2527 574 regnum
2570 506 2769 562 Christi
2826 507 3025 562 fuerint
3073 505 3285 571 effecta,
3344 508 3498 562 simul
3543 524 3651 566 cum
3690 519 3803 571 omni

2303 611 2469 667 regno
2507 598 2671 653 etiam
2704 598 2850 653 Patri
2893 600 3129 669 regenda
3180 599 3429 653 traditum
3480 601 3578 665 iri;
3619 614 3672 659 ut
3711 620 3805 663 cum

2304 688 2440 745 Deus
2494 690 2601 745 erit
2648 692 2829 746 omnia
2888 693 2939 746 in
2996 691 3288 757 omnibus,
3359 692 3516 748 etiam
3581 696 3668 751 ista
3712 712 3806 753 cum

2300 780 2409 835 sint
2459 796 2524 836 ex
2572 782 2859 848 omnibus,
2924 783 2999 839 sit
3054 792 3109 837 et
3157 782 3210 837 iu
3262 783 3379 840 istis
3422 784 3555 842 Deus
3600 788 3722 847 sicut
3766 792 3808 847 in

2299 872 2570 928 omnibus.
2590 890 2610 924 ›

2371 965 2432 1021 Il.
2473 962 2787 1035 Opportuna
2841 966 2939 1020 fuit
2995 966 3084 1021 illa
3114 966 3366 1039 Origenis
3417 971 3715 1029 adversariis
3759 976 3809 1030 ad

2301 1055 2473 1124 ipsum
2522 1056 2939 1110 insimulandnm
2987 1059 3225 1113 occasio.
3278 1057 3596 1129 Theophilus
3623 1065 3810 1121 Alexan-

2298 1148 2486 1203 drinus
2516 1148 2709 1203 Pasch.
2754 1150 2906 1219 epist.
2942 1150 2964 1205 l
3002 1162 3057 1206 et
3089 1151 3124 1204 2
3160 1152 3300 1206 inter
3329 1153 3577 1209 damnosa
3619 1156 3718 1226 ejus
3750 1159 3810 1214 el-

2299 1240 2404 1293 l'ata
2442 1241 2592 1308 ponit
2622 1240 2773 1295 illud.
2805 1240 2965 1296 Ponit
3002 1250 3058 1296 et
3090 1241 3451 1313 Hieronymus
3480 1243 3533 1299 in
3563 1247 3707 1317 epist.
3739 1248 3807 1314 59.

2296 1330 2363 1383 ad
2391 1328 2634 1395 Avitum,
2672 1346 2791 1401 cap.
2820 1332 2939 1398 1-5,
2969 1340 3024 1387 et
3057 1332 3108 1387 iu
3132 1332 3289 1403 epist.
3321 1333 3410 1398 61,
3436 1336 3501 1389 ad
3525 1334 3808 1406 Paulinam,

2296 1438 2416 1492 cap.
2443 1423 2508 1485 5,
2544 1433 2708 1493 atque
2757 1425 2807 1478 id
2848 1439 2970 1480 esse
3013 1426 3089 1479 ait
3126 1425 3322 1497 dogma
3353 1427 3656 1498 gentilium,
3693 1442 3738 1485 et
3760 1448 3809 1487 ex

2295 1524 2447 1582 parte
2470 1513 2830 1571 Platonicum.
2857 1516 3083 1572 Orosius
3108 1517 3159 1571 in
3175 1516 3578 1573 Commonitorio
3600 1521 3658 1574 ad
3671 1521 3810 1593 Augu-

2296 1610 2499 1662 stinum
2555 1609 2926 1679 opinationem
2983 1612 3123 1665 hanc
3166 1607 3494 1680 Origenistis
3541 1613 3809 1682 quibusdam

2294 1710 2403 1751 sua:
2433 1698 2612 1754 aetatis
2636 1699 2905 1766 ascribit;
2937 1714 3167 1769 eamque
3198 1700 3379 1756 valide
3412 1702 3651 1757 convellit
3672 1704 3809 1775 Augu-

614 1805 803 1860 Sixtus
841 1802 1101 1859 Senensis
1149 1802 1396 1855 Biblioth.
1433 1801 1526 1856 lib.
1563 1816 1616 1863 v,
1653 1802 1832 1855 aduot.
1881 1800 2007 1865 9.42,
2039 1810 2093 1854 ut
2124 1816 2175 1855 ex

2292 1790 2468 1844 stinus
2493 1789 2545 1843 in
2574 1790 2755 1845 libello
2782 1800 2969 1845 contra
2992 1790 3429 1846 Priscitlt'am'alaa
3450 1804 3496 1847 et
3515 1792 3808 1863 Ortgeut'stat,

611 1896 873 1950 doctrina:
905 1894 1071 1963 ipsius
1104 1893 1439 1948 cuunexione
1487 1890 1831 1948 manifestum
1865 1901 1967 1946 est.
2002 1889 2189 1947 Melius
2290 1894 2408 1949 cal)-
2434 1882 2589 1950 8-‘1.
2622 1881 2838 1952 duoque
2876 1882 3150 1953 dogmatis
3198 1883 3361 1952 hujus
3394 1883 3715 1941 fundamenta
3748 1886 3808 1941 la-

610 1987 829 2058 Origeni
862 1984 1133 2041 consuluit
1167 1984 1570 2051 Genebrardus,
1627 1984 1963 2053 respondens
2021 1984 2189 2038 fuisse
2289 1973 2545 2041 her-10ml.
2606 1991 2891 2046 PCI'VCI'SIIS
2938 1976 3193 2031 nimirum
3241 1977 3669 2047 interpolationes
3702 1977 3809 2033 Pau-

609 2080 726 2133 haec
754 2077 1075 2147 inquirendo
1114 2076 1509 2131 etdissereudo
1551 2076 1920 2144 pronuntiata.
1965 2074 2104 2142 Quin
2133 2084 2189 2130 et
2288 2065 2412 2122 Ιὶιιω
2465 2067 2626 2138 huius
2659 2070 3054 2124 sententiis”:
3097 2088 3117 2123 ι
3143 2069 3383 2126 Yanitati
3430 2072 3567 2125 enim
3608 2083 3809 2125 creatura

607 2184 706 2241 spa
753 2169 916 2224 futuri
960 2181 1105 2224 astra
1154 2168 1273 2223 duci
1316 2170 1513 2223 asserit
1551 2168 1647 2222 lib.
1693 2183 1767 2220 vn
1817 2181 1991 2224 contr.
2022 2169 2181 2234 Cels.,

607 2278 761 2317 num.
784 2261 889 2327 65;
947 2276 1072 2315 nam
1104 2271 1390 2331 postquam
1425 2261 1671 2315 eumdem
1711 2260 1862 2315 Pauli
1908 2259 2085 2316 locum
2119 2278 2184 2317 ex

606 2357 841 2427 Epistola
870 2359 934 2412 ad
958 2356 1115 2411 Rom.
1144 2360 1211 2411 ad
1241 2359 1417 2413 sidera
1445 2357 1651 2421 retulit,
1679 2356 1957 2428 sulijungit
1978 2357 2052 2430 μὴ
2074 2358 2184 2414 δεῖν

599 2447 670 2503 τὰ
695 2448 786 2501 ἐπὶ
813 2449 881 2520 τῇ
901 2446 1113 2517 δουλείᾳ
1137 2448 1237 2519 τῆς
1261 2448 1485 2521 φθορᾶς,
1519 2448 1612 2501 καὶ
1637 2449 1729 2502 ἐπὶ
1759 2452 1826 2521 τῇ
1863 2451 2183 2524 ματαιότητι

600 2539 1036 2611 ὑποτεταγμένα,
1067 2540 1163 2593 καὶ
1199 2541 1285 2594 ἐπ’
1309 2540 1482 2593 ἐλπίδι
1511 2540 1780 2612 κρείττονι
1805 2541 1978 2595 ταῦτα
2006 2544 2183 2614 πράτ-

600 2647 781 2696 τοντα,
814 2632 872 2685 ὲν
900 2629 1055 2703 χώρᾳ
1083 2632 1246 2703 τιμᾷν
1274 2630 1433 2685 Θεοῦ.
1473 2631 1608 2699 Spes
1645 2641 1824 2685 autem
1858 2633 1972 2687 haec
2003 2642 2090 2688 est
2118 2634 2183 2688 li-

601 2723 830 2779 bertatis
859 2722 1144 2777 et.futur:e
1177 2720 1532 2790 sejunctionis
1561 2737 1589 2775 a
1631 2721 1953 2790 corporibus
1984 2724 2181 2792 quibus

599 2815 884 2887 conjuncta
918 2823 1065 2879 sunt,
1101 2824 1156 2867 et
1200 2813 1410 2869 salutis.

668 2907 740 2960 At
760 2918 924 2960 omne
957 2905 1009 2959 id
1036 2916 1413 2972 argumentum
1443 2904 1694 2958 exhausit
1725 2903 1820 2959 lib.
1853 2920 1868 2959 ι
1901 2905 2040 2973 Περὶ
2075 2906 2179 2974 ἀρ-

599 2995 754 3066 χῶν,
791 3010 911 3064 cap.
940 2993 972 3046 7
994 3032 1009 3058 ,
1041 2993 1184 3048 unde
1218 2992 1334 3047 loca
1381 2993 1561 3062 aliqua
1606 2994 1793 3062 selegit
1815 2991 2176 3058 Justiniauus,

597 3098 652 3142 et
684 3086 805 3141 ﬁdei
832 3085 1211 3154 comparanda
1238 3086 1411 3154 gratia
1439 3085 1491 3139 in
1520 3087 1627 3139 ﬁne
1652 3087 1896 3155 epistola:
1921 3102 2031 3141 sua:
2054 3102 2174 3156 quae

594 3192 679 3234 est
704 3180 770 3233 ad
797 3178 1033 3244 Menam,
1057 3176 1259 3231 retulit.
1296 3177 1534 3231 Primum
1561 3178 1776 3247 quidem
1809 3194 1961 3233 num.
1987 3180 2024 3233 2
2049 3180 2175 3234 stel-

598 3276 679 3331 las
708 3291 737 3329 a
771 3273 980 3345 peccati
1029 3282 1258 3341 contage
1302 3273 1572 3326 immunes
1624 3286 1728 3326 non
1776 3285 1897 3326 esse
1938 3272 2175 3327 ostendit

595 3380 659 3421 ea
689 3364 809 3421 Jobi
841 3378 982 3429 xxv,
1020 3362 1088 3418 5:
1134 3380 1151 3414 ι
1193 3362 1375 3418 Stella;
1414 3378 1517 3417 non
1564 3371 1687 3417 sunt
1720 3365 1930 3419 mundae
1962 3364 2015 3417 in
2042 3380 2175 3419 eon-

595 3468 780 3527 specto
814 3456 952 3526 ejus.
981 3475 1001 3509 ι
1040 3455 1192 3523 Quod
1217 3464 1276 3509 ut
1307 3455 1499 3509 melius
1529 3463 1757 3519 astruat,
1786 3469 1878 3509 eas
1905 3470 2027 3511 esse
2056 3470 2175 3525 pro-

596 3551 690 3605 bat
717 3548 1006 3617 animalia;
1039 3550 1182 3619 quod
1233 3547 1482 3601 mandata
1533 3563 1563 3600 a
1610 3547 1720 3601 Deo
1750 3548 2000 3603 dicantur
2031 3547 2171 3602 acci-

596 3657 762 3713 pere;
811 3642 1068 3697 mandare
1108 3651 1288 3694 autem
1331 3639 1460 3709 ipsis
1487 3637 1675 3703 Deum,
1714 3649 1774 3693 ut
1802 3638 1959 3693 statis
1987 3652 2173 3692 move-

595 3744 759 3789 antur
786 3735 1158 3803 temporibus;
1217 3742 1394 3787 motus
1424 3746 1553 3786 vero
1588 3731 1710 3787 illos
1742 3744 1915 3800 nequc
1957 3729 2168 3785 absolvi

594 3838 752 3895 posse
779 3824 895 3879 sine
925 3827 1138 3888 anima;
1174 3839 1346 3895 neque
1371 3824 1487 3878 sine
1527 3833 1671 3877 motu
1713 3838 1834 3879 esse
1863 3837 2025 3894 posse
2048 3837 2171 3891 quae

595 3916 775 3971 anima
803 3915 1026 3984 praedita
1057 3918 1165 3970 sint
1192 3930 1208 3970 :
1244 3930 1342 3970 nec
1370 3915 1549 3969 anima
1579 3916 1755 3969 solum
1778 3954 1794 3980 ,
1832 3915 1929 3969 sed
1976 3922 2030 3967 et
2078 3928 2169 3967 ra-

596 4013 742 4067 tione
782 4011 1024 4082 pollere;
1072 4027 1135 4064 ac
1185 4011 1410 4079 proinde
1447 4011 1782 4065 incrementa
1824 4024 2018 4080 capere
2049 4010 2170 4064 sine

594 4104 756 4159 dubio
787 4104 1022 4165 virtutis,
1054 4103 1136 4156 vel
1167 4103 1515 4156 decrementa
1544 4119 1559 4155 :
1590 4103 1657 4154 ad
1691 4102 1804 4155 haec
1830 4102 2041 4154 animas
2068 4115 2169 4153 an-

594 4194 856 4264 tiquiores
903 4194 1298 4247 recentioribus
1332 4193 1571 4246 siderum
1607 4194 1930 4260 corporibus
1960 4197 2167 4246 extrin-

593 4300 753 4341 secus
783 4285 944 4339 inseri
986 4285 1179 4355 probat
1223 4284 1456 4354 primum
1490 4283 1702 4337 ratione
1730 4285 1850 4349 hac,
1878 4284 2018 4351 quod
2042 4300 2163 4337 cum

592 4379 843 4433 humanae
871 4378 1082 4441 animae,
1131 4391 1252 4447 quae
1296 4375 1424 4431 dum
1474 4375 1748 4430 hominum
1793 4376 1987 4430 anima:
2015 4386 2160 4441 sunt,

2285 2157 2527 2227 subjecta
2558 2171 2641 2215 est
2670 2176 2774 2215 non
2811 2162 3017 2225 volens,
3065 2163 3160 2218 sed
3203 2171 3429 2233 propter
3454 2176 3572 2217 enm
3600 2163 3679 2232 qui
3708 2164 3807 2218 sub-

2281 2248 2409 2319 jecit
2434 2266 2553 2305 eam
2583 2251 2632 2306 in
2663 2266 2789 2322 Spe;
2821 2272 2840 2305 ι
2876 2261 2930 2307 et
2962 2252 3118 2307 istius
3141 2267 3261 2322 qua:
3285 2261 3467 2308 exstat
3493 2250 3605 2306 Jobi
3628 2266 3714 2317 xv,
3740 2252 3804 2315 l5,

2289 2363 2307 2394 ε
2335 2342 2468 2399 Coeli
2497 2358 2600 2399 non
2632 2354 2759 2400 sunt
2785 2346 2969 2399 mundi
2996 2346 3049 2398 in
3084 2357 3382 2415 conspectu
3418 2344 3564 2414 ejus;
3585 2363 3603 2397 ›
3637 2345 3709 2399 cui
3735 2345 3806 2399 ad-

2281 2446 2440 2492 sonat
2465 2437 2551 2491 illa
2570 2452 2691 2508 cap.
2718 2453 2846 2504 xxv,
2863 2452 3001 2493 vers.
3019 2437 3073 2504 5,
3107 2455 3126 2488 ι
3154 2437 3342 2493 Stellae
3368 2451 3471 2490 non
3498 2445 3617 2491 sunt
3641 2436 3807 2489 mundae

2282 2529 2335 2583 in
2391 2539 2682 2599 conspectu
2738 2532 2878 2600 eius.
2908 2548 2927 2582 ι
2984 2529 3311 2599 Quanquam
3352 2529 3471 2585 sine
3518 2542 3685 2584 errore
3726 2528 3804 2583 dici

2282 2636 2443 2691 posse
2490 2623 2742 2677 concedit
2782 2638 2848 2675 ne
2890 2620 3115 2692 angelos
3146 2621 3372 2691 quidem
3414 2621 3611 2675 ratione
3650 2620 3805 2676 divina

2276 2716 2501 2788 justitia:
2554 2715 2733 2787 justos
2779 2730 2934 2780 esse;
2974 2732 3037 2772 ac
3072 2716 3298 2787 proinde
3334 2715 3380 2771 si
3416 2716 3568 2771 detur
3590 2714 3804 2770 sideribus

2282 2812 2464 2866 inesse
2512 2809 2775 2880 angelos;
2825 2810 3168 2879 perspicuum
3215 2808 3341 2864 fore
3387 2810 3465 2863 ait
3513 2823 3605 2863 cur
3648 2805 3804 2860 dixerit

2277 2904 2446 2961 Jobus
2475 2903 2662 2958 stellas
2687 2918 2792 2957 non
2820 2916 2943 2957 esse
2983 2902 3215 2956 mundas
3241 2902 3294 2955 in
3332 2910 3612 2972 conspectu
3634 2899 3726 2954 Dei.
3754 2898 3805 2950 At

2280 3009 2459 3054 utrum
2495 2997 2721 3052 rationis
2752 3003 3033 3064 compotes
3065 2994 3291 3064 spiritus
3344 2995 3429 3049 his
3476 2992 3634 3048 insint
3653 2989 3805 3045 lucidis

2278 3093 2599 3163 corporibus
2633 3089 2843 3143 nescire
2877 3103 2937 3142 se
2966 3087 3183 3150 fatetur,
3212 3095 3266 3141 et
3297 3097 3463 3142 caute
3494 3082 3800 3153 indagandum

2278 3194 2485 3239 monet.
2536 3182 2664 3239 Utut
2697 3189 2780 3236 est
2806 3221 2821 3244 ,
2864 3194 2931 3235 ex
2966 3179 3250 3249 Augustini
3298 3180 3621 3234 auctoritate
3656 3176 3802 3232 multis

2274 3278 2582 3349 opinionem
2624 3276 2782 3330 istam
2822 3272 3077 3343 Origenis
3125 3274 3411 3343 impugnat
3446 3273 3700 3344 Remigius
3726 3272 3801 3325 lle-

2274 3369 2478 3425 mensis
2503 3370 2558 3423 in
2587 3366 2739 3422 (lout.
2768 3382 2884 3427 VIII,
2911 3365 3002 3421 20.
3028 3365 3331 3435 Consurgit
3354 3376 3408 3422 et
3425 3367 3666 3421 adversus
3688 3363 3799 3416 illam

2271 3463 2611 3519 Justinianus
2646 3462 2698 3516 in
2736 3460 2968 3531 epistola
3005 3461 3073 3515 ad
3103 3458 3343 3525 Menam,
3374 3470 3428 3515 et
3458 3458 3627 3515 Basilii
3658 3464 3799 3511 auctu-

2274 3557 2491 3612 ritatem
2524 3554 2799 3618 adsciscit,
2848 3553 2936 3623 qui
2986 3552 3172 3607 homil.
3201 3553 3237 3607 3
3280 3552 3339 3606 in
3371 3553 3616 3608 Hexaem.
3641 3550 3796 3619 Orige-

2272 3663 2392 3702 nem
2422 3646 2618 3716 carpit,
2642 3645 2784 3716 quod
2831 3660 3001 3715 aquas
3031 3661 3150 3714 quae
3185 3660 3352 3715 supra
3388 3655 3443 3700 et
3489 3645 3619 3700 infra
3651 3644 3791 3696 ﬁrma-

2271 3747 2511 3793 mentum
2543 3746 2706 3801 sunt,
2740 3738 2964 3803 angelos
2994 3739 3200 3809 tropice
3229 3740 3542 3811 signilicare
3567 3736 3793 3798 docuerit;

2271 3846 2371 3887 nec
2425 3830 2626 3886 idcirco
2672 3845 2833 3886 sensu
2886 3833 3168 3901 praeditum
3207 3834 3416 3888 animal
3451 3834 3796 3888 ﬁrmamentum

2267 3939 2388 3981 esse
2421 3926 2611 3992 tradit,
2641 3927 2785 3997 quod
2818 3926 3043 3998 gloriam
3079 3927 3169 3981 Dei
3201 3938 3444 3996 enarret,
3470 3928 3685 3999 alioquin
3707 3925 3797 3978 ani-

2269 4018 2428 4073 malia
2465 4018 2647 4074 futura
2683 4034 2884 4084 rorem,
2923 4029 2978 4075 et
3002 4021 3276 4089 pruinam,
3311 4030 3368 4077 et
3397 4022 3658 4093 abyssum,
3686 4015 3797 4087 quod

2267 4110 2333 4164 iis
2375 4110 2589 4166 laudem
2617 4111 2709 4166 Dei
2743 4111 3003 4181 propheta
3038 4114 3404 4168 commendet.
3440 4113 3598 4169 Sexto
3621 4112 3795 4166 demum

2266 4216 2330 4256 ex
2365 4204 2839 4259 anathematismis
2872 4205 2997 4259 huic
3027 4203 3325 4260 Justiniani
3356 4206 3594 4275 epistolae
3633 4203 3797 4258 subue-

2263 4295 2347 4350 xis
2375 4296 2563 4351 eadem
2592 4296 2705 4350 haec
2728 4295 2982 4365 Origenis
3015 4298 3286 4352 sententia
3313 4298 3382 4353 de
3418 4298 3675 4354 sideribus
3700 4293 3795 4348 ani-

2266 4388 2426 4442 matis
2452 4386 2786 4442 confoditur.
2825 4387 3025 4459 ln_qno
3068 4402 3201 4442 sane
3243 4389 3418 4444 miror
3446 4391 3629 4457 ecquid
3659 4388 3716 4442 de
3742 4386 3795 4439 si-

594 4468 879 4525 inferiores
917 4477 1042 4522 Sunt
1073 4469 1307 4522 siderum
1359 4468 1584 4533 animis,
1635 4468 1952 4538 corporibus
1992 4468 2165 4523 homi-
2198 4479 2241 4534 ι)
2267 4478 2489 4534 dei-ibus
2512 4491 2735 4549 peccaro
2757 4480 3032 4543 obnoxiis,
3059 4481 3127 4535 de
3146 4495 3337 4535 eorum
3367 4497 3461 4551 spe
3485 4492 3535 4536 ει
3559 4481 3715 4534 futura
3734 4492 3793 4529 sa.

594 4578 721 4616 num
767 4562 875 4616 sint
927 4563 1297 4632 antiquiores,
1350 4560 1644 4616 verisimile
1695 4561 1765 4615 sit
1824 4559 2171 4629 antiquiores

592 4667 713 4707 esse
743 4667 955 4720 quoque
982 4655 1216 4708 siderum
1258 4653 1464 4708 animas
1507 4653 1745 4707 siderum
1790 4653 2111 4721 corporibus
2145 4671 2158 4707 :

2263 4569 2378 4626 lute
2401 4586 2468 4625 ne
2493 4571 2713 4625 verbum
2738 4572 2954 4640 quidem
2979 4572 3029 4625 in
3053 4572 3526 4629 anathematismis
3551 4573 3793 4640 imperator

2264 4664 2354 4717 ille
2384 4662 2600 4741 fecerit,
2630 4658 2753 4716 eum
2785 4662 2903 4731 ejus
2933 4672 3110 4718 tamen
3138 4664 3301 4719 verba
3333 4666 3448 4735 ipsa
3475 4682 3505 4720 e
3534 4665 3620 4719 lib.
3642 4679 3658 4717 1
3684 4657 3791 4728 Περὶ

593 4743 786 4813 probat
834 4744 1062 4813 idipsum
1110 4745 1306 4801 deinde
1333 4760 1491 4815 supra
1525 4746 1758 4800 adducto
1797 4745 1940 4800 Pauli
1979 4746 2099 4801 loco
2131 4761 2161 4800 e
2260 4751 2496 4823 ἀρχῶν,
2525 4768 2648 4824 cap.
2671 4754 2703 4807 7
2726 4795 2741 4819 ,
2791 4756 2952 4825 petita
2993 4765 3379 4824 repraesentet,
3428 4756 3621 4826 quibus
3646 4753 3790 4808 verbis

592 4834 821 4891 Roman.
877 4851 994 4897 vut,
1048 4837 1247 4900 19-22;
1305 4839 1595 4893 vanitatem
1651 4840 1849 4908 quippe
1901 4838 2158 4908 appellari

591 4948 786 5003 corpus
816 4932 942 4986 illud
972 4933 1289 4998 tethereum,
1330 4935 1470 5002 quod
1510 4933 1673 4988 invita
1697 4935 1842 4989 subit
1876 4935 2056 4988 anima
2085 4937 2160 4988 si-

592 5024 755 5088 deris,
785 5040 1009 5095 sperans
1042 5025 1280 5079 futurum
1310 5034 1367 5079 ut
1397 5026 1609 5095 expleto
1635 5027 1737 5081 hoc
1766 5026 2065 5080 ministerio
2094 5028 2158 5080 li-

590 5113 812 5169 beretur
842 5135 860 5167 ‹
881 5133 909 5169 a
951 5118 1209 5171 servitute
1246 5118 1608 5187 corruptionis
1636 5128 1691 5173 et
1716 5118 1988 5180 vanitatis,
2033 5134 2153 5173 cntn

592 5204 974 5273 redemptionis
1022 5209 1205 5277 gloriae
1241 5208 1474 5263 ﬁliorum
1513 5209 1603 5263 Del
1656 5219 1868 5281 tempus
1921 5212 2155 5267 advene-

592 5295 701 5360 rit;
734 5314 755 5348 ι
793 5299 945 5367 cujus
985 5301 1090 5353 voti
1127 5302 1467 5369 adeptionem
1515 5302 1641 5354 dum
1692 5311 2011 5372 exspectat,
2069 5317 2163 5371 ge-

591 5406 756 5454 rnere,
776 5402 829 5448 et
855 5411 874 5445 t
913 5403 1098 5463 utpote
1120 5394 1367 5450 affectum
1393 5394 1676 5450 habentem
1700 5412 1825 5468 erga
1851 5412 1944 5452 eos
1967 5398 2163 5465 quibus

590 5487 882 5552 ministrat,
911 5490 1194 5545 condolere
1224 5509 1238 5545 :
1272 5510 1290 5543 ι
1334 5490 1546 5545 demum
1585 5500 1761 5546 autem
1794 5494 2053 5547 servitute
2087 5491 2160 5545 li-

592 5576 833 5633 beratum
870 5580 959 5645 iri,
1005 5600 1023 5633 t
1053 5591 1106 5636 et
1143 5596 1264 5636 cum
1315 5583 1594 5637 tradiderit
1629 5581 1882 5638 Christus
1906 5596 2141 5640 'retznum

661 5752 682 5781 ⁸
719 5754 869 5806 Deut.
898 5769 1065 5816 χχιιι,
1096 5754 1148 5807 1.
1224 5756 1244 5786 θ
1267 5755 1384 5809 lsai.
1417 5772 1453 5825 ι,
1481 5757 1536 5811 2.

2261 4853 2317 4899 et
2343 4843 2523 4899 anima
2548 4844 2819 4900 sideribus
2851 4843 3128 4910 tribuitur,
3154 4855 3210 4900 et
3237 4845 3319 4901 sol
3349 4846 3617 4900 inducitur
3643 4843 3788 4897 dicens

2266 4944 2525 5003 praestare
2572 4936 2792 4990 dissolvi
2837 4944 2894 4990 et
2934 4949 3055 4989 esse
3096 4950 3219 4990 cum
3248 4934 3471 4990 Christo
3500 4936 3565 5002 “,
3609 4934 3689 4988 sed
3717 4944 3785 4984 ue-

2265 5028 2560 5082 cessarium
2595 5029 2771 5098 magis
2815 5043 2935 5083 esse
2971 5042 3190 5082 manere
3238 5028 3291 5081 in
3330 5042 3578 5097 corpore,
3609 5033 3787 5095 propter

2264 5119 2652 5175 revelationem
2716 5120 2948 5175 ﬁliorum
2985 5120 3101 5186 Dei,
3133 5129 3188 5174 et
3212 5124 3401 5175 eadem
3429 5122 3619 5175 acriter
3642 5128 3786 5185 repre-

2264 5210 2464 5265 hendat
2489 5212 2544 5266 in
2578 5212 2804 5281 epistola
2839 5211 2907 5266 ad
2942 5212 3192 5282 quintum
3214 5212 3523 5275 concilium,
3548 5225 3692 5281 quem
3720 5219 3786 5259 re-

2264 5299 2370 5355 fert
2390 5302 2700 5366 Cedrenus;
2738 5319 2902 5356 unum
2932 5304 2982 5358 id
3012 5303 3335 5373 culpandum
3371 5318 3437 5357 ac
3465 5300 3781 5356 damnandum

2262 5394 2587 5460 susceperit,
2617 5393 2762 5461 quod
2798 5392 2914 5448 suis
2953 5405 3133 5449 tamen
3164 5409 3269 5449 non
3311 5403 3463 5447 caret
3493 5389 3707 5462 patronis
3731 5396 3782 5437 ac

2260 5484 2656 5540 defensoribus.
2702 5484 2932 5541 Ruﬁnus
2964 5501 3180 5557 quoque
3209 5486 3526 5542 Palaestinas
3557 5484 3606 5539 in
3635 5478 3783 5536 libello

2262 5575 2337 5629 De
2363 5576 2485 5641 ﬁde,
2520 5576 2824 5632 doctrinam
2866 5580 3005 5635 hanc
3039 5580 3340 5635 Adamantii
3374 5576 3622 5649 gravibus
3655 5584 3780 5643 arg'i'

1615 5759 1657 5791 ¹⁰
1688 5758 1847 5816 Rom.
1881 5774 1993 5824 vm,
2027 5758 2115 5815 ‘20.
2196 5761 2235 5792 “
2273 5756 2467 5826 Philip.
2503 5769 2544 5821 ι,
2575 5754 2665 5811 23.
