4068 6308
259 456 325 513 9'1
333 455 364 509 7

1072 451 1646 511 OBIGENIANORUM
1683 453 1813 509 LIB.
1858 454 1924 520 ιι,
1965 453 2116 511 CAP.
2161 453 2226 521 ιι,
2266 449 2544 529 suam.
2590 448 2720 506 Vlll.

3398 457 3522 512 978‘

259 577 455 630 mentis
481 575 651 641 Elidit,
679 577 1193 644 fundam‘entumque
1228 575 1441 631 subruit
1475 576 1527 629 in
1555 576 1656 630 hoc
1681 575 1828 631 Scri-
1855 582 1902 635 Α
1928 576 1983 630 in
2031 590 2126 647 spe
2153 594 2167 643 ;
2214 576 2340 641 quia
2400 583 2621 646 sperant
2662 572 2821 628 etiam
2854 571 3013 640 hujus
3044 573 3240 629 laboris
3271 584 3500 644 gratiam

255 678 430 736 ptum
462 667 580 724 loco
607 669 976 736 constitutum,
1005 666 1106 723 Joh
1147 682 1275 735 xxv,
1310 667 1379 722 5:
1417 687 1435 719 ι
1463 667 1621 728 Astra
1649 678 1825 721 autem

256 775 366 813 non
415 771 543 815 sunt
596 762 794 816 munda
843 762 896 816 in
931 769 1225 830 conspectu
1262 759 1400 827 ejus.
1442 758 1627 829 Neque
1658 760 1824 826 enim,

256 853 465 920 inquit.
502 868 568 908 ex
608 870 673 910 eo
702 854 844 925 quod
893 870 998 910 non
1036 864 1163 909 sunt
1195 853 1390 907 munda
1440 853 1495 908 in
1535 863 1824 923 conspectu

255 944 381 1007 Dei,
431 944 552 1000 ideo
585 946 835 1000 dicuntur
871 945 1123 1000 animalia
1146 984 1163 1009 ,
1198 944 1434 1012 alioquin
1477 945 1637 998 etiam
1678 959 1825 999 men-

251 1045 403 1093 strua
454 1036 739 1093 mulierum
803 1039 871 1092 ab
918 1038 1051 1109 ipsis
1098 1036 1353 1092 animalia
1405 1046 1822 1107 nuncupentur;

250 1139 309 1187 et
341 1132 549 1200 leprosa
586 1131 804 1196 domus,
845 1131 1102 1201 quoniam
1134 1143 1201 1186 ne
1240 1129 1342 1183 ista
1370 1128 1586 1199 quidem
1625 1129 1826 1184 munda

250 1230 379 1278 sunt
423 1224 561 1293 apud
596 1223 786 1289 Deum,
853 1219 1149 1277 secundum
1211 1220 1382 1292 legem
1413 1219 1604 1291 Moysi.
1659 1218 1823 1273 Multa

247 1315 392 1370 enim
417 1330 602 1371 eorum
633 1331 755 1387 quae
791 1316 908 1371 sine
938 1316 1120 1369 anima
1150 1322 1299 1380 sunt,
1334 1313 1550 1367 ratione
1587 1313 1821 1382 quadam

250 1424 391 1479 stepe
433 1408 658 1479 legimus
696 1408 995 1463 immunda.
1046 1426 1065 1458 ι
1094 1407 1184 1460 Ait
1225 1406 1387 1461 etiam
1432 1403 1661 1458 Rufinus
1710 1405 1824 1460 haec

252 1500 548 1569 Scriptura:
589 1500 706 1555 loca
746 1499 801 1554 in
830 1498 1113 1554 sententia:
1140 1514 1252 1555 sua:
1288 1496 1509 1552 tutelam
1535 1494 1822 1565 Origenem

248 1602 566 1646 convertere
597 1608 611 1647 :
645 1609 662 1643 ι
687 1590 780 1646 Sol
815 1589 1065 1661 cognovit
1108 1604 1357 1645 occasum
1389 1602 1570 1651 suum,
1618 1605 1637 1639 ι
1677 1586 1819 1644 Psal.

246 1696 362 1747 cui,
392 1681 504 1750 i9;
567 1691 622 1738 et
681 1682 876 1736 illum:
922 1699 941 1732 ς
976 1682 1089 1753 Ego
1144 1680 1398 1735 omnibus
1453 1678 1623 1734 stellis
1674 1694 1823 1731 inan-

247 1773 393 1837 dari,
433 1791 452 1825 ι
492 1772 640 1827 Isaia:
664 1770 896 1834 “v.12.
942 1772 1179 1840 Denique
1207 1769 1543 1840 Nicephorus
1574 1767 1665 1822 lib.
1694 1783 1821 1832 xvu,

247 1879 369 1935 cap.
412 1864 506 1932 28,
554 1879 794 1919 errorem
854 1863 999 1917 hunc
1052 1865 1117 1917 de
1158 1864 1411 1918 animatis
1458 1861 1724 1917 sideribus
1769 1863 1821 1915 in

244 1959 434 2028 quinta
462 1958 668 2029 synodo
696 1956 1012 2012 damnatum
1048 1954 1215 2010 fuisse
1249 1964 1458 2010 narrat.

315 2048 403 2105 Ill.
445 2049 513 2102 At
550 2061 672 2101 eum
717 2048 965 2117 quamvis
1010 2046 1155 2099 omni
1201 2044 1559 2100 affirmatione
1605 2055 1824 2097 asseve-

245 2152 400 2193 rasse
444 2138 594 2193 visus
646 2136 717 2193 sit
763 2136 1040 2208 Origenes,
1091 2137 1193 2191 hoc
1250 2146 1429 2191 tamen
1478 2133 1823 2205 pronuntiato

245 2229 470 2285 lectoris
498 2230 735 2283 animum
771 2229 1057 2299 occupavit
1086 2228 1136 2283 in
1169 2226 1430 2297 prooemio
1471 2225 1595 2281 libri
1624 2223 1823 2293 prioris

247 2320 487 2389 ejusdem
522 2320 663 2390 Περὶ
707 2320 944 2391 ἀρχῶν,
978 2336 1124 2374 num.
1162 2318 1229 2374 l0
1259 2319 1412 2373 :cDe
1456 2316 1569 2372 sole
1617 2327 1819 2382 autem,

245 2424 301 2467 et
339 2414 490 2478 luna,
527 2428 582 2469 et
616 2414 803 2477 stellis,
846 2424 1026 2469 utrum
1069 2411 1367 2466 animantia
1403 2410 1533 2473 sint,
1582 2424 1650 2462 an
1694 2423 1823 2461 exa—

247 2502 414 2568 nima,
445 2502 736 2558 manifeste
761 2516 867 2557 non
905 2501 1170 2566 traditur;
1207 2521 1227 2554 ι
1282 2515 1401 2568 quae
1431 2499 1595 2554 verba
1627 2498 1822 2567 repetit

242 2592 561 2663 Pamphilus
596 2593 648 2647 in
680 2593 956 2664 Apologia.
998 2590 1189 2662 Capite
1237 2602 1451 2660 quoque
1480 2589 1539 2644 11
1577 2588 1698 2644 libri
1732 2602 1819 2643 se-

242 2683 485 2753 quentis,
541 2699 691 2739 num.
721 2683 790 2749 '1,
840 2683 988 2738 velut
1040 2683 1279 2738 incertus
1317 2692 1372 2735 et
1412 2679 1652 2735 titubans
1698 2679 1814 2732 ait:

248 2791 267 2822 ι
292 2770 424 2826 Cum
454 2786 617 2842 ergo,
651 2773 800 2827 verbi
835 2773 1005 2840 gratia
1026 2813 1042 2839 ,
1095 2773 1162 2826 ad
1198 2771 1443 2827 cmlestia
1475 2770 1591 2826 loca
1629 2784 1816 2839 perve-

243 2864 419 2919 nerint
447 2864 645 2930 sancti,
676 2875 802 2922 tunc
833 2864 945 2936 jam
983 2866 1246 2921 rationem
1277 2875 1546 2919 astrorum
1575 2877 1673 2934 per
1708 2863 1819 2918 sin-

241 2954 364 3024 gula
415 2956 813 3024 pervidebunt,
866 2967 923 3012 et
969 2957 1084 3013 sive
1136 2955 1434 3011 animantia
1477 2965 1651 3020 sunt,
1707 2955 1820 3010 sive

242 3046 500 3117 quidquid
526 3048 653 3102 illud
680 3057 782 3114 est,
813 3050 1296 3118 comprehendent.
1330 3069 1347 3100 ι
1378 3047 1443 3102 Ει
1475 3057 1621 3103 tomo
1645 3048 1821 3116 prium

240 3141 297 3194 in
324 3137 619 3206 Joannem,
654 3157 802 3199 num.
824 3140 920 3205 40,
953 3156 1074 3210 pag.
1103 3139 1201 3206 ἀεὶ,
1237 3139 1581 3210 hyperbolice
1616 3140 1817 3194 dictum

240 3232 551 3300 suspicatur
574 3247 602 3284 a
623 3229 799 3297 Jobo,
828 3242 973 3287 astra
1011 3247 1144 3301 pura
1179 3249 1283 3285 non
1318 3246 1440 3286 esse
1464 3246 1643 3286 coram
1673 3230 1781 3284 Deo

241 3323 352 3381 Καὶ
391 3321 499 3394 γὰρ
537 3321 737 3377 ἄτοπον
778 3323 919 3395 ὑπὲρ
957 3322 1315 3394 ἀνθρωπίνων
1369 3321 1466 3393 μὲν
1508 3321 1670 3374 αὐτὸν
1719 3321 1821 3389 φά-

242 3432 395 3470 σκειν
433 3415 846 3489 ἁμαρτημάτων
898 3414 1189 3485 γεγεῦσθαι
1222 3413 1472 3479 θανάτου,
1504 3415 1604 3467 οὐκ
1640 3413 1720 3467 ἔτι
1764 3413 1821 3467 δὲ

241 3509 337 3562 καὶ
366 3509 506 3581 ὑπὲρ
530 3509 692 3565 ἄλλου
732 3509 873 3574 τινὸς
905 3507 1054 3580 παρὰ
1085 3508 1192 3561 τῶν
1219 3505 1517 3583 ἀνθρώπων
1555 3508 1612 3559 ὲν
1643 3506 1821 3577 ἁμαρ-

237 3603 447 3671 τήμασι
494 3601 889 3672 γεγενημένου,
931 3593 1041 3653 οἷον
1075 3599 1216 3670 ὑπὲρ
1258 3597 1503 3669 ἄστρωνσ
1553 3597 1674 3651 οὐδὲ
1712 3596 1821 3650 τῶν

238 3694 457 3765 ἄστρων
507 3694 724 3760 πάντως
758 3692 1013 3767 καθαρῶν
1056 3692 1224 3752 ὄντων
1266 3690 1493 3747 ἐνώπιον
1531 3690 1625 3746 τοῦ
1660 3689 1818 3754 Θεοῦ,

238 3784 316 3848 ὡς
362 3787 420 3838 ὲν
460 3785 538 3857 τῷ
581 3783 700 3838 Ἰὼϐ
750 3784 1084 3855 ἀνέγνωμεν.
1135 3782 1344 3853 ’Ἄστρα
1392 3782 1449 3836 δὲ
1492 3781 1552 3834 οὒ
1603 3779 1821 3852 καθαρὰ

241 3875 473 3931 ἐνώπιον
513 3876 705 3931 αὐτοῦ·
745 3879 794 3931 εἰ
827 3876 901 3948 μὴ
933 3875 1042 3948 ἄρα
1073 3874 1443 3946 ὑπερϐολικῶς
1481 3874 1637 3928 τοῦτο
1665 3873 1817 3945 εἴρη-

239 3984 353 4026 ται.
400 3969 630 4024 llomilia
659 3969 877 4023 demum
911 3971 964 4023 in
986 3969 1274 4025 Jeremiam
1306 3968 1514 4023 deein'ia
1535 4008 1549 4031 ,
1587 3984 1735 4022 num.
1761 3968 1815 4032 6,

240 4063 545 4134 explanans
587 4064 719 4119 illud
750 4064 952 4121 Jerem.
984 4080 1052 4118 xu
1073 4105 1087 4128 ,
1120 4064 1155 4119 4
1176 4105 1190 4125 .
1232 4082 1250 4115 ι
1280 4062 1574 4130 Quousque
1617 4061 1819 4130 lugebit

242 4165 411 4217 terra,
436 4174 455 4207 ι
499 4166 698 4210 terram
742 4169 939 4224 corpus
981 4169 1102 4209 esse
1133 4154 1210 4208 ait
1244 4154 1423 4207 anima
1455 4161 1510 4207 et
1533 4167 1694 4208 sensu
1722 4166 1817 4207 ea-

240 4266 391 4315 rens,
417 4248 513 4306 sed
546 4258 708 4305 terrae
734 4249 957 4305 nomine
982 4248 1188 4319 appella
1200 4248 1241 4302 ri
1273 4247 1525 4318 angelum
1553 4254 1712 4301 terra;
1738 4261 1819 4302 as-

239 4344 564 4409 sistentem,
621 4357 684 4396 ac
751 4341 934 4395 itidem
995 4355 1187 4410 aquae,
1238 4338 1566 4404 elementis,
1620 4348 1678 4393 et
1731 4353 1820 4392 re-

238 4436 343 4491 bus
400 4434 651 4504 singulis.
717 4433 849 4499 Quae
908 4432 1051 4487 inter
1100 4430 1502 4487 ecclesiasticos
1567 4431 1819 4485 doctores

239 4526 527 4582 tritissima
561 4535 644 4580 est
676 4525 886 4595 Opinio,
929 4524 1168 4578 animata
1201 4536 1323 4577 esse
1355 4521 1532 4577 sidera
1575 4536 1671 4591 per
1709 4519 1820 4575 for-

1932 667 1999 723 ab
2028 682 2095 723 eo
2138 667 2231 738 qui
2272 668 2504 738 subjecit
2545 684 2659 724 eas.
2710 664 2945 738 [deoque
2993 677 3209 735 propter
3243 682 3367 722 eum
3410 684 3499 723 su-

1932 757 2156 823 Stinent,
2182 757 2233 811 id
2254 768 2339 812 est
2382 769 2603 829 propter
2630 758 2748 828 ejus
2775 759 3129 815 voluntatem.
3164 756 3272 813 Nec
3306 758 3500 815 mirum

1930 851 1975 908 si
2011 853 2281 921 patienter
2314 853 2617 918 sustinent,
2650 868 2773 907 cum
2818 853 2995 907 sciant
3037 852 3498 911 Dominumsmtm

1929 954 1986 1000 et
2017 944 2331 1000 Creatorem
2361 945 2625 1008 omnium,
2654 945 2768 1000 sive
2797 960 2922 1015 quae
2963 946 3016 1000 in
3052 947 3210 1013 ctelo,
3239 948 3350 1002 sive
3379 964 3500 1017 quae

1931 1039 1984 1091 in
2018 1044 2164 1093 terra
2212 1046 2371 1104 sunt,
2411 1038 2714 1108 suscepisse
2747 1037 2917 1093 nostri
2951 1039 3194 1108 corporis
3233 1038 3499 1107 fragilita-

1932 1139 2058 1186 tem.
2091 1147 2111 1181 ι
2156 1129 2361 1185 Deinde
2397 1147 2411 1184 :
2457 1147 2475 1182 ι
2508 1130 2651 1185 Illius
2702 1145 2833 1200 ergo
2884 1129 3157 1186 imitantes
3201 1131 3496 1187 bonitatem

1929 1222 2177 1279 caelestes
2209 1231 2478 1278 creatura:
2499 1262 2515 1288 ,
2559 1222 2683 1277 licet
2712 1222 3068 1294 ingemiscant
3088 1262 3103 1288 ,
3137 1224 3281 1293 quod
3311 1223 3499 1281 mundi

1931 1315 2090 1384 hujus
2120 1314 2345 1369 vanitati
2377 1313 2629 1381 subjecta:
2658 1315 2766 1369 sint
2788 1355 2804 1379 ,
2833 1315 3188 1370 consolantur
3229 1332 3289 1372 se
3321 1327 3497 1373 tamen

1930 1407 2071 1477 quod
2118 1407 2496 1461 liberabuntur
2535 1422 2566 1467 a
2607 1408 2869 1463 servitute
2921 1408 3281 1477 corruptionis
3326 1410 3380 1464 in
3435 1411 3501 1466 li-

1930 1496 2197 1551 bertatem
2255 1497 2459 1567 gloriae.
2487 1516 2507 1551 ι
2550 1496 2881 1567 Augustinus
2924 1512 3137 1568 quoque
3192 1498 3287 1554 lib.
3332 1516 3369 1556 Il
3423 1499 3500 1555 De

1931 1585 2114 1643 Cenes.
2148 1590 2218 1642 ad
2253 1590 2406 1643 litter.
2433 1629 2450 1654 ,
2486 1597 2541 1642 et
2572 1588 2624 1643 in
2657 1587 2927 1643 Enchirid.
2958 1591 3027 1643 ad
3050 1590 3300 1647 Laurent.
3323 1633 3338 1657 ,
3374 1608 3496 1662 cap.

1929 1680 2021 1747 58,
2056 1680 2123 1736 de
2149 1694 2235 1746 eo,
2275 1686 2459 1749 utpote
2496 1695 2554 1735 re
2598 1681 2825 1735 obscura
2852 1688 2906 1735 et
2929 1681 3155 1746 incerta,
3184 1677 3410 1741 definire
3439 1701 3498 1740 se

1929 1771 2075 1827 nolle
2101 1773 2396 1842 quidquam
2424 1771 2680 1826 declarat.
2719 1770 2856 1827 Hinc
2888 1774 3005 1842 ipse
3036 1771 3285 1844 Origenis
3315 1791 3499 1847 repre—

1932 1865 2135 1920 hensor
2185 1863 2547 1934 Hieronymus
2572 1865 2640 1916 ~in
2677 1862 2875 1917 Ercles.
2906 1880 2946 1929 ι,
2979 1864 3033 1929 6,
3075 1864 3288 1921 dubitat
3319 1882 3495 1923 annon

1856 1943 1897 1999 Β
1927 1954 2199 2012 sideribus
2230 1956 2463 2019 animam
2488 1954 2749 2009 Salomon
2780 1955 2972 2010 adesse
3007 1959 3279 2025 putaverit
3308 1973 3325 2024 ;
3356 1967 3408 2013 et
3440 1961 3496 2014 in

1925 2044 2119 2115 Ephes.
2154 2060 2209 2112 ι,
2244 2045 2315 2099 22
2337 2086 2352 2110 ,
2399 2059 2467 2099 ne
2499 2046 2675 2100 sidera
2707 2044 2924 2114 quidem
2975 2046 3090 2115 ipsa
3130 2050 3327 2104 munda
3374 2066 3497 2107 esse

1922 2154 2106 2194 coram
2149 2138 2282 2204 Deo,
2310 2152 2484 2206 eaque
2512 2136 2820 2192 Servatoris
2862 2139 3153 2193 adventum
3201 2140 3499 2200 formidare

1922 2230 2134 2286 scribit.
2165 2228 2320 2287 Unde
2344 2229 2398 2282 in
2421 2227 2648 2297 epistola
2673 2227 2762 2295 6|,
2807 2230 2873 2282 ad
2922 2227 3232 2285 Pammach.
3253 2270 3269 2296 ,
3293 2247 3413 2302 cap.
3439 2232 3498 2302 5,

1923 2323 1991 2378 de
2042 2321 2151 2375 hoc
2198 2335 2364 2390 agens
2418 2323 2710 2390 dogmate:
2744 2339 2763 2371 ι
2794 2320 2911 2375 Non
2958 2331 3061 2388 est,
3106 2323 3305 2393 inquit,
3336 2324 3497 2382 istius

1924 2411 2185 2481 temporis
2211 2422 2401 2466 contra
2434 2413 2630 2481 dogma
2663 2412 2976 2481 gentilium,
3018 2423 3073 2468 et
3097 2429 3164 2469 ex
3191 2426 3346 2486 parte
3374 2414 3497 2471 Pla-

1924 2504 2160 2559 tonicum
2190 2503 2449 2565 scribere,
2477 2513 2605 2561 ante
2639 2518 2810 2559 annos
2838 2504 3009 2561 ferme
3038 2506 3225 2561 decem
3268 2508 3321 2562 in
3348 2524 3497 2564 eom-

1923 2593 2201 2650 mentariis
2231 2593 2599 2661 Eeclesiastis,
2637 2604 2691 2649 et
2728 2596 3107 2664 explanatione
3139 2594 3394 2664 Epistulae
3427 2597 3497 2652 ad

1922 2688 2182 2759 Ephesios
2234 2688 2471 2742 arbitror
2512 2702 2731 2743 sensum
2780 2688 2945 2741 animi
2991 2688 3095 2742 mei
3142 2690 3497 2757 prudentibus

1921 2781 2270 2851 explicatum.
2302 2800 2320 2834 ι
2358 2780 2487 2848 Quae
2530 2795 2653 2834 cum
2702 2781 2800 2848 ipsi
2835 2779 3062 2835 fuissent
3106 2798 3134 2834 a
3174 2781 3366 2839 Rufino
3395 2784 3497 2838 ob-

1918 2873 2058 2942 jecta
2094 2871 2348 2926 lnvectiv.
2376 2886 2393 2925 ι
2424 2872 2628 2927 crimen
2660 2871 2817 2926 diluit
2838 2872 3058 2941 Apolog.
3100 2873 3192 2928 lib.
3226 2891 3265 2941 ι,
3300 2891 3420 2945 cap.
3440 2876 3492 2933 4.

1923 2961 2062 3029 Quin
2120 2961 2284 3017 etiam
2343 2959 2841 3017 Pseudo-Clemens
2897 2962 2950 3017 in
3010 2962 3494 3034 Recognitionibus,

1922 3054 2014 3109 lib.
2056 3069 2111 3119 ν,
2171 3062 2226 3110 et
2277 3054 2344 3106 ιι.
2378 3051 2554 3110 Moses
2604 3053 2706 3109 beu
2765 3052 3020 3121 Maimon,
3073 3056 3280 3113 animas
3335 3058 3497 3114 astris

1922 3146 2203 3218 aﬂingunl.
2249 3146 2490 3215 Denique
2534 3145 2592 3201 S.
2621 3146 2859 3201 Thomas
2900 3145 2992 3199 lib.
3025 3161 3063 3200 ιι
3114 3158 3283 3205 contr.
3314 3147 3495 3215 62111.,

1875 3282 1887 3300 .
1923 3254 2043 3308 cap.
2075 3238 2179 3303 70,
2218 3237 2282 3291 ad
2319 3237 2443 3293 ﬁdei
2474 3236 2774 3293 doctrinam
2814 3238 3086 3305 pertinere
3114 3249 3310 3309 negat,
3346 3252 3494 3295 astra

1921 3328 2159 3381 animata
2223 3328 2512 3389 dicantur,
2568 3341 2635 3379 an
2700 3324 2977 3388 inanima;
3030 3328 3172 3381 unde
3225 3328 3498 3383 aestimare

1923 3421 2044 3475 licet
2082 3435 2191 3489 quo
2220 3434 2444 3474 numero
2462 3418 2749 3474 Justiniani
2786 3420 3266 3475 anathematismos
3284 3420 3495 3475 habue-

1924 3513 2014 3579 ril,
2059 3513 2150 3583 qui
2180 3512 2537 3567 affirmantem
2568 3512 2895 3567 sententiam
2926 3510 3259 3565 confodiunt.

1994 3604 2081 3659 IV.
2118 3605 2269 3661 Viam
2311 3602 2535 3671 Origeui
2586 3602 2653 3656 ad
2713 3602 2764 3656 id
2820 3602 3010 3671 dogma
3062 3603 3498 3672 praemonstravit

1920 3696 2108 3761 Plato,
2149 3696 2241 3766 qui
2300 3695 2354 3749 iu
2404 3692 2598 3747 Timaeo
2643 3693 2768 3748 coeli
2819 3694 3053 3746 animam
3103 3694 3327 3749 rationis
3372 3709 3496 3750 esse

1920 3797 2226 3859 compotem
2252 3786 2350 3852 ait,
2380 3801 2556 3855 eaque
2587 3784 2722 3839 nihil
2751 3801 2780 3837 a
2815 3783 2924 3838 Deo
2951 3785 3297 3853 prazstantius
3326 3784 3495 3841 fuisse

1922 3890 2298 3952 procreatum;
2337 3888 2392 3935 et
2426 3879 2478 3932 in
2514 3877 2827 3947 Epinomide
2860 3875 3003 3928 θεῖον
3036 3877 3292 3944 pnedicat
3339 3878 3496 3947 γένος

1919 3974 2156 4046 ἄστρων,
2207 3972 2457 4044 σώματος
2516 3969 2615 4041 μὲν
2658 3968 2818 4039 τυχὸν
2856 3967 3171 4032 καλλίστου,
3216 3968 3393 4040 ψυχῆς
3438 3970 3495 4023 δὲ

1918 4065 2406 4137 εὐδαιμονεστάτης
2450 4079 2508 4116 τε
2543 4063 2638 4117 καὶ
2670 4061 2918 4133 ἀρίστης.
2968 4060 3412 4117 Ρι·ωιιιοιιειι·τινὶι
3441 4074 3499 4118 et

1919 4157 2140 4223 Thales,
2179 4156 2370 4212 Ionicae
2407 4163 2570 4211 sectae
2599 4154 2868 4221 princeps,
2907 4153 2998 4221 qui
3035 4156 3195 4209 rebus
3228 4154 3498 4210 universis

1921 4254 2153 4306 animam
2212 4248 2507 4304 tribuebat.
2569 4244 3020 4299 Praemoustravit
3063 4256 3119 4301 et
3158 4245 3497 4317 Pythagoras

1918 4343 2013 4415 qui
2051 4350 2198 4397 astra
2259 4341 2392 4396 deos
2441 4354 2562 4394 esse
2610 4339 2887 4393 censebat.
2937 4337 3498 4393 Prmmonstraveruut

1923 4444 1979 4492 et
2004 4434 2184 4498 stoici,
2236 4440 2294 4487 et
2328 4432 2465 4500 ipse.
2514 4431 2560 4485 si
2596 4429 2913 4495 Plutarcho,
2943 4429 3252 4484 Alexandro
3284 4429 3497 4498 Aphro-

1919 4529 2104 4591 diszeo,
2138 4536 2194 4582 et
2230 4524 2353 4580 aliis
2384 4524 2687 4587 credimus,
2715 4523 3057 4579 Aristoteles.
3096 4523 3336 4577 Platonis
3370 4538 3496 4577 seu-

239 4635 383 4675 mam
418 4619 762 4675 assistentem
792 4626 848 4671 et
875 4616 1268 4680 cohaerentem,
1308 4628 1413 4668 non
1447 4613 1813 4669 iutromissam
1847 4619 1892 4675 Β
1923 4622 2147 4678 [entiam
2180 4633 2245 4674 ac
2280 4619 2395 4688 ipsa
2442 4618 2831 4686 propemodum
2874 4616 3041 4669 verba
3082 4629 3179 4684 pro
3207 4629 3358 4669 more
3394 4629 3496 4670 suo

237 4720 293 4765 et
327 4708 733 4765 informantem.
775 4708 953 4775 Atque
986 4721 1052 4761 ex
1090 4706 1178 4762 his
1208 4705 1343 4761 satis
1391 4713 1539 4774 patet
1570 4703 1817 4775 Origenis

240 4806 548 4948 1.8533332}:
595 4891 912 4963 Pamphilus
958 4891 1012 4945 in
1060 4886 1413 4959 responsione
1458 4889 1526 4944 ad
1567 4899 1814 4943 octavam

238 4986 714 5051 criminationem,
766 4985 1055 5054 unicuique
1096 4980 1533 5038 Christianorum
1572 4980 1650 5034 fas
1692 4994 1818 5035 esse

237 5078 371 5133 dicit
400 5085 547 5131 astra
585 5076 823 5130 animata
868 5076 951 5130 vel
991 5091 1096 5128 non
1141 5074 1380 5127 animata
1419 5086 1681 5137 censere;
1717 5086 1816 5127 nec

236 5172 495 5241 cuiquam
528 5170 802 5239 opinionis
835 5168 1151 5224 alterutrius
1193 5181 1357 5223 causn
1391 5165 1666 5221 haereseos
1698 5165 1818 5219 inu-

238 5265 465 5320 rendam
511 5278 634 5317 es~e
670 5272 874 5330 notam,
921 5276 1096 5330 «prop
1120 5275 1181 5316 er
1228 5262 1330 5316 hoc
1383 5259 1525 5330 quod
1580 5274 1686 5314 non
1743 5260 1814 5313 ita

236 5368 428 5430 aperte
466 5357 533 5411 de
580 5356 663 5410 his
706 5355 967 5410 traditqu
999 5364 1084 5409 est
1125 5355 1176 5407 iu
1209 5353 1513 5423 apostolica
1543 5352 1813 5425 pra-dica-

236 5463 448 5507 tone.»
510 5450 664 5516 Quod
720 5449 896 5518 ipsum
940 5463 1053 5518 pra:
1093 5462 1153 5502 se
1203 5448 1323 5502 tulit
1358 5446 1716 5503 Adamantius
1760 5447 1814 5500 iu

238 5547 503 5617 prooemio
536 5544 794 5597 librorum
816 5541 956 5611 Περὶ
984 5538 1206 5610 ἀρχῶν,
1248 5556 1397 5595 num.
1426 5541 1515 5607 l0,
1550 5541 1627 5594 uti
1659 5555 1820 5608 supra

237 5638 599 5695 ostendimus.
630 5635 852 5691 Peuitus
879 5648 1012 5690 vero
1030 5632 1333 5703 origenizat
1370 5632 1711 5695 Ambrosius,
1739 5633 1819 5688 sic

239 5732 510 5787 disserens
556 5730 609 5784 iu
652 5728 810 5797 epist.
837 5726 930 5793 58,
978 5726 1045 5780 ad
1090 5723 1484 5778 Horontianum
1531 5743 1543 5779 :
1588 5743 1606 5776 ι
1637 5725 1816 5779 Stellae

240 5823 449 5879 nebulis
506 5823 752 5877 obductae
803 5828 1121 5884 vanescunt,
1157 5833 1274 5887 qua:
1324 5816 1594 5872 sustinent
1653 5818 1815 5872 mini-

238 5913 389 5971 sterii
416 5913 575 5985 hujus
605 5912 863 5969 mundani
896 5927 1045 5979 usus,
1089 5926 1194 5967 nou
1228 5919 1421 5982 sponte
1462 5910 1648 5981 utique
1672 5953 1686 5980 ,
1717 5911 1808 5967 sed

1920 4714 2107 4770 retulit
2139 4711 2333 4777 Philo;
2372 4724 2496 4763 nam
2533 4711 2585 4762 in
2622 4708 2757 4763 lihro
2784 4706 2926 4777 Περὶ
2947 4706 3059 4763 τσῦ
3087 4705 3497 4776 θεοπέμπτους

1918 4804 2072 4862 εἶναι
2119 4803 2259 4870 τοὺς
2293 4801 2565 4871 ὀνείρους
2589 4839 2604 4865 ,
2638 4808 2694 4854 et
2730 4798 2857 4854 alibi
2894 4810 3038 4853 astra
3080 4815 3188 4855 non
3242 4798 3495 4853 animalia

1920 4898 2100 4960 modo,
2155 4898 2249 4951 sed
2298 4907 2508 4948 tuentes
2551 4892 2716 4947 etiam
2756 4892 3075 4961 purissimas
3105 4906 3226 4946 esse
3273 4891 3490 4944 asserit.

1919 4990 1978 5047 In
2012 4991 2152 5045 libro
2187 5000 2363 5042 tamen
2395 4988 2471 5041 De
2504 4987 2687 5039 mundi
2726 4983 2969 5050 api/icio,
3002 4994 3056 5038 et
3101 4984 3272 5036 altero
3301 4982 3374 5033 De
3415 4983 3495 5049 gi-

1918 5083 2189 5155 gantibus,
2228 5095 2291 5133 ea
2324 5093 2442 5134 esse
2488 5077 2601 5132 vult
2629 5078 2693 5131 δι’
2716 5078 2837 5132 ὅλου
2872 5075 3133 5131 σπουδαῖα
3182 5078 3369 5141 (quam
3396 5088 3493 5126 vo-

1920 5190 2038 5230 cem
2069 5170 2651 5242 usurpavitorigeues)
2696 5172 2790 5224 καὶ
2816 5168 3019 5231 παντὸς
3048 5164 3374 5220 ἀνεπίδεκτα
3396 5181 3496 5216 κα-

1921 5264 2019 5320 κοῦ
2040 5305 2055 5330 ,
2084 5264 2179 5319 καὶ
2215 5264 2471 5336 ἀκήρατα
2491 5303 2506 5329 ,
2533 5264 2677 5333 quod
2704 5262 2922 5333 Origeni
2953 5274 3057 5315 non
3088 5258 3309 5327 placuit.
3354 5256 3492 5311 Huic

1917 5371 2133 5427 quoque
2180 5354 2246 5409 ad
2294 5370 2411 5410 eam
2466 5356 2867 5424 capessendam
2912 5350 3224 5422 Opinionem
3283 5349 3494 5418 praaivit

1914 5446 2167 5501 Clemens
2198 5444 2600 5500 Alexandrinus
2629 5445 2682 5498 in
2716 5443 2924 5514 Eclogis
2961 5442 3030 5496 ἐνκ
3062 5439 3181 5496 τῶν
3210 5454 3494 5509 προφητι-

1918 5536 2063 5592 κῶν.
2104 5536 2478 5592 Perseveravit
2504 5545 2686 5589 autent
2730 5536 2798 5589 ad
2832 5543 3069 5588 nostram
3099 5541 3314 5586 aetatem
3360 5531 3493 5585 illud

1917 5633 1985 5687 de
2031 5630 2286 5685 animatis
2327 5630 2598 5684 sideribus
2628 5628 2911 5698 placitum,
2946 5626 3372 5696 defensoresque
3403 5626 3494 5680 ha-

1915 5724 2033 5781 buit
2088 5726 2232 5781 viros
2279 5726 2560 5796 quantivis
2617 5723 2775 5795 pretii
2838 5723 3150 5794 Tychoncm
3205 5732 3262 5779 et
3310 5722 3491 5794 liepp-

1912 5817 2111 5873 lerum.

1987 5911 2052 5966 V.
2084 5910 2416 5983 Augustinus
2445 5910 2540 5967 lib.
2574 5926 2605 5964 ν
2636 5908 2712 5967 De
2740 5911 2883 5966 civit.
2914 5909 3033 5979 Dei,
3065 5924 3185 5982 cap.
3214 5910 3265 5979 l,
3299 5923 3486 5965 eorum
