4068 6308
643 471 747 525 979

1933 458 1994 512 P.
2034 452 2349 512 DANIELIS
2386 448 2617 507 HUETII

3730 428 3813 495 989

646 586 931 641 conlutans
982 583 1174 652 dogma
1205 580 1296 649 qui
1342 597 1360 628 ι
1388 579 1503 634 sine
1548 578 1641 633 Dei
1694 576 1969 631 voluntate
2018 577 2205 630 decer-
2238 582 2282 634 Α
2311 587 2362 624 νι
2396 580 2575 623 contra
2602 565 2807 621 Cetsnm
2849 560 3043 629 legitur
3067 570 3217 611 num.
3245 554 3331 618 50,
3361 554 3453 619 5i,
3485 553 3587 606 falli
3620 568 3719 618 eos,
3740 561 3809 623 qui

649 693 782 732 nere
807 677 1097 745 opinantur
1129 674 1305 728 sidera
1326 670 1452 740 quid
1487 684 1728 740 agamus,
1761 670 1842 721 vel
1884 667 2008 737 quid
2038 665 2205 719 bono-

650 784 768 823 rum
801 766 1115 829 habeamus,
1157 762 1487 817 malorumve
1535 760 1835 830 patiamur;
1871 777 1890 810 ι
1924 758 2036 812 haec
2079 756 2208 810 sub-

646 856 861 926 jungit:
905 873 923 904 σ
954 854 1105 920 Quod
1140 852 1185 906 si
1213 852 1469 906 dicuntur
1501 850 1668 905 stellae
1692 848 2003 920 signiﬁcare
2027 849 2209 917 potius

651 948 774 1009 ista,
804 959 964 1014 quam
998 945 1190 1008 facere,
1232 951 1293 996 ut
1331 942 1483 1011 quasi
1512 942 1714 995 locutio
1745 942 1987 1010 quaedam
2016 938 2089 992 sit
2118 938 2205 992 illa

651 1038 848 1110 positio
887 1037 1185 1105 praedicens
1218 1038 1416 1103 futura,
1442 1052 1546 1090 non
1578 1048 1745 1103 agens
1764 1034 1893 1105 (non
1921 1032 2065 1085 enim
2094 1046 2208 1085 me-

652 1129 909 1185 diocriter
944 1129 1222 1183 doctorum
1248 1127 1525 1182 hominum
1562 1122 1869 1195 [Origenem
1900 1119 2073 1192 notat]
2111 1119 2210 1173 fuit

651 1222 754 1278 ista
792 1219 1101 1290 sententia),
1153 1236 1258 1275 non
1287 1220 1498 1289 quidem
1526 1218 1600 1273 ita
1632 1216 1803 1271 solent
1824 1214 1966 1285 loqui
2002 1214 2211 1268 mathe-

652 1310 857 1374 matici,
891 1319 951 1363 ut
985 1308 1130 1363 verbi
1162 1307 1337 1378 gratia
1362 1307 1565 1372 dicant,
1592 1304 1734 1359 Mars
1764 1304 1834 1357 ita
1873 1303 2083 1371 positus
2110 1302 2211 1356 ho-

660 1401 909 1455 micidam
965 1400 1263 1470 signiﬁcat;
1314 1400 1408 1454 sed
1460 1396 1783 1453 homicidam
1834 1394 1983 1449 facit.
2013 1413 2032 1447 ›
2096 1393 2209 1457 llis,

653 1491 898 1560 inquam,
926 1490 1214 1563 Origeuem
1243 1490 1555 1559 designasse
1575 1488 1811 1543 creditus
1838 1495 1922 1541 est
1951 1504 1966 1539 :
2003 1500 2127 1539 nam
2159 1486 2211 1537 in

655 1594 723 1635 eo
744 1580 1045 1649 fragmento
1073 1581 1215 1651 quod
1247 1597 1277 1634 e
1306 1579 1809 1635 Commentariorum
1850 1578 2018 1647 ipsius
2042 1579 2098 1630 in
2120 1576 2215 1631 Ge-

655 1674 820 1727 nesim
864 1683 1013 1727 tomo
1045 1673 1107 1727 lII
1155 1683 1466 1744 excerptum
1501 1672 1767 1727 Eusebius
1797 1670 2214 1741 Prteparationis

654 1765 964 1836 evangelica:
1015 1767 1153 1820 libro
1189 1777 1345 1823 sexto
1390 1767 1656 1830 inseruit,
1704 1766 1867 1820 astris
1910 1765 2212 1820 futurorum

658 1858 837 1911 inesse
864 1857 1307 1922 signiﬁcationem
1347 1857 1596 1923 aliirmat,
1639 1872 1787 1910 num.
1813 1857 1846 1910 5
1865 1897 1879 1920 ,
1912 1857 1946 1912 9
1973 1867 2031 1911 et
2061 1871 2177 1924 seq.
2196 1894 2212 1919 ,

660 1966 765 2004 non
808 1950 969 2004 etiam
1001 1965 1243 2014 causam,
1281 1952 1423 2019 quod
1456 1949 1659 2005 faciunt
1685 1949 2021 2007 Genethliaci
2050 1967 2065 2014 ;
2098 1964 2216 2002 mo-

661 2052 770 2095 tum
802 2055 931 2108 ergo
964 2040 1027 2095 iis
1054 2056 1083 2093 a
1120 2040 1225 2094 Deo
1254 2048 1310 2092 et
1335 2041 1581 2095 ordinem
1610 2040 1864 2105 inditum,
1894 2048 1954 2092 ut
1981 2038 2107 2092 inde
2138 2036 2221 2090 l'n-

661 2138 902 2183 turorum
958 2129 1316 2203 cognitionem
1364 2128 1538 2200 angeli
1584 2129 1872 2191 hauriant;
1917 2126 2068 2195 cujus
2101 2128 2221 2194 qui-

660 2221 781 2274 dem
825 2220 1148 2289 cognitionis
1193 2218 1557 2289 adeptionem,
1595 2234 1717 2274 cum
1765 2221 1911 2274 vires
1942 2228 2222 2289 superaret

658 2313 944 2375 lnnnanas,
974 2311 1042 2365 ab
1070 2310 1275 2381 angelis
1301 2311 1569 2379 apostatis
1596 2311 1648 2364 in
1680 2311 1927 2365 homines
1952 2310 2131 2377 aliqua
2153 2324 2221 2364 ex

658 2409 811 2470 parte
873 2400 1040 2455 luisse
1088 2401 1506 2461 transmissam;
1564 2400 1770 2454 nullam
1824 2408 2004 2453 autem
2053 2398 2222 2453 libero

658 2493 883 2547 arbitrio
914 2493 1020 2546 vim
1059 2491 1143 2546 vel
1178 2491 1557 2545 necessitatem
1602 2488 1731 2543 hinc
1766 2487 1976 2543 inferri.
2020 2485 2224 2541 Praeter

657 2584 1016 2653 Augustinum
1051 2584 1166 2637 hare
1191 2582 1542 2636 vehementer
1570 2580 1834 2648 castigant
1858 2577 2084 2631 Ruﬁnus
2114 2577 2218 2631 Pa-

658 2674 899 2729 laestinus
931 2674 984 2727 in
1020 2672 1199 2726 libello
1228 2670 1305 2725 De
1339 2671 1445 2739 ﬁde
1465 2711 1481 2737 ,
1510 2679 1565 2725 et
1590 2669 1884 2738 Procopius
1910 2667 2133 2723 Gazaaus
2165 2668 2221 2719 in

659 2769 791 2826 Cen.
822 2784 880 2836 ι,
932 2768 1030 2833 M,
1065 2766 1156 2836 qui
1185 2767 1252 2819 ab
1278 2765 1509 2836 Origene
1533 2804 1548 2827 ,
1582 2777 1742 2833 quem
1776 2762 1831 2816 in
1859 2760 1981 2815 aliis
2009 2760 2075 2816 ad
2101 2774 2222 2814 ver-

658 2862 783 2916 bum
826 2859 938 2914 l'ere
970 2857 1236 2928 sequitur,
1277 2856 1379 2912 hac
1412 2855 1465 2908 in
1505 2863 1659 2924 parte
1687 2853 1955 2909 discessit.

730 2954 873 3007 Sane
903 2951 949 3007 si
998 2952 1172 3005 l‘utura
1208 2949 1373 3004 multa
1411 2962 1518 3002 non
1565 2948 1632 3002 ab
1675 2946 1837 3001 astris
1868 2941 2219 3014 praenuntiari

661 3050 944 3111 duntaxat,
978 3044 1071 3100 sed
1101 3051 1155 3098 et
1187 3041 1322 3096 elﬁci
1349 3041 1573 3096 dixisset
1596 3038 1877 3108 Origenes,
1901 3047 1955 3093 et
1984 3036 2217 3091 siderum

662 3139 863 3195 viribus
893 3148 1121 3205 corpora
1156 3134 1272 3188 haec
1302 3142 1514 3186 terrena
1542 3131 1706 3184 variis
1750 3130 1887 3184 allici
1926 3128 2132 3192 modis,
2165 3134 2222 3181 et

2306 678 2433 716 vera
2459 661 2664 714 dierum
2694 672 2786 709 sex
2817 653 2991 721 Spatia
3030 649 3265 720 Moysem
3300 647 3352 700 in
3383 646 3562 699 mundi
3593 650 3811 703 narranda

2308 752 2581 808 creatione
2624 747 2959 815 signiﬁcasse
3005 750 3205 811 putant
3235 758 3249 794 :
3287 753 3530 809 quosque
3561 754 3614 793 se
3646 739 3693 791 in
3728 744 3815 797 suis

2308 847 2377 896 ad
2400 839 2636 895 Genesim
2662 833 3064 892 Commentariis
3099 832 3361 887 rel‘ellisse
3384 831 3481 883 ait.
3521 829 3575 882 In
3605 845 3700 898 quo
3718 829 3816 883 Phi-

2309 936 2485 988 lonem
2541 940 2762 986 secutus
2821 937 2925 987 est,
2978 926 3132 993 cujus
3188 925 3305 977 haec
3352 921 3514 975 verba
3554 932 3670 975 sunt
3706 921 3816 975 lih.t

2310 1025 2564 1093 Allegor.,
2610 1019 2815 1091 Εῠηθες
2855 1017 2994 1071 πάνυ
3020 1016 3078 1069 τὸ
3104 1013 3309 1068 οἴεσθαι
3342 1013 3404 1077 ἓξ
3430 1011 3669 1083 ἡμέραις,
3692 1012 3722 1082 ἢ
3745 1028 3821 1064 κα-

2311 1114 2462 1168 θόλου
2500 1112 2675 1182 χρόνῳ
2708 1110 2909 1179 κόσμον
2941 1106 3240 1177 γεγονέναι.
3296 1104 3496 1173 Nempe
3526 1104 3634 1156 hzrc
3659 1105 3822 1170 tr0pice

2314 1205 2658 1274 intelligenda
2702 1203 3127 1272 explicandaque
3178 1186 3434 1253 censebat
3476 1195 3738 1266 Origenes,
3777 1206 3824 1251 ut

2315 1298 2417 1351 alia
2450 1297 2725 1365 pleraque,
2768 1294 2818 1347 in
2860 1293 3058 1362 quibus
3089 1289 3382 1359 allegorice
3424 1288 3597 1342 sensui
3638 1287 3820 1340 nimium

2315 1387 2578 1452 tribuens,
2631 1384 2872 1439 nativum
2902 1392 2958 1439 et
3017 1381 3310 1436 litteralem
3358 1377 3703 1433 subvertehat.
3743 1376 3821 1442 Qui

2312 1478 2569 1545 quoniam
2594 1489 2753 1530 error
2774 1490 2930 1530 suum
2965 1473 3066 1528 sibi
3096 1469 3333 1541 postulat
3357 1482 3580 1523 examen
3601 1504 3615 1531 ,
3641 1468 3822 1522 verbum

2316 1581 2421 1620 non
2464 1565 2682 1620 addam.

2880 1630 3208 1701 QUIESTIO
3247 1627 3338 1684 IX.

2630 1743 2697 1783 DE
2744 1739 3178 1781 RESUBRECTIONB
3209 1732 3538 1776 MOBTUORUI
3547 1758 3560 1771 .

2316 1820 2361 1875 1.
2401 1819 2581 1877 Status
2605 1819 2912 1889 quwstionis
2941 1816 3275 1889 proponitur.
3312 1811 3646 1889 II.__I_)oct'rina
3675 1807 3821 1878 Orige-

2400 1892 2482 1943 nis
2522 1892 2585 1942 de
2610 1878 2989 1941 resurrectione
3018 1878 3344 1938 enucleatur.
3373 1880 3460 1935 IIl.
3499 1878 3668 1933 Utrum
3688 1897 3823 1932 resur-

2400 1961 2679 2013 rectionem
2732 1956 2969 2008 obsolute
3011 1954 3296 2008 sustulerit.
3357 1950 3445 2004 IV.
3497 1948 3605 2001 Hoc
3654 1950 3825 2001 crimine

2397 2039 2677 2098 purgatur.
2714 2026 2776 2078 V.
2803 2023 3268 2098 Utrumcorporis
3301 2020 3716 2098 resurrectionem
3754 2021 3822 2098 ud-

2397 2088 2619 2159 iuisErit,
2666 2095 2840 2149 carnis
2879 2088 3143 2161 inﬁciatus
3182 2094 3271 2145 sit.
3301 2091 3391 2145 Vl.
3426 2088 3491 2143 In
3519 2106 3574 2141 eo
3596 2089 3824 2161 etiamin;-

2395 2171 2547 2233 sitat,
2586 2155 2632 2220 et
2676 2155 2966 2219 multorum
3000 2176 3250 2232 praeterea
3292 2176 3507 2214 assensu
3534 2159 3721 2233 gaudet.
3742 2155 3820 2209 VII.

2398 2230 2589 2292 Utrum
2635 2247 2681 2289 et
2714 2233 2971 2305 quomodo
3000 2230 3239 2305 corpora
3266 2230 3710 2305 in_resurrectiorle
3735 2243 3822 2277 mu-

2396 2318 2560 2361 tatum
2599 2307 2667 2357 iri
2702 2294 3263 2358 emistimauerith'lll.
3300 2298 3405 2352 Hic
3437 2314 3628 2368 quoque
3651 2294 3823 2349 Patrum

2397 2378 2597 2447 aliquot
2622 2375 2959 2447 consensione
3011 2388 3066 2447 se
3112 2380 3304 2447 tu_etur.
3338 2367 3543 2422 ΙΧζΑη
3582 2367 3822 2447 corporale

2400 2434 2781 2500 resurrectione
2835 2443 3092 2509 sphwrica
3148 2439 3335 2506 futura
3403 2435 3739 2509 autumarert't.

2397 2514 2582 2568 Utrum
2609 2516 2791 2581 impios
2822 2505 3156 2580 aﬁirmaverit
3180 2513 3485 2578 neutiquam
3514 2508 3564 2558 iu
3583 2507 3717 2581 vitam
3736 2505 3826 2555 red-

2392 2587 2579 2637 ituros.
2624 2576 2714 2636 XI.
2758 2576 2906 2635 Unde
2948 2596 3097 2634 suam
3118 2582 3180 2631 de
3196 2576 3566 2631 resurrectione
3590 2576 3821 2628 doctrinam

2396 2656 2653 2718 hauserit,
2682 2653 2939 2720 aperitur.
2987 2649 3099 2704 XII.
3147 2647 3423 2720 Nonnulla
3460 2647 3526 2699 ad
3578 2645 3679 2720 ejus
3702 2658 3820 2720 exfa-

2395 2710 2651 2779 sationeni
2675 2710 2868 2789 prmter
2894 2720 3165 2787 superiora
3198 2716 3534 2789 colliguntur.
3581 2711 3699 2767 XIII.
3734 2710 3819 2775 Quo

2398 2810 2552 2848 sensu
2585 2788 2777 2848 dixerit
2827 2801 3160 2859 peccatorum
3194 2802 3412 2840 causam
3460 2788 3526 2838 ad
3569 2798 3729 2849 corpus
3758 2795 3815 2833 rc-

2395 2864 2542 2934 ferri.

2397 2957 2438 3010 Ι.
2476 2974 2494 3007 ι
2524 2952 2890 3008 Transeamus
2938 2950 3065 3004 hinc
3114 2947 3179 3002 ad
3233 2945 3637 3002 famosissimum
3678 2943 3733 2997 de
3764 2955 3824 2995 re-

2326 3046 2673 3105 surrectione
2701 3044 2880 3099 carnis
2915 3051 2970 3096 et
2997 3039 3241 3109 corporis
3273 3038 3637 3106 quaestionem.
3660 3054 3675 3085 ι
3716 3032 3823 3086 Licet

2322 3141 2470 3195 enim
2511 3136 2589 3192 uti
2613 3136 2790 3191 verbis
2815 3133 3123 3202 Hieronymi
3154 3131 3312 3200 epist.
3346 3130 3436 3193 6i,
3465 3129 3527 3181 ad
3552 3124 3821 3186 Pammach.,

663 3230 730 3282 ad
767 3230 879 3283 haec
924 3226 1084 3282 illave
1130 3223 1459 3279 commoveri
1510 3232 1564 3276 et
1608 3221 1895 3287 inclinari,
1932 3219 1984 3273 in
2031 3220 2269 3307 eadem(

2214 3240 2216 3269 '
2247 3249 2289 3307 ρ
2324 3245 2441 3299 cap.
2486 3228 2538 3291 7,
2571 3229 2672 3282 hoc
2708 3235 3083 3294 argumentum
3140 3223 3407 3276 adversus
3454 3222 3710 3288 Origenem
3735 3230 3820 3285 pcr-

663 3332 805 3376 esset
837 3334 1001 3375 causa
1043 3333 1107 3371 ac
1132 3314 1597 3386 Apostelesmatici
1629 3327 1840 3377 omnes,
1871 3321 1926 3366 et
1972 3311 2219 3366 hodierni

666 3411 968 3479 astrologiae
997 3410 1231 3479 patroni,
1262 3422 1493 3477 quorum
1516 3405 1805 3467 sententia,
1833 3403 2042 3473 integra
2066 3401 2223 3455 modo

664 3513 912 3556 servetur
956 3500 1173 3555 humani
1212 3499 1436 3554 libertas
1492 3498 1726 3565 arbitrii,
1777 3498 2048 3551 haereseos
2098 3503 2221 3548 nota

665 3594 918 3649 immunis
949 3603 1049 3647 est.
1088 3594 1154 3647 At
1184 3608 1305 3647 cum
1331 3591 1780 3663 signiﬁcationem
1811 3589 1979 3645 solum
2013 3587 2221 3642 futuro-

670 3701 809 3748 rum,
842 3684 1023 3739 itidem
1053 3694 1111 3737 ut
1137 3683 1396 3754 Synesius
1422 3683 1515 3737 lib.
1544 3682 1621 3736 De
1650 3683 1942 3743 insomniis,
1968 3696 2074 3735 non
2105 3695 2226 3733 cau-

668 3794 783 3835 sam
816 3778 979 3833 astris
1007 3776 1360 3845 ascripserit,
1390 3776 1554 3831 illaesa
1589 3773 1796 3828 arbitrii
1846 3773 2093 3827 libertate
2117 3812 2133 3836 ,
2163 3786 2228 3826 eo

666 3871 848 3926 minus
893 3870 1056 3923 etiam
1112 3868 1346 3923 decretis
1409 3866 1664 3921 Ecclesiae
1722 3865 2034 3920 adversatur
2088 3862 2229 3918 illius

667 3963 890 4032 opinio;
920 3978 1077 4031 quam
1111 3975 1361 4015 manasse
1385 3975 1416 4014 e
1447 3959 1842 4013 Platonicorum
1866 3957 2067 4012 scholis
2098 3957 2230 4010 satis

669 4061 893 4121 apparet
936 4068 1003 4106 ex
1041 4050 1235 4104 Plotini
1268 4049 1408 4104 Enn.
1443 4065 1503 4116 ll,
1554 4050 1647 4103 lib.
1672 4067 1711 4115 ι,
1753 4065 1874 4118 cap.
1921 4048 1947 4101 1
1982 4059 2037 4103 et
2077 4047 2131 4109 7,
2177 4054 2231 4101 et

675 4144 813 4198 Enn.
841 4160 935 4210 ιιι,
994 4142 1090 4197 lib.
1122 4156 1161 4204 ι,
1193 4156 1312 4211 cap.
1342 4144 1408 4203 6,
1446 4155 1603 4209 quem
1649 4150 1865 4210 secutus
1907 4149 1991 4194 est
2026 4138 2231 4193 Macro-

668 4236 790 4290 bius
821 4235 913 4290 lib.
949 4250 962 4287 l
1006 4236 1059 4287 in
1093 4232 1278 4288 Somn.
1316 4231 1501 4300 Scip.,
1542 4244 1659 4298 cap.
1688 4232 1739 4284 I.

741 4327 872 4380 Cum
916 4324 968 4379 in
999 4339 1064 4379 eo
1093 4332 1294 4387 autem,
1331 4322 1473 4392 quod
1518 4319 1778 4384 diximus,
1829 4319 2151 4390 fragmento,
2178 4328 2234 4374 et

672 4418 798 4473 alibi
832 4431 1047 4487 quoque
1072 4455 1088 4483 ,
1129 4428 1348 4469 causam
1402 4415 1705 4467 futurorum
1755 4411 2023 4466 sideribus
2056 4413 2233 4467 neuti-

671 4527 834 4582 quam
884 4512 1065 4565 inesse
1116 4524 1311 4578 magno
1368 4514 1566 4563 conatu
1594 4505 1855 4575 Origenes
1902 4504 2231 4573 probaverit,

2322 3320 2620 3390 sequentis.
2652 3316 2900 3371 Cohaeret
2924 3325 3103 3368 autem
3131 3314 3215 3367 illa
3246 3327 3463 3382 quoque
3492 3327 3606 3366 cum
3632 3307 3818 3377 superio-

2325 3413 2498 3475 ribus,
2552 3423 2677 3463 nam
2729 3416 2871 3461 statu
2925 3406 3228 3459 animarum
3260 3412 3389 3458 ante
3425 3404 3558 3457 hanc
3583 3401 3723 3453 vitam
3753 3413 3820 3450 er-

2324 3503 2549 3576 quisito,
2596 3502 2832 3569 ipsarum
2877 3510 3094 3567 quoque
3143 3494 3320 3547 futura
3377 3501 3493 3561 post
3542 3491 3664 3544 hanc
3702 3487 3821 3540 vitam

2326 3611 2446 3652 sors
2468 3591 2795 3664 exploranda
2825 3597 2905 3645 est
2934 3605 2948 3641 :
2984 3587 3239 3641 nimirum
3262 3584 3482 3639 solasne
3504 3597 3564 3637 ac
3590 3578 3821 3635 solitarias,

2327 3702 2395 3740 an
2474 3682 2788 3751 coniunctas
2871 3678 3186 3746 corporibus
3255 3677 3454 3745 quibus
3537 3672 3822 3728 convixerunt

2325 3787 2658 3848 postremum
2692 3773 2969 3828 subituras
2993 3768 3282 3836 judicium,
3315 3767 3610 3834 iisdemque
3631 3761 3824 3824 deinceps

2329 3869 2642 3924 adhaesurus
2676 3861 3061 3918 autumaverit.
3118 3860 3192 3913 Ac
3243 3874 3497 3929 magnum
3527 3853 3734 3926 profecto
3756 3849 3823 3901 ha-

2328 3961 2579 4016 beremus
2607 3958 2671 4010 ad
2704 3953 3016 4024 qumstionis
3044 3949 3189 4004 illius
3225 3950 3597 4003 tractationem
3623 3952 3820 4007 compen-

2330 4053 2499 4114 dium,
2526 4050 2568 4105 si
2602 4047 2762 4117 hujns
2788 4043 3091 4112 argumenti
3123 4051 3181 4095 et
3210 4039 3352 4094 tituli
3387 4038 3543 4093 libris
3572 4035 3636 4088 ab
3663 4045 3715 4085 eo
3731 4042 3827 4082 con-

2332 4141 2551 4210 scriptis
2581 4138 2845 4207 temporis
2900 4134 3229 4189 diuturnitas
3276 4129 3626 4200 pepercisset;
3659 4129 3826 4185 etqua-

2333 4246 2547 4302 cunque
2581 4232 2634 4284 in
2686 4229 2754 4283 iis
2801 4226 2930 4279 olim
2970 4225 3194 4280 luerunt
3248 4222 3592 4291 reprehensa,
3638 4221 3821 4267 veterum

2336 4328 2682 4379 monumenta
2716 4333 2826 4385 pra:
2854 4331 2912 4370 se
2944 4314 3185 4371 ferrent:
3221 4314 3285 4366 de
3311 4326 3370 4366 se
3400 4310 3586 4379 quippe
3612 4306 3709 4372 ipse
3734 4312 3820 4350 nar-

2334 4425 2419 4471 rat
2447 4416 2540 4468 lib.
2576 4429 2612 4467 ιι
2641 4410 2783 4478 Περὶ
2834 4407 3055 4477 ἀρχῶν,
3080 4421 3199 4475 cap.
3230 4405 3319 4469 10,
3347 4418 3491 4457 num.
3531 4402 3580 4459 1,
3607 4386 3824 4467 publicatis

2337 4507 2448 4559 suis
2496 4503 2574 4557 De
2611 4508 2986 4554 resurrectione
3034 4490 3527 4552 lucubrationibus,
3585 4502 3601 4534 ι
3647 4480 3820 4535 oﬁeusas

674 4602 841 4656 miror
890 4602 940 4656 id
1003 4602 1053 4656 ei
1106 4601 1296 4670 dogma
1360 4598 1592 4652 al'ﬁctum
1634 4620 1647 4653 ;
1685 4597 1767 4649 ὅτι
1824 4594 2078 4665 ποιητικὴ
2129 4596 2234 4649 τῶν
2265 4593 2310 4649 D
2338 4594 2598 4663 quosdam
2639 4592 2690 4644 in
2736 4585 3104 4642 ecclesiastica
3155 4585 3278 4649 lide,
3315 4579 3468 4651 quasi
3517 4576 3646 4631 velut
3686 4567 3816 4625 stulte.

674 4694 1059 4765 πραττομένων
1100 4695 1133 4763 ἡ
1180 4691 1530 4764 ἀστρονομία,
1568 4708 1586 4741 ι
1615 4690 1998 4743 astronomiam
2046 4702 2231 4742 eorum

674 4800 795 4853 qua:
853 4783 986 4837 ﬁunt
1043 4798 1260 4837 causam
1315 4797 1453 4845 esse,
1485 4801 1505 4834 ι
1551 4781 1693 4850 quod
1741 4781 1882 4833 inter
1925 4781 2029 4835 alia
2061 4780 2232 4835 eidem

674 4874 991 4945 exprobrari
1053 4873 1210 4928 solita
1275 4875 1483 4928 decimo
1541 4873 1658 4929 loco
1727 4881 1971 4929 recenset
2027 4886 2234 4942 anony-

676 4984 795 5022 mus
832 4977 1020 5022 auctor
1050 4965 1321 5034 Apologia:
1375 4982 1471 5034 pro
1505 4963 1761 5035 Origene,
1806 4964 1946 5035 apud
1985 4962 2234 5018 Pbotium

674 5061 797 5115 cod.
820 5074 990 5114 cxvu.

750 5148 834 5204 Vl.
868 5150 1071 5204 Praeter
1108 5144 1551 5217 superiora,illud
1567 5160 1784 5215 quoque
1807 5142 2234 5215 reprehendendi

679 5256 842 5296 causa
865 5258 896 5298 e
912 5242 1003 5296 lib.
1024 5258 1074 5297 tv
1091 5239 1227 5307 Περὶ
1246 5238 1464 5309 ἀρχῶν,
1484 5253 1633 5291 num.
1662 5238 1750 5301 l6,
1777 5234 2237 5292 recitatJustinia-

681 5343 785 5382 nus
812 5330 878 5382 ad
912 5329 1118 5384 calcem"
1139 5329 1295 5397 epist.
1324 5327 1389 5381 ad
1414 5325 1657 5379 Menam:
1690 5326 1786 5389 Τίς
1815 5324 1939 5380 νοῦν
1966 5324 2104 5395 ἔχων
2127 5327 2239 5397 ὁρί-

680 5418 827 5486 ζεται
850 5420 1089 5492 πρώτην,
1102 5421 1195 5474 καὶ
1210 5420 1483 5490 δευτέραν,
1505 5418 1599 5475 καὶ
1612 5418 1798 5491 τρίτην
1823 5420 2056 5491 ἡμέραν,
2072 5418 2239 5471 ὲσπέη

682 5530 781 5584 ραν
811 5528 869 5564 τε
894 5513 987 5566 καὶ
1014 5514 1222 5583 πρωῖαν
1246 5512 1411 5583 χωρὶς
1437 5511 1588 5582 ἡλίου
1615 5511 1891 5579 γεγονέναι.
1916 5550 1931 5574 ,
1962 5510 2056 5564 καὶ
2086 5508 2242 5579 σελή-

681 5617 802 5671 νης,
835 5601 930 5655 και⁵
973 5603 1250 5673 ἀστέρων;
1302 5620 1321 5653 ι
1351 5602 1481 5667 Quis
1530 5601 1726 5656 mentis
1771 5615 1990 5670 compos
2044 5609 2245 5655 Statuat

686 5696 938 5759 primum,
975 5702 1029 5748 et
1063 5694 1375 5758 secundum,
1410 5702 1464 5749 et
1510 5694 1727 5749 tertium
1752 5693 1917 5758 diem,
1958 5701 2013 5747 et
2050 5705 2243 5761 vespe-

689 5796 826 5846 ram,
857 5789 916 5835 ac
941 5785 1262 5837 matutinum
1292 5794 1503 5854 tempus
1524 5788 1642 5840 sine
1663 5786 1778 5840 sole
1804 5785 1990 5848 fuisse,
2023 5792 2074 5838 et
2096 5781 2241 5846 luna,

695 5876 748 5928 ct
778 5868 1021 5927 stellis?»
1062 5869 1160 5926 Cui
1202 5879 1254 5929 et
1282 5872 1407 5928 illud
1461 5883 1635 5945 potest
1667 5874 1902 5945 adiungi,
1955 5874 2094 5949 quod
2140 5873 2233 5930 lib.

2337 4695 2393 4742 et
2450 4683 2668 4754 penitus
2712 4681 3036 4751 insipienter
3083 4676 3153 4730 de
3196 4673 3585 4730 resurrectione
3618 4663 3819 4720 crederet.

2346 4753 2618 4847 prmcipue
2649 4771 2955 4826 haereticos.
3009 4787 3027 4820 ι
3083 4766 3307 4821 Multum
3343 4776 3551 4833 quoque
3575 4753 3818 4847 prodessent

2342 4837 2407 4921 ad
2444 4837 2607 4933 hujus
2629 4862 2933 4933 argumenti
2952 4859 3366 4915 illustrationem
3384 4848 3673 4910 Hammonis
3685 4837 3816 4895 Adria'

2343 4958 2599 5027 nopolita:
2636 4956 2759 5011 libri
2794 4955 3051 5009 adversus
3124 4951 3410 5018 Origenem
3453 4956 3602 5013 super
3632 4952 3684 4991 ea
3715 4942 3815 5027 th'

2343 5022 2521 5106 stione
2546 5047 2753 5115 scripti,
2785 5046 2830 5099 si
2855 5046 2939 5099 vel
2959 5048 3301 5112 superessent
3337 5040 3434 5104 illi,
3457 5035 3536 5091 vel
3563 5022 3816 5087 tantumdem

2344 5144 2496 5194 certe
2518 5151 2587 5191 ex
2613 5137 2679 5190 iis
2712 5136 3089 5203 depromptum
3114 5129 3451 5201 pervenisset
3479 5125 3541 5178 ad
3572 5134 3675 5181 nos,
3697 5120 3815 5206 qut"-

2345 5240 2457 5285 tum
2485 5244 2516 5281 e
2541 5226 2796 5282 Methodii
2830 5237 2995 5292 opere
3024 5222 3263 5291 ejusdem
3298 5215 3519 5274 instituti
3558 5206 3819 5280 Epiphanius

2343 5331 2400 5377 et
2432 5320 2658 5375 Pbotius
2684 5324 3000 5384 excerptum
3053 5324 3360 5369 servarunt.
3393 5307 3578 5361 Verum
3616 5295 3815 5385 vetustate

2344 5413 2678 5479 consumptis
2712 5410 2798 5463 his
2842 5405 3411 5467 commentationibus,
3446 5401 3544 5455 hac
3571 5404 3657 5460 ope
3691 5385 3813 5479 desll‘

2347 5467 2470 5562 tuti.
2523 5467 2718 5572 partim
2771 5516 2840 5555 ex
2883 5499 3130 5568 Origenis
3194 5500 3494 5565 dogmatum
3548 5467 3813 5572 ἀλληλουχίςιτ

2349 5596 2545 5667 partim
2594 5610 2660 5649 ex
2709 5594 2941 5648 aliorum
2984 5586 3525 5660 expostulationibus,
3570 5570 3812 5667 partim

2347 5686 2465 5754 ejus
2496 5685 2737 5754 scriptis,
2774 5681 3079 5752 cujusmodi
3134 5681 3200 5734 ad
3251 5687 3479 5745 nostram
3528 5652 3812 5755 pervenerat"

2346 5751 2761 5847 uitatum—quid
2809 5751 2911 5846 ipsi
2964 5772 3143 5829 visum
3190 5772 3259 5830 sit
3290 5782 3386 5842 pro
3426 5762 3607 5820 viribus
3640 5751 3812 5805 astinw‘

2349 5884 2487 5925 mus.
