4068 6308
295 432 392 489 981

1107 435 1679 493 ORIGENIANORUM
1720 437 1843 492 LIB.
1883 436 1945 502 ll,
1986 437 2135 493 CAP.
2177 438 2241 505 ll,
2279 438 2556 505 QU/EST.
2592 440 2679 495 ιχ.

3413 437 3520 501 9.8%

372 552 437 609 ll.
483 551 636 620 Quod
677 554 719 608 si
756 569 869 609 rem
897 554 1128 623 primum
1160 572 1222 610 ex
1253 560 1513 615 doctrinae
1548 560 1716 630 ipsius
1746 570 1856 616 tex-
1889 565 1931 619 Λ
1965 575 2061 613 nec
2091 560 2251 613 ullam
2280 561 2504 630 proinde
2536 571 2869 615 mortuorum
2898 574 3018 613 esse
3041 556 3529 623 resurrectionem.

298 650 419 695 tura
452 653 701 712 spectare
733 644 985 709 velimus,
1035 647 1343 703 meminisse
1390 660 1607 719 Oportet
1639 666 1857 708 accusa-

297 745 412 787 tum
462 733 629 791 fuisse
685 751 831 804 eum,
884 740 1028 807 quod
1074 740 1310 795 animam
1365 744 1534 797 solam
1585 745 1856 800 hominem

291 824 654 887 constituere,
704 834 824 893 post
876 825 1180 892 Platonem,
1212 830 1410 884 dixerit
1442 851 1454 885 :
1487 844 1540 886 et
1573 835 1713 902 quod
1742 835 1858 889 ani-

294 923 415 964 mas
443 926 538 978 pro
567 914 808 980 peccatis
846 914 898 968 in
934 916 1082 969 varia
1116 932 1372 987 corpora,
1405 922 1484 975 sic
1517 932 1772 991 tanquam
1804 926 1854 978 in

289 1001 509 1057 vincula
557 1004 834 1072 coniectas
884 1007 1188 1070 tradiderit,
1241 1020 1299 1063 ut
1345 1026 1508 1080 supra
1544 1014 1857 1071 observavi-

294 1108 436 1148 mus.
468 1092 670 1149 Ferunt
703 1106 963 1165 praeterea
1003 1113 1321 1168 persuasum
1365 1101 1534 1156 fuisse
1574 1102 1676 1168 illi,
1714 1104 1857 1158 Ada-

292 1199 442 1238 mum
477 1194 696 1254 propter
746 1203 942 1242 noxam
981 1190 1194 1245 mortali
1246 1191 1411 1248 fuisse
1441 1209 1669 1264 corpore
1700 1196 1857 1251 indu-

292 1283 436 1337 tum,
464 1289 571 1344 quo
593 1275 748 1343 prius
775 1278 1020 1347 carebat,
1051 1282 1512 1339 cumimmortalis
1541 1301 1569 1339 a
1599 1288 1706 1342 Deo
1732 1286 1855 1342 fuis-

292 1376 377 1420 set
406 1378 751 1435 procreatus;
783 1368 1150 1440 pelliceasque
1178 1373 1410 1441 tunicas,
1443 1392 1577 1445 quas
1619 1379 1666 1433 ei
1713 1379 1853 1436 Deus

291 1465 415 1524 post
456 1460 958 1539 praevaricationem
987 1465 1441 1537 circumposuisse
1466 1470 1682 1535 dicitur,
1720 1473 1849 1527 nihil

293 1550 465 1607 fuisse
496 1552 639 1605 aliud
672 1567 835 1622 quam
877 1569 1106 1623 corpora
1159 1560 1407 1614 mortalia
1446 1578 1461 1626 ;
1494 1578 1614 1619 ossa
1645 1580 1773 1618 vero
1802 1576 1854 1619 et

292 1655 484 1697 carnes
538 1656 677 1710 quas
746 1652 873 1697 ante
927 1655 1207 1713 peccatum
1278 1649 1531 1707 habuisse
1590 1652 1852 1708 Adamum

295 1733 576 1803 Scriptura
633 1745 1048 1802 commemorat,
1085 1753 1278 1793 carnes
1315 1755 1436 1794 esse
1468 1741 1850 1812 intelligihiles,

291 1838 348 1882 et
398 1840 519 1881 ossa
566 1826 951 1896 intelligibilia.
992 1827 1125 1881 Cum
1176 1828 1344 1898 igitur
1387 1832 1614 1886 mortale
1658 1849 1853 1904 corpus

294 1918 649 1973 adventitium
687 1918 815 1988 quid
856 1933 919 1971 ac
952 1928 1272 1973 extraneum
1298 1936 1419 1977 esse
1442 1923 1734 1979 arbitratus
1756 1895 1851 1992 sit,
1887 1895 1927 1953 Β

294 2013 544 2080 sequitur
569 2013 698 2069 inde
722 2021 1051 2084 necessario.
1098 2024 1408 2093 expurgatis
1458 2026 1714 2094 peccatis,
1759 2040 1858 2079 ex—

297 2104 606 2175 solutisque
658 2108 985 2176 suppliciis,
1031 2110 1257 2168 liberam
1312 2115 1525 2171 tandem
1573 2115 1857 2186 aliquando

298 2199 558 2261 animam,
596 2202 1067 2271 corporaliumque
1121 2208 1439 2273 compedum
1491 2209 1728 2276 pondere
1757 2224 1854 2264 ex-

301 2300 581 2345 oneratam
613 2307 919 2364 resurgere.
955 2294 1084 2348 Nam
1117 2297 1161 2351 si
1194 2312 1349 2365 poma
1380 2309 1459 2352 est
1483 2310 1704 2369 gestare
1733 2317 1855 2356 cor-

295 2396 420 2449 pus,
451 2392 666 2447 gestare
686 2396 838 2439 certe
854 2401 1050 2456 corpus
1072 2388 1285 2442 desinet
1320 2391 1518 2454 anima,
1548 2406 1666 2445 cum
1699 2408 1855 2459 poena

298 2473 558 2527 cessabit.
616 2474 825 2543 Corpus
867 2476 993 2530 illud
1034 2476 1297 2547 intelligo,
1344 2480 1488 2547 quod
1529 2480 1583 2535 in
1630 2482 1853 2537 sceleris

297 2561 492 2616 luelam
524 2565 691 2617 subiit
720 2565 854 2633 ipsa,
885 2581 1047 2635 grave
1094 2566 1221 2621 illttd
1251 2583 1461 2635 nempe,
1500 2577 1772 2623 terrenum
1803 2579 1859 2625 et

292 2668 598 2717 carneum;
634 2670 739 2709 non
770 2656 898 2711 illud
928 2668 1109 2712 autem
1141 2659 1358 2726 quicum
1413 2669 1694 2727 procreata
1744 2662 1855 2731 pri-

296 2758 443 2795 mum
486 2751 541 2797 et
596 2758 625 2796 a
657 2744 768 2799 Deo
811 2747 1043 2800 formata
1093 2757 1193 2802 est.
1272 2746 1408 2803 Huic
1456 2751 1854 2805 consectarium

294 2843 395 2898 est,
440 2833 677 2888 futnrmn
708 2843 766 2888 ut
798 2837 978 2890 anima
1009 2837 1369 2891 humanorum
1427 2839 1572 2893 illam
1616 2841 1857 2911 conligu-

302 2925 567 2978 rationem
641 2924 1005 2980 membrorum
1050 2941 1078 2979 a
1120 2941 1178 2979 se
1220 2926 1454 2993 abjieiat,
1496 2939 1678 2997 utpote
1737 2945 1856 2999 qua:

296 3016 479 3068 carnei
522 3016 770 3083 corporis
815 3016 1028 3085 propria
1071 3017 1193 3082 sit;
1249 3019 1526 3073 meliorem
1575 3031 1752 3075 autem
1801 3030 1858 3076 et

296 3104 680 3173 perfectiorem
730 3105 959 3159 formam
1001 3107 1283 3175 suscipiat,
1326 3118 1384 3159 ut
1421 3123 1541 3177 quae
1573 3109 1624 3163 in
1662 3108 1855 3166 melius

1961 652 2144 721 Itaque
2194 653 2524 723 Augustinus
2583 656 2648 706 ad
2701 652 3123 719 Quodvultdeum
3172 652 3301 705 hair.
3361 664 3516 714 xuii,

1961 745 2412 797 resurrectionem
2469 744 2536 798 ab
2593 743 2844 813 Origenis
2874 743 3230 797 sectatoribus
3264 750 3513 810 negatam

1959 835 2164 888 scribit.
2196 834 2552 905 Hieronymus
2592 835 2643 888 in
2687 836 2841 903 epist.
2877 833 2972 901 59,
3009 834 3073 887 ad
3105 832 3273 897 Avit.,
3307 847 3429 900 cap.
3461 831 3510 893 ‘I,

1958 925 2161 981 dixisse
2207 924 2500 996 Origenem
2552 927 2713 980 tradit
2755 944 2773 976 α
2820 924 3130 996 corporales
3182 922 3514 978 substantias

1958 1019 2173 1086 penitus
2213 1018 2515 1086 dilapsuras
2549 1038 2562 1085 ;
2615 1027 2707 1072 aut
2732 1029 2880 1073 certe
2917 1020 2969 1071 in
3018 1017 3121 1070 fine
3145 1016 3381 1071 omnium
3413 1014 3514 1067 hoc

1956 1124 2079 1165 esse
2133 1109 2310 1164 futura
2359 1126 2612 1180 corpora,
2641 1112 2783 1181 quod
2816 1125 2957 1164 nunc
2996 1117 3077 1164 est
3106 1108 3291 1172 azther,
3319 1114 3372 1160 et
3406 1119 3512 1158 caa-

1960 1199 2094 1263 lum,
2131 1209 2184 1254 et
2212 1200 2255 1255 si
2306 1205 2448 1271 quod
2495 1202 2638 1257 aliud
2687 1218 2882 1271 corpus
2925 1200 3194 1254 sincerius
3228 1207 3282 1252 et
3328 1198 3513 1266 purius

1958 1291 2178 1361 intelligi
2212 1301 2425 1359 potest;
2460 1312 2477 1343 l
2514 1303 2621 1347 tum
2653 1294 2801 1348 addit
2830 1312 2841 1345 :
2897 1312 2914 1343 ε
2954 1292 3107 1357 Quod
3154 1305 3273 1343 cum
3305 1290 3374 1342 ita
3417 1290 3510 1353 sit,

1955 1380 2082 1448 quid
2134 1381 2201 1435 de
2244 1383 2642 1436 resurrectione
2692 1384 2889 1436 sentiat
2937 1382 3280 1450 perspicuum
3325 1388 3424 1433 est.
3489 1399 3507 1431 ι

1958 1472 2159 1529 Deinde
2207 1475 2368 1528 verba
2413 1474 2663 1543 Origcnis
2718 1475 2769 1529 in
2843 1476 3086 1529 eamdem
3141 1472 3510 1541 conspirantia

1954 1563 2281 1617 sententiam
2315 1564 2667 1633 sequentibus
2690 1563 2957 1633 capitibus
2992 1563 3260 1633 producit.
3304 1562 3510 1617 Similia

1954 1655 2131 1724 carpit
2171 1655 2221 1708 in
2290 1654 2495 1711 Joanne
2558 1655 3035 1728 Jcrosolymitano,
3090 1655 3247 1723 epist.
3301 1655 3390 1721 6i,
3445 1656 3510 1709 ad

1955 1744 2271 1801 Pammach.
2328 1747 2444 1814 Quo
2491 1757 2545 1803 et
2612 1748 2741 1802 illud
2796 1749 3029 1817 pertinet
3101 1749 3241 1816 quod
3300 1747 3514 1815 scripsit

1956 1836 2047 1890 lib.
2097 1852 2168 1890 xu
2216 1839 2268 1891 in
2313 1836 2499 1890 Ezech.
2562 1854 2667 1892 xL:
2709 1857 2726 1890 ι
2760 1837 2875 1892 Non
2901 1840 3040 1905 quod
3078 1837 3230 1906 juxta
3280 1836 3511 1890 saevissi-

1959 1944 2100 1982 mam
2133 1928 2381 1982 hzuresim
2414 1945 2642 1997 corpora
2674 1930 2930 1985 abolenda
2962 1930 3267 1985 credamus.
3291 1949 3308 1980 ι
3339 1929 3515 1983 Theo-

1957 2020 2135 2089 philus
2166 2021 2566 2076 Alexandrinus
2598 2022 2763 2090 Epist.
2807 2021 2995 2074 Pasch.
3026 2022 3061 2074 2
3104 2040 3116 2074 :
3175 2040 3192 2073 ι
3236 2023 3382 2078 Inter
3413 2038 3516 2077 cac-

1959 2121 2070 2164 tera
2102 2113 2266 2167 etiam
2298 2113 2752 2168 resurrectionem
2784 2129 2813 2167 a
2844 2116 3091 2179 mortuis,
3120 2131 3240 2185 quae
3270 2130 3391 2183 spes
3422 2130 3514 2169 sa-

1957 2202 2084 2257 lutis
2115 2212 2313 2258 nostra:
2349 2214 2455 2267 est,
2489 2205 2560 2257 ita
2595 2205 2894 2273 corrumpit
2926 2215 2982 2259 et
3021 2206 3181 2259 violat
3210 2203 3513 2275 (Origenes)

1957 2306 2015 2348 ut
2047 2295 2242 2348 amicat
2269 2295 2449 2349 dicere
2474 2310 2700 2364 corpora
2729 2307 2907 2351 nostra
2934 2311 3146 2350 rursum
3182 2296 3512 2364 corruptioni

1956 2394 2010 2439 et
2042 2385 2198 2437 morti
2232 2384 2567 2453 subjacentia
2596 2386 2888 2453 suscitari;
2934 2405 2953 2437 ι
2987 2395 3041 2439 et
3072 2396 3293 2452 postea:
3327 2403 3345 2436 α
3380 2383 3517 2437 Dicit

1957 2488 2185 2542 corpora
2218 2490 2339 2543 quae
2368 2486 2656 2546 resurgunt
2691 2485 2809 2545 post
2839 2475 2999 2528 multa
3032 2475 3245 2539 saecula,
3287 2476 3341 2528 in
3371 2476 3514 2528 nihi-

1957 2564 2063 2617 lum
2102 2563 2467 2629 dissolvenda,
2517 2580 2614 2618 nec
2658 2564 2837 2617 futura
2888 2564 3112 2632 aliquid,
3154 2565 3255 2617 nisi
3300 2580 3417 2617 cum
3450 2565 3515 2618 de

1955 2656 2217 2711 caelorum
2250 2656 2625 2711 mansionibus
2670 2656 2862 2709 anima:
2894 2655 2959 2708 ad
3006 2655 3260 2709 inferiora
3301 2655 3517 2723 dilapsae

1956 2746 2285 2818 indiguerint
2311 2747 2485 2813 nobis,
2513 2762 2633 2816 qua:
2662 2747 2777 2801 alia:
2814 2760 3030 2800 rursum
3070 2744 3218 2810 fiant,
3250 2746 3518 2813 prioribus

1955 2838 2175 2893 omnino
2198 2838 2420 2908 deletis;
2462 2857 2479 2891 ι
2533 2847 2646 2892 tum
2709 2838 2889 2894 infra:
2941 2856 2960 2890 ι
2987 2837 3136 2903 Quod
3183 2837 3252 2899 si,
3290 2846 3349 2890 ut
3383 2835 3518 2890 falso

1956 2936 2105 2995 putat
2162 2926 2442 2996 Origenes,
2507 2944 2613 2983 non
2663 2928 2834 2982 solum
2886 2927 3258 2996 corruptibile,
3313 2927 3407 2982 sed
3463 2936 3521 2981 et

1958 3018 2185 3073 mortale
2214 3034 2408 3088 corpus
2446 3028 2532 3073 est
2560 3019 2947 3083 suscitandum,
2996 3034 3124 3089 ergo
3152 3034 3314 3073 unum
3352 3027 3519 3082 atque

1958 3111 2097 3165 idem
2139 3114 2418 3181 corruptio
2462 3121 2516 3166 et
2552 3112 2901 3181 iucorruptio.
2944 3131 2962 3165 ι
3007 3113 3159 3168 Alter
3206 3112 3322 3183 ejus
3370 3111 3519 3167 locus

297 3206 521 3259 mutata,
555 3206 608 3250 et
642 3195 951 3266 perfectiori
984 3198 1147 3250 statui
1181 3198 1386 3251 reddita
1412 3199 1515 3264 sit;
1560 3200 1851 3256 formarum
1880 3229 1923 3288 ο
1959 3201 2215 3257 adversus
2248 3202 2386 3257 hanc
2417 3204 2663 3257 haeresim
2694 3218 2758 3256 ex
2794 3203 3022 3272 quadam
3051 3203 3270 3271 epistola
3301 3203 3366 3256 ad
3389 3218 3516 3256 san-

295 3299 476 3342 autem
529 3290 769 3343 omnium
819 3304 945 3343 cum
985 3289 1377 3358 perfectissima
1434 3291 1505 3344 sit
1564 3293 1850 3360 Sphaerica,

293 3381 536 3435 futurum
562 3395 775 3449 quoque
804 3389 864 3434 ut
898 3381 953 3434 in
992 3381 1205 3449 globum
1255 3382 1452 3437 anima:
1496 3383 1853 3450 perfectiores

295 3486 324 3522 a
357 3470 585 3525 mortuis
628 3470 900 3524 suscitata:
947 3470 1328 3524 rotundentur.
1367 3470 1445 3524 Ex
1485 3486 1546 3526 ea
1590 3487 1850 3541 praeterea

294 3559 621 3624 assertione,
672 3574 792 3629 qua:
833 3559 1031 3613 animis
1064 3574 1162 3628 pro
1199 3561 1486 3615 criminum
1537 3564 1695 3617 modo
1729 3577 1853 3616 cor-

292 3666 425 3719 pora
460 3651 579 3722 plus
616 3652 861 3705 minusve
899 3665 1081 3705 crassa
1142 3651 1340 3720 imponi
1369 3654 1577 3716 sciscit.
1623 3654 1856 3710 edicitur

293 3740 448 3807 illud,
497 3741 769 3795 diversum
812 3740 930 3796 fore
976 3742 1288 3811 resurgendi
1334 3744 1588 3808 modum;
1616 3744 1851 3815 splendi-

294 3831 526 3901 diusque
556 3845 619 3885 ac
643 3830 898 3886 subtilius
926 3831 1155 3885 inituras
1178 3846 1373 3900 corpus
1401 3832 1630 3897 animas,
1657 3850 1777 3904 quae
1800 3837 1851 3889 in

295 3922 588 3977 virtutibus
636 3936 778 3987 sese,
831 3922 956 3976 dum
1006 3922 1060 3977 in
1107 3925 1269 3978 terris
1306 3933 1495 3992 agunt,
1541 3925 1855 3995 diligentius

294 4021 591 4075 exercent;
623 4028 742 4082 qua:
765 4022 952 4066 contra
987 4024 1344 4081 prorumpunt
1376 4014 1428 4068 in
1456 4015 1606 4082 vitia,
1640 4018 1858 4073 densio-

297 4103 447 4155 ribus
472 4118 537 4155 ac
570 4103 881 4157 rudioribus
912 4104 1228 4171 corporibus
1248 4104 1556 4173 adjunctum
1586 4106 1672 4160 iri.
1706 4105 1857 4163 Nunc

296 4202 473 4246 utrmn
520 4194 781 4249 doctrina;
830 4210 939 4249 sua:
1004 4195 1249 4249 ordinem
1308 4211 1373 4250 ac
1415 4197 1853 4252 consecutionem

293 4284 556 4355 Origenes
612 4287 871 4350 tenuerit,
932 4303 998 4340 ex
1059 4286 1287 4340 aliorum
1360 4286 1853 4355 criminationibus,

295 4378 574 4447 ipsiusque
602 4378 843 4446 scriptis,
867 4380 1251 4449 expendamus.

364 4487 454 4544 lli.
483 4490 815 4546 Accusatum
844 4504 967 4545 eum
1015 4489 1183 4543 refert
1219 4490 1555 4560 Pamphilus,
1601 4495 1743 4563 quod
1772 4509 1857 4549 re-

1960 3304 2074 3349 ctos
2110 3294 2200 3362 qui
2230 3304 2383 3348 erant
2420 3294 2472 3346 in
2505 3294 2668 3358 Sceti,
2696 3295 3027 3361 depromitur
3060 3310 3089 3346 a
3121 3293 3427 3349 Justiniano
3455 3294 3508 3346 in

1958 3384 2184 3450 epistola
2225 3386 2288 3439 ad
2340 3384 2592 3439 Menam:
2643 3400 2848 3439 necnon
2896 3393 2951 3438 et
2996 3385 3144 3439 locus
3189 3400 3257 3439 ex
3292 3386 3525 3455 epistola‘

1960 3473 2143 3545 Cyrilli
2169 3474 2233 3528 ad
2267 3475 2560 3529 monachos
2587 3476 2674 3543 qui
2708 3485 2860 3527 erant
2892 3475 2942 3527 in
2973 3472 3143 3538 Phua,
3176 3489 3283 3543 quo
3309 3473 3519 3543 signiti-

1962 3573 2117 3615 catur
2154 3562 2485 3617 anathemati
2510 3565 2809 3632 subjectum
2845 3563 3008 3617 fuisse
3040 3564 3349 3633 Origenem,
3374 3565 3516 3631 quod

1963 3660 2293 3706 mortuorum
2329 3656 2780 3710 resurrectionem
2814 3654 3256 3725 negaveritJluic
3275 3654 3520 3724 epistolae

1963 3747 2029 3797 ad
2053 3743 2261 3798 Menam
2297 3745 2567 3815 geminum
2605 3745 2949 3815 subiungitur
2986 3745 3315 3814 ex.0rigene
3365 3750 3519 3800 testi-

1963 3840 2203 3893 monium
2227 3841 2328 3894 hoc
2347 3856 2533 3895 errore
2563 3857 2877 3909 aspersum;
2912 3841 3054 3895 aliud
3078 3858 3152 3895 ex.
3172 3841 3261 3895 lib.
3293 3858 3330 3895 ll
3381 3842 3520 3909 Περὶ

1965 3930 2186 3999 ἀρχῶν,
2231 3947 2337 4000 quo
2368 3947 2590 4000 corpora
2642 3933 2708 3986 ab
2751 3934 3004 3987 omnibus
3039 3932 3360 4001 depositum,
3389 3935 3521 3986 etin

1966 4024 2190 4076 nihilum
2225 4024 2499 4078 redactum
2535 4024 2598 4078 iri
2631 4025 2907 4090 statuitur,
2935 4039 3054 4078 cmn
3076 4023 3183 4078 Deo
3199 4024 3377 4077 omnia
3400 4027 3524 4078 sub-

1955 4112 2254 4179 jicientur;
2286 4130 2603 4183 rursumque
2631 4116 2809 4170 futura
2847 4131 3097 4184 Corpora,
3145 4116 3188 4170 si
3226 4116 3519 4170 rationales

1963 4219 1992 4257 a
2023 4206 2391 4274 superioribus
2420 4208 2780 4262 descendant:
2820 4208 2963 4263 aliud
3007 4225 3075 4264 ex
3125 4209 3264 4264 libro
3296 4218 3512 4279 quarto,

1962 4311 2069 4364 quo
2097 4298 2235 4351 idem
2272 4298 2627 4365 signiﬁcatur.
2655 4300 2910 4366 Queritur
2956 4311 3215 4371 prteterea
3261 4300 3522 4355 Justiuia-

1965 4404 2063 4442 nus
2098 4389 2235 4456 apud
2278 4390 2519 4457 quintam
2562 4394 2850 4460 synodum.
2883 4394 2933 4446 in
2960 4394 3183 4459 epistola
3230 4408 3386 4459 quam
3424 4393 3521 4447 de-

1964 4478 2501 4547 scripsitCedrenus,
2532 4479 2801 4535 afﬁrmare
2839 4482 3193 4551 Origenistas,
3221 4481 3344 4536 Ὅτι
3382 4498 3520 4535 παν-

295 4578 692 4634 surrectionem
726 4588 1061 4633 mortuorum
1087 4577 1337 4632 absolute
1364 4581 1666 4649 sustulerit,
1696 4593 1857 4651 atque

1962 4571 2120 4642 τελής
2151 4573 2265 4623 ἐστι
2304 4571 2412 4623 τῶν
2453 4571 2721 4639 σωμάτων
2765 4572 3055 4643 ἀναίρεσις,
3087 4571 3250 4627 αὐτοῦ
3288 4571 3381 4625 τοῦ
3414 4574 3525 4625 Κυ-

297 4668 440 4724 banc
495 4669 932 4724 criminationem
972 4668 1205 4738 septimo
1248 4669 1366 4724 loco
1412 4673 1638 4739 positam
1669 4675 1858 4728 confu-

301 4771 396 4815 tat.
445 4760 778 4851 Epipbapius
819 4761 948 4815 haer.
988 4777 1131 4827 thv,
1183 4776 1300 4829 cap.
1352 4762 1439 4827 ll,
1486 4774 1737 4817 conatum
1783 4765 1863 4819 ait

297 4872 419 4910 eum
449 4856 500 4909 in
534 4854 921 4909 Commentario
970 4856 1023 4908 in
1062 4854 1324 4921 psalmum
1354 4871 1392 4919 ι,
1433 4856 1527 4908 Ἐκ
1575 4856 1686 4911 τῶν
1718 4856 1863 4910 κατὰ

298 4947 460 5016 φύσιν
482 4949 613 5018 ἡμῖν
648 4946 1050 5018 συμϐαινόντων
1083 4945 1377 5017 ἀνατρέψαι
1409 4947 1505 5017 τῆς
1536 4947 1705 5017 αὐτῆς
1736 4952 1863 5003 ἀνα-

299 5039 541 5102 στάσεως
594 5039 748 5110 ἡμῶν
793 5039 849 5090 ἐν
896 5036 1122 5111 ἀληθείᾳ
1163 5037 1371 5100 ἐλπίδος
1409 5036 1506 5109 τὴν
1552 5037 1856 5108 ὁμολογίαν,

305 5147 323 5180 ι
355 5128 433 5182 Ex
469 5129 535 5181 iis
590 5128 744 5196 ipsis,
793 5141 913 5195 quae
965 5128 1287 5180 naturaliter
1311 5126 1465 5180 nobis
1488 5128 1771 5192 eveniunt,
1805 5126 1857 5183 id

302 5218 525 5286 assequi
582 5228 641 5271 ut
692 5217 1108 5272 resurrectionis
1149 5226 1348 5292 nostra:
1394 5231 1517 5272 cum
1565 5232 1660 5286 spe
1710 5227 1859 5272 certa

298 5307 644 5375 coniunctam
686 5306 1076 5376 professionem
1134 5306 1374 5362 funditus
1424 5306 1658 5363 tolleret.
1711 5307 1856 5363 Idem

301 5415 426 5469 cap.
478 5399 549 5454 65
598 5397 826 5453 subdole
866 5413 987 5452 eum
1027 5398 1103 5451 ait
1154 5408 1207 5451 et
1238 5397 1391 5454 vafre
1446 5400 1860 5454 resurrectionis

306 5506 506 5548 nomen
538 5491 847 5556 admittere,
882 5505 995 5545 rem
1028 5491 1199 5560 ipsam
1228 5490 1459 5544 inficiari
1482 5507 1496 5544 :
1523 5491 1723 5560 quippe
1749 5506 1865 5544 cor-

304 5600 404 5657 pus
433 5587 742 5655 neutiquam
774 5596 1076 5653 resurgere,
1094 5581 1187 5636 sed
1215 5581 1382 5635 solam
1412 5584 1646 5636 animam
1679 5582 1865 5637 decer-

307 5685 435 5738 nat;
492 5673 727 5727 animam
780 5682 959 5727 autem
1027 5686 1132 5727 non
1197 5685 1507 5741 resurgere,
1577 5686 1697 5743 qua:
1758 5685 1865 5725 non

310 5765 477 5832 cadit,
517 5779 617 5820 nec
654 5765 1055 5836 exstinguitur;
1089 5778 1289 5833 corpus
1335 5778 1548 5834 quoque
1578 5762 1729 5831 juxta
1782 5763 1862 5832 ip-

304 5858 415 5917 sius
457 5860 665 5917 saucita
705 5875 811 5916 non
842 5872 1162 5929 resurgere;
1206 5856 1527 5924 nihiligitur
1556 5871 1861 5926 resurgere,

1969 4663 2082 4734 ρίου
2128 4661 2341 4733 πρώτου
2386 4662 2774 4735 ἀποτιθεμένου
2822 4662 2882 4716 τὸ
2927 4662 3057 4716 ἴδιον
3086 4664 3262 4734 σῶμα,
3293 4666 3383 4717 καὶ
3415 4663 3525 4717 τῶν

1965 4756 2165 4811 λοιπῶν
2238 4757 2510 4820 ἁπάντων,
2580 4758 2673 4809 καὶ
2728 4757 2809 4809 ὅτι
2883 4756 3301 4827 ἀνακομίζονται
3364 4757 3522 4810 πάλιν

1968 4848 2206 4908 ἅπαντες
2262 4846 2340 4909 εἰς
2393 4846 2490 4917 τὴν
2537 4846 2705 4916 αὐτὴν
2744 4845 2924 4908 ὲνάδα,
2970 4847 3063 4899 καὶ
3104 4846 3341 4914 γίνονται
3382 4845 3520 4908 νόες,

1969 4938 2109 4991 καθὰ
2137 4939 2230 4991 καὶ
2263 4940 2319 4991 ὲν
2364 4941 2430 5010 τῇ
2482 4938 2817 5011 προῦπάρξει
2865 4937 3176 5009 ἐτύγχανον.
3238 4957 3255 4988 ι
3284 4936 3522 5006 Corpora

1966 5030 2178 5099 penitus
2208 5030 2455 5095 interire,
2497 5030 2614 5097 ipso
2657 5030 2884 5085 Domino
2934 5032 3167 5100 primum
3225 5029 3525 5096 deponente

1964 5122 2237 5192 proprium
2263 5136 2481 5190 corpus,
2516 5132 2571 5175 et
2615 5122 2834 5189 reliquis
2875 5123 3125 5176 oumibus
3168 5136 3182 5186 ;
3239 5129 3294 5174 et
3336 5134 3526 5174 omnes

1964 5228 2152 5268 rursus
2175 5213 2238 5265 ad
2268 5215 2509 5267 eamdem
2542 5214 2797 5268 unitatem
2833 5214 3031 5277 redire,
3064 5225 3118 5266 et
3142 5222 3350 5266 mentes
3388 5212 3524 5278 fieri,

1967 5304 2271 5373 cujusmodi
2323 5312 2478 5357 antea
2519 5314 2694 5359 erant.
2743 5323 2761 5356 ι
2806 5303 2989 5374 Itaque
3020 5313 3239 5374 prepter
3262 5303 3524 5379 sublatam

1970 5411 2253 5465 corporum
2306 5397 2760 5452 resurrectionem
2800 5400 3111 5453 damnatum
3154 5391 3324 5452 fuisse
3367 5413 3393 5451 a
3442 5412 3529 5466 sy-

1974 5492 2114 5543 nodo
2162 5488 2348 5557 quinta
2389 5487 2673 5558 Origenem
2719 5497 2945 5542 testatur
2992 5487 3216 5541 Photius
3257 5488 3307 5541 in
3352 5486 3530 5539 libello

1975 5579 2050 5634 De
2078 5581 2313 5650 synodis,
2359 5588 2415 5634 et
2454 5589 2643 5633 auctor
2683 5579 2921 5633 incertus
2965 5578 3129 5633 libelli
3175 5577 3253 5630 De
3293 5577 3530 5645 synodis,

1972 5672 2061 5741 qui
2095 5672 2147 5726 in
2180 5669 2456 5726 Justellina
2494 5658 2971 5738 Bibliotltecajuris
3003 5669 3243 5723 canonici
3300 5670 3532 5723 insertus

1968 5770 2069 5827 est,
2100 5772 2153 5817 et
2177 5777 2349 5817 canon
2380 5762 2588 5831 primus
2617 5763 2804 5831 synodi
2850 5761 3195 5831 quiuisextae,
3236 5767 3289 5814 et
3333 5761 3531 5813 Cedre-

1976 5870 2102 5911 nus.
2136 5852 2402 5910 Placitum
2440 5854 2564 5910 huic
2617 5854 2755 5909 idem
2788 5856 3067 5911 ascribunt
3109 5853 3443 5921 Sophronius
3477 5853 3526 5904 in
