4068 6308
586 354 694 407 983

1889 357 1948 412 P.
1992 353 2306 410 DANELIS
2345 352 2577 410 HUETII

3703 359 3794 416 984

585 469 810 536 epistola
858 471 924 524 ad
978 470 1250 542 Sergium,
1286 483 1338 526 et
1384 487 1686 544 anonymus
1721 473 1859 542 apud
1903 473 2154 527 Photium
2185 475 2230 531 A
2261 469 2490 522 mediam
2522 470 2761 524 tenuisse
2801 468 2938 522 viam
2976 469 3115 524 inter
3152 469 3459 525 Catholicos
3485 485 3662 526 veram
3685 490 3788 530 car-

582 559 705 613 eod.
735 575 908 623 (ιινιε,
937 571 992 615 et
1029 561 1261 618 Joannes
1290 564 1655 621 Damascenus
1688 566 1737 621 in
1781 566 1918 622 libro
1949 565 2023 618 De
2049 568 2147 620 hce-

583 653 808 718 resibus,
841 662 896 708 et
924 654 1314 712 Constantinus
1365 658 1793 730 llarmenopolus
1820 659 1874 714 in
1905 659 2042 713 libro
2074 659 2150 714 De

584 746 760 807 sectis,
813 756 869 800 et
920 756 1050 802 ante
1097 764 1220 802 eum
1281 749 1480 821 Glycas
1537 754 1823 808 Annalium
1871 762 2009 824 part.
2063 768 2145 819 ιιι,

581 839 830 902 quamvis
901 849 1057 901 parte
1110 855 1161 893 tv
1214 856 1438 911 corpora
1480 847 1695 913 quidem
1749 857 2145 908 resurrectura,

580 928 675 980 sed
705 943 808 982 nou
842 929 1031 986 eadem
1067 933 1344 988 censuisse
1373 935 1543 1003 ipsum
1580 946 1875 993 assereret.
1907 937 2148 1006 Denique

579 1015 842 1084 Cyriacus
867 1022 1006 1088 apud
1042 1019 1352 1076 Simeonem
1398 1023 1816 1091 Metaphrastem
1840 1026 2040 1081 dixisse
2071 1028 2147 1080 ait

578 1104 915 1176 Origenistas
968 1110 1129 1167 Novae
1177 1113 1370 1170 Laurea
1405 1116 1458 1170 in
1502 1115 1815 1181 l’almstiua,
1858 1135 1879 1170 ι
1918 1133 2145 1187 corpora

578 1209 762 1252 nostra
791 1216 912 1269 quas
939 1201 1288 1257 habuerimus
1317 1219 1384 1260 ex
1421 1209 1843 1273 resurrectione,
1893 1224 2012 1264 esse
2045 1226 2143 1281 pe-

577 1291 726 1345 nitus
761 1302 991 1348 veutura
1021 1295 1086 1348 ad
1116 1295 1422 1361 interitum,
1453 1309 1508 1352 et
1537 1299 1738 1353 Christi
1772 1301 1954 1369 primi.
1983 1321 2002 1354 ι

646 1380 736 1436 IV.
767 1383 848 1437 Ab
877 1386 960 1440 his
992 1386 1309 1444 criminibus
1359 1400 1554 1460 purgat
1591 1391 1978 1447 Adamantittm
2003 1395 2147 1463 quod

578 1491 740 1544 supra
769 1478 1284 1545 demonstravimus,
1315 1493 1559 1538 creatum
1599 1484 1755 1549 nihil,
1803 1500 1869 1538 ex
1931 1486 2149 1542 decreto

577 1568 848 1639 Origenis,
899 1585 1129 1641 corpore
1167 1589 1382 1640 carere,
1435 1577 1575 1630 unde
1624 1578 1869 1645 sequitur
1892 1579 1976 1632 vel
2012 1579 2149 1648 inju-

575 1662 713 1714 riam
747 1662 870 1717 huic
904 1661 1107 1731 facere,
1151 1666 1243 1735 qui
1288 1667 1526 1722 sensisse
1569 1684 1693 1722 eum
1727 1668 1906 1723 ferunt
1933 1671 2149 1739 penitus

574 1752 862 1809 interitura
892 1770 1146 1825 corpora,
1182 1766 1238 1812 et
1284 1759 1337 1812 in
1383 1759 1608 1815 nihilum
1660 1744 2020 1825 dissolvenda,
2055 1761 2145 1819 vel

2257 556 2341 626 nis
2393 560 2847 613 resurrectionem
2880 566 3119 623 tuentes,
3168 569 3224 612 et
3268 561 3555 616 haereticos
3587 559 3794 618 Marcio-

2251 661 2398 712 nem,
2445 645 2707 716 Apellem,
2769 645 3121 702 Valentinum
3169 658 3223 702 et
3267 648 3500 717 Martem,
3570 665 3788 711 resurre-

2251 740 2486 795 ctionem
2518 739 2730 794 nonnisi
2765 740 2816 794 in
2851 740 3229 810 phantasmate
3260 741 3497 796 futuram
3551 746 3795 802 arbitran-

2256 838 2356 887 tes.
2390 848 2409 882 ι
2438 831 2550 886 Sibi
2598 841 2778 885 autem
2832 843 3118 901 utramque
3153 833 3442 902 displicere
3499 837 3794 895 sententiam

2259 925 2483 994 (asserit
2537 923 2826 994 Origenes)
2883 925 3070 995 fugere
3101 941 3158 980 se
3191 935 3243 980 et
3285 937 3599 984 nostrorum
3631 945 3798 987 carnes

2253 1013 2441 1082 (verba
2495 1024 2620 1071 sunt
2664 1015 3004 1087 Hieronymi)
3043 1025 3099 1071 et
3156 1015 3538 1074 haereticorum
3594 1020 3795 1090 phanta-

2249 1120 2447 1172 smata,
2479 1107 2600 1176 quia
2640 1118 2869 1176 utraque
2923 1122 3049 1176 pars
3095 1108 3146 1161 in
3191 1110 3526 1164 contrarium
3547 1111 3700 1166 nimia
3719 1117 3796 1182 sit,

2250 1199 2373 1253 aliis
2402 1199 2452 1253 id
2483 1199 2783 1254 volentibus
2810 1214 2869 1253 se
2898 1213 3020 1254 esse
3047 1200 3190 1269 quod
3224 1201 3464 1265 fuerunt,
3495 1202 3617 1258 aliis
3637 1218 3794 1262 resur-

2259 1291 2556 1345 rectionem
2585 1307 2872 1361 corporum
2897 1292 3120 1347 omnino
3151 1293 3562 1363 denegantibus.
3601 1314 3620 1350 ι

2324 1383 2389 1439 ν.
2431 1383 2680 1442 Ostendit
2717 1385 2879 1439 etiam
2930 1399 3035 1438 non
3073 1386 3286 1454 penitus
3326 1387 3596 1442 sublatam
3642 1388 3704 1444 ab
3740 1407 3795 1448 eo

2251 1474 2419 1530 fuisse
2451 1490 2736 1546 corporum
2765 1477 3241 1541 resurrectionem,
3263 1477 3407 1546 quod
3446 1489 3632 1532 narrat
3660 1479 3793 1534 Patu-

2250 1565 2431 1635 philus
2470 1567 2521 1620 in
2549 1566 2824 1636 Apologia,
2862 1585 2880 1617 ‹
2905 1582 3029 1622 eum
3056 1583 3255 1636 corpus
3283 1569 3506 1638 quidem
3543 1585 3793 1642 resurgere

2249 1658 2518 1723 contiteri,
2548 1671 2768 1712 carnem
2797 1673 2926 1712 vero
2961 1673 3178 1728 negare.
3206 1679 3225 1712 ι
3267 1657 3419 1714 Idem
3461 1661 3512 1714 in
3541 1677 3604 1716 eo
3638 1664 3792 1732 culpat

2253 1748 2585 1814 Methodius,
2616 1749 2669 1802 in
2705 1748 2846 1804 libro
2881 1749 2961 1804 De
2986 1753 3394 1816 resurrectione,
3419 1767 3529 1822 quo
3553 1753 3650 1809 hoc
3689 1755 3792 1812 Ori-

575 1845 750 1914 ipsum
804 1857 976 1914 certe,
1027 1848 1180 1918 juxta
1227 1867 1430 1906 morem
1493 1852 1814 1922 Scripturte,
1869 1855 2141 1910 interitum

2253 1842 2406 1911 genis
2438 1841 2632 1912 dogma
2662 1842 2936 1907 convellit,
2969 1853 3022 1898 et
3070 1845 3224 1914 cujus
3258 1843 3546 1914 Epitomen
3579 1846 3788 1902 Panario

575 1936 875 2006 appellasse
906 1939 1350 1997 instaurationem
1377 1953 1430 1998 et
1453 1943 1506 1998 in
1543 1944 1734 2000 melius
1762 1933 2145 2002 mutationem:

577 2027 658 2080 sic
687 2027 830 2082 enim
886 2027 1188 2086 Methodius
1219 2031 1351 2086 liter.
1385 2048 1529 2096 utr,
1558 2049 1680 2104 cap.
1711 2035 1804 2102 32,
1837 2034 1997 2099 Ἕθος
2029 2039 2148 2101 ταῖς

577 2120 820 2191 Γραφαῖς
869 2121 1093 2194 λέξομεν
1135 2125 1234 2198 τὴν
1273 2127 1352 2190 εἰς
1397 2126 1459 2180 τὸ
1505 2131 1751 2199 κρεῖττον
1796 2130 1890 2184 καὶ
1943 2130 2144 2198 ὲνδοξὸ-

573 2227 729 2279 τερον
770 2212 1208 2271 ἀποκατάστασιν
1250 2219 1455 2292 ταύτην
1493 2220 1588 2273 τοῦ
1658 2221 1864 2292 κόσμου
1914 2223 2146 2292 μεταϐο-

573 2299 672 2372 λὴν
721 2301 994 2364 ἀπώλειαν
1046 2305 1246 2376 λέγειν,
1297 2303 1408 2364 οἷον
1454 2310 1548 2365 τοῦ
1607 2311 1842 2382 πρόσθεν
1871 2312 2147 2382 σχήματος

575 2391 949 2463 ἀπολλυμένου
991 2397 1131 2451 κατὰ
1163 2398 1263 2470 τὴν
1298 2401 1377 2463 εἰς
1407 2400 1468 2452 τὸ
1499 2399 1854 2471 φαιδρότατον
1891 2401 2145 2455 ἁπάντων

577 2479 900 2555 ἐξαλλαγήν.
940 2503 958 2536 ι
989 2485 1193 2542 Morem
1224 2489 1366 2543 hunc
1394 2505 1514 2544 esse
1542 2492 1781 2546 dicemus
1826 2492 2142 2561 Scriptum,

576 2582 639 2627 ut
669 2578 851 2631 mundi
885 2579 1356 2645 instaurationem,
1385 2591 1549 2652 atque
1581 2584 1632 2637 in
1666 2583 1856 2638 melius
1900 2593 1952 2639 et
2006 2598 2145 2653 prte-

573 2668 812 2724 stantius
844 2673 1213 2738 mutationem,
1242 2675 1519 2729 interitum
1552 2675 1800 2746 appellet,
1830 2685 2018 2746 utpote
2047 2677 2136 2731 in-

574 2769 824 2816 tereunte
848 2763 1029 2830 priore
1061 2764 1259 2834 forma,
1279 2766 1404 2820 dum
1443 2766 1496 2820 in
1527 2767 1886 2838 pulchriorem
1909 2769 2136 2824 formam

572 2855 926 2908 convertitur.
955 2874 974 2907 ι
1019 2854 1222 2926 Purgat
1263 2872 1385 2913 eum
1425 2875 1642 2930 quoque
1678 2860 2044 2932 Hieronymus
2083 2862 2134 2916 in

572 2947 732 3014 epist.
780 2949 846 3002 ad
879 2945 1220 3019 Pammach.,
1269 2967 1393 3024 cap.
1440 2952 1496 3019 8,
1551 2969 1672 3008 cum
1725 2955 1898 3024 ipsum
1949 2954 2140 3009 scribit

2253 1947 2352 1988 suo
2402 1933 2632 1988 inseruit
2678 1932 3013 2004 Epiphanius
3062 1935 3195 1989 haer.
3243 1952 3393 2003 LXIV,
3422 1952 3683 2010 quamque
3716 1955 3788 1994 re-

2247 2025 2594 2096 praesentavit
2625 2024 2849 2080 Photius
2877 2026 2997 2084 cod.
3021 2041 3278 2095 ccxxxnv,
3304 2029 3495 2099 aitque
3529 2028 3786 2102 Origenem

2249 2135 2414 2190 super
2463 2120 2821 2188 responsione
2879 2117 3187 2174 Sadducazis
3231 2135 3262 2174 a
3304 2121 3539 2177 Domino
3582 2123 3693 2179 data
3723 2127 3788 2180 di-

2245 2213 2395 2267 xisse
2443 2211 2684 2266 futurum
2743 2221 2802 2266 ut
2854 2212 3060 2280 angelis
3113 2213 3322 2270 similes
3375 2217 3684 2283 evadamus,
3735 2233 3788 2274 ac

2247 2305 2472 2375 proinde
2519 2319 2689 2359 carne
2741 2306 3033 2361 nudemnr.
3081 2307 3222 2372 Quin
3261 2306 3434 2362 etiam
3489 2307 3788 2379 Origenistas

2246 2398 2440 2465 carpit,
2468 2396 2612 2451 velut
2649 2411 2866 2452 carnem
2912 2396 3055 2451 inter
3095 2409 3150 2453 et
3189 2413 3390 2470 corpus
3424 2401 3620 2471 aliquid
3647 2403 3784 2457 inter-

2244 2505 2361 2544 esse
2404 2489 2742 2559 suspicantes
2769 2489 2918 2561 (46);
2946 2493 3100 2561 quasi
3134 2507 3336 2563 corpus
3382 2495 3458 2548 sit
3486 2495 3668 2549 animae
3689 2511 3788 2564 pro-

2245 2583 2444 2653 prium,
2480 2583 2621 2651 quod
2654 2585 2802 2638 cerni
2837 2599 2942 2638 non
2972 2586 3143 2655 possit
3184 2603 3200 2653 ;
3244 2600 3380 2642 caro
3416 2596 3591 2643 autem
3623 2589 3787 2643 sitex-

2247 2681 2456 2729 ternum
2502 2672 2653 2737 illud,
2724 2675 2868 2743 quod
2923 2675 3097 2729 oculis
3167 2684 3489 2744 usurpatur.
3545 2677 3785 2731 Adversus

2244 2765 2499 2820 eumdem
2580 2778 2825 2820 errorem
2894 2765 3222 2822 auctoritate
3286 2765 3547 2822 Methodii
3609 2779 3783 2837 pugnat

2245 2855 2562 2911 Anastasius
2593 2854 2803 2910 Sinaita
2834 2856 3189 2927 Cautemplat.
3211 2859 3456 2930 Anagog.
3485 2860 3579 2913 lib.
3601 2875 3669 2914 χι.
3693 2857 3782 2914 Nec

2245 2948 2352 3004 alio
2381 2947 2600 3002 videtur
2627 2956 2878 3018 spectare
2902 2947 3196 3020 Epiphanii
3223 2951 3494 3007 adversus
3526 2950 3778 3020 Origenem

637 3124 758 3199 ¹(ΜΞ)
790 3125 932 3192 Quin
959 3127 1115 3180 etiam
1133 3127 1472 3205 prigeaistas
1509 3132 1702 3199 carpit,
1765 3129 1903 3205 uelut
1935 3144 2147 3183 carnem
2176 3133 2218 3191 ο
2259 3127 2492 3205 ratione.
2531 3126 2625 3205 |_lis
2648 3129 2957 3205 praemissis
2992 3129 3152 3187 facile
3186 3133 3518 3205 intelligetur
3542 3128 3774 3205 quidnsibi

575 3197 715 3251 inter
746 3206 795 3252 et
845 3213 1033 3264 corpus
1090 3199 1292 3267 aliquid
1347 3197 1610 3255 interesse
1643 3201 1990 3261 suspicantes,
2032 3211 2138 3254 etc.

573 3268 737 3340 Certe
773 3267 969 3335 ubique
997 3268 1258 3338 Origenes
1282 3284 1379 3338 per
1394 3285 1592 3340 corpus
1618 3270 1868 3338 intelligit
1890 3283 2137 3340 carnem,

576 3339 720 3410 sicut
771 3352 1116 3410 peccantem
1154 3340 1404 3410 intelligit
1453 3339 1667 3408 corpus.
1718 3341 1826 3394 Sed
1875 3339 2143 3409 quemad-

576 3407 795 3462 modum
842 3407 1068 3474 aliquid-
1101 3407 1367 3466 interesse
1436 3407 1627 3465 statuit
1675 3412 1816 3465 inter
1845 3407 2046 3478 corpus
2087 3418 2143 3463 et

574 3493 792 3546 corpus,
823 3493 1041 3532 carnem
1077 3489 1132 3532 et
1154 3495 1394 3542 carnem,
1422 3481 1602 3535 habita
1641 3481 1774 3534 varii
1811 3479 1928 3547 ejus
1966 3489 2140 3533 status

573 3551 828 3613 ratione;
866 3549 948 3602 sic
987 3549 1189 3618 aliquid
1241 3552 1502 3606 interesse
1544 3552 1678 3604 dicit
1733 3553 1876 3604 inter
1915 3564 2137 3604 carnem

572 3629 628 3674 et
657 3634 872 3686 corpus.
926 3619 1026 3673 Per
1062 3636 1280 3675 Carnem
1325 3623 1471 3675 enim
1508 3622 1644 3676 nihil
1691 3621 1834 3675 aliud
1883 3619 2139 3686 intelligit

572 3704 736 3758 quam
775 3703 1012 3743 crassam
1061 3690 1204 3744 illam
1256 3708 1320 3746 ac
1368 3704 1636 3746 terrenam
1668 3693 1916 3759 corporis
1943 3691 2136 3744 molem

571 3769 626 3813 et
647 3774 954 3828 compagem
985 3762 1316 3828 corruptioni
1341 3764 1701 3830 omnibusque
1733 3760 2138 3814 inﬁrmitatibus

571 3830 868 3882 obnoxiam
909 3846 925 3892 ;
978 3845 1075 3898 per
1131 3847 1330 3899 corpus
1381 3849 1509 3896 vero
1558 3829 1728 3901 ipsam
1781 3829 2138 3898 eamdemque

573 3914 817 3969 carnem,
849 3902 944 3952 sed
978 3916 1118 3966 quas,
1149 3903 1523 3969 qualitatibus,
1555 3920 1659 3956 non
1693 3910 1910 3966 natura,
1958 3911 2134 3964 muta-

574 3969 666 4033 tis,
728 3967 850 4022 talis
882 3969 934 4020 in
972 3967 1370 4027 resttrrectiono
1417 3974 1609 4037 evasit,
1657 3971 1870 4040 qualem
1924 3979 2138 4040 oportet

574 4053 696 4092 esse
739 4051 859 4111 eam
892 4053 1014 4111 qua:
1050 4041 1101 4093 in
1133 4041 1337 4094 aethere
1375 4057 1546 4110 eoque
1598 4039 2136 4111 superioribuslocis

576 4108 998 4180 versaridebet,
1035 4111 1337 4180 nequejatn
1379 4108 1736 4180 corruptioni,
1768 4125 1866 4164 nec
1908 4110 2136 4163 inllrtui-

578 4179 672 4232 tati
733 4178 822 4232 ulli
878 4180 1138 4245 subjacet.
1194 4179 1346 4246 Quod
1392 4178 1735 4234 manifestum
1786 4180 1846 4234 lit
1897 4189 2006 4233 tum
2065 4193 2132 4232 ex

575 4250 670 4304 lib.
705 4265 760 4304 Ill
795 4249 935 4316 Περὶ
980 4248 1198 4318 ἀρχῶν,
1241 4268 1360 4320 cap.
1401 4253 1454 4318 6,
1498 4269 1646 4304 nunt.
1692 4250 1725 4304 5
1761 4268 1776 4303 :
1826 4267 1844 4300 ι
1898 4249 2134 4320 Denique

573 4336 703 4375 caro
763 4331 946 4376 nostra
999 4323 1066 4373 ab
1117 4322 1380 4390 imperitis
1428 4331 1485 4376 et
1540 4321 1846 4375 inlidelibus
1899 4319 1971 4390 ita
2010 4329 2132 4388 post

573 4400 804 4446 mortem
843 4393 1087 4458 deperire
1103 4389 1471 4458 exiStimatur,
1497 4412 1514 4442 ι
1555 4404 1687 4455 etc.,
1714 4405 1882 4456 usque
1909 4389 1998 4454 ad,
2029 4407 2047 4438 ί
2076 4390 2127 4441 iu

2254 3197 2487 3252 voluerit
2530 3199 2791 3270 Origenes
2830 3199 2887 3270 in
2924 3201 2989 3257 iis
3012 3197 3636 3258 contextibus'inlra‘ab
3665 3199 3777 3252 liue-

2251 3270 2346 3342 tjo,
2386 3279 2456 3342 _et
2504 3268 2668 3342 supra
2719 3268 3160 3342 abLHieronymo
3207 3285 3258 3328 et
3304 3273 3579 3328 Methodio
3607 3271 3772 3322 allatis.

2249 3337 2398 3404 Quod
2432 3339 2577 3392 enim
2617 3339 2714 3397 ait.
2751 3358 2768 3391 ι
2806 3340 2990 3409 lugere
3017 3337 3079 3396 s'e
3111 3352 3424 3398 nostrorum
3479 3355 3658 3398 carnes
3702 3353 3776 3391 ne-

2248 3422 2401 3462 cesse
2447 3424 2568 3462 esse
2621 3419 2682 3462 ut
2734 3410 2787 3462 in
2847 3411 3244 3467 resurrectione
3289 3430 3463 3468 carne
3519 3413 3768 3464 nudemnr:

2247 3493 2350 3530 nec
2383 3479 2598 3532 easdem
2630 3495 2826 3533 carnes
2872 3493 3301 3547 resurrecturas,
3344 3505 3364 3536 ι
3407 3494 3534 3542 etc.,
3569 3482 3614 3534 id
3644 3478 3773 3533 intel-

2247 3547 2362 3617 ligit
2406 3549 2471 3602 de
2509 3564 2676 3603 carne
2714 3551 3051 3618 corruptibili
3097 3562 3152 3607 et
3198 3553 3602 3607 infirmitatibus
3629 3548 3775 3602 adhuc

2246 3619 2505 3690 obnoxia,
2548 3634 2710 3690 quam
2761 3621 2840 3674 sic
2887 3631 3189 3690 acceptam,
3233 3624 3490 3678 videlicet
3524 3623 3575 3676 in
3617 3619 3772 3690 iisdem

2246 3687 2674 3753 inﬁrmitatibus,
2715 3689 2967 3758 nullaque
3008 3687 3060 3744 in
3109 3694 3304 3748 melius
3345 3696 3488 3748 facta
3517 3689 3774 3745 mutatione

2247 3769 2674 3835 resurrecturum
2711 3774 2832 3835 esse
2872 3771 3055 3835 negat;
3107 3766 3200 3835 sed
3234 3766 3372 3818 hanc
3407 3765 3594 3835 ipsam,
3625 3768 3772 3835 muta-

2248 3829 2316 3902 ti_s
2364 3829 2738 3902 qualitatibus,
2789 3831 2839 3882 in
2890 3832 3318 3902 incorruptione,
3360 3829 3632 3902 in’virtttte
3657 3838 3701 3882 et
3726 3829 3769 3878 in

2243 3898 2411 3967 gloria
2467 3913 2893 3971 resurrecturum
2955 3916 3073 3955 esse
3112 3898 3478 3971 'pronuntiat.
3544 3901 3657 3955 Hth
3703 3904 3771 3949 est

2243 3976 2500 4043 constans
2529 3967 2779 4043 Origeuis
2804 3971 2986 4043 opinio
3017 3967 3177 4040 quam
3204 3975 3413 4043 apertis
3444 3974 3612 4043 verbis
3636 3981 3773 4043 Θεβοῗ

2245 4039 2325 4110 nit
2378 4039 2472 4093 lih.
2518 4054 2576 4092 ιιι
2620 4038 3042 4110 Περὶᾼάρχῶνί
3069 4058 3187 4110 cap.
3234 4038 3288 4106 6,
3335 4060 3485 4096 nunt.
3521 4041 3552 4094 5
3594 4038 3770 4110 el6,_el

2241 4105 2456 4183 I_il).__l|l
2507 4105 2710 4183 contra'
2744 4105 2973 4183 Celsum,
3033 4105 3178 4166 num.
3220 4105 3308 4171 Η.
3370 4114 3538 4183 Εἴπερ
3581 4105 3769 4183 δυνατὸν

2240 4177 2487 4254 ᾁμείόειν
2501 4179 2790 4254 τξοιότιξτας
2805 4180 2900 4251 τὴν
2911 4181 3085 4254 -ὑποκε
3093 4200 3107 4234 ι
3115 4183 3280 4254 μένην
3301 4177 3769 4254 πάσαιςήοιᾴτησιξ

2241 4246 2406 4325 eam;
2463 4251 2580 4313 πῶς
2627 4246 2966 4325 osamsz
3009 4246 3248 4325 καῖ-τῆν’
3273 4254 3456 4325 σάρκα
3486 4251 3572 4305 τοῦ
3619 4246 3766 4325 ξιηςοῦ

2237 4317 2546 4390 ἀμὲίψασαν
2605 4322 2894 4391 ποιότητας
2953 4317 3230 4392 γεγονέναι
3293 4317 3563 4392 τοιαύτην,
3611 4317 3768 4393 ἐνποίαζιι

2238 4392 2402 4442 ὲγοῆν
2434 4388 2571 4442 εἶναι
2604 4392 2701 4442 τὴν
2742 4394 2797 4442 ὲν
2839 4391 3014 4442 αἰθέρι
3062 4395 3156 4442 καὶ
3187 4398 3296 4442 τοῖς
3333 4395 3584 4442 ἀνωτάτω
3627 4389 3764 4440 αὐτου

2267 4408 2299 4459 X

2375 4383 2402 4443 ν
2434 4388 2571 4464 εἶναι
2604 4392 2701 4462 τὴν
2742 4383 2797 4464 ἐν
2839 4383 3042 4464 αἰθέρα
3062 4395 3156 4446 καὶ
3187 4398 3296 4458 τοῖς
3333 4383 3584 4447 ἀνωτάτω
3627 4383 3764 4464 αὑτοῦ

575 4408 804 4446 mortem
843 4408 1087 4458 deperire
1103 4408 1471 4458 eiusuntatur,
1497 4412 1514 4442 ι
1555 4408 1687 4455 etc.,
1714 4408 1882 4456 usque
1909 4408 1998 4454 au,
2029 4408 2047 4438 ί
2076 4408 2127 4441 ιιι

575 4463 1044 4539 gloria__corporis
1096 4464 1352 4539 proliciet
1393 4463 1684 4539 spiritalis;
1727 4481 1747 4514 ι
1796 4475 1917 4539 (ιιι-ῳ
1964 4460 2126 4539 verba

2247 4408 2402 4512 εχρην
2434 4408 2571 4444 ειναι
2604 4408 2701 4462 την
2742 4408 2797 4443 εν
2839 4408 3014 4464 αιυερι
3062 4408 3156 4446 και
3187 4408 3296 4458 τοίς
3333 4408 3584 4447 ανωτατω
3627 4408 3764 4468 aureo

2247 4463 2679 4539 no‘trsuottsy'qv,
2711 4462 2926 4539 κούκέτι
2965 4463 3220 4539 ’ἔχουσαν
3276 4466 3346 4518 τὰ
3389 4467 3485 4536 τῆς
3535 4472 3764 4539 σαρκικης

577 4548 682 4584 non
737 4530 913 4585 aliter,
947 4549 1010 4586 ac
1060 4530 1158 4587 nos
1207 4530 1538 4590 intellexisse
1593 4533 1804 4586 videtur
1860 4530 2122 4592 lluetius,

574 4601 771 4670 quippe
796 4618 914 4674 qua:
942 4604 1199 4658 catholica
1237 4608 1503 4674 reperiat:
1540 4614 1650 4657 tttttt
1680 4618 1744 4656 ex
1776 4601 1905 4674 ipsis
1943 4600 2127 4674 verbis

577 4669 700 4738 qua:
728 4672 864 4723 infra
905 4674 1069 4726 rell-rt
1113 4676 1252 4728 idem
1291 4669 1629 4729 clarisSinius
1654 4673 1846 4741 pra‘sul
1877 4686 1907 4726 e
1934 4669 2138 4725 Catena

575 4743 903 4798 tiorderiana
965 4745 1020 4794 in
1069 4745 1258 4811 psalm.
1316 4763 1506 4809 cxvut,
1569 4761 1712 4797 vers.
1759 4743 1854 4806 25,
1918 4755 2145 4810 quaeque

577 4812 844 4867 catholica
893 4813 1072 4865 itidem
1129 4818 1369 4882 reperire
1417 4819 1719 4880 debuisset,

577 4885 893 4976 cedetittilbus
931 4883 982 4976 it:
1012 4880 1262 4976 otnniLb'us
1311 4889 1506 4976 simillia
1531 4904 1544 4916 ο
1573 4885 1688 4970 Νῦν
1739 4884 1836 4976 μὲν
1857 4880 1860 4881 ⁷
1881 4880 2142 4976 ἐῇολλΔήθΕη

575 4954 654 5024 τῷ
717 4955 900 5023 ἐδάφει
952 4953 984 5022 ἡ
1036 4953 1202 5026 ψυχὴ,
1264 4958 1358 5008 καὶ
1402 4957 1589 5026 γέγονε
1633 4949 1767 5026 σάρξ
1799 4971 1812 4983 ’
1866 4954 1952 5026 ubi
1987 4949 2144 5021 σάρξζ

576 5040 723 5088 δαῖος
758 5027 891 5079 Illllil
929 5028 1072 5077 allutl
1110 5026 1379 5094 stgttibcat
1425 5045 1584 5094 quam
1616 5025 1837 5080 earttem
1870 5025 2143 5094 inilrtnatn

577 5104 632 5172 et
665 5095 1068 5172 corruptibiletn
1095 5116 1113 5172 :_
1145 5091 1232 5172 Ἰξν
1264 5096 1320 5148 δὲ
1345 5100 1410 5172 τῇ
1440 5091 1734 5172 ἀναστάσει
1755 5091 2145 5172 ξολλ-ηρήσεται

576 5165 617 5238 ᾖ
650 5164 785 5238 σὰρξ
815 5167 980 5237 ψυχῇ,
1034 5169 1126 5220 καὶ
1169 5167 1320 5220 ἔσται
1365 5164 1510 5238 ψυχὴ
1551 5171 1670 5238 ἥτις
1704 5164 2038 5238 κολληθξίίσαῌ
2067 5164 2147 5233 τῷ

577 5233 770 5311 Κνρίφ
811 5233 867 5288 ἒν
985 5239 1246 5311 ξιαΘολικῇ
1265 5233 1555 5292 ἀναστᾶσει
1575 5233 1786 5311 ’γίνεται
1811 5233 1875 5311 -ἓν
1900 5233 2144 5311 ῌνεῦ-μα,

577 5305 683 5360 καῖ
712 5305 1023 5380 γίνεται”τὸ
1072 5305 1245 5380 σῶμᾶ
1290 5305 1701 5380 πνευματικόνν
1733 5309 1824 5380 ubi
1877 5305 1940 5358 τὸ
1987 5306 2147 5376 σῶμα

578 5379 974 5450 πνευματικόν,
1025 5379 1264 5450 tcorpns
1315 5379 1580 5450 spiritale,
1628 5401 1646 5433 ι
1692 5379 1835 5432 idem
1882 5388 2040 5450 sonat
2083 5392 2147 5429 ac

580 5467 711 5508 caro
727 5448 1021 5519 Vspiritalis,
1047 5448 1200 5521 cujus
1232 5448 1425 5520 nempe
1444 5461 1661 5506 mutata:
1682 5456 1809 5504 sunt
1829 5448 2145 5521 qualitates.

584 5523 716 5574 haut
764 5522 810 5574 si
857 5535 985 5572 caro
1027 5519 1148 5590 poSt
1195 5522 1647 5576 resurrectionem
1682 5519 2148 5590 adhaaretauimte

579 5593 722 5668 et_li_t
748 5587 1404 5668 corptts__spiritale,ergo
1433 5592 1667 5660 resurgit
1691 5605 1822 5644 caro
1850 5587 1990 5668 ctiit
2018 5602 2147 5668 caro

582 5661 864 5729 spiritalis,
911 5662 1156 5730 nihilque
1207 5661 1359 5718 aliud
1397 5667 1625 5716 interest
1670 5675 1868 5728 corpus
1915 5661 2057 5710 inter
2094 5667 2148 5710 et

582 5745 826 5792 carnem,
864 5746 1027 5798 quam
1070 5733 1209 5801 quod
1252 5737 1478 5789 interest
1513 5748 1731 5788 carnem
1775 5733 1914 5801 inter
1942 5738 1998 5783 et
2027 5741 2147 5780 car-

585 5816 733 5868 nem,
771 5815 968 5869 corpus
1019 5799 1320 5874 et’corpus,
1379 5805 1560 5861 habita
1616 5803 1752 5859 varii
1804 5799 1922 5870 ejus
1977 5808 2148 5856 status

1791 4824 1977 4881 utpote
2008 4827 2146 4881 prte-

2231 4528 2508 4595 ἀσθενείας
2535 4528 2676 4597 tam;
2704 4531 2759 4585 Si
2791 4528 3390 4601 ntateriie"qualitatibus
3425 4528 3646 4587 omnibus
3672 4528 3764 4601 sttit-

2229 4604 2391 4670 jectw
2422 4606 2615 4672 mutari
2645 4603 2841 4670 possint
2877 4605 3176 4672 qualitates,
3207 4623 3300 4657 cur

3328 4606 3458 4676 ﬁeri
3474 4619 3574 4676 non
3603 4597 3760 4676 potuit.

2246 4687 2299 4724 ut
2364 4689 2489 4725 caro
2545 4671 2696 4734 Jesu,
2735 4671 2952 4725 mutatis
2988 4671 3350 4739 qualitatibus,
3387 4675 3506 4729 talis
3555 4671 3760 4727 evaserit,

2245 4745 2452 4810 qualem
2496 4744 2722 4808 oportuit
2778 4759 2888 4796 esse
2943 4759 3079 4806 eam,
3119 4762 3236 4813 qmr
3281 4747 3336 4800 in
3380 4745 3582 4802 a'tltere.
3628 4749 3760 4802 ροτμιε

2245 4815 2597 4880 superioribus
2626 4814 2752 4866 locis
2788 4824 3104 4878 versaretur,
3143 4816 3369 4881 nihilque
3390 4817 3586 4868 haberet
3611 4820 3758 4862 eorum

2245 4900 2360 4960 qua:
2409 4884 2630 4960 inﬁrma:
2674 4884 2849 4960 carnis
2887 4887 3098 4954 propria
3145 4898 3263 4939 sunt
3297 4887 3322 4940 ?
3367 4886 3460 4960 His
3499 4883 3623 4936 athla
3651 4889 3758 4960 ,ςιυκε

2248 4950 2500 5025 leguntur
2525 4955 2617 5007 lib.
2658 4969 2672 5006 ι
2719 4952 2816 5025 De
2842 4950 3118 5008 resurrect.
3145 4967 3198 5009 et
3227 4957 3281 5012 in
3309 4956 3492 5025 psalm.
3525 4967 3604 5004 xv.
3647 4950 3754 5000 Cotl-

2247 5021 2329 5077 fer
2358 5025 2520 5078 etiam
2559 5040 2682 5093 quas
2739 5024 3006 5077 habentur
3037 5025 3132 5080 lib.
3175 5043 3210 5080 ιι
3252 5021 3318 5081 ρι’
3355 5042 3409 5080 tv
3453 5025 3522 5078 De
3556 5030 3750 5073 resurre-

2247 5095 2454 5164 ctione;
2491 5095 2582 5149 lib.
2620 5112 2636 5149 ι
2667 5093 2804 5160 Περὶ
2835 5093 3056 5163 ἀρχῶν,
3087 5111 3204 5164 cap.
3245 5097 3347 5164 10;
3389 5097 3481 5150 lib.
3507 5108 3556 5148 tv
3605 5094 3752 5142 contra

2248 5163 2477 5235 Celsum,
2508 5183 2656 5220 num.
2677 5164 2778 5230 15;
2806 5165 2896 5218 lib.
2925 5163 3374 5235 v,nutn.’i7--Q3;
3419 5165 3507 5219 lib.
3534 5177 3610 5235 Vl,_
3631 5171 3748 5235 uuln.

2247 5234 2336 5298 9.9,
2379 5239 2430 5288 iu
2465 5228 2652 5304 psalm.
2687 5250 2725 5300 ι,
2763 5228 2915 5287 νει-ς.
2959 5228 3014 5299 5,
3053 5246 3105 5290 et
3150 5237 3242 5292 lib.
3279 5228 3465 5298 xxvnt.
3504 5235 3556 5289 in
3586 5228 3750 5304 [suam

2247 5291 2569 5378 prophetam,
2594 5316 2654 5378 et
2686 5291 2751 5378 ex
2779 5291 3112 5378 singulorum
3140 5291 3642 5378 locorumaecum};i
3662 5291 3748 5378 00k

2252 5363 2448 5448 latione
2477 5363 2897 5448 l'ateberisnihil
2920 5376 3025 5448 illis
3063 5377 3240 5432 inesse
3263 5381 3403 5448 quod
3437 5363 3746 5448 catholieodt}

2250 5444 2666 5501 llesurrectione
2717 5447 2955 5516 dogmati
2997 5462 3100 5500 non
3139 5432 3316 5517 possit
3337 5432 3521 5517 aptari,
3550 5442 3589 5494 si
3620 5432 3746 5517 "fit"?

2248 5512 2828 5590 quasdainexceperis
2873 5512 3293 5590 tjttmstittnculas
3343 5512 3473 5590 quas
3511 5512 3744 5590 luxuriet!“

2249 5575 2500 5653 Origcnis
2528 5575 2799 5659 ingenium
2827 5575 3095 5659 curiosius
3122 5575 3469 5658 persequens,
3500 5575 3743 5659 palliolil'fj

2248 5637 2793 5727 gati;"’p’r'ogsf.aiiai.
2838 5656 2972 5710 Nam
3022 5637 3312 5727 aliquandi;
3357 5637 3637 5714 ita'carnis

2250 5721 2495 5800 corporis
2524 5721 2774 5800 inn-nutat
2813 5721 3128 5800 qualitates,
3172 5741 3231 5784 ut
3257 5739 3311 5783 ct
3353 5729 3509 5800 ipsius
3531 5721 3736 5778 natura!"

2250 5799 2535 5856 immutare
2563 5797 2830 5857 videatur.
2859 5799 2933 5855 De
2958 5813 3066 5869 quo
3087 5800 3228 5856 infra
3253 5797 3490 5857 lluetius.
