4068 6308
287 398 389 455 985

1097 392 1672 450 ORIGENIANORUM
1711 392 1837 449 LIB.
1880 392 1944 459 Il,
1982 392 2138 448 CAP.
2181 392 2243 457 ΙΙ,
2282 392 2558 459 ρυΑΞδΤ.
2602 392 2689 449 ΙΧ.

3426 399 3538 454 986

287 510 511 582 querela
552 512 685 567 limr.
714 526 858 575 thv,
882 525 1002 578 cap.
1031 511 1085 576 ι,
1110 511 1221 581 Τὴν
1268 509 1378 565 τῶν
1413 511 1643 583 νεκρῶν,
1664 511 1860 582 inquit,

1964 511 2087 580 quia
2147 510 2288 566 sicut
2335 511 2725 581 primogenitus
2765 526 2831 564 ex
2886 513 3213 569 mortuisest
3249 513 3536 580 Christus,

284 602 586 658 ἀνάστασιν
620 602 811 673 ἐλλιπῆ
844 604 1099 664 ποιεῖται,
1130 602 1205 674 πῆ
1256 602 1353 673 μὲν
1400 603 1543 674 λόγῳ
1581 602 1861 674 παριστῶν

285 694 513 767 ταύτην,
554 692 629 766 πῆ
680 695 738 748 δὲ
793 695 1183 766 ἐξαρνούμενος
1226 695 1551 760 τελεώτατα,
1590 696 1776 749 ἄλλοτε
1804 697 1861 749 δὲ

285 788 379 841 καὶ
408 788 571 860 μέρος
594 788 651 854 ἐξ
668 787 836 858 αὐτῆς
865 787 1207 851 ἀνίστασθαι·
1242 808 1261 839 ι
1296 788 1627 845 Mortuorum
1674 804 1861 845 resur-

287 881 587 935 rectionem
645 880 1016 951 imperfectam
1068 896 1189 937 esse
1242 882 1445 947 docet;
1489 882 1688 953 partim
1734 896 1858 937 eam

279 971 468 1026 verbis
495 985 772 1035 asserens,
813 973 1010 1040 partim
1036 973 1278 1030 funditus
1314 974 1545 1039 tollens;
1576 972 1711 1029 alias
1732 988 1859 1028 vero

282 1070 498 1129 partem
529 1060 646 1129 ejus
667 1061 935 1116 duntaxat
982 1077 1271 1133 resurgere
1319 1064 1577 1131 tradens;
1623 1081 1642 1116 ι
1674 1072 1730 1120 et
1768 1064 1856 1118 illa

280 1151 561 1207 Vincentii
586 1150 990 1209 Bellovacensis
1017 1152 1228 1222 Speculi
1258 1154 1542 1209 doctrinal.
1572 1154 1669 1211 lib.
1699 1170 1858 1220 xvui,

275 1261 406 1313 cap.
466 1244 557 1310 45,
616 1260 741 1302 cum
789 1259 973 1300 veram
1025 1246 1102 1299 ait
1156 1248 1604 1302 resurrectionem
1676 1249 1860 1304 carnis

276 1337 572 1407 Origenem
624 1350 875 1406 negasse.
932 1334 1047 1391 Non
1100 1337 1238 1392 satis
1295 1347 1477 1394 autem
1530 1338 1858 1409 intelligitur

277 1429 409 1497 quid
435 1428 540 1483 sibi
576 1427 811 1482 voluerit
834 1426 1194 1497 Theophanes
1229 1428 1547 1495 Cerameus,
1571 1445 1695 1485 cum
1727 1432 1859 1486 scri-

277 1523 391 1589 psit
420 1517 607 1573 Itomil.
632 1518 726 1586 ‘22,
772 1519 865 1572 Ἐκ
892 1519 1078 1591 μέντοι
1096 1519 1189 1573 τοῦ
1224 1521 1400 1575 εἰπεῖν
1419 1538 1433 1552 ·
1480 1523 1552 1577 Ἦ
1581 1539 1637 1577 τι
1663 1522 1858 1593 ;δώσει

274 1613 590 1682 ἄνθρωπος
609 1612 1002 1683 ἀντάλλαγμα
1024 1614 1134 1681 τῆς
1159 1615 1369 1693 ψυχῆς
1388 1617 1575 1672 αὐτοῦ
1596 1634 1614 1683 ;
1640 1619 1855 1673 ἐπιστοο

279 1706 495 1778 μιζεται
524 1707 557 1777 ἡ
587 1706 741 1778 παρά
770 1707 864 1759 τοῦ
898 1706 1186 1779 ἐπωνύμου
1215 1709 1313 1780 τῆς
1338 1709 1508 1781 ὀργῆς
1549 1710 1860 1783 Ὠριγένους

276 1796 636 1868 πεπλασμένη
695 1797 1012 1861 ἀνάστασις.
1055 1819 1073 1851 ι
1112 1799 1379 1855 Caeterum
1430 1802 1660 1858 dicendo
1691 1820 1704 1833 ’
1752 1804 1855 1856 Aut

274 1907 437 1960 qnam
472 1891 618 1944 dabit
651 1890 808 1945 homo
835 1893 1269 1960 permutationem
1296 1910 1393 1963 pro
1434 1898 1616 1950 anima
1645 1913 1744 1951 sua
1772 1897 1856 1951 "‘l

278 1980 555 2036 refellitur
584 1980 815 2035 conﬁcta
845 1983 1181 2038 resurrectio
1222 1986 1289 2040 ab
1325 1984 1579 2057 Origene,
1629 1989 1716 2043 cui
1757 1988 1857 2044 fuit

280 2088 477 2129 nomen
499 2072 606 2125 ἀπὸ
628 2073 727 2143 τῆς
752 2073 923 2145 ὀργῆς
955 2075 1277 2132 derivatum.
1330 2096 1350 2129 ι

350 2165 466 2220 Non
509 2166 675 2221 semel
714 2167 765 2221 id
798 2168 971 2236 ipsum
1016 2182 1394 2233 asseverasse,
1426 2170 1568 2239 quod
1601 2172 1853 2241 proxime

279 2258 689 2313 commemorati
711 2258 1003 2329 scriptores
1029 2258 1321 2328 objiciunt,
1340 2259 1615 2314 fatendum
1636 2262 1855 2331 quidem

279 2359 362 2405 est
392 2368 406 2406 :
436 2361 559 2423 puta
615 2351 709 2405 liii.
768 2367 826 2415 ιι,
885 2351 1025 2421 Περὶ
1074 2350 1299 2420 ἀρχῶν,
1333 2368 1460 2424 cap.
1510 2356 1568 2422 3,
1616 2370 1764 2410 num.
1798 2355 1854 2422 2,

282 2458 303 2493 ι
332 2442 462 2495 Mira
510 2456 639 2513 ergo
673 2442 904 2506 ratione,
957 2443 1132 2511 inquit
1179 2450 1403 2499 sanctus
1448 2445 1739 2515 Apostolus
1789 2446 1856 2502 ad

274 2531 584 2602 generalem
642 2533 873 2600 primam
937 2548 1160 2589 causam
1215 2536 1555 2605 respiciens,
1615 2540 1859 2595 materia:

273 2623 598 2695 corporalis,
622 2622 776 2692 cujus
802 2625 1043 2681 materia":
1068 2625 1249 2680 anima
1276 2642 1428 2681 usum
1453 2643 1668 2699 semper
1694 2632 1859 2686 habet

273 2718 328 2771 in
361 2716 601 2786 qualibet
634 2715 898 2787 qualitate
933 2717 1122 2786 posita:
1143 2759 1157 2783 ,
1190 2732 1332 2772 nunc
1368 2720 1589 2788 quidem
1626 2722 1855 2788 carnali,

273 2810 618 2881 postmodum
666 2823 797 2864 vero
842 2807 1111 2864 subtiliori
1156 2817 1212 2864 et
1266 2811 1495 2880 puriori,
1548 2827 1666 2881 quae
1697 2814 1858 2882 spiri-

274 2904 399 2957 talis
439 2898 765 2972 appellatur,
815 2900 928 2966 ait,
968 2898 1203 2953 Necesse
1259 2908 1345 2953 est
1382 2901 1723 2970 corruptibili
1754 2901 1856 2957 hoc

274 2997 502 3051 induere
546 2992 1009 3062 incorruptionem
1063 2991 1173 3056 ¹³,ι
1236 3000 1382 3059 etc.;
1438 3000 1495 3047 et
1547 2994 1601 3047 in
1651 2993 1852 3050 Catena

270 3087 606 3142 Corderiana
664 3092 721 3139 in
774 3084 963 3156 psalm.
1012 3098 1203 3149 exvm,
1246 3082 1340 3149 25,
1406 3100 1528 3154 pag.
1568 3085 1852 3141 ’799εΝὖν

1962 602 2037 658 ita
2086 602 2295 674 primus
2338 616 2558 656 carnem
2619 602 2796 655 evexit
2840 603 2905 655 ad
2938 604 3213 670 ctelump
3274 614 3329 659 et
3378 608 3538 675 paulo

1960 702 2083 763 post
2121 710 2135 747 :
2173 710 2193 745 ι
2220 692 2344 747 llaec
2368 703 2587 763 propter
2625 693 2752 747 illud
2798 693 2939 761 quod
2978 695 3180 750 dictum
3217 708 3339 751 est:
3369 695 3519 763 Quo-

1961 786 2105 841 niam
2145 804 2269 842 caro
2300 804 2415 840 mea
2440 786 2718 857 requiescet
2749 785 2802 837 in
2824 802 2915 851 spe
2939 785 3002 838 ¹⁸.
3026 785 3080 839 In
3108 801 3213 855 qua
3235 786 3371 856 spe?
3405 784 3525 842 Non

1960 877 2135 932 solum
2163 877 2288 947 quia
2321 891 2385 932 ex
2433 876 2659 931 mortuis
2690 875 2952 945 resurgit;
3001 891 3189 944 parum
3238 877 3381 931 enim
3433 878 3533 934 hoc

1959 977 2044 1025 est
2071 986 2085 1023 :
2117 970 2211 1024 sed
2239 968 2291 1022 in
2322 983 2384 1022 ea
2410 983 2505 1038 spe
2538 966 2847 1036 requiescit,
2875 967 3019 1035 quod
3059 980 3333 1037 assumpta
3362 978 3449 1023 est
3478 969 3530 1024 in

1960 1060 2177 1115 caelum.
2210 1078 2230 1114 θ
2256 1058 2464 1127 Quibus
2494 1059 2744 1114 adderem
2776 1068 2830 1115 et
2855 1059 2979 1112 illud
3010 1074 3041 1113 e
3078 1059 3170 1114 lib.
3190 1061 3405 1130 ιιιΠερὶ
3429 1061 3534 1131 ἀρε

1959 1150 2107 1223 χῶν,
2145 1167 2265 1224 cap.
2296 1152 2351 1219 6,
2395 1167 2545 1207 num.
2589 1151 2645 1219 5,
2678 1151 2781 1206 nisi
2835 1151 3014 1206 lluﬁni
3051 1152 3360 1221 interpretis
3389 1154 3535 1207 frau-

1960 1244 2056 1299 des
2082 1245 2427 1299 subvererer.
2471 1261 2490 1295 ι
2542 1243 2781 1313 Denique
2808 1258 2934 1297 caro
2965 1252 3146 1298 nostra
3175 1246 3241 1298 ab
3273 1245 3536 1315 imperitis

1959 1345 2015 1390 et
2066 1334 2377 1391 infidelibus
2421 1335 2494 1389 ita
2537 1345 2659 1405 post
2691 1345 2918 1389 mortem
2962 1335 3211 1404 deperire
3256 1338 3535 1393 existima-

1961 1435 2068 1491 tur,
2086 1435 2145 1481 ιιι
2174 1428 2303 1481 nihil
2325 1442 2545 1497 prorsus
2572 1426 2835 1495 reliquum
2858 1426 3173 1482 substantia:
3197 1444 3308 1483 suae
3333 1429 3534 1485 habere

1959 1521 2237 1577 credatur.
2275 1519 2384 1574 Nos
2410 1534 2539 1575 vero
2566 1520 2655 1589 qui
2702 1521 3156 1575 resurrectionem
3205 1518 3321 1588 ejus
3360 1524 3535 1577 credi-

1961 1627 2104 1678 mus,
2139 1612 2569 1667 immutationem
2594 1611 2710 1679 ejus
2736 1614 3107 1668 tantummodo
3146 1622 3268 1681 post
3304 1624 3532 1669 mortem

1960 1705 2161 1761 factam
2206 1704 2582 1775 intelligimus,
2607 1703 2964 1757 substantiam
3003 1719 3133 1758 vero
3168 1705 3286 1774 ejus
3324 1718 3531 1761 certum

1959 1806 2043 1853 est
2070 1811 2409 1867 permanere,
2447 1805 2501 1850 et
2525 1795 2802 1850 voluntate
2827 1795 3103 1853 Creatoris
3126 1798 3245 1865 sui,
3272 1809 3531 1868 certoque

1963 1906 2213 1966 tempore,
2256 1910 2448 1949 rursus
2490 1895 2735 1965 reparari
2772 1895 2839 1949 ad
2874 1895 3078 1959 vitam,
3131 1903 3294 1963 atque
3338 1894 3531 1948 iterum

1960 1987 2422 2057 permutationem
2451 1986 2569 2057 ejus
2609 1986 2724 2040 ﬁeri
2750 2028 2766 2053 ,
2803 1995 2861 2040 ut
2896 2002 3015 2056 qua:
3051 1985 3226 2055 primo
3263 1985 3363 2039 fuit
3404 2000 3533 2040 caro

1957 2095 2024 2135 ex
2049 2089 2193 2136 terra
2222 2090 2461 2143 terrena,
2483 2087 2596 2133 tum
2624 2077 2820 2132 deinde
2848 2079 3104 2134 dissoluta
3125 2089 3248 2149 post
3277 2088 3527 2142 mortem,

1958 2181 2011 2228 et
2045 2173 2241 2227 iterum
2284 2170 2424 2226 facta
2462 2170 2603 2226 cinis
2630 2184 2693 2225 ac
2725 2180 2912 2239 terra;
2964 2173 3212 2241 quoniam
3247 2184 3387 2227 terra
3431 2190 3486 2227 es
3510 2214 3529 2241 ,

1960 2264 2156 2335 inquit,
2193 2274 2241 2319 et
2274 2266 2329 2317 in
2373 2274 2565 2317 terram
2611 2263 2710 2317 ibi:
2747 2263 2811 2330 “,
2854 2280 3068 2317 rursum
3116 2266 3463 2320 resuscitetur
3498 2282 3531 2322 θ

1960 2368 2142 2424 terra;
2173 2366 2228 2411 et
2258 2367 2379 2425 post
2399 2356 2500 2411 hoc
2523 2355 2633 2423 jam
2673 2355 2817 2411 velut
2859 2357 3111 2411 meritum
3164 2358 3524 2413 inliabitamis

1958 2453 2154 2505 aninue
2216 2449 2568 2519 poposcerit,
2638 2448 2693 2502 in
2739 2448 2909 2519 gloria
2971 2450 3220 2517 corporis
3280 2451 3528 2519 proficiet

1958 2541 2241 2613 spiritalis.
2281 2559 2298 2593 ι
2327 2538 2529 2609 Nempe
2566 2539 2654 2594 hic
2685 2554 2923 2609 quoque,
2950 2541 3075 2593 utin
3110 2541 3232 2595 aliis
3258 2541 3532 2612 plerisque

1955 2635 2057 2692 sibi
2086 2650 2191 2690 non
2222 2642 2436 2688 constat
2474 2632 2757 2702 Origenes,
2790 2641 2845 2687 et
2885 2633 3045 2686 modo
3067 2633 3183 2697 bas,
3222 2635 3380 2689 modo
3411 2635 3531 2688 illas

1956 2736 2200 2783 sectatur
2229 2735 2413 2795 partes
2434 2765 2450 2790 ,
2479 2734 2534 2779 et
2562 2734 2621 2778 ut
2665 2725 2717 2777 in
2761 2724 2924 2778 rebus
2963 2724 3309 2779 adolescente
3354 2724 3531 2779 adhuc

1957 2818 2380 2875 Cbristianismo
2434 2816 2804 2883 subobscuris,
2853 2825 2910 2870 et
2957 2817 3193 2871 nondum
3224 2830 3319 2885 per
3340 2813 3529 2869 Eccle-

1955 2912 2093 2968 siam
2123 2910 2363 2966 definitis
2391 2907 2573 2962 animo
2607 2907 2865 2977 indulget,
2903 2917 2959 2962 et
2989 2908 3250 2977 quidquid
3294 2906 3394 2960 sibi
3432 2921 3531 2975 pro

1958 3012 2199 3071 tempore
2233 2998 2684 3061 ﬁtverisimilius,
2717 2998 2929 3067 arripit.
2964 2997 3120 3053 Unde
3155 3013 3221 3053 ne
3270 2997 3381 3066 ipse
3408 2996 3531 3067 qui-

1954 3098 2075 3152 dem
2102 3094 2355 3167 Origenis
2373 3094 2667 3163 castigator
2698 3090 3003 3146 Methodius
3026 3092 3143 3146 sine
3172 3091 3525 3162 cespitatione

275 3180 376 3250 μὲν
405 3178 668 3248 ἐκολλήθη
697 3176 775 3247 τῷ
807 3176 991 3245 ἐδάφει
1021 3176 1053 3247 ἠ
1077 3174 1247 3246 ψυχὴ,
1278 3176 1372 3229 καὶ
1398 3176 1587 3244 γέγονε
1610 3178 1776 3250 σάρξ·
1794 3181 1851 3233 ὲν

1957 3192 2061 3245 hoc
2110 3197 2488 3256 argumentum
2543 3188 2829 3251 tractavit,
2881 3184 3128 3242 liOIllllleS
3162 3185 3367 3255 ﬁngens
3406 3192 3526 3255 post

269 3272 330 3324 δὲ
469 3268 763 3322 ἀναστάσει
798 3266 1189 3338 κολληθήσεται
1219 3267 1252 3338 ἡ
1290 3266 1427 3338 σάρξ
1458 3270 1523 3337 τῇ
1554 3266 1722 3340 ψυχῇ,
1758 3271 1853 3323 καὶ

271 3363 425 3415 ἔσται
452 3361 597 3432 ψυχὴ
624 3362 746 3432 ἥτις
775 3359 1095 3431 κολληθεῖσα
1114 3359 1191 3431 τῷ
1211 3359 1401 3430 Κυρίῳ
1428 3361 1485 3412 ἐν
1500 3362 1567 3431 τῇ
1591 3360 1853 3433 καθολικῇ

269 3454 565 3510 ἀναστάσει
604 3453 811 3523 γίνεται
849 3452 908 3505 ἓν
943 3451 1181 3523 πνεῦμα,
1227 3452 1320 3505 καὶ
1357 3452 1565 3519 γίνεται
1592 3453 1652 3506 τὸ
1696 3453 1854 3524 σῶμα

272 3546 660 3619 πνευματικόν.
684 3544 795 3600 Nec
822 3544 983 3599 aliter
1010 3543 1378 3614 intelligimus,
1401 3559 1522 3612 quia
1543 3545 1853 3614 consignata

271 3647 399 3691 sunt
449 3637 542 3693 lib.
597 3651 631 3689 v
686 3644 871 3689 contra
910 3632 1076 3699 Cela,
1120 3650 1273 3689 num.
1314 3634 1401 3699 18,
1444 3634 1583 3689 Οὔτε
1632 3636 1731 3707 μὲν
1762 3633 1856 3690 οὖν

271 3733 453 3803 ἡμεῖς,
482 3728 608 3783 οὔτε
639 3728 707 3782 τά
750 3727 868 3781 θεῖα
911 3727 1217 3799 γράμματα
1261 3727 1456 3791 αὑταῖς
1488 3744 1624 3799 φησι
1661 3728 1852 3800 σαρξὶ,

273 3821 544 3894 μηδεμίαν
578 3818 877 3892 μεταϐολὴν
901 3818 1277 3889 ἀνειληφυίαις
1296 3819 1394 3889 τὴν
1418 3820 1511 3873 ἐπὶ
1540 3819 1601 3871 τὸ
1626 3819 1852 3890 βέλτιον,

271 3912 536 3985 ζήσεσθαι
565 3912 690 3974 τοὺς
723 3910 890 3965 πάλαι
924 3909 1310 3975 ἀποθανόντας,
1336 3911 1443 3964 ἀπὸ
1473 3911 1570 3982 τῆς
1598 3912 1703 3984 γῆς
1724 3914 1854 3969 ἀνα-

268 4005 485 4069 δόντας.
522 4003 656 4058 Nam
685 4003 975 4073 quominus
1007 4011 1153 4056 recta
1204 4003 1291 4059 his
1339 4003 1606 4059 sententia
1642 4020 1856 4061 accom-

273 4099 482 4155 modari
554 4096 765 4167 possit,
830 4094 1219 4165 impedimento
1293 4105 1380 4151 est
1454 4096 1543 4152 hic
1611 4099 1852 4167 Apostoli

273 4193 425 4248 locus
456 4191 501 4222 “
534 4207 548 4244 :
586 4206 606 4240 ι
636 4187 751 4243 Hoc
772 4195 952 4241 autem
982 4187 1128 4252 dico,
1174 4185 1397 4252 fratres,
1445 4188 1572 4259 quia
1618 4204 1749 4245 caro
1800 4199 1855 4244 et

265 4282 492 4354 sanguis
550 4294 778 4350 regnum
830 4278 923 4332 Dei
985 4278 1307 4334 lnereditare
1350 4294 1458 4334 non
1520 4290 1790 4350 possunt:
1829 4300 1848 4333 ι

270 4390 380 4446 quo
410 4373 665 4427 sensilem
708 4370 851 4426 bane
885 4379 940 4425 et
978 4371 1367 4439 aspectabilem
1418 4386 1580 4441 quam
1619 4373 1855 4443 gerimus

270 4481 490 4521 carnem
508 4480 675 4536 regno
699 4464 907 4519 ctelesti
924 4464 1335 4531 excludendam,
1359 4473 1414 4520 et
1436 4466 1854 4522 resurrectionis

272 4557 540 4614 beneﬁcio
589 4556 910 4627 privandam
967 4555 1268 4626 signiﬁcari
1316 4565 1490 4624 putat.
1558 4554 1695 4613 Hinc
1752 4558 1851 4629 τὴν
1883 4545 1927 4599 ι)

271 4648 691 4723 κεκηρυγμένην
711 4648 813 4719 τῆς
847 4647 1049 4719 σαρκὸς
1085 4646 1381 4701 ἀνάστασιν
1409 4648 1467 4701 ἐν
1491 4651 1609 4712 ταῖς
1648 4648 1849 4719 ἐκκλη-

273 4746 437 4810 σίαις,
496 4743 601 4798 ὑπὸ
644 4742 751 4797 τῶν
802 4741 1182 4813 συνετωτέρων
1233 4742 1555 4814 τρανότερον
1616 4743 1849 4799 νοεῖσθαι

273 4838 470 4892 ibidem
508 4835 735 4902 scribit;
765 4845 821 4890 et
852 4835 978 4890 alibi
1012 4835 1465 4889 resurrectionem
1523 4836 1581 4889 ὲν
1619 4839 1685 4909 τῇ
1722 4853 1848 4891 συν-

269 4929 428 5003 ηθείᾳ
464 4928 571 4983 τῶν
586 4928 970 5000 ἁπλουστέρων
996 4925 1356 4998 ὀνομάζεσθαι
1390 4927 1684 4982 ἀνάστασιν
1715 4945 1847 5000 σαρ-

271 5022 385 5085 κός.

342 5112 437 5167 γι.
486 5112 844 5179 Quantumvis
879 5118 1058 5168 autem
1103 5110 1394 5181 perspicua
1442 5111 1693 5165 videatur
1730 5112 1846 5169 Ori-

270 5203 428 5273 genis
454 5210 511 5257 et
536 5212 796 5257 constans
823 5200 1009 5271 Opinio
1028 5239 1045 5267 ,
1083 5210 1350 5272 repugnat
1377 5208 1555 5255 tamen
1590 5198 1847 5270 Pamphi-

273 5298 379 5361 lus,
439 5303 493 5348 et
550 5308 619 5347 ne
662 5307 693 5347 a
749 5306 917 5347 carne
964 5293 1180 5361 quidem
1216 5293 1329 5362 ipsa
1393 5295 1844 5348 resurrectionem

272 5384 617 5457 abjudieasse
681 5400 805 5439 eum
863 5384 1241 5452 demonstrat,
1302 5385 1636 5455 depromptis
1704 5385 1848 5442 illius

271 5482 452 5536 verbis
490 5493 521 5534 e
558 5476 945 5533 Commentario
992 5475 1048 5528 in
1104 5476 1365 5546 psalmum
1422 5492 1512 5544 xv,
1560 5492 1679 5547 quae
1722 5487 1850 5532 sunt

274 5570 623 5641 liujusmodi:
662 5587 680 5620 ι
706 5567 1026 5624 Oﬁendatur
1073 5568 1165 5637 qui
1226 5568 1339 5622 vult
1384 5585 1450 5625 ex
1506 5578 1693 5623 nostro
1729 5584 1845 5624 ser-

274 5680 431 5721 mone
466 5683 480 5718 :
515 5678 619 5735 ego
670 5670 852 5718 autem
923 5675 1044 5715 cum
1102 5660 1249 5715 omni
1314 5660 1510 5716 ﬁducia
1569 5675 1842 5726 assevero,

356 5851 396 5883 ¹²
416 5850 600 5909 Matth.
633 5865 742 5919 va,
776 5850 864 5906 26.

1957 3280 2407 3336 resurrectionem
2438 3279 2772 3332 habitaturus
2802 3278 2853 3331 in
2887 3288 3027 3331 terra
3062 3276 3169 3345 iam
3198 3278 3522 3341 instaurata,

1955 3379 2009 3428 et
2038 3384 2136 3439 per
2162 3384 2339 3423 aerem
2365 3366 2875 3436 temperatissimuin
2900 3367 3226 3421 ambientem
3258 3368 3307 3418 in
3336 3366 3527 3422 melius

1957 3470 2183 3527 mutata,
2217 3469 2271 3514 et
2296 3462 2348 3514 in
2382 3460 2619 3530 paradisi
2654 3458 2874 3513 deliciis
2906 3459 3119 3512 beatum
3165 3473 3335 3511 aavum
3373 3466 3528 3512 actu.

1957 3570 2046 3608 ros
2072 3570 2087 3617 ;
2128 3554 2333 3622 angelis
2368 3562 2548 3606 autem
2579 3550 2830 3605 caelestes
2858 3549 3024 3603 orbes
3049 3549 3377 3603 destinatum
3404 3563 3529 3602 esse

1955 3644 2312 3700 domicilium.
2352 3642 2644 3696 Eusebium
2670 3656 2887 3711 quoque
2925 3640 3180 3711 Origenis
3210 3640 3526 3707 partiarium

1958 3736 2413 3792 resurrectionem
2447 3743 2783 3787 mortuorum
2825 3732 3110 3787 sustulisse
3154 3741 3343 3786 narrat
3381 3731 3527 3784 Plio-

1959 3828 2065 3882 tius
2092 3826 2145 3879 in
2171 3824 2395 3893 epistola
2425 3825 2657 3893 quadam
2700 3825 2765 3877 ad
2797 3823 3237 3879 Constantinum.
3284 3822 3341 3876 In
3386 3821 3527 3891 ejus-

1957 3920 2077 3973 dem
2101 3918 2306 3972 erroris
2327 3914 2707 3985 suspicionem
2744 3925 2932 3969 mutuo
2961 3930 3081 3969 sese
3115 3924 3311 3969 vocant
3340 3912 3531 3967 Hiero—

1959 4024 2154 4083 nymus
2212 4015 2267 4063 et
2330 4006 2579 4070 Ruﬁnus,
2634 4020 2791 4073 quem
2828 4016 3009 4059 tamen
3046 4017 3272 4073 uterque
3316 4020 3525 4059 summa

1955 4118 2084 4159 cura
2118 4101 2328 4156 diluere
2359 4107 2606 4154 conatur.
2647 4096 2785 4150 lluic
2830 4096 2996 4149 etiam
3032 4095 3328 4149 adh-xsisse
3356 4097 3528 4150 Arno-

1958 4195 2102 4249 binm
2130 4189 2425 4246 verisimile
2449 4197 2561 4253 est;
2599 4188 2675 4241 ait
2698 4186 2840 4241 enim
2880 4185 2972 4239 lib.
3007 4201 3044 4238 ιι
3082 4183 3283 4238 Contra
3312 4196 3487 4253 gentes
3508 4200 3528 4239 :

1963 4305 1981 4337 ι
2016 4284 2239 4340 Audetis
2282 4283 2467 4336 videre
2526 4296 2645 4342 nos,
2702 4279 2844 4348 quod
2897 4286 3233 4330 mortuorum
3285 4276 3529 4331 dicamus

1956 4375 2414 4432 resurrectionem
2455 4374 2714 4437 futuram,
2749 4384 2909 4438 quam
2951 4368 3170 4437 quidem
3215 4380 3312 4419 nos
3348 4366 3530 4419 dicere

1956 4468 2316 4528 conﬁtemur;
2376 4466 2470 4520 sed
2520 4478 2548 4515 a
2590 4462 2743 4515 vobis
2793 4460 2953 4513 aliter
2989 4474 3149 4527 quam
3200 4457 3524 4520 sentiamus,

1956 4558 2154 4614 audiri.
2181 4576 2200 4610 ι
2255 4556 2410 4623 Quod
2460 4555 2602 4608 idem
2642 4561 2726 4607 est
2761 4566 2823 4605 ac
2877 4550 3008 4602 illud
3049 4548 3302 4618 Origenis
3343 4548 3529 4603 carnis

1958 4648 2411 4703 resurrectionem
2450 4659 2570 4699 esse
2611 4644 2839 4698 dicentis
2875 4639 2979 4694 ὑπὸ
3011 4638 3119 4695 τῶν
3152 4639 3528 4713 συνετωτέρων

1957 4740 2282 4811 τρανότερον
2315 4736 2667 4808 νενοημένην.
2735 4735 2974 4803 Denique
3015 4734 3287 4803 proditum
3332 4743 3414 4788 est
3458 4735 3528 4789 ab

1956 4832 2259 4904 Epiphanio
2284 4841 2339 4885 et
2366 4829 2692 4898 Hieronymo
2732 4826 2871 4881 hanc
2902 4827 3071 4896 ipsam
3102 4825 3269 4879 fuisse
3299 4823 3527 4879 Marcio-

1955 4928 2040 4982 nis
2071 4926 2410 4992 aliorumque
2460 4922 2845 4976 limreticorum
2886 4923 2951 4975 de
2993 4916 3394 4975 resurrectione
3426 4916 3527 4970 fal-

1952 5034 2068 5076 sam
2113 5013 2454 5070 sententiam.

2024 5107 2137 5163 V'll.
2186 5105 2447 5173 Quamvis
2493 5118 2737 5159 crassam
2796 5102 2942 5156 illam
2989 5102 3169 5158 carnis
3226 5099 3422 5153 molem
3470 5108 3528 5155 et

1953 5211 2268 5268 compagem
2306 5210 2337 5249 a
2364 5193 2687 5264 corporibus
2728 5191 3118 5247 resurrecturis
3145 5200 3419 5245 secretum
3459 5191 3526 5245 iri

1954 5289 2187 5346 senserit
2226 5288 2487 5357 Origenes
2521 5305 2534 5340 :
2565 5287 2762 5356 quibus
2812 5297 2990 5340 tamen
3037 5284 3263 5353 praedita
3296 5296 3359 5337 ea
3407 5283 3527 5338 fore

1955 5380 2311 5452 qualitatibus
2337 5390 2485 5435 ratus
2518 5380 2612 5446 sit,
2651 5393 2774 5433 cum
2817 5385 3137 5447 resurgent,
3168 5390 3328 5444 quam
3366 5389 3523 5444 passa

1956 5473 2344 5539 mutationem,
2396 5486 2502 5541 qua
2534 5470 2794 5524 instructa
2829 5467 3037 5529 forma,
3073 5470 3338 5523 nonsatis
3367 5468 3526 5536 liqui-

1953 5565 2081 5618 dmn
2099 5571 2204 5619 est.
2234 5561 2636 5631 Nonnunquam
2662 5562 2809 5614 enim
2844 5560 3169 5614 suscitatam
3199 5560 3262 5612 iri
3297 5558 3522 5623 eadem,

1953 5655 2239 5712 subtiliora
2274 5655 2401 5711 licet
2423 5669 2489 5710 ac
2515 5652 2879 5724 splendidiora
2907 5692 2923 5719 ,
2954 5654 3171 5708 asserit.
3224 5650 3383 5708 Velut
3429 5652 3522 5709 lib.

946 5848 987 5879 ¹³
1016 5846 1034 5903 l
1059 5847 1179 5904 Cor.
1214 5862 1303 5917 xv,
1330 5846 1416 5903 53.
1498 5849 1539 5883 ”
1570 5848 1735 5908 lCor.
1763 5866 1852 5917 xv,

1964 5886 1975 5903 .
2058 5848 2098 5880 ”
2127 5845 2323 5903 l’salm.
2353 5861 2439 5912 xv,
2474 5844 2558 5901 19.
2639 5844 2679 5876 ⁸⁸
2709 5843 2844 5900 Gen.
2886 5859 2964 5911 ιιι,
3003 5842 3081 5899 l9.
