4068 6308
569 394 674 452 087

571 539 610 578 ιι
635 521 772 589 Περὶ
802 519 1020 589 ἀρχῶν,
1046 532 1163 585 cap.
1215 516 1238 568 l

574 631 674 671 nos
694 629 815 670 esse
838 616 890 666 in
923 609 1264 678 corporibus,
1298 605 1438 659 sicut
1460 611 1609 657 certe
1640 611 1861 653 necesse
1885 604 1969 652 est
1988 636 2003 661 ,
2031 611 2135 650 non

575 710 629 764 in
666 707 788 762 aliis
817 719 976 775 quam
1005 703 1058 757 in
1089 699 1291 755 nostris
1325 695 1642 767 corporibus
1669 706 1789 748 esse
1814 689 2132 757 debemus”

576 811 632 856 et
655 793 783 854 ibid.
816 812 966 851 num.
1006 795 1038 848 8
1070 813 1082 848 :
1122 812 1140 845 ι
1169 791 1473 847 Videndum
1517 801 1730 856 quoque
1759 793 1860 848 est,
1894 799 1962 839 ne
2000 782 2141 838 forte

576 900 735 946 etiam
761 888 889 942 illud
919 887 1022 942 iste
1064 899 1242 940 sermo
1279 881 1577 953 signiﬁcet,
1621 878 1764 947 quod
1794 879 1934 932 sicut
1968 873 2139 930 sancti

575 997 803 1052 corpora
834 993 951 1042 sua,
987 978 1039 1032 in
1067 977 1265 1046 quibus
1300 983 1491 1029 sancte
1526 981 1580 1027 et
1603 970 1804 1041 purein
1836 967 1994 1037 hujus
2019 967 2142 1020 vita:

577 1070 1002 1128 habitationibus
1025 1068 1300 1132 vixerunt,
1330 1065 1505 1120 lucida
1533 1071 1588 1116 et
1615 1061 1848 1132 gloriosa
1874 1075 1940 1114 ex
1965 1073 2144 1112 resur-

577 1164 819 1220 rectione
859 1161 1158 1230 suscipient
1189 1177 1201 1213 :
1237 1159 1308 1213 ita
1345 1167 1399 1211 et
1433 1156 1582 1226 impii
1610 1155 1809 1225 quique
1838 1152 1928 1221 qui
1959 1153 2011 1205 in
2042 1152 2145 1206 hac

577 1254 688 1308 vita
710 1267 957 1308 errorum
988 1247 1240 1306 tenebras
1264 1258 1314 1300 et
1348 1257 1556 1301 noctem
1595 1243 1911 1314 ignorantia:
1945 1241 2144 1296 dilexe-

579 1353 738 1413 runt,
762 1344 1012 1398 obscuris
1038 1349 1094 1396 et
1128 1341 1282 1395 tetris
1314 1347 1436 1407 post
1464 1336 1920 1392 resurrectionem
1957 1348 2147 1402 corpo-

580 1437 732 1493 ribus
798 1436 1160 1493 induanturu
1221 1441 1276 1486 et
1326 1431 1422 1485 lib.
1484 1445 1566 1494 ιιι,
1617 1445 1738 1496 cap.
1778 1428 1832 1494 6,
1880 1443 2026 1481 num.
2075 1428 2143 1481 ιιι

583 1547 604 1580 ‹
638 1526 753 1582 Νοη
810 1537 990 1581 autem
1048 1523 1404 1579 dubitandum
1459 1530 1545 1577 est
1596 1531 1840 1576 naturam
1904 1519 2147 1588 corporis

580 1615 739 1686 hujus
785 1615 996 1678 nostri,
1046 1612 1330 1667 voluntate
1367 1609 1463 1663 Dei
1509 1607 1601 1678 qui
1634 1608 1794 1662 talem
1820 1606 1953 1662 fecit
2004 1620 2146 1671 eam,

583 1722 755 1776 usque
787 1707 852 1760 ad
883 1705 1030 1758 illam
1057 1702 1376 1772 qualitatem
1397 1698 1763 1763 subtilissimi,
1795 1706 1849 1752 et
1874 1696 2147 1767 purissimi

583 1814 648 1854 ac
674 1795 1091 1867 Splendidissimi
1125 1792 1368 1862 corporis
1392 1805 1550 1860 posse
1581 1804 1609 1842 a
1633 1790 1890 1846 Creatore
1906 1788 2147 1857 perduci,

582 1899 746 1958 prout
775 1903 957 1943 rerum
988 1895 1188 1948 status,
1209 1884 1518 1950 vocaverit,
1547 1892 1602 1937 et
1631 1882 1883 1935 meritum
1912 1880 2152 1935 rationa-

584 1979 709 2034 bilis
748 1990 953 2035 naturaa
999 1979 1336 2049 poposcerit;
1365 1997 1382 2030 ι
1419 1986 1474 2033 et
1530 1990 1657 2030 mox
1718 1990 1869 2029 num.
1895 1975 1928 2030 6
1972 1993 1986 2028 :
2025 1992 2044 2027 ‹
2074 1973 2148 2028 Ita

584 2073 749 2125 etiam
778 2072 844 2126 de
870 2082 1060 2126 natura
1093 2073 1336 2141 corporis
1359 2070 1698 2125 sentiendum
1724 2076 1836 2130 est,
1866 2070 2006 2136 quod
2041 2082 2148 2121 non

584 2163 727 2217 aliud
755 2178 951 2232 corpus
984 2171 1089 2223 est,
1127 2179 1238 2231 quo
1268 2177 1412 2218 nunc
1470 2163 1522 2216 in
1580 2163 1946 2234 ignobilitate,
2000 2172 2056 2220 et
2096 2164 2148 2218 in

581 2255 932 2323 corruptione
979 2264 1034 2309 et
1081 2255 1396 2309 infirmitate
1451 2256 1691 2320 utimur;
1746 2265 1799 2311 et
1848 2257 1992 2310 aliud
2047 2257 2152 2310 erit

581 2349 711 2403 illud
744 2363 851 2417 quo
880 2349 932 2402 in
964 2348 1374 2416 incorruptione
1405 2355 1460 2400 et
1507 2347 1558 2401 in
1597 2349 1796 2402 virtute
1815 2357 1870 2402 et
1896 2348 1946 2402 in
1979 2347 2146 2420 gloria

581 2439 956 2493 utetnurzsed
1019 2440 1118 2493 hoc
1161 2439 1299 2493 idem
1357 2440 1579 2507 abiectis
1638 2441 2042 2496 infirmitatibus
2095 2441 2146 2494 in

579 2533 773 2600 quibus
807 2549 946 2588 rutnc
966 2544 1072 2598 est,
1106 2535 1156 2588 in
1182 2533 1405 2604 gloriam
1442 2535 1897 2590 transmutabitur
1928 2534 2148 2603 spirita-

583 2625 631 2678 ie
682 2624 951 2688 effectum,
977 2625 1193 2693 utquod
1228 2625 1672 2694 fuitindignitalis
1693 2640 1807 2690 vas,
1837 2625 1942 2680 hoc
1966 2626 2139 2695 ipsum

579 2730 938 2790 expurgatutn
977 2721 1068 2776 ﬁat
1095 2736 1190 2775 vas
1223 2722 1444 2777 honoris
1468 2765 1482 2787 ,
1530 2732 1585 2778 et
1610 2724 1963 2780 beatitudinis
1992 2725 2150 2780 habi-

582 2811 856 2874 taculum;
887 2829 906 2862 ι
967 2811 1158 2865 deinde
1207 2813 1448 2868 ostendit
1487 2829 1590 2868 non
1643 2813 1797 2868 nobis
1842 2831 1907 2870 ex
1961 2816 2151 2885 quinto

583 2900 674 2955 illo
706 2901 1146 2972 philosophorum
1179 2919 1407 2974 corpore
1435 2906 1614 2958 fictum
1637 2905 1700 2959 iri
1733 2922 1762 2960 a
1789 2905 1899 2961 Deo
1931 2921 2148 2977 corpus,

585 3009 750 3048 «cum
797 2995 1082 3051 manifeste
1131 2995 1353 3050 definiat
1400 3006 1619 3052 sanctus
1663 2997 1972 3066 Apostolus,
2023 3000 2147 3068 quia

581 3101 689 3142 non
727 3102 860 3142 nova
902 3088 1081 3155 aliqua
1127 3103 1352 3156 cut-pora
1394 3087 1802 3158 resurgentibus
1844 3103 1873 3141 a
1924 3089 2148 3145 mortuis

579 3270 940 3326 deterioribus
998 3272 1048 3324 in
1111 3269 1306 3326 melius
1365 3273 1750 3326 transformata
1813 3272 2137 3340 recipiant.»

581 3360 821 3423 Denique
849 3361 986 3415 libro
1014 3361 1187 3428 primo
1220 3361 1294 3416 De
1325 3362 1704 3416 resurrectione
1725 3401 1740 3424 ,
1785 3371 1843 3416 ut
1881 3371 1966 3416 est
2007 3364 2145 3431 apud

583 3452 920 3519 Pamphilum
951 3453 1004 3506 in
1029 3453 1308 3523 Apologia,
1341 3454 1634 3508 absurdum
1673 3462 1729 3508 et
1764 3453 2004 3523 iniquum
2032 3453 2146 3509 fore

579 3545 674 3608 ait,
711 3546 755 3599 si
801 3561 896 3599 sua
939 3545 1188 3600 mercede
1241 3545 1516 3600 fraudetur
1573 3561 1791 3614 corpus,
1846 3547 1985 3614 quod
2023 3561 2143 3599 cum

579 3640 762 3693 anima
797 3639 1011 3694 fortiter
1042 3639 1369 3704 dccertavit;
1401 3653 1462 3693 ea
1490 3648 1666 3693 autem
1690 3637 1962 3707 privatum
1994 3639 2055 3692 iri
2092 3638 2143 3692 ni

581 3739 849 3799 resurgat.
907 3729 1056 3785 Hauc
1103 3730 1349 3799 corporis
1395 3730 1792 3802 reparationem
1846 3729 1899 3784 in
1956 3729 2146 3782 melius

582 3821 872 3891 cogitabat,
909 3821 963 3874 ni
998 3821 1171 3884 fallor,
1215 3821 1412 3891 Glycas
1467 3836 1587 3875 cum
1635 3821 1911 3888 opinatum
1959 3821 2147 3874 scribit

579 3911 866 3982 Origeuem
899 3911 969 3964 τὰ
998 3910 1222 3982 σώματα
1258 3911 1413 3982 ἡμῶν
1445 3913 1517 3983 μὴ
1550 3912 1865 3967 ἀνίστασθαι
1892 3910 2060 3965 ταῦτα
2089 3914 2145 3965 ἐν

581 4007 648 4076 τῇ
681 4002 1010 4057 ἀναστάσειο
1044 4019 1162 4072 quae
1186 4005 1348 4056 verba
1391 4006 1588 4071 repetit
1625 4003 1900 4060 Cedrenus
1925 4008 1992 4059 de
2021 4003 2147 4060 Ori-

581 4093 806 4163 genistis
840 4093 1062 4160 loquens
1093 4093 1145 4146 in
1174 4093 1364 4162 quinto
1392 4095 1626 4150 concilio
1652 4096 1939 4150 damnatis.

648 4202 954 4272 Aliquando
977 4216 1106 4256 vero
1137 4217 1202 4257 ue
1232 4203 1370 4257 idem
1398 4204 1615 4273 quidem
1649 4220 1847 4276 corpus
1886 4207 1938 4262 in
1981 4208 2142 4262 vitam

580 4288 878 4352 rediturum
901 4296 1050 4350 visus
1078 4304 1158 4351 est
1191 4294 1496 4351 tradidisse.
1531 4295 1626 4349 His
1659 4297 1906 4352 videlicet
1926 4315 2144 4367 persua-

580 4405 674 4444 sus
699 4388 939 4458 Apostoli
971 4385 989 4439 1
1019 4388 1142 4442 Cor.
1173 4402 1264 4452 xv,
1290 4384 1460 4441 42-“
1490 4404 1504 4440 :
1540 4405 1559 4439 ι
1588 4386 1902 4443 Seminatur
1939 4391 1992 4443 in
2021 4406 2144 4445 cor-

577 4483 860 4549 ruptione,
914 4481 1085 4550 surgit
1143 4480 1196 4533 in
1251 4477 1683 4549 incorruptione;
1739 4480 2036 4536 seminatur
2089 4483 2140 4538 in

1841 381 1900 440 P.
1941 375 2260 434 DANIELIS
2299 371 2528 429 [IUETII

1247 513 1307 579 ο,
1349 526 1498 566 num.
1547 510 1570 562 ί
1611 525 1624 560 ε
1657 507 1752 561 .sa
1791 519 2012 561 necesse
2058 512 2141 558 est
2169 504 2214 562 Α
2245 495 2468 550 arbitrio
2510 489 2818 560 impositum
2873 484 2974 550 iri;
3020 491 3129 579 tum
3180 479 3466 579 concludit-
3501 491 3635 579 num.

3679 362 3766 416 988

2248 588 2438 658 Ἡμεῖς
2473 580 2676 656 μὲνοῦν
2700 579 2761 634 οὐ
2799 595 2977 649 φαμεν
3009 576 3068 628 τὸ
3093 573 3382 644 διαφθαρὲν
3401 570 3554 641 σῶμα.
3577 571 3770 641 ἐπανέρ-

2238 673 2423 744 χεσθαι
2457 673 2534 734 είς
2572 669 2667 740 τὴν
2701 668 2758 733 ἐξ
2786 667 2959 738 ἀρχῆς
2990 663 3173 733 φύσιν.
3197 663 3273 725 ὼς
3310 661 3431 714 οὐδὲ
3471 661 3556 713 τὸν
3582 661 3772 729 διαφθα-

2241 764 2400 836 ρέντα
2425 763 2622 815 κόκκον
2649 758 2743 813 τοῦ
2775 757 2922 810 σίτου
2953 751 3346 824 ἐπανέρχεσθαι
3383 753 3463 814 είς
3492 751 3580 804 τὸν
3606 751 3772 805 κόκκον

2239 855 2332 910 τοῦ
2366 855 2510 907 σίτου
2541 869 2554 883 ·
2583 852 2811 921 λέγομεν
2856 845 3192 919 γὰρ.’ὦσπερ
3220 843 3310 896 ἐπὶ
3343 842 3438 895 τοῦ
3481 841 3664 894 κόκκου
3696 841 3774 896 τσῦ

2245 948 2390 1001 σίτου
2429 945 2699 1016 ἐγείρεται
2748 941 2971 1012 στάχυς,
3002 939 3144 992 οὓτω
3178 937 3330 1005 λόγος
3355 953 3440 998 τις
3472 935 3776 1008 ἔγκειται

2245 1037 2476 1109 σώματι,
2521 1037 2613 1104 ἀφ’
2646 1029 2706 1089 οὗ
2753 1033 2826 1105 μὴ
2862 1032 3216 1104 φθειρομένου
3256 1028 3523 1101 ἐγείρεται
3552 1027 3611 1081 τὸ
3647 1029 3780 1100 σῶμα

2244 1129 2301 1180 ὲν
2327 1125 2605 1196 ἀφθαρσίᾳ
2634 1141 2648 1155 ·
2677 1135 2733 1178 et
2775 1126 2931 1194 paulo
2979 1122 3248 1191 superius,
3290 1135 3438 1174 num.
3477 1121 3581 1174 2‘2:
3621 1121 3780 1191 Ἡμεῖς

2243 1220 2301 1272 δὲ
2347 1220 2656 1292 πειθόμενοι
2715 1215 2797 1270 ὅτι
2843 1217 2903 1270 τὸ
2953 1215 3304 1286 σπειρόμενον
3352 1213 3412 1267 οὐ
3457 1213 3779 1278 ζωοποιεῖται,

2245 1313 2340 1368 ἐὰν
2393 1313 2466 1384 μὴ
2506 1311 2752 1382 ἀποθάνῃ
2779 1327 2793 1341 ο
2821 1311 2912 1362 καὶ
2962 1310 3044 1362 ὅτι
3073 1309 3134 1361 οὐ
3163 1308 3222 1362 τὸ
3251 1307 3608 1377 γενησόμενον
3649 1307 3783 1377 σῶμα

2249 1405 2527 1475 σπείρεται
2561 1420 2574 1434 ο
2605 1405 2632 1456 ὁ
2659 1402 2768 1473 γὰρ
2810 1401 2942 1465 Θεὸς
2990 1399 3139 1470 αὐτῷ
3184 1399 3366 1452 δίδωσι
3417 1398 3590 1469 σῶμα,
3631 1397 3788 1468 καθὼς

2248 1497 2497 1566 ἠθέλησε,
2526 1504 2632 1550 etc.
2661 1493 2868 1548 Similia
2896 1492 3145 1562 leguntur
3170 1491 3308 1545 libro
3339 1508 3376 1545 ιι
3430 1490 3566 1560 Περὶ
3590 1491 3779 1560 ἀρχῶν,

2250 1602 2372 1656 cap.
2401 1588 2489 1655 10,
2516 1602 2664 1642 ιιιιιιι.
2703 1588 2757 1642 3.
2789 1585 2906 1651 Quo
2937 1584 3055 1638 loco
3080 1592 3242 1652 atque
3275 1584 3402 1637 item
3435 1582 3527 1636 lib.
3559 1598 3596 1638 ιι
3622 1582 3689 1638 De
3719 1600 3782 1639 re-

2249 1679 2596 1742 surrectione,
2636 1696 2655 1730 ο
2682 1675 3008 1731 substantiae
3036 1674 3302 1728 rationem
3333 1692 3352 1725 ι
3383 1674 3611 1744 appellat
3633 1689 3784 1729 resur-

2250 1769 2511 1824 rectionis
2537 1785 2780 1839 germen,
2817 1783 2925 1836 quo
2959 1780 3187 1835 corpora
3212 1766 3514 1835 reparanda
3543 1767 3781 1834 censebat,

2181 1852 2222 1906 Β
2249 1873 2411 1927 quam
2450 1873 2479 1911 a
2504 1855 2847 1912 scholasticis
2894 1873 2915 1908 σ
2945 1853 3304 1909 substantiam
3352 1854 3630 1910 radicalem
3651 1873 3667 1906 ι
3697 1856 3781 1910 dici

2254 1958 2403 2004 recte
2432 1945 2711 2005 adnotavit
2741 1943 3164 2011 Genebrardus;
3197 1945 3325 1999 licet
3353 1944 3460 1998 alio
3501 1945 3694 2013 penitus
3735 1959 3784 2000 ac

2249 2040 2464 2095 diverso
2496 2039 2656 2095 modo
2687 2035 2900 2092 eﬁ'ectio
2937 2035 3054 2104 ejus
3089 2050 3153 2091 ac
3198 2035 3375 2090 virtus
3404 2033 3472 2089 ab
3513 2035 3684 2092 iisdem
3716 2035 3784 2091 in-

2250 2131 2542 2202 telligatur.
2586 2130 2779 2200 itaque
2821 2127 3136 2183 Gennadius
3188 2126 3284 2181 lib.
3341 2125 3420 2181 De
3475 2127 3781 2197 dogmatibus,

2251 2237 2369 2292 cap.
2402 2221 2455 2286 6,
2482 2221 2562 2276 sic
2587 2220 2828 2290 disputat
2859 2237 2873 2274 :
2909 2237 2928 2270 ι
2956 2219 3024 2273 Ει
3054 2234 3159 2273 non
3208 2220 3505 2274 secundum
3539 2217 3783 2287 Origenem

2249 2315 2550 2371 immutatio
2582 2327 2864 2383 corporum
2901 2312 3026 2376 erit,
3068 2311 3123 2364 id
3151 2321 3234 2365 est
3263 2311 3414 2365 aliud
3477 2325 3658 2364 novum
3685 2327 3783 2367 cor-

2249 2419 2346 2475 pus
2377 2419 2476 2472 pro
2518 2417 2718 2467 carne;
2771 2401 2866 2457 sed
2901 2401 3088 2457 eadem
3138 2415 3269 2454 caro
3314 2400 3665 2468 corruptibilis
3688 2415 3783 2468 quae

2249 2497 2409 2560 cadit,
2446 2505 2550 2548 tam
2569 2493 2838 2563 iustorum
2866 2506 3028 2562 quam
3059 2489 3390 2559 injustorum
3416 2531 3432 2559 ,
3494 2491 3781 2560 incorrupti-

2249 2587 2370 2643 bilis
2398 2594 2662 2653 resurget.
2706 2604 2724 2635 ι

2318 2679 2574 2745 Quamvis
2603 2685 2782 2732 autem
2829 2674 2971 2730 aliud
3016 2659 3358 2744 proditurum
3401 2689 3625 2742 corpus,
3673 2682 3718 2727 et
3756 2687 3779 2725 a

2249 2770 2426 2840 priore
2459 2769 2731 2823 diversum
2771 2766 2990 2821 finxerit
3035 2767 3140 2821 sibi
3183 2766 3544 2821 Adamantius
3569 2807 3583 2831 ,
3623 2765 3778 2821 iisdem

2249 2868 2429 2913 tamen
2462 2859 2626 2925 notis,
2654 2859 2844 2913 eadem
2874 2856 3049 2911 forma
3084 2857 3296 2927 insigne
3325 2857 3563 2912 futurum
3587 2857 3780 2912 afﬁrmat

2247 2950 2303 3005 in
2333 2950 2723 3005 Commentario
2758 2951 2828 3004 ad
2871 2949 3061 3020 prafm.
3090 2966 3130 3017 ι,
3177 2963 3300 3019 pag.
3345 2950 3471 3018 534,
3502 2951 3618 3014 555,
3649 2965 3776 3020 quem

2247 3042 2697 3098 commentarium
2731 3043 2783 3096 in
2810 3044 3082 3112 epitomen
3111 3056 3142 3096 a
3187 3042 3464 3098 Methodio
3490 3051 3776 3097 contractum

2248 3142 2599 3203 repraesentat
2625 3133 2958 3203 Epiphanius
2994 3135 3184 3189 haeres.
3216 3151 3366 3198 utv,
3390 3151 3508 3202 cap.
3532 3135 3592 3189 12
3618 3143 3665 3189 et
3685 3149 3774 3203 seq.

2244 3331 2362 3370 rum
2394 3315 2791 3385 susceptionem
2820 3316 2989 3369 vitam
3023 3315 3277 3380 tolerant,
3333 3332 3599 3386 nunquam
3625 3316 3774 3370 eadem

2247 3418 2560 3469 remanere,
2597 3405 2690 3458 sed
2723 3420 2818 3473 per
2868 3405 3113 3459 ciborum
3155 3420 3306 3459 esum
3361 3416 3416 3460 et
3463 3406 3775 3461 excretionem

2244 3494 2390 3548 ﬂuvii
2444 3495 2655 3559 instar,
2716 3505 2978 3564 perpetuo
3039 3494 3208 3550 fluere
3257 3507 3311 3550 et
3376 3496 3775 3552 mutarizeadem

2247 3593 2424 3640 tamen
2466 3600 2682 3640 manere
2721 3600 2950 3655 corpora
2983 3588 3120 3650 haec,
3170 3603 3277 3641 non
3309 3590 3520 3643 ratione
3563 3588 3778 3642 duntaxat

2246 3676 2461 3741 animae,
2486 3691 2605 3746 qua:
2625 3677 2811 3732 eadem
2837 3691 3052 3746 semper
3080 3687 3201 3742 est;
3238 3679 3332 3733 sed
3372 3688 3583 3749 propter
3600 3693 3776 3732 earum-

2248 3768 2368 3822 dem
2407 3768 2567 3822 etiam
2602 3766 2899 3822 formarum
2927 3805 2941 3828 .
2974 3783 3094 3837 quae
3145 3784 3437 3838 corporum
3495 3768 3775 3839 singulorum

2248 3868 2385 3912 notae
2416 3859 2660 3924 quaedam
2708 3859 2942 3929 pr0pria:
2970 3869 3094 3914 sunt
3122 3875 3184 3915 ac
3213 3863 3558 3916 characteres
3585 3904 3598 3926 ,
3633 3873 3774 3928 perse-

2246 3950 2564 4012 verantiam,
2614 3951 2758 4004 unde
2815 3949 3103 4018 lentigiues
3135 3989 3150 4015 ,
3194 3951 3508 4017 cicatrices,
3556 3965 3677 4005 nam
3721 3947 3774 4001 ad

2247 4049 2475 4094 mortem
2532 4054 2704 4107 usque
2753 4039 3069 4109 corporibus
3127 4041 3445 4109 adhmreut;
3516 4043 3565 4096 in
3626 4053 3773 4095 resur-

2245 4127 2484 4182 rectione
2536 4129 2703 4199 igitur
2746 4129 2943 4182 animae
2984 4130 3320 4200 circumponi
3368 4131 3588 4186 formam
3637 4129 3773 4189 illam,

2244 4230 2348 4286 qua
2377 4215 2572 4270 Petrus
2615 4218 2766 4270 verbi
2813 4219 2986 4288 gratia
3029 4219 3401 4282 constituitur,
3447 4221 3642 4275 diversa
3678 4217 3775 4270 licet

2246 4308 2472 4362 materia
2503 4309 2593 4375 sit,
2641 4323 2706 4362 ac
2745 4308 3015 4364 diversum
3065 4325 3303 4380 corpus;
3363 4312 3562 4366 animas
3614 4309 3774 4380 quippe

2249 4401 2412 4454 variis
2440 4467 2442 4472 _
2471 4415 2569 4470 pro
2625 4399 2863 4455 locorum
2911 4402 3174 4456 varietate
3232 4403 3308 4456 uti
3359 4402 3688 4471 corporibus;
3732 4407 3773 4452 et

2246 4491 2698 4559 quemadmodum
2728 4491 2872 4545 aliud
2922 4507 3147 4547 necesse
3192 4491 3336 4548 foret
3371 4493 3546 4548 subire
3591 4503 3768 4557 corpus,

578 4571 933 4641 ignobilitate,
961 4571 1132 4642 surgit
1169 4573 1223 4627 in
1259 4572 1468 4644 gloria;
1502 4572 1798 4627 seminatur
1826 4573 1877 4628 in
1911 4574 2139 4630 infirmi-
2173 4561 2216 4616 Ῑ)
2245 4581 2289 4636 si
2319 4581 2370 4636 in
2396 4581 2552 4650 aquis
2581 4582 2775 4636 victuri
2811 4597 3074 4649 essemus,
3120 4583 3191 4636 ita
3224 4583 3381 4639 nobis
3409 4585 3566 4637 vitam
3607 4579 3768 4636 acturis

579 4673 709 4728 tate,
740 4665 915 4733 surgit
944 4664 996 4717 in
1027 4667 1223 4720 virtute
1251 4684 1266 4734 ;
1304 4665 1607 4721 seminatur
1633 4680 1830 4735 corpus
1869 4668 2136 4733 animale,

577 4757 751 4827 surgit
815 4771 1011 4826 corpus
1074 4757 1383 4827 spiritale,»
1449 4772 1647 4827 corpus
1703 4769 2134 4816 resurrecturum

573 4849 790 4916 quidem
819 4849 1168 4916 existimavit,
1214 4849 1309 4904 sed
1345 4851 1688 4904 immutatum
1737 4860 1951 4918 natura,
2006 4862 2061 4907 et
2107 4868 2136 4907 a

575 4941 760 5008 priore
791 4940 1084 5005 diversum,
1122 4958 1186 4996 ac
1219 4942 1373 5012 plane
1397 4942 1577 5008 aliud;
1613 4944 2068 5012 quemadmodum
2105 4959 2136 5000 e

575 5046 742 5100 grano
786 5033 953 5087 tritici
987 5033 1135 5102 Spica
1175 5035 1346 5105 surgit
1396 5051 1425 5089 ε
1466 5051 1638 5107 grano
1688 5035 1938 5102 diversa;
1995 5037 2138 5105 quod

573 5125 883 5179 conﬁrmari
903 5133 1049 5194 putal
1069 5125 1183 5180 isto
1201 5141 1232 5180 e
1253 5126 1429 5190 priore
1451 5127 1517 5181 ad
1541 5127 1790 5182 Corinth.
1820 5143 1909 5193 xv,
1936 5127 2136 5183 56-58:

581 5232 598 5264 ι
629 5213 911 5283 lnsipiens,
947 5225 1002 5271 tu
1045 5217 1190 5286 quod
1228 5218 1467 5272 seminas
1508 5234 1614 5272 non
1667 5219 1994 5284 vivificatur,
2037 5220 2138 5274 nisi

577 5307 728 5374 prius
753 5308 1035 5362 moriatur.
1070 5308 1135 5362 Et
1167 5309 1308 5378 quod
1337 5309 1594 5372 seminas,
1627 5325 1731 5363 non
1771 5325 1969 5380 corpus
1999 5312 2140 5378 quod

577 5398 816 5452 futurum
843 5406 927 5452 est
956 5401 1217 5466 sctninas,
1257 5401 1353 5455 sed
1383 5399 1585 5454 nudum
1615 5416 1867 5470 granum,
1899 5411 1956 5454 ut
1989 5409 2137 5471 puta,

579 5491 744 5546 tritici
767 5500 861 5544 aut
903 5491 1131 5559 alicujus
1157 5502 1496 5548 cteterorum.
1549 5492 1692 5546 Dcus
1737 5503 1915 5547 autem
1943 5494 2034 5547 dat
2063 5493 2138 5547 illi

579 5595 777 5650 corpus
795 5581 934 5637 sicut
958 5582 1150 5642 voluit,
1174 5594 1227 5637 et
1254 5584 1545 5652 unicuique
1571 5583 1834 5638 seminum
1864 5583 2138 5652 proprium

581 5686 796 5740 corpus.
827 5691 846 5726 ι
881 5673 1032 5728 Unde
1065 5673 1163 5730 lib.
1206 5688 1238 5726 ν
1267 5686 1453 5729 contra
1484 5673 1800 5738 Cels.,num.
1827 5673 1914 5740 22,
1933 5683 2144 5730 mortuo

583 5764 795 5830 corpori
830 5765 979 5819 velut
1025 5779 1210 5820 semen
1261 5765 1424 5821 futuri
1474 5767 1716 5835 corporis
1767 5769 1946 5822 inesse
1991 5763 2142 5830 dicit,

589 5852 908 5932 hominique
948 5870 977 5909 e
1004 5854 1228 5910 mortuis
1259 5858 1554 5925 rcsurgenti
1590 5872 1786 5926 corpus
1819 5872 1916 5927 pro
1967 5855 2147 5911 divino

2243 4673 2295 4727 in
2329 4673 2484 4738 coalo,
2526 4673 2782 4742 spiritalia
2847 4675 3189 4741 necessario!
3224 4690 3449 4745 corpora
3507 4688 3617 4728 esse
3663 4670 3767 4723 asci-

2241 4765 2472 4831 scenda;
2512 4765 2604 4819 sed
2642 4773 2848 4818 mutato
2903 4765 3029 4820 licet
3067 4780 3318 4835 corpore,
3360 4765 3590 4821 eamdem
3624 4771 3763 4816 tamen

2244 4856 2552 4924 neutiquam
2577 4855 2903 4910 exstinctum
2933 4855 2996 4909 iri
3021 4857 3253 4924 speciem
3281 4872 3343 4912 ac
3363 4858 3598 4920 formam,
3616 4865 3766 4923 quem-

2241 4946 2526 5003 admodum
2579 4945 2758 5011 Jesus,
2813 4947 2984 5002 Moses
3037 4963 3101 5002 ac
3169 4949 3314 5004 Elias
3363 4949 3414 5003 in
3465 4945 3763 5001 transforma-

2247 5041 2393 5094 tione
2423 5055 2544 5095 sese
2581 5042 2770 5095 eadem
2819 5040 3188 5109 aguoscendos
3235 5040 3410 5109 specie
3449 5037 3760 5109 prtebuerunt.

2249 5131 2515 5202 Explanat
2541 5132 2773 5202 idipsum
2814 5133 3044 5186 subinde
3072 5123 3372 5186 Methodius
3419 5147 3534 5200 cap.
3583 5126 3672 5188 38,
3713 5134 3761 5172 ac

2245 5237 2364 5276 eam
2393 5237 2606 5291 quoque
2634 5221 2883 5290 Origenis
2925 5221 3358 5276 dissertationem
3408 5221 3459 5274 in
3498 5215 3758 5288 Apologia»!

2246 5329 2398 5368 suam
2423 5313 2735 5382 Pamphilus
2765 5313 3000 5368 infersit.
3027 5313 3338 5368 Eustathius
3363 5311 3696 5367 Antiochenus
3716 5303 3765 5378 in.

2251 5406 2393 5461 libro
2418 5406 2494 5459 De
2523 5403 2957 5475 Engastrimytho
2991 5415 3178 5459 narrat
3221 5405 3497 5475 Origenem
3542 5399 3663 5454 male
3706 5395 3757 5445 de

2248 5497 2646 5552 resurrectione
2675 5497 3001 5551 sententiam
3039 5495 3254 5551 abunde
3278 5492 3586 5562 aMethodio
3620 5487 3755 5540 fuisse

2247 5585 2608 5649 confutatum,
2640 5586 2706 5640 ab
2737 5600 2909 5654 eoque
2933 5597 3120 5656 aperte
3164 5588 3570 5641 demonstratum
3601 5589 3752 5632 ansam

2249 5678 2373 5733 inde
2425 5677 2691 5731 haereticis
2735 5677 3032 5746 praebitam,
3087 5691 3186 5730 cur
3235 5675 3406 5744 specie
3452 5671 3628 5730 solum,
3667 5677 3750 5718 non

2252 5782 2477 5839 corpore
2503 5767 2620 5837 ipso
2650 5767 2892 5824 homines
2921 5765 3049 5821 olim
3091 5764 3206 5822 fore
3246 5761 3563 5820 suscitandos
3596 5753 3750 5822 opina-

2257 5868 2460 5917 rentur.
2485 5858 2744 5917 Notabilis
2771 5874 2897 5915 vcro
2920 5868 3003 5914 est
3036 5858 3233 5915 Niceta:
3260 5854 3544 5912 Acominatt
3567 5857 3750 5923 accusa-
