4068 6308
353 414 459 474 989
1167 422 1743 483 ORIGENIANORUM
1784 426 1909 484 LIB.
1950 426 2015 492 ll,
2056 426 2205 481 CAP.
2250 425 2312 491 ll,
2352 424 2625 492 QUEST.
2667 426 2757 483 IX.
3475 426 3576 484 990

351 532 430 585 tio
457 532 553 590 lib.
586 550 642 590 tv
672 535 824 593 Thes.
866 538 1072 591 orthod.
1107 538 1224 604 ﬁd.,
1270 541 1462 596 haeres.
1492 559 1642 611 xxxi,
1672 561 1775 615 qua
1803 545 1925 601 Ori-
1953 549 1999 606 Α
2029 545 2195 611 nitur,
2237 559 2337 598 nec
2370 546 2605 613 pondere
2649 550 3037 612 praegravatur,
3071 552 3124 596 et
3171 557 3267 610 pro
3313 542 3574 607 locorum,

352 623 509 691 genis
554 630 871 682 sententiam
922 630 1003 683 his
1038 630 1258 698 exponit
1303 634 1503 699 verbis,
1560 635 1712 705 juxta
1770 636 1918 695 Petri

354 714 559 770 Morelli
598 718 1086 788 interpretationem
1117 738 1131 775 :
1169 738 1188 772 ι
1220 721 1427 792 Corpus
1455 727 1921 797 hociquoinvolvi-

355 822 495 869 mur,
546 810 951 865 resurrectionis
1008 810 1149 865 illius
1200 815 1286 868 die
1340 832 1444 870 non
1492 829 1756 889 resurget,
1808 821 1904 876 sed

355 895 590 949 humana
620 906 821 952 tantum
848 899 1042 967 forma,
1073 917 1181 971 qua
1220 901 1417 959 Paulus
1443 904 1577 961 forte
1606 907 1688 961 vel
1728 908 1918 964 Petrus

358 984 731 1057 dignoscitur;
798 1000 958 1059 atque
1024 994 1160 1049 adeo
1225 995 1531 1051 extrinseca
1602 997 1691 1052 illa
1746 999 1915 1068 figura

357 1086 626 1148 resurget,
669 1094 789 1149 quae
815 1081 915 1135 sub
956 1081 1130 1138 forma
1160 1100 1374 1155 quoque
1424 1089 1913 1158 comprehenditur.

360 1171 526 1226 Porro
556 1170 868 1240 subjectum
889 1174 1086 1243 ipsum,
1114 1177 1226 1232 sive
1259 1193 1476 1249 corpus,
1506 1180 1913 1250 haudquaquam

360 1264 500 1317 idem
554 1265 836 1335 manebit:
873 1263 1184 1323 Seminatur
1221 1270 1364 1324 enim
1415 1287 1601 1340 corpus
1647 1274 1910 1339 animale,

355 1352 525 1422 inquit
553 1354 839 1425 Apostolus
867 1357 936 1424 ιτ,
970 1373 1157 1427 corpus
1179 1360 1454 1428 spirituale
1485 1364 1726 1433 resurgit.
1774 1362 1915 1430 Qua-

355 1451 575 1512 pmpter
630 1459 856 1500 necesse
906 1454 1013 1511 est,
1074 1457 1134 1503 ut
1191 1450 1642 1506 resurrectionem
1694 1453 1747 1507 in
1800 1455 1911 1509 sola

358 1533 530 1589 forma
562 1535 798 1590 futuram
842 1552 1158 1606 speremus;
1209 1541 1264 1595 in
1325 1542 1568 1612 subjecto
1627 1559 1757 1599 vero
1804 1560 1911 1601 non

353 1627 501 1680 item.
534 1645 553 1679 ι
597 1628 762 1682 Addit
807 1629 999 1685 deinde
1049 1631 1268 1688 Nicetas
1293 1635 1619 1689 sententiam
1647 1650 1799 1690 suam
1844 1638 1911 1694 de

352 1720 797 1775 resurrectionea
830 1721 1123 1779 Platonicis
1148 1723 1432 1796 Origenem
1464 1730 1771 1799 accepisse;
1801 1740 1911 1785 tra-

351 1808 480 1863 dere
507 1819 686 1865 autem
716 1812 838 1866 illos
868 1814 1061 1883 duplex
1102 1816 1227 1870 idoli
1265 1832 1433 1886 genus
1465 1819 1659 1874 animae
1699 1823 1910 1877 unicui-

2023 635 2077 689 in
2112 634 2311 705 quibus
2343 633 2576 688 futurum
2608 642 2710 698 est,
2744 636 3005 688 varietate
3039 632 3348 687 mutabitur.
3376 652 3395 685 ι
3437 633 3572 687 Tum

2019 724 2122 779 sibi
2157 723 2357 779 Christi
2387 723 2835 777 resurrectionem
2864 724 3105 791 opponit,
3152 730 3207 775 et
3254 723 3571 777 suscitatum

2017 813 2133 882 ejus
2189 828 2401 883 corpus,
2457 825 2630 878 stans,
2674 812 2982 878 ambulans,
3040 811 3226 875 latere,
3288 813 3571 878 manibus,

2017 904 2290 968 carnibus,
2323 905 2533 960 ossibus
2564 904 2884 959 instructum
2918 918 2932 955 :
2966 905 3058 957 sed
3090 904 3192 955 alia
3222 904 3424 958 virtute
3454 904 3572 973 pol-

2016 996 2125 1051 lere
2154 1010 2348 1067 corpus
2376 996 2683 1065 respondet,
2709 997 2850 1065 quod
2872 997 2939 1049 de
2970 996 3070 1048 viri
3112 997 3317 1051 semine
3340 1011 3571 1051 concre-

2016 1094 2126 1140 tum
2161 1100 2266 1139 non
2304 1092 2408 1149 est,
2458 1100 2522 1139 ac
2572 1093 2756 1139 nostra
2788 1099 3053 1155 corpora;
3105 1092 3160 1138 et
3212 1085 3316 1138 tale
3369 1085 3576 1141 idcirco

2013 1176 2328 1244 apparuisse
2377 1173 2578 1228 Christi
2618 1188 2833 1242 corpus,
2879 1191 2898 1225 t
2954 1183 3011 1227 ut
3050 1174 3417 1228 dubitantibus
3448 1188 3577 1243 apo-

2012 1268 2168 1324 stolis
2194 1268 2352 1321 fidem
2383 1266 2583 1321 faceret
2610 1266 3053 1331 resurrectionis;
3094 1286 3110 1317 ι
3140 1281 3353 1320 aereum
3396 1275 3573 1320 tamen

2011 1365 2066 1411 et
2096 1355 2375 1424 spirituale
2408 1356 2595 1421 fuisse,
2625 1365 2682 1410 ut
2707 1358 2848 1425 quod
2877 1355 3075 1411 clausis
3100 1356 3255 1411 ostiis
3277 1356 3572 1426 ingressum

2012 1448 2101 1513 sit,
2133 1457 2186 1501 et
2213 1447 2267 1501 in
2297 1446 2557 1501 fractione
2579 1448 2731 1514 panis
2763 1462 2827 1501 ex
2866 1447 3037 1502 oculis
3070 1448 3367 1501 evanuerit.
3403 1446 3571 1514 Quam

2012 1538 2439 1606 responsionem,
2479 1552 2547 1591 ac
2587 1538 2848 1606 reliquam
2890 1539 3015 1593 item
3061 1538 3309 1606 Origenis
3338 1539 3575 1608 disputa-

2014 1628 2212 1683 tionem
2261 1628 2437 1683 valide
2483 1628 2537 1681 in
2598 1629 2953 1697 sequentibus
3014 1628 3367 1698 Hieronymus
3405 1646 3574 1699 oppu-

2012 1726 2159 1788 gnat.
2188 1716 2266 1773 Ac
2298 1717 2461 1782 idem,
2488 1733 2612 1772 cum
2654 1719 2759 1774 sibi
2798 1720 2988 1775 fuisset
3015 1723 3375 1790 propositum,
3415 1738 3575 1777 accu-

2012 1820 2133 1864 rate
2159 1823 2371 1879 quoque
2400 1809 2649 1864 dissolvit
2677 1810 3005 1881 Augustinus
3034 1812 3189 1881 epist.
3220 1813 3312 1879 49,
3353 1816 3415 1869 ad
3443 1815 3575 1869 Deo-

355 1914 459 1969 que
486 1903 762 1957 adhaerere
789 1923 803 1971 ;
835 1905 978 1961 aliud
1006 1906 1073 1961 ab
1093 1916 1295 1962 aeterno
1320 1909 1367 1964 ei
1404 1910 1697 1977 adnexum,
1731 1914 1907 1984 Splen-
1946 1893 1987 1949 Β
2016 1900 2240 1971 Erilli“-

352 1994 535 2048 didum
562 2004 614 2049 et
639 1996 820 2051 lucens
841 2014 855 2061 ;
880 1997 1104 2053 alterum
1129 2002 1385 2066 crassius,
1412 2001 1619 2073 ipsique
1646 2020 1711 2059 ex
1734 2015 1911 2062 astro-

355 2098 474 2137 rum
522 2084 878 2153 dispositione
937 2088 1408 2159 circumpositum;
1468 2094 1594 2149 huic
1645 2095 1908 2153 deteriora

356 2174 551 2230 anima:
605 2177 807 2243 munia,
866 2178 941 2233 illi
995 2183 1368 2249 praestantiora
1418 2184 1909 2257 deberi:separari

355 2264 484 2319 illud
508 2281 891 2340 nonnunquam
918 2274 986 2324 ah
1028 2273 1203 2327 anima
1231 2290 1456 2343 corpore
1480 2279 1743 2343 exsoluta,
1770 2290 1823 2334 et
1841 2280 1908 2335 ad

354 2358 635 2425 pristinam
658 2366 838 2416 sedem
876 2363 1155 2418 revelare:
1190 2364 1294 2420 hoc
1328 2368 1395 2421 ab
1440 2368 1527 2422 illa
1569 2369 1703 2423 solvi
1732 2372 1908 2426 neuti-

353 2462 514 2515 quam
547 2463 724 2518 posse,
754 2451 845 2506 sed
884 2452 936 2505 in
970 2452 1199 2519 Orcum,
1242 2455 1324 2509 vel
1364 2456 1509 2513 inter
1561 2460 1739 2515 sidera
1793 2470 1911 2530 post

354 2548 583 2593 mortem
636 2542 807 2596 abire.
849 2542 1056 2608 Quibus
1104 2545 1176 2599 ita
1222 2546 1480 2614 expositis
1531 2549 1645 2604 haec
1692 2552 1906 2605 demum

352 2629 625 2700 subiungit
655 2649 667 2683 :
698 2650 715 2681 ι
743 2631 928 2701 Itaque
966 2633 1246 2703 Origenes,
1294 2645 1354 2688 ut
1405 2652 1521 2691 mea
1555 2638 1774 2707 quidem
1802 2639 1909 2695 fert

352 2722 641 2784 sententia,
673 2738 795 2776 cum
830 2724 1064 2777 animam
1104 2724 1248 2780 idolo
1278 2726 1580 2793 hujusmodi
1617 2730 1906 2798 vestiisset,

350 2812 492 2877 quod
512 2813 772 2881 proprias
807 2813 1081 2877 actiones,
1134 2817 1341 2886 sibique
1374 2817 1636 2876 involutas
1670 2822 1906 2876 circum-

354 2899 540 2967 ferret,
563 2900 677 2957 fore
697 2901 950 2970 subjecit,
976 2913 1032 2958 ut
1062 2921 1162 2959 una
1185 2922 1304 2960 cum
1333 2908 1435 2963 hoc
1467 2909 1553 2963 illa
1583 2921 1905 2981 resurgeret,

353 2991 641 3061 futuroque
692 2992 894 3061 judicio
940 2996 1316 3064 subjiceretur,
1360 3013 1464 3068 qua
1505 3000 1556 3053 in
1613 3017 1670 3057 re
1722 3013 1909 3072 gentes

356 3098 581 3152 prorsus
611 3084 885 3150 imitatur;
918 3088 1158 3143 mortalis
1201 3100 1381 3143 autem
1423 3092 1693 3162 tactuique
1742 3108 1908 3165 expo-

353 3174 455 3227 sita
485 3188 613 3231 caro
642 3174 896 3232 deflueret
937 3187 1097 3248 atque
1120 3189 1483 3234 evanesceret.
1514 3199 1533 3231 ι

2084 1990 2298 2045 Erroris
2324 1998 2471 2045 certe
2516 1989 2655 2044 illius
2690 2000 2845 2045 notas
2883 1992 3119 2059 reperire
3153 1991 3278 2047 licet
3318 1992 3370 2046 in
3416 1991 3574 2046 Cort-

2016 2082 2273 2136 mentario
2300 2082 2547 2150 Origenis
2576 2081 2646 2134 ad
2670 2086 2856 2150 psatm.
2884 2099 2923 2145 ι,
2958 2098 3076 2151 pag.
3104 2084 3228 2150 555,
3259 2084 3383 2145 556,
3413 2099 3571 2152 quem

2015 2172 2070 2227 in
2102 2173 2372 2242 epitomen
2402 2172 2681 2227 contraxit
2710 2171 3029 2226 Methodius.
3068 2173 3139 2227 Ibi
3172 2175 3368 2243 quippe
3397 2174 3573 2229 locum

2017 2262 2218 2317 Ezecb‘.
2273 2279 2396 2333 cap.
2451 2276 2674 2322 xxxvn.
2736 2278 2844 2335 quo
2908 2262 3100 2318 futurae
3167 2266 3576 2320 resurrectionis

2015 2355 2326 2425 mysterium
2379 2354 2689 2423 planissime
2729 2354 2993 2423 aperitur,
3048 2357 3100 2408 in
3140 2356 3304 2410 alium
3355 2371 3573 2412 sensum

2014 2445 2325 2513 detorquet;
2373 2459 2497 2497 nam
2545 2443 2715 2498 aridis
2750 2443 2857 2497 illis
2903 2445 3137 2510 ossibus,
3188 2446 3436 2502 acerbam
3478 2445 3573 2498 Jn-

2013 2538 2250 2593 datorum
2285 2537 2652 2606 captivitatem
2708 2538 2883 2591 notari
2931 2547 3123 2608 putat,
3180 2552 3297 2606 qnte
3348 2552 3573 2606 corpora

2012 2644 2175 2684 succo
2199 2630 2458 2683 exhausta
2493 2630 2662 2683 macie
2701 2629 3135 2695 deformavcrat;
3178 2631 3573 2685 resurrectione

2013 2732 2215 2786 autem,
2248 2722 2549 2777 libertatem
2572 2720 2903 2786 Judaeornm,
2930 2739 3050 2790 qua:
3079 2724 3129 2776 in
3165 2722 3449 2792 pristinum
3477 2736 3573 2777 cos

2013 2822 2234 2877 statum,
2284 2823 2336 2868 et
2377 2813 2645 2882 integrum
2678 2827 2742 2868 ac
2767 2813 3005 2868 vividum
3048 2813 3291 2883 corporis
3332 2813 3571 2866 habitum

2011 2914 2128 2958 erat
2175 2904 2509 2959 reslitutura.
2553 2902 2671 2957 Alio
2706 2903 2888 2959 itidem
2932 2902 3163 2959 deflectit
3203 2903 3333 2957 illud
3381 2902 3571 2957 Matth.

2016 3009 2136 3062 vni,
2170 2992 2256 3057 l2,
2296 3012 2314 3045 ι
2341 2993 2414 3049 Ibi
2446 2994 2548 3048 erit
2577 2993 2733 3051 fletus
2771 3005 2825 3050 et
2868 2997 3068 3053 stridor
3093 2995 3359 3060 dentium,
3384 3014 3405 3046 ι
3440 2994 3574 3048 alia-

2014 3099 2118 3153 que
2168 3085 2453 3155 ejusmodi,
2499 3088 2696 3155 quibus
2743 3103 2968 3157 corpora
3020 3095 3392 3141 resurrectura
3449 3100 3574 3141 esse

2013 3178 2331 3243 conficitur;
2378 3194 2480 3234 nec
2521 3179 2593 3235 ibi
2648 3180 2862 3234 futuros
2908 3180 3095 3235 dentes
3139 3180 3448 3249 respondet,
3482 3180 3570 3231 nh‘

427 3262 663 3321 Ulterius
692 3266 853 3320 etiam
885 3243 1412 3339 abit-nonnunquam
1454 3270 1731 3343 Origenes,
1757 3289 1821 3330 ac
1842 3291 1910 3331 ne
1937 3243 1980 3303 θ
2015 3269 2193 3323 nullus
2246 3269 2487 3325 dentium
2536 3286 2663 3325 usus
2723 3270 2940 3325 futurus
2988 3279 3101 3335 est;
3153 3243 3571 3338 et-corporcam

357 3353 582 3408 formam
610 3356 828 3425 quidem
856 3357 1027 3426 ipsam
1059 3367 1114 3412 et
1144 3358 1366 3427 ﬁguram
1397 3362 1715 3428 corporibus
1746 3367 1911 3420 susei-

358 3445 535 3500 tandis
575 3446 901 3502 inbatsuram
943 3450 1284 3521 pronuntiat;
1330 3460 1385 3507 et
1416 3455 1913 3521 quemadmodume

355 3550 527 3604 grano
552 3536 719 3591 tritici
747 3538 895 3611 spica
932 3538 1106 3608 surgit
1145 3555 1315 3611 grano
1361 3544 1649 3608 absimilis,
1706 3562 1806 3601 nec
1843 3563 1911 3602 ex

356 3625 460 3681 hoc
491 3626 681 3681 transit
723 3628 777 3681 in
816 3627 958 3682 illam
983 3629 1273 3698 quidquam
1324 3633 1489 3701 aliud,
1521 3644 1715 3703 praeter
1750 3637 1913 3692 ratio-

357 3733 477 3772 nem
503 3720 747 3787 seminis,
780 3734 874 3775 seu
904 3722 1314 3795 σπινθηρισμὸν,
1346 3725 1416 3778 ita
1456 3729 1669 3795 corpori
1703 3738 1913 3783 mortuo

357 3812 540 3865 inesse
557 3828 761 3875 semen,
785 3815 925 3880 quod
945 3816 1268 3885 germinabit
1285 3818 1571 3872 novissima
1596 3827 1913 3888 personante

358 3902 509 3965 tuba,
534 3914 589 3956 et
614 3903 755 3957 aliud
786 3905 853 3959 de
882 3920 939 3959 se
969 3921 1167 3976 corpus
1198 3907 1369 3962 dabit.
1403 3907 1545 3964 Fuse
1569 3909 1681 3964 btee
1711 3910 1915 3966 edisse-

358 3994 429 4047 rit
460 3992 816 4065 Hieronymus
849 3997 900 4051 in
930 3998 1152 4067 epistola
1180 4000 1441 4054 adversus
1472 4000 1728 4055 Joannem
1757 4001 1911 4057 Jeru-

355 4084 763 4155 solymitanum,
792 4095 847 4140 et
880 4086 1164 4157 Origenem
1190 4088 1269 4142 sic
1300 4088 1504 4143 inducit
1533 4090 1912 4160 disputantem,

356 4190 477 4244 cap.
508 4175 541 4230 8
575 4191 589 4227 :
624 4194 642 4227 ι
671 4176 802 4231 Cum
837 4186 1016 4232 autem
1056 4176 1243 4246 jndicii
1278 4178 1395 4233 dies
1426 4180 1721 4244 advenerit,
1759 4187 1814 4232 et
1858 4178 1913 4233 in

355 4284 489 4325 voce
524 4270 856 4340 archangeli,
903 4280 958 4325 et
985 4271 1036 4323 in
1070 4270 1361 4325 novissima
1396 4275 1521 4325 tuba
1554 4272 1598 4303 ¹⁸
1638 4271 1916 4326 tremuerit

360 4369 527 4427 terra,
555 4363 916 4415 movebuntur
933 4361 1114 4414 statim
1142 4361 1368 4427 semina,
1394 4373 1447 4415 et
1474 4362 1524 4415 in
1550 4370 1747 4432 puncto
1769 4363 1915 4416 horas

357 4463 602 4505 mortuos
630 4452 1010 4520 germinahunt
1038 4469 1052 4504 :
1082 4467 1187 4506 non
1233 4460 1410 4506 tamen
1448 4454 1662 4507 easdem
1700 4468 1912 4518 carnes,

2012 3356 2156 3411 illam
2184 3360 2417 3426 speciem
2451 3366 2718 3411 mutatum
2746 3358 2813 3410 iri
2837 3374 2853 3419 ;
2891 3371 2989 3409 nec
3013 3356 3241 3425 primam
3271 3353 3571 3416 materiam,

2012 3463 2171 3515 quam
2199 3448 2442 3502 eamdem
2463 3462 2584 3502 esse
2612 3462 2754 3516 stepe
2780 3448 2913 3502 dicit
2938 3462 3001 3501 ac
3031 3462 3254 3515 corpus,
3285 3444 3392 3498 ullo
3414 3444 3573 3497 modo

2012 3549 2480 3603 resurrecturam;
2509 3541 2573 3592 ad
2599 3540 2758 3608 idque
2787 3538 2939 3607 grani
2967 3547 3023 3591 et
3051 3537 3212 3605 spica:
3243 3522 3569 3603 exemplum,

2011 3644 2121 3699 quo
2154 3646 2281 3685 usus
2314 3629 2724 3700 estApostolus,
2751 3627 3146 3683 accommodat.
3171 3627 3339 3683 Tomo
3360 3639 3572 3694 quoque

2012 3735 2125 3775 χιιι
2167 3721 2224 3774 in
2271 3719 2491 3783 Matth.,
2543 3734 2691 3773 num.
2733 3718 2802 3773 50
2838 3727 2893 3771 et
2939 3718 3029 3782 55,
3084 3720 3149 3770 de
3202 3717 3497 3787 quaestione
3540 3731 3568 3768 a

2017 3810 2326 3867 Sadduczeis
2368 3812 2686 3880 Sospitatori
2718 3810 2993 3880 proposita
3045 3823 3208 3877 agens
3244 3807 3573 3875 genitalibus

2013 3904 2248 3959 caritura
2274 3902 2512 3956 decrevit
2539 3916 2765 3971 corpora
2799 3902 2852 3955 in
2885 3900 3046 3964 coelo,
3081 3900 3224 3969 quod
3256 3899 3323 3951 ibi
3361 3899 3573 3968 genita-

2013 3995 2143 4049 lium
2181 4009 2309 4049 usus
2335 3992 2630 4047 abolendus
2678 3993 2771 4046 sit.
2812 3991 2918 4046 Sed
2950 4000 3005 4044 et
3034 4005 3100 4043 ex
3142 3991 3248 4044 line
3283 3988 3402 4042 libri
3431 4004 3467 4043 ιι
3497 3987 3574 4042 De

2011 4083 2232 4154 princip.
2281 4080 2438 4135 aliert
2470 4082 2611 4135 hunc
2661 4080 2837 4135 locum
2883 4078 3241 4148 Hieronymus
3285 4078 3443 4144 epist.
3480 4078 3573 4140 59,

2014 4172 2080 4226 ad
2117 4170 2261 4225 Avit.
2288 4209 2304 4234 ,
2343 4184 2465 4237 cap.
2515 4168 2590 4223 2:
2625 4168 2906 4236 «Cumque
2952 4169 3003 4221 in
3045 4177 3250 4220 tantum
3285 4167 3575 4234 profeceri-

2014 4278 2161 4329 mus,
2191 4273 2247 4315 ttt
2280 4275 2618 4330 nequaquam
2647 4274 2840 4315 carnes
2863 4270 2915 4313 et
2943 4274 3205 4329 corpora,
3256 4257 3479 4311 forsitan
3507 4271 3574 4311 ne

2013 4355 2209 4408 animae
2238 4354 2452 4423 quidem
2509 4351 2789 4416 fuerimus,
2835 4351 2928 4407 sed
2980 4366 3130 4405 mens
3178 4360 3232 4404 et
3278 4364 3470 4403 sensus
3506 4349 3572 4402 ad

2014 4445 2311 4515 perfectura
2337 4444 2582 4509 veniens,
2611 4444 2864 4512 nulloque
2892 4441 3352 4509 perturbationum
3393 4438 3576 4494 nubilo

360 4559 460 4598 nec
500 4544 553 4597 in
595 4543 659 4597 iis
690 4542 881 4597 formis
910 4542 1220 4615 restituenj,
1250 4557 1370 4612 qua:
1398 4543 1632 4598 fuerunt.
1665 4562 1684 4596 ι
1732 4543 1916 4613 Capite
1946 4571 1991 4629 υ
2015 4538 2274 4608 caligans,
2346 4536 2647 4590 intuebitur
2692 4534 3041 4587 rationabiles
3107 4531 3576 4601 intelligibilesque

359 4633 558 4688 deinde
586 4633 856 4702 sequenti,
894 4634 969 4686 ita
992 4631 1300 4702 loquentem
1335 4634 1484 4704 fingit
1514 4634 1910 4701 Adamantium,

354 4725 602 4785 ossium.
655 4723 931 4791 sanguinis
1007 4737 1071 4777 ac
1160 4724 1521 4778 membrorum
1584 4725 1912 4794 singulorum

359 4814 643 4883 repudiata
696 4813 1095 4869 resurrectione
1123 4831 1138 4867 :
1170 4832 1188 4865 ι
1217 4813 1369 4870 Nunc
1433 4816 1606 4871 oculis
1648 4817 1911 4881 videmus,

280 4896 281 4899 “
357 4905 579 4958 auribus
606 4906 875 4971 audimus,
908 4905 1159 4960 manibus
1188 4906 1398 4975 agimus
1423 4946 1439 4970 ,
1469 4909 1694 4977 pedibus
1722 4909 1913 4963 ambu-

358 4995 572 5059 lamus;
597 4997 651 5049 in
694 4996 785 5051 illo
813 5007 993 5052 autem
1023 5012 1256 5067 corpore
1285 4998 1549 5067 spirituali
1582 5000 1678 5054 toti
1709 5000 1914 5054 videbi-

360 5103 501 5153 mus,
529 5089 625 5142 toti
657 5089 957 5154 audiemus,
1000 5092 1097 5145 toti
1136 5092 1502 5162 operabimur,
1540 5091 1636 5146 toti
1668 5092 1914 5145 ambula-

360 5177 560 5243 bimus,
590 5188 646 5232 et
680 5180 1074 5248 transﬁgurabit
1098 5180 1351 5235 Dominus
1387 5198 1571 5248 corpus
1608 5182 1920 5236 humilitatis

362 5278 554 5323 nostra:
592 5270 857 5333 conforme
900 5272 1108 5338 corpori
1160 5274 1417 5326 claritatis
1461 5290 1571 5327 suae
1620 5272 1803 5342 gloriae
1853 5275 1917 5327 ¹⁹.

360 5357 588 5423 Quando
660 5358 839 5423 dixit,
883 5362 1308 5431 transﬁgurabit,
1355 5362 1407 5416 id
1448 5373 1532 5417 est
1568 5379 1920 5433 μετασχημα-

358 5448 519 5513 τίσει,
552 5451 915 5503 membrorum
957 5452 1152 5520 quibus
1198 5467 1338 5507 nunc
1368 5455 1592 5518 utimur,
1636 5454 1917 5508 diversitas

359 5540 679 5607 denegatur.
718 5538 877 5592 Aliud
912 5541 1066 5594 nobis
1096 5542 1337 5609 Spit-itala
1373 5552 1427 5596 et
1461 5542 1752 5597 tethereum
1791 5559 1918 5612 pro-

361 5630 614 5695 mittitur,
645 5632 785 5698 quod
814 5645 915 5686 nec
946 5632 1110 5686 tactui
1145 5632 1387 5699 subjacet
1407 5673 1423 5698 ,
1467 5649 1564 5690 nec
1594 5635 1767 5690 oculis
1791 5650 1914 5690 cer-

420 5803 459 5834 ¹⁷
491 5801 657 5857 lCor.
683 5816 771 5868 xv,
802 5801 889 5858 44.
968 5804 1009 5836 ¹⁸
1036 5804 1051 5858 Ι
1075 5803 1265 5859 Thess.
1286 5821 1357 5870 tv,
1381 5806 1464 5861 15.

2019 4625 2353 4680 substantias
2395 4624 2536 4679 facie
2565 4624 2632 4678 ad
2667 4622 2878 4677 faciem.
2904 4641 2924 4674 ι
2977 4624 3106 4690 Quae
3142 4623 3219 4677 sic
3261 4624 3578 4690 depravavit

2018 4732 2117 4773 suo
2156 4731 2306 4770 more
2352 4715 2577 4769 Ruﬁnus
2606 4730 2620 4766 :
2648 4733 2668 4765 ι
2698 4715 2761 4767 Et
2788 4716 2859 4767 ita
2910 4729 3164 4769 crescens
3216 4729 3312 4783 per
3366 4715 3575 4785 singula

2017 4807 2356 4863 rationabilis
2389 4815 2605 4871 natura,
2634 4819 2739 4858 non
2760 4804 2902 4859 sicut
2930 4805 2981 4857 in
3016 4820 3181 4858 carne
3216 4804 3300 4858 vel
3326 4816 3574 4872 corpore,

2018 4910 2073 4956 et
2102 4900 2279 4954 anima
2310 4900 2363 4952 in
2392 4899 2495 4952 hac
2530 4898 2639 4951 vita
2670 4896 2972 4960 crescebat,
3004 4897 3095 4950 sed
3125 4903 3303 4949 mente
3323 4909 3386 4947 ac
3415 4908 3575 4947 sensu

2019 5002 2175 5046 aucta
2209 4992 2275 5044 ad
2305 4990 2597 5059 perfectam
2631 4988 2912 5042 scientiam
2938 5027 2954 5054 ,
3000 5003 3151 5041 mens
3186 4988 3297 5052 jam
3340 4984 3576 5054 perfecta

2019 5085 2361 5156 perducitur,
2398 5097 2736 5152 nequaquam
2780 5082 2891 5150 jam
2933 5083 3071 5135 ultra
3117 5081 3233 5134 istis
3267 5078 3579 5134 carnalibus

2024 5176 2273 5232 sensibus
2305 5176 2587 5242 impedita,
2630 5174 2721 5228 sed
2749 5172 3199 5227 intellectualihns
3231 5169 3577 5224 incrementis

2024 5275 2200 5330 ant-ta,
2226 5280 2438 5334 semper
2464 5267 2527 5318 ad
2550 5279 2763 5333 purum,
2785 5273 2860 5328 et,
2894 5272 2953 5316 ut
2976 5264 3047 5315 ita
3071 5261 3319 5327 dixerim,
3340 5260 3475 5314 facie
3506 5260 3573 5312 ad

2024 5357 2213 5412 faciem
2262 5372 2438 5411 rerum
2499 5372 2696 5411 causas
2741 5356 3051 5423 inspiciens.
3080 5372 3099 5405 ι
3151 5353 3386 5421 Denique
3436 5351 3576 5406 libro

2021 5464 2053 5502 v
2104 5460 2285 5502 contra
2329 5447 2489 5512 Cels.,
2551 5463 2700 5501 num.
2752 5446 2839 5512 l9,
2884 5457 3102 5517 propter
3147 5444 3494 5515 migrationes
3541 5456 3575 5497 e

2023 5540 2140 5596 loco
2175 5542 2225 5594 in
2257 5540 2429 5595 locum
2462 5541 2781 5610 corporibus
2832 5555 2929 5595 nos
2973 5555 3105 5609 opus
3138 5538 3339 5593 habere
3378 5539 3573 5602 docet;

2024 5637 2076 5692 id
2105 5648 2280 5694 autem
2313 5648 2516 5695 certam
2547 5653 2653 5693 non
2694 5637 2968 5705 requirere
3005 5637 3235 5708 partium
3258 5636 3575 5707 posituram,

1545 5808 1585 5839 "
1605 5806 1796 5876 Philip.
1832 5807 2015 5875 nt,21.
