4068 6308
335 327 440 384 993

1182 329 1753 387 ΟΒΙιῖΕΝΙΑΝΟΒυΜ
1795 330 1922 388 LlB.
1960 332 2024 397 ll,
2067 332 2221 389 CAP.
2261 334 2323 401 ll,
2360 332 2642 402 QUEST.
2684 334 2777 389 IX.

3488 339 3593 397 994

336 445 568 514 ponebat
604 444 925 518 ἐξομοίωσιν
956 447 1035 519 τῷ
1080 447 1219 518 Θεῷ,
1260 451 1426 505 Deum
1474 461 1654 504 autem
1689 464 1912 520 corpore

2020 452 2181 506 simul
2223 465 2277 509 et
2306 454 2473 510 semel
2507 472 2520 508 :
2553 468 2658 507 non
2689 456 2864 523 prima
2899 452 3169 522 iustorum
3190 496 3205 519 ,
3251 465 3308 511 et
3356 460 3595 513 secunda

334 539 465 595 licet
490 549 771 596 carentem
794 581 810 606 ,
856 542 1030 597 forma
1061 544 1281 613 globosa
1320 544 1605 612 praeditum
1634 543 1871 613 fingebat
1896 585 1910 608 ,

333 634 790 703 quemadmodum
824 645 878 691 et
910 636 1294 707 Xenophanes,
1315 648 1373 690 ut
1402 645 1487 691 est
1516 638 1659 707 apud
1692 636 1913 692 Cicero-

334 739 459 780 nem
483 740 536 779 tv
572 724 843 789 cicadam,
866 735 921 779 et
958 724 1242 781 Laertium
1288 727 1345 780 in
1380 723 1629 789 Platone,
1653 735 1709 780 et
1735 724 1914 779 Xeno-

336 818 508 886 phane
561 832 580 871 :
643 830 708 871 ac
769 818 996 887 proinde
1047 820 1245 875 animis
1286 818 1448 874 finem
1496 834 1652 874 suum
1704 819 1913 887 adeptis

336 909 655 979 spltaaricatn
684 908 909 963 formam
952 909 1191 964 tribuere
1228 908 1544 980 cogebatur.
1583 907 1688 962 Sed
1721 908 1913 963 lliero-

337 1013 531 1070 nytuns
558 999 716 1070 epist.
764 999 853 1061 59,
901 1001 967 1053 ad
996 1000 1169 1063 Avit.,
1215 1015 1334 1071 cap.
1368 1002 1435 1067 '5,
1472 1003 1634 1056 verba
1659 1000 1911 1071 Origcnis

332 1092 526 1146 recitat
560 1106 591 1147 e
640 1091 780 1146 libro
819 1107 880 1146 ιιι
924 1091 1061 1159 Περὶ
1114 1091 1341 1161 ἀρχῶν,
1376 1108 1496 1162 cap.
1539 1092 1614 1157 6,
1661 1108 1811 1146 num.
1854 1093 1907 1159 1,

330 1190 527 1260 quibus
549 1191 795 1247 homines
842 1192 920 1246 ait
954 1206 1185 1262 corpora
1223 1193 1430 1249 idcirco
1460 1195 1825 1265 deposituros,
1852 1209 1909 1249 ut

334 1282 441 1337 Deo
470 1282 676 1337 similes
718 1283 829 1337 sint
856 1323 873 1347 ,
917 1284 1071 1354 juxta
1124 1284 1250 1338 illud
1289 1284 1603 1343 Servatoris
1650 1288 1743 1342 ’σε
1781 1306 1800 1340 ι
1839 1288 1907 1343 Ut

328 1376 602 1443 quomodo
627 1388 729 1445 ego
758 1384 811 1429 et
841 1384 894 1428 tu
925 1390 1090 1429 unum
1110 1391 1323 1444 sumus,
1355 1377 1437 1432 sic
1466 1387 1523 1432 et
1550 1378 1635 1433 isti
1665 1379 1714 1433 in
1752 1380 1908 1435 nobis

330 1480 497 1521 unum
531 1467 660 1523 sint.
708 1484 731 1520 ι
766 1466 993 1522 Demum
1025 1467 1104 1522 sic
1136 1470 1215 1523 ait
1248 1486 1263 1524 :
1300 1488 1320 1522 ι
1355 1467 1398 1522 Ε
1425 1470 1635 1525 duobus
1674 1471 1904 1526 alterunt

327 1559 599 1628 suscipere
627 1558 889 1629 cogimur,
920 1568 976 1612 ut
1005 1570 1097 1615 aut
1120 1560 1473 1630 desperemus
1497 1563 1905 1619 similitudinem

328 1650 443 1718 Dei,
472 1651 518 1706 si
543 1652 731 1705 eadem
777 1665 992 1719 semper
1013 1667 1203 1708 sumus
1226 1668 1457 1723 corpora
1511 1654 1782 1723 habituri;
1816 1666 1908 1711 aut

323 1743 369 1797 si
403 1741 683 1797 beatitudo
718 1741 878 1796 nobis
910 1739 1153 1807 ejusdem
1177 1760 1300 1798 cum
1329 1744 1441 1799 Deo
1476 1746 1601 1799 vitae
1625 1747 1903 1814 promitti-

325 1844 433 1900 tur,
456 1836 642 1888 eadetn
676 1848 781 1902 qua
810 1833 940 1889 vivit
986 1833 1125 1889 Deus
1162 1833 1319 1888 nobis
1355 1811 1673 1890 conditionis
1712 1836 1900 1891 viven-
1931 1811 1974 1867 Β

322 1926 451 1981 dum
492 1932 596 1979 est.
643 1943 663 1976 ι
698 1922 834 1979 Tum
878 1925 1285 1996 Hieronymus:
1323 1943 1342 1977 ι
1378 1924 1454 1979 Ex
1499 1926 1697 1995 quibus
1725 1929 1902 1981 omni-

321 2022 422 2077 bus
457 2020 807 2089 approbatur,
855 2021 984 2091 quid
1042 2023 1108 2075 de
1154 2020 1554 2076 resurrectione
1599 2022 1823 2078 sentiat.
1873 2041 1893 2077 ι

325 2114 490 2167 Deum
522 2112 682 2182 plane
725 2111 1131 2182 incorporeum,
1155 2122 1215 2166 ut
1258 2122 1366 2178 est,
1420 2113 1494 2167 ita
1527 2128 1649 2170 esse
1674 2117 1901 2184 putabat

321 2204 588 2273 Origenes
610 2247 626 2272 ,
675 2220 740 2260 ac
796 2205 918 2260 ideo
965 2206 1111 2259 omni
1168 2204 1338 2275 figura
1372 2220 1566 2261 carere
1596 2224 1610 2263 :
1642 2206 1737 2278 qui
1767 2223 1897 2279 ergo

320 2298 541 2368 globosa
567 2313 793 2368 corpora
827 2298 1111 2352 habituras
1136 2298 1348 2353 animas
1384 2300 1493 2353 reri
1529 2301 1726 2370 potuit,
1758 2317 1897 2371 quas

318 2391 523 2446 similes
571 2390 779 2446 futuras
812 2389 1034 2461 putabat
1080 2389 1189 2444 Deo
1216 2430 1231 2454 ,
1264 2406 1425 2459 quem
1460 2407 1691 2460 corpore
1728 2407 1794 2448 ac
1834 2393 1897 2447 fi-

300 2476 454 2553 °gura
487 2497 676 2538 carere
707 2483 1121 2538 arbitrabatur?
1144 2482 1331 2552 Itaque
1356 2484 1449 2538 lib.
1475 2500 1508 2538 ιι
1537 2483 1613 2538 De
1640 2484 1892 2555 princip.,

316 2588 440 2643 cap.
486 2572 573 2637 10,
614 2588 766 2629 num.
796 2573 853 2641 2,
905 2575 1169 2645 quosdam
1214 2575 1536 2645 impugnans
1564 2577 1891 2643 hasreticos,

316 2668 410 2736 qui
446 2668 908 2722 resurrectionem
955 2665 1196 2723 funditus
1242 2668 1525 2732 tollebant,
1576 2686 1594 2720 ι
1638 2668 1894 2738 Require-

316 2776 460 2824 mus,
492 2760 692 2829 inquit,
725 2761 793 2812 alt
840 2761 940 2823 eis,
967 2759 1011 2813 si
1044 2769 1269 2831 possunt
1302 2762 1456 2815 nobis
1483 2761 1745 2831 spiritalis
1776 2777 1894 2817 eur-

312 2853 465 2924 poris
492 2852 739 2908 habitum
763 2852 1143 2908 demonstrare
1179 2865 1343 2923 atque
1374 2855 1707 2919 describere,
1746 2858 1889 2924 quod

313 2948 501 3017 utique
536 2944 680 2999 nullo
711 2944 872 2997 modo
910 2948 1091 2999 facere
1130 2954 1414 3014 poterunt.
1458 2962 1477 2996 ι
1511 2945 1674 3000 Vides
1702 2946 1891 3002 incon-

313 3038 568 3092 stantiam
600 3037 833 3092 hominis
858 3077 873 3100 ,
903 3036 1101 3091 animis
1127 3036 1409 3090 suscitatis
1434 3052 1661 3107 corpora
1700 3038 1885 3093 detra-

313 3130 495 3186 hentis
526 3144 939 3200 n0nnunquatn,
970 3142 1355 3196 nonnunquam
1388 3126 1696 3197 afliugeutis
1718 3165 1735 3192 ,
1790 3143 1889 3184 nec

313 3236 412 3291 pro
435 3231 583 3277 certo
608 3220 859 3276 habentis
891 3234 1246 3291 ecquamnatn
1273 3218 1362 3273 illa
1382 3218 1611 3289 figuram
1638 3217 1885 3281 habitura

311 3323 442 3371 Stnt.

382 3471 451 3526 Χ.
496 3472 699 3528 Scribit
730 3470 995 3538 Origenes
1042 3478 1176 3523 tom.
1229 3481 1341 3521 xm
1386 3467 1442 3521 in
1473 3465 1691 3531 Matth"
1734 3482 1884 3522 num.

308 3566 398 3629 '53,
429 3565 703 3620 neminem
749 3579 778 3617 a
817 3562 1046 3617 mortuis
1072 3560 1136 3614 iri
1166 3560 1514 3621 suscitatum,
1560 3559 1649 3628 qui
1682 3560 1736 3613 in
1784 3560 1888 3615 hac

306 3657 419 3710 vita
464 3668 567 3708 non
596 3653 979 3708 decertaverit.
1024 3650 1200 3704 Verba
1235 3652 1348 3703 haec
1393 3659 1519 3703 sunt
1557 3668 1569 3703 :
1612 3650 1673 3702 El
1714 3645 1807 3704 οὖν
1828 3652 1887 3705 ὲν

307 3748 376 3819 τῇ
407 3745 764 3818 μακαριότητι
795 3744 846 3797 οί
869 3742 1046 3812 γέρως
1078 3739 1387 3810 ἀξιούμενοι
1408 3738 1497 3793 διὰ
1541 3740 1631 3792 τὸν
1664 3742 1885 3810 ἐνεστη-

307 3839 445 3893 κότα.
492 3836 664 3891 αἰῶνα
694 3837 753 3890 ὲν
793 3828 839 3903 ᾧ
871 3832 1052 3896 καλῶς
1082 3832 1337 3893 ἐϐίωσαν,
1369 3833 1427 3884 ὲν
1455 3831 1639 3904 ἐκείνῃ
1677 3831 1886 3884 ἔσονται

305 3934 375 4003 τῇ
407 3929 542 4001 ζωῇ.
574 3928 667 3982 καί
696 3925 873 3989 οὐδεὶς
909 3924 1017 3977 τῶν
1065 3924 1139 3995 μὴ
1194 3921 1619 3993 ἀγωνισαμένων
1652 3922 1887 3977 ἐνταῦθα

307 4022 655 4087 καταξιοῦται
685 4024 785 4091 τῆς
812 4020 876 4071 ὲκ
898 4016 1108 4089 νεκρῶν
1136 4016 1506 4079 ἀναστάσεως,
1537 4014 1778 4085 δηλονότι
1811 4008 1885 4068 ὧν

306 4115 540 4169 ἐνταῦθα
588 4112 677 4167 διὰ
728 4111 941 4182 γένεσιν
1000 4109 1157 4179 χρεία
1210 4103 1314 4179 ἧν,
1364 4108 1535 4162 ταῦτα
1593 4108 1693 4161 οὐκ
1732 4106 1884 4159 ἔσται

305 4210 441 4262 ἐκεῖ.
468 4207 620 4273 Quod
645 4205 688 4259 si
714 4204 835 4274 quis
861 4203 1076 4273 colliget
1126 4202 1283 4268 inde,
1331 4201 1733 4256 resurrectione
1768 4200 1883 4268 pri-

308 4299 513 4353 vaudos
568 4296 761 4365 impios
813 4293 1101 4363 Origenem
1154 4291 1499 4348 existimasse
1528 4329 1545 4353 .
1585 4290 1800 4345 abunde
1838 4289 1885 4344 is

306 4406 428 4447 sese
464 4405 495 4444 a
523 4388 804 4459 Pamphilo
836 4388 1170 4442 confutatam
1205 4383 1520 4454 intelligat,
1552 4381 1638 4438 vel
1675 4380 1744 4435 ab
1766 4382 1884 4450 ipso

300 4483 485 4553 potius
521 4478 758 4551 Origene
814 4479 868 4533 in
924 4493 991 4533 eo
1042 4478 1202 4538 loco.
1241 4490 1405 4547 quem
1444 4490 1476 4530 e
1516 4474 1658 4530 libro
1714 4475 1884 4544 ipsius

310 4590 476 4630 xxvtn
507 4575 561 4628 in
585 4572 789 4627 Isaiam
816 4571 1027 4642 profert
1057 4568 1325 4639 Apologia:
1349 4577 1559 4633 auctor,
1581 4582 1688 4636 quo
1705 4565 1884 4635 justus

303 4677 363 4723 et
391 4667 586 4737 impios
608 4682 637 4719 a
680 4664 910 4719 mortuis
932 4662 1277 4719 suscitandas
1306 4661 1585 4725 declarat;
1616 4659 1882 4729 duplicem

306 4769 486 4816 autem
525 4759 760 4814 futuram
814 4755 1321 4820 resurrectionem,
1364 4754 1597 4823 primam
1652 4751 1882 4808 alteram

300 4855 568 4925 iustorum
590 4891 603 4913 .
628 4852 854 4906 alteram
881 4849 1177 4905 secundam
1214 4847 1527 4915 impiorum,
1557 4844 1714 4913 juxta
1750 4844 1882 4900 illud

305 4947 531 5003 Joannis
564 4943 789 5015 Apocal.
813 4957 910 5010 xx,
938 4942 971 4996 5
996 4959 1011 4995 :
1048 4960 1068 4992 ι
1098 4939 1298 4995 Beatus
1318 4947 1375 4995 et
1394 4948 1616 4995 sanctus
1641 4938 1735 5009 qui
1786 4940 1884 4994 ha-

305 5038 397 5093 bet
424 5044 632 5106 partem
663 5035 718 5088 in
758 5033 1156 5088 resurrectione
1199 5031 1373 5101 prima
1405 5032 1500 5086 :in
1536 5031 1622 5086 his
1646 5031 1879 5086 secunda

306 5144 457 5184 mors
514 5142 620 5181 non
684 5126 851 5181 habet
922 5134 1282 5195 potestatem;
1324 5142 1345 5177 ι
1391 5137 1497 5177 non
1546 5123 1622 5177 ita
1680 5132 1739 5177 ut
1791 5120 1882 5176 illa
1964 5154 1967 5157 -

309 5230 553 5287 tempore
576 5215 725 5285 prior
764 5214 836 5268 sit
875 5214 997 5277 ista,
1028 5214 1122 5268 sed
1153 5215 1313 5269 modo
1350 5221 1402 5268 et
1431 5212 1661 5266 ratione.
1690 5211 1768 5266 Ex
1786 5211 1888 5266 hoc

304 5309 453 5365 enim
473 5304 699 5361 Joannis
729 5314 1000 5359 commate
1020 5305 1319 5360 dividenda:
1344 5304 1763 5360 resurrectionis
1798 5318 1890 5359 oc—

304 5402 582 5457 casionem
619 5397 915 5467 arripuisse
960 5410 1056 5450 eos
1093 5394 1389 5450 verisimile
1436 5404 1545 5459 est,
1586 5395 1653 5449 de
1696 5395 1892 5462 quibus

309 5492 623 5557 Gennadius
652 5489 745 5543 lib.
774 5488 853 5543 De
879 5490 1136 5557 dogmat.,
1167 5502 1288 5556 cap.
1319 5487 1352 5541 6
1384 5505 1397 5541 :
1426 5505 1445 5538 ι
1488 5484 1606 5541 Erit
1635 5501 1881 5542 resurre-

305 5589 415 5644 ctio
444 5594 781 5640 mortuorum
832 5578 1076 5637 omnium
1104 5579 1406 5643 hominum,
1439 5580 1536 5636 sed
1567 5594 1674 5635 una
1716 5588 1770 5634 et
1797 5578 1878 5635 in-

298 5792 299 5795 “
376 5791 422 5824 ³⁸
450 5788 605 5844 Joan.
633 5802 766 5854 ιιι-ιι,
795 5785 886 5840 21.
965 5784 1008 5816 ¹¹
1037 5780 1175 5841 Psal.
1208 5796 1250 5849 ι,
1286 5779 1341 5834 5.

2016 554 2381 612 peccatorum,
2430 556 2486 600 ιιι
2540 545 2720 599 fabula
2768 555 2851 601 est
2890 548 3319 616 somniatorum,
3358 550 3452 603 sed
3490 566 3595 604 una

2014 635 2280 691 omnium.
2325 655 2345 687 ι
2384 636 2533 691 lianc
2578 646 2767 692 autem
2788 636 2909 693 fore
2953 639 3268 710 resurgendi
3326 641 3590 696 rationem

2015 727 2207 781 definit
2237 727 2536 797 Origenes:
2563 744 3003 800 unumquemque
3043 743 3203 800 prout
3240 748 3360 788 sese
3394 734 3446 788 in
3479 736 3591 788 vita

2015 821 2269 888 gesserit,
2298 821 2536 877 crassius
2564 822 2887 877 subtiliusve
2912 838 2940 876 a
2974 822 3083 877 Deo
3118 838 3318 894 corpus
3341 836 3589 895 acceptu-

2014 926 2153 965 rum.
2190 928 2210 963 ι
2252 910 2415 976 Sane,
2442 932 2462 966 ι
2511 912 2688 981 inquit
2712 912 2802 967 lib.
2829 928 2869 966 ιι
2906 913 2981 967 De
3012 929 3321 979 resurrect.,
3346 932 3467 987 pag.
3495 918 3588 983 54,

2021 1021 2041 1054 ι
2087 1004 2266 1073 qualis
2310 1003 2478 1059 fuerit
2527 1004 2958 1075 uniuscujusque
3009 1010 3331 1075 praeparatio
3382 1010 3433 1063 in
3488 1011 3590 1064 hac

2012 1096 2145 1159 vita,
2174 1097 2294 1151 talis
2322 1097 2427 1150 erit
2449 1104 2503 1150 et
2544 1098 2875 1151 resurrectio
2909 1097 3049 1167 ejus.
3080 1098 3180 1164 Qui
3231 1100 3444 1154 beatius
3497 1103 3585 1156 hic

2011 1190 2246 1254 vixerit,
2294 1202 2513 1258 .corpus
2566 1187 2684 1257 ejus
2742 1189 2795 1244 in
2861 1192 3263 1247 resurrectione
3318 1193 3589 1248 diviniora

2009 1282 2294 1353 Splendore
2324 1281 2566 1353 fulgebit,
2592 1291 2649 1337 et
2687 1291 2812 1351 apta
2854 1291 2909 1335 et
2939 1284 3149 1337 mansio
3177 1283 3462 1339 beatorum
3489 1285 3587 1339 tri-

2008 1374 2202 1429 buetur
2240 1374 2507 1429 locorum.
2547 1373 2680 1428 lluic
2706 1389 2834 1428 vero
2873 1376 2963 1444 qui
3008 1376 3060 1429 in
3102 1376 3306 1429 malitia
3337 1392 3590 1431 consum-

2007 1471 2179 1537 pserit
2229 1480 2441 1537 tempus
2482 1469 2586 1523 sibi
2630 1468 2755 1522 vitae
2800 1469 3087 1536 prmseutis
3128 1470 3433 1533 indultum,
3479 1470 3587 1525 tale

2007 1560 2223 1615 dabitur
2253 1575 2453 1630 corpus
2498 1560 2642 1630 quod
2681 1559 2927 1615 sufﬁcere
2969 1570 3024 1615 et
3062 1563 3368 1631 perdurare
3415 1566 3586 1631 possit

2008 1652 2058 1707 iu
2088 1653 2285 1723 poenis,
2323 1672 2342 1706 ι
2376 1662 2482 1708 etc.
2526 1653 2801 1708 lterantur
2848 1655 3037 1709 eadem
3073 1655 3165 1709 lib.
3223 1671 3257 1710 ιι
3311 1656 3445 1723 Περὶ
3486 1657 3588 1725 dp-

2005 1742 2150 1813 χᾱγν,
2188 1760 2308 1816 cap.
2345 1746 2400 1813 5,
2427 1756 2484 1800 et
2513 1761 2632 1816 cap.
2663 1746 2751 1809 10,
2791 1762 2942 1801 num.
2970 1747 3027 1813 2,
3059 1746 3111 1812 3,
3144 1758 3199 1801 et
3234 1748 3324 1801 lib.
3352 1765 3432 1811 Ill,
3462 1764 3581 1817 cap.

2005 1838 2059 1900 6,
2096 1853 2248 1891 num.
2289 1838 2358 1902 4.,
2389 1838 2477 1891 ιιΙή
2530 1838 2596 1892 ad
2629 1848 2825 1893 caetera
2882 1839 3014 1894 illud
3052 1841 3258 1908 adjicit,
3300 1853 3584 1910 postquam

2005 1931 2140 1983 adeo
2172 1944 2261 1983 res
2290 1930 2575 1994 redierint,
2618 1931 2875 1984 utomnia
2907 1946 3073 1985 unum
3098 1935 3227 1997 sint,
3261 1933 3399 1988 sicut
3425 1932 3587 1988 Pater

2003 2027 2058 2071 et
2086 2018 2253 2073 Filius
2283 2034 2447 2073 ttnuut
2472 2028 2620 2085 sunt,
2655 2030 2765 2072 tum
2789 2020 3081 2075 desituram
3116 2023 3258 2076 illam
3292 2040 3583 2094 corporum

2005 2110 2400 2167 diversitatem.
2447 2111 2583 2167 Cum
2614 2127 2747 2182 ergo
2777 2115 3183 2169 resurrectione
3209 2118 3475 2185 privatum
3516 2118 3580 2173 iri

2006 2201 2201 2271 impios
2234 2203 2371 2257 dixit
2397 2201 2682 2275 Origenes,
2733 2206 3187 2260 resurrectionem
3224 2208 3370 2262 illam
3424 2210 3554 2264 intel

2003 2292 2110 2363 lige
2146 2308 2271 2361 quas
2302 2295 2637 2350 danmatioui
2671 2294 2985 2365 opponitur.
3010 2296 3084 2349 lta
3131 2296 3451 2355 Lactantius
3482 2299 3577 2355 lib.

2004 2400 2075 2440 vn
2144 2386 2321 2442 Dicin.
2350 2389 2602 2452 institut.,
2630 2404 2750 2457 cap.
2782 2389 2844 2443 21
2883 2406 2943 2442 :t
2975 2389 3125 2445 Tunc
3156 2404 3386 2460 quorum
3420 2392 3581 2445 fuerit

2001 2481 2223 2547 probata
2268 2478 2511 2546 justitia,
2563 2481 2596 2532 il
2650 2482 2929 2547 pra‘ntium
2976 2481 3402 2536 immortalitatis
3430 2484 3570 2537 acci-

2000 2572 2185 2640 pient:
2228 2586 2459 2641 quorum
2505 2586 2685 2624 autem
2734 2584 2954 2640 peccata
3001 2583 3056 2628 et
3107 2575 3315 2629 scelera
3367 2574 3576 2629 deter-ta

1998 2661 2227 2728 fuerint,
2265 2677 2371 2717 non
2411 2674 2733 2730 resurgant;
2767 2667 2861 2720 sed
2888 2680 3010 2721 cum
3040 2666 3219 2734 impiis
3269 2667 3323 2720 in
3360 2670 3577 2721 easdem

1999 2756 2251 2810 tenebras
2279 2756 2661 2820 recondentur,
2692 2757 2757 2811 ad
2790 2770 2938 2812 certa
2962 2757 3222 2827 supplicia
3242 2759 3521 2815 destinati.
3552 2781 3571 2811 ι

1998 2847 2205 2917 Duplici
2230 2847 2433 2918 quippe
2482 2850 2642 2903 modo
2669 2850 2839 2920 accipi
2885 2858 3070 2919 potest
3098 2852 3449 2917 resurrectio,
3492 2852 3574 2905 vel

1996 2954 2094 3008 pro
2132 2940 2307 2994 reditu
2361 2942 2428 2994 ad
2477 2943 2641 2996 vitam
2665 2983 2681 3008 ,
2726 2952 2782 2996 et
2822 2956 2959 2996 nova
2998 2941 3244 3012 corporis
3284 2956 3349 2997 ac
3377 2944 3573 2999 anima:

1993 3033 2403 3102 conjunctione;
2451 3035 2534 3089 vel
2584 3051 2681 3105 pro
2728 3035 2850 3089 vita:
2895 3045 3114 3091 aeterna:
3160 3035 3571 3104 acquisitione:

1994 3126 2173 3195 priore
2207 3127 2365 3182 modo
2423 3142 2613 3183 omnes
2669 3128 2919 3183 homines
2953 3142 3018 3183 ex
3064 3143 3222 3197 aaquo
3258 3140 3574 3200 resurgant,

1992 3219 2289 3286 posteriore
2320 3218 2457 3289 justi
2500 3220 2786 3274 duntaxat.
2823 3220 3232 3288 Expositioncm
3271 3222 3410 3276 hanc
3441 3239 3571 3278 cou-

1991 3309 2171 3364 firmat
2227 3311 2366 3365 alter
2398 3311 2652 3380 Origenis
2692 3312 2844 3365 locus
2891 3326 2923 3365 e
2956 3320 3088 3366 tom.
3144 3328 3241 3367 xm
3275 3314 3331 3367 in
3378 3313 3571 3370 Matth.

1988 3417 2143 3466 xvnt,
2177 3419 2324 3457 num.
2343 3402 2404 3456 21
2439 3422 2451 3457 :
2479 3404 2541 3455 Οί
2573 3402 2683 3476 γὰρ
2699 3403 2851 3465 ὄντες
2880 3403 2938 3454 ὲν
2963 3402 3042 3470 τῷ
3065 3405 3252 3474 σκήνει
3279 3404 3423 3473 ἅγιοι
3455 3421 3577 3458 στε-

1988 3493 2209 3559 γάζουσι
2244 3494 2569 3566 βαρούμενοι
2600 3494 2707 3547 ἀπὸ
2734 3494 2828 3547 τοῦ
2860 3494 2961 3562 τῆς
2983 3493 3363 3557 ταπεινώσειοις
3391 3493 3575 3564 σώμα-

1987 3602 2098 3648 τος,
2127 3586 2219 3637 καὶ
2239 3587 2418 3639 πάντα
2448 3585 2777 3657 πράττουσιν
2810 3585 2898 3637 ἴνα
2928 3583 3066 3647 ἄξιοι
3092 3584 3355 3652 γένωνται
3412 3586 3571 3655 εὑρε-

1989 3674 2148 3744 Θῆναι
2188 3675 2245 3727 ὲν
2276 3673 2355 3745 τῷ
2382 3675 2483 3745 τῆς
2515 3674 2865 3737 ἀναστάσεως
2904 3674 3219 3746 μ.ι›στ”ι·ιρίῳ⁹
3261 3676 3352 3728 ὅτε
3407 3691 3571 3745 μετα-

1989 3784 2089 3838 σχη
2100 3784 2173 3837 μα
2184 3766 2315 3819 τίσει
2344 3768 2372 3819 ὁ
2391 3766 2523 3830 Θεὸς
2542 3768 2603 3819 οὐ
2635 3767 2855 3820 πάντων
2882 3766 2941 3819 τὸ
2975 3766 3134 3836 σῶμα
3159 3766 3261 3837 τῆς
3302 3766 3572 3821 ταπεινώ-

1988 3876 2145 3924 σεως,
2179 3857 2315 3911 ἀλλὰ
2339 3858 2446 3911 τῶν
2479 3859 2698 3930 Χριστῷ
2726 3859 2964 3929 γνησίως
3000 3850 3472 3932 μαθητευομένῶν,
3491 3863 3570 3923 εἰς

1984 3950 2047 4003 τὸ
2094 3949 2351 4019 γενέσθαι
2394 3948 2528 4001 αὐτὸ
2579 3948 2901 4020 σύμμορφον
2946 3949 3045 4019 τῆς
3092 3949 3250 4020 δόξης
3296 3950 3389 4003 τοῦ
3436 3952 3572 4022 Χρι-

1989 4041 2136 4096 στοῦ.
2166 4042 2220 4096 1η
2247 4042 2657 4097 resurrectionis
2694 4041 2951 4113 mysterio
2996 4041 3225 4095 inveniri
3276 4056 3376 4095 nos
3407 4043 3565 4103 dicit,

1984 4136 2202 4207 quando
2243 4150 2440 4204 corpus
2496 4144 2740 4189 nostrum
2791 4134 3020 4188 mortale
3060 4134 3304 4203 glorioso
3357 4134 3565 4189 Christi

1986 4227 2199 4295 corpori
2228 4226 2406 4280 simile
2444 4227 2585 4280 Deus
2622 4223 2819 4279 efficiet
2850 4241 2865 4289 ;
2910 4224 3053 4295 quod
3089 4225 3410 4280 beneficium
3459 4241 3567 4281 non

1986 4319 2055 4373 ad
2090 4332 2279 4372 omnes
2323 4318 2571 4372 homines
2597 4360 2611 4384 ,
2667 4317 2769 4372 sed
2824 4318 2890 4371 ad
2936 4326 3157 4372 sanctos
3187 4321 3567 4371 tantummodo

1986 4405 2297 4476 pertinebit.
2328 4404 2628 4459 Confirmat
2655 4414 2710 4459 et
2754 4404 2894 4459 alter
2939 4405 3030 4459 ille
3080 4420 3111 4459 e
3166 4404 3461 4463 Comment.
3510 4408 3567 4461 in

1916 4522 1958 4577 ι)
1986 4500 2179 4567 psatm.
2209 4514 2249 4561 ι,
2278 4511 2332 4565 p.
2360 4496 2485 4560 552,
2518 4497 2783 4552 recitatus
2821 4498 2891 4550 ab
2928 4496 3230 4566 Epiphanio
3253 4498 3389 4551 liter.
3416 4513 3564 4564 thv,

1986 4607 2105 4661 cap.
2145 4591 2213 4644 10
2232 4601 2287 4644 et
2319 4589 2407 4650 12.
2432 4603 2538 4658 quo
2565 4590 2930 4659 simpliciores
2952 4590 3241 4659 quosdam,
3277 4590 3445 4645 fretos
3473 4591 3567 4645 illo

1987 4684 2246 4738 Davidico
2280 4700 2293 4736 :
2334 4700 2352 4733 ι
2396 4681 2524 4737 Ideo
2542 4698 2647 4737 non
2678 4692 2962 4752 resurgeut
2985 4683 3131 4752 impii
3160 4683 3212 4736 in
3239 4682 3561 4751 judicio“,s

1987 4775 2385 4832 resurrectione
2437 4782 2531 4829 aut
2572 4774 2781 4845 judicio
2832 4774 3138 4845 dignandos
3167 4789 3196 4828 a
3236 4773 3345 4829 Deo
3395 4775 3567 4829 malos

1987 4882 2189 4937 negare
2215 4866 2317 4932 ait,
2342 4882 2447 4920 non
2493 4867 2627 4921 satis
2653 4876 2838 4936 aperte
2884 4866 3190 4922 indicantes
3209 4868 3342 4937 quid
3377 4882 3563 4923 resur-

1989 4960 2286 5016 rectionem
2320 4966 2416 5014 aut
2439 4958 2703 5030 judicium
2729 4973 2851 5014 esse
2890 4960 3246 5014 arbitrentur.

2054 5119 2143 5174 XI.
2169 5118 2433 5174 Caeterum
2469 5126 2529 5171 ut
2550 5116 2685 5171 alias
2716 5116 2831 5173 fere
2863 5132 3101 5187 semper,
3130 5117 3202 5171 ita
3235 5116 3287 5171 in
3311 5116 3397 5173 his
3425 5133 3562 5189 quo-

1982 5225 2090 5283 que
2117 5213 2184 5266 de
2207 5211 2599 5267 resurrectione
2626 5210 3017 5279 quaestionibus
3052 5208 3278 5264 Platone
3300 5210 3561 5280 magistro

1984 5317 2115 5357 usus
2134 5310 2219 5358 est
2258 5300 2637 5355 Adamantius.
2665 5299 2931 5356 Futurum
2962 5299 3165 5370 quippe
3192 5300 3412 5358 aiebant
3438 5301 3560 5359 Pla-

1988 5394 2177 5463 tonici,
2216 5402 2275 5450 ut
2311 5394 2504 5447 animte
2530 5393 2658 5448 olim

2265 5486 2517 5554 incipiant
2540 5484 2593 5540 in
2627 5499 2850 5551 corpora
2887 5481 3013 5538 velle
3044 5486 3252 5551 reverti,

2548 5577 2786 5647 (Vincit.
2812 5574 3033 5632 ΑΞιιεὶά.
3055 5593 3130 5646 Vl,
3158 5594 3302 5637 vers.
3335 5578 3487 5653 πει.)
