  <div class='ocr_page' id='page_1' title='image "/cluster/home/n/w/nwhite01/storage/ocr_20150623/17/mdp.39015031604831/503.png"; bbox 0 0 4068 6308; ppageno 0'>
   <div class='ocr_carea' id='block_1_1' title="bbox 594 285 699 345">
    <p class='ocr_par' dir='ltr' id='par_1_1' title="bbox 594 285 699 345">
     <span class='ocr_line' id='line_1_1' title="bbox 594 285 699 345; baseline -0.038 0"><span class='ocrx_word' id='word_1_1' title='bbox 594 285 699 345; x_wconf 76' lang='lat'><strong>993</strong></span> 
     </span>
    </p>
   </div>
   <div class='ocr_carea' id='block_1_2' title="bbox 1894 287 3802 355">
    <p class='ocr_par' dir='ltr' id='par_1_2' title="bbox 1894 287 3802 355">
     <span class='ocr_line' id='line_1_2' title="bbox 1894 287 3802 355; baseline 0.007 -13"><span class='ocrx_word' id='word_1_2' title='bbox 1894 288 1955 342; x_wconf 90' lang='lat' dir='ltr'><strong>P.</strong></span> <span class='ocrx_word' id='word_1_3' title='bbox 1996 288 2313 345; x_wconf 71' lang='lat' dir='ltr'><strong>DANIELIS</strong></span> <span class='ocrx_word' id='word_1_4' title='bbox 2352 287 2587 344; x_wconf 82' lang='lat' dir='ltr'><strong>HUETII</strong></span> <span class='ocrx_word' id='word_1_5' title='bbox 3719 298 3802 355; x_wconf 84' lang='lat'><strong>996</strong></span> 
     </span>
    </p>
   </div>
   <div class='ocr_carea' id='block_1_3' title="bbox 597 408 3804 481">
    <p class='ocr_par' dir='ltr' id='par_1_3' title="bbox 597 408 3804 481">
     <span class='ocr_line' id='line_1_3' title="bbox 597 408 3804 481; baseline 0.002 -17"><span class='ocrx_word' id='word_1_6' title='bbox 597 424 803 478; x_wconf 81' lang='lat' dir='ltr'><strong>easque</strong></span> <span class='ocrx_word' id='word_1_7' title='bbox 830 410 884 464; x_wconf 94' lang='lat' dir='ltr'><strong>In</strong></span> <span class='ocrx_word' id='word_1_8' title='bbox 912 415 1140 481; x_wconf 84' lang='lat' dir='ltr'><strong>corpora</strong></span> <span class='ocrx_word' id='word_1_9' title='bbox 1169 426 1197 464; x_wconf 90' lang='lat' dir='ltr'><strong>a</strong></span> <span class='ocrx_word' id='word_1_10' title='bbox 1222 409 1502 481; x_wconf 81' lang='lat' dir='ltr'><strong>prioribus</strong></span> <span class='ocrx_word' id='word_1_11' title='bbox 1532 409 1742 463; x_wconf 88' lang='lat' dir='ltr'><strong>diversa</strong></span> <span class='ocrx_word' id='word_1_12' title='bbox 1775 408 1889 465; x_wconf 79' lang='lat' dir='ltr'><strong>fore</strong></span> <span class='ocrx_word' id='word_1_13' title='bbox 1916 425 2175 465; x_wconf 66' lang='lat' dir='ltr'><strong>revocan-</strong></span> <span class='ocrx_word' id='word_1_14' title='bbox 2205 418 2250 472; x_wconf 80' lang='grc' dir='ltr'><strong>Α</strong></span> <span class='ocrx_word' id='word_1_15' title='bbox 2352 408 2488 462; x_wconf 81' lang='lat' dir='ltr'><strong>XIII.</strong></span> <span class='ocrx_word' id='word_1_16' title='bbox 2513 408 2589 462; x_wconf 87' lang='lat' dir='ltr'><strong>Ex</strong></span> <span class='ocrx_word' id='word_1_17' title='bbox 2624 423 2783 477; x_wconf 84' lang='lat' dir='ltr'><strong>supra</strong></span> <span class='ocrx_word' id='word_1_18' title='bbox 2828 408 2989 465; x_wconf 88' lang='lat' dir='ltr'><strong>dictis</strong></span> <span class='ocrx_word' id='word_1_19' title='bbox 3023 409 3351 466; x_wconf 81' lang='lat' dir='ltr'><strong>subvertitur</strong></span> <span class='ocrx_word' id='word_1_20' title='bbox 3386 410 3638 467; x_wconf 82' lang='lat' dir='ltr'><strong>Methodii</strong></span> <span class='ocrx_word' id='word_1_21' title='bbox 3665 420 3804 472; x_wconf 57' lang='lat' dir='ltr'><strong>ratio.</strong></span> 
     </span>
    </p>
   </div>
   <div class='ocr_carea' id='block_1_4' title="bbox 594 500 2166 571">
    <p class='ocr_par' dir='ltr' id='par_1_4' title="bbox 594 500 2166 571">
     <span class='ocr_line' id='line_1_4' title="bbox 594 500 2166 571; baseline 0.001 -17"><span class='ocrx_word' id='word_1_22' title='bbox 594 500 716 555; x_wconf 90' lang='lat' dir='ltr'><strong>das.</strong></span> <span class='ocrx_word' id='word_1_23' title='bbox 743 500 1105 557; x_wconf 89' lang='lat' dir='ltr'><strong>Tertullianus</strong></span> <span class='ocrx_word' id='word_1_24' title='bbox 1147 502 1282 557; x_wconf 89' lang='lat' dir='ltr'><strong>libro</strong></span> <span class='ocrx_word' id='word_1_25' title='bbox 1310 501 1386 555; x_wconf 89' lang='lat' dir='ltr'><strong>De</strong></span> <span class='ocrx_word' id='word_1_26' title='bbox 1419 509 1696 555; x_wconf 82' lang='lat' dir='ltr'><strong>resurrect.</strong></span> <span class='ocrx_word' id='word_1_27' title='bbox 1721 503 1917 565; x_wconf 79' lang='lat' dir='ltr'><strong>carnis,</strong></span> <span class='ocrx_word' id='word_1_28' title='bbox 1949 516 2068 571; x_wconf 88' lang='lat' dir='ltr'><strong>cap.</strong></span> <span class='ocrx_word' id='word_1_29' title='bbox 2094 503 2117 555; x_wconf 86' lang='lat' dir='ltr'><strong>l</strong></span> <span class='ocrx_word' id='word_1_30' title='bbox 2154 520 2166 555; x_wconf 94' lang='lat'><strong>:</strong></span> 
     </span>
    </p>
   </div>
   <div class='ocr_carea' id='block_1_5' title="bbox 601 592 2170 656">
    <p class='ocr_par' dir='ltr' id='par_1_5' title="bbox 601 592 2170 656">
     <span class='ocr_line' id='line_1_5' title="bbox 601 592 2170 656; baseline 0.003 -11"><span class='ocrx_word' id='word_1_31' title='bbox 601 611 623 644; x_wconf 77' lang='grc' dir='ltr'>σ</span> <span class='ocrx_word' id='word_1_32' title='bbox 659 592 923 649; x_wconf 79' lang='lat' dir='ltr'><strong>Platonici</strong></span> <span class='ocrx_word' id='word_1_33' title='bbox 954 595 1311 650; x_wconf 76' lang='lat' dir='ltr'><strong>immortalem</strong></span> <span class='ocrx_word' id='word_1_34' title='bbox 1347 597 1583 656; x_wconf 80' lang='lat' dir='ltr'><strong>animam</strong></span> <span class='ocrx_word' id='word_1_35' title='bbox 1616 612 1647 652; x_wconf 92' lang='lat' dir='ltr'><strong>e</strong></span> <span class='ocrx_word' id='word_1_36' title='bbox 1686 595 1961 650; x_wconf 90' lang='lat' dir='ltr'><strong>contrario</strong></span> <span class='ocrx_word' id='word_1_37' title='bbox 1995 595 2170 649; x_wconf 86' lang='lat' dir='ltr'><strong>recla-</strong></span> 
     </span>
    </p>
   </div>
   <div class='ocr_carea' id='block_1_6' title="bbox 596 687 2173 756">
    <p class='ocr_par' dir='ltr' id='par_1_6' title="bbox 596 687 2173 756">
     <span class='ocr_line' id='line_1_6' title="bbox 596 687 2173 756; baseline 0.001 -17"><span class='ocrx_word' id='word_1_38' title='bbox 596 696 749 740; x_wconf 89' lang='lat' dir='ltr'><strong>mant</strong></span> <span class='ocrx_word' id='word_1_39' title='bbox 780 704 795 740; x_wconf 91' lang='lat'><strong>:</strong></span> <span class='ocrx_word' id='word_1_40' title='bbox 823 687 930 740; x_wconf 91' lang='lat' dir='ltr'><strong>imo</strong></span> <span class='ocrx_word' id='word_1_41' title='bbox 952 687 1398 756; x_wconf 76' lang='lat' dir='ltr'><strong>adhuc.proxime</strong></span> <span class='ocrx_word' id='word_1_42' title='bbox 1428 690 1593 743; x_wconf 90' lang='lat' dir='ltr'><strong>etiam</strong></span> <span class='ocrx_word' id='word_1_43' title='bbox 1632 689 1685 741; x_wconf 92' lang='lat' dir='ltr'><strong>in</strong></span> <span class='ocrx_word' id='word_1_44' title='bbox 1714 703 1939 756; x_wconf 92' lang='lat' dir='ltr'><strong>corpora</strong></span> <span class='ocrx_word' id='word_1_45' title='bbox 1972 703 2173 744; x_wconf 89' lang='lat' dir='ltr'><strong>remea-</strong></span> 
     </span>
    </p>
   </div>
   <div class='ocr_carea' id='block_1_7' title="bbox 595 776 2172 849">
    <p class='ocr_par' dir='ltr' id='par_1_7' title="bbox 595 776 2172 849">
     <span class='ocr_line' id='line_1_7' title="bbox 595 776 2172 849; baseline 0.003 -19"><span class='ocrx_word' id='word_1_46' title='bbox 595 776 755 830; x_wconf 91' lang='lat' dir='ltr'><strong>bilem</strong></span> <span class='ocrx_word' id='word_1_47' title='bbox 809 776 1112 843; x_wconf 84' lang='lat' dir='ltr'><strong>allirmant,</strong></span> <span class='ocrx_word' id='word_1_48' title='bbox 1143 778 1244 833; x_wconf 85' lang='lat' dir='ltr'><strong>etsi</strong></span> <span class='ocrx_word' id='word_1_49' title='bbox 1297 794 1402 834; x_wconf 92' lang='lat' dir='ltr'><strong>non</strong></span> <span class='ocrx_word' id='word_1_50' title='bbox 1450 780 1502 834; x_wconf 91' lang='lat' dir='ltr'><strong>in</strong></span> <span class='ocrx_word' id='word_1_51' title='bbox 1560 782 1774 835; x_wconf 89' lang='lat' dir='ltr'><strong>eadem.</strong></span> <span class='ocrx_word' id='word_1_52' title='bbox 1825 799 1843 830; x_wconf 73' lang='lat' dir='ltr'><strong>l</strong></span> <span class='ocrx_word' id='word_1_53' title='bbox 1893 778 2172 849; x_wconf 76' lang='lat' dir='ltr'><strong>Legendus</strong></span> 
     </span>
    </p>
   </div>
   <div class='ocr_carea' id='block_1_8' title="bbox 593 866 2170 943">
    <p class='ocr_par' dir='ltr' id='par_1_8' title="bbox 593 866 2170 943">
     <span class='ocr_line' id='line_1_8' title="bbox 593 866 2170 943; baseline 0.003 -21"><span class='ocrx_word' id='word_1_54' title='bbox 593 866 747 923; x_wconf 84' lang='lat' dir='ltr'><strong>Plato</strong></span> <span class='ocrx_word' id='word_1_55' title='bbox 782 867 872 922; x_wconf 87' lang='lat' dir='ltr'><strong>lib.</strong></span> <span class='ocrx_word' id='word_1_56' title='bbox 899 884 930 921; x_wconf 87' lang='lat' dir='ltr'><strong>x</strong></span> <span class='ocrx_word' id='word_1_57' title='bbox 965 867 1040 921; x_wconf 87' lang='lat' dir='ltr'><strong>De</strong></span> <span class='ocrx_word' id='word_1_58' title='bbox 1069 870 1295 937; x_wconf 85' lang='lat' dir='ltr'><strong>republ.,</strong></span> <span class='ocrx_word' id='word_1_59' title='bbox 1332 872 1421 925; x_wconf 92' lang='lat' dir='ltr'><strong>ubi</strong></span> <span class='ocrx_word' id='word_1_60' title='bbox 1453 887 1520 926; x_wconf 81' lang='lat' dir='ltr'><strong>ex</strong></span> <span class='ocrx_word' id='word_1_61' title='bbox 1549 870 1676 926; x_wconf 85' lang='lat' dir='ltr'><strong>Heri</strong></span> <span class='ocrx_word' id='word_1_62' title='bbox 1721 871 2020 943; x_wconf 82' lang='lat' dir='ltr'><strong>Pamphylii</strong></span> <span class='ocrx_word' id='word_1_63' title='bbox 2048 888 2170 942; x_wconf 82' lang='lat' dir='ltr'><strong>per-</strong></span> 
     </span>
    </p>
   </div>
   <div class='ocr_carea' id='block_1_9' title="bbox 593 959 2172 1032">
    <p class='ocr_par' dir='ltr' id='par_1_9' title="bbox 593 959 2172 1032">
     <span class='ocr_line' id='line_1_9' title="bbox 593 959 2172 1032; baseline -0.001 -17"><span class='ocrx_word' id='word_1_64' title='bbox 593 974 724 1015; x_wconf 90' lang='lat' dir='ltr'><strong>sona</strong></span> <span class='ocrx_word' id='word_1_65' title='bbox 747 999 764 1024; x_wconf 90' lang='lat'><strong>,</strong></span> <span class='ocrx_word' id='word_1_66' title='bbox 800 959 995 1014; x_wconf 70' lang='lat' dir='ltr'><strong>animae</strong></span> <span class='ocrx_word' id='word_1_67' title='bbox 1026 971 1228 1015; x_wconf 92' lang='lat' dir='ltr'><strong>statum</strong></span> <span class='ocrx_word' id='word_1_68' title='bbox 1279 970 1401 1030; x_wconf 91' lang='lat' dir='ltr'><strong>post</strong></span> <span class='ocrx_word' id='word_1_69' title='bbox 1425 971 1689 1028; x_wconf 81' lang='lat' dir='ltr'><strong>.mortem,</strong></span> <span class='ocrx_word' id='word_1_70' title='bbox 1730 976 1936 1031; x_wconf 66' lang='lat' dir='ltr'><strong>poenas,</strong></span> <span class='ocrx_word' id='word_1_71' title='bbox 1970 977 2172 1032; x_wconf 82' lang='grc' dir='ltr'>μετεμ-</span> 
     </span>
    </p>
   </div>
   <div class='ocr_carea' id='block_1_10' title="bbox 592 1052 2168 1123">
    <p class='ocr_par' dir='ltr' id='par_1_10' title="bbox 592 1052 2168 1123">
     <span class='ocr_line' id='line_1_10' title="bbox 592 1052 2168 1123; baseline 0.002 -18"><span class='ocrx_word' id='word_1_72' title='bbox 592 1052 865 1123; x_wconf 81' lang='grc' dir='ltr'><strong>ψύχωσιν,</strong></span> <span class='ocrx_word' id='word_1_73' title='bbox 916 1061 971 1106; x_wconf 92' lang='lat' dir='ltr'><strong>et</strong></span> <span class='ocrx_word' id='word_1_74' title='bbox 1018 1053 1478 1108; x_wconf 82' lang='lat' dir='ltr'><strong>immortalitatem</strong></span> <span class='ocrx_word' id='word_1_75' title='bbox 1522 1053 1801 1109; x_wconf 88' lang='lat' dir='ltr'><strong>describit.</strong></span> <span class='ocrx_word' id='word_1_76' title='bbox 1861 1052 1968 1108; x_wconf 84' lang='lat' dir='ltr'><strong>Sed</strong></span> <span class='ocrx_word' id='word_1_77' title='bbox 2002 1053 2168 1108; x_wconf 94' lang='lat' dir='ltr'><strong>multo</strong></span> 
     </span>
    </p>
   </div>
   <div class='ocr_carea' id='block_1_11' title="bbox 593 1142 2163 1215">
    <p class='ocr_par' dir='ltr' id='par_1_11' title="bbox 593 1142 2163 1215">
     <span class='ocr_line' id='line_1_11' title="bbox 593 1142 2163 1215; baseline 0.001 -17"><span class='ocrx_word' id='word_1_78' title='bbox 593 1146 766 1212; x_wconf 79' lang='lat' dir='ltr'><strong>magis</strong></span> <span class='ocrx_word' id='word_1_79' title='bbox 791 1145 842 1199; x_wconf 90' lang='lat' dir='ltr'><strong>in</strong></span> <span class='ocrx_word' id='word_1_80' title='bbox 900 1142 1188 1212; x_wconf 71' lang='lat' dir='ltr'><strong>Phwdone,</strong></span> <span class='ocrx_word' id='word_1_81' title='bbox 1233 1161 1342 1215; x_wconf 89' lang='lat' dir='ltr'><strong>quo</strong></span> <span class='ocrx_word' id='word_1_82' title='bbox 1376 1146 1659 1200; x_wconf 85' lang='lat' dir='ltr'><strong>materiam</strong></span> <span class='ocrx_word' id='word_1_83' title='bbox 1693 1144 1851 1215; x_wconf 20' lang='lat' dir='ltr'><strong>illam,</strong></span> <span class='ocrx_word' id='word_1_84' title='bbox 1887 1146 2163 1199; x_wconf 78' lang='lat' dir='ltr'><strong>exhaurit.</strong></span> 
     </span>
    </p>
   </div>
   <div class='ocr_carea' id='block_1_12' title="bbox 591 1238 2165 1310">
    <p class='ocr_par' dir='ltr' id='par_1_12' title="bbox 591 1238 2165 1310">
     <span class='ocr_line' id='line_1_12' title="bbox 591 1238 2165 1310; baseline -0.001 -16"><span class='ocrx_word' id='word_1_85' title='bbox 591 1238 877 1309; x_wconf 78' lang='lat' dir='ltr'><strong>Legendus</strong></span> <span class='ocrx_word' id='word_1_86' title='bbox 920 1255 1136 1308; x_wconf 88' lang='lat' dir='ltr'><strong>quoque</strong></span> <span class='ocrx_word' id='word_1_87' title='bbox 1188 1239 1523 1310; x_wconf 79' lang='lat' dir='ltr'><strong>Augustinus</strong></span> <span class='ocrx_word' id='word_1_88' title='bbox 1575 1239 1674 1297; x_wconf 91' lang='lat' dir='ltr'><strong>lib.</strong></span> <span class='ocrx_word' id='word_1_89' title='bbox 1720 1254 1835 1295; x_wconf 86' lang='lat' dir='ltr'><strong>xxu</strong></span> <span class='ocrx_word' id='word_1_90' title='bbox 1882 1239 1961 1294; x_wconf 88' lang='lat' dir='ltr'><strong>De</strong></span> <span class='ocrx_word' id='word_1_91' title='bbox 2021 1239 2165 1293; x_wconf 82' lang='lat' dir='ltr'><strong>civit.</strong></span> 
     </span>
    </p>
   </div>
   <div class='ocr_carea' id='block_1_13' title="bbox 593 1331 1177 1401">
    <p class='ocr_par' dir='ltr' id='par_1_13' title="bbox 593 1331 1177 1401">
     <span class='ocr_line' id='line_1_13' title="bbox 593 1331 1177 1401; baseline 0.002 -16"><span class='ocrx_word' id='word_1_92' title='bbox 593 1331 711 1389; x_wconf 85' lang='lat' dir='ltr'><strong>Dei.</strong></span> <span class='ocrx_word' id='word_1_93' title='bbox 742 1346 865 1401; x_wconf 88' lang='lat' dir='ltr'><strong>cap.</strong></span> <span class='ocrx_word' id='word_1_94' title='bbox 896 1332 970 1387; x_wconf 73' lang='lat'><strong>26</strong></span> <span class='ocrx_word' id='word_1_95' title='bbox 1002 1342 1055 1387; x_wconf 90' lang='lat' dir='ltr'><strong>et</strong></span> <span class='ocrx_word' id='word_1_96' title='bbox 1084 1332 1177 1386; x_wconf 71' lang='lat'><strong>27.</strong></span> 
     </span>
    </p>
   </div>
   <div class='ocr_carea' id='block_1_14' title="bbox 664 1422 2163 1497">
    <p class='ocr_par' dir='ltr' id='par_1_14' title="bbox 664 1422 2163 1497">
     <span class='ocr_line' id='line_1_14' title="bbox 664 1422 2163 1497; baseline 0.001 -20"><span class='ocrx_word' id='word_1_97' title='bbox 664 1422 777 1480; x_wconf 77' lang='grc' dir='ltr'>χιι.</span> <span class='ocrx_word' id='word_1_98' title='bbox 812 1422 919 1479; x_wconf 90' lang='lat' dir='ltr'><strong>Sed</strong></span> <span class='ocrx_word' id='word_1_99' title='bbox 945 1439 1012 1479; x_wconf 91' lang='lat' dir='ltr'><strong>ne</strong></span> <span class='ocrx_word' id='word_1_100' title='bbox 1033 1425 1249 1479; x_wconf 90' lang='lat' dir='ltr'><strong>solitum</strong></span> <span class='ocrx_word' id='word_1_101' title='bbox 1273 1425 1490 1497; x_wconf 88' lang='lat' dir='ltr'><strong>Origeni</strong></span> <span class='ocrx_word' id='word_1_102' title='bbox 1526 1437 1709 1483; x_wconf 88' lang='lat' dir='ltr'><strong>nostro</strong></span> <span class='ocrx_word' id='word_1_103' title='bbox 1740 1427 1880 1483; x_wconf 89' lang='lat' dir='ltr'><strong>desit</strong></span> <span class='ocrx_word' id='word_1_104' title='bbox 1906 1424 2163 1490; x_wconf 77' lang='lat' dir='ltr'><strong>ollicinm,</strong></span> 
     </span>
    </p>
   </div>
   <div class='ocr_carea' id='block_1_15' title="bbox 591 1516 2161 1590">
    <p class='ocr_par' dir='ltr' id='par_1_15' title="bbox 591 1516 2161 1590">
     <span class='ocr_line' id='line_1_15' title="bbox 591 1516 2161 1590; baseline 0 -18"><span class='ocrx_word' id='word_1_105' title='bbox 591 1517 637 1572; x_wconf 89' lang='lat' dir='ltr'><strong>si</strong></span> <span class='ocrx_word' id='word_1_106' title='bbox 667 1533 787 1585; x_wconf 69' lang='lat' dir='ltr'><strong>qum</strong></span> <span class='ocrx_word' id='word_1_107' title='bbox 816 1517 871 1572; x_wconf 90' lang='lat' dir='ltr'><strong>in</strong></span> <span class='ocrx_word' id='word_1_108' title='bbox 903 1516 1019 1586; x_wconf 86' lang='lat' dir='ltr'><strong>ejus</strong></span> <span class='ocrx_word' id='word_1_109' title='bbox 1052 1518 1411 1587; x_wconf 81' lang='lat' dir='ltr'><strong>patrocinium</strong></span> <span class='ocrx_word' id='word_1_110' title='bbox 1459 1530 1655 1589; x_wconf 64' lang='lat' dir='ltr'><strong>praeter</strong></span> <span class='ocrx_word' id='word_1_111' title='bbox 1680 1520 1955 1590; x_wconf 85' lang='lat' dir='ltr'><strong>superiora</strong></span> <span class='ocrx_word' id='word_1_112' title='bbox 1983 1519 2161 1587; x_wconf 80' lang='lat' dir='ltr'><strong>colligi</strong></span> 
     </span>
    </p>
   </div>
   <div class='ocr_carea' id='block_1_16' title="bbox 590 1608 2162 1680">
    <p class='ocr_par' dir='ltr' id='par_1_16' title="bbox 590 1608 2162 1680">
     <span class='ocr_line' id='line_1_16' title="bbox 590 1608 2162 1680; baseline -0.001 -18"><span class='ocrx_word' id='word_1_113' title='bbox 590 1617 856 1678; x_wconf 88' lang='lat' dir='ltr'><strong>possunt,</strong></span> <span class='ocrx_word' id='word_1_114' title='bbox 884 1608 1072 1677; x_wconf 89' lang='lat' dir='ltr'><strong>paucis</strong></span> <span class='ocrx_word' id='word_1_115' title='bbox 1104 1609 1646 1678; x_wconf 84' lang='lat' dir='ltr'><strong>comprehendamus.</strong></span> <span class='ocrx_word' id='word_1_116' title='bbox 1678 1610 1788 1666; x_wconf 88' lang='lat' dir='ltr'><strong>Sua</strong></span> <span class='ocrx_word' id='word_1_117' title='bbox 1822 1610 2057 1680; x_wconf 89' lang='lat' dir='ltr'><strong>primum</strong></span> <span class='ocrx_word' id='word_1_118' title='bbox 2088 1608 2162 1661; x_wconf 91' lang='lat' dir='ltr'><strong>illi</strong></span> 
     </span>
    </p>
   </div>
   <div class='ocr_carea' id='block_1_17' title="bbox 592 1699 2160 1771">
    <p class='ocr_par' dir='ltr' id='par_1_17' title="bbox 592 1699 2160 1771">
     <span class='ocr_line' id='line_1_17' title="bbox 592 1699 2160 1771; baseline -0.001 -18"><span class='ocrx_word' id='word_1_119' title='bbox 592 1699 646 1753; x_wconf 90' lang='lat' dir='ltr'><strong>in</strong></span> <span class='ocrx_word' id='word_1_120' title='bbox 677 1699 836 1770; x_wconf 85' lang='lat' dir='ltr'><strong>hujus</strong></span> <span class='ocrx_word' id='word_1_121' title='bbox 878 1701 1184 1771; x_wconf 77' lang='lat' dir='ltr'><strong>argumenti</strong></span> <span class='ocrx_word' id='word_1_122' title='bbox 1230 1702 1554 1757; x_wconf 80' lang='lat' dir='ltr'><strong>tractatione</strong></span> <span class='ocrx_word' id='word_1_123' title='bbox 1584 1702 1726 1756; x_wconf 84' lang='lat' dir='ltr'><strong>lavet</strong></span> <span class='ocrx_word' id='word_1_124' title='bbox 1774 1700 2160 1760; x_wconf 89' lang='lat' dir='ltr'><strong>inconstantia,</strong></span> 
     </span>
    </p>
   </div>
   <div class='ocr_carea' id='block_1_18' title="bbox 2278 498 3804 571">
    <p class='ocr_par' dir='ltr' id='par_1_18' title="bbox 2278 498 3804 571">
     <span class='ocr_line' id='line_1_18' title="bbox 2278 498 3804 571; baseline 0.008 -18"><span class='ocrx_word' id='word_1_125' title='bbox 2278 499 2502 563; x_wconf 89' lang='lat' dir='ltr'><strong>cinatio,</strong></span> <span class='ocrx_word' id='word_1_126' title='bbox 2533 514 2639 568; x_wconf 91' lang='lat' dir='ltr'><strong>qua</strong></span> <span class='ocrx_word' id='word_1_127' title='bbox 2697 501 2799 553; x_wconf 91' lang='lat' dir='ltr'><strong>hoc</strong></span> <span class='ocrx_word' id='word_1_128' title='bbox 2830 498 3080 569; x_wconf 87' lang='lat' dir='ltr'><strong>Origenis</strong></span> <span class='ocrx_word' id='word_1_129' title='bbox 3109 503 3517 571; x_wconf 74' lang='lat' dir='ltr'><strong>pronuntiatum</strong></span> <span class='ocrx_word' id='word_1_130' title='bbox 3562 506 3804 565; x_wconf 80' lang='lat' dir='ltr'><strong>confutare</strong></span> 
     </span>
    </p>
   </div>
   <div class='ocr_carea' id='block_1_19' title="bbox 2274 595 3805 659">
    <p class='ocr_par' dir='ltr' id='par_1_19' title="bbox 2274 595 3805 659">
     <span class='ocr_line' id='line_1_19' title="bbox 2274 595 3805 659; baseline 0.008 -17"><span class='ocrx_word' id='word_1_131' title='bbox 2274 602 2562 657; x_wconf 83' lang='lat' dir='ltr'><strong>aggressus</strong></span> <span class='ocrx_word' id='word_1_132' title='bbox 2598 599 2706 655; x_wconf 89' lang='lat' dir='ltr'><strong>est,</strong></span> <span class='ocrx_word' id='word_1_133' title='bbox 2745 599 3089 659; x_wconf 85' lang='lat' dir='ltr'><strong>peccatorum</strong></span> <span class='ocrx_word' id='word_1_134' title='bbox 3112 595 3352 649; x_wconf 91' lang='lat' dir='ltr'><strong>omnium</strong></span> <span class='ocrx_word' id='word_1_135' title='bbox 3380 609 3594 650; x_wconf 78' lang='lat' dir='ltr'><strong>causam</strong></span> <span class='ocrx_word' id='word_1_136' title='bbox 3614 600 3674 652; x_wconf 84' lang='lat' dir='ltr'><strong>ad</strong></span> <span class='ocrx_word' id='word_1_137' title='bbox 3705 615 3805 655; x_wconf 88' lang='lat' dir='ltr'><strong>cor-</strong></span> 
     </span>
    </p>
   </div>
   <div class='ocr_carea' id='block_1_20' title="bbox 2275 678 3806 752">
    <p class='ocr_par' dir='ltr' id='par_1_20' title="bbox 2275 678 3806 752">
     <span class='ocr_line' id='line_1_20' title="bbox 2275 678 3806 752; baseline 0.01 -19"><span class='ocrx_word' id='word_1_138' title='bbox 2275 696 2374 750; x_wconf 87' lang='lat' dir='ltr'><strong>pus</strong></span> <span class='ocrx_word' id='word_1_139' title='bbox 2400 678 2616 735; x_wconf 81' lang='lat' dir='ltr'><strong>referri.</strong></span> <span class='ocrx_word' id='word_1_140' title='bbox 2639 681 2733 735; x_wconf 82' lang='lat' dir='ltr'><strong>Ait</strong></span> <span class='ocrx_word' id='word_1_141' title='bbox 2769 682 2968 752; x_wconf 88' lang='lat' dir='ltr'><strong>quippe</strong></span> <span class='ocrx_word' id='word_1_142' title='bbox 2995 682 3301 741; x_wconf 83' lang='lat' dir='ltr'><strong>Methodius</strong></span> <span class='ocrx_word' id='word_1_143' title='bbox 3336 688 3606 742; x_wconf 87' lang='lat' dir='ltr'><strong>contraria</strong></span> <span class='ocrx_word' id='word_1_144' title='bbox 3632 691 3720 745; x_wconf 82' lang='lat' dir='ltr'><strong>sibi</strong></span> <span class='ocrx_word' id='word_1_145' title='bbox 3746 693 3806 748; x_wconf 89' lang='lat' dir='ltr'><strong>Io-</strong></span> 
     </span>
    </p>
   </div>
   <div class='ocr_carea' id='block_1_21' title="bbox 2273 768 3805 852">
    <p class='ocr_par' dir='ltr' id='par_1_21' title="bbox 2273 768 3805 852">
     <span class='ocr_line' id='line_1_21' title="bbox 2273 768 3805 852; baseline 0.011 -30"><span class='ocrx_word' id='word_1_146' title='bbox 2273 770 2366 837; x_wconf 88' lang='lat' dir='ltr'><strong>qui</strong></span> <span class='ocrx_word' id='word_1_147' title='bbox 2420 768 2750 839; x_wconf 85' lang='lat' dir='ltr'><strong>Origenem;</strong></span> <span class='ocrx_word' id='word_1_148' title='bbox 2788 786 2909 825; x_wconf 91' lang='lat' dir='ltr'><strong>cum</strong></span> <span class='ocrx_word' id='word_1_149' title='bbox 2963 774 3107 828; x_wconf 90' lang='lat' dir='ltr'><strong>enim</strong></span> <span class='ocrx_word' id='word_1_150' title='bbox 3160 776 3399 831; x_wconf 91' lang='lat' dir='ltr'><strong>animam</strong></span> <span class='ocrx_word' id='word_1_151' title='bbox 3450 779 3589 833; x_wconf 90' lang='lat' dir='ltr'><strong>citra</strong></span> <span class='ocrx_word' id='word_1_152' title='bbox 3642 797 3805 852; x_wconf 88' lang='lat' dir='ltr'><strong>corpus</strong></span> 
     </span>
    </p>
   </div>
   <div class='ocr_carea' id='block_1_22' title="bbox 2273 869 3805 933">
    <p class='ocr_par' dir='ltr' id='par_1_22' title="bbox 2273 869 3805 933">
     <span class='ocr_line' id='line_1_22' title="bbox 2273 869 3805 933; baseline 0.01 -18"><span class='ocrx_word' id='word_1_153' title='bbox 2273 875 2550 930; x_wconf 84' lang='lat' dir='ltr'><strong>peccasse,</strong></span> <span class='ocrx_word' id='word_1_154' title='bbox 2583 871 2638 917; x_wconf 92' lang='lat' dir='ltr'><strong>et</strong></span> <span class='ocrx_word' id='word_1_155' title='bbox 2657 872 2875 933; x_wconf 89' lang='lat' dir='ltr'><strong>propter</strong></span> <span class='ocrx_word' id='word_1_156' title='bbox 2899 875 3179 932; x_wconf 88' lang='lat' dir='ltr'><strong>peccatum</strong></span> <span class='ocrx_word' id='word_1_157' title='bbox 3201 869 3431 924; x_wconf 84' lang='lat' dir='ltr'><strong>scorteis</strong></span> <span class='ocrx_word' id='word_1_158' title='bbox 3460 870 3653 926; x_wconf 86' lang='lat' dir='ltr'><strong>tunicis</strong></span> <span class='ocrx_word' id='word_1_159' title='bbox 3676 876 3805 930; x_wconf 88' lang='lat' dir='ltr'><strong>vesti-</strong></span> 
     </span>
    </p>
   </div>
   <div class='ocr_carea' id='block_1_23' title="bbox 2274 953 3803 1030">
    <p class='ocr_par' dir='ltr' id='par_1_23' title="bbox 2274 953 3803 1030">
     <span class='ocr_line' id='line_1_23' title="bbox 2274 953 3803 1030; baseline 0.009 -23"><span class='ocrx_word' id='word_1_160' title='bbox 2274 960 2381 1007; x_wconf 88' lang='lat' dir='ltr'><strong>tam</strong></span> <span class='ocrx_word' id='word_1_161' title='bbox 2422 953 2609 1021; x_wconf 81' lang='lat' dir='ltr'><strong>luisse,</strong></span> <span class='ocrx_word' id='word_1_162' title='bbox 2640 956 2963 1026; x_wconf 87' lang='lat' dir='ltr'><strong>tunicasque</strong></span> <span class='ocrx_word' id='word_1_163' title='bbox 2998 956 3115 1012; x_wconf 86' lang='lat' dir='ltr'><strong>illas</strong></span> <span class='ocrx_word' id='word_1_164' title='bbox 3144 974 3373 1029; x_wconf 89' lang='lat' dir='ltr'><strong>corpora</strong></span> <span class='ocrx_word' id='word_1_165' title='bbox 3408 960 3524 1030; x_wconf 90' lang='lat' dir='ltr'><strong>ipsa</strong></span> <span class='ocrx_word' id='word_1_166' title='bbox 3560 977 3672 1018; x_wconf 88' lang='lat' dir='ltr'><strong>esse</strong></span> <span class='ocrx_word' id='word_1_167' title='bbox 3696 980 3803 1020; x_wconf 86' lang='lat' dir='ltr'><strong>con-</strong></span> 
     </span>
    </p>
   </div>
   <div class='ocr_carea' id='block_1_24' title="bbox 2272 1044 3806 1126">
    <p class='ocr_par' dir='ltr' id='par_1_24' title="bbox 2272 1044 3806 1126">
     <span class='ocr_line' id='line_1_24' title="bbox 2272 1044 3806 1126; baseline 0.011 -29"><span class='ocrx_word' id='word_1_168' title='bbox 2272 1044 2501 1098; x_wconf 87' lang='lat' dir='ltr'><strong>cesserit</strong></span> <span class='ocrx_word' id='word_1_169' title='bbox 2527 1061 2541 1110; x_wconf 93' lang='lat'><strong>;</strong></span> <span class='ocrx_word' id='word_1_170' title='bbox 2588 1060 2735 1101; x_wconf 91' lang='lat' dir='ltr'><strong>nunc</strong></span> <span class='ocrx_word' id='word_1_171' title='bbox 2763 1046 2863 1101; x_wconf 90' lang='lat' dir='ltr'><strong>sibi</strong></span> <span class='ocrx_word' id='word_1_172' title='bbox 2896 1049 3068 1118; x_wconf 89' lang='lat' dir='ltr'><strong>ipsum</strong></span> <span class='ocrx_word' id='word_1_173' title='bbox 3109 1065 3412 1121; x_wconf 88' lang='lat' dir='ltr'><strong>repugnare</strong></span> <span class='ocrx_word' id='word_1_174' title='bbox 3439 1090 3457 1117; x_wconf 92' lang='lat'><strong>,</strong></span> <span class='ocrx_word' id='word_1_175' title='bbox 3488 1067 3610 1107; x_wconf 92' lang='lat' dir='ltr'><strong>cum</strong></span> <span class='ocrx_word' id='word_1_176' title='bbox 3641 1070 3806 1126; x_wconf 79' lang='lat' dir='ltr'><strong>corpus</strong></span> 
     </span>
    </p>
   </div>
   <div class='ocr_carea' id='block_1_25' title="bbox 2273 1137 3804 1212">
    <p class='ocr_par' dir='ltr' id='par_1_25' title="bbox 2273 1137 3804 1212">
     <span class='ocr_line' id='line_1_25' title="bbox 2273 1137 3804 1212; baseline 0.01 -24"><span class='ocrx_word' id='word_1_177' title='bbox 2273 1148 2452 1189; x_wconf 76' lang='lat' dir='ltr'><strong>causa:</strong></span> <span class='ocrx_word' id='word_1_178' title='bbox 2481 1151 2601 1191; x_wconf 84' lang='lat' dir='ltr'><strong>esse</strong></span> <span class='ocrx_word' id='word_1_179' title='bbox 2630 1137 2765 1191; x_wconf 84' lang='lat' dir='ltr'><strong>dicit</strong></span> <span class='ocrx_word' id='word_1_180' title='bbox 2792 1153 2894 1192; x_wconf 91' lang='lat' dir='ltr'><strong>cur</strong></span> <span class='ocrx_word' id='word_1_181' title='bbox 2914 1141 3093 1195; x_wconf 92' lang='lat' dir='ltr'><strong>anima</strong></span> <span class='ocrx_word' id='word_1_182' title='bbox 3122 1152 3326 1211; x_wconf 88' lang='lat' dir='ltr'><strong>peccet.</strong></span> <span class='ocrx_word' id='word_1_183' title='bbox 3373 1142 3701 1212; x_wconf 66' lang='lat' dir='ltr'><strong>Origeniana:</strong></span> <span class='ocrx_word' id='word_1_184' title='bbox 3726 1147 3804 1203; x_wconf 83' lang='lat' dir='ltr'><strong>do-</strong></span> 
     </span>
    </p>
   </div>
   <div class='ocr_carea' id='block_1_26' title="bbox 2271 1227 3802 1299">
    <p class='ocr_par' dir='ltr' id='par_1_26' title="bbox 2271 1227 3802 1299">
     <span class='ocr_line' id='line_1_26' title="bbox 2271 1227 3802 1299; baseline 0.012 -20"><span class='ocrx_word' id='word_1_185' title='bbox 2271 1227 2466 1282; x_wconf 73' lang='lat' dir='ltr'><strong>ctrina:</strong></span> <span class='ocrx_word' id='word_1_186' title='bbox 2498 1230 2896 1284; x_wconf 85' lang='lat' dir='ltr'><strong>connexionem</strong></span> <span class='ocrx_word' id='word_1_187' title='bbox 2931 1247 3033 1287; x_wconf 90' lang='lat' dir='ltr'><strong>non</strong></span> <span class='ocrx_word' id='word_1_188' title='bbox 3066 1233 3199 1288; x_wconf 85' lang='lat' dir='ltr'><strong>vidit</strong></span> <span class='ocrx_word' id='word_1_189' title='bbox 3237 1232 3561 1292; x_wconf 80' lang='lat' dir='ltr'><strong>Methodius.</strong></span> <span class='ocrx_word' id='word_1_190' title='bbox 3594 1236 3802 1299; x_wconf 77' lang='lat' dir='ltr'><strong>Diximus</strong></span> 
     </span>
    </p>
   </div>
   <div class='ocr_carea' id='block_1_27' title="bbox 2270 1318 3802 1406">
    <p class='ocr_par' dir='ltr' id='par_1_27' title="bbox 2270 1318 3802 1406">
     <span class='ocr_line' id='line_1_27' title="bbox 2270 1318 3802 1406; baseline 0.012 -35"><span class='ocrx_word' id='word_1_191' title='bbox 2270 1318 2415 1374; x_wconf 89' lang='lat' dir='ltr'><strong>enim</strong></span> <span class='ocrx_word' id='word_1_192' title='bbox 2458 1334 2618 1389; x_wconf 87' lang='lat' dir='ltr'><strong>supra</strong></span> <span class='ocrx_word' id='word_1_193' title='bbox 2657 1335 2948 1392; x_wconf 89' lang='lat' dir='ltr'><strong>corporeas</strong></span> <span class='ocrx_word' id='word_1_194' title='bbox 2987 1326 3195 1381; x_wconf 87' lang='lat' dir='ltr'><strong>animas</strong></span> <span class='ocrx_word' id='word_1_195' title='bbox 3223 1327 3305 1383; x_wconf 89' lang='lat' dir='ltr'><strong>vel</strong></span> <span class='ocrx_word' id='word_1_196' title='bbox 3346 1328 3686 1401; x_wconf 86' lang='lat' dir='ltr'><strong>incorporeas</strong></span> <span class='ocrx_word' id='word_1_197' title='bbox 3725 1352 3802 1406; x_wconf 86' lang='lat' dir='ltr'><strong>ap-</strong></span> 
     </span>
    </p>
   </div>
   <div class='ocr_carea' id='block_1_28' title="bbox 2270 1409 3798 1486">
    <p class='ocr_par' dir='ltr' id='par_1_28' title="bbox 2270 1409 3798 1486">
     <span class='ocr_line' id='line_1_28' title="bbox 2270 1409 3798 1486; baseline 0.012 -22"><span class='ocrx_word' id='word_1_198' title='bbox 2270 1409 2500 1480; x_wconf 90' lang='lat' dir='ltr'><strong>pellasse</strong></span> <span class='ocrx_word' id='word_1_199' title='bbox 2556 1413 2961 1486; x_wconf 81' lang='lat' dir='ltr'><strong>Adamantium,</strong></span> <span class='ocrx_word' id='word_1_200' title='bbox 3009 1420 3337 1476; x_wconf 87' lang='lat' dir='ltr'><strong>crassiorum</strong></span> <span class='ocrx_word' id='word_1_201' title='bbox 3397 1422 3482 1477; x_wconf 92' lang='lat' dir='ltr'><strong>vel</strong></span> <span class='ocrx_word' id='word_1_202' title='bbox 3531 1426 3798 1483; x_wconf 86' lang='lat' dir='ltr'><strong>tenuiorum</strong></span> 
     </span>
    </p>
   </div>
   <div class='ocr_carea' id='block_1_29' title="bbox 2270 1506 3802 1584">
    <p class='ocr_par' dir='ltr' id='par_1_29' title="bbox 2270 1506 3802 1584">
     <span class='ocr_line' id='line_1_29' title="bbox 2270 1506 3802 1584; baseline 0.012 -28"><span class='ocrx_word' id='word_1_203' title='bbox 2270 1518 2555 1573; x_wconf 89' lang='lat' dir='ltr'><strong>corporum</strong></span> <span class='ocrx_word' id='word_1_204' title='bbox 2586 1506 2796 1563; x_wconf 91' lang='lat' dir='ltr'><strong>ratione</strong></span> <span class='ocrx_word' id='word_1_205' title='bbox 2819 1549 2835 1575; x_wconf 84' lang='lat'><strong>,</strong></span> <span class='ocrx_word' id='word_1_206' title='bbox 2872 1525 2993 1563; x_wconf 88' lang='lat' dir='ltr'><strong>cum</strong></span> <span class='ocrx_word' id='word_1_207' title='bbox 3024 1525 3212 1566; x_wconf 87' lang='lat' dir='ltr'><strong>revera</strong></span> <span class='ocrx_word' id='word_1_208' title='bbox 3252 1526 3549 1584; x_wconf 63' lang='grc' dir='ltr'><strong>εοτροτθεε</strong></span> <span class='ocrx_word' id='word_1_209' title='bbox 3593 1532 3720 1583; x_wconf 81' lang='lat' dir='ltr'><strong>esse,</strong></span> <span class='ocrx_word' id='word_1_210' title='bbox 3756 1530 3802 1574; x_wconf 71' lang='grc' dir='ltr'><strong>ει</strong></span> 
     </span>
    </p>
   </div>
   <div class='ocr_carea' id='block_1_30' title="bbox 2270 1588 3799 1669">
    <p class='ocr_par' dir='ltr' id='par_1_30' title="bbox 2270 1588 3799 1669">
     <span class='ocr_line' id='line_1_30' title="bbox 2270 1588 3799 1669; baseline 0.013 -22"><span class='ocrx_word' id='word_1_211' title='bbox 2270 1588 2438 1649; x_wconf 86' lang='lat' dir='ltr'><strong>Deum</strong></span> <span class='ocrx_word' id='word_1_212' title='bbox 2490 1612 2655 1652; x_wconf 91' lang='lat' dir='ltr'><strong>unum</strong></span> <span class='ocrx_word' id='word_1_213' title='bbox 2693 1599 3083 1669; x_wconf 86' lang='lat' dir='ltr'><strong>incorporalem</strong></span> <span class='ocrx_word' id='word_1_214' title='bbox 3118 1606 3412 1659; x_wconf 87' lang='lat' dir='ltr'><strong>censuerit.</strong></span> <span class='ocrx_word' id='word_1_215' title='bbox 3452 1605 3591 1662; x_wconf 91' lang='lat' dir='ltr'><strong>Idem</strong></span> <span class='ocrx_word' id='word_1_216' title='bbox 3623 1610 3799 1667; x_wconf 79' lang='lat' dir='ltr'><strong>animas</strong></span> 
     </span>
    </p>
   </div>
   <div class='ocr_carea' id='block_1_31' title="bbox 2269 1694 3799 1772">
    <p class='ocr_par' dir='ltr' id='par_1_31' title="bbox 2269 1694 3799 1772">
     <span class='ocr_line' id='line_1_31' title="bbox 2269 1694 3799 1772; baseline 0.012 -33"><span class='ocrx_word' id='word_1_217' title='bbox 2269 1702 2366 1757; x_wconf 94' lang='lat' dir='ltr'><strong>pro</strong></span> <span class='ocrx_word' id='word_1_218' title='bbox 2404 1699 2751 1757; x_wconf 89' lang='lat' dir='ltr'><strong>peccatorum</strong></span> <span class='ocrx_word' id='word_1_219' title='bbox 2817 1694 3085 1763; x_wconf 82' lang='lat' dir='ltr'><strong>gravitate</strong></span> <span class='ocrx_word' id='word_1_220' title='bbox 3110 1696 3361 1766; x_wconf 85' lang='lat' dir='ltr'><strong>graviora</strong></span> <span class='ocrx_word' id='word_1_221' title='bbox 3398 1699 3581 1755; x_wconf 89' lang='lat' dir='ltr'><strong>subire</strong></span> <span class='ocrx_word' id='word_1_222' title='bbox 3605 1716 3799 1772; x_wconf 81' lang='lat' dir='ltr'><strong>corpora</strong></span> 
     </span>
    </p>
   </div>
   <div class='ocr_carea' id='block_1_32' title="bbox 590 1776 2156 1862">
    <p class='ocr_par' dir='ltr' id='par_1_32' title="bbox 590 1794 2153 1862">
     <span class='ocr_line' id='line_1_32' title="bbox 590 1794 2153 1862; baseline 0.003 -18"><span class='ocrx_word' id='word_1_223' title='bbox 590 1806 712 1862; x_wconf 65' lang='lat' dir='ltr'><strong>quae</strong></span> <span class='ocrx_word' id='word_1_224' title='bbox 740 1806 863 1847; x_wconf 91' lang='lat' dir='ltr'><strong>cum</strong></span> <span class='ocrx_word' id='word_1_225' title='bbox 902 1806 969 1847; x_wconf 81' lang='lat' dir='ltr'><strong>ex</strong></span> <span class='ocrx_word' id='word_1_226' title='bbox 996 1794 1367 1862; x_wconf 87' lang='lat' dir='ltr'><strong>superioribus</strong></span> <span class='ocrx_word' id='word_1_227' title='bbox 1396 1796 1528 1849; x_wconf 88' lang='lat' dir='ltr'><strong>satis</strong></span> <span class='ocrx_word' id='word_1_228' title='bbox 1566 1796 1851 1851; x_wconf 79' lang='lat' dir='ltr'><strong>manifesta</strong></span> <span class='ocrx_word' id='word_1_229' title='bbox 1883 1805 2007 1862; x_wconf 89' lang='lat' dir='ltr'><strong>est,</strong></span> <span class='ocrx_word' id='word_1_230' title='bbox 2041 1806 2153 1850; x_wconf 92' lang='lat' dir='ltr'><strong>tum</strong></span> 
     </span>
    </p>
   </div>
   <div class='ocr_carea' id='block_1_33' title="bbox 2265 1776 3800 1862">
    <p class='ocr_par' dir='ltr' id='par_1_33' title="bbox 2265 1780 3800 1857">
     <span class='ocr_line' id='line_1_33' title="bbox 2265 1780 3800 1857; baseline 0.014 -26"><span class='ocrx_word' id='word_1_231' title='bbox 2265 1781 2507 1853; x_wconf 75' lang='lat' dir='ltr'><strong>asseruit.</strong></span> <span class='ocrx_word' id='word_1_232' title='bbox 2532 1780 2626 1837; x_wconf 87' lang='lat' dir='ltr'><strong>His</strong></span> <span class='ocrx_word' id='word_1_233' title='bbox 2643 1784 2946 1855; x_wconf 89' lang='lat' dir='ltr'><strong>neutiquam</strong></span> <span class='ocrx_word' id='word_1_234' title='bbox 2971 1798 3222 1857; x_wconf 85' lang='lat' dir='ltr'><strong>repugnat</strong></span> <span class='ocrx_word' id='word_1_235' title='bbox 3260 1788 3632 1854; x_wconf 86' lang='lat' dir='ltr'><strong>illud,animas</strong></span> <span class='ocrx_word' id='word_1_236' title='bbox 3657 1810 3682 1848; x_wconf 88' lang='lat' dir='ltr'><strong>a</strong></span> <span class='ocrx_word' id='word_1_237' title='bbox 3699 1811 3800 1851; x_wconf 87' lang='lat' dir='ltr'><strong>cor-</strong></span> 
     </span>
    </p>
   </div>
   <div class='ocr_carea' id='block_1_34' title="bbox 589 1884 2159 1957">
    <p class='ocr_par' dir='ltr' id='par_1_34' title="bbox 589 1884 2159 1957">
     <span class='ocr_line' id='line_1_34' title="bbox 589 1884 2159 1957; baseline 0.001 -18"><span class='ocrx_word' id='word_1_238' title='bbox 589 1900 654 1939; x_wconf 82' lang='lat' dir='ltr'><strong>ex</strong></span> <span class='ocrx_word' id='word_1_239' title='bbox 672 1899 738 1938; x_wconf 88' lang='lat' dir='ltr'><strong>eo</strong></span> <span class='ocrx_word' id='word_1_240' title='bbox 784 1884 946 1940; x_wconf 90' lang='lat' dir='ltr'><strong>etiam</strong></span> <span class='ocrx_word' id='word_1_241' title='bbox 968 1884 1110 1954; x_wconf 89' lang='lat' dir='ltr'><strong>quod</strong></span> <span class='ocrx_word' id='word_1_242' title='bbox 1133 1887 1198 1940; x_wconf 91' lang='lat' dir='ltr'><strong>de</strong></span> <span class='ocrx_word' id='word_1_243' title='bbox 1227 1885 1331 1941; x_wconf 84' lang='lat' dir='ltr'><strong>line</strong></span> <span class='ocrx_word' id='word_1_244' title='bbox 1370 1902 1549 1941; x_wconf 90' lang='lat' dir='ltr'><strong>rerum</strong></span> <span class='ocrx_word' id='word_1_245' title='bbox 1574 1889 1883 1957; x_wconf 84' lang='lat' dir='ltr'><strong>disputans,</strong></span> <span class='ocrx_word' id='word_1_246' title='bbox 1900 1899 1956 1943; x_wconf 91' lang='lat' dir='ltr'><strong>et</strong></span> <span class='ocrx_word' id='word_1_247' title='bbox 1981 1898 2159 1942; x_wconf 92' lang='lat' dir='ltr'><strong>utrum</strong></span> 
     </span>
    </p>
   </div>
   <div class='ocr_carea' id='block_1_35' title="bbox 593 1978 2164 2049">
    <p class='ocr_par' dir='ltr' id='par_1_35' title="bbox 593 1978 2164 2049">
     <span class='ocr_line' id='line_1_35' title="bbox 593 1978 2164 2049; baseline 0.001 -18"><span class='ocrx_word' id='word_1_248' title='bbox 593 1978 646 2031; x_wconf 92' lang='lat' dir='ltr'><strong>in</strong></span> <span class='ocrx_word' id='word_1_249' title='bbox 693 1990 942 2045; x_wconf 74' lang='lat' dir='ltr'><strong>corpore,</strong></span> <span class='ocrx_word' id='word_1_250' title='bbox 1006 1992 1073 2030; x_wconf 88' lang='lat' dir='ltr'><strong>an</strong></span> <span class='ocrx_word' id='word_1_251' title='bbox 1135 1988 1291 2032; x_wconf 78' lang='lat' dir='ltr'><strong>extra</strong></span> <span class='ocrx_word' id='word_1_252' title='bbox 1352 1993 1550 2048; x_wconf 89' lang='lat' dir='ltr'><strong>corpus</strong></span> <span class='ocrx_word' id='word_1_253' title='bbox 1602 1995 1851 2049; x_wconf 89' lang='lat' dir='ltr'><strong>suprema</strong></span> <span class='ocrx_word' id='word_1_254' title='bbox 1906 1979 2164 2034; x_wconf 90' lang='lat' dir='ltr'><strong>beatitate</strong></span> 
     </span>
    </p>
   </div>
   <div class='ocr_carea' id='block_1_36' title="bbox 592 2068 2162 2140">
    <p class='ocr_par' dir='ltr' id='par_1_36' title="bbox 592 2068 2162 2140">
     <span class='ocr_line' id='line_1_36' title="bbox 592 2068 2162 2140; baseline 0.003 -20"><span class='ocrx_word' id='word_1_255' title='bbox 592 2068 806 2121; x_wconf 89' lang='lat' dir='ltr'><strong>l&#39;ruituri</strong></span> <span class='ocrx_word' id='word_1_256' title='bbox 850 2072 1023 2122; x_wconf 91' lang='lat' dir='ltr'><strong>simus</strong></span> <span class='ocrx_word' id='word_1_257' title='bbox 1059 2068 1362 2137; x_wconf 85' lang='lat' dir='ltr'><strong>inquirens.</strong></span> <span class='ocrx_word' id='word_1_258' title='bbox 1394 2070 1667 2139; x_wconf 89' lang='lat' dir='ltr'><strong>triplicem</strong></span> <span class='ocrx_word' id='word_1_259' title='bbox 1695 2070 2004 2140; x_wconf 90' lang='lat' dir='ltr'><strong>opinionem</strong></span> <span class='ocrx_word' id='word_1_260' title='bbox 2040 2070 2162 2124; x_wconf 82' lang='lat' dir='ltr'><strong>uni-</strong></span> 
     </span>
    </p>
   </div>
   <div class='ocr_carea' id='block_1_37' title="bbox 588 2160 2163 2233">
    <p class='ocr_par' dir='ltr' id='par_1_37' title="bbox 588 2160 2163 2233">
     <span class='ocr_line' id='line_1_37' title="bbox 588 2160 2163 2233; baseline 0.003 -21"><span class='ocrx_word' id='word_1_261' title='bbox 588 2160 787 2228; x_wconf 89' lang='lat' dir='ltr'><strong>cuique</strong></span> <span class='ocrx_word' id='word_1_262' title='bbox 816 2176 912 2229; x_wconf 92' lang='lat' dir='ltr'><strong>pro</strong></span> <span class='ocrx_word' id='word_1_263' title='bbox 935 2160 1092 2216; x_wconf 92' lang='lat' dir='ltr'><strong>libitu</strong></span> <span class='ocrx_word' id='word_1_264' title='bbox 1114 2164 1540 2231; x_wconf 82' lang='lat' dir='ltr'><strong>persequendam</strong></span> <span class='ocrx_word' id='word_1_265' title='bbox 1562 2164 1810 2233; x_wconf 89' lang='lat' dir='ltr'><strong>proponit</strong></span> <span class='ocrx_word' id='word_1_266' title='bbox 1837 2163 1929 2218; x_wconf 93' lang='lat' dir='ltr'><strong>lib.</strong></span> <span class='ocrx_word' id='word_1_267' title='bbox 1953 2180 1988 2217; x_wconf 91' lang='lat' dir='ltr'><strong>n</strong></span> <span class='ocrx_word' id='word_1_268' title='bbox 2021 2163 2163 2233; x_wconf 76' lang='grc' dir='ltr'><strong>Περὶ</strong></span> 
     </span>
    </p>
   </div>
   <div class='ocr_carea' id='block_1_38' title="bbox 588 2251 2167 2327">
    <p class='ocr_par' dir='ltr' id='par_1_38' title="bbox 588 2251 2167 2327">
     <span class='ocr_line' id='line_1_38' title="bbox 588 2251 2167 2327; baseline 0.004 -22"><span class='ocrx_word' id='word_1_269' title='bbox 588 2251 810 2321; x_wconf 69' lang='grc' dir='ltr'><strong>ἀρχῶν,</strong></span> <span class='ocrx_word' id='word_1_270' title='bbox 843 2254 1049 2322; x_wconf 74' lang='lat' dir='ltr'><strong>cap.~‘5,</strong></span> <span class='ocrx_word' id='word_1_271' title='bbox 1083 2270 1234 2310; x_wconf 90' lang='lat' dir='ltr'><strong>num.</strong></span> <span class='ocrx_word' id='word_1_272' title='bbox 1262 2256 1314 2321; x_wconf 92' lang='lat'><strong>7,</strong></span> <span class='ocrx_word' id='word_1_273' title='bbox 1357 2272 1518 2327; x_wconf 87' lang='lat' dir='ltr'><strong>quem</strong></span> <span class='ocrx_word' id='word_1_274' title='bbox 1545 2256 1719 2311; x_wconf 94' lang='lat' dir='ltr'><strong>locum</strong></span> <span class='ocrx_word' id='word_1_275' title='bbox 1760 2256 1954 2325; x_wconf 87' lang='lat' dir='ltr'><strong>repetit</strong></span> <span class='ocrx_word' id='word_1_276' title='bbox 1979 2255 2167 2311; x_wconf 83' lang='lat' dir='ltr'><strong>Hiero-</strong></span> 
     </span>
    </p>
   </div>
   <div class='ocr_carea' id='block_1_39' title="bbox 590 2346 2164 2419">
    <p class='ocr_par' dir='ltr' id='par_1_39' title="bbox 590 2346 2164 2419">
     <span class='ocr_line' id='line_1_39' title="bbox 590 2346 2164 2419; baseline 0.003 -21"><span class='ocrx_word' id='word_1_277' title='bbox 590 2362 781 2416; x_wconf 88' lang='lat' dir='ltr'><strong>nymus</strong></span> <span class='ocrx_word' id='word_1_278' title='bbox 831 2348 989 2415; x_wconf 88' lang='lat' dir='ltr'><strong>epist.</strong></span> <span class='ocrx_word' id='word_1_279' title='bbox 1036 2347 1129 2414; x_wconf 88' lang='lat'><strong>59,</strong></span> <span class='ocrx_word' id='word_1_280' title='bbox 1186 2347 1253 2402; x_wconf 89' lang='lat' dir='ltr'><strong>ad</strong></span> <span class='ocrx_word' id='word_1_281' title='bbox 1305 2349 1474 2414; x_wconf 83' lang='lat' dir='ltr'><strong>Avit.,</strong></span> <span class='ocrx_word' id='word_1_282' title='bbox 1512 2363 1633 2419; x_wconf 89' lang='lat' dir='ltr'><strong>cap.</strong></span> <span class='ocrx_word' id='word_1_283' title='bbox 1662 2348 1719 2402; x_wconf 79' lang='grc'><strong>2.</strong></span> <span class='ocrx_word' id='word_1_284' title='bbox 1745 2346 1919 2417; x_wconf 86' lang='lat' dir='ltr'><strong>Caput</strong></span> <span class='ocrx_word' id='word_1_285' title='bbox 1949 2363 2164 2417; x_wconf 90' lang='lat' dir='ltr'><strong>quoque</strong></span> 
     </span>
    </p>
   </div>
   <div class='ocr_carea' id='block_1_40' title="bbox 588 2439 2161 2510">
    <p class='ocr_par' dir='ltr' id='par_1_40' title="bbox 588 2439 2161 2510">
     <span class='ocr_line' id='line_1_40' title="bbox 588 2439 2161 2510; baseline 0.002 -18"><span class='ocrx_word' id='word_1_286' title='bbox 588 2449 799 2492; x_wconf 81' lang='lat' dir='ltr'><strong>sextum</strong></span> <span class='ocrx_word' id='word_1_287' title='bbox 845 2439 964 2494; x_wconf 92' lang='lat' dir='ltr'><strong>libri</strong></span> <span class='ocrx_word' id='word_1_288' title='bbox 1004 2441 1161 2510; x_wconf 89' lang='lat' dir='ltr'><strong>primi</strong></span> <span class='ocrx_word' id='word_1_289' title='bbox 1211 2439 1288 2495; x_wconf 90' lang='lat' dir='ltr'><strong>De</strong></span> <span class='ocrx_word' id='word_1_290' title='bbox 1333 2442 1565 2510; x_wconf 80' lang='lat' dir='ltr'><strong>princip.</strong></span> <span class='ocrx_word' id='word_1_291' title='bbox 1615 2440 1862 2497; x_wconf 87' lang='lat' dir='ltr'><strong>eamdem</strong></span> <span class='ocrx_word' id='word_1_292' title='bbox 1912 2439 2161 2510; x_wconf 90' lang='lat' dir='ltr'><strong>Origenis</strong></span> 
     </span>
    </p>
   </div>
   <div class='ocr_carea' id='block_1_41' title="bbox 587 2528 2160 2601">
    <p class='ocr_par' dir='ltr' id='par_1_41' title="bbox 587 2528 2160 2601">
     <span class='ocr_line' id='line_1_41' title="bbox 587 2528 2160 2601; baseline 0.002 -20"><span class='ocrx_word' id='word_1_293' title='bbox 587 2528 989 2585; x_wconf 79' lang='lat' dir='ltr'><strong>ﬂuctuationem</strong></span> <span class='ocrx_word' id='word_1_294' title='bbox 1054 2540 1319 2591; x_wconf 84' lang='lat' dir='ltr'><strong>testatur:</strong></span> <span class='ocrx_word' id='word_1_295' title='bbox 1384 2547 1509 2586; x_wconf 89' lang='lat' dir='ltr'><strong>nam</strong></span> <span class='ocrx_word' id='word_1_296' title='bbox 1559 2541 1845 2601; x_wconf 88' lang='lat' dir='ltr'><strong>postquam</strong></span> <span class='ocrx_word' id='word_1_297' title='bbox 1890 2530 2160 2600; x_wconf 87' lang='lat' dir='ltr'><strong>duplicem</strong></span> 
     </span>
    </p>
   </div>
   <div class='ocr_carea' id='block_1_42' title="bbox 588 2621 2160 2691">
    <p class='ocr_par' dir='ltr' id='par_1_42' title="bbox 588 2621 2160 2691">
     <span class='ocr_line' id='line_1_42' title="bbox 588 2621 2160 2691; baseline 0.001 -18"><span class='ocrx_word' id='word_1_298' title='bbox 588 2621 657 2673; x_wconf 87' lang='lat' dir='ltr'><strong>de</strong></span> <span class='ocrx_word' id='word_1_299' title='bbox 703 2631 843 2675; x_wconf 87' lang='lat' dir='ltr'><strong>statu</strong></span> <span class='ocrx_word' id='word_1_300' title='bbox 891 2621 1173 2677; x_wconf 88' lang='lat' dir='ltr'><strong>beatorum</strong></span> <span class='ocrx_word' id='word_1_301' title='bbox 1218 2625 1542 2678; x_wconf 86' lang='lat' dir='ltr'><strong>sententiam</strong></span> <span class='ocrx_word' id='word_1_302' title='bbox 1592 2622 1879 2687; x_wconf 82' lang='lat' dir='ltr'><strong>exposuit,</strong></span> <span class='ocrx_word' id='word_1_303' title='bbox 1928 2638 2160 2691; x_wconf 90' lang='lat' dir='ltr'><strong>quarum</strong></span> 
     </span>
    </p>
   </div>
   <div class='ocr_carea' id='block_1_43' title="bbox 590 2714 2163 2784">
    <p class='ocr_par' dir='ltr' id='par_1_43' title="bbox 590 2714 2163 2784">
     <span class='ocr_line' id='line_1_43' title="bbox 590 2714 2163 2784; baseline 0.001 -18"><span class='ocrx_word' id='word_1_304' title='bbox 590 2714 742 2782; x_wconf 91' lang='lat' dir='ltr'><strong>prior</strong></span> <span class='ocrx_word' id='word_1_305' title='bbox 791 2714 1131 2769; x_wconf 86' lang='lat' dir='ltr'><strong>interituram</strong></span> <span class='ocrx_word' id='word_1_306' title='bbox 1169 2730 1455 2784; x_wconf 88' lang='lat' dir='ltr'><strong>corporum</strong></span> <span class='ocrx_word' id='word_1_307' title='bbox 1498 2725 1744 2769; x_wconf 90' lang='lat' dir='ltr'><strong>naturam</strong></span> <span class='ocrx_word' id='word_1_308' title='bbox 1780 2715 1969 2770; x_wconf 84' lang='lat' dir='ltr'><strong>dellnit</strong></span> <span class='ocrx_word' id='word_1_309' title='bbox 1995 2755 2012 2780; x_wconf 92' lang='lat'><strong>,</strong></span> <span class='ocrx_word' id='word_1_310' title='bbox 2045 2724 2097 2769; x_wconf 91' lang='lat' dir='ltr'><strong>et</strong></span> <span class='ocrx_word' id='word_1_311' title='bbox 2132 2729 2163 2768; x_wconf 88' lang='lat' dir='ltr'><strong>a</strong></span> 
     </span>
    </p>
   </div>
   <div class='ocr_carea' id='block_1_44' title="bbox 587 2806 2164 2876">
    <p class='ocr_par' dir='ltr' id='par_1_44' title="bbox 587 2806 2164 2876">
     <span class='ocr_line' id='line_1_44' title="bbox 587 2806 2164 2876; baseline 0.003 -20"><span class='ocrx_word' id='word_1_312' title='bbox 587 2821 693 2873; x_wconf 87' lang='lat' dir='ltr'><strong>qua</strong></span> <span class='ocrx_word' id='word_1_313' title='bbox 733 2817 856 2860; x_wconf 82' lang='lat' dir='ltr'><strong>sese</strong></span> <span class='ocrx_word' id='word_1_314' title='bbox 889 2807 1126 2860; x_wconf 91' lang='lat' dir='ltr'><strong>alicnnm</strong></span> <span class='ocrx_word' id='word_1_315' title='bbox 1173 2807 1481 2876; x_wconf 81' lang='lat' dir='ltr'><strong>proﬁtetur,</strong></span> <span class='ocrx_word' id='word_1_316' title='bbox 1528 2806 1634 2861; x_wconf 90' lang='lat' dir='ltr'><strong>alia</strong></span> <span class='ocrx_word' id='word_1_317' title='bbox 1685 2817 1936 2861; x_wconf 88' lang='lat' dir='ltr'><strong>naturam</strong></span> <span class='ocrx_word' id='word_1_318' title='bbox 1967 2821 2164 2874; x_wconf 84' lang='lat' dir='ltr'><strong>corpo-</strong></span> 
     </span>
    </p>
   </div>
   <div class='ocr_carea' id='block_1_45' title="bbox 588 2897 2158 2971">
    <p class='ocr_par' dir='ltr' id='par_1_45' title="bbox 588 2897 2158 2971">
     <span class='ocr_line' id='line_1_45' title="bbox 588 2897 2158 2971; baseline 0.001 -21"><span class='ocrx_word' id='word_1_319' title='bbox 588 2912 737 2951; x_wconf 86' lang='lat' dir='ltr'><strong>ream</strong></span> <span class='ocrx_word' id='word_1_320' title='bbox 778 2897 831 2951; x_wconf 91' lang='lat' dir='ltr'><strong>in</strong></span> <span class='ocrx_word' id='word_1_321' title='bbox 889 2897 1105 2951; x_wconf 89' lang='lat' dir='ltr'><strong>modum</strong></span> <span class='ocrx_word' id='word_1_322' title='bbox 1156 2899 1377 2954; x_wconf 66' lang='lat' dir='ltr'><strong>aetheris</strong></span> <span class='ocrx_word' id='word_1_323' title='bbox 1429 2908 1785 2971; x_wconf 80' lang='lat' dir='ltr'><strong>expurgatum</strong></span> <span class='ocrx_word' id='word_1_324' title='bbox 1838 2899 1903 2953; x_wconf 88' lang='lat' dir='ltr'><strong>iri</strong></span> <span class='ocrx_word' id='word_1_325' title='bbox 1957 2900 2158 2963; x_wconf 89' lang='lat' dir='ltr'><strong>tradit,</strong></span> 
     </span>
    </p>
   </div>
   <div class='ocr_carea' id='block_1_46' title="bbox 590 2988 2157 3046">
    <p class='ocr_par' dir='ltr' id='par_1_46' title="bbox 590 2988 2157 3046">
     <span class='ocr_line' id='line_1_46' title="bbox 590 2988 2157 3046; baseline 0.001 -6"><span class='ocrx_word' id='word_1_326' title='bbox 590 2988 805 3042; x_wconf 89' lang='lat' dir='ltr'><strong>tandem</strong></span> <span class='ocrx_word' id='word_1_327' title='bbox 866 2990 946 3045; x_wconf 90' lang='lat' dir='ltr'><strong>sic</strong></span> <span class='ocrx_word' id='word_1_328' title='bbox 996 2990 1271 3045; x_wconf 90' lang='lat' dir='ltr'><strong>concludit</strong></span> <span class='ocrx_word' id='word_1_329' title='bbox 1320 3004 1468 3044; x_wconf 91' lang='lat' dir='ltr'><strong>num.</strong></span> <span class='ocrx_word' id='word_1_330' title='bbox 1514 2989 1550 3044; x_wconf 77' lang='grc'>4</span> <span class='ocrx_word' id='word_1_331' title='bbox 1598 3008 1612 3044; x_wconf 88' lang='lat'><strong>:</strong></span> <span class='ocrx_word' id='word_1_332' title='bbox 1670 3008 1689 3042; x_wconf 83' lang='grc'><strong><em>‹</em></strong></span> <span class='ocrx_word' id='word_1_333' title='bbox 1735 2990 1948 3046; x_wconf 89' lang='lat' dir='ltr'><strong>Certius</strong></span> <span class='ocrx_word' id='word_1_334' title='bbox 1979 2999 2157 3043; x_wconf 90' lang='lat' dir='ltr'><strong>tamen</strong></span> 
     </span>
    </p>
   </div>
   <div class='ocr_carea' id='block_1_47' title="bbox 586 3078 2156 3148">
    <p class='ocr_par' dir='ltr' id='par_1_47' title="bbox 586 3078 2156 3148">
     <span class='ocr_line' id='line_1_47' title="bbox 586 3078 2156 3148; baseline 0.004 -20"><span class='ocrx_word' id='word_1_335' title='bbox 586 3078 825 3146; x_wconf 85' lang='lat' dir='ltr'><strong>qualiter</strong></span> <span class='ocrx_word' id='word_1_336' title='bbox 864 3094 922 3134; x_wconf 90' lang='lat' dir='ltr'><strong>se</strong></span> <span class='ocrx_word' id='word_1_337' title='bbox 955 3080 1204 3133; x_wconf 88' lang='lat' dir='ltr'><strong>habitura</strong></span> <span class='ocrx_word' id='word_1_338' title='bbox 1239 3080 1311 3135; x_wconf 87' lang='lat' dir='ltr'><strong>sit</strong></span> <span class='ocrx_word' id='word_1_339' title='bbox 1360 3094 1483 3145; x_wconf 89' lang='lat' dir='ltr'><strong>res,</strong></span> <span class='ocrx_word' id='word_1_340' title='bbox 1517 3081 1618 3136; x_wconf 90' lang='lat' dir='ltr'><strong>scit</strong></span> <span class='ocrx_word' id='word_1_341' title='bbox 1645 3084 1791 3138; x_wconf 89' lang='lat' dir='ltr'><strong>solus</strong></span> <span class='ocrx_word' id='word_1_342' title='bbox 1822 3083 1984 3148; x_wconf 90' lang='lat' dir='ltr'><strong>Deus,</strong></span> <span class='ocrx_word' id='word_1_343' title='bbox 2027 3092 2084 3138; x_wconf 89' lang='lat' dir='ltr'><strong>et</strong></span> <span class='ocrx_word' id='word_1_344' title='bbox 2114 3082 2156 3136; x_wconf 89' lang='lat' dir='ltr'><strong>si</strong></span> 
     </span>
    </p>
   </div>
   <div class='ocr_carea' id='block_1_48' title="bbox 591 3171 2155 3243">
    <p class='ocr_par' dir='ltr' id='par_1_48' title="bbox 591 3171 2155 3243">
     <span class='ocr_line' id='line_1_48' title="bbox 591 3171 2155 3243; baseline 0.003 -20"><span class='ocrx_word' id='word_1_345' title='bbox 591 3171 684 3237; x_wconf 89' lang='lat' dir='ltr'><strong>qui</strong></span> <span class='ocrx_word' id='word_1_346' title='bbox 721 3172 838 3241; x_wconf 89' lang='lat' dir='ltr'><strong>ejus</strong></span> <span class='ocrx_word' id='word_1_347' title='bbox 870 3188 966 3241; x_wconf 91' lang='lat' dir='ltr'><strong>per</strong></span> <span class='ocrx_word' id='word_1_348' title='bbox 994 3171 1294 3239; x_wconf 89' lang='lat' dir='ltr'><strong>Christum,</strong></span> <span class='ocrx_word' id='word_1_349' title='bbox 1328 3183 1384 3228; x_wconf 88' lang='lat' dir='ltr'><strong>et</strong></span> <span class='ocrx_word' id='word_1_350' title='bbox 1406 3174 1668 3243; x_wconf 87' lang='lat' dir='ltr'><strong>Spiritum</strong></span> <span class='ocrx_word' id='word_1_351' title='bbox 1704 3185 1953 3230; x_wconf 90' lang='lat' dir='ltr'><strong>sanctmn</strong></span> <span class='ocrx_word' id='word_1_352' title='bbox 1995 3176 2155 3230; x_wconf 88' lang='lat' dir='ltr'><strong>amici</strong></span> 
     </span>
    </p>
   </div>
   <div class='ocr_carea' id='block_1_49' title="bbox 585 3262 2157 3337">
    <p class='ocr_par' dir='ltr' id='par_1_49' title="bbox 585 3262 2157 3337">
     <span class='ocr_line' id='line_1_49' title="bbox 585 3262 2157 3337; baseline 0.004 -22"><span class='ocrx_word' id='word_1_353' title='bbox 585 3271 732 3315; x_wconf 88' lang='lat' dir='ltr'><strong>sunt.</strong></span> <span class='ocrx_word' id='word_1_354' title='bbox 775 3281 794 3313; x_wconf 76' lang='grc' dir='ltr'><strong><em>ι</em></strong></span> <span class='ocrx_word' id='word_1_355' title='bbox 842 3262 963 3317; x_wconf 86' lang='lat' dir='ltr'><strong>Pari</strong></span> <span class='ocrx_word' id='word_1_356' title='bbox 993 3280 1161 3334; x_wconf 89' lang='lat' dir='ltr'><strong>pr0pe</strong></span> <span class='ocrx_word' id='word_1_357' title='bbox 1200 3265 1355 3319; x_wconf 86' lang='lat' dir='ltr'><strong>modo</strong></span> <span class='ocrx_word' id='word_1_358' title='bbox 1383 3266 1683 3320; x_wconf 84' lang='lat' dir='ltr'><strong>consimilis</strong></span> <span class='ocrx_word' id='word_1_359' title='bbox 1715 3267 2016 3337; x_wconf 83' lang='lat' dir='ltr'><strong>argumenti</strong></span> <span class='ocrx_word' id='word_1_360' title='bbox 2045 3267 2157 3323; x_wconf 88' lang='lat' dir='ltr'><strong>dis-</strong></span> 
     </span>
    </p>
   </div>
   <div class='ocr_carea' id='block_1_50' title="bbox 584 3357 2153 3429">
    <p class='ocr_par' dir='ltr' id='par_1_50' title="bbox 584 3357 2153 3429">
     <span class='ocr_line' id='line_1_50' title="bbox 584 3357 2153 3429; baseline 0.005 -24"><span class='ocrx_word' id='word_1_361' title='bbox 584 3357 918 3423; x_wconf 86' lang='lat' dir='ltr'><strong>putationem</strong></span> <span class='ocrx_word' id='word_1_362' title='bbox 974 3357 1176 3411; x_wconf 84' lang='lat' dir='ltr'><strong>clandit</strong></span> <span class='ocrx_word' id='word_1_363' title='bbox 1233 3358 1326 3415; x_wconf 91' lang='lat' dir='ltr'><strong>lib.</strong></span> <span class='ocrx_word' id='word_1_364' title='bbox 1386 3377 1423 3414; x_wconf 87' lang='lat' dir='ltr'><strong>II</strong></span> <span class='ocrx_word' id='word_1_365' title='bbox 1479 3359 1618 3429; x_wconf 76' lang='grc' dir='ltr'><strong>Περὶ</strong></span> <span class='ocrx_word' id='word_1_366' title='bbox 1658 3359 1881 3429; x_wconf 79' lang='grc' dir='ltr'><strong>ἀρχῶν,</strong></span> <span class='ocrx_word' id='word_1_367' title='bbox 1930 3375 2052 3429; x_wconf 89' lang='lat' dir='ltr'><strong>cap.</strong></span> <span class='ocrx_word' id='word_1_368' title='bbox 2096 3361 2153 3415; x_wconf 76' lang='lat'><strong>2.</strong></span> 
     </span>
    </p>
   </div>
   <div class='ocr_carea' id='block_1_51' title="bbox 586 3444 2156 3517">
    <p class='ocr_par' dir='ltr' id='par_1_51' title="bbox 586 3444 2156 3517">
     <span class='ocr_line' id='line_1_51' title="bbox 586 3444 2156 3517; baseline 0.006 -20"><span class='ocrx_word' id='word_1_369' title='bbox 586 3444 813 3501; x_wconf 83' lang='lat' dir='ltr'><strong>Prodest</strong></span> <span class='ocrx_word' id='word_1_370' title='bbox 867 3462 1082 3517; x_wconf 90' lang='lat' dir='ltr'><strong>quoque</strong></span> <span class='ocrx_word' id='word_1_371' title='bbox 1132 3448 1197 3504; x_wconf 86' lang='lat' dir='ltr'><strong>ad</strong></span> <span class='ocrx_word' id='word_1_372' title='bbox 1248 3452 1613 3506; x_wconf 81' lang='lat' dir='ltr'><strong>excusandum</strong></span> <span class='ocrx_word' id='word_1_373' title='bbox 1657 3468 1779 3507; x_wconf 90' lang='lat' dir='ltr'><strong>eum</strong></span> <span class='ocrx_word' id='word_1_374' title='bbox 1828 3451 2006 3506; x_wconf 75' lang='lat' dir='ltr'><strong>Rufini</strong></span> <span class='ocrx_word' id='word_1_375' title='bbox 2069 3467 2156 3506; x_wconf 93' lang='lat' dir='ltr'><strong>re-</strong></span> 
     </span>
    </p>
   </div>
   <div class='ocr_carea' id='block_1_52' title="bbox 588 3522 2157 3613">
    <p class='ocr_par' dir='ltr' id='par_1_52' title="bbox 588 3522 2157 3613">
     <span class='ocr_line' id='line_1_52' title="bbox 588 3522 2157 3613; baseline 0.004 -23"><span class='ocrx_word' id='word_1_376' title='bbox 588 3539 813 3607; x_wconf 89' lang='lat' dir='ltr'><strong>sponsio</strong></span> <span class='ocrx_word' id='word_1_377' title='bbox 860 3538 950 3592; x_wconf 89' lang='lat' dir='ltr'><strong>lib.</strong></span> <span class='ocrx_word' id='word_1_378' title='bbox 987 3541 1060 3594; x_wconf 88' lang='lat' dir='ltr'><strong>De</strong></span> <span class='ocrx_word' id='word_1_379' title='bbox 1087 3542 1258 3595; x_wconf 83' lang='lat' dir='ltr'><strong>adult.</strong></span> <span class='ocrx_word' id='word_1_380' title='bbox 1302 3543 1485 3597; x_wconf 82' lang='lat' dir='ltr'><strong>libror.</strong></span> <span class='ocrx_word' id='word_1_381' title='bbox 1525 3522 1743 3613; x_wconf 49' lang='lat' dir='ltr'><strong>Ori&#39;gen.</strong></span> <span class='ocrx_word' id='word_1_382' title='bbox 1786 3544 2157 3613; x_wconf 86' lang='lat' dir='ltr'><strong>pertendentis</strong></span> 
     </span>
    </p>
   </div>
   <div class='ocr_carea' id='block_1_53' title="bbox 582 3628 2156 3708">
    <p class='ocr_par' dir='ltr' id='par_1_53' title="bbox 582 3628 2156 3708">
     <span class='ocr_line' id='line_1_53' title="bbox 582 3628 2156 3708; baseline 0.006 -27"><span class='ocrx_word' id='word_1_383' title='bbox 582 3642 799 3685; x_wconf 87' lang='lat' dir='ltr'><strong>errores</strong></span> <span class='ocrx_word' id='word_1_384' title='bbox 827 3628 961 3687; x_wconf 55' lang='lat' dir='ltr'><strong>isto:</strong></span> <span class='ocrx_word' id='word_1_385' title='bbox 988 3631 1131 3687; x_wconf 86' lang='lat' dir='ltr'><strong>circa</strong></span> <span class='ocrx_word' id='word_1_386' title='bbox 1172 3633 1582 3691; x_wconf 76' lang='lat' dir='ltr'><strong>resurrectionis</strong></span> <span class='ocrx_word' id='word_1_387' title='bbox 1626 3634 1908 3691; x_wconf 71' lang='lat' dir='ltr'><strong>materiam</strong></span> <span class='ocrx_word' id='word_1_388' title='bbox 1940 3634 2156 3708; x_wconf 76' lang='lat' dir='ltr'><strong>scriptis</strong></span> 
     </span>
    </p>
   </div>
   <div class='ocr_carea' id='block_1_54' title="bbox 584 3722 2156 3798">
    <p class='ocr_par' dir='ltr' id='par_1_54' title="bbox 584 3722 2156 3798">
     <span class='ocr_line' id='line_1_54' title="bbox 584 3722 2156 3798; baseline 0.004 -20"><span class='ocrx_word' id='word_1_389' title='bbox 584 3722 753 3791; x_wconf 80' lang='lat' dir='ltr'><strong>ipsius</strong></span> <span class='ocrx_word' id='word_1_390' title='bbox 808 3726 875 3777; x_wconf 91' lang='lat' dir='ltr'><strong>ab</strong></span> <span class='ocrx_word' id='word_1_391' title='bbox 928 3726 1193 3781; x_wconf 64' lang='lat' dir='ltr'><strong>haereticis</strong></span> <span class='ocrx_word' id='word_1_392' title='bbox 1251 3728 1417 3782; x_wconf 82' lang='lat' dir='ltr'><strong>fuisse</strong></span> <span class='ocrx_word' id='word_1_393' title='bbox 1488 3744 1759 3798; x_wconf 87' lang='lat' dir='ltr'><strong>aspersos.</strong></span> <span class='ocrx_word' id='word_1_394' title='bbox 1814 3729 1986 3783; x_wconf 82' lang='lat' dir='ltr'><strong>Verba</strong></span> <span class='ocrx_word' id='word_1_395' title='bbox 2038 3730 2156 3798; x_wconf 86' lang='lat' dir='ltr'><strong>ejus</strong></span> 
     </span>
    </p>
   </div>
   <div class='ocr_carea' id='block_1_55' title="bbox 585 3815 2152 3890">
    <p class='ocr_par' dir='ltr' id='par_1_55' title="bbox 585 3815 2152 3890">
     <span class='ocr_line' id='line_1_55' title="bbox 585 3815 2152 3890; baseline 0.003 -21"><span class='ocrx_word' id='word_1_396' title='bbox 585 3825 713 3869; x_wconf 93' lang='lat' dir='ltr'><strong>sunt</strong></span> <span class='ocrx_word' id='word_1_397' title='bbox 746 3838 756 3870; x_wconf 93' lang='lat'>:</span> <span class='ocrx_word' id='word_1_398' title='bbox 788 3834 806 3868; x_wconf 74' lang='grc' dir='ltr'>ι</span> <span class='ocrx_word' id='word_1_399' title='bbox 837 3815 929 3871; x_wconf 87' lang='lat' dir='ltr'><strong>Vel</strong></span> <span class='ocrx_word' id='word_1_400' title='bbox 957 3819 1150 3872; x_wconf 80' lang='lat' dir='ltr'><strong>iterum</strong></span> <span class='ocrx_word' id='word_1_401' title='bbox 1184 3820 1249 3873; x_wconf 90' lang='lat' dir='ltr'><strong>de</strong></span> <span class='ocrx_word' id='word_1_402' title='bbox 1268 3822 1672 3876; x_wconf 84' lang='lat' dir='ltr'><strong>resurrectione</strong></span> <span class='ocrx_word' id='word_1_403' title='bbox 1688 3821 1887 3887; x_wconf 90' lang='lat' dir='ltr'><strong>carnis,</strong></span> <span class='ocrx_word' id='word_1_404' title='bbox 1920 3821 2010 3890; x_wconf 91' lang='lat' dir='ltr'><strong>qui</strong></span> <span class='ocrx_word' id='word_1_405' title='bbox 2045 3832 2152 3876; x_wconf 90' lang='lat' dir='ltr'><strong>tam</strong></span> 
     </span>
    </p>
   </div>
   <div class='ocr_carea' id='block_1_56' title="bbox 581 3908 2150 3977">
    <p class='ocr_par' dir='ltr' id='par_1_56' title="bbox 581 3908 2150 3977">
     <span class='ocr_line' id='line_1_56' title="bbox 581 3908 2150 3977; baseline 0.004 -17"><span class='ocrx_word' id='word_1_406' title='bbox 581 3908 864 3962; x_wconf 88' lang='lat' dir='ltr'><strong>evidenter</strong></span> <span class='ocrx_word' id='word_1_407' title='bbox 912 3911 1282 3977; x_wconf 90' lang='lat' dir='ltr'><strong>pronuntiavit</strong></span> <span class='ocrx_word' id='word_1_408' title='bbox 1332 3922 1579 3966; x_wconf 90' lang='lat' dir='ltr'><strong>naturam</strong></span> <span class='ocrx_word' id='word_1_409' title='bbox 1627 3913 1811 3968; x_wconf 90' lang='lat' dir='ltr'><strong>carnis</strong></span> <span class='ocrx_word' id='word_1_410' title='bbox 1859 3912 1911 3966; x_wconf 91' lang='lat' dir='ltr'><strong>in</strong></span> <span class='ocrx_word' id='word_1_411' title='bbox 1951 3913 2150 3967; x_wconf 64' lang='lat' dir='ltr'><strong>coelum</strong></span> 
     </span>
    </p>
   </div>
   <div class='ocr_carea' id='block_1_57' title="bbox 584 4000 2150 4074">
    <p class='ocr_par' dir='ltr' id='par_1_57' title="bbox 584 4000 2150 4074">
     <span class='ocr_line' id='line_1_57' title="bbox 584 4000 2150 4074; baseline 0.004 -22"><span class='ocrx_word' id='word_1_412' title='bbox 584 4001 903 4053; x_wconf 70' lang='lat' dir='ltr'><strong>ascendiSse</strong></span> <span class='ocrx_word' id='word_1_413' title='bbox 930 4016 1053 4055; x_wconf 92' lang='lat' dir='ltr'><strong>cum</strong></span> <span class='ocrx_word' id='word_1_414' title='bbox 1101 4000 1279 4056; x_wconf 85' lang='lat' dir='ltr'><strong>Verbo</strong></span> <span class='ocrx_word' id='word_1_415' title='bbox 1326 4003 1441 4065; x_wconf 89' lang='lat' dir='ltr'><strong>Dei,</strong></span> <span class='ocrx_word' id='word_1_416' title='bbox 1475 4014 1638 4074; x_wconf 90' lang='lat' dir='ltr'><strong>atque</strong></span> <span class='ocrx_word' id='word_1_417' title='bbox 1671 4004 1804 4060; x_wconf 91' lang='lat' dir='ltr'><strong>inibi</strong></span> <span class='ocrx_word' id='word_1_418' title='bbox 1832 4003 2150 4059; x_wconf 67' lang='lat' dir='ltr'><strong>coelestibus</strong></span> 
     </span>
    </p>
   </div>
   <div class='ocr_carea' id='block_1_58' title="bbox 581 4092 2149 4161">
    <p class='ocr_par' dir='ltr' id='par_1_58' title="bbox 581 4092 2149 4161">
     <span class='ocr_line' id='line_1_58' title="bbox 581 4092 2149 4161; baseline 0.004 -17"><span class='ocrx_word' id='word_1_419' title='bbox 581 4093 899 4161; x_wconf 79' lang='lat' dir='ltr'><strong>apparuisse</strong></span> <span class='ocrx_word' id='word_1_420' title='bbox 927 4092 1255 4160; x_wconf 88' lang='lat' dir='ltr'><strong>Virtutibus,</strong></span> <span class='ocrx_word' id='word_1_421' title='bbox 1286 4108 1484 4149; x_wconf 91' lang='lat' dir='ltr'><strong>novum</strong></span> <span class='ocrx_word' id='word_1_422' title='bbox 1506 4106 1560 4149; x_wconf 90' lang='lat' dir='ltr'><strong>et</strong></span> <span class='ocrx_word' id='word_1_423' title='bbox 1587 4098 1962 4152; x_wconf 89' lang='lat' dir='ltr'><strong>admirandum</strong></span> <span class='ocrx_word' id='word_1_424' title='bbox 1990 4098 2040 4153; x_wconf 90' lang='lat' dir='ltr'><strong>ei</strong></span> <span class='ocrx_word' id='word_1_425' title='bbox 2066 4097 2149 4152; x_wconf 90' lang='lat' dir='ltr'><strong>sui</strong></span> 
     </span>
    </p>
   </div>
   <div class='ocr_carea' id='block_1_59' title="bbox 579 4183 2143 4254">
    <p class='ocr_par' dir='ltr' id='par_1_59' title="bbox 579 4183 2143 4254">
     <span class='ocr_line' id='line_1_59' title="bbox 579 4183 2143 4254; baseline 0.003 -18"><span class='ocrx_word' id='word_1_426' title='bbox 579 4184 753 4237; x_wconf 88' lang='lat' dir='ltr'><strong>visum</strong></span> <span class='ocrx_word' id='word_1_427' title='bbox 793 4183 1114 4254; x_wconf 67' lang='lat' dir='ltr'><strong>praebentem</strong></span> <span class='ocrx_word' id='word_1_428' title='bbox 1147 4225 1162 4248; x_wconf 95' lang='lat'><strong>,</strong></span> <span class='ocrx_word' id='word_1_429' title='bbox 1214 4185 1472 4253; x_wconf 82' lang='lat' dir='ltr'><strong>possibile</strong></span> <span class='ocrx_word' id='word_1_430' title='bbox 1519 4198 1638 4241; x_wconf 89' lang='lat' dir='ltr'><strong>erat</strong></span> <span class='ocrx_word' id='word_1_431' title='bbox 1687 4196 1745 4241; x_wconf 91' lang='lat' dir='ltr'><strong>ut</strong></span> <span class='ocrx_word' id='word_1_432' title='bbox 1776 4188 1914 4242; x_wconf 91' lang='lat' dir='ltr'><strong>hanc</strong></span> <span class='ocrx_word' id='word_1_433' title='bbox 1947 4189 2143 4242; x_wconf 86' lang='lat' dir='ltr'><strong>iterum</strong></span> 
     </span>
    </p>
   </div>
   <div class='ocr_carea' id='block_1_60' title="bbox 579 4276 2152 4348">
    <p class='ocr_par' dir='ltr' id='par_1_60' title="bbox 579 4276 2152 4348">
     <span class='ocr_line' id='line_1_60' title="bbox 579 4276 2152 4348; baseline 0.003 -19"><span class='ocrx_word' id='word_1_434' title='bbox 579 4291 686 4329; x_wconf 92' lang='lat' dir='ltr'><strong>non</strong></span> <span class='ocrx_word' id='word_1_435' title='bbox 724 4290 844 4329; x_wconf 89' lang='lat' dir='ltr'><strong>esse</strong></span> <span class='ocrx_word' id='word_1_436' title='bbox 869 4276 1180 4330; x_wconf 87' lang='lat' dir='ltr'><strong>salvandam</strong></span> <span class='ocrx_word' id='word_1_437' title='bbox 1216 4277 1424 4331; x_wconf 88' lang='lat' dir='ltr'><strong>diceret</strong></span> <span class='ocrx_word' id='word_1_438' title='bbox 1455 4277 1479 4331; x_wconf 85' lang='lat'><strong>?</strong></span> <span class='ocrx_word' id='word_1_439' title='bbox 1513 4296 1531 4330; x_wconf 74' lang='grc' dir='ltr'><strong><em>ι</em></strong></span> <span class='ocrx_word' id='word_1_440' title='bbox 1561 4276 1630 4330; x_wconf 80' lang='lat' dir='ltr'><strong>At</strong></span> <span class='ocrx_word' id='word_1_441' title='bbox 1663 4277 1786 4332; x_wconf 86' lang='lat' dir='ltr'><strong>inde</strong></span> <span class='ocrx_word' id='word_1_442' title='bbox 1817 4286 1994 4333; x_wconf 86' lang='lat' dir='ltr'><strong>tamen</strong></span> <span class='ocrx_word' id='word_1_443' title='bbox 2016 4294 2152 4348; x_wconf 65' lang='lat' dir='ltr'><strong>prae-</strong></span> 
     </span>
    </p>
   </div>
   <div class='ocr_carea' id='block_1_61' title="bbox 577 4364 2146 4438">
    <p class='ocr_par' dir='ltr' id='par_1_61' title="bbox 577 4364 2146 4438">
     <span class='ocr_line' id='line_1_61' title="bbox 577 4364 2146 4438; baseline 0.003 -19"><span class='ocrx_word' id='word_1_444' title='bbox 577 4367 795 4432; x_wconf 86' lang='lat' dir='ltr'><strong>cipuum</strong></span> <span class='ocrx_word' id='word_1_445' title='bbox 826 4365 925 4420; x_wconf 90' lang='lat' dir='ltr'><strong>sibi</strong></span> <span class='ocrx_word' id='word_1_446' title='bbox 959 4367 1184 4420; x_wconf 88' lang='lat' dir='ltr'><strong>arcessit</strong></span> <span class='ocrx_word' id='word_1_447' title='bbox 1220 4364 1485 4435; x_wconf 83' lang='lat' dir='ltr'><strong>Origenes</strong></span> <span class='ocrx_word' id='word_1_448' title='bbox 1528 4367 1867 4438; x_wconf 66' lang='lat' dir='ltr'><strong>praesidium,</strong></span> <span class='ocrx_word' id='word_1_449' title='bbox 1893 4384 2003 4437; x_wconf 89' lang='lat' dir='ltr'><strong>quo</strong></span> <span class='ocrx_word' id='word_1_450' title='bbox 2051 4384 2146 4424; x_wconf 90' lang='lat' dir='ltr'><strong>sua</strong></span> 
     </span>
    </p>
   </div>
   <div class='ocr_carea' id='block_1_62' title="bbox 576 4459 2218 4528">
    <p class='ocr_par' dir='ltr' id='par_1_62' title="bbox 576 4459 2218 4528">
     <span class='ocr_line' id='line_1_62' title="bbox 576 4459 2218 4528; baseline 0.004 -19"><span class='ocrx_word' id='word_1_451' title='bbox 576 4466 735 4509; x_wconf 66' lang='lat' dir='ltr'><strong>aetate</strong></span> <span class='ocrx_word' id='word_1_452' title='bbox 780 4459 1015 4512; x_wconf 91' lang='lat' dir='ltr'><strong>nondum</strong></span> <span class='ocrx_word' id='word_1_453' title='bbox 1065 4460 1397 4527; x_wconf 68' lang='lat' dir='ltr'><strong>quaestiones</strong></span> <span class='ocrx_word' id='word_1_454' title='bbox 1434 4459 1537 4515; x_wconf 69' lang='lat' dir='ltr'><strong>illa:</strong></span> <span class='ocrx_word' id='word_1_455' title='bbox 1567 4461 1780 4515; x_wconf 77' lang='lat' dir='ltr'><strong>fuerant</strong></span> <span class='ocrx_word' id='word_1_456' title='bbox 1808 4460 1875 4515; x_wconf 87' lang='lat' dir='ltr'><strong>ab</strong></span> <span class='ocrx_word' id='word_1_457' title='bbox 1904 4459 2144 4517; x_wconf 87' lang='lat' dir='ltr'><strong>Ecclesia</strong></span> <span class='ocrx_word' id='word_1_458' title='bbox 2179 4474 2218 4528; x_wconf 77' lang='grc' dir='ltr'><strong>ιι</strong></span> 
     </span>
    </p>
   </div>
   <div class='ocr_carea' id='block_1_63' title="bbox 576 4546 2148 4618">
    <p class='ocr_par' dir='ltr' id='par_1_63' title="bbox 576 4546 2148 4618">
     <span class='ocr_line' id='line_1_63' title="bbox 576 4546 2148 4618; baseline 0.006 -19"><span class='ocrx_word' id='word_1_459' title='bbox 576 4546 918 4615; x_wconf 80' lang='lat' dir='ltr'><strong>dijudicauc;</strong></span> <span class='ocrx_word' id='word_1_460' title='bbox 988 4564 1094 4618; x_wconf 92' lang='lat' dir='ltr'><strong>quo</strong></span> <span class='ocrx_word' id='word_1_461' title='bbox 1146 4550 1345 4605; x_wconf 81' lang='lat' dir='ltr'><strong>factum</strong></span> <span class='ocrx_word' id='word_1_462' title='bbox 1383 4562 1467 4605; x_wconf 87' lang='lat' dir='ltr'><strong>est</strong></span> <span class='ocrx_word' id='word_1_463' title='bbox 1502 4592 1517 4615; x_wconf 93' lang='lat'><strong>,</strong></span> <span class='ocrx_word' id='word_1_464' title='bbox 1562 4563 1619 4606; x_wconf 92' lang='lat' dir='ltr'><strong>ut</strong></span> <span class='ocrx_word' id='word_1_465' title='bbox 1656 4552 1779 4606; x_wconf 90' lang='lat' dir='ltr'><strong>dum</strong></span> <span class='ocrx_word' id='word_1_466' title='bbox 1812 4568 1933 4606; x_wconf 92' lang='lat' dir='ltr'><strong>eum</strong></span> <span class='ocrx_word' id='word_1_467' title='bbox 1967 4569 1996 4605; x_wconf 88' lang='lat' dir='ltr'><strong>a</strong></span> <span class='ocrx_word' id='word_1_468' title='bbox 2057 4569 2148 4609; x_wconf 78' lang='lat' dir='ltr'><strong>ve-</strong></span> 
     </span>
    </p>
   </div>
   <div class='ocr_carea' id='block_1_64' title="bbox 578 4640 2148 4713">
    <p class='ocr_par' dir='ltr' id='par_1_64' title="bbox 578 4640 2148 4713">
     <span class='ocr_line' id='line_1_64' title="bbox 578 4640 2148 4713; baseline 0.004 -20"><span class='ocrx_word' id='word_1_469' title='bbox 578 4640 757 4693; x_wconf 84' lang='lat' dir='ltr'><strong>ritatis</strong></span> <span class='ocrx_word' id='word_1_470' title='bbox 785 4655 973 4694; x_wconf 89' lang='lat' dir='ltr'><strong>norma</strong></span> <span class='ocrx_word' id='word_1_471' title='bbox 1009 4640 1270 4696; x_wconf 85' lang='lat' dir='ltr'><strong>deﬂexum</strong></span> <span class='ocrx_word' id='word_1_472' title='bbox 1307 4658 1566 4698; x_wconf 86' lang='lat' dir='ltr'><strong>revocare</strong></span> <span class='ocrx_word' id='word_1_473' title='bbox 1604 4644 1800 4713; x_wconf 89' lang='lat' dir='ltr'><strong>satagit</strong></span> <span class='ocrx_word' id='word_1_474' title='bbox 1824 4644 2148 4708; x_wconf 87' lang='lat' dir='ltr'><strong>Methodius,</strong></span> 
     </span>
    </p>
   </div>
   <div class='ocr_carea' id='block_1_65' title="bbox 577 4726 2143 4802">
    <p class='ocr_par' dir='ltr' id='par_1_65' title="bbox 577 4726 2143 4802">
     <span class='ocr_line' id='line_1_65' title="bbox 577 4726 2143 4802; baseline 0.006 -24"><span class='ocrx_word' id='word_1_475' title='bbox 577 4740 606 4779; x_wconf 88' lang='lat' dir='ltr'><strong>a</strong></span> <span class='ocrx_word' id='word_1_476' title='bbox 637 4739 763 4779; x_wconf 91' lang='lat' dir='ltr'><strong>vero</strong></span> <span class='ocrx_word' id='word_1_477' title='bbox 816 4726 928 4794; x_wconf 89' lang='lat' dir='ltr'><strong>ipse</strong></span> <span class='ocrx_word' id='word_1_478' title='bbox 957 4728 1289 4785; x_wconf 86' lang='lat' dir='ltr'><strong>deerraverit</strong></span> <span class='ocrx_word' id='word_1_479' title='bbox 1317 4770 1332 4795; x_wconf 92' lang='lat'><strong>,</strong></span> <span class='ocrx_word' id='word_1_480' title='bbox 1384 4742 1440 4787; x_wconf 90' lang='lat' dir='ltr'><strong>et</strong></span> <span class='ocrx_word' id='word_1_481' title='bbox 1474 4732 1563 4786; x_wconf 90' lang='lat' dir='ltr'><strong>alii</strong></span> <span class='ocrx_word' id='word_1_482' title='bbox 1592 4748 1810 4802; x_wconf 89' lang='lat' dir='ltr'><strong>quoque</strong></span> <span class='ocrx_word' id='word_1_483' title='bbox 1862 4749 1968 4789; x_wconf 93' lang='lat' dir='ltr'><strong>non</strong></span> <span class='ocrx_word' id='word_1_484' title='bbox 2024 4734 2143 4790; x_wconf 92' lang='lat' dir='ltr'><strong>sine</strong></span> 
     </span>
    </p>
   </div>
   <div class='ocr_carea' id='block_1_66' title="bbox 573 4820 2148 4892">
    <p class='ocr_par' dir='ltr' id='par_1_66' title="bbox 573 4820 2148 4892">
     <span class='ocr_line' id='line_1_66' title="bbox 573 4820 2148 4892; baseline 0.002 -16"><span class='ocrx_word' id='word_1_485' title='bbox 573 4820 870 4876; x_wconf 82' lang='lat' dir='ltr'><strong>oll&#39;ensione</strong></span> <span class='ocrx_word' id='word_1_486' title='bbox 902 4820 954 4874; x_wconf 94' lang='lat' dir='ltr'><strong>in</strong></span> <span class='ocrx_word' id='word_1_487' title='bbox 984 4823 1086 4876; x_wconf 91' lang='lat' dir='ltr'><strong>hac</strong></span> <span class='ocrx_word' id='word_1_488' title='bbox 1114 4825 1415 4889; x_wconf 63' lang='lat' dir='ltr'><strong>quaestione</strong></span> <span class='ocrx_word' id='word_1_489' title='bbox 1444 4825 1643 4879; x_wconf 89' lang='lat' dir='ltr'><strong>versati</strong></span> <span class='ocrx_word' id='word_1_490' title='bbox 1674 4827 1827 4892; x_wconf 90' lang='lat' dir='ltr'><strong>sint,</strong></span> <span class='ocrx_word' id='word_1_491' title='bbox 1863 4836 1921 4880; x_wconf 91' lang='lat' dir='ltr'><strong>ut</strong></span> <span class='ocrx_word' id='word_1_492' title='bbox 1960 4833 2148 4882; x_wconf 87' lang='lat' dir='ltr'><strong>osten-</strong></span> 
     </span>
    </p>
   </div>
   <div class='ocr_carea' id='block_1_67' title="bbox 573 4912 2146 4986">
    <p class='ocr_par' dir='ltr' id='par_1_67' title="bbox 573 4912 2146 4986">
     <span class='ocr_line' id='line_1_67' title="bbox 573 4912 2146 4986; baseline 0.003 -18"><span class='ocrx_word' id='word_1_493' title='bbox 573 4916 753 4969; x_wconf 90' lang='lat' dir='ltr'><strong>dimus</strong></span> <span class='ocrx_word' id='word_1_494' title='bbox 792 4928 954 4983; x_wconf 90' lang='lat' dir='ltr'><strong>supra</strong></span> <span class='ocrx_word' id='word_1_495' title='bbox 980 4931 996 4979; x_wconf 87' lang='lat'><strong>;</strong></span> <span class='ocrx_word' id='word_1_496' title='bbox 1027 4922 1081 4967; x_wconf 89' lang='lat' dir='ltr'><strong>et</strong></span> <span class='ocrx_word' id='word_1_497' title='bbox 1118 4912 1480 4986; x_wconf 88' lang='lat' dir='ltr'><strong>Hieronymus</strong></span> <span class='ocrx_word' id='word_1_498' title='bbox 1513 4916 1660 4971; x_wconf 90' lang='lat' dir='ltr'><strong>velut</strong></span> <span class='ocrx_word' id='word_1_499' title='bbox 1690 4917 1929 4972; x_wconf 86' lang='lat' dir='ltr'><strong>titubans</strong></span> <span class='ocrx_word' id='word_1_500' title='bbox 1970 4928 2146 4973; x_wconf 87' lang='lat' dir='ltr'><strong>mate-</strong></span> 
     </span>
    </p>
   </div>
   <div class='ocr_carea' id='block_1_68' title="bbox 575 5006 2143 5079">
    <p class='ocr_par' dir='ltr' id='par_1_68' title="bbox 575 5006 2143 5079">
     <span class='ocr_line' id='line_1_68' title="bbox 575 5006 2143 5079; baseline 0.006 -20"><span class='ocrx_word' id='word_1_501' title='bbox 575 5008 711 5060; x_wconf 90' lang='lat' dir='ltr'><strong>riam</strong></span> <span class='ocrx_word' id='word_1_502' title='bbox 744 5007 883 5060; x_wconf 89' lang='lat' dir='ltr'><strong>hanc</strong></span> <span class='ocrx_word' id='word_1_503' title='bbox 914 5006 1226 5059; x_wconf 88' lang='lat' dir='ltr'><strong>tractaverit</strong></span> <span class='ocrx_word' id='word_1_504' title='bbox 1259 5007 1418 5075; x_wconf 85' lang='lat' dir='ltr'><strong>epist.</strong></span> <span class='ocrx_word' id='word_1_505' title='bbox 1448 5008 1538 5074; x_wconf 82' lang='lat' dir='ltr'><strong>6t,</strong></span> <span class='ocrx_word' id='word_1_506' title='bbox 1569 5009 1634 5062; x_wconf 92' lang='lat' dir='ltr'><strong>ad</strong></span> <span class='ocrx_word' id='word_1_507' title='bbox 1665 5007 2143 5079; x_wconf 84' lang='lat' dir='ltr'><strong>Pannnacli.,cap.</strong></span> 
     </span>
    </p>
   </div>
   <div class='ocr_carea' id='block_1_69' title="bbox 576 5094 2147 5168">
    <p class='ocr_par' dir='ltr' id='par_1_69' title="bbox 576 5094 2147 5168">
     <span class='ocr_line' id='line_1_69' title="bbox 576 5094 2147 5168; baseline 0.004 -22"><span class='ocrx_word' id='word_1_508' title='bbox 576 5095 677 5160; x_wconf 78' lang='lat' dir='ltr'><strong>l5;</strong></span> <span class='ocrx_word' id='word_1_509' title='bbox 714 5097 787 5149; x_wconf 88' lang='lat' dir='ltr'><strong>ait</strong></span> <span class='ocrx_word' id='word_1_510' title='bbox 809 5096 1005 5166; x_wconf 88' lang='lat' dir='ltr'><strong>quippe</strong></span> <span class='ocrx_word' id='word_1_511' title='bbox 1038 5112 1051 5149; x_wconf 92' lang='lat'>:</span> <span class='ocrx_word' id='word_1_512' title='bbox 1088 5113 1107 5146; x_wconf 84' lang='grc'><strong><em>‹</em></strong></span> <span class='ocrx_word' id='word_1_513' title='bbox 1145 5094 1311 5166; x_wconf 88' lang='lat' dir='ltr'><strong>Ergo,</strong></span> <span class='ocrx_word' id='word_1_514' title='bbox 1347 5096 1577 5165; x_wconf 88' lang='lat' dir='ltr'><strong>inquies,</strong></span> <span class='ocrx_word' id='word_1_515' title='bbox 1613 5107 1669 5152; x_wconf 90' lang='lat' dir='ltr'><strong>et</strong></span> <span class='ocrx_word' id='word_1_516' title='bbox 1693 5113 1791 5153; x_wconf 91' lang='lat' dir='ltr'><strong>nos</strong></span> <span class='ocrx_word' id='word_1_517' title='bbox 1816 5108 1938 5168; x_wconf 88' lang='lat' dir='ltr'><strong>post</strong></span> <span class='ocrx_word' id='word_1_518' title='bbox 1962 5113 2147 5153; x_wconf 88' lang='lat' dir='ltr'><strong>resur-</strong></span> 
     </span>
    </p>
   </div>
   <div class='ocr_carea' id='block_1_70' title="bbox 575 5184 2144 5252">
    <p class='ocr_par' dir='ltr' id='par_1_70' title="bbox 575 5184 2144 5252">
     <span class='ocr_line' id='line_1_70' title="bbox 575 5184 2144 5252; baseline 0.003 -15"><span class='ocrx_word' id='word_1_519' title='bbox 575 5184 869 5238; x_wconf 86' lang='lat' dir='ltr'><strong>rectionem</strong></span> <span class='ocrx_word' id='word_1_520' title='bbox 902 5186 1168 5240; x_wconf 88' lang='lat' dir='ltr'><strong>comesuri</strong></span> <span class='ocrx_word' id='word_1_521' title='bbox 1199 5186 1431 5241; x_wconf 88' lang='lat' dir='ltr'><strong>sumus?</strong></span> <span class='ocrx_word' id='word_1_522' title='bbox 1456 5185 1673 5252; x_wconf 84' lang='lat' dir='ltr'><strong>Nescio,</strong></span> <span class='ocrx_word' id='word_1_523' title='bbox 1698 5203 1803 5242; x_wconf 91' lang='lat' dir='ltr'><strong>non</strong></span> <span class='ocrx_word' id='word_1_524' title='bbox 1836 5191 1979 5242; x_wconf 91' lang='lat' dir='ltr'><strong>enim</strong></span> <span class='ocrx_word' id='word_1_525' title='bbox 2003 5189 2144 5243; x_wconf 87' lang='lat' dir='ltr'><strong>scri-</strong></span> 
     </span>
    </p>
   </div>
   <div class='ocr_carea' id='block_1_71' title="bbox 573 5278 2144 5349">
    <p class='ocr_par' dir='ltr' id='par_1_71' title="bbox 573 5278 2144 5349">
     <span class='ocr_line' id='line_1_71' title="bbox 573 5278 2144 5349; baseline 0.004 -22"><span class='ocrx_word' id='word_1_526' title='bbox 573 5285 722 5344; x_wconf 87' lang='lat' dir='ltr'><strong>ptum</strong></span> <span class='ocrx_word' id='word_1_527' title='bbox 747 5285 863 5340; x_wconf 86' lang='lat' dir='ltr'><strong>est;</strong></span> <span class='ocrx_word' id='word_1_528' title='bbox 893 5287 947 5330; x_wconf 89' lang='lat' dir='ltr'><strong>et</strong></span> <span class='ocrx_word' id='word_1_529' title='bbox 972 5289 1148 5332; x_wconf 89' lang='lat' dir='ltr'><strong>tamen</strong></span> <span class='ocrx_word' id='word_1_530' title='bbox 1197 5278 1240 5331; x_wconf 91' lang='lat' dir='ltr'><strong>si</strong></span> <span class='ocrx_word' id='word_1_531' title='bbox 1275 5287 1551 5346; x_wconf 64' lang='lat' dir='ltr'><strong>quaeratur</strong></span> <span class='ocrx_word' id='word_1_532' title='bbox 1575 5318 1591 5344; x_wconf 95' lang='lat'><strong>,</strong></span> <span class='ocrx_word' id='word_1_533' title='bbox 1631 5294 1735 5333; x_wconf 92' lang='lat' dir='ltr'><strong>non</strong></span> <span class='ocrx_word' id='word_1_534' title='bbox 1792 5289 1921 5349; x_wconf 92' lang='lat' dir='ltr'><strong>puto</strong></span> <span class='ocrx_word' id='word_1_535' title='bbox 1962 5294 2144 5335; x_wconf 90' lang='lat' dir='ltr'><strong>come-</strong></span> 
     </span>
    </p>
   </div>
   <div class='ocr_carea' id='block_1_72' title="bbox 573 5368 2144 5434">
    <p class='ocr_par' dir='ltr' id='par_1_72' title="bbox 573 5368 2144 5434">
     <span class='ocr_line' id='line_1_72' title="bbox 573 5368 2144 5434; baseline 0.004 -13"><span class='ocrx_word' id='word_1_536' title='bbox 573 5382 753 5421; x_wconf 89' lang='lat' dir='ltr'><strong>suros.</strong></span> <span class='ocrx_word' id='word_1_537' title='bbox 798 5385 818 5419; x_wconf 73' lang='grc' dir='ltr'><strong><em>ι</em></strong></span> <span class='ocrx_word' id='word_1_538' title='bbox 859 5368 987 5434; x_wconf 77' lang='lat' dir='ltr'><strong>Qua:</strong></span> <span class='ocrx_word' id='word_1_539' title='bbox 1013 5384 1174 5424; x_wconf 90' lang='lat' dir='ltr'><strong>causa</strong></span> <span class='ocrx_word' id='word_1_540' title='bbox 1207 5379 1310 5433; x_wconf 91' lang='lat' dir='ltr'><strong>est,</strong></span> <span class='ocrx_word' id='word_1_541' title='bbox 1332 5385 1433 5424; x_wconf 92' lang='lat' dir='ltr'><strong>cur</strong></span> <span class='ocrx_word' id='word_1_542' title='bbox 1462 5384 1615 5424; x_wconf 89' lang='lat' dir='ltr'><strong>suam</strong></span> <span class='ocrx_word' id='word_1_543' title='bbox 1647 5372 1714 5425; x_wconf 88' lang='lat' dir='ltr'><strong>de</strong></span> <span class='ocrx_word' id='word_1_544' title='bbox 1741 5372 2144 5427; x_wconf 84' lang='lat' dir='ltr'><strong>resurrectione</strong></span> 
     </span>
    </p>
   </div>
   <div class='ocr_carea' id='block_1_73' title="bbox 572 5458 2139 5528">
    <p class='ocr_par' dir='ltr' id='par_1_73' title="bbox 572 5458 2139 5528">
     <span class='ocr_line' id='line_1_73' title="bbox 572 5458 2139 5528; baseline 0.003 -14"><span class='ocrx_word' id='word_1_545' title='bbox 572 5460 944 5514; x_wconf 81' lang='lat' dir='ltr'><strong>declaraturus</strong></span> <span class='ocrx_word' id='word_1_546' title='bbox 981 5460 1307 5514; x_wconf 84' lang='lat' dir='ltr'><strong>sententiam</strong></span> <span class='ocrx_word' id='word_1_547' title='bbox 1337 5458 1603 5528; x_wconf 84' lang='lat' dir='ltr'><strong>Origenes</strong></span> <span class='ocrx_word' id='word_1_548' title='bbox 1623 5501 1639 5526; x_wconf 92' lang='lat'><strong>,</strong></span> <span class='ocrx_word' id='word_1_549' title='bbox 1682 5462 2023 5517; x_wconf 90' lang='lat' dir='ltr'><strong>retinendam</strong></span> <span class='ocrx_word' id='word_1_550' title='bbox 2053 5478 2139 5518; x_wconf 81' lang='lat' dir='ltr'><strong>ve-</strong></span> 
     </span>
    </p>
   </div>
   <div class='ocr_carea' id='block_1_74' title="bbox 574 5552 2140 5623">
    <p class='ocr_par' dir='ltr' id='par_1_74' title="bbox 574 5552 2140 5623">
     <span class='ocr_line' id='line_1_74' title="bbox 574 5552 2140 5623; baseline 0.004 -19"><span class='ocrx_word' id='word_1_551' title='bbox 574 5565 743 5605; x_wconf 89' lang='lat' dir='ltr'><strong>terum</strong></span> <span class='ocrx_word' id='word_1_552' title='bbox 804 5552 1109 5622; x_wconf 90' lang='lat' dir='ltr'><strong>opinionem</strong></span> <span class='ocrx_word' id='word_1_553' title='bbox 1167 5552 1643 5621; x_wconf 81' lang='lat' dir='ltr'><strong>pronuntiaverit,</strong></span> <span class='ocrx_word' id='word_1_554' title='bbox 1690 5555 1819 5623; x_wconf 89' lang='lat' dir='ltr'><strong>quia</strong></span> <span class='ocrx_word' id='word_1_555' title='bbox 1886 5556 2140 5610; x_wconf 90' lang='lat' dir='ltr'><strong>nimirum</strong></span> 
     </span>
    </p>
   </div>
   <div class='ocr_carea' id='block_1_75' title="bbox 571 5642 2114 5715">
    <p class='ocr_par' dir='ltr' id='par_1_75' title="bbox 571 5642 2114 5715">
     <span class='ocr_line' id='line_1_75' title="bbox 571 5642 2114 5715; baseline 0.005 -23"><span class='ocrx_word' id='word_1_556' title='bbox 571 5643 914 5708; x_wconf 87' lang='lat' dir='ltr'><strong>quantumvis</strong></span> <span class='ocrx_word' id='word_1_557' title='bbox 932 5642 1130 5697; x_wconf 88' lang='lat' dir='ltr'><strong>absona</strong></span> <span class='ocrx_word' id='word_1_558' title='bbox 1165 5643 1281 5711; x_wconf 85' lang='lat' dir='ltr'><strong>ejus</strong></span> <span class='ocrx_word' id='word_1_559' title='bbox 1310 5646 1557 5715; x_wconf 86' lang='lat' dir='ltr'><strong>dogmata</strong></span> <span class='ocrx_word' id='word_1_560' title='bbox 1590 5659 1717 5700; x_wconf 91' lang='lat' dir='ltr'><strong>suos</strong></span> <span class='ocrx_word' id='word_1_561' title='bbox 1736 5654 1916 5702; x_wconf 83' lang='lat' dir='ltr'><strong>tamen</strong></span> <span class='ocrx_word' id='word_1_562' title='bbox 1954 5653 2114 5700; x_wconf 90' lang='lat' dir='ltr'><strong>aucto</strong></span> 
     </span>
    </p>
   </div>
   <div class='ocr_carea' id='block_1_76' title="bbox 574 5733 1329 5799">
    <p class='ocr_par' dir='ltr' id='par_1_76' title="bbox 574 5733 1329 5799">
     <span class='ocr_line' id='line_1_76' title="bbox 574 5733 1329 5799; baseline 0.004 -15"><span class='ocrx_word' id='word_1_563' title='bbox 574 5745 661 5784; x_wconf 86' lang='lat' dir='ltr'><strong>res</strong></span> <span class='ocrx_word' id='word_1_564' title='bbox 686 5740 741 5783; x_wconf 83' lang='lat' dir='ltr'><strong>et</strong></span> <span class='ocrx_word' id='word_1_565' title='bbox 765 5742 1023 5799; x_wconf 79' lang='lat' dir='ltr'><strong>patronos</strong></span> <span class='ocrx_word' id='word_1_566' title='bbox 1070 5733 1329 5790; x_wconf 89' lang='lat' dir='ltr'><strong>habuere.</strong></span> 
     </span>
    </p>
   </div>
   <div class='ocr_carea' id='block_1_77' title="bbox 644 5841 1127 5909">
    <p class='ocr_par' dir='ltr' id='par_1_77' title="bbox 644 5841 1127 5909">
     <span class='ocr_line' id='line_1_77' title="bbox 644 5841 1127 5909; baseline 0.002 -11"><span class='ocrx_word' id='word_1_567' title='bbox 644 5843 690 5873; x_wconf 83' lang='grc'><strong>”</strong></span> <span class='ocrx_word' id='word_1_568' title='bbox 716 5841 871 5897; x_wconf 78' lang='lat' dir='ltr'><strong>Rom.</strong></span> <span class='ocrx_word' id='word_1_569' title='bbox 903 5858 1018 5909; x_wconf 84' lang='lat' dir='ltr'><strong>vni,</strong></span> <span class='ocrx_word' id='word_1_570' title='bbox 1041 5844 1127 5899; x_wconf 69' lang='lat'><strong>22.</strong></span> 
     </span>
    </p>
   </div>
   <div class='ocr_carea' id='block_1_78' title="bbox 2264 1871 3801 1956">
    <p class='ocr_par' dir='ltr' id='par_1_78' title="bbox 2264 1871 3801 1956">
     <span class='ocr_line' id='line_1_78' title="bbox 2264 1871 3801 1956; baseline 0.015 -35"><span class='ocrx_word' id='word_1_571' title='bbox 2264 1871 2486 1938; x_wconf 73' lang='lat' dir='ltr'><strong>poribus</strong></span> <span class='ocrx_word' id='word_1_572' title='bbox 2515 1876 2627 1929; x_wconf 88' lang='lat' dir='ltr'><strong>suis</strong></span> <span class='ocrx_word' id='word_1_573' title='bbox 2655 1877 2791 1930; x_wconf 90' lang='lat' dir='ltr'><strong>trahi</strong></span> <span class='ocrx_word' id='word_1_574' title='bbox 2810 1885 2861 1931; x_wconf 95' lang='lat' dir='ltr'><strong>In</strong></span> <span class='ocrx_word' id='word_1_575' title='bbox 2889 1877 3038 1944; x_wconf 89' lang='lat' dir='ltr'><strong>vitia,</strong></span> <span class='ocrx_word' id='word_1_576' title='bbox 3063 1888 3118 1933; x_wconf 91' lang='lat' dir='ltr'><strong>et</strong></span> <span class='ocrx_word' id='word_1_577' title='bbox 3146 1894 3266 1935; x_wconf 92' lang='lat' dir='ltr'><strong>cum</strong></span> <span class='ocrx_word' id='word_1_578' title='bbox 3297 1896 3575 1951; x_wconf 88' lang='lat' dir='ltr'><strong>nunquam</strong></span> <span class='ocrx_word' id='word_1_579' title='bbox 3613 1901 3801 1956; x_wconf 88' lang='lat' dir='ltr'><strong>corpore</strong></span> 
     </span>
    </p>
   </div>
   <div class='ocr_carea' id='block_1_79' title="bbox 2264 1962 3797 2038">
    <p class='ocr_par' dir='ltr' id='par_1_79' title="bbox 2264 1962 3797 2038">
     <span class='ocr_line' id='line_1_79' title="bbox 2264 1962 3797 2038; baseline 0.012 -23"><span class='ocrx_word' id='word_1_580' title='bbox 2264 1962 2518 2017; x_wconf 58' lang='lat' dir='ltr'><strong>caritura;</strong></span> <span class='ocrx_word' id='word_1_581' title='bbox 2540 1964 2674 2028; x_wconf 88' lang='lat' dir='ltr'><strong>sint,</strong></span> <span class='ocrx_word' id='word_1_582' title='bbox 2711 1965 2925 2022; x_wconf 84' lang='lat' dir='ltr'><strong>futuros</strong></span> <span class='ocrx_word' id='word_1_583' title='bbox 2957 1982 3175 2038; x_wconf 87' lang='lat' dir='ltr'><strong>semper</strong></span> <span class='ocrx_word' id='word_1_584' title='bbox 3203 1968 3569 2030; x_wconf 89' lang='lat' dir='ltr'><strong>beatitudinis</strong></span> <span class='ocrx_word' id='word_1_585' title='bbox 3599 1985 3649 2030; x_wconf 89' lang='lat' dir='ltr'><strong>et</strong></span> <span class='ocrx_word' id='word_1_586' title='bbox 3678 1979 3797 2033; x_wconf 87' lang='lat' dir='ltr'><strong>dam-</strong></span> 
     </span>
    </p>
   </div>
   <div class='ocr_carea' id='block_1_80' title="bbox 2265 2044 3793 2131">
    <p class='ocr_par' dir='ltr' id='par_1_80' title="bbox 2265 2044 3793 2131">
     <span class='ocr_line' id='line_1_80' title="bbox 2265 2044 3793 2131; baseline 0.012 -25"><span class='ocrx_word' id='word_1_587' title='bbox 2265 2044 2500 2110; x_wconf 84' lang='lat' dir='ltr'><strong>nationis</strong></span> <span class='ocrx_word' id='word_1_588' title='bbox 2534 2055 2824 2124; x_wconf 90' lang='lat' dir='ltr'><strong>circuitus;</strong></span> <span class='ocrx_word' id='word_1_589' title='bbox 2877 2068 2934 2113; x_wconf 93' lang='lat' dir='ltr'><strong>et</strong></span> <span class='ocrx_word' id='word_1_590' title='bbox 2962 2071 3252 2131; x_wconf 88' lang='lat' dir='ltr'><strong>antequam</strong></span> <span class='ocrx_word' id='word_1_591' title='bbox 3309 2063 3564 2120; x_wconf 87' lang='lat' dir='ltr'><strong>humanis</strong></span> <span class='ocrx_word' id='word_1_592' title='bbox 3590 2070 3793 2125; x_wconf 72' lang='lat' dir='ltr'><strong>astricta:</strong></span> 
     </span>
    </p>
   </div>
   <div class='ocr_carea' id='block_1_81' title="bbox 2263 2148 3793 2228">
    <p class='ocr_par' dir='ltr' id='par_1_81' title="bbox 2263 2148 3793 2228">
     <span class='ocr_line' id='line_1_81' title="bbox 2263 2148 3793 2228; baseline 0.012 -32"><span class='ocrx_word' id='word_1_593' title='bbox 2263 2153 2445 2198; x_wconf 90' lang='lat' dir='ltr'><strong>essent</strong></span> <span class='ocrx_word' id='word_1_594' title='bbox 2481 2148 2757 2213; x_wconf 89' lang='lat' dir='ltr'><strong>membris,</strong></span> <span class='ocrx_word' id='word_1_595' title='bbox 2782 2148 2832 2202; x_wconf 93' lang='lat' dir='ltr'><strong>in</strong></span> <span class='ocrx_word' id='word_1_596' title='bbox 2864 2159 3082 2218; x_wconf 89' lang='lat' dir='ltr'><strong>peccata</strong></span> <span class='ocrx_word' id='word_1_597' title='bbox 3108 2160 3289 2208; x_wconf 89' lang='lat' dir='ltr'><strong>tamen</strong></span> <span class='ocrx_word' id='word_1_598' title='bbox 3319 2154 3489 2209; x_wconf 80' lang='lat' dir='ltr'><strong>fuisse</strong></span> <span class='ocrx_word' id='word_1_599' title='bbox 3520 2157 3793 2228; x_wconf 84' lang='lat' dir='ltr'><strong>prolapsas;</strong></span> 
     </span>
    </p>
   </div>
   <div class='ocr_carea' id='block_1_82' title="bbox 2263 2237 3797 2320">
    <p class='ocr_par' dir='ltr' id='par_1_82' title="bbox 2263 2237 3797 2320">
     <span class='ocr_line' id='line_1_82' title="bbox 2263 2237 3797 2320; baseline 0.01 -31"><span class='ocrx_word' id='word_1_600' title='bbox 2263 2251 2326 2290; x_wconf 91' lang='lat' dir='ltr'><strong>ac</strong></span> <span class='ocrx_word' id='word_1_601' title='bbox 2355 2237 2581 2294; x_wconf 89' lang='lat' dir='ltr'><strong>meritas</strong></span> <span class='ocrx_word' id='word_1_602' title='bbox 2602 2254 2700 2293; x_wconf 90' lang='lat' dir='ltr'><strong>cur</strong></span> <span class='ocrx_word' id='word_1_603' title='bbox 2725 2254 2755 2292; x_wconf 92' lang='lat' dir='ltr'><strong>e</strong></span> <span class='ocrx_word' id='word_1_604' title='bbox 2788 2242 3169 2300; x_wconf 88' lang='lat' dir='ltr'><strong>subtilioribus</strong></span> <span class='ocrx_word' id='word_1_605' title='bbox 3214 2248 3539 2314; x_wconf 84' lang='lat' dir='ltr'><strong>corporibus</strong></span> <span class='ocrx_word' id='word_1_606' title='bbox 3589 2250 3638 2304; x_wconf 91' lang='lat' dir='ltr'><strong>in</strong></span> <span class='ocrx_word' id='word_1_607' title='bbox 3687 2252 3797 2320; x_wconf 78' lang='lat' dir='ltr'><strong>Spis-</strong></span> 
     </span>
    </p>
   </div>
   <div class='ocr_carea' id='block_1_83' title="bbox 2262 2329 3795 2411">
    <p class='ocr_par' dir='ltr' id='par_1_83' title="bbox 2262 2329 3795 2411">
     <span class='ocr_line' id='line_1_83' title="bbox 2262 2329 3795 2411; baseline 0.008 -29"><span class='ocrx_word' id='word_1_608' title='bbox 2262 2330 2405 2384; x_wconf 87' lang='lat' dir='ltr'><strong>siora</strong></span> <span class='ocrx_word' id='word_1_609' title='bbox 2465 2329 2928 2397; x_wconf 85' lang='lat' dir='ltr'><strong>demergerenlnr.</strong></span> <span class='ocrx_word' id='word_1_610' title='bbox 2969 2335 3148 2403; x_wconf 85' lang='lat' dir='ltr'><strong>Atque</strong></span> <span class='ocrx_word' id='word_1_611' title='bbox 3187 2335 3261 2389; x_wconf 90' lang='lat' dir='ltr'><strong>ita</strong></span> <span class='ocrx_word' id='word_1_612' title='bbox 3308 2352 3596 2394; x_wconf 90' lang='lat' dir='ltr'><strong>commune</strong></span> <span class='ocrx_word' id='word_1_613' title='bbox 3628 2340 3795 2411; x_wconf 86' lang='lat' dir='ltr'><strong>aliquid</strong></span> 
     </span>
    </p>
   </div>
   <div class='ocr_carea' id='block_1_84' title="bbox 2265 2422 3796 2499">
    <p class='ocr_par' dir='ltr' id='par_1_84' title="bbox 2265 2422 3796 2499">
     <span class='ocr_line' id='line_1_84' title="bbox 2265 2422 3796 2499; baseline 0.007 -23"><span class='ocrx_word' id='word_1_614' title='bbox 2265 2422 2425 2477; x_wconf 92' lang='lat' dir='ltr'><strong>habet</strong></span> <span class='ocrx_word' id='word_1_615' title='bbox 2455 2422 2718 2494; x_wconf 87' lang='lat' dir='ltr'><strong>Origenes</strong></span> <span class='ocrx_word' id='word_1_616' title='bbox 2768 2439 2889 2480; x_wconf 91' lang='lat' dir='ltr'><strong>cum</strong></span> <span class='ocrx_word' id='word_1_617' title='bbox 2943 2425 3282 2499; x_wconf 86' lang='lat' dir='ltr'><strong>Porphyrio,</strong></span> <span class='ocrx_word' id='word_1_618' title='bbox 3316 2432 3412 2499; x_wconf 91' lang='lat' dir='ltr'><strong>qui</strong></span> <span class='ocrx_word' id='word_1_619' title='bbox 3445 2430 3666 2497; x_wconf 87' lang='lat' dir='ltr'><strong>dicebat,</strong></span> <span class='ocrx_word' id='word_1_620' title='bbox 3697 2451 3714 2485; x_wconf 76' lang='grc' dir='ltr'>ι</span> <span class='ocrx_word' id='word_1_621' title='bbox 3750 2443 3796 2487; x_wconf 92' lang='lat' dir='ltr'><strong>ut</strong></span> 
     </span>
    </p>
   </div>
   <div class='ocr_carea' id='block_1_85' title="bbox 2265 2515 3791 2594">
    <p class='ocr_par' dir='ltr' id='par_1_85' title="bbox 2265 2515 3791 2594">
     <span class='ocr_line' id='line_1_85' title="bbox 2265 2515 3791 2594; baseline 0.006 -25"><span class='ocrx_word' id='word_1_622' title='bbox 2265 2515 2417 2569; x_wconf 90' lang='lat' dir='ltr'><strong>beata</strong></span> <span class='ocrx_word' id='word_1_623' title='bbox 2454 2516 2525 2569; x_wconf 89' lang='lat' dir='ltr'><strong>sit</strong></span> <span class='ocrx_word' id='word_1_624' title='bbox 2559 2517 2762 2582; x_wconf 88' lang='lat' dir='ltr'><strong>anima,</strong></span> <span class='ocrx_word' id='word_1_625' title='bbox 2802 2533 2997 2587; x_wconf 90' lang='lat' dir='ltr'><strong>corpus</strong></span> <span class='ocrx_word' id='word_1_626' title='bbox 3039 2536 3201 2576; x_wconf 88' lang='lat' dir='ltr'><strong>omne</strong></span> <span class='ocrx_word' id='word_1_627' title='bbox 3254 2538 3384 2577; x_wconf 90' lang='lat' dir='ltr'><strong>esse</strong></span> <span class='ocrx_word' id='word_1_628' title='bbox 3411 2521 3720 2594; x_wconf 78' lang='lat' dir='ltr'><strong>fugiendum.</strong></span> <span class='ocrx_word' id='word_1_629' title='bbox 3776 2544 3791 2578; x_wconf 71' lang='grc' dir='ltr'><strong>ο</strong></span> 
     </span>
    </p>
   </div>
   <div class='ocr_carea' id='block_1_86' title="bbox 2263 2606 3789 2686">
    <p class='ocr_par' dir='ltr' id='par_1_86' title="bbox 2263 2606 3789 2686">
     <span class='ocr_line' id='line_1_86' title="bbox 2263 2606 3789 2686; baseline 0.009 -26"><span class='ocrx_word' id='word_1_630' title='bbox 2263 2606 2366 2662; x_wconf 91' lang='lat' dir='ltr'><strong>Sed</strong></span> <span class='ocrx_word' id='word_1_631' title='bbox 2410 2617 2469 2662; x_wconf 92' lang='lat' dir='ltr'><strong>ut</strong></span> <span class='ocrx_word' id='word_1_632' title='bbox 2495 2610 2802 2664; x_wconf 90' lang='lat' dir='ltr'><strong>communia</strong></span> <span class='ocrx_word' id='word_1_633' title='bbox 2833 2611 3076 2678; x_wconf 69' lang='lat' dir='ltr'><strong>quaedam</strong></span> <span class='ocrx_word' id='word_1_634' title='bbox 3098 2628 3219 2667; x_wconf 91' lang='lat' dir='ltr'><strong>cum</strong></span> <span class='ocrx_word' id='word_1_635' title='bbox 3253 2613 3558 2686; x_wconf 82' lang='lat' dir='ltr'><strong>Porphyrio</strong></span> <span class='ocrx_word' id='word_1_636' title='bbox 3580 2618 3644 2671; x_wconf 90' lang='lat' dir='ltr'><strong>sit</strong></span> <span class='ocrx_word' id='word_1_637' title='bbox 3668 2618 3789 2673; x_wconf 87' lang='lat' dir='ltr'><strong>locu-</strong></span> 
     </span>
    </p>
   </div>
   <div class='ocr_carea' id='block_1_87' title="bbox 2263 2700 3274 2770">
    <p class='ocr_par' dir='ltr' id='par_1_87' title="bbox 2263 2700 3274 2770">
     <span class='ocr_line' id='line_1_87' title="bbox 2263 2700 3274 2770; baseline 0.007 -17"><span class='ocrx_word' id='word_1_638' title='bbox 2263 2709 2369 2767; x_wconf 89' lang='lat' dir='ltr'><strong>tus,</strong></span> <span class='ocrx_word' id='word_1_639' title='bbox 2397 2701 2609 2770; x_wconf 85' lang='lat' dir='ltr'><strong>penitus</strong></span> <span class='ocrx_word' id='word_1_640' title='bbox 2640 2712 2817 2755; x_wconf 77' lang='lat' dir='ltr'><strong>tamen</strong></span> <span class='ocrx_word' id='word_1_641' title='bbox 2845 2700 3057 2758; x_wconf 89' lang='lat' dir='ltr'><strong>diversa</strong></span> <span class='ocrx_word' id='word_1_642' title='bbox 3087 2707 3274 2760; x_wconf 90' lang='lat' dir='ltr'><strong>sensit.</strong></span> 
     </span>
    </p>
   </div>
   <div class='ocr_carea' id='block_1_88' title="bbox 2334 2787 3787 2872">
    <p class='ocr_par' dir='ltr' id='par_1_88' title="bbox 2334 2787 3787 2872">
     <span class='ocr_line' id='line_1_88' title="bbox 2334 2787 3787 2872; baseline 0.006 -27"><span class='ocrx_word' id='word_1_643' title='bbox 2334 2787 2634 2847; x_wconf 88' lang='lat' dir='ltr'><strong>Notandum</strong></span> <span class='ocrx_word' id='word_1_644' title='bbox 2684 2810 2848 2857; x_wconf 83' lang='lat' dir='ltr'><strong>porro</strong></span> <span class='ocrx_word' id='word_1_645' title='bbox 2899 2806 3174 2853; x_wconf 90' lang='lat' dir='ltr'><strong>auctorem</strong></span> <span class='ocrx_word' id='word_1_646' title='bbox 3225 2799 3428 2872; x_wconf 87' lang='lat' dir='ltr'><strong>dialogi</strong></span> <span class='ocrx_word' id='word_1_647' title='bbox 3476 2800 3548 2855; x_wconf 84' lang='lat' dir='ltr'><strong>Dc</strong></span> <span class='ocrx_word' id='word_1_648' title='bbox 3589 2812 3716 2855; x_wconf 81' lang='lat' dir='ltr'><strong>recta</strong></span> <span class='ocrx_word' id='word_1_649' title='bbox 3746 2802 3787 2854; x_wconf 77' lang='lat' dir='ltr'><strong>in</strong></span> 
     </span>
    </p>
   </div>
   <div class='ocr_carea' id='block_1_89' title="bbox 2266 2879 3785 2963">
    <p class='ocr_par' dir='ltr' id='par_1_89' title="bbox 2266 2879 3785 2963">
     <span class='ocr_line' id='line_1_89' title="bbox 2266 2879 3785 2963; baseline 0.007 -28"><span class='ocrx_word' id='word_1_650' title='bbox 2266 2879 2428 2937; x_wconf 84' lang='lat' dir='ltr'><strong>Deum</strong></span> <span class='ocrx_word' id='word_1_651' title='bbox 2467 2884 2594 2952; x_wconf 79' lang='lat' dir='ltr'><strong>ﬁde,</strong></span> <span class='ocrx_word' id='word_1_652' title='bbox 2638 2886 2729 2954; x_wconf 92' lang='lat' dir='ltr'><strong>qui</strong></span> <span class='ocrx_word' id='word_1_653' title='bbox 2776 2888 2876 2942; x_wconf 92' lang='lat' dir='ltr'><strong>sub</strong></span> <span class='ocrx_word' id='word_1_654' title='bbox 2914 2883 3166 2959; x_wconf 89' lang='lat' dir='ltr'><strong>Origenis</strong></span> <span class='ocrx_word' id='word_1_655' title='bbox 3210 2893 3436 2947; x_wconf 91' lang='lat' dir='ltr'><strong>nomine</strong></span> <span class='ocrx_word' id='word_1_656' title='bbox 3463 2892 3667 2963; x_wconf 83' lang='lat' dir='ltr'><strong>prodiit,</strong></span> <span class='ocrx_word' id='word_1_657' title='bbox 3696 2892 3785 2947; x_wconf 81' lang='lat' dir='ltr'><strong>lla-</strong></span> 
     </span>
    </p>
   </div>
   <div class='ocr_carea' id='block_1_90' title="bbox 2264 2973 3773 3054">
    <p class='ocr_par' dir='ltr' id='par_1_90' title="bbox 2264 2973 3773 3054">
     <span class='ocr_line' id='line_1_90' title="bbox 2264 2973 3773 3054; baseline 0.009 -30"><span class='ocrx_word' id='word_1_658' title='bbox 2264 2973 2440 3027; x_wconf 88' lang='lat' dir='ltr'><strong>rinum</strong></span> <span class='ocrx_word' id='word_1_659' title='bbox 2475 2974 2937 3032; x_wconf 85' lang='lat' dir='ltr'><strong>Bardesianistam</strong></span> <span class='ocrx_word' id='word_1_660' title='bbox 2982 2979 3240 3035; x_wconf 91' lang='lat' dir='ltr'><strong>inducere</strong></span> <span class='ocrx_word' id='word_1_661' title='bbox 3273 2982 3394 3037; x_wconf 60' lang='lat' dir='ltr'><strong>haec</strong></span> <span class='ocrx_word' id='word_1_662' title='bbox 3424 2984 3660 3054; x_wconf 88' lang='lat' dir='ltr'><strong>dogmata</strong></span> <span class='ocrx_word' id='word_1_663' title='bbox 3695 2998 3773 3052; x_wconf 88' lang='lat' dir='ltr'><strong>pro</strong></span> 
     </span>
    </p>
   </div>
   <div class='ocr_carea' id='block_1_91' title="bbox 2262 3066 3783 3141">
    <p class='ocr_par' dir='ltr' id='par_1_91' title="bbox 2262 3066 3783 3141">
     <span class='ocr_line' id='line_1_91' title="bbox 2262 3066 3783 3141; baseline 0.005 -23"><span class='ocrx_word' id='word_1_664' title='bbox 2262 3073 2621 3134; x_wconf 88' lang='lat' dir='ltr'><strong>pugnantem;</strong></span> <span class='ocrx_word' id='word_1_665' title='bbox 2668 3066 2942 3123; x_wconf 88' lang='lat' dir='ltr'><strong>hominem</strong></span> <span class='ocrx_word' id='word_1_666' title='bbox 2989 3071 3106 3125; x_wconf 91' lang='lat' dir='ltr'><strong>sola</strong></span> <span class='ocrx_word' id='word_1_667' title='bbox 3162 3071 3349 3125; x_wconf 90' lang='lat' dir='ltr'><strong>anima</strong></span> <span class='ocrx_word' id='word_1_668' title='bbox 3392 3073 3783 3141; x_wconf 87' lang='lat' dir='ltr'><strong>constare;aui-</strong></span> 
     </span>
    </p>
   </div>
   <div class='ocr_carea' id='block_1_92' title="bbox 2265 3154 3791 3232">
    <p class='ocr_par' dir='ltr' id='par_1_92' title="bbox 2265 3154 3791 3232">
     <span class='ocr_line' id='line_1_92' title="bbox 2265 3154 3791 3232; baseline 0.008 -27"><span class='ocrx_word' id='word_1_669' title='bbox 2265 3169 2408 3206; x_wconf 88' lang='lat' dir='ltr'><strong>mam</strong></span> <span class='ocrx_word' id='word_1_670' title='bbox 2441 3154 2649 3209; x_wconf 88' lang='lat' dir='ltr'><strong>scelere</strong></span> <span class='ocrx_word' id='word_1_671' title='bbox 2674 3156 2937 3225; x_wconf 88' lang='lat' dir='ltr'><strong>admisso,</strong></span> <span class='ocrx_word' id='word_1_672' title='bbox 2970 3161 3165 3217; x_wconf 87' lang='lat' dir='ltr'><strong>tunicis</strong></span> <span class='ocrx_word' id='word_1_673' title='bbox 3192 3161 3455 3232; x_wconf 89' lang='lat' dir='ltr'><strong>pelliceis,</strong></span> <span class='ocrx_word' id='word_1_674' title='bbox 3488 3164 3584 3219; x_wconf 88' lang='lat' dir='ltr'><strong>hoc</strong></span> <span class='ocrx_word' id='word_1_675' title='bbox 3604 3172 3677 3219; x_wconf 89' lang='lat' dir='ltr'><strong>est</strong></span> <span class='ocrx_word' id='word_1_676' title='bbox 3697 3179 3791 3218; x_wconf 79' lang='lat' dir='ltr'><strong>cor-</strong></span> 
     </span>
    </p>
   </div>
   <div class='ocr_carea' id='block_1_93' title="bbox 2258 3250 3789 3322">
    <p class='ocr_par' dir='ltr' id='par_1_93' title="bbox 2258 3250 3789 3322">
     <span class='ocr_line' id='line_1_93' title="bbox 2258 3250 3789 3322; baseline 0.007 -24"><span class='ocrx_word' id='word_1_677' title='bbox 2258 3260 2410 3314; x_wconf 90' lang='lat' dir='ltr'><strong>pore,</strong></span> <span class='ocrx_word' id='word_1_678' title='bbox 2448 3255 2706 3316; x_wconf 87' lang='lat' dir='ltr'><strong>tanquam</strong></span> <span class='ocrx_word' id='word_1_679' title='bbox 2750 3250 2969 3306; x_wconf 89' lang='lat' dir='ltr'><strong>vinculo</strong></span> <span class='ocrx_word' id='word_1_680' title='bbox 3013 3266 3079 3307; x_wconf 91' lang='lat' dir='ltr'><strong>ac</strong></span> <span class='ocrx_word' id='word_1_681' title='bbox 3123 3254 3391 3322; x_wconf 87' lang='lat' dir='ltr'><strong>compede</strong></span> <span class='ocrx_word' id='word_1_682' title='bbox 3416 3255 3789 3321; x_wconf 31' lang='lat' dir='ltr'><strong>fuisse-constri-</strong></span> 
     </span>
    </p>
   </div>
   <div class='ocr_carea' id='block_1_94' title="bbox 2257 3340 3785 3420">
    <p class='ocr_par' dir='ltr' id='par_1_94' title="bbox 2257 3340 3785 3420">
     <span class='ocr_line' id='line_1_94' title="bbox 2257 3340 3785 3420; baseline 0.007 -30"><span class='ocrx_word' id='word_1_683' title='bbox 2257 3347 2425 3403; x_wconf 91' lang='lat' dir='ltr'><strong>ctam,</strong></span> <span class='ocrx_word' id='word_1_684' title='bbox 2453 3347 2620 3409; x_wconf 89' lang='lat' dir='ltr'><strong>atque</strong></span> <span class='ocrx_word' id='word_1_685' title='bbox 2656 3340 2784 3397; x_wconf 83' lang='lat' dir='ltr'><strong>inde</strong></span> <span class='ocrx_word' id='word_1_686' title='bbox 2818 3361 2847 3397; x_wconf 86' lang='lat' dir='ltr'><strong>a</strong></span> <span class='ocrx_word' id='word_1_687' title='bbox 2876 3343 3112 3400; x_wconf 75' lang='lat' dir='ltr'><strong>Ieremia</strong></span> <span class='ocrx_word' id='word_1_688' title='bbox 3159 3347 3382 3405; x_wconf 85' lang='lat' dir='ltr'><strong>vinctos</strong></span> <span class='ocrx_word' id='word_1_689' title='bbox 3413 3364 3509 3405; x_wconf 89' lang='lat' dir='ltr'><strong>nos</strong></span> <span class='ocrx_word' id='word_1_690' title='bbox 3536 3349 3785 3420; x_wconf 84' lang='lat' dir='ltr'><strong>appellari;</strong></span> 
     </span>
    </p>
   </div>
   <div class='ocr_carea' id='block_1_95' title="bbox 2257 3428 3783 3509">
    <p class='ocr_par' dir='ltr' id='par_1_95' title="bbox 2257 3428 3783 3509">
     <span class='ocr_line' id='line_1_95' title="bbox 2257 3428 3783 3509; baseline 0.012 -30"><span class='ocrx_word' id='word_1_691' title='bbox 2257 3441 2322 3481; x_wconf 92' lang='lat' dir='ltr'><strong>ac</strong></span> <span class='ocrx_word' id='word_1_692' title='bbox 2381 3428 2563 3484; x_wconf 90' lang='lat' dir='ltr'><strong>animo</strong></span> <span class='ocrx_word' id='word_1_693' title='bbox 2608 3431 2868 3488; x_wconf 89' lang='lat' dir='ltr'><strong>malorum</strong></span> <span class='ocrx_word' id='word_1_694' title='bbox 2899 3436 3140 3491; x_wconf 91' lang='lat' dir='ltr'><strong>omnium</strong></span> <span class='ocrx_word' id='word_1_695' title='bbox 3180 3454 3407 3494; x_wconf 88' lang='lat' dir='ltr'><strong>causam</strong></span> <span class='ocrx_word' id='word_1_696' title='bbox 3437 3455 3555 3496; x_wconf 88' lang='lat' dir='ltr'><strong>esse</strong></span> <span class='ocrx_word' id='word_1_697' title='bbox 3583 3454 3783 3509; x_wconf 82' lang='lat' dir='ltr'><strong>corpus:</strong></span> 
     </span>
    </p>
   </div>
   <div class='ocr_carea' id='block_1_96' title="bbox 2256 3519 3789 3604">
    <p class='ocr_par' dir='ltr' id='par_1_96' title="bbox 2256 3519 3789 3604">
     <span class='ocr_line' id='line_1_96' title="bbox 2256 3519 3789 3604; baseline 0.01 -32"><span class='ocrx_word' id='word_1_698' title='bbox 2256 3519 2639 3579; x_wconf 86' lang='lat' dir='ltr'><strong>Adamantium</strong></span> <span class='ocrx_word' id='word_1_699' title='bbox 2667 3539 2847 3582; x_wconf 89' lang='lat' dir='ltr'><strong>autem</strong></span> <span class='ocrx_word' id='word_1_700' title='bbox 2881 3528 2997 3584; x_wconf 57' lang='lat' dir='ltr'><strong>haec</strong></span> <span class='ocrx_word' id='word_1_701' title='bbox 3023 3530 3138 3602; x_wconf 90' lang='lat' dir='ltr'><strong>ipsa</strong></span> <span class='ocrx_word' id='word_1_702' title='bbox 3178 3533 3614 3604; x_wconf 83' lang='lat' dir='ltr'><strong>impugnantem;</strong></span> <span class='ocrx_word' id='word_1_703' title='bbox 3638 3546 3685 3590; x_wconf 85' lang='lat' dir='ltr'><strong>et</strong></span> <span class='ocrx_word' id='word_1_704' title='bbox 3712 3535 3789 3588; x_wconf 75' lang='lat' dir='ltr'><strong>lio-</strong></span> 
     </span>
    </p>
   </div>
   <div class='ocr_carea' id='block_1_97' title="bbox 2257 3610 3783 3692">
    <p class='ocr_par' dir='ltr' id='par_1_97' title="bbox 2257 3610 3783 3692">
     <span class='ocr_line' id='line_1_97' title="bbox 2257 3610 3783 3692; baseline 0.01 -28"><span class='ocrx_word' id='word_1_705' title='bbox 2257 3610 2478 3680; x_wconf 91' lang='lat' dir='ltr'><strong>minem,</strong></span> <span class='ocrx_word' id='word_1_706' title='bbox 2509 3630 2741 3686; x_wconf 89' lang='lat' dir='ltr'><strong>corpore</strong></span> <span class='ocrx_word' id='word_1_707' title='bbox 2780 3618 2906 3674; x_wconf 86' lang='lat' dir='ltr'><strong>licet</strong></span> <span class='ocrx_word' id='word_1_708' title='bbox 2926 3630 2981 3675; x_wconf 85' lang='lat' dir='ltr'><strong>et</strong></span> <span class='ocrx_word' id='word_1_709' title='bbox 3006 3623 3181 3678; x_wconf 86' lang='lat' dir='ltr'><strong>anima</strong></span> <span class='ocrx_word' id='word_1_710' title='bbox 3210 3636 3453 3692; x_wconf 89' lang='lat' dir='ltr'><strong>constet,</strong></span> <span class='ocrx_word' id='word_1_711' title='bbox 3478 3629 3695 3682; x_wconf 83' lang='lat' dir='ltr'><strong>animam</strong></span> <span class='ocrx_word' id='word_1_712' title='bbox 3718 3636 3783 3679; x_wconf 82' lang='lat' dir='ltr'><strong>ta-</strong></span> 
     </span>
    </p>
   </div>
   <div class='ocr_carea' id='block_1_98' title="bbox 2258 3706 3786 3797">
    <p class='ocr_par' dir='ltr' id='par_1_98' title="bbox 2258 3706 3786 3797">
     <span class='ocr_line' id='line_1_98' title="bbox 2258 3706 3786 3797; baseline 0.006 -38"><span class='ocrx_word' id='word_1_713' title='bbox 2258 3722 2380 3761; x_wconf 90' lang='lat' dir='ltr'><strong>men</strong></span> <span class='ocrx_word' id='word_1_714' title='bbox 2431 3709 2484 3762; x_wconf 92' lang='lat' dir='ltr'><strong>in</strong></span> <span class='ocrx_word' id='word_1_715' title='bbox 2544 3706 2846 3781; x_wconf 81' lang='lat' dir='ltr'><strong>Scripturis</strong></span> <span class='ocrx_word' id='word_1_716' title='bbox 2880 3713 3061 3771; x_wconf 69' lang='lat' dir='ltr'><strong>vocari</strong></span> <span class='ocrx_word' id='word_1_717' title='bbox 3087 3714 3577 3797; x_wconf 86' lang='lat' dir='ltr'><strong>demonstrantem,</strong></span> <span class='ocrx_word' id='word_1_718' title='bbox 3608 3718 3786 3773; x_wconf 85' lang='lat' dir='ltr'><strong>eadem-</strong></span> 
     </span>
    </p>
   </div>
   <div class='ocr_carea' id='block_1_99' title="bbox 2256 3799 3783 3884">
    <p class='ocr_par' dir='ltr' id='par_1_99' title="bbox 2256 3799 3783 3884">
     <span class='ocr_line' id='line_1_99' title="bbox 2256 3799 3783 3884; baseline 0.01 -34"><span class='ocrx_word' id='word_1_719' title='bbox 2256 3813 2363 3868; x_wconf 90' lang='lat' dir='ltr'><strong>que</strong></span> <span class='ocrx_word' id='word_1_720' title='bbox 2417 3799 2626 3856; x_wconf 89' lang='lat' dir='ltr'><strong>Mariuo</strong></span> <span class='ocrx_word' id='word_1_721' title='bbox 2667 3816 3033 3873; x_wconf 83' lang='lat' dir='ltr'><strong>regerentem,</strong></span> <span class='ocrx_word' id='word_1_722' title='bbox 3083 3825 3203 3878; x_wconf 70' lang='lat' dir='ltr'><strong>quae</strong></span> <span class='ocrx_word' id='word_1_723' title='bbox 3261 3809 3408 3882; x_wconf 88' lang='lat' dir='ltr'><strong>apud</strong></span> <span class='ocrx_word' id='word_1_724' title='bbox 3477 3809 3783 3884; x_wconf 66' lang='lat' dir='ltr'><strong>Epiphaniam</strong></span> 
     </span>
    </p>
   </div>
   <div class='ocr_carea' id='block_1_100' title="bbox 2253 3892 3083 3978">
    <p class='ocr_par' dir='ltr' id='par_1_100' title="bbox 2253 3892 3083 3978">
     <span class='ocr_line' id='line_1_100' title="bbox 2253 3892 3083 3978; baseline 0.013 -33"><span class='ocrx_word' id='word_1_725' title='bbox 2253 3892 2470 3963; x_wconf 89' lang='lat' dir='ltr'><strong>Origeni</strong></span> <span class='ocrx_word' id='word_1_726' title='bbox 2496 3893 2795 3978; x_wconf 82' lang='lat' dir='ltr'><strong>Methodius</strong></span> <span class='ocrx_word' id='word_1_727' title='bbox 2817 3902 3083 3969; x_wconf 88' lang='lat' dir='ltr'><strong>opposuit.</strong></span> 
     </span>
    </p>
   </div>
   <div class='ocr_carea' id='block_1_101' title="bbox 2810 4032 3219 4101">
    <p class='ocr_par' dir='ltr' id='par_1_101' title="bbox 2810 4032 3219 4101">
     <span class='ocr_line' id='line_1_101' title="bbox 2810 4032 3219 4101; baseline 0.005 -11"><span class='ocrx_word' id='word_1_728' title='bbox 2810 4032 3137 4101; x_wconf 67' lang='lat' dir='ltr'><strong>QUESTIO</strong></span> <span class='ocrx_word' id='word_1_729' title='bbox 3174 4033 3219 4091; x_wconf 81' lang='grc' dir='ltr'><strong>Χ</strong></span> 
     </span>
    </p>
   </div>
   <div class='ocr_carea' id='block_1_102' title="bbox 2706 4124 3362 4187">
    <p class='ocr_par' dir='ltr' id='par_1_102' title="bbox 2706 4124 3362 4187">
     <span class='ocr_line' id='line_1_102' title="bbox 2706 4124 3362 4187; baseline 0.014 -10"><span class='ocrx_word' id='word_1_730' title='bbox 2706 4140 2773 4178; x_wconf 79' lang='lat' dir='ltr'><strong>os</strong></span> <span class='ocrx_word' id='word_1_731' title='bbox 2814 4124 3092 4182; x_wconf 65' lang='grc' dir='ltr'><strong>ρος-έκεηο</strong></span> <span class='ocrx_word' id='word_1_732' title='bbox 3128 4144 3362 4187; x_wconf 78' lang='lat' dir='ltr'><strong>mutato.</strong></span> 
     </span>
    </p>
   </div>
   <div class='ocr_carea' id='block_1_103' title="bbox 2251 4205 3776 4287">
    <p class='ocr_par' dir='ltr' id='par_1_103' title="bbox 2251 4205 3776 4287">
     <span class='ocr_line' id='line_1_103' title="bbox 2251 4205 3776 4287; baseline 0.007 -26"><span class='ocrx_word' id='word_1_733' title='bbox 2251 4205 2292 4261; x_wconf 91' lang='grc'><strong>1.</strong></span> <span class='ocrx_word' id='word_1_734' title='bbox 2337 4206 2664 4287; x_wconf 47' lang='lat' dir='ltr'><strong>[impleretur</strong></span> <span class='ocrx_word' id='word_1_735' title='bbox 2709 4213 2960 4287; x_wconf 74' lang='lat' dir='ltr'><strong>placitum</strong></span> <span class='ocrx_word' id='word_1_736' title='bbox 3006 4216 3246 4287; x_wconf 77' lang='lat' dir='ltr'><strong>origenis</strong></span> <span class='ocrx_word' id='word_1_737' title='bbox 3295 4220 3363 4273; x_wconf 86' lang='lat' dir='ltr'><strong>de</strong></span> <span class='ocrx_word' id='word_1_738' title='bbox 3391 4222 3541 4275; x_wconf 75' lang='lat' dir='ltr'><strong>rebus</strong></span> <span class='ocrx_word' id='word_1_739' title='bbox 3573 4232 3776 4287; x_wconf 77' lang='lat' dir='ltr'><strong>supremo</strong></span> 
     </span>
    </p>
   </div>
   <div class='ocr_carea' id='block_1_104' title="bbox 2328 4277 3776 4350">
    <p class='ocr_par' dir='ltr' id='par_1_104' title="bbox 2328 4277 3776 4350">
     <span class='ocr_line' id='line_1_104' title="bbox 2328 4277 3776 4350; baseline 0.008 -19"><span class='ocrx_word' id='word_1_740' title='bbox 2328 4277 2420 4350; x_wconf 77' lang='lat' dir='ltr'><strong>Dei</strong></span> <span class='ocrx_word' id='word_1_741' title='bbox 2454 4281 2671 4333; x_wconf 82' lang='lat' dir='ltr'><strong>arbitrio</strong></span> <span class='ocrx_word' id='word_1_742' title='bbox 2701 4282 3030 4350; x_wconf 78' lang='lat' dir='ltr'><strong>judicandis.</strong></span> <span class='ocrx_word' id='word_1_743' title='bbox 3056 4277 3123 4340; x_wconf 63' lang='lat' dir='ltr'><strong>ll:</strong></span> <span class='ocrx_word' id='word_1_744' title='bbox 3156 4287 3222 4341; x_wconf 79' lang='lat' dir='ltr'><strong>Et</strong></span> <span class='ocrx_word' id='word_1_745' title='bbox 3264 4293 3330 4342; x_wconf 85' lang='lat' dir='ltr'><strong>de</strong></span> <span class='ocrx_word' id='word_1_746' title='bbox 3363 4293 3561 4347; x_wconf 79' lang='lat' dir='ltr'><strong>ratione</strong></span> <span class='ocrx_word' id='word_1_747' title='bbox 3603 4277 3660 4343; x_wconf 63' lang='grc' dir='ltr'><strong>αὶ</strong></span> <span class='ocrx_word' id='word_1_748' title='bbox 3687 4291 3776 4342; x_wconf 84' lang='lat' dir='ltr'><strong>loco</strong></span> 
     </span>
    </p>
   </div>
   <div class='ocr_carea' id='block_1_105' title="bbox 2315 4348 2818 4419">
    <p class='ocr_par' dir='ltr' id='par_1_105' title="bbox 2315 4348 2818 4419">
     <span class='ocr_line' id='line_1_105' title="bbox 2315 4348 2818 4419; baseline 0.014 -20"><span class='ocrx_word' id='word_1_749' title='bbox 2315 4348 2511 4417; x_wconf 82' lang='lat' dir='ltr'><strong>judicii</strong></span> <span class='ocrx_word' id='word_1_750' title='bbox 2548 4348 2818 4419; x_wconf 77' lang='lat' dir='ltr'><strong>postremi.</strong></span> 
     </span>
    </p>
   </div>
   <div class='ocr_carea' id='block_1_106' title="bbox 2320 4462 3775 4544">
    <p class='ocr_par' dir='ltr' id='par_1_106' title="bbox 2320 4462 3775 4544">
     <span class='ocr_line' id='line_1_106' title="bbox 2320 4462 3775 4544; baseline 0.005 -26"><span class='ocrx_word' id='word_1_751' title='bbox 2320 4462 2359 4526; x_wconf 89' lang='lat' dir='ltr'><strong>l_.</strong></span> <span class='ocrx_word' id='word_1_752' title='bbox 2400 4462 2735 4520; x_wconf 85' lang='lat' dir='ltr'><strong>Mortuorum</strong></span> <span class='ocrx_word' id='word_1_753' title='bbox 2782 4471 3240 4526; x_wconf 82' lang='lat' dir='ltr'><strong>resurrectionem</strong></span> <span class='ocrx_word' id='word_1_754' title='bbox 3270 4489 3576 4544; x_wconf 85' lang='lat' dir='ltr'><strong>supremum</strong></span> <span class='ocrx_word' id='word_1_755' title='bbox 3610 4474 3690 4528; x_wconf 91' lang='lat' dir='ltr'><strong>Dei</strong></span> <span class='ocrx_word' id='word_1_756' title='bbox 3708 4474 3775 4542; x_wconf 86' lang='lat' dir='ltr'><strong>ju-</strong></span> 
     </span>
    </p>
   </div>
   <div class='ocr_carea' id='block_1_107' title="bbox 2256 4555 3774 4631">
    <p class='ocr_par' dir='ltr' id='par_1_107' title="bbox 2256 4555 3774 4631">
     <span class='ocr_line' id='line_1_107' title="bbox 2256 4555 3774 4631; baseline 0.005 -22"><span class='ocrx_word' id='word_1_757' title='bbox 2256 4555 2454 4611; x_wconf 91' lang='lat' dir='ltr'><strong>dicium</strong></span> <span class='ocrx_word' id='word_1_758' title='bbox 2502 4558 2755 4627; x_wconf 81' lang='lat' dir='ltr'><strong>excipiet.</strong></span> <span class='ocrx_word' id='word_1_759' title='bbox 2785 4558 2902 4625; x_wconf 82' lang='lat' dir='ltr'><strong>Quo</strong></span> <span class='ocrx_word' id='word_1_760' title='bbox 2925 4575 3047 4615; x_wconf 90' lang='lat' dir='ltr'><strong>cum</strong></span> <span class='ocrx_word' id='word_1_761' title='bbox 3076 4563 3386 4619; x_wconf 90' lang='lat' dir='ltr'><strong>ulciscenda</strong></span> <span class='ocrx_word' id='word_1_762' title='bbox 3418 4567 3626 4631; x_wconf 88' lang='lat' dir='ltr'><strong>scelera,</strong></span> <span class='ocrx_word' id='word_1_763' title='bbox 3660 4580 3774 4619; x_wconf 77' lang='lat' dir='ltr'><strong>nier-</strong></span> 
     </span>
    </p>
   </div>
   <div class='ocr_carea' id='block_1_108' title="bbox 2257 4647 3774 4719">
    <p class='ocr_par' dir='ltr' id='par_1_108' title="bbox 2257 4647 3774 4719">
     <span class='ocr_line' id='line_1_108' title="bbox 2257 4647 3774 4719; baseline 0.005 -20"><span class='ocrx_word' id='word_1_764' title='bbox 2257 4647 2391 4700; x_wconf 90' lang='lat' dir='ltr'><strong>cede</strong></span> <span class='ocrx_word' id='word_1_765' title='bbox 2417 4657 2599 4701; x_wconf 89' lang='lat' dir='ltr'><strong>autem</strong></span> <span class='ocrx_word' id='word_1_766' title='bbox 2629 4648 2872 4704; x_wconf 89' lang='lat' dir='ltr'><strong>donanda</strong></span> <span class='ocrx_word' id='word_1_767' title='bbox 2900 4651 3012 4706; x_wconf 89' lang='lat' dir='ltr'><strong>sint</strong></span> <span class='ocrx_word' id='word_1_768' title='bbox 3050 4663 3200 4708; x_wconf 91' lang='lat' dir='ltr'><strong>recte</strong></span> <span class='ocrx_word' id='word_1_769' title='bbox 3226 4664 3346 4709; x_wconf 91' lang='lat' dir='ltr'><strong>acta</strong></span> <span class='ocrx_word' id='word_1_770' title='bbox 3370 4666 3425 4710; x_wconf 91' lang='lat' dir='ltr'><strong>et</strong></span> <span class='ocrx_word' id='word_1_771' title='bbox 3458 4657 3686 4719; x_wconf 87' lang='lat' dir='ltr'><strong>virtutes,</strong></span> <span class='ocrx_word' id='word_1_772' title='bbox 3710 4654 3774 4707; x_wconf 90' lang='lat' dir='ltr'><strong>id-</strong></span> 
     </span>
    </p>
   </div>
   <div class='ocr_carea' id='block_1_109' title="bbox 2255 4738 3772 4817">
    <p class='ocr_par' dir='ltr' id='par_1_109' title="bbox 2255 4738 3772 4817">
     <span class='ocr_line' id='line_1_109' title="bbox 2255 4738 3772 4817; baseline 0.005 -26"><span class='ocrx_word' id='word_1_773' title='bbox 2255 4738 2400 4791; x_wconf 91' lang='lat' dir='ltr'><strong>circo</strong></span> <span class='ocrx_word' id='word_1_774' title='bbox 2452 4745 2661 4793; x_wconf 89' lang='lat' dir='ltr'><strong>statura</strong></span> <span class='ocrx_word' id='word_1_775' title='bbox 2707 4742 2961 4809; x_wconf 85' lang='lat' dir='ltr'><strong>opinatus</strong></span> <span class='ocrx_word' id='word_1_776' title='bbox 3014 4754 3100 4798; x_wconf 88' lang='lat' dir='ltr'><strong>est</strong></span> <span class='ocrx_word' id='word_1_777' title='bbox 3145 4745 3428 4817; x_wconf 88' lang='lat' dir='ltr'><strong>Origenes,</strong></span> <span class='ocrx_word' id='word_1_778' title='bbox 3484 4760 3772 4816; x_wconf 63' lang='lat' dir='ltr'><strong>quaecunque</strong></span> 
     </span>
    </p>
   </div>
   <div class='ocr_carea' id='block_1_110' title="bbox 2256 4828 3769 4909">
    <p class='ocr_par' dir='ltr' id='par_1_110' title="bbox 2256 4828 3769 4909">
     <span class='ocr_line' id='line_1_110' title="bbox 2256 4828 3769 4909; baseline 0.005 -28"><span class='ocrx_word' id='word_1_779' title='bbox 2256 4828 2337 4883; x_wconf 91' lang='lat' dir='ltr'><strong>vel</strong></span> <span class='ocrx_word' id='word_1_780' title='bbox 2377 4838 2523 4884; x_wconf 87' lang='lat' dir='ltr'><strong>recte</strong></span> <span class='ocrx_word' id='word_1_781' title='bbox 2554 4830 2634 4884; x_wconf 88' lang='lat' dir='ltr'><strong>vel</strong></span> <span class='ocrx_word' id='word_1_782' title='bbox 2688 4832 2828 4887; x_wconf 88' lang='lat' dir='ltr'><strong>male</strong></span> <span class='ocrx_word' id='word_1_783' title='bbox 2886 4836 3092 4903; x_wconf 83' lang='lat' dir='ltr'><strong>agendo</strong></span> <span class='ocrx_word' id='word_1_784' title='bbox 3140 4840 3362 4906; x_wconf 68' lang='lat' dir='ltr'><strong>praemia</strong></span> <span class='ocrx_word' id='word_1_785' title='bbox 3417 4841 3497 4896; x_wconf 87' lang='lat' dir='ltr'><strong>vel</strong></span> <span class='ocrx_word' id='word_1_786' title='bbox 3548 4838 3769 4909; x_wconf 77' lang='lat' dir='ltr'><strong>supplicia</strong></span> 
     </span>
    </p>
   </div>
   <div class='ocr_carea' id='block_1_111' title="bbox 2257 4922 3768 4995">
    <p class='ocr_par' dir='ltr' id='par_1_111' title="bbox 2257 4922 3768 4995">
     <span class='ocr_line' id='line_1_111' title="bbox 2257 4922 3768 4995; baseline 0.004 -21"><span class='ocrx_word' id='word_1_787' title='bbox 2257 4922 2559 4988; x_wconf 89' lang='lat' dir='ltr'><strong>promereri</strong></span> <span class='ocrx_word' id='word_1_788' title='bbox 2628 4933 2879 4991; x_wconf 90' lang='lat' dir='ltr'><strong>possunt.</strong></span> <span class='ocrx_word' id='word_1_789' title='bbox 2931 4926 3193 4995; x_wconf 90' lang='lat' dir='ltr'><strong>Superius</strong></span> <span class='ocrx_word' id='word_1_790' title='bbox 3245 4940 3420 4986; x_wconf 89' lang='lat' dir='ltr'><strong>autem</strong></span> <span class='ocrx_word' id='word_1_791' title='bbox 3479 4931 3768 4987; x_wconf 79' lang='lat' dir='ltr'><strong>ostendimus</strong></span> 
     </span>
    </p>
   </div>
   <div class='ocr_carea' id='block_1_112' title="bbox 2250 5010 3765 5081">
    <p class='ocr_par' dir='ltr' id='par_1_112' title="bbox 2250 5010 3765 5081">
     <span class='ocr_line' id='line_1_112' title="bbox 2250 5010 3765 5081; baseline 0.009 -17"><span class='ocrx_word' id='word_1_792' title='bbox 2250 5010 2459 5079; x_wconf 87' lang='lat' dir='ltr'><strong>angelis</strong></span> <span class='ocrx_word' id='word_1_793' title='bbox 2511 5011 2710 5081; x_wconf 88' lang='lat' dir='ltr'><strong>ipsum,</strong></span> <span class='ocrx_word' id='word_1_794' title='bbox 2751 5015 3021 5071; x_wconf 86' lang='lat' dir='ltr'><strong>sideribus</strong></span> <span class='ocrx_word' id='word_1_795' title='bbox 3086 5034 3149 5073; x_wconf 93' lang='lat' dir='ltr'><strong>ac</strong></span> <span class='ocrx_word' id='word_1_796' title='bbox 3209 5020 3487 5077; x_wconf 89' lang='lat' dir='ltr'><strong>elementis</strong></span> <span class='ocrx_word' id='word_1_797' title='bbox 3542 5025 3664 5078; x_wconf 86' lang='lat' dir='ltr'><strong>bene</strong></span> <span class='ocrx_word' id='word_1_798' title='bbox 3702 5019 3765 5073; x_wconf 78' lang='lat' dir='ltr'><strong>vel</strong></span> 
     </span>
    </p>
   </div>
   <div class='ocr_carea' id='block_1_113' title="bbox 2251 5100 3761 5173">
    <p class='ocr_par' dir='ltr' id='par_1_113' title="bbox 2251 5100 3761 5173">
     <span class='ocr_line' id='line_1_113' title="bbox 2251 5100 3761 5173; baseline 0.007 -20"><span class='ocrx_word' id='word_1_799' title='bbox 2251 5100 2389 5155; x_wconf 87' lang='lat' dir='ltr'><strong>male</strong></span> <span class='ocrx_word' id='word_1_800' title='bbox 2423 5104 2618 5171; x_wconf 81' lang='lat' dir='ltr'><strong>agendi</strong></span> <span class='ocrx_word' id='word_1_801' title='bbox 2655 5113 2978 5173; x_wconf 83' lang='lat' dir='ltr'><strong>potestatem</strong></span> <span class='ocrx_word' id='word_1_802' title='bbox 3009 5107 3305 5169; x_wconf 82' lang='lat' dir='ltr'><strong>alllnxisse.</strong></span> <span class='ocrx_word' id='word_1_803' title='bbox 3346 5113 3625 5169; x_wconf 67' lang='lat' dir='ltr'><strong>«Futurum</strong></span> <span class='ocrx_word' id='word_1_804' title='bbox 3653 5124 3761 5173; x_wconf 70' lang='lat' dir='ltr'><strong>est,»</strong></span> 
     </span>
    </p>
   </div>
   <div class='ocr_carea' id='block_1_114' title="bbox 2251 5191 3765 5274">
    <p class='ocr_par' dir='ltr' id='par_1_114' title="bbox 2251 5191 3765 5274">
     <span class='ocr_line' id='line_1_114' title="bbox 2251 5191 3765 5274; baseline 0.01 -29"><span class='ocrx_word' id='word_1_805' title='bbox 2251 5191 2427 5260; x_wconf 88' lang='lat' dir='ltr'><strong>inquit</strong></span> <span class='ocrx_word' id='word_1_806' title='bbox 2467 5193 2654 5247; x_wconf 92' lang='lat' dir='ltr'><strong>homil.</strong></span> <span class='ocrx_word' id='word_1_807' title='bbox 2687 5193 2721 5247; x_wconf 83' lang='grc'><strong>4</strong></span> <span class='ocrx_word' id='word_1_808' title='bbox 2751 5194 2806 5247; x_wconf 82' lang='lat' dir='ltr'><strong>in</strong></span> <span class='ocrx_word' id='word_1_809' title='bbox 2840 5192 3063 5261; x_wconf 69' lang='lat' dir='ltr'><strong>Ezech.,</strong></span> <span class='ocrx_word' id='word_1_810' title='bbox 3103 5216 3252 5256; x_wconf 89' lang='lat' dir='ltr'><strong>num.</strong></span> <span class='ocrx_word' id='word_1_811' title='bbox 3303 5205 3354 5267; x_wconf 82' lang='lat' dir='ltr'><strong>l,</strong></span> <span class='ocrx_word' id='word_1_812' title='bbox 3396 5220 3516 5274; x_wconf 86' lang='lat' dir='ltr'><strong>pag.</strong></span> <span class='ocrx_word' id='word_1_813' title='bbox 3546 5204 3660 5266; x_wconf 76' lang='lat'><strong>370,</strong></span> <span class='ocrx_word' id='word_1_814' title='bbox 3690 5210 3765 5252; x_wconf 76' lang='grc' dir='ltr'><strong>ειη</strong></span> 
     </span>
    </p>
   </div>
   <div class='ocr_carea' id='block_1_115' title="bbox 2249 5282 3761 5356">
    <p class='ocr_par' dir='ltr' id='par_1_115' title="bbox 2249 5282 3761 5356">
     <span class='ocr_line' id='line_1_115' title="bbox 2249 5282 3761 5356; baseline 0.003 -19"><span class='ocrx_word' id='word_1_815' title='bbox 2249 5282 2304 5337; x_wconf 94' lang='lat' dir='ltr'><strong>in</strong></span> <span class='ocrx_word' id='word_1_816' title='bbox 2335 5284 2422 5338; x_wconf 91' lang='lat' dir='ltr'><strong>die</strong></span> <span class='ocrx_word' id='word_1_817' title='bbox 2445 5284 2642 5353; x_wconf 89' lang='lat' dir='ltr'><strong>judicii</strong></span> <span class='ocrx_word' id='word_1_818' title='bbox 2686 5300 2798 5339; x_wconf 86' lang='lat' dir='ltr'><strong>non</strong></span> <span class='ocrx_word' id='word_1_819' title='bbox 2828 5285 3001 5341; x_wconf 88' lang='lat' dir='ltr'><strong>solum</strong></span> <span class='ocrx_word' id='word_1_820' title='bbox 3037 5289 3219 5356; x_wconf 85' lang='lat' dir='ltr'><strong>homo,</strong></span> <span class='ocrx_word' id='word_1_821' title='bbox 3252 5295 3345 5349; x_wconf 91' lang='lat' dir='ltr'><strong>sed</strong></span> <span class='ocrx_word' id='word_1_822' title='bbox 3372 5296 3528 5349; x_wconf 89' lang='lat' dir='ltr'><strong>etiam</strong></span> <span class='ocrx_word' id='word_1_823' title='bbox 3556 5295 3761 5349; x_wconf 78' lang='lat' dir='ltr'><strong>universa</strong></span> 
     </span>
    </p>
   </div>
   <div class='ocr_carea' id='block_1_116' title="bbox 2247 5375 3762 5455">
    <p class='ocr_par' dir='ltr' id='par_1_116' title="bbox 2247 5375 3762 5455">
     <span class='ocr_line' id='line_1_116' title="bbox 2247 5375 3762 5455; baseline 0.003 -25"><span class='ocrx_word' id='word_1_824' title='bbox 2247 5376 2487 5430; x_wconf 89' lang='lat' dir='ltr'><strong>conditio</strong></span> <span class='ocrx_word' id='word_1_825' title='bbox 2518 5375 2796 5443; x_wconf 77' lang='lat' dir='ltr'><strong>iudicetur</strong></span> <span class='ocrx_word' id='word_1_826' title='bbox 2828 5394 2840 5429; x_wconf 93' lang='lat'>:</span> <span class='ocrx_word' id='word_1_827' title='bbox 2872 5375 3062 5435; x_wconf 86' lang='lat' dir='ltr'><strong>Omnis</strong></span> <span class='ocrx_word' id='word_1_828' title='bbox 3093 5385 3294 5455; x_wconf 90' lang='lat' dir='ltr'><strong>quippe</strong></span> <span class='ocrx_word' id='word_1_829' title='bbox 3336 5397 3573 5441; x_wconf 87' lang='lat' dir='ltr'><strong>creatura</strong></span> <span class='ocrx_word' id='word_1_830' title='bbox 3600 5395 3762 5449; x_wconf 84' lang='lat' dir='ltr'><strong>conge-</strong></span> 
     </span>
    </p>
   </div>
   <div class='ocr_carea' id='block_1_117' title="bbox 2248 5468 3761 5543">
    <p class='ocr_par' dir='ltr' id='par_1_117' title="bbox 2248 5468 3761 5543">
     <span class='ocr_line' id='line_1_117' title="bbox 2248 5468 3761 5543; baseline 0.005 -20"><span class='ocrx_word' id='word_1_831' title='bbox 2248 5468 2431 5523; x_wconf 81' lang='lat' dir='ltr'><strong>miscit</strong></span> <span class='ocrx_word' id='word_1_832' title='bbox 2456 5478 2512 5522; x_wconf 88' lang='lat' dir='ltr'><strong>et</strong></span> <span class='ocrx_word' id='word_1_833' title='bbox 2554 5468 2808 5525; x_wconf 87' lang='lat' dir='ltr'><strong>condolet</strong></span> <span class='ocrx_word' id='word_1_834' title='bbox 2828 5472 2897 5523; x_wconf 78' lang='lat'><strong>“.</strong></span> <span class='ocrx_word' id='word_1_835' title='bbox 2922 5490 2942 5522; x_wconf 75' lang='grc' dir='ltr'><strong><em>ι</em></strong></span> <span class='ocrx_word' id='word_1_836' title='bbox 2982 5472 3117 5529; x_wconf 91' lang='lat' dir='ltr'><strong>Tum</strong></span> <span class='ocrx_word' id='word_1_837' title='bbox 3155 5476 3209 5531; x_wconf 90' lang='lat' dir='ltr'><strong>in</strong></span> <span class='ocrx_word' id='word_1_838' title='bbox 3254 5479 3398 5533; x_wconf 85' lang='lat' dir='ltr'><strong>hunc</strong></span> <span class='ocrx_word' id='word_1_839' title='bbox 3444 5494 3610 5533; x_wconf 83' lang='lat' dir='ltr'><strong>rerum</strong></span> <span class='ocrx_word' id='word_1_840' title='bbox 3644 5472 3761 5543; x_wconf 71' lang='lat' dir='ltr'><strong>judi-</strong></span> 
     </span>
    </p>
   </div>
   <div class='ocr_carea' id='block_1_118' title="bbox 2248 5561 3757 5639">
    <p class='ocr_par' dir='ltr' id='par_1_118' title="bbox 2248 5561 3757 5639">
     <span class='ocr_line' id='line_1_118' title="bbox 2248 5561 3757 5639; baseline 0.005 -24"><span class='ocrx_word' id='word_1_841' title='bbox 2248 5561 2547 5615; x_wconf 88' lang='lat' dir='ltr'><strong>candarum</strong></span> <span class='ocrx_word' id='word_1_842' title='bbox 2575 5576 2796 5617; x_wconf 91' lang='lat' dir='ltr'><strong>censum</strong></span> <span class='ocrx_word' id='word_1_843' title='bbox 2824 5566 3046 5631; x_wconf 78' lang='lat' dir='ltr'><strong>coniicit</strong></span> <span class='ocrx_word' id='word_1_844' title='bbox 3072 5574 3313 5639; x_wconf 84' lang='lat' dir='ltr'><strong>angelos,</strong></span> <span class='ocrx_word' id='word_1_845' title='bbox 3337 5572 3545 5635; x_wconf 65' lang='lat' dir='ltr'><strong>coelum,</strong></span> <span class='ocrx_word' id='word_1_846' title='bbox 3570 5579 3757 5638; x_wconf 64' lang='lat' dir='ltr'><strong>qusque</strong></span> 
     </span>
    </p>
   </div>
   <div class='ocr_carea' id='block_1_119' title="bbox 2246 5654 3756 5732">
    <p class='ocr_par' dir='ltr' id='par_1_119' title="bbox 2246 5654 3756 5732">
     <span class='ocr_line' id='line_1_119' title="bbox 2246 5654 3756 5732; baseline 0.003 -27"><span class='ocrx_word' id='word_1_847' title='bbox 2246 5666 2408 5732; x_wconf 83' lang='lat' dir='ltr'><strong>supra</strong></span> <span class='ocrx_word' id='word_1_848' title='bbox 2466 5663 2521 5707; x_wconf 91' lang='lat' dir='ltr'><strong>et</strong></span> <span class='ocrx_word' id='word_1_849' title='bbox 2568 5654 2711 5708; x_wconf 83' lang='lat' dir='ltr'><strong>inl‘ra</strong></span> <span class='ocrx_word' id='word_1_850' title='bbox 2777 5656 2995 5712; x_wconf 76' lang='lat' dir='ltr'><strong>cmlum&#39;</strong></span> <span class='ocrx_word' id='word_1_851' title='bbox 3045 5672 3209 5725; x_wconf 87' lang='lat' dir='ltr'><strong>sunt,</strong></span> <span class='ocrx_word' id='word_1_852' title='bbox 3275 5675 3468 5720; x_wconf 88' lang='lat' dir='ltr'><strong>terram</strong></span> <span class='ocrx_word' id='word_1_853' title='bbox 3519 5664 3667 5732; x_wconf 81' lang='lat' dir='ltr'><strong>ipsam</strong></span> <span class='ocrx_word' id='word_1_854' title='bbox 3712 5665 3756 5710; x_wconf 88' lang='lat' dir='ltr'><strong>et</strong></span> 
     </span>
    </p>
   </div>
   <div class='ocr_carea' id='block_1_120' title="bbox 2248 5730 3750 5824">
    <p class='ocr_par' dir='ltr' id='par_1_120' title="bbox 2248 5730 3750 5824">
     <span class='ocr_line' id='line_1_120' title="bbox 2248 5730 3750 5824; baseline 0.007 -27"><span class='ocrx_word' id='word_1_855' title='bbox 2248 5730 2449 5799; x_wconf 79' lang='lat' dir='ltr'><strong>aerem.</strong></span> <span class='ocrx_word' id='word_1_856' title='bbox 2486 5744 2600 5811; x_wconf 88' lang='lat' dir='ltr'><strong>Qua</strong></span> <span class='ocrx_word' id='word_1_857' title='bbox 2647 5747 2712 5802; x_wconf 92' lang='lat' dir='ltr'><strong>de</strong></span> <span class='ocrx_word' id='word_1_858' title='bbox 2750 5748 3007 5818; x_wconf 90' lang='lat' dir='ltr'><strong>opinione</strong></span> <span class='ocrx_word' id='word_1_859' title='bbox 3031 5751 3140 5809; x_wconf 90' lang='lat' dir='ltr'><strong>late</strong></span> <span class='ocrx_word' id='word_1_860' title='bbox 3170 5730 3666 5824; x_wconf 75' lang='lat' dir='ltr'><strong>disseruimus,cum</strong></span> <span class='ocrx_word' id='word_1_861' title='bbox 3698 5748 3750 5802; x_wconf 77' lang='lat' dir='ltr'><strong>de</strong></span> 
     </span>
    </p>
   </div>
  </div>
