4068 6308
315 351 417 410 997

1151 338 1720 403 ORIGENIANORUM
1762 333 1888 392 LIB.
1936 334 2002 401 ll,
2036 334 2186 391 CAP.
2228 332 2292 398 ll,
2327 330 2606 399 QUEST.
2652 331 2745 388 XI.

3451 334 3556 389 998

316 473 524 545 angelis
563 482 618 528 et
640 470 706 528 de
735 471 1003 528 sideribus
1037 484 1340 540 ageremus.
1364 468 1594 535 Quinam
1623 474 1885 537 pmterea
1917 462 1963 518 A
1990 455 2233 510 omnium
2294 452 2571 509 Christum
2630 460 2825 505 natura
2885 458 2941 506 et
3000 449 3283 520 majestate
3329 451 3555 545 cunctis

318 566 372 620 in
442 565 709 634 judicium
786 562 1007 620 sistendi
1086 562 1229 626 sint,
1295 557 1533 628 ignorari
1603 558 1882 614 declarat:

320 676 342 710 ι
370 658 564 714 Utrum
592 667 771 711 autem
794 668 984 709 omnes
1002 660 1245 722 gentes,»
1280 651 1453 719 inquit
1477 656 1690 703 tractat.
1720 660 1888 700 xxxiv

314 752 372 805 in
402 748 617 814 Matth"
655 764 804 803 num.
842 747 930 811 70,
963 763 981 797 ι
1007 745 1073 799 ab
1099 743 1351 798 omnibus
1384 755 1503 810 quae
1535 741 1588 794 in
1620 740 1877 795 omnibus

316 837 758 910 generationibus
794 836 1023 902 fuerint,
1050 844 1144 889 aut
1173 833 1276 887 illae
1308 842 1513 887 tantum
1538 848 1657 901 qua:
1687 837 1739 887 in
1766 846 1889 885 con-

317 929 678 984 summatione
710 925 909 982 fuerint
934 925 1231 988 derelictae,
1258 933 1352 978 aut
1393 923 1498 979 illae
1526 931 1733 977 tantum
1764 938 1884 992 quae

319 1019 670 1075 crediderunt
696 1020 748 1073 in
775 1017 945 1072 Deum
978 1030 1074 1088 per
1097 1015 1374 1071 Christum
1401 1030 1417 1080 ;
1458 1025 1512 1069 et
1544 1015 1673 1083 ipsae
1700 1023 1883 1068 utrum

317 1124 528 1175 omnes,
555 1125 622 1164 an
669 1125 775 1164 non
804 1122 1014 1172 omnes,
1058 1123 1164 1162 non
1198 1108 1332 1161 satis
1355 1115 1438 1162 est
1465 1105 1832 1161 manifestum.
1863 1123 1880 1156 ι

320 1200 397 1255 De
427 1200 613 1255 eodem
643 1201 805 1255 etiam
834 1198 1059 1269 ambigit
1089 1207 1307 1252 tractat.
1337 1212 1445 1250 xxx
1467 1196 1518 1250 in
1544 1197 1682 1251 idem
1711 1196 1888 1250 Evan-

319 1292 535 1364 gelium,
573 1307 718 1346 nmn.
750 1291 837 1346 51.
859 1294 926 1344 At
952 1290 1007 1344 in
1039 1305 1219 1344 veram
1250 1297 1426 1345 tamen
1454 1299 1510 1344 et
1533 1290 1885 1344 orthodoxam

318 1385 642 1440 sententiam
693 1383 902 1438 videtur
944 1383 1247 1437 concedere
1299 1381 1393 1435 lib.
1421 1398 1458 1435 ιι
1508 1382 1564 1434 in
1614 1380 1787 1448 Epist.
1815 1383 1885 1435 ad

321 1474 495 1538 Rom.,
528 1490 675 1528 num.
718 1474 773 1537 4,
806 1488 929 1543 pag.
967 1472 1071 1526 479
1105 1471 1167 1543 (si
1198 1487 1317 1541 quae
1355 1470 1533 1526 Ruﬁni
1565 1472 1888 1542 interpreta-

320 1567 449 1621 tioni
494 1566 626 1621 Iides
659 1565 903 1620 habenula
954 1562 1084 1633 est),
1133 1578 1431 1634 omnesque
1456 1566 1679 1620 omnino
1710 1566 1888 1620 homi-

318 1666 415 1708 nes
463 1654 515 1706 in
556 1667 809 1721 supremo
836 1651 928 1705 illo
953 1650 1293 1723 διαδικασμῷ
1342 1652 1667 1720 judicandos
1717 1667 1886 1723 agno-

318 1758 490 1799 scere.
523 1762 541 1795 ι
573 1742 890 1812 Requiritur
922 1758 1080 1805 sane.
1125 1743 1322 1812 inquit,
1354 1759 1383 1797 a
1416 1744 1765 1812 quibusdam,
1790 1760 1888 1799 cur

1990 546 2321 613 eminentem
2370 545 2735 612 introspicere
2787 543 2977 606 corda,
3044 550 3101 595 et
3162 538 3553 595 conscientiam

1986 637 2345 708 singulorum,
2380 635 2734 691 manifestare
2775 635 3008 696 occulta.
3036 642 3091 688 et
3140 633 3355 687 obtecta
3395 645 3556 685 reve-

1988 728 2126 796 lare,
2168 736 2228 781 ut
2276 735 2333 781 et
2377 726 2535 782 bonis
2577 726 2788 781 artibus
2837 724 3049 779 Iaudem
3081 724 3299 789 tribuat,
3336 733 3391 778 et
3426 722 3553 778 mali

1988 834 2229 891 patriam,
2265 833 2425 886 quam
2469 824 2767 882 merentur,
2801 815 3095 885 excipiant.
3129 834 3147 866 ι
3194 814 3393 882 Nempe
3419 816 3547 869 alle-

1987 910 2156 981 goriis
2193 910 2307 966 suis
2345 911 2617 965 sincerum
2659 908 2787 963 illud
2821 909 3013 978 dogma
3056 907 3323 975 corrupit,
3363 923 3383 957 ‹
3406 909 3551 975 quod

1988 1004 2043 1056 in
2074 1001 2418 1057 confessione
2446 1015 2509 1055 ac
2543 999 2887 1070 professione
2918 1008 3066 1054 tenet
3098 999 3274 1053 omnis
3309 998 3551 1052 Ecclesia

1986 1090 2081 1146 Dei
2126 1090 2240 1143 veri
2269 1108 2288 1141 ι
2336 1089 2437 1161 (ait
2481 1089 2818 1160 Augustinus
2866 1088 2961 1141 lib.
3014 1103 3084 1141 xx
3125 1086 3203 1142 De
3239 1088 3383 1143 civit.
3429 1087 3550 1153 Dei,

1986 1197 2108 1253 cap.
2146 1180 2221 1252 l),
2266 1180 2582 1235 «Christum
2629 1181 2696 1235 de
2761 1178 2902 1234 ccelo
2962 1193 3084 1233 esse
3135 1189 3426 1234 venturum
3484 1181 3551 1233 ad

1987 1274 2140 1329 vivos
2174 1282 2229 1328 et
2259 1279 2500 1328 mortuos
2540 1272 2907 1340 judicaudos;
2930 1288 2948 1321 ι
2977 1285 3082 1325 non
3123 1270 3284 1325 modo
3323 1285 3419 1340 per
3444 1273 3551 1325 vim

1986 1374 2041 1420 et
2070 1364 2406 1433 majestatem
2433 1379 2585 1421 suam
2614 1362 2799 1418 omnia
2833 1361 3211 1431 complentem,
3243 1375 3555 1432 mentesque

1986 1457 2229 1511 omnium
2268 1458 2696 1519 collustrantem,
2726 1463 2781 1508 et
2818 1454 2870 1507 in
2904 1463 3148 1508 actorum
3176 1469 3397 1507 suorqu
3442 1466 3554 1507 me-

1991 1546 2219 1601 moriam
2252 1554 2701 1616 retorquentem;
2736 1544 2832 1599 sed
2863 1558 3092 1613 corpore
3118 1554 3464 1613 praesentem,
3498 1552 3555 1596 et

1991 1638 2237 1693 homines
2265 1639 2548 1693 universos
2574 1638 2626 1692 in
2657 1650 2824 1689 unum
2871 1635 3252 1702 adducentem,
3280 1645 3335 1691 et
3358 1651 3552 1707 supre-

1992 1742 2079 1781 ma
2118 1743 2182 1782 ac
2216 1729 2518 1783 decretoria
2562 1726 2833 1783 sententia
2874 1739 2962 1779 res
3002 1725 3284 1779 hominum
3333 1739 3554 1795 compo-

317 1833 569 1897 dieshic,
611 1801 810 1902 de-quo
838 1801 1086 1902 superius
1140 1801 1496 1889 bibliothecas
1542 1801 1885 1905 prophelicas

1992 1828 2228 1875 uentem.
2259 1819 2330 1874 At
2363 1819 2449 1872 hic
2479 1832 2694 1888 quoque
2726 1814 3135 1870 meminerimus
3162 1813 3397 1868 nondum
3433 1827 3553 1868 cer~

317 1924 608 1989 movimus,
643 1924 694 1978 in
728 1925 834 1978 fine
869 1923 1051 1978 mundi
1082 1931 1322 1980 statutus
1370 1926 1463 1991 sit,
1492 1935 1550 1979 ut
1573 1941 1765 1982 omnes
1791 1930 1883 1997 qui

318 2018 388 2072 ab
444 2016 598 2071 initio
641 2017 818 2070 saeculi
872 2032 1045 2086 usque
1095 2017 1162 2071 ad
1213 2018 1375 2072 linem
1437 2016 1606 2087 ipsius
1646 2019 1888 2075 defuncti

319 2116 467 2169 sunt,
499 2105 565 2159 ad
619 2104 762 2161 hunc
814 2106 1060 2161 ultimum
1102 2107 1245 2164 diem
1288 2106 1564 2178 judicaudi
1601 2126 1888 2168 reserven-

321 2205 429 2250 IIII'.
462 2212 483 2249 δ

388 2280 452 2336 ll.
495 2301 514 2335 ι
547 2282 681 2339 Item
712 2258 1048 2341 tractandu‘m
1082 2297 1164 2343 est
1196 2289 1379 2343 utrum
1429 2290 1483 2345 in
1527 2289 1648 2347 loco
1677 2292 1889 2351 futurus

319 2386 403 2429 est
438 2375 737 2433 Salvatoris
770 2379 1033 2435 adventus
1080 2381 1132 2434 in
1179 2380 1374 2451 gloria,
1411 2398 1480 2437 an
1516 2384 1744 2441 alteram
1790 2404 1888 2444 ex-

317 2468 637 2536 positionem
671 2470 932 2526 debemus
977 2473 1286 2540 exquirere.
1321 2474 1453 2541 Quis
1486 2477 1633 2530 enim
1667 2480 1770 2533 erit
1807 2480 1887 2535 lo-

316 2573 415 2614 cus
454 2560 568 2625 ille,
602 2570 662 2616 ut
693 2563 875 2633 capiat
914 2564 969 2618 in
1011 2581 1120 2619 uno
1156 2576 1371 2636 aspectu
1406 2576 1461 2622 et
1495 2582 1686 2625 omnes
1728 2585 1889 2641 auge-

317 2649 397 2703 los
444 2651 725 2707 venientes
777 2667 898 2707 cum
946 2654 1185 2720 Christo,
1231 2665 1287 2711 et
1328 2671 1520 2714 omnes
1558 2669 1748 2729 gentes
1779 2660 1889 2717 illic

313 2744 715 2823 eungregatas?
749 2742 815 2798 Et
843 2744 911 2800 de
952 2747 1079 2801 sede
1113 2746 1298 2815 gloriae.
1342 2748 1462 2818 ejus
1517 2750 1648 2819 quid
1691 2761 1777 2806 est
1814 2752 1889 2807 di-

314 2834 587 2889 cendum?
621 2834 782 2890 Putas
824 2837 1106 2905 corporale
1149 2838 1368 2908 aliquod
1401 2841 1720 2897 subsellium
1757 2845 1884 2909 erit,

319 2934 417 2981 aut
457 2927 621 2980 etiam
674 2927 775 2982 hoc
820 2942 956 2996 opus
995 2929 1161 2985 habet
1210 2930 1663 2999 interpretatione
1713 2937 1886 2990 subti-

321 3015 540 3070 liore?»
593 3016 718 3072 Ilaec
757 3017 949 3072 scribit
999 3018 1266 3088 Origenes
1324 3031 1543 3079 tractat.
1604 3041 1774 3080 xxxtv
1830 3026 1886 3080 in

320 3104 538 3199 Manta,
576 3123 729 3162 num.
763 3109 853 3173 70,
879 3107 946 3162 de
981 3108 1099 3164 loco
1128 3118 1183 3165 et
1211 3111 1369 3165 modo
1394 3111 1590 3180 judicii
1622 3114 1880 3182 postremi
1910 3136 1957 3199 ο

317 3197 639 3268 ambigens;
669 3213 733 3253 ac
773 3199 1064 3268 respondet
1097 3203 1437 3269 postmodum
1480 3211 1590 3256 tum
1624 3204 1885 3260 adventu-

317 3304 439 3342 rum
472 3288 771 3356 Christum,
803 3304 925 3342 cum
961 3290 1228 3345 universis
1281 3291 1599 3348 hominibus
1640 3308 1761 3349 sese
1790 3309 1887 3350 co-

316 3381 686 3450 gnoscendum
720 3382 892 3445 dabit,
928 3398 946 3431 ι
972 3392 1095 3435 ante
1115 3381 1300 3437 oculos
1331 3383 1533 3438 mentis
1564 3397 1749 3438 eorum
1775 3384 1885 3453 jam

317 3486 427 3525 non
463 3471 584 3526 fidei
618 3481 711 3525 aut
746 3471 1042 3543 diligentias
1066 3471 1293 3542 alicujus
1326 3475 1677 3544 inquisitione
1702 3492 1888 3547 reper-

319 3571 431 3627 tus,
459 3562 554 3617 sed
594 3562 764 3631 ipsius
800 3560 1103 3615 divinitatis
1137 3576 1248 3615 suae
1283 3562 1722 3620 manifestatioue
1748 3583 1889 3637 pra:-

318 3654 460 3708 Iatus
483 3669 498 3717 ;
524 3672 543 3705 ›
580 3663 634 3708 et
672 3668 795 3708 cum
840 3662 1063 3722 peccata
1096 3668 1191 3707 sua
1242 3668 1304 3708 ac
1333 3654 1562 3710 virtutes
1596 3659 1887 3727 unusquis-

315 3760 426 3815 que
476 3743 765 3800 manifesto
800 3746 995 3800 intuitu
1046 3744 1431 3813 perlustrabit;
1485 3757 1650 3817 atque
1681 3763 1746 3804 eo
1792 3764 1887 3819 pa-

316 3846 409 3891 cto
440 3847 759 3891 eventurum
792 3837 960 3892 illud:
1003 3856 1022 3890 ι
1051 3837 1544 3910 Cougregabuntur
1588 3850 1716 3895 ante
1765 3856 1886 3898 eum

316 3944 510 3985 omnes
531 3939 723 4001 gentes
738 3932 804 3985 ³³.
829 3952 847 3985 ι
884 3930 993 3987 Nec
1022 3943 1229 3987 certum
1269 3933 1501 4002 aliquem
1531 3933 1731 3989 ultima:
1764 3936 1888 3992 huic

317 4021 701 4092 disceptationi
756 4022 933 4078 locum
968 4024 1193 4089 addicit,
1243 4024 1334 4079 sed
1369 4045 1387 4077 ε
1414 4024 1643 4095 Ubique,
1690 4025 1885 4094 inquit,

318 4111 536 4167 futurus
568 4123 653 4168 est
694 4115 969 4182 Christus,
1007 4125 1063 4170 et
1092 4117 1204 4184 ipse
1237 4116 1289 4169 in
1326 4124 1616 4185 conspectu
1648 4121 1887 4170 omnium

317 4206 426 4258 erit
456 4205 675 4275 ubique,
709 4218 764 4261 et
805 4222 995 4263 omnes
1031 4210 1233 4277 ubique
1277 4217 1437 4261 erunt
1486 4208 1538 4262 in
1595 4219 1887 4277 conspectu

319 4296 523 4365 ipsius;
557 4307 611 4352 et
636 4298 716 4352 sic
748 4301 1145 4354 constituentur
1165 4308 1291 4354 ante
1321 4299 1502 4355 sedem
1530 4300 1716 4369 gloriae
1750 4298 1890 4367 ejus,

320 4389 425 4442 hoc
485 4399 570 4443 est
621 4400 746 4443 ante
792 4405 1015 4461 regnum
1071 4390 1207 4458 ejus,
1244 4399 1299 4445 et
1349 4400 1674 4460 potestatem
1718 4391 1890 4445 domi-

319 4482 558 4538 nationis
593 4484 797 4554 ipsius;
834 4504 852 4536 ι
888 4495 940 4538 et
973 4484 1132 4555 paulo
1178 4492 1297 4554 post
1329 4503 1342 4538 :
1380 4503 1400 4537 ι
1432 4483 1526 4539 Sic
1555 4494 1719 4539 erunt
1752 4494 1881 4538 ante
1916 4474 1961 4529 Ι)

320 4587 467 4638 eum,
507 4584 564 4627 ut
602 4591 706 4629 non
742 4575 984 4630 localiter
1012 4576 1294 4631 audiamus
1325 4591 1516 4631 omnes
1547 4586 1736 4644 gentes
1765 4575 1881 4631 ﬁeri

320 4672 447 4716 ante
501 4678 645 4717 eum.
670 4682 688 4715 ι
728 4664 936 4719 Similia
967 4664 1243 4733 jactautur
1278 4666 1370 4720 lib.
1416 4682 1467 4719 Ix
1510 4667 1563 4719 in
1599 4663 1772 4733 Epist.
1806 4664 1876 4718 ad

318 4751 494 4819 Rom.,
528 4772 676 4810 num.
703 4756 797 4825 41,
831 4772 949 4827 pag.
988 4757 1115 4824 662,
1147 4758 1237 4812 ubi
1268 4774 1296 4812 a
1331 4758 1504 4812 sacris
1527 4757 1879 4826 scriptoribus

321 4859 576 4919 usurpata
627 4850 825 4911 dicitur
861 4848 1190 4917 judiciorum
1261 4852 1618 4905 humanorum
1681 4849 1881 4917 forma,

320 4955 427 5009 quo
474 4940 735 5011 judiciqu
785 4942 911 4995 illud
966 4951 1270 4996 extremum
1315 4941 1522 4996 Christi
1585 4940 1880 4995 dilucidius

320 5032 702 5101 explicaretur.
732 5050 752 5084 ‹
777 5033 1049 5088 Declarari
1083 5034 1346 5098 videmus,
1383 5032 1580 5102 inquit,
1609 5046 1674 5085 cx
1707 5031 1888 5085 omni-

322 5122 424 5177 bus
449 5124 754 5179 certissime
799 5125 1051 5179 futurum
1094 5139 1217 5180 esse
1257 5124 1521 5193 judicium
1580 5124 1697 5187 Dei,
1729 5121 1883 5190 cujus

323 5218 533 5284 species
568 5226 625 5271 ut
656 5217 834 5272 notior
860 5218 1175 5273 hominibus
1204 5220 1382 5282 fieret,
1400 5216 1679 5287 judicandi
1714 5215 1887 5270 Iorma

323 5326 390 5366 ex
420 5309 487 5364 iis
510 5323 629 5378 quae
664 5309 805 5364 inter
833 5310 1081 5365 homines
1102 5318 1384 5380 geruntur,
1410 5317 1682 5377 assumpta
1715 5316 1835 5373 est;
1863 5326 1883 5359 ι

324 5412 490 5470 atque
522 5401 594 5454 ita
637 5401 1005 5468 mctaphorice
1036 5401 1148 5454 vult
1197 5400 1422 5471 intelligi
1456 5399 1725 5454 excelsum
1756 5398 1888 5453 illud

325 5492 527 5547 Christi
566 5489 824 5554 tribunal,
856 5501 910 5545 et
955 5490 1224 5560 reliquum
1268 5489 1538 5546 tremendi
1592 5489 1736 5544 illius
1781 5488 1887 5543 diei

327 5593 669 5653 apparatum,
689 5582 926 5653 illudque
956 5583 1223 5639 duntaxat
1246 5583 1559 5653 tenendum,
1593 5600 1613 5635 ι
1637 5579 1886 5637 Iudicem

401 5762 654 5823 "Matth.
688 5776 811 5827 xxv,
849 5760 940 5815 ⁸52.

1994 1910 2061 1963 tis
2095 1909 2289 1964 finibus
2319 1907 2615 1964 Ecclesium
2645 1906 2744 1961 bas
2770 1906 3097 1975 quaestiones
3128 1913 3257 1958 tunc
3297 1903 3555 1974 temporis

1988 2001 2245 2070 sepsisse.

2536 2087 2861 2158 QUASSTIO
2901 2087 2994 2143 XI.

2437 2198 2504 2238 DE
2542 2198 2715 2237 PCBNIS
2743 2198 2813 2236 ΕΤ
2852 2195 3099 2237 PBBIIIIS.

1987 2275 2030 2331 I.
2074 2275 2318 2347 Origenis
2362 2276 2569 2347 opinio_
2595 2291 2659 2347 ea:
2704 2276 2866 2347 ipsius
2926 2272 3210 2347 principiis
3250 2275 3552 2347 summatim

2057 2343 2352 2402 deducitur.
2395 2343 2469 2401 II.
2524 2343 2726 2398 Eadem
2774 2345 2964 2398 deinde
2992 2344 3163 2410 fusius
3193 2343 3355 2409 ipsius
3389 2345 3551 2396 verbis

2060 2418 2379 2469 declaratur.
2409 2416 2483 2468 Ac
2512 2416 2736 2482 primum
2764 2416 2827 2467 de
2853 2417 3034 2482 ptenis.
3096 2411 3284 2465 Omnes
3322 2410 3553 2466 homines

2058 2486 2175 2555 igne
2203 2482 2578 2538 examinandos
2608 2484 2721 2555 [ore
2752 2485 2933 2555 sensit.
2975 2482 3060 2555 III.
3092 2482 3288 2555 Deinde
3320 2483 3375 2534 in
3402 2484 3550 2535 varia

2056 2551 2171 2606 loca
2216 2570 2312 2623 pro
2354 2555 2550 2608 meritis
2583 2554 2954 2623 dimittendos;
2995 2551 3080 2605 IV.
3111 2551 3183 2602 Ac
3217 2555 3551 2614 torquendus.

2060 2624 2124 2677 V.
2176 2621 2370 2689 Quales
2423 2621 2874 2692 pwuasgfuturas
2927 2624 3218 2692 arbitratus
3273 2623 3379 2684 sit;
3426 2624 3552 2688 quid

2057 2695 2227 2763 ignem
2264 2690 2537 2746 atternvum.
2575 2690 2671 2746 VI.
2702 2692 2907 2763 Ecquas
2951 2704 3141 2763 praeter
3178 2690 3349 2763 ignem
3377 2707 3551 2754 pwnus

2057 2759 2278 2817 ntortuis
2314 2763 2625 2831 inﬂigendas
2674 2762 3001 2831 decreverit.”
3029 2762 3141 2831 VII.
3169 2760 3248 2831 lia:
3278 2759 3360 2831 his
3394 2764 3553 2813 vat-ite

2059 2834 2306 2888 adversus
2352 2829 2471 2885 eum
2501 2832 2913 2886 criminationes.
2945 2830 3075 2885 VIII.
3110 2829 3216 2884 Sed
3250 2829 3334 2881 sui
3382 2841 3553 2882 tamen

2055 2905 2103 2956 ei
2130 2920 2232 2956 non
2268 2904 2450 2955 desunt
2496 2901 2891 2968 astipulatores,
2921 2917 3118 2970 suaque
3160 2898 3415 2964 defensio.
3457 2899 3546 2953 IX.

2059 2973 2133 3025 De
2174 2974 2406 3042 prcemiis
2444 2973 2637 3040 agitur,
2667 2980 2718 3042 et
2755 2972 2938 3042 inquo
2982 2973 3207 3042 positam
3249 2978 3554 3042 sanctorum

2058 3038 2360 3096 beatitatem
2410 3038 2626 3096 voluerit
2683 3039 2955 3104 Origenes,
2998 3040 3309 3106 explicatur.
3358 3038 3423 3091 X.
3458 3038 3555 3091 lie-

2056 3124 2332 3167 censentur
2375 3114 2506 3166 uarii
2535 3114 2729 3178 gradus
2769 3125 2862 3177 per
2887 3126 3016 3178 quos
3048 3110 3115 3162 ad
3146 3125 3261 3162 eam
3293 3109 3554 3174 perveniri

2058 3186 2239 3237 sensit.
2276 3182 2365 3236 XI.
2407 3181 2482 3233 De
2526 3184 2661 3244 loco,
2704 3196 2806 3248 quo
2850 3182 3054 3232 animas
3102 3190 3401 3233 sanctorum
3432 3196 3557 3231 con-

2054 3256 2313 3322 quiescere
2332 3249 2855 3322 docuit,_disputatur
2904 3263 2921 3301 :
2970 3265 3147 3322 nempe
3178 3248 3555 3322 de__c_t_z_lo_nouo

2056 3315 2102 3376 et
2149 3335 2290 3374 terra
2334 3337 2488 3374 nova.
2530 3315 2648 3372 XII.
2670 3320 2742 3371 Ac
2794 3320 2857 3371 de
2905 3315 3177 3384 paradiso.
3231 3315 3368 3370 XIII.
3402 3315 3555 3370 Unde

2055 3394 2164 3448 [nec
2194 3390 2543 3453 transtulerit,
2568 3389 2881 3458 exquiritur.
2913 3386 3048 3440 XIV.
3072 3387 3307 3458 Hingin
3321 3385 3555 3458 j’atrum

2062 3463 2347 3516 multarum
2401 3455 2822 3528 reprehensiones
2877 3457 3122 3511 incurr‘it.
3157 3455 3269 3528 XV.
3310 3455 3417 3509 Sed
3451 3457 3553 3507 ali-

2091 3551 2158 3585 ua
2190 3546 2363 3584 tamen
2404 3526 2465 3582 in
2494 3531 2609 3597 ejus
2644 3528 3034 3580 excusationem
3084 3526 3265 3595 a/j‘erri
3312 3537 3550 3597 possunt.

2116 3602 2197 3655 VI.
2222 3601 2409 3655 Utrum
2437 3609 2483 3651 et
2517 3594 2783 3667 'quomodo
2811 3598 2973 3665 poenis
3002 3594 3372 3667 damnatorum
3397 3594 3554 3661 ﬁnem

2056 3675 2362 3739 impositum
2390 3669 2479 3734 iri,
2511 3665 2559 3721 et
2588 3666 3044 3739 omniaungtmLin
3068 3666 3189 3739 _l_)eo
3226 3682 3316 3739 per
3348 3665 3557 3719 ἀποκαο

2056 3734 2312 3797 τάέττασιν
2351 3740 2530 3807 futura
2558 3748 2707 3790 ratus
2732 3737 2817 3789 sit.
2859 3734 3020 3807 XVII2
3054 3735 3183 3807 Non
3214 3737 3350 3788 alias
3374 3750 3554 3807 poenas

2057 3828 2215 3880 quam
2248 3802 2582 3881 purgatorias
2623 3807 2860 3881 admisit.
2909 3802 3087 3857 XVIII.
3128 3804 3267 3881 Quid
3292 3808 3357 3857 sit
3376 3802 3552 3881 juxta

2064 3874 2660 3950 Origenem'novissimu
2698 3876 3318 3950 inimicanmors,deque
3357 3874 3552 3950 dmino-

2060 3942 2184 4006 num
2207 3951 2368 4020 pinnis
2406 3948 2681 4020 quazritur.
2734 3943 2875 3997 XIX.
2909 3942 3102 4020 _Utrum_
3133 3944 3397 4020 beatitatis
3424 3959 3554 4020 φιρν

2059 4039 2157 4090 que
2207 4014 2427 4090 futura}
2484 4017 2714 4090 spatium
2769 4015 3003 4090 terminis
3056 4014 3549 4090 circumscripserit.

2060 4082 2178 4147 XX.
2217 4089 2419 4143 flerunt
2464 4082 2766 4149 doqmatum
2812 4083 2980 4152 fontes
3041 4096 3368 4138 reserantur.
3410 4082 3551 4136 XXI.

2063 4161 2283 4229 Propter
2312 4156 2405 4229 illa
2447 4174 2479 4209 α
2506 4150 2771 4229 _Patrib_us
2813 4150 3552 4229 yr_tttvi_ter_reprehensusuest.

2062 4222 2224 4287 XXII.
2257 4230 2337 4280 An
2369 4226 2535 4297 fuerit
2563 4295 2570 4297 ξ
2598 4228 2653 4297 in
2684 4225 2893 4297 iuet-esi
2933 4222 3336 4297 Chiliastarum.
3362 4222 3551 4297 XXIII.

2064 4299 2333 4355 Nonnulla
2361 4291 2573 4366 Urigeni
2603 4294 2927 4366 defendendo
2964 4296 3327 4366 adducuntur.
3361 4291 3550 4345 XXIV.

2062 4362 2666 4449 Νωιμιιηᾳυίερξίξοιξιμ
2685 4363 2912 4449 ndiaboli
2964 4381 3139 4428 poenas
3180 4362 3293 4429 [ore
3331 4373 3553 4449 {l’te‘rnas

2058 4432 2338 4496 assetierat‘.
2371 4435 2535 4489 XXV.
2566 4434 2641 4485 Ab
2682 4432 3000 4500 Origenmna
3030 4449 3183 4498 super
3215 4434 3378 4498 poenis
3405 4432 3554 4483 dant-

2060 4520 2302 4566 natorum
2330 4508 2568 4573 opinione
2613 4502 2802 4555 Patres
2844 4503 3179 4573 atiqnotgnon
3210 4503 3429 4554 multum
3467 4518 3552 4573 re-

2060 4584 2270 4635 cedunt.
2301 4570 2486 4631 XXVI.
2514 4573 2872 4641 Investigatur
2896 4570 3214 4640 signiﬁcatio
3254 4574 3393 4625 vocis
3419 4570 3553 4625 αἰώ-

2060 4668 2189 4713 νιος.

2061 4746 2102 4800 Ι.
2143 4732 2574 4799 Postremo'Dei
2632 4732 2861 4788 arbitrio
2917 4733 3225 4801 dijudicatis
3277 4734 3551 4788 hominum

1990 4838 2172 4900 rebus,
2215 4847 2311 4888 sua
2345 4842 2613 4900 quemque
2660 4825 2905 4896 praemia,
2954 4840 3067 4879 suae
3127 4840 3301 4894 ptenze
3365 4839 3554 4894 prose-

1989 4936 2247 5000 quenlur.
2278 4922 2337 4978 In
2389 4921 2542 4990 cujus
2574 4920 2651 4973 rei
2694 4918 3017 4973 tractatione
3043 4925 3250 4971 tantum
3286 4917 3390 4971 sibi
3436 4932 3556 4985 per-

1988 5020 2135 5075 misit
2168 5014 2450 5085 Origenes,
2487 5020 2547 5065 ut
2582 5025 2687 5064 non
2725 5009 2885 5062 aliam
2927 5012 2997 5063 ob
3046 5023 3266 5062 causam
3322 5007 3556 5077 majores

1988 5111 2042 5165 iu
2076 5124 2136 5164 se
2174 5105 2428 5177 querelas
2466 5101 2757 5158 concitarit
2780 5118 2794 5154 :
2818 5115 2941 5155 nam
2986 5108 3041 5153 et
3071 5097 3259 5168 quales
3289 5113 3462 5167 prauae
3490 5115 3556 5156 ac

1987 5204 2239 5274 praemia,
2291 5209 2346 5255 et
2398 5207 2601 5267 quanta
2642 5195 2823 5275 futura
2872 5194 3003 5258 sint,
3058 5194 3452 5263 pervestigans,
3499 5194 3555 5249 iu

1989 5296 2258 5351 absurdas
2304 5292 2589 5361 opiniones
2640 5288 2925 5357 prolapsus
2952 5295 3059 5351 est,
3085 5287 3211 5341 dum
3263 5286 3413 5342 falsis
3454 5288 3555 5342 do-

1990 5389 2175 5442 ctrina:
2206 5401 2319 5441 sua:
2352 5382 2636 5453 principiis
2664 5381 2912 5448 dogmata
2946 5379 3061 5433 haec
3093 5393 3307 5448 quoque
3336 5395 3555 5434 accom—

1990 5480 2195 5534 modat.
2227 5476 2472 5533 Diximus
2498 5474 2643 5529 enim
2664 5471 2779 5541 jam
2809 5484 2952 5540 saepe
2983 5480 3203 5540 putasse
3234 5471 3381 5525 illum
3406 5487 3558 5527 men-

1990 5578 2074 5626 tes
2104 5567 2328 5626 rationis
2356 5573 2639 5637 compotes
2666 5575 2766 5632 pro
2800 5558 3115 5616 meritorum
3144 5573 3367 5616 suorum
3395 5576 3555 5616 men-
