4068 6308
578 303 688 363 -θῗθ

1883 305 1941 359 Ρ.
1984 304 2301 362 DANIELIS
2338 301 2571 362 HUETll

3667 300 3785 360 ΗΟο

583 437 711 477 sura
741 435 806 475 ac
844 421 1006 476 modo
1035 420 1203 474 variis
1245 417 1459 488 ailjungi
1517 419 1873 489 corporibus;
1909 421 2149 474 subtilio-

2255 420 2435 475 inl'erri
2465 439 2477 472 :
2507 419 2665 482 Εἰκὸς
2694 418 2737 470 δ’
2757 419 2838 472 ὅτι
2879 419 2970 471 καὶ
3003 417 3215 487 ἑκάστῳ
3262 415 3372 470 τῶν
3419 416 3671 486 δεομένων
3703 424 3782 492 τῆς

587 515 757 576 ribus,
782 514 829 568 si
862 523 1009 568 recte
1055 527 1116 566 se
1165 511 1458 579 gesserint;
1495 513 1577 564 sin
1613 527 1793 574 secus,
1825 512 2079 582 gravibus
2102 521 2155 565 et

585 606 788 660 crassis
837 620 854 660 :
919 605 1247 666 easdemque
1289 604 1587 672 quemlibet
1627 612 1830 658 statum
1906 603 2150 672 adeptas,

586 696 800 776 arbitrii
849 695 932 749 sui
966 693 1220 748 libertate
1248 697 1314 748 ad
1361 697 1499 750 bene
1547 695 1632 748 vel
1695 696 1838 750 male
1885 694 2149 764 agendum

588 788 716 852 frui,
743 802 806 841 ac
835 796 1129 857 perpetuos
1160 799 1282 840 esse
1309 785 1535 855 proinde
1563 801 1591 838 a
1629 787 1886 854 supernis
1917 787 1981 840 ad
2007 785 2150 839 infe-

590 877 732 931 riora
755 877 934 944 lapsus
966 881 1021 928 et
1059 874 1287 928 reditus.
1320 877 1450 928 Inde
1495 874 1743 944 sequitur
1783 883 1992 928 certum
2036 872 2154 927 nul—

586 969 696 1021 lum
738 969 1015 1021 beatitatis
1051 967 1288 1020 futurum
1334 975 1581 1031 statum,
1636 967 1839 1020 nullum
1890 966 2150 1030 miseriae;

583 1075 903 1130 semperque
931 1060 1011 1113 vel
1047 1062 1100 1112 in
1143 1058 1424 1122 felicitate,
1469 1059 1553 1113 vel
1606 1059 1657 1112 in
1709 1058 1886 1127 pinnis
1943 1057 2154 1113 futuros

582 1167 904 1224 progressus
934 1163 1027 1206 aut
1063 1167 1365 1221 regressus,
1398 1161 1555 1221 prout
1599 1149 1651 1205 in
1687 1151 1819 1204 vitio
1854 1150 2048 1204 anima:
2073 1152 2154 1204 vel

586 1245 639 1298 in
687 1244 886 1298 virtute
960 1243 1294 1313 profecerint
1333 1257 1347 1295 :
1389 1257 1454 1298 ac
1511 1243 1894 1298 damnatorum
1955 1242 2154 1296 idcirco

584 1350 776 1406 pinnas
821 1345 876 1391 et
921 1337 1199 1390 beatorum
1234 1335 1429 1406 gaudia
1463 1333 1776 1404 neutiquam
1812 1334 1927 1389 fore
1955 1334 2155 1404 sempi-

587 1437 763 1482 terna.

657 1518 720 1572 ιι.
761 1517 1043 1588 Opinionis
1083 1519 1242 1573 istius
1287 1528 1473 1588 partes
1517 1519 1762 1588 singulas
1810 1521 1854 1574 si
1902 1520 2155 1575 subtilius

585 1612 835 1679 persequi
884 1610 1134 1673 velimus,
1165 1619 1218 1664 et
1251 1625 1356 1663 non
1402 1625 1466 1664 ex
1510 1609 1850 1680 Origenianae
1897 1611 2154 1666 doctrina:

583 1702 943 1766 connexione,
995 1704 1088 1756 sed
1143 1717 1206 1755 ex
1250 1701 1380 1769 ipsis
1426 1702 1736 1756 Adamantii
1796 1704 1975 1758 verbis
2011 1705 2152 1759 :esti-

586 1808 735 1848 mare
762 1793 998 1861 singula,
1077 1803 1131 1846 et
1178 1808 1512 1862 qttzecunqne
1553 1803 1811 1862 pra-terea
1839 1793 1891 1846 in
1920 1793 1972 1847 id
2000 1809 2157 1865 argu-

585 1897 825 1940 mentum
857 1885 1115 1940 disseruit
1137 1886 1418 1956 colligere,
1446 1900 1532 1939 res
1558 1885 1663 1938 erit
1708 1885 1920 1940 scilicet
1948 1887 1999 1940 in
2035 1901 2157 1954 pro-

583 1979 732 2034 clivi.
771 1978 1009 2032 Pritnuut
1061 1979 1241 2046 itaque
1288 1979 1534 2032 homines
1567 1993 1754 2030 omnes
1784 1977 1906 2047 igne
1947 1979 2155 2032 exami-

585 2077 770 2122 natum
799 2067 864 2121 iri
895 2067 1115 2122 deﬁnit:
1146 2070 1239 2122 sed
1277 2067 1348 2120 ita
1385 2076 1562 2121 tamen
1601 2079 1657 2120 ut
1691 2067 1842 2122 illazsi
1875 2078 1929 2123 et
1971 2071 2156 2125 illibati

583 2167 911 2229 prietereant
954 2160 1156 2224 sancti;
1205 2159 1490 2229 impiorum
1539 2175 1666 2213 vero
1718 2177 1869 2214 noxa:
1918 2171 1972 2215 et
2028 2163 2156 2216 vit-ia

585 2252 817 2307 ﬂammis
846 2263 1242 2321 excoquuntur.
1286 2270 1304 2302 ‹
1332 2251 1666 2305 Veniendum
1700 2261 1782 2304 est
1833 2267 1981 2320 ergo,
2009 2273 2027 2304 ι
2077 2253 2158 2305 in~

582 2341 698 2412 quit
751 2342 936 2396 homil.
992 2357 1038 2395 "I
1089 2343 1142 2394 in
1205 2341 1402 2405 Είτοάη
1453 2357 1599 2394 num.
1662 2340 1716 2407 4,
1751 2343 2041 2396 «οιιιιιίιιιιε
2091 2341 2156 2395 ad

582 2435 758 2503 ignem
784 2450 800 2499 ;
837 2434 1154 2487 veniendum
1187 2442 1275 2486 est
1308 2434 1374 2486 ad
1404 2429 1770 2486 conﬁatorium
1801 2451 1813 2486 :
1839 2431 1986 2486 sedet
2015 2433 2156 2486 enim

586 2526 864 2589 Dominus,
900 2535 953 2578 et
1010 2523 1232 2585 conﬁat,
1273 2534 1328 2576 et
1373 2531 1563 2590 purgat
1605 2520 1742 2576 ﬁlios
1791 2521 1923 2576 Jnda
1949 2521 2015 2576 “.
2051 2520 2155 2576 Sed

586 2630 641 2671 et
677 2617 801 2671 illuc
833 2633 955 2671 cum
1002 2618 1235 2682 venitur,
1266 2617 1309 2668 si
1345 2615 1468 2684 quis
1511 2616 1673 2669 multa
1707 2628 1871 2682 opera
1907 2613 2067 2679 bona,
2103 2625 2157 2669 et

587 2724 778 2778 parum
848 2708 1052 2774 aliquid
1102 2707 1406 2776 iniquitatis
1455 2705 1730 2772 attulerit,
1779 2704 1910 2758 illud
1963 2720 2154 2774 parum

586 2811 843 2869 tanquam
893 2800 1168 2870 plumbum
1219 2799 1328 2869 igni
1373 2799 1663 2852 resolvitur
1697 2813 1759 2852 ac
1789 2807 2070 2867 pttrgatnr,
2102 2806 2156 2850 et

586 2903 758 2947 totum
789 2901 1032 2947 remanet
1059 2906 1248 2945 aurum
1281 2907 1496 2960 purum.
1541 2891 1605 2945 Et
1632 2892 1674 2946 si
1713 2892 1853 2960 quis,
1891 2889 2006 2958 plus
2032 2888 2157 2942 illuc

585 2985 786 3054 plumbi
823 2984 1096 3046 detulerit,
1142 2983 1258 3052 plus
1307 2985 1576 3049 exuritur,
1619 2992 1678 3036 ιιι
1727 2982 1957 3051 amplius
1996 2983 2157 3034 deco-

584 3091 802 3148 quatur,
837 3087 895 3129 ιιι
926 3087 982 3130 et
1024 3077 1066 3131 si
1102 3091 1289 3145 parum
1328 3075 1531 3144 aliquid
1571 3077 1644 3129 sit
1692 3075 1834 3139 auri,
1868 3082 2152 3143 purgatum
2181 3093 2229 3156 ο

586 3178 768 3223 tamen
805 3167 1060 3221 resideat.
1101 3166 1252 3231 Quod
1295 3167 1338 3218 si
1373 3164 1567 3234 aliquis
1621 3165 1746 3218 illnc
1793 3175 1935 3218 totus
1983 3163 2154 3232 plutn-

585 3256 722 3309 beus
771 3254 1002 3317 venerit,
1044 3254 1135 3308 ﬁet
1167 3256 1232 3308 de
1284 3253 1374 3307 illo
1406 3256 1504 3308 hoc
1547 3255 1690 3323 quod
1732 3255 1990 3323 scriptum
2023 3264 2151 3308 est:

589 3345 942 3416 Demergetnr
992 3345 1044 3398 in
1093 3344 1446 3412 profundum,
1479 3353 1733 3412 tanquam
1773 3344 2053 3414 plumbum
2100 3345 2152 3398 in

584 3451 780 3505 aquam
837 3437 1223 3491 validissimam
1249 3437 1318 3490 ".
1350 3455 1368 3488 ι
1423 3436 1490 3490 Ει
1539 3437 1726 3495 ΙιοιιιὶΙ.
1781 3451 1842 3490 ιιι
1901 3437 1958 3491 in
2012 3437 2151 3506 psal.

585 3544 776 3592 xxxvr,
806 3543 955 3582 num.
989 3529 1013 3582 l
1047 3545 1060 3582 :
1097 3547 1114 3579 ι
1143 3528 1364 3582 Certum
1395 3538 1478 3582 est
1514 3530 1640 3598 quia
1682 3538 1864 3582 manet
1891 3543 1989 3584 nos
2016 3529 2156 3600 ignis

585 3621 676 3674 ille
718 3621 809 3689 qui
864 3630 1201 3690 praeparatus
1240 3631 1326 3675 est
1364 3622 1761 3690 peccatoribus,
1785 3630 1840 3673 et
1874 3620 2154 3675 veniemus

585 3711 842 3764 adsiliunt
879 3712 1081 3782 ignem,
1123 3712 1176 3765 itt
1212 3727 1318 3779 quo
1359 3711 1768 3782 uniuscujusque
1821 3729 1952 3780 opus
2000 3714 2156 3782 quale

586 3805 657 3856 sit
709 3803 848 3871 ignis
901 3803 1138 3872 probabit
1163 3804 1229 3856 ".
1289 3803 1375 3870 Et,
1431 3816 1488 3857 ttt
1527 3820 1626 3874 ego
1672 3805 1925 3868 arbitror,
1966 3820 2154 3859 omnes

590 3906 688 3944 nos
739 3891 925 3946 venire
965 3907 1186 3948 necesse
1243 3904 1328 3948 est
1374 3895 1441 3948 ad
1486 3895 1638 3947 illum
1697 3895 1897 3963 ignem.
1930 3894 2156 3948 Etiamsi

590 3981 792 4036 Paulus
824 3985 896 4036 sit
927 3984 1123 4050 aliquis
1157 3984 1240 4038 vel
1272 3984 1488 4050 Petrus,
1522 3987 1667 4039 venit
1701 3995 1876 4040 tamen
1908 3987 1973 4038 ad
2010 3986 2154 4040 illum

590 4074 788 4143 ignem.
838 4072 942 4128 Sed
987 4074 1058 4127 illi
1107 4076 1242 4129 tales
1289 4076 1554 4132 audiunt:
1587 4077 1812 4131 Etiamsi
1855 4095 1947 4148 per
1984 4077 2156 4147 ignem

592 4174 849 4231 transeas,
900 4169 1118 4237 ﬂamma
1175 4186 1278 4223 non
1314 4170 1498 4222 adurat
1539 4180 1586 4222 te
1608 4172 1675 4223 ’⁷.
1720 4169 1776 4224 Si
1802 4186 1930 4226 vero
1963 4171 2157 4239 aliquis

589 4257 782 4312 similis
829 4260 932 4313 mei
981 4270 1233 4328 peccator
1285 4261 1374 4319 sit,
1419 4261 1594 4314 veniet
1623 4261 1839 4329 quidem
1868 4263 1934 4316 ad
1974 4263 2152 4332 ignem

591 4349 763 4413 illum,
798 4351 940 4404 sicut
984 4349 1178 4405 Petrus
1205 4360 1259 4405 et
1285 4350 1504 4417 Paulus,
1540 4353 1633 4407 sed
1665 4367 1768 4406 non
1805 4353 1884 4408 sic
1911 4357 2154 4421 transiet,

592 4444 733 4496 sicut
762 4443 950 4498 Petrus
977 4454 1034 4498 et
1069 4442 1283 4498 Paulus.
1311 4463 1329 4497 ι
1367 4445 1442 4498 Ac
1473 4445 1616 4499 illius
1667 4445 1926 4501 transitus
1967 4448 2159 4502 discri-

594 4547 716 4584 men
757 4531 1118 4602 jlebra‘orum
1173 4533 1658 4606 [Egyptiorumqne
1710 4549 1805 4604 per
1853 4551 2001 4590 mare
2044 4536 2159 4590 liu-

593 4622 752 4678 brunt
813 4627 1068 4680 transitus
1110 4628 1513 4696 comparatione
1567 4627 1840 4695 explanat,
1902 4628 2155 4682 adductis

594 4717 802 4770 scilicet
851 4717 935 4771 his
985 4718 1133 4772 Pauli
1176 4720 1194 4772 Ι
1231 4721 1358 4775 Cor.
1395 4737 1480 4788 ιιι,
1520 4722 1635 4776 l5:
1678 4739 1696 4772 ‹
1728 4718 2160 4790 Uniuscnjusque

591 4823 730 4877 opus
772 4807 933 4877 quale
985 4809 1077 4869 sit,
1111 4809 1252 4878 ignis
1296 4812 1566 4879 probabit.
1591 4830 1611 4865 ι
1657 4811 1721 4865 Ει
1761 4811 1944 4866 bomil.
1982 4826 2073 4864 xtv
2102 4811 2159 4864 in

596 4899 726 4956 Luc.
759 4915 779 4954 :
817 4899 969 4969 «Ego
1006 4907 1156 4967 puto,
1191 4901 1330 4967 quod
1370 4912 1425 4955 et
1451 4911 1572 4970 post
1608 4902 2059 4956 resurrectionem
2092 4916 2161 4956 ex

595 4993 820 5047 mortuis
869 4991 1209 5061 indigeamus
1242 5002 1578 5046 sacramento
1620 4994 1835 5048 eluente
1873 5007 1972 5048 nos
2001 5003 2164 5065 atque

595 5094 899 5153 purgante;
932 5097 1088 5139 nemo
1119 5083 1261 5136 enim
1312 5085 1519 5153 absque
1572 5086 1823 5141 sordibus
1875 5100 2162 5154 resurgere

597 5177 830 5243 poterit;
882 5191 981 5230 nec
1034 5176 1197 5229 ullam
1247 5190 1405 5244 posse
1470 5177 1705 5230 animam
1756 5178 2004 5246 reperiri,
2043 5193 2163 5247 quae

598 5264 867 5318 universis
915 5267 1092 5319 statim
1140 5265 1286 5319 vitiis
1333 5274 1540 5319 careat.
1575 5283 1595 5316 ι
1635 5265 1701 5319 Ει
1745 5266 1840 5322 lib.
1885 5281 1917 5320 v
1967 5265 2163 5322 Contra

593 5355 824 5419 Celsum,
854 5371 1002 5409 num.
1041 5358 1130 5420 l5,
1163 5357 1482 5425 Epicureum
1531 5357 1671 5412 hunc
1721 5357 2026 5424 confutans,
2068 5359 2163 5430 qui

593 5461 868 5519 receptam
900 5450 1038 5518 apud
1065 5448 1410 5505 Christianos
1438 5449 1504 5502 de
1531 5451 1710 5504 tnundi
1735 5450 2160 5520 conflagratione

594 5543 902 5609 opinionem
948 5540 1229 5606 irridebat,
1259 5539 1390 5594 dicit
1433 5539 1608 5611 ignem
1643 5539 1896 5597 universo
1953 5542 2156 5596 mundo

2253 511 2341 564 διὰ
2387 510 2480 565 τοῦ
2528 511 2695 582 πυρὸς
2742 512 2894 582 δίκης
2945 511 3061 582 ἅμα
3112 511 3204 563 κα)⁵
3263 510 3526 580 ἰατρείας,
3573 511 3783 577 καίοντος

2256 607 2354 678 μὲν
2384 605 2477 658 καὶ
2507 605 2566 658 οὐ
2601 605 2988 668 κατακαίοντος
3011 605 3136 667 τοὺς
3172 603 3243 674 μὴ
3271 602 3493 672 ἔχοντας
3536 602 3657 674 ὓλην
3688 604 3782 660 δεο-

2257 698 2422 769 μένην
2451 695 2776 750 ἀναλοῦσθαι
2821 697 2915 748 ὑπ⁶
2953 694 3160 748 ἐκείνου
3208 694 3302 747 τοῦ
3336 695 3540 765 πυρός·
3573 695 3783 762 καεοντος

2252 789 2309 842 δὲ
2337 789 2432 842 καὶ
2467 788 2855 851 κατακαίοντος
2894 787 3020 849 τοὺς
3070 788 3129 840 ὲν
3172 788 3238 857 τῇ
3279 786 3370 839 διὰ
3409 785 3517 839 τῶν
3544 788 3783 858 πράξεων,

2251 878 2349 931 καὶ
2386 879 2580 947 λόγων,
2617 877 2712 931 καὶ
2743 877 3025 948 νοημάτων
3060 877 3334 945 τροπικῶς
3377 878 3636 952 λεγομένῃ
3672 882 3788 935 οἱκο-

2253 968 2387 1039 δομῇ
2418 966 2570 1032 ξύλα,
2607 966 2814 1038 χόρτον,
2849 965 3154 1036 ἥκαλάμην
3174 966 3645 1038 οἰκοδομήσαντας.
3675 967 3784 1024 Cant

2255 1060 2329 1113 ait
2361 1074 2492 1129 ergo
2531 1059 2626 1112 lib.
2655 1073 2751 1112 vnt
2783 1060 2835 1110 in
2863 1057 3028 1126 Epist.
3070 1059 3139 1110 ad
3175 1056 3352 1124 Rom.,
3390 1074 3538 1112 num.
3578 1060 3657 1124 l2,
3685 1076 3786 1132 pag.

2254 1151 2383 1216 6&0,
2410 1151 2722 1222 quicunque
2750 1151 2925 1204 Verbo
2951 1149 3040 1203 Dei
3074 1158 3331 1220 purgatus
3352 1164 3460 1204 non
3485 1149 3658 1215 fuerit,
3687 1153 3788 1208 hinc

2255 1244 2378 1314 igne
2407 1243 2776 1298 excruciatum
2831 1242 2896 1295 iri
2924 1259 2938 1308 ;
2975 1241 3100 1310 igne
3126 1258 3343 1311 quoque
3374 1243 3688 1312 lustratum,
3710 1250 3786 1299 sed

2256 1351 2360 1390 non
2407 1336 2658 1390 adustum
2711 1334 2777 1389 iri
2835 1333 3106 1404 intelligit,
3139 1335 3232 1406 qui
3280 1333 3464 1391 Verbo
3516 1335 3604 1391 Dei
3652 1339 3788 1393 luerit

2254 1438 2530 1500 purgatus.

2323 1517 2394 1569 At
2417 1514 2636 1570 homilia
2669 1525 2846 1572 tamen
2875 1513 2948 1571 24
2975 1516 3032 1571 in
3067 1515 3283 1585 Lutum,
3308 1532 3406 1573 eos
3435 1527 3632 1573 tantum
3658 1521 3787 1592 igneo

2257 1603 2484 1661 ﬂumine
2520 1621 2549 1660 a
2588 1606 2805 1662 Christo
2851 1607 3204 1676 baptizandus
3250 1607 3502 1673 aﬂirmat,
3537 1612 3621 1680 qui
3663 1629 3777 1682 aqua

2258 1708 2312 1751 et
2341 1699 2531 1769 spiritu
2565 1699 2769 1754 fuerint
2798 1700 3074 1769 baptizati,
3107 1709 3161 1754 et
3192 1702 3518 1772 purgatione
3545 1705 3779 1771 eguerint.

2191 1760 2235 1821 Β
2261 1790 2575 1846 Econtrario
2608 1805 2736 1846 vero
2762 1790 2947 1847 bomil.
2981 1792 3018 1845 2
3043 1792 3099 1846 in
3131 1793 3348 1855 Jerem.,
3404 1808 3550 1848 num.
3593 1795 3646 1858 5,
3681 1811 3783 1850 san-

2257 1893 2376 1938 ctos
2407 1883 2538 1937 dicit
2567 1882 2771 1951 Spiritu
2805 1894 2993 1938 sancto
3021 1899 3049 1937 a
3076 1881 3202 1939 Jesn
3235 1884 3529 1954 baptizari,
3565 1887 3785 1942 scelestos

2256 1989 2386 2031 vero
2441 1976 2586 2043 igne.
2639 1976 2867 2031 Humilia
2923 1986 3102 2031 autem
3150 1992 3256 2031 χειν
3284 1980 3338 2030 in
3373 1976 3558 2043 Nam,
3591 1978 3784 2042 nnm.6,

2259 2079 2699 2134 unumquemque
2741 2067 3060 2137 purgatione
3109 2065 3354 2132 indigere
3394 2067 3490 2129 ait,
3527 2067 3652 2120 «sed
3696 2081 3788 2138 ιιι).

2259 2156 2396 2208 stica
2430 2155 2543 2209 haec
2578 2169 2700 2210 esse
2746 2164 2799 2210 et
2846 2155 3158 2222 inelfabilia
3189 2155 3323 2222 Quis
3347 2157 3492 2209 enim
3531 2156 3688 2220 nobis,
3716 2157 3784 2210 in-

2260 2247 2402 2315 quit,
2432 2262 2695 2302 enarrare
2741 2249 2937 2317 poterit
2961 2263 3082 2318 qua:
3115 2247 3226 2302 sint
3271 2245 3669 2317 puriﬁcationes
3691 2265 3786 2318 qua!

2257 2345 2521 2404 parentur
2565 2334 2751 2402 Paulo,
2788 2337 2871 2392 vel
2918 2337 3101 2403 Petro,
3140 2338 3226 2392 vel
3261 2337 3386 2392 aliis
3418 2339 3602 2392 horum
3629 2338 3784 2393 sintili-

2258 2427 2396 2481 bus?
2423 2445 2442 2478 ι
2475 2424 2742 2482 Czeterum
2777 2439 3012 2484 mentem
3062 2428 3321 2499 Origenis
3369 2444 3555 2499 parum
3589 2431 3784 2484 assecuti

2260 2527 2384 2573 sunt
2424 2517 2610 2574 Sixtns
2653 2518 2913 2576 Senensis
2945 2530 3001 2576 et
3041 2521 3456 2586 Genebrardus,
3489 2523 3644 2576 verba
3686 2520 3781 2589 ejus

2260 2609 2540 2664 referenda
2572 2621 2859 2666 censentes
2887 2613 2955 2666 ad
2994 2613 3171 2680 ignem
3212 2613 3423 2667 ultima:
3446 2611 3782 2683 conﬂagratio-

2259 2701 2363 2765 nis,
2399 2701 2490 2770 qui
2534 2702 2734 2758 electos
2777 2705 3038 2772 quosdam
3085 2704 3321 2758 nondum
3378 2704 3513 2758 satis
3566 2713 3781 2774 purgatos

2257 2791 2530 2859 lustrabit,
2567 2796 2822 2872 reprobus
2857 2811 2985 2850 vero
3032 2811 3225 2850 omnes
3272 2796 3656 2866 apprehendet,
3683 2809 3779 2848 nam

2259 2895 2328 2935 ne
2349 2883 2720 2938 sanctissimos
2762 2885 3005 2954 quidem,
3040 2885 3256 2939 Petrum
3287 2894 3442 2954 puta,
3471 2884 3550 2938 vel
3576 2882 3780 2948 Paulum,

2259 2975 2360 3028 hoc
2389 2973 2513 3043 igne
2539 2973 2748 3030 futuros
2774 2977 3039 3032 immunes
3067 2977 3430 3031 Adamantius
3456 2976 3736 3030 arbitratur.

2329 3069 2413 3123 Ill.
2453 3066 2579 3136 Igne
2644 3067 2745 3123 hoc
2792 3069 3001 3137 probati
3055 3069 3306 3123 homines
3379 3069 3520 3123 varia
3570 3068 3668 3122 loca
3707 3081 3782 3136 pro

2258 3161 2463 3216 meritis
2494 3175 2560 3215 ex
2611 3160 2823 3214 decreto
2866 3160 3112 3230 Origenis
3151 3162 3489 3225 sortientur,
3529 3161 3612 3214 alii
3641 3159 3775 3214 inier-

2258 3269 2425 3318 num,
2481 3252 2738 3321 variaque
2810 3251 3002 3305 inferni
3069 3253 3214 3320 loca,
3268 3264 3326 3307 et
3379 3254 3698 3318 mansiones;
3737 3261 3780 3306 et

2258 3345 2708 3415 quemadmodum
2746 3349 2959 3399 terrena
3007 3345 3119 3401 haec
3170 3347 3282 3401 loca
3335 3349 3598 3402 mentibus
3631 3361 3657 3402 e
3690 3361 3777 3400 caeo

2256 3436 2377 3492 lesti
2422 3436 2692 3491 domicilio
2737 3446 2956 3506 propter
2989 3449 3206 3506 peccata
3251 3439 3552 3494 deturbatis
3590 3454 3676 3508 pro
3713 3439 3778 3490 in-

2255 3527 2409 3583 ferno
2455 3530 2741 3594 habentur,
2777 3529 2845 3590 ita
2881 3529 3190 3585 hominibus
3229 3546 3260 3585 e
3290 3541 3434 3584 terra
3478 3530 3710 3598 digressis
3732 3539 3776 3582 et

2252 3620 2462 3676 scelere
2500 3620 2881 3676 cuntaminatis
2927 3620 3236 3676 inferiorem
3283 3623 3545 3692 assignari
3599 3620 3776 3682 sedent,

2256 3728 2376 3783 quae
2424 3713 2666 3769 infernus
2711 3714 3030 3784 appellatur.
3065 3716 3218 3787 Τάχα
3265 3717 3361 3783 δὲ,
3412 3718 3577 3788 inquit
3623 3732 3722 3783 cap.
3761 3715 3772 3766 Ι

2258 3805 2487 3872 Philoc.,
2522 3805 2708 3878 ὥσπερ
2738 3809 2787 3860 οἱ
2822 3807 3071 3861 ἐντεῦθεν
3103 3809 3243 3862 κατὰ
3275 3809 3368 3863 τὸν
3402 3810 3568 3863 κοινὸν
3595 3807 3778 3861 Θάνατον

2256 3896 2702 3969 ἀποθνήσκοντες,
2740 3900 2804 3951 ὲκ
2835 3899 2943 3952 τῶν
2970 3901 3202 3954 ἐνταῦθα
3243 3903 3631 3974 πεπραγμένων
3667 3900 3779 3950 οἷκο-

2255 3988 2575 4060 νομοῦνται,
2623 3991 2672 4043 εὶ
2726 3988 2958 4044 κειθεῖεν
3008 3989 3147 4054 ἄξιοι
3195 3991 3284 4044 τοῦ
3347 3990 3658 4062 καλουμένου
3692 4005 3776 4057 χω-

2259 4079 2374 4151 ρίου
2432 4079 2592 4150 ᾅδου,
2652 4079 2832 4133 τόπων
2885 4081 3157 4151 διαφόρων
3210 4082 3498 4152 τυγχάνειν
3541 4077 3665 4134 κατὰ
3700 4075 3775 4144 τὴν

2256 4170 2544 4240 ἀναλογίαν
2575 4169 2680 4224 τῶν
2725 4172 3168 4242 ἁμαρτημάτων·
3204 4172 3378 4236 οὕτως
3406 4175 3453 4224 οἱ
3489 4170 3691 4230 ἐκεῖθεν,
3727 4163 3777 4216 ἶν’

2256 4266 2452 4330 οὕτως’
2475 4265 2632 4329 εἴπω,
2677 4264 3107 4337 ἀποθνήσκοντες
3148 4267 3228 4332 εἰς
3275 4267 3407 4339 ᾅδην
3434 4267 3606 4321 τοῦτον
3642 4277 3777 4316 κατα⁹

2258 4357 2497 4411 δαίνουσι
2552 4355 2860 4428 κρινόμενοι
2918 4357 3055 4423 ἄξιοι
3109 4358 3216 4412 τῶν
3273 4359 3368 4413 τοῦ
3422 4359 3608 4420 παντὸς
3653 4367 3774 4422 περι-

2189 4439 2235 4498 D
2261 4450 2409 4519 γείου
2438 4450 2603 4503 τόπου
2649 4447 2921 4519 διαφόρων
2960 4451 3289 4522 οἰκητηρίων
3330 4451 3599 4522 βελτιόνων
3639 4445 3776 4516 ἤχει·

2259 4541 2449 4612 ρόνων.
2507 4540 2636 4605 Qua:
2677 4541 2755 4595 sic
2799 4555 2829 4592 a
2867 4539 3061 4594 Ruﬁno
3103 4543 3305 4595 reddita
3337 4553 3458 4596 sunt
3489 4542 3574 4595 lib.
3597 4554 3640 4593 tv
3667 4532 3773 4600 Περὶ

2256 4630 2478 4698 ἀρχῶν,
2517 4644 2636 4698 cap.
2662 4629 2728 4693 2,
2763 4645 2914 4684 num.
2941 4629 3033 4696 25,
3073 4646 3126 4700 p.
3157 4631 3260 4686 185
3289 4651 3303 4685 :
3338 4651 3358 4682 ‹
3383 4631 3633 4687 Fortassis
3663 4627 3775 4681 enim

2257 4724 2396 4777 sicut
2445 4723 2495 4776 hi
2541 4723 2630 4792 qui
2681 4723 2748 4775 de
2783 4723 2884 4777 hoc
2921 4723 3120 4778 ntundo
3157 4726 3451 4780 secundum
3487 4732 3771 4779 connuunem

2259 4827 2485 4870 mortem
2530 4815 2683 4870 istam
2717 4817 3034 4871 recedentes
3077 4831 3176 4885 pro
3217 4817 3425 4873 actibus
3458 4817 3562 4873 suis
3598 4822 3645 4868 et
3685 4822 3771 4864 me-

2267 4909 2384 4962 ritis
2410 4908 2806 4977 dispensamur,
2837 4917 2997 4978 prout
3028 4908 3172 4978 digni
3211 4908 3409 4964 fuerint
3443 4903 3664 4978 iudicati,
3702 4897 3770 4952 alii

2258 4999 2471 5068 quidem
2503 5001 2555 5053 in
2590 4999 2766 5054 locum
2807 5000 2895 5069 qui
2934 4999 3131 5055 dicitur
3173 5001 3396 5068 inl'erus,
3431 5000 3515 5056 alii
3556 5000 3602 5052 in
3631 4995 3768 5050 sinum

2256 5091 2506 5153 Abrahae,
2541 5096 2596 5145 et
2624 5102 2720 5161 per
2765 5091 2974 5147 diversa
3022 5107 3250 5162 quaeque
3279 5095 3362 5151 vel
3403 5094 3512 5149 loca
3543 5089 3614 5145 vel
3652 5099 3769 5140 nian-

2257 5182 2476 5237 siones:
2510 5182 2584 5236 ita
2628 5182 2792 5237 etiam
2839 5198 2906 5237 ex
2955 5183 3058 5238 illis
3101 5185 3236 5241 locis
3285 5185 3427 5241 velut
3461 5184 3561 5239 illic
3602 5177 3660 5250 (si
3687 5171 3766 5227 diei

2259 5273 2467 5341 potest)
2533 5273 2860 5337 morientes,
2914 5287 2942 5324 a
2995 5276 3205 5343 superis
3258 5276 3312 5330 in
3392 5279 3524 5332 hunc
3579 5268 3764 5326 inferum

2263 5365 2617 5418 descendunt.
2655 5361 2789 5416 Nam
2832 5363 2922 5419 ille
2974 5364 3180 5422 inl'erus
3229 5370 3294 5422 ad
3330 5383 3482 5439 quem
3530 5364 3637 5419 hinc
3675 5366 3762 5408 ηιοο

2262 5454 2514 5508 rientium
2557 5456 2752 5510 anima:
2793 5457 3071 5528 dicuntur,
3119 5462 3303 5526 credo,
3345 5461 3412 5516 ob
3455 5460 3579 5513 hanc
3609 5445 3761 5506 distin-

2261 5546 2496 5602 ctionem
2527 5547 2770 5604 infernus
2802 5549 3030 5608 inferior
3055 5569 3083 5608 a
3115 5552 3396 5626 Scriptura
3428 5549 3698 5609 nominatur
3719 5534 3760 5589 in

669 5721 714 5752 “
747 5721 973 5776 Malach.
997 5737 1078 5787 ιιι,
1113 5722 1164 5777 5.
1242 5726 1286 5756 ²⁸
1315 5725 1483 5782 Exod.
1509 5742 1598 5793 xv,
1637 5725 1721 5780 l0.
1799 5725 2027 5784 "lCor.
2062 5744 2143 5796 ιιι,
2179 5727 2261 5783 l5.
