4068 6308
315 381 443 436 1001

1148 392 1719 452 ΟῐίΙΟΕΝΙΑΝΟΒΠΜ
1758 397 1886 454 LIB.
1918 400 1983 463 II,
2024 402 2176 458 CAP.
2215 403 2283 469 II,
2320 406 2597 472 QUAZST.
2636 407 2728 462 XI.

3401 422 3539 477 1002

312 497 584 555 Psalmis:
619 500 754 569 Quia
805 503 1044 560 Iiberasti
1073 510 1308 563 animam
1340 527 1515 565 meam
1548 528 1615 568 ex
1660 512 1873 569 inferno
1900 522 1948 579 Α
1976 524 2033 570 ιιι
2065 518 2148 572 sui
2187 518 2299 588 ipsa
2351 521 2422 575 sit
2464 524 2772 578 accusatrix
2812 534 2867 579 et
2910 528 3088 595 testis;
3133 544 3357 601 eamque
3402 538 3537 592 adeo

310 591 550 649 inferiori
584 595 629 626 '°
652 598 691 652 '.
719 615 738 647 ι
772 596 901 663 Quae
928 600 994 653 ab
1024 599 1346 673 Hieronymo
1378 619 1589 674 quoque
1637 608 1875 676 epistolae
1975 605 2204 664 ﬂammis
2241 609 2521 668 ultricibus
2563 628 2723 669 urere
2761 634 2774 669 ι
2822 616 2959 685 ignis
2998 591 3155 690 huius
3195 591 3373 681 escam
3417 643 3537 686 esse

308 685 399 748 59,
432 688 500 741 ad
539 688 778 755 Avitum,
808 706 929 760 cap.
956 691 1011 756 4,
1044 692 1244 750 inserta
1280 707 1426 752 sunt.
1474 698 1734 765 Quoniam
1778 717 1875 756 au-

310 786 416 830 tem
467 778 735 833 infernum
794 780 1040 837 Christus
1092 789 1345 843 tenebras
1397 792 1695 847 exteriores
1741 809 1873 848 non-

307 885 584 940 nunquam
619 874 882 941 appellat,
934 874 1060 930 inde
1096 878 1154 930 (it
1201 889 1259 932 ut
1292 895 1386 935 eas
1417 891 1569 937 extra
1612 884 1870 940 mundum

301 961 658 1018 Adamantius
707 964 916 1035 ableget
954 977 1112 1023 tract.
1148 986 1323 1027 χχχιιι
1372 974 1427 1027 in
1465 973 1684 1040 Matth.,
1715 994 1864 1034 num.

301 1053 415 1108 69:
456 1072 475 1105 ι
504 1054 768 1121 Quoniam
810 1058 1067 1129 legimus,
1108 1062 1310 1132 inquit,
1353 1066 1588 1135 aliquem
1634 1070 1723 1138 qui
1771 1071 1871 1124 fuit

298 1152 428 1198 ante
460 1159 555 1201 nos
582 1158 940 1216 exponentem
972 1150 1038 1204 de
1081 1153 1318 1209 tenebris
1346 1154 1559 1225 abyssi,
1601 1169 1655 1211 et
1682 1159 1869 1213 dicen-

300 1243 410 1290 tem
444 1237 695 1307 quoniam
746 1239 972 1310 abyssus
1016 1250 1099 1298 est
1144 1255 1298 1300 extra
1343 1251 1599 1305 mundum
1632 1250 1785 1318 foris,
1813 1262 1869 1308 et

300 1330 556 1384 tenebrae.
605 1330 1016 1391 Consideremus
1045 1352 1193 1409 ergo,
1256 1340 1301 1396 si
1353 1351 1529 1409 potest
1574 1358 1699 1397 vera
1748 1359 1867 1400 esse

294 1423 564 1493 expositio
592 1422 731 1492 ejus,
757 1435 817 1480 ut
843 1428 1061 1497 quidam
1089 1432 1243 1501 quasi
1281 1433 1489 1504 indigni
1519 1443 1634 1490 toto
1662 1438 1865 1491 mundo

296 1515 351 1570 in
380 1515 632 1586 abyssum
661 1516 838 1583 illum,
865 1534 1024 1588 quam
1054 1522 1144 1578 ille
1168 1525 1437 1594 exposuit,
1466 1525 1612 1582 foras
1643 1528 1865 1597 ejician-

296 1618 407 1672 tur,
436 1609 488 1663 in
516 1624 621 1680 qua
652 1618 779 1665 sunt
824 1614 1079 1678 tenebrae,
1112 1617 1328 1673 nemine
1369 1633 1462 1673 eas
1504 1619 1860 1685 illuminante,

292 1716 415 1756 cum
442 1702 550 1756 sint
594 1711 749 1757 extra
791 1711 958 1758 totum
1002 1708 1279 1762 mundum.
1305 1725 1324 1760 ι
1374 1708 1481 1766 Sed
1518 1710 1642 1765 alibi
1685 1721 1863 1767 tamen

292 1795 456 1851 aliter
483 1796 733 1852 tenebras
760 1798 1060 1856 exteriores
1086 1802 1327 1871 exponit,
1354 1812 1414 1857 ut
1444 1818 1567 1858 mox
1607 1806 1860 1861 ostende-

1977 699 2242 756 admissas
2268 712 2394 758 ante
2423 718 2615 769 noxas,
2642 720 2775 775 quas
2808 706 3011 763 idcirco
3046 712 3334 781 Apostolus
3367 718 3534 790 ligna,

1974 789 2152 845 fenum
2191 801 2245 847 et
2285 794 2535 863 stipulam
2576 797 2899 864 nominavit;
2948 801 3072 858 hinc
3117 808 3377 877 scriptum
3412 789 3537 869 esse

1972 886 2111 954 apud
2142 886 2331 941 Isaiam
2362 903 2413 954 ιι,
2440 888 2499 942 11
2532 907 2546 942 :
2578 890 2853 947 Ambulate
2879 894 2933 947 in
2967 894 3162 952 lumine
3190 901 3325 969 ignis
3356 908 3534 973 vestri,

1971 983 2017 1024 et
2049 972 2264 1039 ﬂamma
2288 991 2445 1043 quam
2492 980 2820 1035 accendis/is.
2858 1000 2877 1034 ί
2907 981 3009 1038 Per
3051 1002 3188 1055 quos
3230 972 3532 1062 sermones,

1972 1063 2177 1133 inquit,
2226 1066 2329 1121 hoc
2379 1067 2593 1123 videtur
2654 1070 2921 1152 indicari,
2967 1077 3110 1143 quod
3166 1084 3534 1152 unusquisque

1968 1164 2314 1222 peccatorum
2345 1157 2617 1213 flammam
2657 1160 2756 1215 sibi
2789 1151 2903 1229 ipse
2934 1167 3136 1235 proprii
3169 1168 3308 1239 ignis
3339 1151 3533 1229 accen-

1967 1248 2079 1313 dat,
2113 1258 2299 1305 etnon
2342 1250 2394 1304 in
2426 1251 2658 1321 aliquem
2688 1254 2865 1323 ignem
2901 1259 2989 1326 qui
3018 1269 3175 1315 antea
3209 1263 3320 1333 jam
3354 1264 3533 1322 fuerat

1968 1353 2226 1396 accensus
2256 1341 2321 1395 ab
2345 1342 2471 1406 alio,
2508 1344 2588 1397 vel
2618 1356 2741 1400 ante
2777 1348 2945 1413 ipsum
2980 1351 3296 1419 substiterit,
3327 1356 3532 1413 demer-

1966 1439 2144 1500 gatur.
2172 1450 2191 1482 ι
2222 1432 2423 1498 Quaerit
2459 1433 2651 1490 deinde
2687 1452 2834 1490 num.
2862 1438 2895 1492 5
2936 1454 3002 1493 an
3035 1453 3228 1511 praeter
3270 1446 3413 1515 illos,
3441 1450 3530 1506 vel

1965 1517 2080 1585 iraa,
2126 1520 2209 1575 vel
2252 1520 2475 1588 furoris,
2505 1524 2591 1579 vel
2637 1527 2877 1595 insaniae,
2923 1533 3008 1587 vel
3055 1539 3305 1595 maeroris
3354 1542 3526 1613 ignes,

1964 1609 2157 1680 quibus
2188 1612 2337 1681 impii
2385 1630 2504 1669 cum
2542 1616 2592 1671 in
2630 1619 2729 1674 hac
2764 1622 2874 1676 vita
2924 1625 3047 1680 torti
3093 1627 3315 1697 fuerint,
3344 1609 3399 1689 in
3438 1609 3528 1689 fu;

1966 1709 2084 1755 tura
2136 1717 2354 1772 quoque
2400 1710 2814 1777 torquebuntur,
2856 1713 3035 1783 aliqua
3084 1722 3321 1788 generali
3365 1737 3525 1793 pmna

1964 1802 2085 1858 post
2128 1806 2355 1849 mortem
2407 1800 2660 1866 puniendi
2708 1802 2837 1860 sint.
2875 1808 3075 1864 Deinde
3121 1812 3253 1866 dicit
3296 1829 3362 1870 eo
3396 1831 3525 1871 cru-

292 1904 435 1944 mus.
468 1888 704 1946 Ilomilia
736 1901 915 1947 autem
947 1892 974 1946 I
1016 1893 1071 1948 in
1104 1868 1319 1961 Cenem,
1346 1911 1494 1951 num.
1521 1897 1574 1961 I,
1607 1900 1859 1970 abyssum
1888 1868 1931 1922 Β
1961 1880 2101 1935 cm“
2147 1880 2399 1939 meum“
2442 1888 2509 1941 ίτί
2548 1891 2779 1947 animam
2800 1935 2815 1962 ν
2850 1896 2917 1951 ab
2948 1901 3138 1956 οτάίηθ
3180 1914 3343 1974 atque
3393 1907 3522 1962 har-

291 1979 436 2034 illam
466 1982 551 2036 cui
590 1981 642 2036 in
680 1996 862 2037 rerum
898 1982 1051 2038 initio
1083 1985 1315 2040 tenebras
1358 1986 1707 2055 incubabant,
1740 2005 1859 2045 eam

290 2087 414 2127 esse
462 2072 650 2127 scribit
694 2074 747 2128 in
795 2089 956 2143 quam
1011 2073 1291 2143 diabolus,
1345 2076 1622 2148 ipsiusque
1683 2082 1859 2149 angeli

292 2164 541 2219 mittendi
577 2174 726 2222 sunt.

358 2254 446 2311 IV.
486 2254 787 2327 Assignatis
816 2257 944 2315 locis
978 2274 1043 2314 ac
1083 2260 1301 2317 sedibus
1337 2262 1450 2318 suis
1484 2263 1726 2319 redditos
1760 2264 1857 2319 boa-

290 2345 462 2401 mines
500 2362 674 2418 pinna:
711 2364 775 2404 ac
814 2349 1073 2419 supplicia
1105 2366 1204 2421 pro
1231 2352 1500 2408 scelerum
1549 2355 1707 2410 modo
1748 2365 1858 2411 tor~

286 2439 546 2506 quebunt.
577 2441 667 2496 Ait
690 2442 833 2497 enim
866 2442 960 2497 lib.
989 2458 1006 2498 ι
1034 2444 1175 2515 Περὶ
1204 2442 1425 2515 ἀρχῶν,
1460 2463 1577 2519 cap.
1606 2449 1662 2513 6,
1705 2468 1851 2510 num.

287 2530 321 2584 5
352 2549 366 2585 :
408 2551 426 2583 ι
455 2533 676 2588 Interim
709 2544 817 2589 tam
851 2537 901 2590 in
934 2537 1018 2593 his
1055 2554 1173 2608 qua;
1200 2541 1470 2608 videntur,
1501 2552 1555 2597 et
1586 2552 1855 2614 tempora-

281 2619 423 2676 libus
467 2623 707 2692 saaculis,
752 2641 913 2695 quam
960 2628 1013 2682 in
1053 2628 1155 2684 illis
1185 2645 1305 2699 qua:
1354 2647 1463 2686 non
1501 2633 1756 2688 videntur
1799 2645 1854 2691 et

280 2723 481 2770 aeterna
532 2726 688 2784 sunt,
740 2733 927 2774 omnes
974 2720 1058 2776 isti
1104 2737 1200 2791 pro
1233 2723 1447 2790 ordine,
1489 2739 1587 2795 pro
1620 2726 1848 2792 ratione,

278 2822 380 2873 pro
412 2808 590 2873 modo,
618 2817 672 2863 et
702 2812 1021 2867 meritorum
1057 2813 1409 2882 dignitatibus
1436 2816 1847 2886 dispensantur,

277 2906 339 2953 ut
376 2899 464 2952 alii
494 2900 546 2954 in
581 2901 797 2970 primis,
824 2902 912 2957 alii
945 2905 998 2959 in
1028 2906 1299 2971 secundis,
1334 2908 1575 2962 nonnulli
1604 2910 1764 2964 etiam
1795 2912 1851 2965 in

274 2989 484 3047 ultimis
522 2993 872 3063 temporibus,
899 3006 953 3051 et
983 3011 1080 3066 per
1112 2996 1317 3067 majora
1349 3013 1414 3053 ac
1449 3006 1697 3070 graviora
1724 3018 1852 3072 sup-

270 3080 460 3150 plicia,
492 3099 698 3139 necnon
722 3093 777 3139 et
805 3085 1079 3153 diuturna,
1121 3104 1185 3143 ac
1219 3089 1422 3155 multis,
1452 3101 1510 3145 ut
1545 3093 1615 3148 ita
1646 3094 1847 3161 dicam,

1960 1979 2169 2046 monia,
2212 1983 2277 2036 ad
2314 1999 2472 2053 quam
2512 1984 2686 2041 fuerat
2726 2003 2755 2040 a
2791 1987 2897 2043 Deo
2937 1993 3184 2061 condita,
3217 1994 3522 2063 divulsam,

1958 2086 2065 2140 quo
2098 2071 2325 2129 afﬁcitur
2367 2091 2566 2146 corpus
2611 2094 2731 2133 cum
2780 2082 3015 2137 membra
3051 2086 3225 2142 soluta
3263 2098 3523 2160 compage

1957 2164 2368 2222 distrahuntur:
2398 2187 2418 2221 ι
2447 2171 2596 2237 Quae,
2624 2172 2813 2241 inquit,
2842 2175 3033 2231 anima:
3057 2177 3336 2237 dissolutio
3361 2192 3523 2254 atque

1957 2256 2207 2324 divulsio,
2249 2274 2371 2314 cum
2419 2263 2645 2317 adhibiti
2695 2265 2832 2334 ignis
2882 2267 3093 2323 ratione
3134 2269 3303 2327 fuerit
3338 2276 3523 2345 explo-

1956 2358 2102 2417 rata,
2143 2350 2263 2406 sine
2307 2352 2468 2407 dubio
2498 2355 2564 2407 ad
2611 2355 2904 2413 firmiorem
2949 2361 3033 2415 sui
3079 2376 3393 2435 compagem
3438 2368 3522 2422 in-

1956 2442 2455 2513 staurationemque
2527 2446 2852 2504 solidatur.»
2934 2449 3202 2508 Praeterea
3269 2468 3419 2512 num.
3462 2459 3518 2527 6,

1954 2535 2410 2603 quemadmodum
2468 2540 2728 2594 curandis
2775 2541 2980 2596 morbis
3026 2542 3230 2599 ferrum
3281 2558 3336 2602 et
3381 2549 3520 2619 ignis

1952 2639 2094 2695 s:epe
2123 2627 2467 2694 adhibentur,
2510 2632 2581 2684 ita
2621 2633 2890 2699 conjectat
2925 2654 2944 2686 ι
2972 2638 3239 2692 medicum
3274 2651 3519 2698 nostrum

1952 2714 2120 2771 Deum
2163 2718 2427 2773 volentem
2459 2721 2663 2776 diluere
2694 2724 2824 2777 vitia
2857 2726 3157 2782 animarum
3191 2741 3519 2799 nostrarum,

1950 2821 2071 2876 quae
2109 2823 2175 2864 ex
2206 2821 2548 2880 peccatorum
2592 2823 2645 2868 et
2691 2814 2954 2870 scelerum
3005 2819 3321 2877 diversitate
3352 2822 3519 2879 colle-

1948 2909 2158 2967 gerant,
2208 2901 2290 2956 uti
2348 2902 2717 2971 hujuscemodi
2761 2908 3061 2974 pmnalibus
3103 2912 3250 2967 curis
3302 2913 3520 2982 insuper

1950 2991 2113 3045 etiam
2144 2993 2285 3062 ignis
2347 2994 2552 3050 inferre
2593 2998 2909 3067 supplicium
2968 3001 3052 3057 his
3096 3006 3187 3072 qui
3232 3007 3519 3065 sanitatem

1948 3085 2140 3140 animae
2178 3088 2587 3155 perdiderunt.»
2633 3090 2777 3147 Idem
2818 3094 2955 3150 libro
3001 3111 3032 3150 v
3077 3102 3261 3153 contra
3309 3100 3518 3159 Celsum

272 3174 493 3229 saeculis
531 3175 780 3240 tolerata,
822 3178 1188 3248 asperioribus
1240 3181 1709 3239 emendationibus
1756 3200 1846 3240 re-

1950 3194 2056 3233 non
2091 3178 2231 3233 aliud
2263 3182 2550 3250 quidquam
2585 3200 2681 3254 per
2714 3187 2863 3254 ignes
2898 3189 3196 3260 intelligere
3231 3196 3389 3250 docet
3420 3210 3516 3250 eos

273 3269 451 3339 parati
483 3279 539 3326 et
591 3272 860 3338 restituti,
896 3274 1291 3330 eruditionibus
1339 3277 1514 3346 primo
1567 3279 1843 3348 angelicis,

266 3369 389 3418 tum
420 3364 609 3420 deinde
644 3367 807 3421 etiam
848 3367 1184 3435 superiorum
1214 3368 1477 3438 graduum
1522 3371 1840 3436 virtutibus,

269 3462 330 3508 et
361 3456 440 3510 sic
478 3470 572 3525 per
601 3456 808 3526 singula
857 3458 922 3511 ad
962 3458 1240 3527 superiora
1277 3458 1541 3527 provecti,
1575 3474 1746 3530 usque
1775 3462 1843 3514 ad

268 3560 336 3601 ea
367 3562 486 3616 qua:
524 3555 650 3602 sunt
698 3546 986 3601 invisibilia
1012 3558 1067 3601 et
1107 3558 1308 3601 aeterna
1343 3552 1685 3617 proveniant,
1731 3553 1844 3608 sin-

268 3641 411 3710 gulis
456 3640 705 3695 videlicet
752 3641 1059 3711 quibusque
1097 3641 1397 3696 cmlesdum
1436 3643 1690 3699 virtutum
1722 3647 1843 3701 olli-

272 3735 374 3787 ciis
419 3734 653 3803 quadam
709 3734 1012 3788 eruditione
1058 3736 1111 3788 in
1162 3736 1340 3805 specie
1391 3738 1716 3806 peragratis.
1761 3740 1839 3794 Ex

271 3839 412 3894 quo,
459 3833 515 3878 ut
575 3825 792 3895 opinor,
840 3826 944 3880 hoc
1002 3829 1384 3895 consequentia
1438 3829 1555 3899 ipsa
1627 3831 1841 3886 videtur

268 3919 596 3984 ostendere,
652 3932 1090 3990 unamquamque
1148 3924 1523 3979 rationabilem
1586 3936 1836 3981 naturam

268 4023 429 4079 posse
456 4012 523 4065 ab
558 4026 664 4067 uno
694 4013 747 4067 in
779 4012 1009 4067 alterum
1040 4014 1286 4068 ordinem
1322 4027 1708 4086 transeuntem,
1742 4033 1838 4089 per

268 4104 512 4175 singulos
540 4106 593 4159 in
627 4120 836 4171 omnes,
869 4114 924 4162 et
957 4107 1025 4161 ab
1060 4107 1310 4162 omnibus
1340 4108 1393 4162 in
1429 4109 1672 4179 singulos
1717 4123 1840 4180 per-

269 4197 475 4262 venire,
505 4198 629 4251 dum
657 4212 908 4254 accessus
938 4198 1297 4269 profectuum,
1326 4198 1704 4255 defectuumve
1735 4216 1830 4255 va.

1949 3282 2086 3337 quos
2123 3268 2402 3339 Scriptura
2444 3273 2637 3330 stultos
2686 3278 2867 3331 mundi
2903 3280 3166 3349 appellat,
3200 3283 3233 3355 ἢ
3285 3282 3384 3355 τὴν
3426 3285 3516 3340 διὰ

1946 3362 2110 3433 φόϐου
2140 3367 2233 3418 καὶ
2259 3367 2553 3435 φαντασίας
2584 3368 2694 3424 τῶν
2731 3369 3001 3426 κολάσεων
3041 3375 3394 3449 ἐπιστροφὴν,
3418 3378 3514 3431 καὶ

1942 3458 2050 3511 τῶν
2076 3457 2283 3513 πολλῶν
2307 3460 2492 3513 κακῶν
2522 3461 2750 3533 ἀποχήν.
2777 3463 2905 3518 Tale
2935 3465 3060 3518 illud
3105 3481 3136 3520 e
3170 3475 3333 3522 tract.
3358 3467 3425 3522 54
3453 3471 3511 3524 in

1945 3548 2163 3614 Matth.,
2196 3564 2343 3603 num.
2381 3549 2487 3604 72:
2535 3568 2553 3603 t
2579 3552 2678 3619 Qui
2720 3560 2897 3607 autem
2946 3558 3202 3610 recedunt
3236 3558 3304 3613 ab
3349 3556 3508 3625 Jesu,

1945 3638 2197 3693 decidunt
2241 3640 2292 3692 in
2347 3640 2521 3710 ignem
2555 3652 2850 3711 aeternum,
2891 3645 2980 3714 qui
3029 3647 3248 3702 alterius
3295 3653 3511 3719 generis

1941 3738 2025 3783 est
2055 3731 2123 3785 ab
2158 3730 2262 3784 hoc
2288 3731 2410 3800 igne
2438 3747 2596 3801 quem
2626 3733 2887 3789 habemus
2921 3736 2973 3790 in
3000 3753 3124 3794 usu.
3151 3736 3337 3796 Nullus
3363 3742 3507 3795 enim

1942 3822 2081 3892 ignis
2139 3823 2283 3877 inter
2329 3824 2575 3878 homines
2621 3836 2705 3879 est
2757 3836 3024 3893 aeternus,
3070 3830 3162 3883 sed
3213 3846 3312 3886 nec
3354 3831 3508 3886 multi

1943 3914 2230 3983 temporis;
2275 3916 2635 3987 exstinguitur
2680 3919 2822 3972 enim
2860 3919 2989 3973 cito.
3025 3919 3285 3978 IEIernus
3327 3934 3505 3978 autem

1939 4005 2080 4076 ignis
2104 4016 2187 4062 est
2217 4007 2326 4073 ille,
2356 4010 2422 4065 de
2452 4025 2558 4079 quo
2584 4021 2639 4065 et
2683 4011 2849 4067 Isaias
2880 4012 3012 4068 dicit
3042 4014 3096 4068 in
3130 4014 3235 4070 ﬁne
3278 4020 3507 4088 prophe-

1940 4100 2028 4155 tia;
2064 4113 2217 4155 suae:
2261 4098 2460 4155 Vermis
2495 4118 2676 4157 eorum
2719 4121 2822 4159 non
2857 4110 3126 4174 morietur,
3166 4117 3216 4162 et
3253 4109 3387 4178 ignis
3417 4127 3505 4164 eo-

1937 4202 2055 4242 rum
2099 4205 2203 4244 non
2264 4192 2623 4262 exstinguelur
2663 4195 2728 4248 ’⁷.
2756 4215 2775 4248 ι
2823 4198 2995 4251 Simili
3031 4198 3153 4268 igne
3181 4199 3258 4254 uti
3307 4202 3504 4255 daemo-

268 4290 382 4345 rios
407 4302 503 4359 pro
531 4289 767 4345 motibus
791 4290 875 4345 vel
900 4292 1183 4347 conatibus
1207 4292 1439 4361 propriis
1470 4293 1837 4363 unusquisque

1950 4294 2033 4335 tes
2085 4292 2360 4337 asseverat
2398 4285 2587 4340 homil.
2627 4285 2696 4339 27
2736 4288 2791 4341 in
2822 4287 3009 4353 Nam,
3039 4306 3188 4345 num.
3213 4291 3266 4355 8,
3313 4306 3502 4361 nempe

266 4395 367 4453 pro
398 4382 548 4438 liberi
595 4383 806 4437 arbitrii
843 4383 1103 4438 facultate
1152 4388 1476 4453 perpetitur.
1502 4402 1522 4436 ι
1563 4384 1833 4476 Prolixum

265 4476 444 4532 locum
480 4477 785 4532 describere
815 4492 1097 4533 necessum
1133 4478 1316 4541 habui,
1356 4479 1479 4547 quia
1528 4478 1594 4532 ad
1642 4477 1831 4550 Orige-

1933 4387 2057 4428 cum
2104 4374 2350 4432 homines
2393 4393 2423 4432 a
2468 4378 2613 4432 vitiis
2665 4379 2732 4432 ad
2791 4381 3011 4435 meliora
3051 4394 3341 4438 conversos
3385 4399 3504 4437 cer-

1936 4479 2090 4533 nunt,
2132 4479 2244 4525 tum
2288 4486 2419 4527 vero
2461 4472 2839 4528 acerbissimas
2885 4488 2979 4528 eos
3018 4474 3243 4529 sufferre
3288 4489 3499 4546 poenas,

267 4569 444 4624 nianae
488 4568 747 4624 doctrina:
792 4568 1241 4635 emendationem,
1267 4577 1321 4623 et
1350 4572 1689 4639 sequentium
1743 4570 1825 4625 in-
1863 4575 1866 4628 ξ

1950 4569 1990 4615 :t
2018 4562 2226 4615 meritis
2271 4562 2483 4631 ignibus
2520 4564 2893 4618 exardescere.

270 4660 544 4716 tellectum
566 4661 803 4717 confert.

338 4751 404 4809 V.
439 4752 555 4808 Jam
585 4768 711 4807 vero
758 4750 1054 4820 cujusmodi
1098 4766 1288 4820 poenas
1326 4749 1534 4805 futuras
1579 4752 1829 4822 Opinatus

265 4846 337 4899 sit
369 4843 650 4915 Origenes,
681 4845 976 4899 videamus.
1022 4843 1201 4915 Ignem
1233 4844 1382 4897 illum
1432 4855 1731 4911 aeternum,
1774 4846 1829 4899 in

265 4954 422 5007 quem
449 4938 664 5007 capitali
699 4937 899 4992 Christi
931 4938 1144 4992 decreto
1176 4936 1325 5005 impii
1372 4936 1619 4990 mittendi
1667 4944 1827 5003 sunt,

265 5029 401 5084 nihil
428 5029 569 5083 aliud
613 5043 733 5083 esse
778 5039 926 5082 ratus
968 5037 1079 5090 est,
1118 5043 1280 5098 quam
1325 5026 1670 5082 conscientia:
1710 5041 1830 5080 ver-

264 5135 429 5175 mem.
462 5119 784 5175 Consulatur
809 5131 970 5189 caput
996 5121 1063 5174 10
1084 5120 1204 5174 libri
1234 5135 1272 5174 ιι
1297 5120 1370 5174 De
1398 5119 1648 5188 princip.,
1673 5133 1826 5171 num.

258 5216 321 5279 4,
349 5214 491 5283 quod
527 5212 579 5267 id
614 5224 987 5282 argumentum
1034 5215 1315 5269 excussit:
1354 5212 1427 5267 ibi
1479 5211 1558 5266 ait
1603 5225 1830 5266 revoca-

267 5320 375 5363 tam
406 5306 588 5362 divina
616 5307 837 5373 virtute,
860 5315 917 5361 et
953 5306 1021 5361 ob
1053 5306 1237 5362 oculos
1269 5306 1417 5375 impii
1449 5304 1679 5374 positam
1706 5317 1829 5373 pec-

265 5411 510 5455 catorum
542 5399 857 5454 memoriam
899 5397 1071 5467 (juxta
1110 5398 1239 5452 illud
1286 5397 1435 5452 Pauli
1470 5397 1626 5451 Rom.
1651 5412 1713 5462 Il,
1740 5393 1829 5459 15,

268 5493 373 5549 16ε
408 5511 427 5545 t
453 5492 601 5546 Inter
623 5505 683 5547 se
711 5489 944 5545 invicem
983 5489 1396 5565 cogitationibus
1430 5488 1829 5551 accusantibus,

271 5594 362 5638 aut
387 5583 551 5638 etiam
579 5580 1009 5643 defendentibus,
1040 5579 1093 5633 in
1126 5580 1214 5633 die
1242 5595 1363 5635 cum
1395 5578 1659 5651 iudicabit
1692 5576 1832 5632 Deus

270 5676 476 5731 occulta
502 5674 779 5729 hominum
801 5673 873 5743 ι),
904 5680 1137 5728 mentem
1162 5670 1277 5742 ejus
1305 5672 1535 5727 stimulis
1564 5682 1827 5743 pungere,

346 5857 389 5889 η
413 5860 429 5880 ο
469 5855 610 5911 p53],
644 5868 843 5919 ιςχιν,
871 5853 959 5907 15.
1035 5849 1078 5879 ’⁷
1117 5850 1217 5905 Isa.
1246 5864 1405 5919 m1,
1433 5849 1526 5907 24.

577 5952 847 6012 ΡΑΤιιοι..
889 5951 1004 6010 Gn.
1042 5948 1240 6011 XVII.

2001 4652 2149 4707 Alias
2180 4653 2354 4719 ignem
2390 4662 2612 4722 peccata
2645 4654 2993 4708 excedentem
3021 4664 3076 4709 et
3110 4667 3496 4723 assumentem,

1936 4742 2101 4796 Deum
2139 4743 2311 4811 ipsum
2343 4757 2466 4798 esse
2508 4744 2640 4809 vult,
2676 4752 2895 4813 propter
2926 4744 3028 4799 hoc
3063 4744 3278 4802 Deuter.
3305 4763 3379 4810 tv,
3403 4748 3496 4815 24,

1941 4854 1959 4886 ι
1992 4833 2248 4889 Dominus
2284 4836 2425 4890 Deus
2465 4843 2587 4890 tuus
2630 4836 2770 4906 ignis
2814 4850 3137 4894 consumens
3172 4848 3276 4895 est.
3306 4859 3324 4892 ι
3372 4839 3500 4895 Inde

1936 4926 2149 4981 homilia
2190 4928 2247 4981 in
2281 4926 2477 4982 Jerem.
2516 4928 2581 4995 2,
2616 4945 2764 4984 num.
2791 4930 2856 4995 2,
2898 4941 2953 4986 et
2982 4931 3070 4995 16,
3108 4947 3258 4987 num.
3303 4931 3337 4985 5
3362 4942 3417 4986 et
3441 4931 3495 4993 6,

1934 5019 2055 5089 igne
2086 5022 2189 5075 hoc
2227 5020 2390 5091 ligna,
2422 5020 2605 5076 fenum
2651 5032 2704 5076 et
2741 5023 3023 5092 stipulam,
3068 5023 3265 5079 Christi
3306 5022 3497 5076 funda-

1936 5120 2116 5166 mento
2158 5123 2567 5182 superstructa,
2610 5128 2773 5183 opera
2824 5129 3012 5185 nempe
3061 5114 3266 5185 peccati
3313 5123 3501 5167 narrat

1936 5204 2164 5268 absumi,
2191 5215 2475 5275 postquam
2506 5208 2684 5261 anima
2710 5206 2874 5260 fuerit
2900 5222 2929 5260 a
2956 5220 3181 5275 corpore
3207 5203 3450 5274 scjuncta
3480 5223 3493 5258 :

1934 5309 2123 5349 aurum
2155 5312 2303 5361 vero,
2349 5309 2655 5368 argentum.
2693 5309 2748 5353 et
2796 5311 3055 5369 gemmas,
3086 5297 3315 5350 virtutes
3352 5294 3500 5351 scili-

1935 5396 2049 5454 cet,
2098 5399 2152 5444 et
2183 5400 2327 5444 recte
2371 5400 2524 5456 acta,
2571 5390 2772 5444 illibata
2806 5400 2859 5444 et
2908 5392 3106 5443 intacta
3154 5388 3384 5442 servari.
3428 5388 3499 5440 At

1935 5479 2067 5534 lib.|
2103 5481 2243 5550 Περὶ
2272 5481 2491 5551 ἀρχῶν,
2532 5496 2650 5550 cap.
2680 5482 2731 5547 1,
2778 5497 2925 5535 num.
2952 5480 3019 5547 2,
3070 5480 3175 5534 alio
3215 5481 3500 5547 detorquet

1934 5573 2108 5629 locum
2165 5574 2306 5630 hunc
2352 5575 2782 5638 Deuteronomii,
2825 5589 2921 5628 nec
2973 5588 3069 5642 pro
3128 5572 3322 5627 futura}
3372 5571 3500 5625 vitae

1932 5667 2259 5738 purgatione
2288 5667 2504 5738 accipit,
2547 5666 2640 5725 sed
2672 5680 2769 5751 pro
2801 5666 3081 5736 praisentis
3124 5664 3285 5745 hujus
3325 5666 3500 5731 gratia

3135 5934 3214 5996 32
