4068 6308
648 343 784 399 1003

1913 345 1973 400 Ρ.
2018 344 2334 401 DANIELIS
2369 344 2606 401 HUETII

3686 360 3792 419 1001

646 460 913 516 mentibus
951 458 1195 513 humanis
1236 471 1266 511 a
1308 456 1417 512 Deo
1456 456 1653 514 infusa.
1680 477 1699 510 ι
1746 458 1885 526 Quid
1923 462 2088 530 enim,
2130 461 2203 515 in-
2230 464 2275 520 Α
2304 469 2593 531 przeparata
2643 460 2752 524 sit,
2807 460 2929 517 licet
2976 462 3029 517 in
3079 460 3269 517 eadem
3314 477 3464 533 poena
3510 467 3691 526 diversa
3741 477 3797 531 sit

646 552 780 621 quit,
818 558 1096 606 consumet
1125 548 1263 604 Deus
1287 550 1578 604 secundum
1612 552 1714 607 hoc
1744 552 1887 623 quod
1919 554 2059 624 ignis
2085 554 2202 610 est?

645 643 1014 711 Nunquidnam
1056 641 1323 710 putabitur
1356 656 1670 697 consumere
1711 642 1989 697 materiam
2016 659 2204 713 corpo-

646 734 834 799 ralem,
884 742 939 786 ut
981 742 1066 787 est
1102 733 1338 803 lignum,
1380 733 1461 788 vel
1511 734 1723 799 fenum,
1762 736 1847 790 vel
1883 735 2119 805 stipula?
2149 748 2204 792 et

645 825 771 889 quid
798 826 849 877 iu
882 825 981 878 hoc
1005 824 1221 892 dignum
1245 825 1311 879 de
1343 825 1435 880 Dei
1462 825 1709 881 laudibus
1743 826 1957 892 dicitur,
1985 828 2027 883 si
2062 829 2203 883 Deus

650 918 786 986 ignis
837 926 921 970 est
990 916 1304 986 hujusmodi
1360 919 1615 973 materias
1683 921 2040 976 consumens?
2094 920 2200 975 Sed

645 1006 1042 1062 consideremus
1067 1010 1192 1077 quia
1230 1009 1370 1063 Deus
1394 1010 1662 1063 consumit
1692 1010 1908 1079 quidem
1934 1020 1989 1065 et
2021 1021 2203 1067 exter-

645 1095 845 1158 minat,
889 1096 981 1149 sed
1021 1096 1288 1150 consumit
1320 1096 1486 1151 malas
1522 1099 1777 1152 mentium
1826 1100 2197 1169 cogitationes,

644 1187 910 1241 consumit
943 1195 1088 1256 gesta
1126 1186 1322 1255 turpia,
1360 1188 1622 1242 consumit
1666 1189 1931 1245 desideria
1966 1193 2196 1261 peccati,

643 1293 763 1333 cum
817 1292 876 1333 se
925 1278 1257 1334 credentium
1301 1278 1566 1333 mentibus
1601 1280 1807 1347 inserit,
1855 1290 1909 1337 et
1947 1297 2037 1338 eas
2081 1285 2198 1338 ani-

642 1388 759 1426 mas
794 1386 912 1442 qua:
941 1371 1100 1427 Verbi
1146 1371 1260 1440 ejus
1308 1385 1371 1425 ac
1416 1369 1706 1441 Sapientiae
1746 1372 2046 1429 efﬁciuntur
2109 1390 2200 1430 ca-

642 1479 833 1532 paces,
881 1478 987 1517 nna
1038 1479 1157 1517 cum
1206 1462 1342 1517 Filio
1379 1476 1476 1516 suo
1524 1463 1866 1529 inhabitans,
1909 1466 2197 1521 secundum

640 1556 781 1624 quod
810 1555 1007 1610 dictum
1048 1562 1168 1609 est:
1205 1552 1314 1624 Ego
1349 1563 1397 1607 et
1432 1551 1595 1608 Pater
1632 1555 1913 1620 veniemus,
1955 1565 2003 1610 et
2050 1572 2199 1610 man—

639 1649 839 1702 sionem
879 1646 1018 1715 apud
1056 1662 1175 1701 eum
1209 1645 1459 1715 faciemus
1493 1645 1567 1710 ²⁸;
1599 1647 1849 1703 omnibus
1889 1662 2075 1703 eorum
2121 1649 2198 1703 vi-

641 1739 731 1794 tiis
780 1736 1223 1807 passionibusque
1267 1737 1639 1805 consumptis,
1696 1753 1887 1807 purum
1953 1740 2056 1795 sibi
2104 1753 2197 1795 eas

2302 553 2573 621 quantitas
2598 566 2789 622 poenae.
2833 553 2986 608 Alius
3043 553 3188 607 enim
3234 556 3440 623 gravius
3476 570 3535 611 ac
3570 560 3799 618 vehemen-

2303 643 2409 699 tius
2437 645 2709 698 cruciatur
2739 656 2837 711 pro
2880 643 3251 714 magnitudine
3301 656 3651 719 peccatorum;
3692 655 3799 713 alius

2303 744 2480 788 autem
2509 734 2812 801 remissius,
2840 734 2994 804 cujus
3023 735 3227 790 leviora
3266 748 3320 792 et
3361 737 3583 796 faciliora
3624 759 3799 813 peccata

2302 835 2444 881 sunt.
2476 845 2495 877 ι
2534 824 2735 881 Locum
2774 827 2979 897 profert
3014 826 3324 897 Pamphilus
3360 830 3413 884 in
3448 833 3692 905 Apologia.

2372 918 2456 971 Vl.
2501 917 2708 986 Saepius
2735 923 2922 973 tamen
2970 919 3093 974 aliis
3136 930 3332 989 praeter
3371 922 3538 996 ignem
3576 929 3801 997 suppliciis

2302 1009 2547 1064 homines
2592 1009 2842 1078 castigari
2877 1025 2905 1063 a
2951 1009 3061 1065 Deo
3106 1010 3279 1066 fassus
3307 1020 3409 1067 est.
3444 1013 3652 1072 Homilia
3678 1022 3733 1077 18
3763 1026 3803 1077 in

2300 1099 2520 1162 Jerem.,
2557 1116 2706 1154 num.
2736 1101 2823 1166 15,
2854 1116 2980 1172 pag.
3005 1101 3132 1167 261,
3164 1104 3336 1171 majus
3362 1106 3566 1175 aliquod
3606 1112 3801 1177 gebenna

2302 1191 2441 1260 ignis
2472 1206 2592 1247 esse
2631 1193 2957 1261 supplicium
3018 1193 3289 1250 concludit
3329 1212 3393 1252 ex
3431 1212 3493 1252 eo
3532 1202 3655 1268 quod
3686 1204 3724 1257 is
3752 1206 3804 1259 sit

2301 1287 2558 1352 gehennae
2603 1283 2741 1353 ignis
2785 1297 2931 1347 reus,
2960 1282 3054 1354 qui
3097 1284 3297 1340 dixerit
3342 1286 3490 1342 fratri
3534 1306 3647 1355 suo,
3677 1312 3692 1343 ι
3724 1294 3801 1347 Fa-

2303 1374 2492 1440 tue";
2521 1392 2539 1424 ι
2580 1374 2751 1441 majus
2801 1374 2980 1443 itaque
3026 1376 3336 1447 impendere
3379 1378 3671 1447 supplicium
3712 1400 3801 1437 tna-

2294 1460 2470 1531 jorum
2502 1464 2793 1518 criminum
2843 1465 2972 1529 reis,
3006 1468 3130 1534 puta
3179 1467 3470 1533 adulteris;
3500 1472 3629 1539 quod
3665 1477 3804 1542 cujus-

2301 1554 2440 1608 modi
2479 1555 2552 1608 sit
2589 1554 2827 1609 futurum
2875 1556 2928 1610 in
2979 1572 3076 1611 cor
3110 1556 3343 1613 hominis
3388 1574 3489 1615 non
3534 1564 3799 1619 ascendisse.

2298 1641 2459 1697 Libro
2492 1660 2561 1698 vu
2608 1656 2793 1698 contra
2839 1645 3044 1701 Celsum
3074 1687 3090 1713 ,
3120 1664 3272 1704 num.
3306 1651 3360 1714 5,
3394 1651 3574 1707 scribit
3617 1656 3799 1711 animam

2300 1736 2564 1791 insontem
2593 1745 2647 1791 et
2679 1752 2889 1807 puram,
2928 1739 3113 1793 statim
3160 1751 3321 1811 atque
3350 1759 3568 1813 corpore
3600 1747 3722 1813 exiit,
3747 1751 3799 1802 ad

640 1845 804 1899 seque
852 1829 1069 1898 dignum
1114 1827 1277 1883 efﬁcit
1327 1826 1601 1896 templum.
1627 1846 1645 1880 ι
1693 1829 1770 1882 lta
1812 1838 1868 1884 et
1910 1829 2006 1883 lib.
2051 1846 2087 1884 ιι
2142 1831 2196 1884 in
2227 1823 2269 1877 B
2299 1827 2518 1895 puriora
2552 1829 2772 1885 aetheris
2816 1829 2931 1885 loca
2995 1832 3282 1888 sublimem
3322 1834 3449 1889 ferri
3479 1853 3493 1889 :
3524 1851 3797 1909 quaecunque

641 1921 842 1975 Cantia.
870 1921 1146 1985 canticor.,
1176 1933 1294 1989 pag.
1321 1919 1388 1973 52
1416 1936 1432 1973 :
1470 1936 1488 1969 t
1516 1919 1758 1990 Denique
1786 1922 1855 1976 ob
1901 1921 2003 1977 hoc
2051 1921 2192 1978 Deus

641 2020 825 2068 noster
870 2011 1011 2079 ignis
1042 2010 1238 2065 dicitur
1284 2023 1403 2064 esse
1439 2023 1763 2066 consumens
1789 2011 1854 2077 ”,
1896 2020 1954 2067 et
2000 2011 2198 2068 nihilo-

641 2104 819 2159 minus
864 2103 953 2157 lux
999 2102 1054 2156 in
1098 2117 1203 2172 quo
1238 2103 1471 2157 tenebrat
1518 2119 1623 2158 non
1668 2112 1792 2157 sunt
1813 2103 1878 2157 ³ο.
1926 2103 2043 2159 Lux
2084 2105 2199 2161 sine

640 2196 802 2251 dubio
833 2195 1014 2263 iustis,
1037 2206 1090 2251 et
1118 2194 1256 2265 ignis
1298 2192 1528 2250 elIicitur
1558 2196 1956 2267 peccatoribus,
1984 2206 2045 2251 ut
2071 2212 2199 2252 con-

639 2298 817 2342 sumat
851 2290 903 2341 in
930 2288 1012 2343 eis
1039 2303 1196 2343 omne
1226 2288 1367 2358 quod
1404 2287 1455 2341 in
1491 2291 1669 2342 anima
1705 2303 1890 2343 eorum
1930 2288 2199 2357 corrupti-

636 2381 862 2439 bilitatis
903 2390 995 2437 aut
1043 2382 1347 2452 fragilitatis
1396 2381 1692 2445 invenerit;
1726 2398 1746 2433 ι
1782 2394 1883 2435 nec
1920 2380 2072 2435 aliter
2103 2380 2198 2435 ho-

636 2475 749 2528 mil.
779 2475 803 2527 1
834 2474 890 2527 in
938 2473 1153 2540 Ezech.,
1192 2490 1338 2529 num.
1371 2472 1439 2527 l2
1462 2480 1519 2526 et
1561 2472 1648 2526 13.
1688 2472 1937 2525 Animam
1978 2479 2199 2527 calere-

637 2565 766 2634 quin
796 2565 1006 2634 ignibus
1034 2565 1222 2635 attingi
1253 2575 1307 2618 et
1332 2562 1485 2617 exuri
1521 2577 1627 2617 non
1672 2577 1833 2632 posse
1866 2563 2057 2617 statuit
2101 2562 2194 2618 lib.

635 2672 688 2709 vt
714 2665 895 2710 contra
931 2655 1068 2711 Cels.
1092 2696 1109 2721 ,
1142 2671 1290 2711 num.
1318 2656 1410 2719 71,
1451 2655 1639 2725 Ἡμεῖς
1676 2653 1732 2706 δὲ
1772 2651 2058 2724 ἀσώματον
2102 2655 2196 2708 οὐ·

639 2748 756 2801 σίαν
792 2750 893 2800 οὐκ
927 2748 1080 2819 ἴσμεν
1111 2748 1537 2820 ὲκπυρουμὲνην,
1568 2746 1673 2800 οὐδ’
1714 2748 1793 2810 εἰς
1831 2747 1941 2817 πῦρ
1972 2746 2197 2799 ἀναλυο-

641 2840 806 2911 μένην
856 2839 954 2911 τὴν
1012 2839 1299 2911 ἀνθρώπου
1359 2838 1562 2911 ψυχὴν,
1611 2838 1643 2909 ἢ
1691 2838 1787 2910 τὴν
1837 2837 2113 2906 ἀγγέλωνξ,
2160 2838 2195 2908 ἢ

640 2932 859 3004 θρόνων,
901 2931 935 3002 ἢ
972 2934 1324 3004 κυριοτήτων,
1363 2933 1397 3004 ἢ
1445 2932 1647 3003 ἀρχῶν,
1693 2932 1725 3003 ἢ
1772 2930 2025 2997 ἐξουσιῶν
2067 2932 2198 2985 ὑπό-

641 3041 842 3077 στασιν.

710 3115 1097 3187 Nonnunquam
1140 3127 1319 3172 tamen
1349 3131 1656 3187 supremam
1688 3116 1869 3171 mundi
1900 3116 2195 3184 conﬂagra-
2219 3154 2263 3212 c

640 3209 843 3264 tionem
888 3211 1008 3279 igne
1039 3208 1147 3265 hoc
1188 3211 1431 3265 denotari
1471 3219 1650 3279 putat,
1695 3225 1866 3279 eoque
1914 3211 2191 3265 hominum

638 3308 855 3373 peccata
883 3302 1038 3354 exuri
1061 3309 1114 3354 et
1146 3302 1383 3372 purgari.
1412 3301 1647 3369 Legatur
1675 3302 1727 3355 in
1769 3301 1907 3357 libro
1947 3316 1979 3352 v
2010 3310 2193 3356 contra

637 3391 864 3456 Celsum,
915 3408 1063 3447 num.
1104 3394 1192 3460 15,
1233 3394 1380 3449 locus
1422 3394 1540 3459 ille,
1588 3408 1694 3464 quo
1734 3394 2000 3464 impurum
2050 3395 2194 3449 hunc

637 3486 1008 3555 philosophum
1060 3486 1296 3542 futuram
1340 3487 1520 3542 mundi
1573 3484 2045 3557 eonﬂagrationem
2092 3500 2191 3540 ne-

642 3588 859 3647 gantem
904 3578 1138 3643 refellit;
1188 3578 1421 3634 ostendit
1467 3578 1609 3632 enim
1663 3577 1914 3635 incendio
1947 3578 2050 3632 hoc
2094 3577 2193 3631 ho-

636 3669 809 3725 mines
843 3670 1127 3726 universos
1168 3669 1451 3725 luetratum
1486 3669 1573 3735 iri,
1606 3669 1785 3724 illaesis
1820 3677 1996 3723 tamen
2028 3669 2093 3723 iis
2138 3667 2191 3722 in

638 3761 832 3828 quibus
873 3776 1035 3827 opera
1084 3761 1329 3831 peccati,
1377 3761 1623 3815 idoneum
1668 3759 1873 3815 scilicet
1907 3758 2016 3828 igni
2069 3758 2192 3813 huic

640 3850 915 3918 pabulum,
944 3851 1086 3904 nulla
1123 3851 1491 3920 reperientur;
1526 3850 1732 3907 exustis
1762 3865 1889 3906 vero
1919 3850 2059 3914 aliis,
2099 3849 2191 3920 qui

638 3955 806 3996 noxas
833 3950 887 3996 et
930 3941 1155 4006 scelera,
1189 3942 1330 4013 ligna
1366 3943 1618 3997 nimirum
1643 3983 1659 4007 ,
1706 3943 1885 3997 fenum
1927 3949 1983 3996 et
2023 3941 2193 4011 stipu-

639 4030 743 4082 lam
790 4028 1021 4084 llammis
1049 4029 1322 4085 exedenda
1370 4030 1701 4101 collegerint.
1736 4030 1939 4096 Quarto
1979 4043 2192 4098 quoque

632 4121 811 4190 operis
836 4119 1071 4189 ejusdem
1099 4120 1257 4187 libro,
1282 4135 1431 4174 num.
1457 4121 1525 4174 20
1548 4130 1602 4176 et
1625 4120 1717 4185 64,
1749 4122 2003 4175 mundum
2033 4119 2194 4175 tradit

635 4229 774 4269 nunc
806 4212 1020 4267 diluviis
1063 4212 1370 4281 repurgari,
1412 4226 1552 4265 nunc
1595 4211 1879 4275 incendiis,
1919 4211 2012 4264 καὶ
2050 4210 2190 4280 τάχα

628 4307 690 4360 οὐ
731 4307 800 4359 τὰ
829 4304 922 4358 ἐπὶ
947 4303 1046 4374 γῆς
1078 4301 1255 4373 μόνον,
1286 4300 1419 4356 ἀλλὰ
1446 4302 1539 4355 καὶ
1566 4301 1634 4355 τὰ
1659 4303 1715 4353 ὲν
1735 4299 1840 4371 ὅλῳ
1866 4300 1944 4370 τῷ
1976 4301 2186 4372 κόσμῳ,

626 4397 859 4468 δεομένῳ
894 4394 1187 4466 καθαρσίου
1224 4394 1351 4446 ὅταν
1384 4391 1550 4462 πολλὴ
1596 4394 1629 4462 ἡ
1673 4390 1838 4446 κακία
1870 4392 2093 4459 γένηται
2133 4393 2189 4445 ὲν

628 4489 791 4559 αὐτῷ.

698 4579 828 4633 Utut
874 4579 1045 4647 ignem
1097 4579 1240 4633 hunc
1280 4575 1680 4647 intelligendum
1718 4582 1936 4640 censet,
1984 4574 2183 4629 nullam

628 4671 787 4726 aliam
818 4681 1075 4741 praeterea
1105 4670 1279 4724 noxiis
1317 4667 1623 4723 hominibus
1670 4664 1933 4722 inﬂictum
1970 4665 2035 4719 iri
2070 4679 2185 4735 pte-

628 4777 788 4827 nam,
833 4761 957 4818 licet
997 4761 1083 4815 illa
1136 4775 1232 4828 pro
1289 4768 1633 4827 peccatorum
1685 4757 1897 4813 ratione
1949 4756 2182 4812 diversis

625 4853 799 4907 modis
841 4850 1147 4905 intendatur
1200 4851 1283 4903 vel
1326 4852 1667 4914 remittatur,
1712 4848 1905 4903 scribit
1951 4848 2002 4901 in
2042 4847 2179 4903 libro

630 4945 706 4999 De
749 4941 1052 4998 Proverbiis.
1087 4939 1379 4996 Salomonis
1417 4957 1434 4993 :
1475 4957 1493 4991 ι
1533 4937 1875 4994 Manifestum
1914 4947 1999 4993 est
2044 4938 2184 5006 quod

629 5052 734 5090 una
780 5050 936 5105 pmna
981 5044 1086 5088 tam
1134 5034 1429 5087 dmmonum
1464 5041 1689 5097 naturae,
1738 5045 1899 5099 quam
1950 5030 2184 5082 humano

624 5130 805 5197 generi
852 5136 1198 5196 peccatorum
1242 5138 1271 5175 ει
1334 5122 1559 5176 Domino
1606 5122 1872 5191 praeﬁnita
1930 5121 2000 5174 sit
2051 5120 2179 5182 illa,

624 5230 784 5284 quam
812 5217 1068 5270 Dominus
1091 5229 1185 5269 sua
1210 5213 1477 5268 sententia
1504 5213 1807 5282 designavit
1837 5212 2022 5266 dicens
2048 5226 2061 5262 :
2101 5209 2179 5263 Ite

625 5304 679 5355 in
708 5302 876 5369 ignem
907 5310 1179 5367 wternum,
1208 5301 1296 5370 qui
1324 5309 1537 5368 paratus
1566 5309 1640 5353 est
1668 5300 1874 5352 diabolo
1908 5308 1956 5351 et
1981 5297 2177 5365 angelis

622 5395 733 5464 ejus
759 5392 838 5457 ³¹;
874 5394 1160 5448 ostendens
1208 5392 1331 5461 quia
1393 5390 1579 5446 eadem
1627 5392 1832 5460 species
1896 5403 2176 5460 poenarum

622 5483 1013 5560 peccatoribus,
1031 5482 1367 5557 hominibus,
1397 5490 1451 5536 et
1479 5480 1713 5543 diabolo,
1743 5488 1795 5535 et
1828 5480 2034 5550 angelis
2062 5476 2178 5546 ejus

689 5690 735 5719 ’⁸
771 5688 1044 5749 .loan.xnv,
1084 5688 1173 5739 25.
1262 5688 1306 5718 ¹⁹
1348 5686 1506 5741 Ileltr.
1534 5702 1636 5747 ιιι,
1682 5685 1769 5740 29.

624 5771 720 5819 χιι,
746 5759 835 5811 26.
876 5758 955 5825 7“
992 5758 1347 5828 Matthnxxn,
1383 5759 1464 5812 15.
1542 5758 1585 5789 ⁸⁸
1628 5754 1813 5811 Matth.
1856 5771 1981 5822 xxv,
2012 5755 2100 5810 30.

1868 5686 1908 5717 ³ο
1949 5684 1967 5737 1
1999 5684 2150 5743 Joan.
2182 5704 2223 5755 l,
2265 5687 2314 5743 5.

2300 1934 2426 1974 vero
2459 1921 2617 1974 noxia
2669 1930 2782 1988 est,
2832 1923 3066 1989 peccatis
3111 1938 3423 1994 oppressam
3466 1926 3600 1980 circa
3648 1938 3799 1982 terram

2298 2013 2405 2067 huc
2447 2020 2501 2066 et
2540 2012 2667 2067 illuc
2728 2012 2994 2080 volutari;
3034 2016 3294 2083 quasdam
3344 2016 3484 2070 circa
3530 2028 3800 2075 mortuorum

2298 2103 2561 2173 sepulcra,
2590 2104 2710 2160 inde
2756 2114 2967 2175 spectra
3002 2106 3173 2160 oculis
3220 2108 3496 2163 hominum
3537 2114 3802 2181 quandoque

2301 2193 2495 2260 objici;
2531 2193 2664 2248 alias
2693 2193 2819 2250 alibi
2847 2209 3050 2251 errare.
3079 2195 3122 2249 E
3148 2195 3374 2253 Platone
3408 2201 3657 2254 transtulit
3681 2216 3797 2256 coni-

2300 2296 2540 2340 mentum
2590 2286 2765 2352 istud,
2809 2295 2867 2341 ut
2916 2287 3017 2341 alia
3068 2288 3345 2359 pleraque,
3390 2290 3536 2360 cujus
3576 2308 3633 2348 ea
3656 2301 3724 2347 est
3761 2295 3799 2347 iu

2304 2376 2563 2433 Phwdone
2602 2380 2852 2447 assertio,
2889 2381 3165 2437 hominum
3213 2384 3491 2452 corporeis
3537 2386 3677 2440 rebus
3702 2386 3799 2440 dum

2300 2468 2544 2523 viverent
2594 2468 2978 2538 implicitorum
3047 2471 3256 2526 animas
3311 2472 3453 2528 circa
3512 2483 3798 2529 monumenta

2299 2560 2523 2625 versari,
2558 2562 2752 2629 quibus
2797 2577 2920 2617 cum
2977 2563 3363 2633 conspicabilis
3411 2564 3576 2635 aliqua
3606 2567 3800 2636 corporis

2297 2663 2423 2718 pars
2456 2648 2746 2704 etiamnum
2776 2652 3122 2714 adhrcrescat.
3161 2651 3285 2707 hinc
3335 2652 3674 2708 tenebricosas
3707 2652 3798 2705 ani-

2299 2756 2504 2795 tuarum
2549 2741 2836 2812 imagines,
2881 2742 3234 2812 aspectabiles
3266 2745 3545 2801 exsiStere.
3589 2744 3700 2798 Eant
3736 2744 3797 2797 ni-

2299 2830 2586 2885 hilominus
2658 2834 2974 2888 sententiam
3049 2835 3298 2904 repudiat
3365 2846 3494 2891 tom.
3565 2851 3709 2890 xxvnt
3756 2835 3800 2887 in

2297 2922 2478 2989 Joan.,
2519 2939 2665 2978 num.
2693 2923 2746 2991 5,
2785 2927 3183 2996 absurdumque
3216 2943 3340 2983 esse
3384 2929 3610 2984 decernit
3654 2927 3800 2982 existi-

2299 3029 2447 3068 mare
2505 3016 2774 3081 animam,
2819 3025 3099 3086 postquam
3161 3032 3395 3087 corpore
3457 3019 3661 3075 liberata
3706 3028 3797 3082 est,

2299 3115 2511 3160 mortuo
2545 3107 2804 3163 assidere.

2364 3198 2522 3253 Aliud
2555 3209 2814 3268 praetcrea
2859 3202 3106 3272 supplicii
3150 3217 3324 3275 genus
3369 3202 3541 3257 notari
3572 3208 3703 3272 putat
3724 3198 3797 3254 bis

2294 3287 2456 3345 Luca:
2490 3291 2693 3357 verbis,
2722 3292 2916 3362 quibus
2949 3294 3184 3349 futurum
3216 3295 3457 3350 minatur
3496 3292 3728 3355 Christus,
3755 3300 3798 3343 ut

2295 3379 2688 3448 imprudentem
2746 3397 2963 3438 servum
3020 3385 3310 3450 «dividat,
3367 3394 3662 3456 partemque
3710 3378 3797 3447 ejus

2294 3484 2415 3525 cum
2463 3471 2765 3527 infidelibus
2800 3473 3050 3542 ponat".
3086 3494 3105 3527 ι
3146 3473 3336 3530 Genus
3383 3483 3554 3530 autem
3603 3466 3797 3541 supplicii

2295 3561 2347 3615 id
2374 3575 2493 3615 esse
2522 3572 2691 3632 putat,
2720 3562 3039 3619 divisionem
3079 3565 3274 3619 anima:
3319 3581 3350 3620 a
3385 3564 3581 3634 Spiritu
3617 3571 3796 3621 sancto;

2292 3651 2377 3705 vel
2425 3652 2739 3708 divisionem
2795 3654 3072 3710 nobilioris
3135 3655 3305 3725 partis
3357 3657 3574 3722 animae,
3614 3666 3712 3723 quae
3748 3650 3797 3702 ad

2292 3742 2575 3813 imaginem
2631 3753 2684 3799 et
2730 3744 3130 3800 similitudinem
3183 3745 3276 3801 Dei
3330 3746 3472 3803 facta
3513 3756 3624 3811 est,
3664 3744 3718 3797 ab
3750 3754 3796 3794 ea

2292 3842 2445 3903 parte
2467 3848 2585 3903 quae
2615 3849 2710 3905 per
2735 3833 2888 3890 liberi
2919 3836 3130 3890 arbitrii
3160 3836 3372 3907 lapsum
3406 3837 3679 3893 deformata
3703 3840 3795 3894 est;

2292 3924 2375 3979 vel
2408 3925 2722 3980 divisionem
2766 3927 2957 3983 animae
3002 3928 3068 3981 ab
3094 3928 3285 3997 angelo
3328 3928 3509 3984 tutelae
3540 3941 3639 3984 sure
3681 3936 3792 3993 ρη-

2290 4013 2453 4070 fecto.
2484 4014 2589 4071 Sed
2616 4026 2670 4072 et
2696 4031 2939 4073 errorum
2985 4019 3237 4074 tenebras
3267 4028 3324 4073 et
3372 4018 3670 4088 ignorantiae
3693 4011 3798 4069 cali.

2292 4107 2468 4176 ginem
2504 4106 2619 4161 vult
2655 4109 2881 4178 exprimi
2914 4110 3149 4165 tenebris
3192 4111 3567 4173 exterioribus,
3611 4109 3670 4163 in.
3694 4116 3799 4174 qua!

2291 4197 2427 4251 mitti
2451 4197 2603 4265 jubet
2637 4212 2757 4252 eum
2791 4213 2905 4260 rex,
2933 4200 3023 4268 qui
3059 4209 3205 4254 veste
3234 4200 3460 4269 nuptiali
3488 4214 3583 4253 non
3617 4196 3796 4251 indutus

2292 4288 2346 4342 in
2383 4289 2606 4358 nuptiali
2635 4290 2882 4344 convivio
2913 4290 3285 4347 discumbebat
3311 4291 3389 4358 ³⁸;
3419 4298 3472 4347 et
3513 4302 3702 4345 servum
3728 4298 3798 4337 ne-

2291 4396 2451 4449 quam
2481 4391 2535 4435 et
2569 4381 2798 4450 pigrum,
2842 4382 2931 4450 qui
2965 4380 3217 4437 talentum
3262 4384 3367 4439 sibi
3400 4382 3721 4438 commissum
3756 4375 3794 4428 in

2217 4506 2262 4561 Β
2288 4480 2491 4528 terram
2531 4472 2893 4527 deloderat".
2930 4471 3052 4539 Quo
3088 4475 3298 4530 accedit
3342 4484 3553 4530 tractat.
3576 4484 3725 4526 xum
3755 4466 3794 4517 iu

2292 4562 2506 4627 Matth.,
2536 4578 2683 4617 num.
2711 4561 2798 4628 69,
2830 4564 3080 4619 tenebras
3104 4564 3403 4620 exteriores
3434 4565 3504 4619 ita
3534 4570 3791 4630 exponens:

2294 4675 2313 4706 ι
2345 4654 2445 4710 Ubi
2481 4654 2624 4708 nulla
2657 4654 2971 4709 illuminatio
2999 4665 3103 4722 est,
3140 4655 3371 4711 forsitan
3404 4670 3503 4711 nec
3529 4646 3790 4723 corporalis,

2290 4761 2388 4800 nec
2429 4755 2512 4800 est
2548 4746 2810 4815 respectio
2843 4745 2934 4800 Dei
2977 4746 3119 4811 illic,
3166 4748 3258 4803 sed
3291 4749 3446 4817 quasi
3483 4744 3665 4815 indigni
3703 4752 3792 4807 spe-

2295 4837 2559 4891 culatione
2598 4836 2692 4890 Dei
2722 4837 2813 4907 qui
2848 4836 2970 4890 talia
3011 4848 3394 4906 peccaverunt,
3424 4837 3792 4893 condemnamur

2291 4930 2345 4982 in
2386 4929 2471 4983 his
2504 4943 2626 4998 quae
2659 4928 2954 4983 exteriores
2997 4931 3229 4984 tenebrae
3276 4930 3641 5000 appellantur:
3674 4917 3791 4975 forsi-

2292 5032 2378 5074 tan
2429 5021 2596 5076 donec
2642 5019 3035 5087 intellexerint,
3070 5029 3128 5074 ut
3172 5030 3552 5076 convertantur
3595 5025 3644 5069 et
3681 5006 3789 5078 digni

2285 5111 2579 5165 etliciantur
2621 5111 2769 5165 exire
2799 5113 2865 5166 ab
2895 5112 3025 5167 eis.»
3063 5112 3232 5168 Aliter
3262 5122 3439 5167 tamen
3476 5107 3623 5180 paulo
3664 5109 3784 5175 post:

2284 5223 2301 5255 σ
2329 5203 2741 5258 Consideremus
2788 5218 2936 5273 ergo,
2986 5205 3192 5275 inquit,
3237 5207 3281 5260 si
3330 5213 3506 5274 potest
3538 5214 3653 5255 vera
3693 5203 3786 5247 esse

2278 5294 2545 5364 expositio
2582 5294 2717 5364 ejus,
2755 5303 2814 5348 ut
2841 5295 3141 5351 exteriores
3184 5295 3434 5351 tenebras
3481 5292 3592 5346 illas
3633 5279 3789 5341 intelli-

2277 5402 2499 5455 gamus,
2543 5394 2599 5439 ut
2646 5387 2865 5454 quidam
2919 5389 3070 5457 quasi
3125 5386 3324 5457 indigni
3375 5396 3485 5439 t0to
3534 5377 3705 5436 mundo
3747 5372 3787 5423 in

2278 5479 2527 5548 abyssum
2552 5477 2721 5543 illam,
2747 5493 2905 5549 quam
2942 5479 3034 5535 ille
3062 5478 3331 5549 exposuit,
3359 5475 3501 5532 foras
3529 5470 3771 5545 ejiciantur

3606 5673 3648 5710 ³³
3678 5669 3783 5725 Luc.

2414 5685 2662 5743 “Matth.
2694 5702 2817 5755 xxv,
2854 5685 2942 5740 41.
3043 5684 3085 5717 ³³
3130 5683 3308 5741 Matth.
3345 5697 3397 5747 v,
3428 5679 3516 5734 22.
