4068 6308
331 383 468 437 1905

1169 379 1732 438 ORIGENIANORUM
1770 380 1898 436 LIB.
1937 381 2002 447 II,
2040 382 2191 438 CAP.
2233 382 2297 450 II,
2341 382 2617 451 QUIEST.
2658 385 2752 441 XI.

3410 396 3432 448 1
3443 394 3547 449 006

328 498 385 554 in
430 512 537 569 qua
565 505 693 553 sunt
722 496 972 561 tenebrae,
1012 497 1225 552 nemine
1252 512 1345 553 eas
1378 497 1733 565 illuminante,
1767 514 1887 555 cum
1917 498 1965 556 A
2067 494 2194 550 VIII.
2245 496 2603 554 NilliIOminus
2647 507 2824 554 tamen
2866 500 3152 557 multorum
3196 508 3549 564 consensione

326 594 436 648 sint
463 599 617 647 extra
647 600 816 646 totum
848 591 1124 645 mundum.
1154 608 1172 639 ι

381 683 757 755 Cujuscunque
779 700 938 751 porro
953 683 1170 754 generis
1181 682 1289 737 sint
1308 698 1500 753 poenae,
1517 685 1889 743 vehementius

327 777 395 832 iis
436 776 732 831 cruciatum
766 776 828 828 iri
861 789 1084 842 corpora
1115 782 1286 841 putat,
1316 775 1507 844 quibus
1540 788 1886 848 resurgentes

328 868 646 933 induemur;
674 875 854 936 utpote
878 864 1155 921 subtiliora
1184 875 1238 920 et
1267 866 1549 936 spiritalia,
1575 885 1735 937 quam
1765 887 1885 941 quae

325 961 430 1015 hac
454 960 509 1013 in
532 961 643 1014 vita
666 968 967 1029 gestamus;
994 959 1441 1028 quemadmodum
1466 962 1665 1016 nudum
1690 978 1884 1034 corpus

324 1052 535 1107 mollius
563 1061 643 1105 est
670 1052 736 1106 ad
766 1052 1012 1114 verbera,
1040 1052 1212 1119 iisque
1240 1052 1416 1107 acrius
1439 1053 1690 1121 adicitur,
1723 1070 1883 1125 quam

320 1144 367 1197 si
398 1152 550 1197 veste
572 1151 909 1210 contegatur.
942 1142 1117 1197 Verba
1148 1142 1394 1211 Origenis
1421 1158 1451 1199 e
1491 1144 1882 1203 Commentario

322 1235 375 1287 in
405 1234 589 1303 psalm.
637 1250 723 1299 vr,
769 1250 891 1305 pag.
918 1232 1041 1299 580,
1086 1235 1394 1305 Pamphilus
1431 1238 1481 1291 in
1514 1239 1765 1309 Apologia
1798 1258 1884 1297 re-

325 1326 526 1381 citavit.
572 1325 812 1395 Denique
856 1326 1215 1398 Hieronymus
1261 1329 1313 1384 in
1348 1330 1508 1399 epist.
1535 1331 1626 1397 95,
1654 1333 1720 1386 ad
1751 1334 1883 1390 Avi-

324 1427 453 1481 tum,
484 1432 604 1486 cap.
630 1419 681 1483 l,
714 1418 998 1486 scripsisse
1025 1418 1312 1490 Origenem
1343 1420 1512 1477 refert
1541 1425 1593 1477 in
1629 1424 1734 1480 line
1758 1424 1880 1481 libri

320 1509 477 1579 primi
516 1510 658 1579 Περὶ
707 1508 926 1580 ἀρχῶν,
962 1512 1192 1565 animam
1233 1515 1554 1584 quandoque
1599 1534 1617 1569 ι
1648 1532 1746 1587 pro
1777 1517 1881 1574 do-

322 1601 434 1656 lore
471 1616 749 1671 poenarum
797 1612 852 1657 et
906 1602 1043 1673 ignis
1087 1603 1301 1667 ardore,
1344 1607 1518 1677 magis
1562 1607 1762 1678 eligere
1819 1620 1881 1665 ut

321 1691 536 1748 brutum
583 1692 783 1747 animal
818 1690 910 1757 sit,
952 1701 1008 1747 et
1044 1694 1093 1748 in
1132 1696 1286 1765 aquis
1326 1697 1560 1761 habitet,
1603 1707 1659 1753 et
1699 1698 1878 1756 ﬂucti-

316 1782 455 1850 bus,
497 1797 560 1839 ac
603 1797 799 1853 corpus
845 1797 1120 1841 assumere
1170 1786 1329 1858 hujus
1381 1788 1465 1844 vel
1517 1788 1659 1846 illius
1714 1806 1878 1862 peco-

316 1875 415 1931 ris.

387 1966 497 2023 VII.
538 1967 884 2039 Multiplicem
919 1982 1338 2028 commemorata
1369 1974 1620 2045 dogmata
1661 1975 1877 2048 Origeni

316 2060 783 2128 exprobrationem
831 2077 1108 2133 peperere.
1158 2064 1302 2120 Inter
1351 2066 1453 2120 alia
1512 2066 1781 2135 obiectum
1824 2068 1873 2124 ei

317 2163 505 2206 narrat
557 2152 866 2222 Pamphilus
926 2155 979 2210 in
1041 2156 1394 2228 Apologetico,
1442 2174 1673 2229 negasse
1727 2159 1875 2215 illum

320 2245 563 2301 scelestis
602 2247 877 2302 inferenda
912 2249 1202 2318 supplicia;
1249 2251 1391 2319 quod
1424 2265 1638 2320 poenam
1666 2267 1873 2318 sensus,

318 2346 377 2390 ut
409 2346 633 2405 vocant,
683 2340 928 2394 videatur
973 2339 1285 2408 sustulisse,
1332 2357 1454 2395 cum
1494 2343 1674 2413 ignem
1721 2354 1880 2399 aeter-

318 2444 446 2482 num
501 2430 884 2501 interpretatus
939 2442 1021 2487 est
1082 2432 1521 2503 perturbationes
1575 2436 1776 2503 animi,
1823 2446 1878 2494 et

313 2521 656 2575 conscientia:
698 2522 960 2577 stimulos.
1001 2523 1075 2579 Eo
1120 2533 1363 2593 spectant
1411 2525 1517 2579 ista
1566 2524 1875 2598 Hieronymi

310 2609 405 2667 lib.
430 2626 489 2665 ιιι
531 2613 589 2665 in
621 2611 793 2681 Epist.
821 2615 889 2667 ad
917 2614 1110 2685 Epltes.
1133 2629 1187 2681 ν,
1221 2616 1292 2671 6:
1331 2634 1351 2669 ι
1379 2615 1513 2684 Quia
1553 2617 1716 2688 igitur
1755 2629 1878 2674 sunt

308 2701 571 2773 plerique,
613 2707 704 2776 qui
743 2707 926 2761 dicunt
971 2723 1077 2762 non
1125 2708 1302 2764 futura
1337 2723 1437 2779 pro
1470 2712 1709 2779 peccatis
1756 2728 1876 2769 esse

309 2797 588 2867 supplicia,
623 2813 720 2854 nec
751 2800 1091 2857 extrinsecus
1118 2801 1418 2857 adhibenda
1453 2789 1747 2869 tormenta,
1778 2806 1873 2861 sed

308 2890 480 2959 ipsum
530 2899 806 2961 peccatum
832 2932 847 2957 ,
890 2899 945 2946 et
988 2892 1370 2948 conscientiam
1405 2895 1583 2952 delicti
1627 2912 1748 2953 esse
1777 2913 1875 2967 pro

308 2995 500 3052 ptena,
531 2984 654 3038 dum
705 2985 904 3039 vermis
951 2984 1004 3039 in
1051 2987 1213 3041 corde
1245 3003 1351 3041 non
1405 2989 1653 3057 moritur,
1708 3000 1763 3046 et
1816 2993 1871 3047 in

308 3074 485 3128 animo
528 3074 666 3145 ignis
714 3074 1049 3140 accenditur,
1099 3077 1152 3129 in
1206 3077 1617 3133 similitudinem
1670 3078 1860 3145 febris,

306 3180 423 3235 qua:
449 3181 553 3220 non
594 3174 808 3236 torquet
833 3166 1171 3222 extrinsecus
1198 3178 1575 3237 aegrotantem,
1616 3170 1709 3226 sed
1749 3186 1872 3226 cor-

305 3270 435 3325 pora
482 3256 593 3323 ipsa
650 3256 946 3324 corripiens
1005 3257 1187 3326 punit,
1230 3259 1346 3313 sine
1394 3262 1727 3316 crueiatuum
1773 3277 1871 3317 ex-

311 3348 579 3405 trinsecus
615 3349 966 3417 adhibitione,
1010 3365 1146 3421 quos
1180 3352 1441 3420 possidet.
1470 3372 1487 3404 ι
1532 3353 1696 3408 Notat
1728 3370 1869 3426 plae-

310 3452 459 3501 terea
498 3442 857 3517 Hieronymus
902 3448 954 3501 in
993 3449 1150 3517 epist.
1176 3448 1265 3515 59,
1308 3449 1373 3502 ad
1406 3448 1575 3513 Avit.,
1607 3464 1727 3518 cap.
1759 3446 1869 3505 1-4.

308 3535 594 3605 Origenem
625 3538 833 3594 dixisse
868 3539 1075 3595 animas
1102 3555 1199 3609 pro
1229 3540 1513 3595 criminum
1545 3540 1701 3596 modo
1727 3556 1873 3602 cras-

312 3632 550 3687 sioribus
580 3631 879 3697 hominum,
915 3631 1000 3685 vel
1025 3632 1411 3702 jumentorum,
1454 3633 1539 3688 vel
1566 3635 1725 3689 etiam
1762 3636 1874 3688 da:-

302 3742 521 3784 monum
585 3728 899 3800 corporibus
969 3728 1224 3791 immitti,
1281 3728 1611 3795 easdemque
1671 3728 1870 3793 resipi-

301 3831 515 3875 scentes
557 3819 621 3873 ad
672 3818 980 3890 angelorum
1018 3825 1261 3871 naturam
1296 3817 1477 3870 redire
1518 3833 1531 3869 :
1582 3818 1723 3885 quod
1758 3815 1870 3883 jam

300 3911 726 3966 observavimus.
754 3910 912 3965 Addit
941 3924 1057 3978 cap.
1082 3907 1118 3961 2
1150 3917 1418 3963 tormenta
1448 3922 1570 3962 eum
1603 3917 1660 3961 et
1690 3907 1867 3977 ignem

300 4005 555 4073 gehenna:
595 4004 647 4058 in
696 4002 1025 4059 conscientia
1062 4010 1406 4072 peccatorum
1458 4000 1594 4054 libro
1638 4016 1675 4053 ιι
1726 4000 1869 4067 Περὶ

298 4090 501 4166 ἀρχῶν
531 4096 793 4167 posuisse,
819 4096 960 4165 quod
1003 4094 1161 4148 iterat
1191 4092 1342 4161 Apol.
1372 4095 1443 4156 η’,
1480 4106 1597 4159 cap.
1627 4092 1679 4155 l,
1722 4100 1778 4145 et
1812 4092 1865 4145 in

304 4187 704 4246 Commentariis
760 4187 815 4241 in
872 4187 1043 4257 Epist.
1086 4186 1154 4239 ad
1197 4184 1423 4255 Eplm.,
1468 4200 1587 4252 cap.
1633 4184 1665 4237 5
1701 4192 1756 4238 et
1811 4182 1866 4238 6.

305 4282 563 4350 Queritur
589 4294 801 4350 quoque
827 4280 964 4351 apud
999 4278 1354 4347 Augustinum
1383 4275 1606 4331 Orosius
1637 4276 1690 4329 in
1721 4275 1869 4329 Cont-

298 4374 602 4437 monitorio,
647 4371 857 4440 jactare
920 4370 1106 4424 solitos
1143 4365 1510 4438 ‘Origenistas
1562 4365 1863 4437 quosdam,

300 4480 322 4515 ι
363 4462 546 4533 Ignem
592 4470 850 4515 aeternum
892 4474 997 4528 quo
1032 4468 1344 4527 peccatores
1397 4458 1708 4527 puniantur,
1756 4472 1862 4510 non

1989 594 2046 641 et
2090 589 2393 656 patrocinio
2447 599 2631 645 noster
2669 588 2927 660 Origenes
2973 591 3297 659 defenditur,
3346 612 3551 668 suaque

1987 676 2253 746 imprimis
2277 677 2629 744 dubitatione,
2656 694 2774 733 cum
2802 679 2895 735 lib.
2925 696 2941 735 ι
2979 683 3118 752 Περὶ
3148 676 3369 755 ἀρχῶν,
3397 688 3551 746 initio

1987 764 2176 834 capitis
2223 767 2394 833 sexti,
2448 769 2512 823 de
2568 784 2747 824 rerum
2811 775 3317 842 consummatione,
3375 780 3550 850 deque

1987 858 2163 927 poenis
2202 859 2610 927 damnatorum,
2640 877 2703 918 ac
2735 864 3012 918 beatorum
3061 866 3301 934 praemiis
3332 880 3551 926 acturus

1987 953 2064 1007 sic
2103 953 2403 1023 prtefatur:
2447 974 2466 1007 ι
2496 954 2626 1023 Quae
2671 958 2886 1026 quidem
2938 975 2966 1013 a
3009 959 3164 1014 nobis
3220 963 3380 1016 etiam
3426 979 3547 1019 cum

1984 1057 2181 1113 magno
2224 1054 2369 1099 metu
2435 1055 2491 1099 et
2544 1047 2751 1102 cautela
2791 1048 3078 1115 dicuntur,
3131 1048 3547 1108 discutientibus

1985 1138 2157 1209 magis
2189 1148 2245 1193 et
2276 1141 2753 1208 pertractantibus,
2794 1158 2955 1211 quam
2989 1160 3085 1215 pro
3116 1156 3264 1202 certo
3309 1160 3371 1202 ac
3417 1147 3550 1203 deli-

1985 1230 2097 1284 nito
2120 1232 2499 1289 statuentibus.
2522 1251 2539 1284 )
2586 1232 2651 1285 Et
2683 1234 2751 1285 ita
2781 1234 2994 1290 demum
3031 1248 3191 1307 caput
3222 1239 3360 1294 idem
3398 1238 3551 1294 clau~

1982 1321 2107 1376 dit:
2156 1343 2173 1374 ι
2201 1323 2414 1380 Certius
2451 1334 2627 1379 tamen
2675 1327 2904 1394 qualiter
2956 1344 3014 1383 se
3060 1330 3309 1386 habitura
3348 1332 3418 1387 sit
3459 1348 3547 1388 res

1983 1415 2084 1469 scit
2118 1415 2264 1470 solus
2292 1416 2452 1482 Deus,
2482 1426 2536 1471 et
2563 1420 2605 1474 si
2636 1421 2725 1490 qui
2750 1421 2866 1487 ejus
2900 1420 3173 1475 Christum
3202 1434 3256 1477 et
3283 1422 3548 1493 Spiritum

1981 1515 2227 1561 sanctum
2280 1511 2440 1564 amici
2498 1521 2642 1565 sunt.
2677 1531 2695 1563 ι
2748 1510 2869 1565 Pari
2922 1515 3345 1595 quoque.modo
3392 1515 3547 1569 initio

1980 1597 2172 1665 capitis
2223 1601 2500 1668 sequentis
2546 1602 2936 1657 haesitationem
2984 1618 3136 1658 suam
3182 1603 3439 1661 declarat.
3484 1605 3546 1663 Id

1980 1702 2049 1742 ne
2080 1687 2195 1757 ipse
2249 1691 2467 1760 quidem
2523 1693 2793 1748 inﬁciatus
2851 1703 2937 1749 est
2984 1693 3371 1767 Ilieronymus,
3417 1715 3543 1756 cum

1981 1777 2137 1846 epist.
2166 1778 2251 1844 59,
2284 1780 2350 1834 ad
2380 1781 2546 1849 Avit.,
2580 1798 2699 1852 cap.
2728 1784 2778 1849 l,
2812 1778 3095 1853 Origenem
3128 1786 3193 1841 de
3230 1791 3416 1844 eodem
3455 1805 3544 1846 ar-

1906 1857 2235 1939 Bgumento
2290 1871 2455 1926 multa
2508 1884 2920 1929 commentatum
2987 1879 3270 1950 scripsisse
3327 1884 3542 1938 tandem

1979 1962 2098 2016 ait:
2138 1980 2159 2014 ‹
2187 1963 2310 2019 Hac
2338 1964 2491 2032 juxta
2527 1976 2770 2021 nostram
2807 1971 3129 2026 sententiam
3166 1990 3268 2030 non
3303 1976 3411 2030 sint
3445 1977 3541 2031 do-

1979 2063 2181 2124 gmata,
2219 2056 2312 2111 sed
2345 2058 2570 2127 quaesita
2609 2067 2838 2126 tantum,
2872 2071 3031 2130 atque
3060 2065 3320 2136 projecta,
3351 2083 3420 2123 ne
3448 2084 3542 2137 ped

1980 2147 2125 2202 nitus
2150 2149 2432 2205 intractata
2464 2152 2788 2208 viderentur.
2815 2171 2832 2204 ι

2048 2240 2312 2297 Caeterum
2342 2243 2393 2297 in
2425 2247 2716 2299 asserendo
2748 2246 2871 2318 igne
2898 2248 2989 2305 illo
3015 2265 3104 2320 qui
3130 2252 3306 2319 justos
3345 2254 3398 2308 in
3430 2253 3540 2311 fine

1980 2347 2158 2387 rerum
2186 2334 2370 2389 itidem
2399 2346 2456 2390 ut
2490 2337 2681 2406 impios
2719 2339 3006 2397 invasurus
3050 2343 3118 2397 ab
3160 2343 3391 2414 Origene
3435 2345 3540 2401 fin-

1979 2424 2141 2495 gitur,
2194 2426 2292 2493 ipsi
2343 2431 2614 2484 consentit
2678 2430 2988 2489 Lactantius
3043 2434 3225 2490 Instit.
3281 2436 3378 2491 lib.
3438 2452 3539 2502 vn,

1978 2532 2097 2587 cap.
2149 2517 2213 2573 21
2257 2538 2272 2575 :
2316 2519 2519 2586 Justos,
2584 2523 2781 2592 inquit,
2847 2542 2967 2581 cum
2994 2514 3330 2597 judicaverit,
3377 2532 3540 2586 etiam

1978 2608 2088 2679 igni
2133 2624 2228 2665 eos
2283 2614 2614 2669 examinabit
2671 2634 2685 2670 :
2745 2626 2856 2671 tum
2906 2634 3134 2687 quorum
3179 2632 3402 2690 peccata
3455 2625 3542 2680 vel

1976 2702 2245 2770 pondere,
2304 2704 2385 2758 vel
2436 2720 2661 2760 numero
2720 2708 3113 2777 pravaluerint,
3170 2715 3539 2787 perstringen-

1976 2796 2064 2844 tur
2089 2791 2195 2860 igni
2226 2800 2388 2861 atque
2422 2795 2819 2852 amburentur:
2857 2814 2997 2867 quos
3043 2809 3220 2857 autem
3262 2804 3412 2873 plena
3451 2807 3540 2878 jua

1978 2881 2123 2936 stitia
2165 2892 2220 2938 et
2272 2885 2556 2940 maturitas
2601 2887 2816 2943 virtutis
2847 2889 3129 2955 incoxerit,
3178 2894 3352 2963 ignem
3390 2897 3537 2953 illum

1974 2987 2080 3028 non
2112 2974 2363 3030 sentient.
2405 2996 2424 3028 ι
2460 2976 2691 3033 Hilarius
2723 2994 2935 3050 quoque
2966 2996 3087 3052 cap.
3126 2983 3161 3037 2
3204 2986 3259 3040 in
3293 2986 3489 3043 Matth.
3518 3003 3538 3044 :

1980 3085 1999 3119 ι
2036 3067 2334 3139 Baptizatis
2358 3071 2410 3124 in
2442 3070 2644 3140 Spiritu
2674 3083 2865 3128 sancto
2904 3073 3170 3144 reliquum
3207 3096 3227 3129 ι
3258 3094 3378 3136 esse
3404 3082 3538 3139 dicit

1980 3172 2007 3206 ι
2033 3160 2395 3212 consummari
2425 3159 2545 3229 igne
2571 3159 2787 3229 judicii,
2830 3178 2849 3213 ι
2879 3171 3042 3230 atque
3082 3180 3149 3220 ue
3186 3167 3289 3220 hac
3320 3171 3535 3239 quidem

1975 3245 2090 3316 lege
2120 3246 2412 3303 immunem
2444 3249 2559 3303 fore
2587 3259 2737 3319 putat
2782 3251 2840 3304 Β.
2867 3247 3161 3323 Virginem.
3198 3258 3341 3314 Idem
3376 3261 3539 3318 habet

1974 3338 2026 3391 in
2080 3337 2371 3394 Comment.
2444 3342 2514 3393 ad
2563 3343 2750 3409 psalm.
2806 3360 3006 3411 cunt,
3075 3347 3165 3401 20.
3218 3350 3539 3409 Ambrosius

1973 3444 2138 3485 serm.
2170 3432 2226 3484 in
2256 3430 2445 3499 psalm.
2482 3448 2640 3488 xxxv:
2687 3453 2698 3487 :
2748 3454 2765 3486 ι
2811 3435 2937 3505 Igne
2990 3452 3117 3506 ergo
3163 3442 3539 3510 purgabuntur

1972 3524 2064 3580 lilii
2092 3524 2240 3592 Levi,
2271 3527 2393 3598 igne
2422 3528 2688 3591 Ezechiel,
2717 3530 2838 3599 igne
2872 3529 3089 3595 Daniel;
3141 3550 3161 3584 ι
3209 3544 3264 3587 et
3287 3534 3483 3591 deinde
3517 3555 3533 3592 ε

1977 3637 1996 3670 ι
2039 3619 2183 3675 Salvi
2216 3621 2417 3676 erimus
2460 3636 2557 3691 per
2602 3622 2783 3686 fidem,
2830 3624 2909 3677 sic
2965 3632 3143 3678 tamen
3204 3628 3334 3681 salvi
3381 3630 3535 3697 quasi

1972 3725 2068 3779 per
2101 3712 2312 3781 ignem;
2356 3715 2457 3767 etsi
2497 3729 2601 3769 non
2636 3730 2947 3781 exuremur,
2995 3727 3170 3771 tamen
3224 3733 3464 3773 uremur.
3508 3739 3530 3773 ι

1972 3800 2100 3867 Qua:
2143 3814 2476 3873 sequuntur,
2523 3819 2590 3858 ex
2644 3806 2874 3875 Origene
2935 3809 3216 3865 manifeste
3273 3811 3535 3868 translata

1972 3901 2100 3946 sunt
2127 3911 2139 3946 :
2166 3911 2183 3944 ι
2213 3892 2492 3959 Quomodo
2526 3907 2702 3951 tamen
2732 3898 2820 3952 alii
2850 3911 3164 3955 remaneant
3191 3902 3242 3956 in
3274 3903 3414 3974 igne,
3441 3905 3535 3959 alii

1972 3988 2541 4053 pertranseant,docet
2563 4005 2661 4045 nos
2685 3992 2865 4047 divina
2903 3992 3183 4063 Scriptura
3215 4018 3226 4050 :
3253 4012 3444 4067 nempe
3478 4000 3533 4053 in

1970 4090 2119 4130 mare
2151 4075 2392 4133 Rubrum
2428 4079 2708 4137 demersus
2741 4093 2826 4138 est
2861 4085 3087 4155 populus
3127 4085 3532 4159 Egyptiorum,

1970 4169 2215 4225 transivit
2242 4180 2368 4225 ante
2398 4172 2628 4242 populus
2671 4174 3039 4234 Hebrzeorum.
3093 4198 3111 4231 ι
3151 4179 3366 4249 Igneam
3402 4198 3535 4238 vero

1967 4264 2231 4335 ejusmodi
2261 4267 2639 4338 purgationem
2672 4269 2849 4338 gladio
2877 4268 3125 4326 flammeo
3154 4272 3300 4326 circa
3334 4274 3532 4327 ostium

1966 4358 2202 4428 paradisi
2242 4359 2573 4415 circumacto
2615 4368 2670 4414 et
2708 4370 2884 4417 rotato
2912 4362 3206 4432 significari
3260 4364 3336 4416 ait
3379 4362 3535 4417 Com-

1967 4460 2130 4505 ment.
2183 4453 2236 4508 in
2277 4451 2463 4520 psalm.
2512 4467 2700 4506 cxvm.
2745 4452 2812 4507 Et
2838 4452 3191 4523 Hieronymus
3249 4453 3339 4508 lib.
3381 4470 3440 4509 ιιι
3479 4456 3536 4509 in

295 4570 418 4610 esse
465 4556 640 4623 ignem
688 4567 874 4608 verum
897 4591 913 4616 ,
957 4552 1195 4605 dicentes
1256 4551 1458 4606 dictum
1510 4565 1628 4606 esse
1687 4551 1861 4621 ignem
1897 4561 1942 4620 ι)
1968 4543 2127 4596 Amos
2160 4559 2255 4608 VII.
2286 4542 2341 4607 4,
2377 4554 2599 4598 5300103
2628 4552 2681 4597 ει
2722 4543 2917 4612 impios
2968 4544 3187 4615 ignibus
3213 4547 3416 4609 pariter
3438 4562 3534 4602 ex-

295 4646 526 4718 propriae
556 4644 901 4700 conscientiae
932 4644 1297 4713 punitionem;
1328 4659 1391 4697 ac
1415 4644 1492 4698 sic
1522 4658 1711 4698 omnes
1743 4659 1863 4714 pee-

294 4748 540 4794 catorum
590 4736 796 4790 animas
843 4745 960 4805 post
1000 4734 1375 4805 purgationem
1419 4734 1761 4789 conscientiae
1803 4739 1859 4790 in

293 4829 556 4883 unitatem
593 4825 837 4894 corporis
878 4822 1078 4879 Christi
1125 4840 1245 4879 esse
1296 4824 1633 4881 redituras.)
1670 4826 1864 4894 Arguit

292 4921 424 4975 item
452 4919 706 4975 circuitus
738 4918 855 4973 illos
882 4916 1230 4973 beatitudinis
1254 4924 1308 4971 et
1341 4916 1700 4970 damnationis
1726 4930 1862 4969 sem-

289 5012 536 5083 piternos
560 5010 887 5074 Augustinus
919 5009 1122 5064 Haeres.
1151 5024 1280 5062 xuu
1308 5008 1373 5063 ad
1401 5007 1856 5074 Quodvultdeum,

288 5116 343 5162 et
379 5107 472 5162 lib.
506 5122 597 5160 xxi
644 5105 719 5160 De
763 5106 904 5159 civit.
931 5104 1047 5169 Dei,
1082 5120 1201 5173 cap.
1231 5105 1320 5158 l7.
1360 5103 1429 5156 At
1468 5101 1681 5156 Nicetas
1715 5099 1859 5155 Cho-

290 5199 471 5253 niates
510 5176 605 5251 lib'.
631 5210 684 5249 Iv
726 5194 880 5248 Thes.
909 5194 1114 5248 orthod.
1146 5195 1267 5262 ﬁd.,
1302 5194 1434 5248 liter.
1459 5206 1624 5255 XXXI,
1658 5190 1858 5245 dixisse

290 5292 367 5344 ait
404 5289 712 5358 Origenem,
756 5284 995 5341 futurum
1030 5297 1088 5340 ut
1132 5288 1310 5339 anima
1349 5285 1610 5351 tantisper
1648 5282 1701 5337 in
1733 5282 1858 5352 igne

293 5392 530 5445 maneat,
557 5380 681 5434 dum
702 5379 953 5435 vitiorum
978 5378 1228 5433 sordibus
1258 5385 1625 5448 expurgetur;
1658 5382 1713 5428 at
1738 5388 1857 5450 ver-

294 5492 435 5532 mem
476 5484 653 5529 tamen
705 5472 822 5527 sine
860 5470 965 5526 ﬁne
999 5484 1431 5541 permansurum,
1473 5482 1575 5523 nec
1618 5480 1855 5536 unquam

293 5574 593 5645 gehennam
643 5567 965 5623 exstinctum
1008 5564 1104 5630 iri,
1156 5582 1175 5615 ι
1206 5573 1263 5617 ιιι
1309 5563 1413 5618 hoc
1461 5570 1617 5631 pacto
1662 5560 1854 5616 stimu-

294 5665 432 5720 letur
470 5662 523 5716 in
562 5669 872 5732 posterum,
929 5658 1320 5727 refriceturque
1353 5655 1611 5711 memoria
1662 5652 1855 5709 divinat

295 5754 643 5812 humanitatis
701 5752 756 5809 in
808 5752 1035 5814 animis,
1082 5765 1202 5820 quze
1248 5765 1279 5805 a
1325 5748 1653 5822 perennibus
1704 5744 1857 5804 hisee

299 5845 570 5917 suppliciis
598 5844 837 5903 liberata.-
866 5842 1087 5899 fuerint.
1112 5860 1130 5893 ι

1971 4633 2277 4705 purgandos
2310 4649 2430 4690 esse
2462 4635 2539 4689 ait
2564 4636 2761 4704 quibus
2795 4636 3048 4691 omnibus
3080 4637 3319 4707 praelusit
3358 4636 3532 4709 Sibgl~

1970 4727 2196 4780 linorum
2224 4727 2554 4780 oraculorum
2582 4729 2817 4795 scriptor
2848 4727 2941 4782 lib.
2969 4744 3006 4783 ll
3046 4747 3060 4783 :

2038 4816 2148 4891 Kai
2183 4817 2315 4891 τότε
2339 4815 2414 4891 δὴ
2447 4817 2666 4891 πάντες
2696 4818 2792 4872 διὰ
2813 4818 3128 4891 αἰθομένου
3156 4812 3460 4891 ποταμοῖο,

2038 4888 2148 4942 Kal.
2186 4888 2411 4957 φλογὸς
2457 4888 2757 4945 ἀσϐέστου
2798 4889 3165 4946 διελεύσονθ’
3188 4908 3202 4921 ·
3246 4888 3319 4944 οῖ’
3342 4909 3408 4945 τε
3448 4893 3534 4945 δί-

2037 5030 2264 5096 Πάντες
2329 5030 2659 5097 σωθήσοντ’
2678 5069 2692 5093 ,
2747 5030 2984 5097 ἀσεϐεῖς
3052 5028 3115 5083 δ’
3170 5031 3270 5084 ἐπὶ
3339 4960 3534 5085 τζέῐέἔῗφε

3229 5100 3533 5171 [όλοῦνται

2033 5174 2138 5239 Εἰς
2168 5171 2384 5239 αἰῶνας
2416 5174 2617 5238 ὅλους,
2652 5172 2865 5227 ὀπόσοι
2912 5168 3067 5227 κακὰ
3105 5168 3531 5315 πρόὰθενὶἔρε-

3430 5260 3527 5295 αν.

3430 5262 3527 5295 αν.

1964 5357 2031 5412 Et
2050 5357 2243 5413 deinde
2276 5376 2289 5411 :

2038 5448 2181 5515 Τοὺς
2206 5451 2257 5503 δ’
2282 5449 2532 5517 ἄλλους,
2565 5449 2814 5516 ὁπόσοις
2839 5465 2902 5501 τε
2925 5442 3083 5515 δίκη,
3118 5448 3274 5501 καλά
3310 5448 3359 5501 τ’
3388 5447 3531 5516 ἔργα

2037 5592 2299 5661 Ἄγγελοι
2338 5590 2632 5662 αἷρόμενοι
2661 5591 2758 5645 διὰ
2788 5590 3105 5660 αἰθομένου
3140 5516 3527 5657 ποξέιέιίιιὲέυν,

2033 5665 2137 5729 Εἰς
2163 5662 2288 5732 φῶς
2317 5662 2553 5727 ἄξουσι.

2038 5754 2182 5825 Tunc
2204 5773 2321 5809 vero
2343 5773 2517 5810 omnes
2554 5770 2658 5823 per.
2677 5756 2945 5809 ardentem
2972 5757 3212 5825 fluvium,

2036 5824 2104 5881 Et
2134 5827 2397 5883 ﬂammam
2428 5827 2794 5883 inexstinctam
2824 5824 3118 5885 transibunt
3148 5844 3165 5893 .7
3181 5827 3318 5896 justi
3351 5837 3526 5883 autem
