4068 6308
600 352 622 406 ί
632 351 734 405 007

1878 347 1938 403 P.
1981 345 2292 400 DANlELlS
2327 345 2556 401 HUETII

3635 357 3740 414 1008

664 466 854 537 Omnes
881 465 1103 520 salutem
1135 465 1537 537 adipiscentur;
1577 466 1722 534 impii
1753 481 1870 519 vero
1907 465 2143 532 peribunt
2176 467 2218 522 A
2248 467 2382 529 dies,
2413 467 2455 520 si
2490 467 2590 520 hoc
2631 466 2890 535 temporis
2936 465 3219 522 intervallo
3258 468 3473 537 spiritus
3509 471 3744 532 defuncto.

663 535 731 590 In
763 539 935 591 omuia
981 535 1202 600 sweula,
1251 539 1542 607 quicunque
1601 537 1742 590 malu
1797 547 1916 590 ante
1960 552 2146 607 Agesse—

1959 605 2101 676 [runt
2128 621 2146 658 :

595 699 660 754 Et
687 699 881 754 deinde
905 719 918 752 :

661 795 804 847 Alios
839 808 976 856 vero,
1022 791 1208 862 quibus
1244 791 1475 860 justitia,
1518 798 1564 844 et
1604 801 1744 846 recta
1797 807 1952 933 opei'la
2005 807 2147 844 cura:

1937 871 2143 926 uerunt,

1937 871 2143 926 uerunt,

659 931 846 1000 Angeli
876 932 1106 985 tollentes
1126 948 1229 990 .ner
1259 934 1520 985 ardentem
1549 931 1767 1000 ﬂuvium

658 1003 728 1055 In
755 1002 923 1054 lucem
948 1003 1222 1055 deducent.

661 1095 840 1163 Ignem
883 1095 936 1150 in
964 1093 1314 1150 conscientia:
1355 1092 1563 1149 facibus
1607 1103 1663 1148 et
1695 1093 1918 1166 ﬂagellis
1961 1093 2144 1148 itidem

588 1193 646 1239 ut
689 1185 944 1254 Origenes
989 1183 1273 1239 constituit
1313 1183 1630 1239 Ambrosius
1659 1185 1750 1240 lib.
1791 1201 1862 1240 vn
1899 1185 1955 1237 in
1988 1185 2140 1246 Luc.,

587 1293 706 1348 cap.
751 1277 842 1342 M,
882 1277 1068 1332 iisdem
1121 1275 1233 1330 fere
1291 1276 1458 1346 ipsius
1518 1277 1698 1332 verbis
1742 1295 1756 1331 :
1802 1278 1964 1346 Ergo,
2005 1295 2023 1327 ι
2061 1278 2144 1329 in-

585 1370 722 1438 quit,
772 1383 944 1438 neque
992 1367 1351 1437 corporalium
1389 1369 1591 1422 stridor
1639 1368 1833 1439 aliquis
1873 1367 2141 1431 dentium,

585 1475 758 1531 neque
787 1459 925 1531 ignis
955 1459 1147 1530 aliquis
1179 1469 1472 1530 perpetuus
1506 1460 1842 1514 flammarum
1886 1474 2143 1528 corpora-

587 1555 736 1622 lium,
763 1569 936 1624 neque
967 1553 1165 1609 vermis
1201 1562 1282 1608 est
1327 1552 1649 1622 corporalis.
1706 1550 1810 1606 Sed
1857 1552 1972 1607 haec
2001 1551 2140 1616 ideo,

585 1649 712 1718 quia
745 1649 889 1705 sicut
919 1661 984 1702 ex
1012 1645 1175 1700 multa
1198 1644 1463 1700 cruditate
1487 1652 1541 1698 et
1563 1642 1741 1700 febres
1771 1653 2067 1699 nascuntur
2090 1653 2146 1700 et

586 1754 832 1805 vermes;
857 1739 930 1794 ita
957 1739 1001 1792 si
1034 1738 1154 1808 quis
1176 1753 1280 1792 non
1308 1739 1570 1807 decoquat
1600 1745 1822 1805 peccata
1855 1753 1977 1803 sua,
1998 1738 2143 1791 velut

589 1831 820 1899 quadam
865 1805 1177 1899 interposita
1208 1805 1496 1884 sobrietate
1522 1828 1882 1894 abstinentiae,
1911 1829 2004 1884 sed
2038 1829 2140 1883 mi-
2171 1805 2216 1865 Β

585 1922 784 1978 scendo
815 1931 1038 1992 peccata
1062 1921 1313 1993 peccatis,
1342 1932 1593 1992 tanquam
1615 1921 1933 1976 cruditatem
1960 1935 2144 1990 qnam-

583 2014 706 2066 dam
748 2012 1028 2067 contrahat
1074 2021 1312 2067 veterum
1357 2022 1412 2067 et
1447 2012 1748 2068 recentium
1796 2011 2138 2080 delictorum,

585 2105 710 2174 igne
747 2105 999 2158 adnretur
1032 2104 1266 2174 praprio,
1301 2113 1354 2158 et
1382 2105 1495 2159 suis
1530 2104 1808 2159 vermibus
1853 2118 2144 2160 consume-

583 2205 689 2250 tur.
726 2213 745 2247 ι
778 2195 1132 2266 Hieronymus
1162 2195 1421 2251 doctrinae
1469 2195 1594 2252 huic
1624 2195 1760 2251 alias
1788 2197 1923 2250 satis
1964 2195 2142 2251 infen-

581 2302 692 2354 sus,
726 2287 780 2342 in
812 2301 930 2342 eam
976 2296 1153 2342 tamen
1186 2285 1417 2354 benigne
1459 2301 1520 2342 se
1563 2289 1700 2359 gerit
1751 2289 1853 2344 sub
1885 2287 2044 2341 linem
2070 2285 2140 2340 li-

580 2379 662 2435 bri
694 2394 827 2434 xvnt
863 2379 1148 2434 Comment.
1182 2377 1238 2431 in
1263 2377 1464 2433 Isaiam
1485 2394 1504 2433 :
1534 2397 1554 2430 t
1591 2379 1803 2435 Vermis
1830 2386 2009 2434 autem
2047 2377 2140 2447 qui

584 2487 686 2526 non
708 2471 986 2538 morietur,
1021 2482 1078 2526 et
1103 2471 1239 2542 ignis
1262 2471 1353 2539 qui
1391 2485 1497 2525 non
1531 2471 1926 2541 exstinguetur,
1968 2484 1998 2524 a
2025 2468 2140 2539 ple-

583 2570 764 2638 risque
791 2567 1123 2624 conscientia
1165 2567 1430 2636 accipitur
1461 2576 1824 2637 peccatorum,
1865 2578 1986 2634 qute
2023 2573 2139 2618 tor-

579 2670 741 2732 queat
767 2661 820 2716 in
859 2659 1135 2730 suppliciis
1163 2661 1505 2724 constitutos,
1529 2671 1700 2726 quare
1736 2656 1867 2711 vitio
1913 2668 2012 2711 suo
2054 2663 2139 2710 ειν

579 2767 686 2824 que
713 2759 933 2820 peccato
972 2749 1246 2805 caruerint
1284 2749 1577 2805 electorum
1615 2749 1788 2814 bono;
1827 2766 1847 2799 ι
1883 2755 1940 2803 et
1977 2745 2138 2817 paulo

583 2852 741 2912 post:
779 2859 798 2892 ι
845 2842 903 2896 Si
931 2841 1053 2911 quis
1093 2841 1258 2911 igitur
1302 2840 1500 2896 habeat
1551 2840 1605 2894 in
1659 2839 1989 2895 conscientia
2039 2853 2136 2895 sua

582 2935 808 3000 zizania,
844 2948 963 3004 qua:
1003 2931 1255 2986 inimicus
1279 2932 1460 2996 homo,
1487 2930 1786 2986 dormiente
1818 2929 2138 3001 patrefami-

584 3027 705 3092 lias,
739 3022 1343 3095 snperseminavit,haec
1367 3022 1510 3092 ignis
1543 3036 1752 3089 exuret,
1778 3021 1894 3076 hmo
1928 3022 2139 3077 vorabit

579 3117 908 3173 incendium.
943 3135 961 3168 ι
998 3114 1215 3170 Minime
1239 3114 1454 3184 quidem
1481 3113 1637 3168 fidem
1664 3113 1746 3168 his
1774 3127 1802 3166 a
1829 3128 1886 3168 se
1917 3112 2133 3184 adjungi

2248 574 2364 612 rum
2396 557 2655 625 ejusmodi
2696 558 2871 628 ignem
2913 557 3168 612 dicuntur
3215 561 3437 629 perpeti.
3474 576 3616 631 quem
3659 583 3742 622 non

2248 650 2480 704 sentiant
2509 649 2582 702 illi
2615 649 2705 718 qui
2745 663 2849 701 non
2874 648 3182 703 habuerunt
3212 650 3341 705 tales
3368 667 3534 708 mores
3559 664 3605 710 et
3627 670 3746 714 amo-

2248 755 2338 795 res
2372 742 2425 793 in
2473 741 2632 809 hujus
2665 738 2915 808 corporis
2955 738 3086 802 vita,
3126 749 3186 793 ttt
3225 753 3405 794 eorum
3442 743 3593 812 ligna,
3619 756 3665 802 et
3689 748 3748 802 fe-

2246 847 2397 894 num,
2451 841 2504 886 et
2550 829 2747 898 stipula
2779 840 3212 883 consumantur:
3249 830 3334 883 alii
3376 846 3498 885 vero
3537 836 3747 902 sentiant,

2247 924 2337 992 qui
2369 923 2628 992 ejusmodi
2657 937 2838 977 secum
2875 921 3101 977 aediﬁcia
3151 931 3526 990 portaverunt;
3569 927 3666 982 sive
3693 930 3749 984 ibi

2248 1023 2491 1080 tantum;
2517 1015 2631 1069 sive
2659 1024 2712 1068 et
2739 1014 2829 1069 hic
2862 1023 2916 1069 et
2943 1014 3037 1079 ibi,
3072 1014 3191 1068 sive
3225 1014 3346 1069 ideo
3372 1016 3457 1070 hic
3484 1025 3652 1073 utnon
3676 1019 3748 1085 ibi,

2247 1106 2545 1170 smenlaria,
2573 1106 2817 1176 quamvis
2843 1121 2871 1160 a
2902 1105 3250 1160 damnatione
3295 1105 3518 1160 venialia
3560 1121 3751 1162 concre-

2247 1207 2486 1251 mantem
2523 1198 2696 1266 ignem
2724 1195 3051 1250 transitoria
3098 1194 3459 1248 tribulationis
3496 1195 3750 1263 inveniant,

2247 1302 2351 1340 non
2381 1287 2664 1356 redarguo,
2697 1286 2822 1355 quia
2861 1284 3087 1339 forsitan
3135 1299 3324 1338 verum
3373 1293 3471 1338 est.
3518 1303 3538 1338 ι
3569 1284 3662 1342 Nec
3691 1288 3750 1341 lc-

2245 1377 2360 1430 vius
2390 1377 2440 1429 in
2465 1375 2668 1430 Graecis
2699 1374 3055 1443 scriptoribus
3085 1372 3320 1444 positum
3367 1372 3573 1444 Origeni
3598 1379 3748 1443 ινιτεεὶ-

2242 1467 2388 1520 dium
2419 1478 2502 1521 est
2526 1484 2540 1520 :
2564 1465 2718 1520 Philo
2743 1466 2795 1520 in
2824 1467 2960 1520 libro
2989 1465 3128 1533 Περὶ
3166 1465 3280 1534 τῆς
3323 1467 3410 1529 εἰς
3450 1465 3516 1518 τὰ
3547 1479 3749 1535 προπαι-

2243 1562 2501 1630 δεύματα
2519 1559 2803 1613 συνόδου·
2836 1559 2946 1630 Τὴν
2980 1559 3162 1612 ἄδικον
3197 1560 3291 1612 καὶ
3325 1559 3477 1614 ἄθεον
3499 1560 3654 1630 ψυχὴν
3676 1580 3752 1631 φυ-

2243 1651 2482 1722 γαδεύων
2514 1653 2607 1721 ἀφ’
2653 1650 2846 1705 ἑαυτοῦ
2885 1653 3218 1723 ποῤῥωτὰτω
3265 1651 3558 1723 διέσπειρεν
3587 1655 3653 1716 εἰς
3682 1654 3751 1706 τὸν

2243 1745 2441 1817 ἡδονῶν
2471 1745 2564 1798 καὶ
2603 1743 2904 1816 ἐπιθυμιῶν
2945 1746 3037 1797 καὶ
3069 1743 3418 1813 ἀδικημάτων
3449 1744 3634 1814 χῶρον·
3663 1744 3749 1797 ὁδὲ

2243 1831 2415 1902 χῶρος
2445 1827 2597 1894 οὗτος
2630 1831 3044 1902 προσφυέστατα
3085 1831 3298 1885 ἀσεϐῶν
3338 1832 3582 1898 καλεῖται,
3625 1832 3748 1903 οΰχὸ

2243 1921 2603 1993 μυθευόμενος
2621 1923 2679 1974 ὲν
2711 1921 2855 1992 ᾅδου*
2884 1923 2977 1975 καὶ
3007 1923 3115 1994 γὰρ
3145 1925 3173 1978 ὁ
3204 1923 3342 1993 πρὸς
3372 1923 3608 1994 ἀλήθειαν
3629 1924 3748 1994 ᾅδης,

2239 2016 2268 2068 ὁ
2297 2014 2389 2068 τοῦ
2414 2012 2686 2084 μοχθηροῦ
2722 2012 2833 2083 βίος
2873 2015 3038 2075 ἐστιν,
3073 2016 3102 2068 ὁ
3144 2015 3416 2086 ἀλάστωρ,
3451 2017 3538 2070 καὶ
3577 2016 3753 2087 παλαμ-

2239 2108 2405 2173 ναῖος,
2447 2108 2540 2161 καὶ
2574 2105 2776 2170 πάσαις
2801 2107 2961 2179 ἀραῖς
2999 2106 3200 2177 ἔνοχος.
3243 2125 3262 2157 ι
3303 2105 3547 2174 lnjustam
3578 2119 3627 2162 et
3669 2109 3749 2160 itn-

2238 2199 2383 2272 piam
2414 2199 2648 2254 animam
2675 2197 2908 2269 fugatam
2935 2213 2965 2252 a
2988 2199 3165 2269 seipso
3198 2199 3356 2269 longe
3379 2199 3554 2269 procul
3581 2200 3751 2269 disper-

2240 2291 2317 2363 git
2348 2289 2532 2363 (Deus)
2557 2291 2609 2345 in
2639 2291 3003 2360 voluptatum,
3043 2299 3100 2346 et
3129 2291 3501 2362 cupiditatum,
3523 2299 3572 2345 et
3599 2290 3750 2345 crimi-

2239 2398 2366 2438 num
2407 2382 2608 2439 locum.
2661 2382 2760 2438 Hie
2799 2393 2979 2438 autem
3021 2384 3174 2438 locus
3204 2383 3482 2452 aptissime
3516 2383 3753 2452 impiorum

2240 2467 2559 2539 appellatur,
2587 2485 2691 2526 non
2723 2472 2818 2542 qui
2845 2471 2986 2543 apud
3033 2471 3238 2528 inferos
3273 2471 3510 2527 fabulose
3555 2470 3751 2542 ﬁngitur.

2239 2557 2413 2616 Verus
2461 2563 2603 2616 enim
2662 2563 2921 2629 infernus,
2973 2564 3084 2620 vita
3129 2574 3213 2621 est
3258 2563 3494 2619 hominis
3540 2578 3750 2633 nequam,

2238 2653 2577 2721 perniciosa,
2639 2655 3035 2722 conscelerata,
3091 2665 3147 2711 et
3211 2659 3364 2712 omni
3427 2655 3752 2712 exsecratione

2239 2744 2420 2812 digna.
2457 2762 2476 2795 ι
2507 2743 2838 2814 Corporeum
2875 2761 3092 2817 quoque
3143 2755 3311 2818 negat
3359 2761 3478 2802 esse
3529 2745 3750 2800 infernum

2238 2831 2528 2904 Gregorius
2562 2833 2838 2906 Nyssenus
2891 2835 2984 2890 lib.
3036 2835 3114 2890 De
3161 2836 3347 2889 anima
3401 2846 3450 2890 et
3499 2845 3752 2897 κενωθείη

2237 2927 2683 2995 quemadmodum
2723 2928 2900 2998 ignem
2953 2938 3213 2983 aeternum
3275 2929 3496 2983 materia
3552 2938 3753 2984 constare

2238 3017 2508 3073 inliciatur
2533 3017 2765 3074 Joannes
2821 3020 3187 3076 Damascenus
3230 3021 3285 3075 in
3332 3021 3436 3075 fine
3479 3019 3591 3073 libri
3618 3033 3661 3073 tv
3694 3016 3752 3070 De

2238 3111 2443 3166 orthod.
2467 3111 2587 3181 ﬁd.,
2614 3111 2769 3181 cujus
2811 3119 2989 3166 tamen
3031 3112 3359 3168 sententiam
3403 3111 3597 3166 mollire
3623 3123 3754 3163 cona-

583 3218 840 3273 testatur;
873 3209 967 3263 sed
995 3221 1097 3263 nec
1126 3221 1188 3262 ea
1229 3181 1334 3262 sibi
1375 3206 1666 3277 improbari
1698 3205 1997 3278 significat;
2033 3181 2132 3263 nec
2160 3181 2202 3239 (ἶ
2241 3211 2327 3257 tur
2381 3202 2442 3256 S.
2495 3203 2756 3269 Thomas,
2805 3213 2866 3257 ut
2913 3211 2997 3258 est
3043 3203 3181 3272 apud
3235 3201 3448 3258 Sixtum
3502 3201 3750 3258 Senensem

579 3302 677 3357 sub
725 3301 920 3367 aliena,
959 3299 1052 3354 sed
1087 3297 1185 3353 sub
1217 3313 1312 3354 sua
1366 3298 1536 3368 ipsius
1576 3313 1804 3367 persona
1862 3300 2129 3369 proponit.

583 3390 800 3446 Diversa
844 3404 969 3444 vero
1011 3396 1096 3443 est
1150 3387 1432 3458 Augustini
1489 3387 1648 3452 ratio,
1705 3403 1828 3442 nam
1886 3389 2135 3458 quamvis

577 3483 671 3538 lib.
701 3497 787 3536 XXI
815 3481 888 3534 De
909 3480 1050 3537 civit.
1078 3479 1194 3546 Dei,
1225 3494 1347 3549 cap.
1375 3479 1428 3544 9,
1469 3493 1654 3534 eorum
1694 3479 2000 3550 opinionem
2049 3495 2136 3536 re-

576 3573 785 3645 probet,
817 3573 908 3641 qui
960 3573 1138 3642 ignem
1191 3571 1567 3625 damnatorum
1624 3571 1994 3640 metaphorice
2045 3587 2136 3627 su-

579 3675 752 3730 munt,
782 3679 1011 3733 eumque
1051 3676 1367 3732 corporeum
1421 3662 1662 3717 fateatur
1709 3662 1832 3718 libri
1895 3663 2132 3730 ejusdem

577 3773 700 3826 cap.
725 3757 790 3811 10
819 3767 872 3811 et
904 3755 1047 3812 libro
1069 3769 1144 3808 xu
1173 3753 1248 3807 De
1273 3752 1456 3807 Cenes.
1490 3755 1558 3807 ad
1595 3753 1778 3820 litter.,
1810 3767 1931 3823 cap.
1973 3753 2042 3806 52
2080 3762 2136 3809 et

576 3850 667 3913 55,
713 3860 870 3918 neget
915 3846 1208 3901 inferorum
1237 3845 1591 3900 substantiam
1635 3859 1757 3900 esse
1794 3845 2132 3915 Spiritalem;

577 3951 630 3996 et
653 3955 714 3995 ea
745 3941 938 4009 quibus
974 3940 1168 3994 anima:
1209 3939 1528 4008 corporibus
1570 3947 1744 3995 exuta:
1790 3939 2135 4007 afficiuntur,

575 4034 765 4087 doceat
787 4047 891 4085 non
919 4045 1041 4086 esse
1082 4030 1406 4100 corporalia,
1452 4032 1545 4086 sed
1589 4032 1786 4088 similia
1831 4033 2132 4102 corporali-

576 4124 708 4189 bus;
739 4131 915 4176 tamen
938 4122 1075 4177 libro
1100 4137 1171 4175 xx
1201 4119 1274 4175 De
1298 4121 1438 4177 civit.
1485 4120 1601 4185 Dei,
1641 4135 1760 4192 cap.
1812 4121 1900 4186 16,
1949 4123 2134 4192 ignem

579 4215 726 4270 illum
757 4213 888 4268 dicit
923 4228 982 4268 se
1013 4230 1033 4265 t
1073 4213 1395 4284 cujusmodi,
1424 4214 1554 4269 etin
1584 4229 1689 4284 qua
1723 4214 1910 4268 mundi
1933 4214 2018 4268 vel
2042 4229 2132 4269 re-

575 4323 695 4364 rum
726 4317 878 4377 parte
911 4306 1122 4361 futurus
1160 4306 1230 4360 sit
1259 4306 1534 4360 hominem
1563 4305 1705 4360 scire
1738 4305 1991 4360 arbitrari
2036 4319 2130 4360 ne-

575 4400 795 4462 minem,
823 4397 923 4451 nisi
960 4394 1098 4450 forte
1141 4395 1227 4450 cui
1275 4395 1487 4451 divinus
1525 4394 1760 4465 Spiritus
1796 4394 2060 4450 ostendit.
2104 4412 2126 4447 ι

573 4490 760 4558 Capite
783 4488 855 4541 ‘26
888 4488 1010 4543 libri
1048 4487 1322 4557 sequentis
1365 4487 1480 4542 hac
1527 4486 1794 4557 Apostoli,
1827 4485 1848 4540 l
1881 4486 2007 4542 Cor.
2038 4503 2127 4555 ttr,

576 4581 643 4633 15
662 4598 675 4633 :
707 4598 724 4630 ι
747 4578 1178 4648 Uninscujusqne
1199 4595 1332 4651 opus
1347 4578 1504 4649 quale
1524 4579 1616 4644 sit,
1640 4579 1780 4648 ignis
1797 4579 2072 4650 probabit;
2108 4600 2128 4633 ι

574 4679 628 4724 et
649 4683 788 4724 vers.
820 4669 929 4723 15:
974 4688 992 4720 ι
1029 4669 1145 4738 lpse
1190 4679 1372 4726 autem
1429 4669 1611 4725 salvus
1651 4671 1776 4738 erit,
1830 4671 1910 4727 sic
1953 4682 2128 4728 tamen

574 4762 726 4831 quasi
762 4775 858 4828 per
900 4761 1072 4828 ignem
1096 4800 1110 4823 ,
1142 4780 1161 4813 ι
1189 4761 1491 4830 significare
1546 4769 1698 4830 putat
1751 4765 2032 4834 angustias
2066 4779 2128 4819 ac

573 4866 854 4918 mcerores,
875 4853 1070 4922 quibus
1098 4851 1256 4905 homo
1277 4851 1604 4920 percellitur,
1633 4867 1753 4908 cum
1796 4855 1958 4909 rebus
2003 4856 2125 4910 ani-

573 4960 660 4998 mo
688 4958 784 4999 suo
824 4952 1020 5014 praeter
1055 4957 1264 5011 aquum
1291 4943 1469 4998 charis
1507 4953 1563 4998 et
1603 4945 1936 5015 complacitis
1962 4941 2126 5000 or'ba-

574 5045 705 5089 tnr:
759 5055 778 5086 ι
810 5036 963 5103 Quod
1008 5037 1175 5100 enim,
1223 5035 1420 5104 inquit,
1469 5036 1584 5091 sine
1630 5037 1885 5092 illiciente
1941 5053 2127 5096 amore

575 5139 679 5176 non
717 5126 920 5187 habuit,
961 5126 1078 5180 sine
1116 5135 1307 5180 urente
1340 5125 1523 5180 dolore
1570 5142 1674 5180 non
1718 5129 1926 5198 perdet.
1964 5150 1983 5182 ›
2013 5129 2126 5186 [loc

571 5208 786 5282 quoque
835 5217 958 5285 igne
1001 5227 1228 5271 mortem
1273 5216 1449 5270 notari
1510 5216 1815 5286 eonjectat,
1865 5219 2128 5278 Ecclesia:

573 5309 996 5375 persecutiones,
1028 5307 1319 5378 martyris;
1349 5321 1412 5361 ac
1436 5322 1554 5362 eum
1583 5309 1808 5378 proinde
1835 5312 1902 5366 ab
1926 5322 2128 5370 aeterno

576 5400 678 5453 hoc
709 5398 828 5465 igne
858 5399 1152 5469 distinguit,
1193 5399 1246 5453 in
1285 5413 1444 5469 quem
1484 5398 1718 5454 damnati
1777 5402 1979 5460 Christi
2029 5405 2127 5460 de-

575 5499 724 5545 creto
754 5490 993 5544 mittendi
1027 5498 1170 5547 sunt.
1205 5494 1273 5544 At
1299 5490 1428 5544 illud
1457 5489 1660 5544 adverti
1683 5494 1904 5548 omnino
1923 5494 2084 5551 velim
2109 5512 2124 5550 ε

511 5581 516 5586 ’
581 5597 598 5629 ι
633 5580 760 5634 Post
792 5580 945 5634 istius
980 5594 1108 5634 sane
1149 5581 1392 5650 corporis
1439 5588 1687 5643 mortem,
1733 5582 1905 5639 donec
1938 5586 2003 5640 ad
2057 5586 2124 5639 il-

575 5670 683 5722 lum
733 5673 1000 5734 veniatur,
1054 5671 1143 5740 qui
1192 5683 1312 5740 post
1345 5677 1796 5730 resurrectionem
1833 5691 2118 5746 corporun:

580 5759 787 5812 iuturus
812 5769 895 5814 est
933 5761 1290 5818 damnationis
1320 5775 1372 5820 et
1403 5767 1858 5824 remunerationis
1903 5768 2124 5826 ultimus

2239 3291 2493 3349 Biblioth.
2531 3293 2624 3348 lib.
2663 3308 2714 3358 ν,
2764 3293 2945 3349 adttot.
2996 3293 3118 3348 141.
3166 3293 3350 3364 Ignem
3388 3303 3442 3348 et
3484 3291 3752 3348 vertnemin

2238 3383 2502 3440 scelerum
2531 3384 2787 3438 memoria
2805 3385 2954 3454 ponit
2984 3383 3424 3455 Theophylactus
3446 3386 3495 3439 in
3515 3400 3564 3439 tx
3581 3381 3753 3436 Mam:

2239 3475 2460 3547 Σκώληξ
2489 3477 2544 3530 δὲ
2575 3477 2669 3531 καὶ
2708 3476 2819 3550 πῦρ
2857 3477 3150 3543 κολάζοντα
3189 3478 3320 3542 τοὺς
3368 3475 3692 3550 ἁμαρτωλοὺς
3729 3474 3756 3542 ἡ

2241 3568 2540 3639 συνείδησις
2567 3571 2711 3622 ἐστιν
2737 3569 2986 3632 ἑκάστου,
3005 3568 3096 3620 καὶ
3124 3569 3156 3639 ἠ
3188 3569 3381 3640 μνήμη
3407 3568 3510 3621 τῶν
3536 3563 3756 3640 πραχθέν-

2239 3677 2347 3715 των
2377 3663 2434 3714 ὲν
2469 3660 2546 3732 τῷ
2574 3660 2674 3730 βίῳ
2699 3660 2868 3730 τούτῳ
2913 3661 3170 3731 αἰσχρῶν·
3211 3661 3337 3732 ἥτις
3368 3661 3549 3732 ὥσπερ
3579 3654 3754 3725 σκώληξ

2240 3752 2591 3823 καταδαπανᾷ
2615 3751 2708 3804 καὶ
2730 3750 2805 3814 ὡς
2830 3749 2940 3823 πῦρ
2961 3751 3167 3821 φλέγει.
3199 3768 3218 3802 t
3262 3751 3471 3806 Vermis
3515 3759 3669 3803 autem
3711 3757 3754 3798 et

2241 3844 2412 3914 ignis,
2477 3846 2568 3912 qui
2639 3843 2868 3914 puniunt
2923 3855 3270 3919 peccatores,
3341 3841 3653 3897 conscientia
3692 3846 3757 3892 est

2241 3937 2664 4005 uniuscujusque
2693 3944 2748 3989 et
2787 3936 3047 3990 memoria
3099 3935 3337 4003 turpium
3369 3935 3424 3989 in
3458 3936 3551 3988 hac
3573 3932 3659 3985 vita
3685 3943 3756 3997 ge-

2240 4042 2445 4087 storum
2471 4047 2486 4089 ;
2515 4045 2633 4098 quae
2679 4029 2819 4084 sicut
2856 4029 3054 4084 vermis
3084 4026 3346 4092 absumit,
3385 4037 3441 4082 et
3479 4027 3605 4082 sicut
3645 4022 3756 4092 ignis

2238 4123 2364 4178 urit.
2410 4141 2428 4174 ι
2465 4122 2677 4178 Nicetes
2711 4121 2810 4175 lib.
2834 4137 2885 4175 tv
2919 4120 3070 4176 Thes.
3108 4122 3317 4176 ortltod.
3345 4121 3464 4190 ﬁd.,
3487 4121 3606 4175 ha-r.
3633 4129 3755 4176 aut,

2239 4214 2404 4269 Deum
2431 4213 2571 4283 ignis
2622 4213 2766 4268 illius
2816 4214 3035 4269 nomine
3079 4214 3253 4268 notari
3311 4213 3626 4283 suspicatur,
3656 4205 3755 4276 quia

2244 4325 2262 4358 ι
2299 4307 2483 4362 vitium
2531 4304 2822 4371 consumit,
2879 4313 2933 4360 et
2975 4305 3028 4358 in
3079 4304 3314 4360 favillam
3361 4303 3632 4361 convertit.
3671 4297 3753 4351 ιΙιι

2237 4398 2520 4454 statuendo
2548 4396 2840 4453 inferorum
2868 4396 2984 4451 loco
3022 4406 3172 4451 extra
3207 4399 3394 4454 mundi
3434 4398 3582 4468 huius
3620 4401 3757 4447 metas

2237 4491 2454 4562 Origeni
2500 4490 2832 4560 suffragatur
2877 4489 3302 4562 Cbrysostomus
3370 4490 3551 4546 homil.
3606 4487 3660 4542 5i
3713 4483 3753 4534 in

2239 4583 2414 4654 Epist.
2443 4584 2512 4638 ad
2549 4582 2726 4651 Rom.,
2750 4585 3054 4653 gehennam
3077 4585 3128 4637 in
3160 4583 3351 4652 spatiis
3382 4584 3446 4637 ab
3467 4583 3564 4637 hoc
3591 4575 3754 4634 mundo

2237 4675 2464 4732 secretis
2491 4684 2734 4731 statuens
2781 4675 2884 4732 hoc
2921 4686 3258 4745 argumento,
3296 4676 3438 4746 quod
3467 4686 3634 4741 regum
3659 4681 3752 4722 car-

2236 4782 2390 4824 ceres
2412 4775 2467 4821 ct
2492 4765 2710 4821 metalla
2741 4777 2942 4821 remota
2970 4779 3092 4820 esse
3123 4765 3354 4820 soleant.
3388 4763 3695 4832 SntTragatur
3710 4765 3751 4810 et

2233 4861 2562 4931 Augustinus
2605 4859 2698 4914 lib.
2746 4875 2818 4914 xtt
2859 4857 2937 4913 De
2974 4857 3159 4914 Cenes.
3210 4861 3280 4913 ad
3314 4859 3498 4922 litter.,
3535 4868 3642 4922 cap.
3679 4850 3748 4908 55.

2234 4953 2324 5017 51,
2353 4967 2474 5007 cum
2520 4951 2725 5006 inferos
2759 4961 2915 5007 extra
2953 4961 3154 5006 terram
3183 4951 3446 5016 collocat;
3494 4958 3545 5006 et
3587 4948 3671 5002 lib.
3699 4958 3748 4997 xx

2233 5044 2310 5100 De
2331 5045 2476 5099 civit.
2504 5044 2622 5108 Dei,
2655 5059 2771 5115 cap.
2801 5043 2888 5109 16,
2933 5059 3056 5099 cum
3092 5045 3337 5115 ignorare
3382 5057 3440 5099 se
3488 5038 3749 5112 profitetur.

2236 5155 2255 5187 t
2295 5137 2346 5190 in
2372 5151 2477 5206 qua
2510 5135 2694 5190 mundi
2730 5135 2813 5190 vel
2849 5149 3030 5190 rerum
3077 5146 3228 5205 parte
3270 5134 3485 5190 futurus
3527 5131 3595 5186 sit
3637 5125 3748 5196 ignis

2231 5223 2342 5278 ille.
2391 5241 2412 5275 ι
2441 5222 2702 5289 Quamvis
2732 5223 2825 5278 lib.
2857 5239 2895 5278 tl
2924 5223 3183 5291 Retract.,
3225 5227 3344 5294 ca'p.
3379 5222 3474 5287 24,
3509 5221 3602 5276 sub
3624 5215 3750 5272 terris

2230 5314 2373 5370 hunc
2392 5329 2512 5369 esse
2547 5315 2759 5370 tandem
2789 5314 3070 5369 concedat.
3097 5315 3256 5370 Certe
3285 5315 3347 5369 de
3373 5313 3489 5368 loco
3517 5321 3562 5366 et
3592 5317 3747 5362 natura

2229 5405 2368 5477 ignis
2400 5406 2583 5474 hujus,
2613 5405 2742 5461 licet
2770 5406 2974 5460 nttllum
3006 5408 3180 5462 adhuc
3202 5407 3402 5462 editum
3430 5403 3498 5459 sit
3519 5399 3751 5471 peculiare
3807 5428 3812 5442 ι

2232 5497 2530 5561 tlecretum.
2587 5496 2782 5552 nedum
2839 5497 3143 5551 Adamantii
3197 5506 3373 5560 aetate,
3411 5495 3750 5548 universale-

2233 5605 2356 5647 men
2381 5604 2674 5644 consensus
2703 5589 2955 5646 Ecclesia:
2981 5590 3112 5645 satis
3133 5589 3388 5653 ostendit,
3425 5585 3546 5656 quid
3578 5575 3748 5635 unicui-

2233 5698 2338 5752 que
2371 5682 2665 5737 tenendum
2713 5682 2805 5738 sit.
2868 5685 3104 5754 Denique
3151 5681 3389 5738 Joannes
3439 5678 3747 5746 Pbiloponust

2233 5774 2570 5850 Christianus
2593 5775 2965 5847 philosophus.
3008 5776 3221 5833 animas
3253 5771 3559 5844 corporibus
3593 5780 3746 5824 caem-
