4068 6308
316 377 338 430 1
349 374 453 431 009

1155 370 1724 426 ORIGEMANORUM
1766 369 1895 423 LIB.
1938 369 2001 435 ll,
2042 370 2192 424 CAP.
2234 370 2298 434 ll,
2339 371 2611 437 QUAZST.
2653 372 2745 429 XI.

3393 372 3521 430 1010

306 500 427 560 ptas
453 487 597 543 circa
638 498 979 543 monumenta
1011 487 1232 540 volutari
1273 501 1396 539 cum
1428 486 1655 553 Origene
1692 487 1877 540 decre-
1904 485 1949 539 A
1980 483 2230 536 vitiorum
2265 482 2395 537 fmce
2437 492 2687 553 purgata,
2745 483 2875 536 nihil
2915 482 3059 536 aliud
3107 483 3184 537 vel
3228 484 3525 555 intelligere

302 580 427 635 vit:
476 595 598 634 nam
643 580 916 634 hominem
946 578 1136 645 triplici
1175 578 1497 631 instructum
1542 578 1741 637 anima,
1784 591 1874 628 ve-

301 672 554 740 getativa,
611 670 866 723 sensitiva
913 679 963 721 et
1025 668 1312 729 rationali,
1362 667 1631 735 prioribus
1664 667 1870 720 duabus

299 778 397 830 per
430 769 657 815 mortem
687 759 884 829 privari
929 757 1086 823 dixit,
1120 759 1327 811 tertiam
1372 774 1499 812 vero
1549 773 1865 826 superesse;

296 869 417 922 qua:
439 853 481 907 si
517 852 813 906 sceleribus
844 850 1121 918 inquinata
1156 852 1247 916 sit,
1276 852 1560 920 expiandis
1585 853 1649 907 iis
1672 855 1866 921 spiritu

296 944 442 998 tenui
481 942 689 1005 vestiri,
737 941 788 994 in
824 956 994 1004 eoque
1059 944 1407 997 commeritas
1454 961 1640 1013 pmnas
1698 949 1863 1008 dare;

294 1037 527 1105 alioquin
552 1036 919 1101 incorpoream
953 1034 1209 1098 animam,
1236 1037 1509 1103 corporeis
1538 1039 1698 1092 rebus
1727 1040 1864 1092 allici

295 1143 397 1182 non
439 1141 625 1196 posse;
666 1125 904 1195 spiritale
954 1126 1134 1195 itaque
1194 1129 1345 1197 istud,
1373 1144 1566 1198 corpus
1593 1132 1865 1199 suppliciis

295 1217 567 1286 torqueri;
593 1225 646 1271 et
670 1218 721 1268 in
762 1214 1077 1283 sepulcretis
1124 1216 1335 1272 interim
1360 1218 1574 1288 degere,
1595 1221 1864 1290 variisque

295 1308 440 1362 indui
484 1306 693 1370 formis,
742 1317 794 1363 et
839 1308 1126 1375 vaporibus
1172 1308 1394 1373 nutriri;
1436 1323 1608 1378 eoque
1646 1311 1859 1365 tandem

292 1399 595 1466 absumpto,
650 1408 760 1452 tum
808 1398 1024 1452 demum
1053 1398 1325 1468 expiatam
1358 1400 1595 1454 animam
1628 1400 1855 1466 absolvi,

290 1504 344 1548 et
369 1495 419 1545 in
453 1492 646 1547 caelum
675 1491 824 1546 ferri.

360 1582 503 1638 Nihil
534 1600 695 1654 porro
726 1584 922 1638 iterare
943 1585 1157 1649 attinet.
1191 1586 1337 1655 quod
1365 1586 1589 1656 suojam
1613 1587 1856 1655 disputa-

290 1680 465 1734 vimus
513 1680 649 1739 loco,
704 1692 1002 1746 ecquonam
1054 1687 1294 1747 tempore
1351 1680 1682 1734 daemonibus
1730 1679 1859 1733 infe-

292 1771 454 1827 renda
515 1769 776 1840 supplicia
839 1768 1103 1838 Origenes
1156 1770 1450 1838 putaverit.
1504 1770 1853 1837 Perspicuum

289 1862 431 1914 enim
461 1860 687 1915 fecimus
716 1858 912 1923 nullas,
948 1860 1113 1930 ipsius
1146 1860 1417 1928 opinione,
1445 1877 1634 1932 pmnas
1675 1863 1739 1916 its
1768 1864 1853 1917 in-

288 1951 417 2021 fligi,
465 1950 637 2020 quoad
693 1960 961 2018 postremo
1019 1950 1220 2025 judicio
1274 1954 1324 2006 in
1370 1953 1543 2021 ignem
1594 1963 1851 2008 aeternum

287 2043 514 2112 eotrjecti
541 2044 679 2109 sint;
711 2044 1011 2112 mtdtosqne
1038 2059 1068 2098 e
1101 2046 1302 2099 sanctis
1338 2044 1583 2099 Patribus
1615 2061 1851 2115 pmnam,

289 2140 363 2193 uti
392 2138 708 2206 appellatur,
736 2152 923 2191 sensus
952 2140 1018 2191 ah
1043 2137 1105 2191 iis
1131 2140 1447 2193 removisse.

360 2230 449 2286 lx.
474 2229 627 2284 Nunc
651 2229 775 2298 quid
804 2228 872 2284 de
913 2229 1165 2283 heatitate
1188 2238 1525 2283 commentus
1557 2231 1645 2293 sit,
1673 2232 1854 2300 explo-

289 2337 490 2377 remus.
528 2322 674 2375 llanc
705 2320 756 2374 in
785 2336 850 2375 eo
881 2320 1109 2389 positam
1139 2321 1334 2379 sensit,
1382 2330 1438 2375 ut
1466 2323 1710 2390 quisquis
1733 2338 1852 2375 eam

289 2415 359 2467 sit
405 2414 649 2482 adeptus,
703 2427 840 2466 unus
890 2428 1008 2466 cum
1061 2412 1171 2466 Deo
1212 2411 1494 2476 efﬁciatur,
1525 2412 1675 2479 juxta
1727 2415 1853 2468 illud

286 2504 443 2558 Joan.
480 2521 610 2569 xvn,
659 2504 728 2557 24
778 2513 832 2559 et
864 2503 927 2558 21
965 2526 975 2559 :
1020 2522 1038 2555 ‹
1089 2503 1249 2557 Pater
1285 2518 1421 2571 quos
1469 2503 1659 2558 dedisti
1693 2505 1844 2571 mihi,

286 2596 407 2650 volo
432 2606 489 2651 ut
522 2598 610 2651 ubi
642 2612 758 2652 sum
795 2612 918 2668 ego,
951 2605 1006 2652 et
1047 2596 1122 2649 illi
1157 2596 1266 2651 sint
1301 2611 1543 2661 mecum;
1584 2607 1641 2651 ut
1669 2614 1857 2654 omnes

284 2703 451 2742 unum
485 2688 614 2753 sint,
650 2688 790 2743 sicut
821 2698 874 2742 tu
904 2688 1064 2743 Pater
1088 2688 1139 2741 in
1173 2702 1278 2751 me,
1314 2698 1371 2742 et
1404 2702 1504 2758 ego
1528 2689 1579 2741 in
1618 2697 1688 2751 te,
1715 2698 1773 2741 ut
1803 2698 1857 2743 ct

286 2780 383 2848 ipsi
412 2779 465 2833 in
494 2779 648 2833 nobis
695 2794 857 2833 unum
907 2779 1035 2833 sint.
1087 2796 1106 2829 ι
1156 2778 1237 2832 Ad
1270 2777 1321 2831 id
1352 2786 1529 2831 autem
1584 2776 1855 2833 felicitatis

283 2872 496 2927 culmen
524 2887 628 2926 non
663 2871 845 2926 statim
888 2871 1099 2939 putavit
1153 2869 1448 2939 perveniri,
1500 2871 1594 2924 sed
1632 2884 1726 2938 per
1755 2885 1854 2925 eo-

286 2965 575 3035 gnitionem
608 2963 839 3029 primum
870 2970 925 3018 et
945 2962 1328 3022 eruditionem.
1362 2976 1468 3029 qua
1497 2975 1743 3014 errorum
1804 2971 1857 3015 ct

287 3056 604 3129 ignorantiae
630 3054 805 3123 caligo
847 3052 1169 3117 discutitur;
1221 3065 1285 3105 ac
1313 3051 1507 3105 deinde
1537 3066 1630 3121 per
1659 3051 1753 3106 Dei
1784 3053 1860 3106 si-

1975 573 2060 625 vel
2082 574 2283 628 sentire
2310 583 2503 642 potest,
2543 588 2703 642 quam
2745 573 2946 639 Deum;
2979 589 3076 629 nec
3100 576 3328 643 amplius
3351 591 3417 629 ex
3447 591 3530 629 ar-

1975 665 2103 719 bore
2137 667 2372 719 scientiac
2414 666 2538 720 boni
2588 674 2643 719 ct
2686 666 2811 718 mali
2848 665 3133 733 decerptus
3183 667 3390 722 fructus
3435 668 3528 721 de-

1974 766 2188 821 gustare
2216 755 2568 825 concupiscit,
2597 771 2716 809 cum
2744 772 2954 823 semper
2985 757 3034 810 in
3069 757 3207 812 bono
3240 760 3329 822 sit,
3357 774 3455 815 nec
3478 761 3525 814 ei

1971 848 2167 901 malum
2212 859 2523 918 perpetrare
2578 858 2890 918 promptum
2945 849 3044 914 sit;
3096 865 3266 919 eoque
3310 854 3526 907 tandem

1970 951 2126 1008 pacto
2178 941 2331 994 finem
2398 942 2637 1009 reparari
2699 941 2750 994 in
2819 941 3175 1010 principium,
3242 959 3527 1015 rerumque

1967 1036 2141 1088 exitus
2180 1035 2349 1088 initiis
2391 1034 2648 1102 conferri,
2683 1049 2803 1089 cum
2850 1037 2900 1088 in
2946 1035 3089 1089 illum
3131 1044 3329 1089 statum
3375 1038 3528 1092 resti-

1970 1135 2150 1180 tuetur
2184 1128 2387 1189 anima,
2421 1142 2580 1195 quem
2632 1143 2752 1182 cum
2805 1137 3032 1193 teneret,
3088 1128 3233 1199 ligno
3289 1128 3527 1184 scientiae

1964 1217 2087 1270 boni
2121 1227 2174 1270 et
2208 1218 2331 1272 mali
2360 1234 2464 1271 non
2500 1219 2719 1287 egebat;
2758 1229 2883 1276 tunc
2910 1235 3026 1274 eam
3052 1222 3207 1275 morti
3238 1222 3527 1275 obnoxiam

1966 1324 2068 1363 non
2104 1310 2357 1375 futuram,
2391 1313 2664 1366 detersum
2694 1310 2763 1366 iri
2791 1328 3003 1369 omnem
3031 1312 3249 1366 malitia:
3281 1328 3523 1377 sensum,

1965 1400 2235 1471 Deumque
2264 1419 2389 1457 vere
2420 1402 2659 1456 futurum
2693 1406 2873 1459 omnia
2918 1406 2968 1458 in
2993 1406 3264 1460 omnibus.
3306 1406 3385 1459 Ad
3410 1407 3526 1461 haec.

1961 1493 2119 1561 quale
2157 1494 2392 1547 futurum
2417 1495 2486 1548 sit
2518 1495 2763 1563 spiritale
2791 1496 2919 1551 illud
2943 1512 3139 1568 corpus
3168 1513 3272 1566 quo
3300 1498 3529 1552 circum—

1962 1586 2220 1639 vestiendi
2247 1596 2371 1638 sunt
2414 1588 2575 1652 beati,
2611 1588 2890 1656 patefecit,
2917 1589 3248 1657 splendidius
3274 1589 3525 1641 nimirum

1960 1685 2012 1730 et
2040 1678 2389 1732 excellentius
2411 1680 2721 1748 corporibus
2748 1680 2967 1750 reliquis
2995 1696 3115 1751 qua:
3133 1680 3235 1737 sub
3254 1690 3525 1751 aspectum

1959 1770 2151 1823 cadere
2180 1778 2441 1837 possunt;
2491 1786 2557 1824 co
2593 1787 2718 1827 vero
2744 1773 2864 1841 plus
2896 1774 3208 1827 subtilitatis
3239 1789 3302 1827 ac
3347 1773 3528 1843 splen-

1959 1862 2103 1916 doris
2137 1864 2475 1930 adepturum,
2507 1881 2614 1933 quo
2662 1867 2870 1920 ratione
2906 1868 3169 1922 instructa
3199 1869 3379 1920 anima
3411 1867 3529 1937 plus

1958 1954 2162 2007 meritis
2192 1955 2304 2007 suis
2330 1971 2392 2009 ac
2417 1957 2699 2012 virtutibus
2733 1945 3055 2027 pep05cerit.
3088 1960 3288 2026 Qtttcrit
3314 1961 3525 2014 demum

1959 2054 2135 2096 utrum
2167 2056 2285 2113 post
2324 2061 2502 2100 rerum
2546 2049 3085 2115 consummationem,
3120 2066 3239 2105 cum
3270 2050 3408 2105 Deus
3427 2053 3529 2104 erit

1955 2135 2133 2186 omnia
2177 2135 2228 2188 in
2280 2137 2568 2202 omnibus,
2635 2138 2773 2191 idem
2817 2139 2921 2192 erit
2964 2154 3249 2209 corporum
3288 2142 3525 2195 omnium

1960 2224 2134 2293 fulgor
2181 2235 2234 2280 et
2275 2227 2475 2295 gloria;
2516 2230 2909 2297 respondetque
2965 2246 3231 2284 snmmmn
3282 2233 3429 2285 illum
3475 2243 3529 2287 et

1958 2319 2251 2385 perfectum
2305 2330 2502 2373 statum
2545 2322 2862 2390 adepturam
2899 2338 3213 2392 corpoream
3259 2333 3526 2386 naturam,

1956 2417 2236 2476 postquam
2292 2412 2495 2465 sanctis
2537 2411 2797 2467 doetrinis
2859 2416 3097 2468 eruditas
3148 2415 3358 2469 animas
3419 2415 3529 2469 Deo

1957 2498 2100 2552 Patri
2147 2501 2393 2556 Christus
2451 2501 2762 2571 subjecerit.
2824 2506 2999 2573 Atque
3040 2506 3153 2559 haec
3216 2508 3328 2560 fere
3371 2507 3530 2562 habet

1960 2590 2312 2662 llicrooymus
2370 2594 2528 2660 epist.
2595 2593 2695 2658 59,
2744 2596 2807 2647 ad
2854 2596 3023 2659 Avit.,
3077 2612 3195 2666 cap.
3251 2596 3315 2662 5,
3364 2610 3419 2651 et
3463 2599 3528 2653 ad

1958 2682 2116 2736 linem
2150 2683 2268 2736 libri
2305 2685 2463 2753 hujus
2490 2685 2635 2738 tertii
2685 2686 2823 2754 Περὶ
2859 2687 3059 2757 ἀρχῶν
3112 2691 3209 2743 ista
3243 2688 3528 2760 Origenem

1956 2774 2205 2829 intulisse
2229 2775 2302 2828 ait
2336 2793 2348 2829 :
2385 2794 2404 2827 ι
2453 2775 2514 2828 Et
2550 2777 2657 2830 erit
2698 2777 2836 2832 Deus
2861 2782 3044 2833 omnia
3077 2781 3127 2833 in
3158 2783 3431 2847 omnibus,
3471 2791 3529 2837 ut

1958 2867 2205 2920 universa
2233 2877 2424 2921 natura
2455 2884 2713 2939 corporea
2759 2874 3030 2942 redigatur
3054 2873 3105 2925 in
3136 2889 3253 2927 eam
3276 2876 3531 2930 substan-

1958 2959 2081 3012 tiam
2120 2974 2239 3027 ane
2266 2961 2518 3014 oumibus
2559 2962 2751 3016 melior
2780 2972 2883 3026 est,
2930 2964 2982 3016 in
3028 2965 3262 3018 divinam
3297 2966 3522 3033 scilicet,

1958 3063 2062 3115 qua
2093 3048 2234 3102 nulla
2263 3058 2347 3103 est
2384 3050 2607 3119 melior;
2643 3072 2661 3104 ι
2697 3055 2841 3122 quod
2888 3052 3113 3109 Ruﬁnus
3151 3056 3525 3111 dissimulavit.

288 3148 671 3209 mi|iludinem;
722 3153 778 3200 et
827 3145 1039 3198 demum
1096 3158 1193 3213 per
1249 3143 1496 3197 intimam
1550 3158 1693 3197 cum.
1746 3143 1924 3215 Deoc
1961 3138 2331 3193 Dissitttulavit
2368 3150 2422 3194 et
2467 3142 2570 3197 hoc
2618 3143 2866 3210 alterum,
2919 3146 3153 3213 quod-ex
3184 3147 3372 3200 eodem
3408 3147 3531 3201 Ori-

284 3239 720 3307 conjnnctionem
751 3243 805 3289 et
829 3234 1117 3300 unitatem,
1154 3248 1258 3301 qua
1296 3246 1604 3300 supremum
1657 3232 1853 3286 bonum

285 3327 619 3384 continetur.
652 3324 833 3380 Multis
867 3325 981 3379 luce
1002 3324 1342 3392 explicantur
1373 3323 1471 3377 lib.
1517 3338 1557 3377 ιι
1600 3322 1673 3376 De
1713 3324 1867 3390 prin-

283 3426 409 3492 cip.,
441 3435 560 3490 cap.
596 3419 683 3485 11,
721 3433 866 3472 num.
903 3418 957 3479 5,
987 3425 1041 3471 et
1076 3416 1170 3470 lib.
1196 3432 1281 3479 tu,
1333 3430 1450 3484 cap.
1486 3413 1539 3477 6,
1577 3430 1725 3468 num.
1758 3414 1783 3467 1
1812 3424 1866 3469 et

285 3529 403 3583 seq.
438 3530 452 3566 :
489 3528 611 3567 nam
644 3510 825 3580 priore
853 3509 971 3563 loco
999 3507 1233 3561 ostendit
1260 3505 1518 3575 Origenes
1536 3514 1865 3559 comcsturos

284 3616 502 3662 sanctos
527 3622 545 3655 ‹
576 3618 770 3673 panem
794 3601 936 3664 vitaz,
958 3600 1051 3669 qui
1083 3599 1327 3653 veritatis
1342 3608 1392 3654 et
1424 3598 1702 3666 sapientia:
1729 3596 1863 3652 cibis

285 3698 490 3753 nutriat
516 3697 774 3759 animam,
800 3704 855 3748 et
878 3692 1140 3746 illuminet
1173 3699 1430 3753 mentem,
1474 3698 1528 3743 et
1567 3700 1712 3759 potet
1744 3705 1860 3744 eam

283 3789 481 3842 divina:
510 3785 787 3855 sapientia:
815 3783 1114 3851 poculis....
1161 3780 1357 3849 quibus
1408 3780 1686 3849 sapientia:
1722 3780 1861 3835 escis

286 3877 486 3931 nutrita
513 3888 664 3929 mens
685 3875 750 3928 ad
779 3874 1040 3942 integrum
1066 3881 1120 3924 et
1140 3869 1454 3938 perfectum,
1474 3871 1690 3924 sieutex
1712 3872 1861 3925 initio

288 3970 462 4025 factus
493 3978 575 4024 est
605 3969 789 4029 homo,
823 3966 888 4018 ad
915 3965 1204 4031 imaginem
1233 3972 1287 4015 et
1327 3961 1738 4015 similitudinem
1765 3962 1857 4015 Dei

288 4072 587 4132 reparatur.
619 4080 635 4111 ι
660 4059 795 4113 lline
825 4057 1111 4124 unicuique
1150 4072 1179 4107 a
1212 4054 1322 4107 Deo
1354 4053 1613 4107 insertum
1639 4068 1759 4106 esse
1786 4054 1860 4105 ait

288 4155 529 4213 discendi
577 4168 838 4215 amorem,
898 4150 988 4218 qui
1043 4158 1153 4201 tum
1206 4144 1529 4215 explebitur,
1579 4160 1699 4198 cum
1738 4153 1860 4213 post

289 4252 572 4319 diligenter
600 4245 881 4315 qumsitam
913 4243 965 4295 in
1010 4242 1111 4295 hac
1161 4239 1270 4292 vita
1308 4238 1555 4291 veritatis
1588 4236 1858 4300 notitiam,

288 4346 573 4399 clariorem
604 4354 782 4393 rerum
811 4337 1211 4408 perceptionem
1260 4334 1515 4403 consequi
1547 4347 1859 4403 promerue-

290 4439 481 4493 rimus.
516 4432 860 4503 Multiplicem
889 4428 1081 4482 deinde
1115 4442 1295 4481 rerum
1328 4424 1611 4478 scientiam
1638 4439 1860 4478 enume-

1965 3231 2116 3299 geuis
2146 3230 2281 3284 libro
2312 3247 2430 3299 cap.
2469 3232 2523 3297 6,
2554 3250 2679 3287 num
2710 3236 2763 3297 5,
2798 3236 3015 3289 adducit
3049 3236 3245 3291 ibidem
3271 3237 3522 3308 Hierony-

1965 3338 2084 3377 mus
2121 3341 2133 3375 :
2182 3340 2199 3373 ι
2241 3322 2348 3376 Nec
2383 3325 2601 3378 dubium
2643 3335 2727 3380 est
2758 3328 2885 3395 quin
2923 3338 3040 3396 post
3072 3330 3316 3396 qumdam
3363 3331 3529 3384 inter-

1963 3414 2099 3468 valla
2139 3424 2436 3486 temporum
2461 3432 2649 3473 rursus
2673 3419 2895 3471 materia
2918 3421 3194 3483 subsistat,
3225 3430 3277 3474 et
3302 3435 3528 3491 corpora

1966 3505 2127 3570 fiant,
2181 3516 2236 3561 et
2293 3505 2476 3559 rutundi
2542 3506 2829 3562 diversitas
2896 3520 3266 3575 construatur;
3316 3520 3531 3580 propter

1963 3599 2143 3651 varias
2172 3596 2479 3653 voluntates
2524 3599 2923 3655 rationabilium
2966 3608 3361 3664 creaturarum,
3412 3618 3531 3672 qua:

1963 3700 2081 3757 post
2112 3688 2407 3757 perfectam
2462 3691 2847 3745 beatitudinem
2892 3706 3062 3758 usque
3110 3693 3176 3745 ad
3225 3692 3383 3747 linem
3415 3710 3532 3746 om-

1961 3781 2110 3834 nium
2149 3797 2326 3836 rerqu
2370 3783 2626 3850 paulatim
2669 3783 2733 3836 ad
2778 3783 3034 3836 inferiora
3073 3783 3289 3851 dilapsae
3326 3794 3526 3839 tantam

1964 3873 2223 3928 malitiam
2249 3885 2596 3944 receperunt,
2624 3883 2682 3926 ut
2717 3873 2768 3926 in
2797 3875 3131 3927 contrarittm
3167 3885 3526 3940 verterentur,

1961 3970 2085 4023 dum
2137 3967 2324 4022 nolunt
2371 3980 2594 4021 servare
2653 3965 3013 4035 principium,
3064 3976 3118 4020 et
3166 3966 3527 4035 incorruptam

1960 4062 2345 4115 beatitudinem
2395 4059 2691 4129 possidere.
2732 4077 2750 4111 ι
2795 4059 2847 4112 Id
2911 4058 3107 4126 quippe
3156 4059 3527 4129 pervulgatum

1962 4150 2212 4218 Origenis
2261 4150 2451 4220 dogma
2510 4148 2575 4201 de
2602 4148 2887 4202 beatorum
2944 4149 3246 4200 animorum
3291 4151 3528 4217 peccatis

1961 4253 2015 4293 ct
2050 4242 2304 4309 lapsibus,
2353 4243 2404 4294 in
2448 4241 2581 4295 alios
2622 4240 2883 4294 transfert
2936 4241 3383 4311 interpretatione
3432 4257 3526 4294 sua

1964 4333 2188 4387 Rufinus
2232 4334 2369 4388 libro
2400 4334 2584 4387 eodem
2637 4349 2696 4387 ιιι
2745 4332 2821 4386 De
2877 4333 3123 4401 princip.,
3173 4347 3289 4402 cap.
3338 4332 3392 4386 6.
3438 4334 3528 4388 Slc

1964 4428 2107 4479 enim
2138 4426 2302 4480 habet
2336 4444 2350 4480 :
2390 4444 2407 4476 ι
2449 4425 2644 4479 Verum
2675 4424 2835 4478 istam
2868 4426 3254 4494 perfectionem
3287 4440 3351 4478 ac
3397 4425 3526 4479 bea-

293 4542 397 4594 rat,
430 4544 533 4597 qua
560 4536 672 4580 tum
700 4538 850 4579 mens
902 4520 1275 4584 illustrabitur,
1317 4532 1423 4570 non
1468 4516 1695 4585 simplici
1736 4517 1856 4585 qui-
1890 4526 1933 4580 ι)
1963 4516 2242 4568 titudinem
2295 4514 2692 4567 rationabilium
2735 4526 3127 4577 creaturarum,
3180 4515 3263 4567 vel
3309 4526 3527 4568 natura-

292 4624 412 4676 dem
442 4631 495 4674 ct
523 4619 799 4686 repentina
823 4613 1247 4674 collustratioue,
1280 4610 1373 4663 sed
1406 4609 1640 4671 diversa,
1672 4618 1726 4662 et
1757 4624 1852 4676 pro

294 4714 489 4767 mentis
535 4720 692 4779 captu
719 4719 775 4763 et
807 4721 1095 4777 progressu
1153 4701 1458 4757 continenti
1509 4701 1855 4755 successione

296 4805 587 4874 impertita.
639 4802 945 4856 Posteriore
998 4808 1178 4852 autem
1218 4797 1337 4848 loco
1388 4794 1544 4848 docet
1584 4808 1852 4847 summum

294 4900 518 4958 bonum,
545 4911 640 4950 seu
677 4896 833 4947 linetn
862 4891 1122 4949 omnium,
1153 4888 1219 4941 ad
1259 4901 1417 4955 quem
1455 4894 1643 4938 natura
1694 4884 1857 4937 ratio-

296 4989 435 5044 nalis
484 4988 735 5041 universa
796 4985 987 5048 tendit,
1045 4984 1187 5036 hunc
1248 4994 1392 5042 esse,
1446 4976 1675 5031 similem
1726 4974 1854 5040 Deo,

296 5082 471 5149 quoad
506 5079 625 5145 ejus
659 5076 771 5130 fieri
810 5084 1004 5143 potest,
1040 5075 1303 5136 evadere;
1355 5079 1516 5138 atque
1545 5084 1608 5122 ex
1647 5069 1747 5121 hac
1785 5068 1859 5121 si-

299 5169 602 5226 militudine
650 5168 701 5221 in
746 5167 934 5220 melius
978 5166 1351 5233 proficientem
1401 5161 1635 5214 animam
1696 5176 1860 5213 unum

292 5263 404 5331 jam
457 5258 569 5311 fieri
613 5273 733 5311 cutn
783 5258 911 5320 Deo,
958 5264 1115 5325 prout
1166 5254 1437 5324 pollicitus
1483 5261 1570 5307 est.
1611 5252 1864 5307 Christus

297 5353 457 5408 Joan.
489 5366 620 5415 xvn,
646 5349 715 5402 24
745 5358 799 5402 et
827 5347 920 5411 21,
954 5357 1113 5415 atque
1141 5349 1211 5400 ita
1242 5362 1406 5418 porro
1437 5347 1488 5399 in
1522 5345 1628 5399 fine
1656 5346 1860 5411 omnia,

300 5457 355 5497 et
384 5444 435 5497 in
461 5441 711 5495 onmibus
745 5440 908 5493 Deum
954 5438 1192 5492 futurum
1236 5454 1374 5493 esse.
1427 5438 1660 5508 Exponit
1708 5447 1860 5506 post-

303 5536 516 5591 modum
549 5532 642 5600 qui
691 5532 870 5585 omnia
904 5540 958 5584 et
993 5529 1045 5583 in
1096 5530 1340 5583 omnibus
1396 5530 1535 5584 Deus
1580 5542 1697 5585 esse
1738 5544 1855 5597 pos-

306 5628 374 5681 sit
406 5627 485 5693 ";
521 5639 713 5695 nempe
763 5639 884 5678 cum
939 5622 1162 5679 rationis
1219 5622 1421 5692 pollens
1466 5624 1666 5689 anima,
1709 5622 1853 5677 oumi

382 5829 424 5860 ³⁸
452 5828 467 5883 l
497 5828 621 5885 Cor.
649 5844 736 5893 xv,
772 5827 858 5883 28.

1958 4622 2095 4670 mm,
2134 4607 2205 4658 ita
2232 4606 2446 4659 demum
2468 4606 2687 4674 quidam
2715 4619 3033 4673 permanere
3056 4605 3106 4659 in
3139 4606 3326 4659 eodem
3357 4616 3524 4671 statu,

1956 4715 2063 4766 quo
2090 4698 2249 4765 supra
2281 4698 2536 4765 diximus,
2571 4707 2782 4766 putant,
2819 4697 2871 4750 id
2912 4709 2994 4753 est
3047 4709 3104 4753 ut
3134 4701 3301 4753 Deum
3346 4701 3522 4754 omnia

1959 4791 2215 4855 habeant,
2244 4800 2300 4843 et
2328 4790 2466 4843 Deus
2493 4791 2575 4844 eis
2618 4790 2688 4843 sit
2734 4792 2932 4857 omnia,
2983 4792 3025 4845 si
3078 4790 3389 4845 nullatenus
3436 4808 3527 4846 eas

1959 4880 2191 4934 societas
2271 4891 2475 4932 natura}
2546 4880 2840 4948 corporalis
2916 4891 3185 4935 amoveat.
3274 4882 3523 4947 Alioquin

1964 4973 2275 5026 existimant
2322 4972 2550 5043 gloriam
2592 4988 2816 5026 summa:
2862 4972 3211 5027 beatitudinis
3256 4972 3523 5038 impediri,

1966 5065 2011 5119 si
2063 5066 2355 5120 materialis
2405 5066 2720 5119 substantiae
2767 5064 3124 5120 interseratur
3170 5064 3445 5117 admistio.
3502 5083 3520 5115 ι

1968 5160 2105 5225 Quin
2130 5160 2291 5213 etiam
2328 5160 2467 5228 quod
2491 5160 2612 5213 aliis
2640 5160 3003 5214 aseribentem
3031 5158 3406 5213 Adamantium
3441 5158 3523 5209 in-

1971 5251 2115 5303 ducit
2144 5250 2390 5316 Rufinus,
2415 5250 2466 5305 id
2500 5250 2863 5306 confutantem
2889 5251 3062 5318 ipsum
3106 5250 3324 5304 exhibet
3354 5251 3527 5317 capite

1971 5341 2156 5397 codem
2185 5358 2331 5396 num.
2355 5344 2387 5396 6
2422 5362 2433 5396 :
2470 5364 2489 5394 ι
2522 5345 2573 5397 ln
2613 5359 2718 5411 quo
2750 5353 2891 5398 statu
2923 5341 3315 5413 (beatitudinis)
3362 5342 3523 5395 etiam

1969 5451 2283 5503 permanere
2316 5451 2529 5507 semper
2564 5448 2618 5492 et
2665 5437 3070 5491 immutabiliter
3115 5436 3387 5491 Creatoris
3423 5450 3522 5487 vo-

1964 5531 2166 5583 luntate
2191 5539 2275 5585 est
2313 5531 2657 5596 credendum,
2695 5530 2854 5583 fidem
2896 5530 2971 5583 rei
3005 5529 3234 5584 faciente
3259 5527 3523 5583 sententia

1962 5621 2199 5691 Apostoli
2250 5622 2476 5677 dicentis
2510 5644 2519 5677 :
2554 5621 2773 5675 Domum
2826 5622 3069 5677 Imbenms
3130 5638 3229 5677 non
3275 5618 3524 5690 manufan‘
