4068 6308
569 404 698 461 1011
1840 389 1900 442 Ρ.
1944 386 2175 442 DANIEI

2153 386 2259 441 LIS
2285 381 2514 440 HUETII
3645 376 3754 430 lOl'l

569 537 726 590 ciam,
752 531 998 576 aetenmm
1027 520 1080 572 in
1100 519 1239 577 caelis
1265 519 1359 571 ³⁷.»
1381 520 1450 574 Dc
1475 518 1803 586 iluequoque
1828 525 2004 566 rermu
2031 507 2137 580 agit
2165 513 2212 569 Α
2240 517 2536 568 summum,
2571 514 2730 570 quem
2779 497 3034 562 diximus,
3080 491 3347 547 felicitatis
3375 491 3575 560 apicem
3599 507 3759 549 eVase-

572 585 831 684 Origenes
861 613 957 670 lib.
992 629 1008 666 t
1045 610 1120 666 De
1147 611 1392 680 princip.,
1417 626 1535 680 cap.
1567 585 1622 674 6,
1659 621 1809 662 num.
1836 606 1889 667 l,
1923 605 1979 668 2,
2020 618 2136 656 om-
2241 599 2382 660 rint;
2413 611 2478 650 ac
2508 596 2741 667 primum
2778 592 2831 646 in
2862 597 3016 644 certo
3044 586 3280 657 quodam
3308 593 3466 640 terra:
3487 585 3598 639 loco
3618 595 3765 640 terre-

576 676 774 775 niaque
817 703 946 759 dicit
975 702 1040 756 ad
1072 676 1235 756 unum
1290 676 1448 757 tinem
1487 676 1828 761 revocanda,
1877 691 2137 766 quemad-
2239 705 2334 744 nas
2360 690 2539 753 faeces,
2573 696 2629 741 et
2652 684 3014 752 ignorantiam
3063 677 3280 750 deponi,
3327 685 3489 746 atque
3512 676 3766 734 huncessc

575 798 793 852 modum
820 794 887 848 ab
913 809 1020 848 uno
1044 793 1196 850 initio
1224 793 1457 861 profecta
1486 800 1632 854 sunt,
1666 796 1950 860 postquam
1992 783 2139 838 scili-
2239 783 2579 854 paradisum;
2614 779 2737 832 inde
2766 777 2817 831 in
2847 789 2994 837 aere,
3021 782 3077 828 et
3107 773 3158 826 in
3200 770 3427 825 diversis
3461 771 3767 838 postmodum

574 896 661 943 cet
714 885 1020 957 regnaverit
1065 883 1339 950 Christus,
1389 897 1681 951 omnesque
1728 878 1975 934 inimicos
2033 874 2137 934 sibi
2241 875 2522 931 coelilocis
2552 885 2745 926 novam
2781 881 3062 936 capessere
3089 862 3448 933 disciplinam,
3477 870 3529 916 et
3563 862 3768 930 perfecta

575 978 886 1046 subjecerit,
910 978 1195 1045 ipsumque
1215 976 1563 1037 novissimum
1593 973 1870 1026 inimicum
1903 979 2137 1024 mortem
2242 969 2456 1026 demum
2481 963 2739 1020 heatitate
2773 959 2915 1024 frui;
2949 958 3001 1011 in
3033 955 3260 1026 singulis
3294 962 3473 1007 autem
3508 953 3771 1005 mansioni-

573 1070 1008 1134 destruxeril,et
1029 1066 1174 1122 Patri
1209 1082 1429 1135 regnum
1465 1065 2004 1131 tradiderittuncque
2033 1075 2144 1116 cte-
2241 1064 2345 1128 bus
2388 1076 2456 1116 eo
2507 1056 2900 1113 diuturniorem
2953 1066 3114 1121 agere
3166 1063 3372 1104 moram
3426 1047 3655 1109 animas,
3687 1062 3774 1114 quo

577 1163 754 1228 lestia,
789 1159 1062 1215 terrestria
1093 1170 1148 1214 et
1179 1158 1385 1213 inferna
1438 1156 1502 1212 ad
1545 1172 1707 1210 unum
1737 1154 1895 1208 tinem
1945 1153 2142 1207 deven—
2244 1154 2510 1224 pluribus,
2554 1152 2680 1204 dum
2717 1146 2931 1216 corpori
2962 1144 3233 1213 adjunctae
3261 1149 3463 1204 essent,
3494 1153 3608 1194 sese
3643 1139 3776 1192 noxis

579 1266 720 1320 tlll‘a,
759 1274 777 1306 ι
811 1269 906 1323 per
932 1254 1222 1309 bonitatem
1261 1251 1376 1315 Dei,
1411 1258 1464 1304 et
1505 1248 1892 1315 subjCCtionem
1914 1244 2140 1304 Christi.
2245 1247 2706 1303 contaminarunt,
2736 1239 3084 1312 pluribusque
3134 1232 3556 1303 inquinamentis
3597 1246 3769 1298 expur-

577 1356 741 1415 atque
772 1319 1033 1398 unitatem
1065 1341 1300 1411 Spiritus
1331 1339 1526 1394 sancti.
1560 1359 1577 1390 ι
1609 1339 1773 1393 Addit
1801 1338 2022 1406 insuper
2043 1335 2140 1389 soli
2246 1337 2433 1408 gandaz
2483 1345 2628 1389 sunt.
2679 1331 3016 1400 Frequentes
3073 1333 3290 1379 exstant
3341 1320 3594 1376 doctrina:
3645 1319 3776 1388 hujus

577 1436 834 1490 Trinitati
875 1410 1168 1499 bonitatem
1201 1431 1638 1489 substantialiter
1681 1430 1874 1492 inesse,
1918 1439 2146 1483 caeteros
2249 1436 2426 1486 notae:
2489 1439 2589 1478 nos
2634 1423 2932 1490 praecipuas
2962 1429 3335 1484 excerpemus.
3383 1410 3604 1466 Homilia
3632 1412 3693 1465 ‘26
3733 1413 3778 1464 in

578 1528 703 1582 inde
730 1536 1026 1582 mutuatam
1061 1533 1114 1580 et
1139 1525 1434 1578 derivatum
1468 1523 1703 1586 habere;
1742 1538 1760 1571 ι
1791 1530 1844 1575 et
1873 1529 1999 1574 tunc
2025 1533 2147 1573 esse
2251 1517 2438 1580 Num.,
2471 1530 2620 1573 unm.
2660 1513 2714 1574 4,
2745 1511 3044 1580 digressum
3083 1506 3276 1558 anima:
3305 1517 3336 1555 a
3373 1515 3612 1568 corpore,
3633 1498 3777 1553 lsrae-

579 1620 634 1674 in
668 1618 1018 1680 beatitudine,
1052 1631 1174 1680 cum
1220 1616 1286 1673 de
1323 1614 1630 1677 sanctitate,
1677 1628 1740 1666 ac
1775 1611 2063 1681 sapientia,
2092 1619 2148 1664 et
2250 1610 2466 1664 iitarum
2503 1605 2650 1663 exitu
2677 1604 2741 1656 de
2772 1599 3004 1670 Egypto
3035 1594 3261 1663 exprimi
3299 1592 3484 1657 tradit,
3521 1606 3652 1650 cum.
3677 1590 3778 1644 reli-

581 1709 650 1764 de
675 1709 792 1778 ipsa
826 1708 1108 1770 divinitate
1139 1705 1461 1775 participant
1506 1722 1519 1759 :
1574 1722 1591 1754 ι
1649 1703 1790 1772 quod
1843 1703 2149 1771 quicunque
2251 1701 2352 1756 ctis
2383 1696 2567 1752 mundi
2620 1696 2777 1764 hujus
2815 1689 3075 1754 tenebris,
3109 1696 3162 1742 et
3196 1685 3442 1756 corporis
3471 1683 3709 1745 caecitate,
3736 1683 3779 1736 in

581 1799 880 1871 negligunt,
911 1799 1145 1874 propria!
1194 1797 1410 1852 ἀεεῖύῑω
1451 1796 1582 1850 Vitio
1620 1793 1880 1850 ἷεΙῘοῘιηιθ
1913 1795 2014 1848 hac
2056 1809 2150 1849 eos
2182 1855 2221 1874 ,ι
2253 1800 2415 1855 alium
2443 1796 2626 1850 orbem
2659 1792 2855 1847 transit
2882 1789 3060 1842 anima
3088 1828 3104 1853 ,
3139 1786 3232 1855 qui
3261 1784 3348 1838 vel
3381 1784 3531 1838 sinus
3553 1781 3774 1842 Abrahte,

581 1893 854 1954 excidere,
903 1855 957 1946 et
991 1907 1020 1946 a
1055 1890 1164 1944 Deo
1203 1905 1304 1960 pro
1340 1890 1509 1958 culpre
1553 1887 1710 1944 modo
1740 1885 2006 1941 adhiberi.
2043 1885 2152 1940 Nec
2182 1855 2224 1910 Β
2260 1900 2320 1945 ut
2345 1890 2397 1943 in
2445 1885 2634 1946 Lazari
2666 1883 2930 1949 historia;
2962 1879 3045 1935 vel
3081 1877 3391 1949 paradisus,
3427 1885 3486 1929 ιιι
3520 1875 3568 1928 in
3616 1872 3691 1926 illa
3714 1872 3781 1926 la.

582 1984 654 2048 ab
694 1983 780 2037 his
806 1981 1117 2051 discrepant
1147 1995 1267 2049 qua:
1301 1995 1368 2034 ex
1418 1978 1650 2050 Origene
1696 1978 1906 2049 prore"
1949 1976 2150 2030 Catena
2258 1983 2451 2045 tronis,
2476 1989 2848 2046 nuncupatur;
2890 1993 2907 2029 ι
2951 1973 3038 2026 vel
3064 1973 3249 2034 etiam,
3277 1967 3482 2037 inquit,
3510 1967 3551 2021 si
3581 1979 3672 2034 qua
3703 1978 3781 2017 uo-

585 2074 914 2136 Corderiana
943 2073 996 2127 in
1033 2071 1291 2135 PsalmOS,
1312 2073 1378 2126 ad
1407 2072 1599 2155 psaliq,
1630 2087 1720 2136 1.x,
1754 2071 1786 2126 5
1811 2112 1825 2134 ,
1870 2085 1992 2140 pag.
2027 2068 2150 2134 739,
2257 2075 2334 2129 vit
2360 2075 2498 2128 Deus
2529 2084 2650 2126 esse
2678 2069 2780 2122 alia
2804 2067 2942 2128 loca,
2963 2065 3047 2120 vel
3077 2063 3210 2119 alias
3241 2059 3570 2120 mansiones,
3589 2072 3674 2126 per
3687 2071 3784 2123 qua:

587 2166 678 2222 ubi
713 2163 961 2233 Christus
999 2178 1120 2220 esse
1169 2165 1366 2220 dicitur
1412 2151 1844 2230 tabernaculum,
1896 2171 1950 2216 et
1999 2177 2156 2216 mons
2259 2166 2529 2221 transiens
2564 2162 2741 2216 anima
2789 2160 2896 2214 Deo
2924 2157 3187 2219 credens,
3223 2166 3276 2210 et
3309 2151 3622 2222 perveniens
3648 2162 3786 2218 usque

586 2267 830 2318 sanctus,
862 2257 914 2311 in
951 2271 1060 2324 quo
1085 2256 1307 2325 perfecti
1335 2256 1769 2324 conquiescunt;
1812 2255 2005 2309 deinde
2028 2252 2156 2307 sub-
2259 2261 2324 2313 ad
2353 2257 2552 2313 ﬂumen
2579 2255 2730 2322 illud,
2766 2255 2911 2323 quod
2955 2248 3192 2306 laetiﬁcat
3239 2246 3513 2301 civitatem
3542 2243 3644 2305 Dei,
3672 2243 3785 2294 intra

579 2350 700 2418 jicit
733 2367 746 2403 :
789 2348 936 2420 Πλὴν
967 2350 1015 2402 εἰ
1043 2350 1136 2402 καὶ
1164 2347 1304 2402 οὓτω
1331 2347 1668 2420 τελειότητος
1719 2348 1831 2418 ἔχει
1863 2350 1896 2418 ἡ
1932 2346 2155 2418 τοιαύτη

2263 2354 2437 2423 ipsam
2471 2360 2672 2406 sortem
2724 2345 3004 2416 promissa:
3037 2340 3288 2398 Patribus
3325 2335 3643 2392 haereditatis
3671 2333 3783 2386 acci-

586 2440 781 2512 σκηνὴ,
812 2440 887 2504 ὡς
912 2442 1007 2494 καὶ
1038 2438 1171 2510 ἅγια
1207 2441 1376 2509 ἁγίων
1409 2436 1567 2504 εἶναι,
1603 2440 1715 2493 ἀλλ’
1749 2435 1842 2494 οὖν
1886 2441 2003 2492 ἐστι
2041 2441 2156 2509 μετ’

2258 2445 2400 2516 piat;
2443 2463 2460 2494 ι
2493 2451 2546 2498 et
2594 2441 2870 2510 aliquanto
2920 2445 3081 2507 post,
3126 2448 3275 2488 num.
3308 2430 3342 2484 5
3381 2449 3393 2483 :
3433 2449 3451 2480 ‹
3507 2428 3648 2482 istius
3680 2441 3784 2495 ergo

585 2531 754 2604 αὐτὴν
799 2532 1129 2596 κατάστασις
1188 2532 1530 2603 ὑπερέχουσα
1579 2531 1686 2586 τῶν
1733 2530 1990 2599 λογικῶν,
2035 2529 2157 2584 καθ’

2262 2549 2418 2595 terra:
2463 2537 2874 2600 haereditatem,
2920 2541 3273 2604 posteaquam
3334 2527 3402 2582 de
3453 2525 3624 2579 mundi
3661 2521 3785 2589 hujus

583 2625 653 2697 ἢν
685 2624 895 2678 ἔσονται
924 2627 981 2682 ἐν
1014 2625 1190 2695 Πιιιτρὶ¹
1224 2627 1315 2679 καὶ
1356 2624 1491 2696 Υἱῷ,
1535 2623 1732 2694 μᾶλλον
1767 2623 1825 2676 δὲ
1853 2626 1919 2698 τῇ
1951 2623 2155 2696 τριάδι·

2261 2632 2499 2703 Egypto
2533 2629 2752 2693 exierit,
2785 2627 2897 2681 Deo
2931 2624 3158 2678 credens
3208 2621 3392 2674 anima
3435 2615 3781 2683 consequitur:

585 2715 668 2782 διὸ
698 2717 979 2787 παροικεῖν
1015 2716 1094 2779 εἰς
1135 2715 1261 2778 τοὺς
1300 2715 1521 2778 αἰῶνας,
1563 2714 1676 2767 ἀλλ’
1706 2714 1768 2766 οὐ
1798 2716 2070 2768 κατοικεῖν
2104 2715 2160 2766 ἐν

2261 2734 2317 2781 et
2344 2723 2471 2778 alibi
2501 2721 2716 2792 quidem
2744 2719 2780 2772 ii
2805 2717 2894 2787 qui
2919 2716 3017 2770 sub
3045 2715 3162 2783 lege
3191 2712 3474 2774 vixerunt;
3504 2707 3617 2761 alibi
3641 2715 3783 2758 autem

585 2809 666 2881 τῷ
699 2809 1012 2892 σκηνώματι
1039 2809 1251 2879 εἴρηται
1270 2821 1282 2834 ⁸
1309 2811 1336 2861 ὁ
1365 2811 1423 2861 ἐν
1447 2807 1620 2878 τούτῳ
1645 2807 1724 2878 τῷ
1755 2807 1888 2878 οἴκῳ
1924 2804 2162 2876 γεγονὼς

2262 2817 2352 2887 qui
2398 2829 2493 2886 per
2534 2812 2661 2868 Jesu
2709 2809 2909 2866 Christi
2960 2806 3118 2862 (idem
3165 2814 3219 2859 et
3265 2802 3504 2870 gratiam
3538 2795 3782 2867 dispensati

591 2901 1027 2973 σκεπασθήσεται
1098 2902 1156 2954 ἐν
1229 2903 1295 2972 τῇ
1356 2901 1465 2964 τῶν
1541 2899 1823 2977 πτερύγων
1870 2898 1964 2962 τοῦ
2025 2897 2161 2961 Θεοῦ

2264 2918 2410 2974 sunt.
2458 2925 2477 2958 ι
2508 2903 2737 2963 Homilia
2763 2899 2956 2956 deinde
2978 2897 3222 2967 sequenti
3259 2894 3458 2964 repetit
3485 2892 3589 2953 haec
3611 2888 3781 2950 eadem,

591 2995 792 3066 σκέπῃ.
815 2992 929 3048 Hoc
955 3002 1039 3048 est
1069 3011 1082 3045 :
1108 2992 1150 3047 E
1173 2992 1556 3060 tabernaculo,
1579 2994 1721 3061 quod
1776 3001 1859 3046 est
1891 2990 2161 3058 Christus,

2263 3013 2317 3058 et
2345 3001 2576 3055 diversis
2629 2993 3006 3051 mansionibus
3053 2989 3423 3045 lsraelitarum
3483 2985 3533 3040 in
3578 2983 3784 3040 deserto,

591 3087 824 3158 digressi
889 3086 1060 3149 sancti
1125 3085 1178 3138 in
1224 3083 1489 3140 Trinitate
1562 3084 1993 3154 conquiescent,
2039 3098 2161 3142 cum

2267 3095 2459 3149 animae
2508 3089 2818 3146 mansiones
2851 3084 3027 3140 notari
3065 3081 3286 3145 scribit;
3325 3088 3384 3133 ut
3413 3085 3467 3133 et
3515 3075 3600 3129 illo
3622 3069 3781 3128 Christi

591 3201 758 3257 regno
787 3184 984 3246 Christi
1041 3184 1312 3249 absoluto,
1360 3182 1524 3237 Pater
1557 3182 1670 3251 ipse
1716 3197 1939 3252 regnum
1980 3195 2162 3236 suscee
2189 3199 2234 3261 ρ
2264 3185 2423 3245 .loan.
2475 3199 2589 3248 xiv,
2619 3183 2655 3236 2
2692 3199 2705 3235 :
2750 3199 2769 3232 ι
2821 3177 2881 3233 In
2929 3177 3092 3233 domo
3141 3172 3326 3230 Patris
3379 3169 3481 3225 mei
3529 3165 3788 3221 mansiones

591 3279 755 3352 perit.
785 3277 900 3334 Hac
919 3277 1168 3333 doctrina
1193 3277 1430 3359 imbutus
1454 3275 1768 3330 Theodorus
1790 3273 2034 3336 Ascidas,
2052 3272 2164 3328 Cae-
2204 3257 2232 3261 ’
2266 3279 2449 3334 multae
2506 3283 2663 3339 sunt;
2728 3292 2747 3325 ι
2809 3284 2874 3325 ac
2915 3267 3080 3323 variis
3144 3273 3411 3335 prazterea
3461 3257 3786 3330 prophetarum

595 3350 764 3426 sarea‘.
800 3369 1155 3440 Cappadociae
1188 3353 1493 3439 episcopus,
1535 3367 1965 3440 Origenistarum
1998 3365 2165 3422 Justi-

2270 3369 2614 3432 testimoniis,
2649 3379 2770 3435 quae
2811 3361 3037 3418 subinde
3081 3364 3367 3414 enumerat
3399 3371 3414 3412 :
3447 3367 3539 3424 per
3566 3350 3666 3404 haec
3687 3359 3785 3414 ergo

595 3459 744 3522 niani
777 3469 933 3516 tetate
959 3472 1237 3530 patronus,
1269 3461 1405 3515 dixit
1443 3480 1455 3515 :
1509 3462 1573 3514 Et
1623 3459 1717 3514 νῦν
1760 3462 1808 3513 οἱ
1853 3459 2163 3524 ἀπόστολοι,
2267 3459 2387 3512 loca
2422 3456 2853 3528 peregrinantem
2885 3451 3120 3506 animam
3147 3449 3214 3502 ad
3267 3444 3467 3514 quietis
3499 3441 3655 3496 locum
3693 3450 3786 3494 cum

597 3554 691 3620 καὶ
708 3553 757 3608 οἱ
789 3527 1064 3626 μάρτυρες
1085 3553 1580 3626 θαυματουργοῦσι,
1618 3553 1711 3607 καὶ
1740 3555 1797 3605 ὲν
1838 3555 1905 3624 τῇ
1936 3550 2170 3622 τοσαύτῃ

2268 3551 2471 3624 gemitu
2503 3557 2560 3605 et
2587 3545 2771 3608 dolore
2795 3542 3082 3607 anhelare;
3107 3540 3410 3595 hebescere
3432 3537 3668 3600 etiam,et
3688 3527 3789 3583 cali-

596 3649 732 3720 τιμῇ
765 3619 1118 3719 bimi-ppme,
1149 3619 1207 3699 ἐν
1225 3650 1292 3718 τῇ
1317 3619 1756 3702 ἀττοκαταστάσει
1789 3619 1929 3717 εἰ
1959 3644 2062 3698 ἴσοι
2088 3619 2172 3712 γέέ

2269 3619 2416 3717 gare,
2449 3641 2627 3714 quoad
2657 3636 2869 3694 itineris
2896 3635 2978 3695 sui
3009 3641 3210 3696 metam
3249 3639 3499 3686 assecuta
3527 3628 3592 3682 sit
3622 3641 3633 3675 :
3665 3642 3680 3674 ι
3711 3619 3789 3674 Per

599 3757 775 3805 νοιντο
836 3739 914 3811 τῷ
983 3738 1242 3811 Χριστῷ,
1302 3740 1433 3794 ποία
1495 3738 1938 3801 ἀποκατάστασις
1989 3736 2170 3799 αὐτοῖς

2269 3713 2508 3807 singulas
2543 3747 2784 3805 quasque
2806 3770 2822 3796 ,
2853 3749 2872 3789 ι
2905 3727 3083 3796 inquit
3130 3739 3281 3779 num.
3319 3723 3376 3788 4,
3412 3738 3530 3793 pag.
3557 3718 3668 3781 577,
3695 3713 3788 3811 «di-

602 3835 783 3901 ἑστιν;
827 3851 846 3889 ι
893 3833 951 3888 Si
1005 3849 1146 3891 nunc
1193 3834 1422 3904 apostoli
1478 3844 1533 3890 et
1581 3843 1853 3905 martyres
1908 3832 2169 3886 miracula
2271 3806 2522 3900 grediens
2556 3824 2906 3886 mansiones,
2937 3819 3055 3878 illas
3083 3817 3289 3873 scilicet
3329 3815 3556 3879 multas,
3603 3806 3788 3880 quiedi-

603 3927 790 3991 eduut,
820 3934 874 3980 et
901 3926 954 3980 in
993 3936 1145 3982 tanto
1183 3901 1311 3982 sunt
1354 3931 1601 3992 honore;
1637 3928 1691 3982 in
1728 3901 2092 3983 restitutione
2125 3926 2170 3981 si
2269 3927 2466 3974 cuntur
2507 3931 2628 3972 esse
2669 3913 2806 3984 apud
2861 3912 3099 3975 Patrem,
3137 3909 3478 3962 illuminatur
3504 3901 3703 3972 amplius
3738 3911 3790 3959 et

604 4017 843 4087 a‘quales
872 4017 1084 4072 Christo
1109 4033 1213 4074 non
1246 4019 1502 4083 evadant,
1533 4019 1707 4087 qualis
1738 4033 1924 4075 eorum
1953 4017 2174 4072 restitu-
2272 4026 2379 4066 una
2412 4009 2477 4063 ad
2507 4007 2664 4064 aliam
2696 4004 2938 4068 veniens,
2971 4000 3174 4070 majora
3196 4014 3415 4068 semper
3437 3987 3791 4051 illuminationis

606 4110 681 4161 tio
737 4105 919 4162 futura
971 4109 1094 4164 est?
1142 4129 1160 4161 ι
1207 4109 1378 4175 Quam
1405 4077 1592 4164 vocem
1642 4111 1696 4163 in
1747 4110 1937 4180 quinta
1968 4109 2173 4179 synodo

2273 4106 2558 4170 augmenta
2609 4094 2929 4166 conquirit,
2961 4104 3242 4162 usquequo
3292 4096 3513 4143 assueta
3559 4084 3620 4138 sit
3658 4077 3790 4150 ipsius

604 4200 912 4260 damnatam
947 4200 1113 4258 fuisse
1140 4210 1366 4256 testatur
1394 4201 1658 4271 Evagrius
1695 4169 1791 4256 lib'.
1820 4217 1895 4268 ιγ,
1923 4169 2047 4269 cap.
2081 4200 2172 4259 38,
2273 4169 2388 4247 veri
2415 4189 2656 4253 luminis,
2698 4187 2841 4256 quod
2888 4183 3157 4242 illuminat
3186 4195 3405 4237 omnem
3435 4177 3699 4237 hominem,
3726 4169 3792 4223 in-

605 4290 992 4350 Verumtamen
1037 4293 1090 4349 in
1137 4292 1452 4364 praefatione
1499 4269 1790 4348 Comment.
1844 4293 1897 4347 in
1943 4291 2106 4347 Joan.
2143 4307 2174 4346 a
2276 4285 2468 4340 tuitum
2502 4283 2635 4354 pati,
2687 4291 2742 4336 et
2772 4279 2922 4337 mirae
2969 4273 3268 4342 maiestatis
3315 4273 3459 4326 ferre
3492 4269 3786 4343 fulgorem.»

605 4388 874 4442 communi
923 4388 1290 4458 theologorum
1343 4386 1612 4442 sententia
1669 4385 1892 4441 minime
1972 4385 2179 4442 recedit
2275 4375 2674 4435 lllculcatidem
2719 4373 2774 4426 in
2800 4367 3175 4438 εείιυθηιὶιωει
3207 4379 3358 4422 ηυωο
3389 4364 3453 4416 6³
3481 4357 3792 4458 (Ροδίτῗδ,¹¹τ’

606 4476 887 4548 Origenes,
921 4479 973 4534 in
1000 4479 1094 4534 Dei
1125 4479 1435 4549 cognitione
1465 4488 1520 4533 et
1551 4480 2011 4547 contemplatione
2042 4478 2173 4532 bea-
2275 4469 2569 4523 rectionem
2601 4476 2892 4519 ascensura
2932 4459 3000 4514 ad
3045 4457 3213 4512 caelos
3243 4451 3474 4527 (anima)
3504 4462 3602 4503 non
3631 4441 3788 4549 subito.

613 4527 887 4548 __-,,----_,
1000 4527 1094 4534 η-
1130 4527 1434 4549 --σ-------,-
1469 4527 1519 4533 _-
1555 4527 2009 4547 ------___r__--.-__-
2043 4527 2140 4532 ηπ

609 4567 888 4622 titudiuem
924 4569 1082 4623 sitam
1111 4585 1232 4626 esse
1260 4571 1484 4636 docens,
1529 4580 1586 4624 et
1609 4569 1786 4635 {tinem
1815 4584 1936 4624 esse
1963 4567 2024 4622 τὸ
2047 4567 2174 4621 θεω-
2205 4554 2249 4608 Ι)
2282 4576 2382 4618 nec
2415 4561 2718 4626 importune
2748 4554 2815 4608 ad
2845 4565 3054 4608 summa
3080 4545 3418 4610 conscendit,
3451 4541 3538 4598 Sed
3570 4550 3656 4608 Ρθτ
3688 4527 3792 4587 mu"

609 4657 852 4735 ρητικδν,
877 4661 957 4723 εἰς
979 4660 1007 4712 ὅ
1045 4661 1371 4733 καταλήγειν
1407 4633 1478 4715 τὸ⁷
1501 4633 1652 4724 τέλος
1689 4659 1808 4715 ὁδοῦ
1843 4662 1901 4714 ἐν
1919 4663 1986 4732 τῇ
2019 4660 2175 4731 λεγος

2281 4665 2365 4710 tas
2387 4650 2673 4707 deducitur
2703 4647 3034 4707 mansiones,
3065 4642 3118 4696 in
3147 4639 3345 4710 quibus
3391 4633 3673 4692 illuminata
3719 4634 3790 4692 per

611 4749 749 4823 μένῃ
776 4751 1235 4816 ἀποκαταστάσει,
1556 4812 1560 4821 ,
1928 4797 1952 4818 ι

2283 4740 2527 4810 singulas
2553 4777 2569 4803 ,
2617 4746 2673 4792 et
2696 4741 2986 4806 augmento
3013 4745 3227 4800 semper
3253 4723 3550 4798 splendoris
3593 4720 3787 4814 accepto,

683 4839 751 4896 Χ.
776 4844 892 4898 Νοη
920 4844 1104 4897 statim
1127 4855 1304 4901 autem
1329 4845 1397 4905 ad
1427 4861 1735 4916 supremam
1761 4845 2176 4911 beatitudinem,
2285 4835 2336 4888 in
2367 4845 2688 4900 υιιαίιυθίιυθ
2727 4827 3010 4882 πηδηδίοηθ
3038 4823 3308 4877 ί¹¹⁰⁵¹τ³¹³
3339 4815 3606 4886 sapientia!
3630 4803 3790 4916 Iunii“?

531 4929 540 4983 ἶ
609 4933 704 4989 sed
741 4933 1069 5001 pedetentim
1123 4949 1187 4989 ac
1238 4950 1337 5004 per
1368 4895 1615 4992 diversos
1668 4935 1865 5006 gradus
1911 4895 2178 5003 perveniri
2287 4939 2458 4994 usque
2493 4924 2558 4977 ad
2589 4923 2764 4992 ipsum
2787 4918 3068 4990 perveniat
3097 4915 3356 4969 luminum
3387 4910 3611 4964 Patrem.
3649 4895 3788 5002 ›.Ροξι

613 4985 703 4989 ,__
1126 4985 1185 4989 _-
1238 4985 1328 5004 Γ-
1374 4985 1613 4992 ,,,,,,,,
1669 4985 1861 5006 νην,
1911 4985 2178 5003 r-_c--____
2372 4985 2387 4994 ,
2609 4985 2624 4992 ,
2790 4985 2806 4990 ,
3757 4985 3766 4997 ,

534 5047 541 5105 ξ
610 5024 799 5079 voluit.
834 5023 969 5079 Nam
1000 5024 1208 5080 animas
1233 5024 1622 5082 beatitudinem
1667 5025 1996 5094 promeritas
2022 5065 2038 5091 ,
2084 5024 2179 5080 sed
2282 5020 2397 5074 haec
2437 5016 2784 5072 mansionum
2817 5013 3027 5073 illarum
3066 5007 3266 5063 deserti
3299 5003 3512 5059 “omina
3547 4991 3789 5051 πη³¹¹⁵Ῑ⁰¹¹¹⁶

611 5126 953 5172 terrenarum
1001 5132 1183 5172 rerum
1238 5127 1473 5191 contage.
1510 5119 1806 5172 etiamnum
1850 5115 2178 5180 laborantes,
2279 5113 2380 5168 bus
2403 5107 2794 5172 accommodat.
2821 5103 3165 5174 quasﬂnima
3189 5099 3241 5154 in
3265 5096 3460 5154 “mlum
3478 5089 3786 5185 abitura,“

612 5217 896 5276 postquam
929 5224 1158 5280 corpore
1211 5210 1423 5265 emissae
1460 5184 1628 5275 sunt,
1673 5225 1770 5278 per
1802 5209 1952 5262 varia
1987 5208 2177 5263 deduci
2286 5211 2458 5271 agrat,
2498 5201 2842 5266 ostenditque
2888 5198 3030 5253 hanc
3056 5196 3218 5250 etiam
3247 5201 3355 5246 tum
3384 5188 3662 5243 daemonum
3684 5168 3786 5227 insi-

610 5301 729 5355 loca
767 5301 940 5367 tinxit,
970 5303 1022 5356 in
1052 5303 1251 5372 quibus
1284 5311 1632 5371 expurgatas,
1658 5274 1803 5357 etab
1824 5301 2031 5372 angelis
2054 5301 2178 5356 huic
2283 5295 2389 5351 diis
2415 5303 2469 5348 et
2495 5293 2844 5351 tentamentis
2872 5304 2992 5346 esse
3025 5287 3311 5345 obnoxiam
3336 5324 3351 5350 ,
3382 5281 3678 5372 tahores‘que
3699 5274 3790 5362 ειξε·

613 5390 917 5446 ministerio
945 5393 1232 5449 destinatis
1261 5393 1527 5457 eruditas,
1576 5401 1632 5447 et
1661 5400 1908 5447 errorum
1937 5391 2178 5448 tenebris
2287 5387 2478 5450 tinere,
2524 5394 2580 5439 at
2602 5397 2708 5439 non
2749 5381 2970 5436 invitam
2996 5421 3012 5447 ,
3042 5393 3140 5433 nec
3176 5385 3382 5430 tantum
3415 5370 3480 5424 iis
3511 5353 3784 5426 defatigarit

613 5482 888 5545 exsolutas
913 5524 930 5549 .
983 5487 1404 5556 Splendidiorem
1442 5501 1507 5541 ac
1563 5485 1847 5542 celsiorem
1906 5486 2182 5555 regionem
2289 5486 2548 5550 quantum
2590 5492 2686 5547 spe
2717 5475 3060 5539 sublevatur;
3086 5470 3180 5527 sed
3208 5479 3262 5525 et
3292 5459 3577 5533 reirigeriis
3600 5454 3786 5506 animam

614 5579 1014 5645 conscendere;
1086 5581 1265 5649 ibique
1321 5579 1474 5635 novis
1527 5579 1817 5641 instructas
1878 5548 2180 5643 doctrinis“,
2291 5548 2487 5640 foveri.
2516 5571 2884 5644 paulatimque
2914 5567 2982 5622 ad
3021 5562 3324 5627 carie-“ilium
3352 5553 3688 5649 εοεηίιίοηθηξ

617 5668 846 5740 aliisque
874 5687 1002 5728 usas
1031 5674 1307 5742 magistris
1337 5675 1390 5731 in
1419 5672 1701 5732 sublimius
1729 5670 1885 5741 ferri,
1925 5671 2094 5728 donec
2117 5669 2186 5726 ad
2292 5634 2533 5736 surgere;
2553 5663 2772 5734 jamque
2805 5663 3014 5733 plenam
3048 5659 3102 5714 in
3128 5670 3321 5726 corpus
3339 5655 3579 5708 exercere
3598 5634 3789 5712 potest?

689 5867 732 5898 ³⁷
767 5865 806 5919 li
830 5867 950 5922 Cor.
981 5881 1032 5931 v,
1059 5867 1106 5921 1.
