4068 6308
320 324 467 380 101⁸1

1176 320 1744 378 OIIIGENIANORUM
1786 323 1911 377 LIB.
1956 323 2021 386 ll,
2062 324 2215 383 CAP.
2259 327 2324 391 Il,
2355 313 2776 411 ρυιιεδτηχιζ

3432 334 3573 401 ἰοιδ

318 444 575 500 eamdem
607 440 849 496 adhiberi
882 438 1342 509 purgationem,si
1377 439 1465 491 diu
1491 439 1563 492 illi
1598 440 1650 491 in
1684 440 1900 502 virtute,
1932 444 1979 499 A
2009 456 2097 495 mo
2135 442 2255 497 loco
2289 446 2616 512 moriuntur,
2653 447 2895 518 ablegari
2943 450 2993 504 in
3033 452 3451 523 firmamentum,
3488 465 3571 517 vel

323 549 526 601 parum
560 533 648 587 isti
682 533 1036 595 desudarunt,
1066 529 1331 584 similibus
1361 529 1486 582 licet
1517 532 1568 583 in
1598 530 1766 582 Deum
1788 538 1901 584 stu-

319 629 437 683 diis
470 628 597 682 elati
625 628 788 680 vitam
836 623 1167 687 clauserint;
1222 624 1317 677 sed
1362 622 1593 677 diversis
1638 632 1900 692 utrosque

317 721 638 790 disciplinis
664 760 678 784 ,
716 728 771 773 et
798 714 1265 773 emendationibus
1304 717 1579 784 reparari,
1609 724 1897 785 antequam

320 814 384 868 in
416 828 669 883 supremo
700 809 977 865 beatitatis
1030 807 1268 861 culmine
1309 807 1664 862 collocentur.
1714 808 1899 877 Itaque

318 908 550 976 subjicit
582 908 842 975 Origenes
893 919 1045 957 num.
1094 903 1184 962 57,
1222 917 1342 971 pag.
1391 902 1532 958 707:
1595 902 1897 971 Ἐχέτωσαν

320 1000 431 1069 μὲν
448 1000 555 1071 γὰρ
586 999 671 1052 διὰ
698 999 794 1068 τὴν
826 996 1111 1067 μετάνοιαν
1146 995 1238 1047 καὶ
1282 993 1343 1047 τὸ
1385 993 1898 1063 καταλαμϐάνεσθαι.

313 1094 383 1147 ὲν
415 1092 848 1164 ἑπεστραμμὲνῳ
878 1089 977 1160 βίῳ
1010 1088 1290 1159 κρείττονα
1343 1086 1450 1139 τῶν
1480 1086 1896 1157 καταλαμϐανο-

318 1185 506 1255 μένων
533 1185 590 1236 ὲν
616 1186 733 1245 ταῖς
777 1182 1091 1253 ἁμαρτίαις,
1115 1179 1176 1231 οὐ
1209 1178 1313 1250 μὴν
1347 1178 1449 1248 χρὴ
1499 1177 1897 1246 ὑπολαμϐάνειν

315 1274 457 1345 περὶ
488 1273 666 1326 αὐτῶν
692 1273 771 1326 ὅτι
804 1272 977 1342 ὅμοιοί
1012 1272 1117 1323 εἰσι
1140 1272 1252 1332 τοῖς
1276 1270 1424 1337 παρὰ
1454 1268 1610 1322 τοῦτο
1648 1271 1897 1340 ἡμαρτη-

313 1368 476 1423 κόσιν
506 1370 563 1421 ὲν
596 1369 660 1438 τῇ
685 1366 914 1435 νεότητι,
946 1364 1094 1435 παρὰ
1119 1365 1178 1416 τὸ
1204 1363 1337 1434 μηδὲ
1364 1363 1463 1432 τὴν
1489 1362 1662 1433 ἀρχὴν
1703 1360 1771 1414 τὰ
1800 1364 1897 1433 τῆς

318 1462 565 1524 πίστεως
615 1458 1009 1533 μεμαθηκέναι.
1069 1456 1364 1511 Plurimum
1417 1470 1544 1523 ergo
1592 1456 1705 1509 haec
1758 1455 1896 1509 inter

320 1552 580 1622 Origenis
638 1549 826 1606 deliria
878 1564 941 1604 ac
1001 1547 1269 1604 Joviniani
1326 1549 1575 1604 haeresim
1643 1548 1893 1615 interest,

317 1646 415 1715 qui
470 1644 700 1698 virtutes
734 1656 798 1694 ae
828 1652 1049 1710 peccata
1075 1654 1196 1695 esse
1227 1640 1456 1710 aequalia
1486 1680 1502 1707 ,
1545 1654 1606 1694 ac
1633 1640 1893 1709 aequalem

319 1736 552 1806 proinde
600 1734 901 1789 mercedem
955 1741 1011 1787 et
1048 1747 1264 1803 pmnam
1315 1733 1430 1787 fore
1486 1732 1891 1796 arbitrabatur,

320 1829 540 1883 Stoicos
570 1835 790 1881 secutus
826 1825 915 1893 qui
946 1842 965 1876 ι
1004 1824 1070 1879 de
1097 1824 1371 1894 parilitate
1397 1834 1767 1893 peccatorum,
1799 1844 1817 1877 ι
1840 1835 1897 1880 ut

320 1915 402 1968 ait
432 1913 767 1982 Augustinus
806 1912 968 1982 epist.
1016 1911 1085 1966 29
1114 1952 1128 1977 ,
1188 1912 1256 1967 ad
1304 1912 1664 1982 flieronym.,
1724 1932 1743 1965 ι
1797 1918 1892 1969 soli

326 2006 444 2060 ausi
480 2015 608 2060 sunt
641 2005 921 2074 disputare
945 2014 1137 2060 contra
1164 2019 1383 2060 omnem
1428 2021 1649 2062 sensum
1679 2010 1895 2077 generis

323 2095 569 2149 humani.
608 2113 627 2147 ι
944 2116 967 2143 ι

395 2187 488 2241 XI.
526 2185 774 2241 Emensis
805 2186 911 2241 illis
945 2200 1009 2240 ac
1043 2188 1344 2255 peragratis
1375 2190 1588 2258 spatiis,
1623 2206 1743 2260 qua:
1771 2192 1892 2246 ani-

326 2295 443 2335 mas
477 2280 737 2350 purgandi
766 2294 931 2336 causa
955 2279 1245 2336 decurrere
1279 2282 1435 2336 finxit
1464 2280 1748 2352 Origenes,
1787 2300 1895 2353 quo

322 2385 416 2426 eas
456 2372 757 2429 subsistere
797 2375 918 2429 loco
944 2360 1427 2445 ac'conquiescere
1472 2384 1625 2429 ratus
1659 2377 1752 2440 sit,
1808 2377 1893 2431 vi-

320 2464 557 2519 dendum
587 2475 690 2519 est.
724 2464 931 2521 Novum
963 2468 1178 2537 quidem
1209 2466 1430 2531 coelum,
1463 2481 1527 2521 ac
1556 2474 1757 2521 terram
1792 2484 1894 2520 una

322 2569 445 2609 vam
498 2556 746 2610 felicitati
794 2567 849 2611 et
897 2558 1066 2627 quieti
1107 2564 1231 2626 post
1280 2556 1421 2610 hanc
1470 2556 1635 2610 vitam
1671 2556 1894 2626 deputat

318 2647 414 2702 lib.
460 2663 476 2702 ι
523 2648 663 2717 Περὶ
703 2649 924 2719 ἀρχῶν,
965 2664 1086 2718 cap.
1122 2650 1179 2714 6,
1223 2665 1376 2703 num.
1409 2649 1462 2714 2,
1499 2659 1717 2719 propter
1760 2650 1893 2705 illud

318 2741 470 2797 Isaia:
504 2756 632 2806 va,
671 2742 771 2796 f7:
827 2759 847 2792 ι
886 2741 1023 2796 Ecce
1057 2742 1201 2796 enim
1258 2757 1360 2812 ego
1404 2757 1531 2797 creo
1577 2741 1746 2796 cmlos
1796 2758 1894 2795 no-

315 2847 413 2886 vos
466 2840 522 2886 et
570 2841 769 2886 terram
833 2847 1065 2898 novam;
1099 2841 1154 2887 et
1197 2848 1302 2887 non
1338 2841 1496 2887 erunt
1545 2833 1597 2886 in
1629 2832 1891 2887 memoria

316 2922 526 2992 priora,
572 2933 627 2976 et
670 2938 776 2977 non
818 2924 1115 2978 ascenderit
1173 2939 1337 2991 super
1390 2938 1520 2990 cor;
1557 2942 1575 2974 ι
1626 2922 1768 2992 quod
1806 2937 1892 2977 re-

315 3024 677 3087 praesentatur
721 3012 763 3067 II
816 3014 964 3069 Petr.
1015 3031 1095 3072 ιιι.
1150 3016 1251 3080 IS,
1307 3024 1363 3069 et
1415 3015 1787 3085 Apocal.-nt,
1838 3014 1889 3072 I.

2003 533 2056 588 in
2097 542 2316 599 terram,
2366 544 2420 590 et
2460 540 2607 591 varia
2652 538 2723 593 ibi
2774 539 2890 594 loca
2930 544 3208 598 nancisci:
3254 563 3317 602 ac
3354 565 3570 606 rursum

2002 624 2460 693 quemadmodum
2508 627 2805 696 migrantes
2842 644 2905 683 ex
2941 629 3130 685 inferis
3163 634 3375 703 animae,
3415 648 3469 690 et
3503 641 3571 692 ob

2000 725 2149 771 recte
2182 727 2331 787 gesta
2372 719 2424 771 in
2461 727 2656 774 terram
2710 734 3039 787 remeantes,
3085 726 3234 779 nasci
3280 728 3568 796 dicuntur;

2001 807 2074 862 ita
2117 809 2299 863 varios
2328 810 2630 863 animarum
2674 822 2825 868 ortus
2870 813 2923 866 in
2972 814 3329 881 firmamento,
3374 828 3429 873 et
3472 836 3569 876 su-

2000 913 2186 967 premo
2220 901 2342 955 item
2380 902 2527 956 caelo
2559 904 2888 973 contingere.
2933 904 3105 960 Verba
3148 907 3263 976 ipsa
3302 907 3566 981 Origenis,

1998 990 2197 1059 quibus
2238 992 2354 1046 haec
2394 995 2705 1048 continetur
2744 997 3011 1060 doctrina,
3052 998 3270 1055 adducit
3309 1000 3567 1077 Hierony-

1999 1094 2119 1134 mus
2153 1082 2331 1150 capite
2375 1082 2410 1136 2
2441 1092 2495 1136 et
2544 1084 2577 1137 4
2610 1086 2770 1153 epist.
2814 1085 2882 1140 59
2906 1126 2921 1149 ,
2954 1087 3020 1140 ad
3052 1088 3230 1153 Avit.,
3272 1106 3303 1145 e
3338 1091 3475 1148 libro
3521 1112 3570 1149 ιν

1998 1174 2139 1240 Περὶ
2169 1172 2390 1241 ἀρχῶν,
2430 1191 2578 1229 ηιιηι.
2629 1175 2720 1230 25.
2762 1176 2930 1246 Ilnjus
2961 1188 3108 1233 certe
3144 1180 3266 1235 libri
3315 1198 3466 1241 num.
3499 1185 3573 1241 29.

2001 1264 2163 1319 tradit
2196 1264 2455 1335 Origenes
2479 1265 2889 1339 Jerosolymam,
2922 1273 3015 1325 sed
3045 1280 3100 1326 et
3138 1273 3370 1344 reliquas
3402 1277 3565 1331 etiam

1999 1363 2156 1409 terra;
2215 1359 2496 1425 regiones,
2538 1346 2692 1414 'alias
2757 1361 2858 1413 sibi
2906 1363 3250 1430 cognomines
3304 1366 3356 1419 in
3416 1367 3572 1424 etelis

1999 1446 2219 1511 habere,
2267 1449 2447 1517 ibique
2496 1449 2807 1521 ngyptum,
2848 1451 3217 1523 Babyloniam,
3269 1455 3467 1527 Tyrum
3515 1467 3572 1512 et

2001 1540 2258 1595 Sidonem
2299 1542 2570 1611 reperiri;
2617 1543 2893 1613 multaque
2935 1546 3000 1600 de
3050 1545 3181 1601 locis
3230 1548 3336 1603 illis
3382 1548 3571 1607 vatici-

2002 1639 2164 1687 natos
2194 1647 2312 1688 esse
2342 1635 2658 1703 prophetas,
2701 1652 2821 1704 quae
2859 1637 2902 1691 si
2940 1638 3063 1707 quis
3100 1640 3166 1692 ad
3208 1649 3420 1695 terrena
3450 1641 3568 1696 loca

2000 1725 2222 1792 referat,
2272 1724 2433 1780 valde
2472 1743 2592 1779 cum
2630 1727 2971 1784 liallucittari.
3008 1729 3240 1787 Plurima
3274 1734 3345 1789 ibi
3394 1736 3444 1789 in
3478 1750 3569 1790 sa-

1999 1814 2112 1869 cris
2144 1815 2509 1870 voluminibus
2541 1830 2839 1873 memorata
2886 1832 3150 1888 recenset,
3203 1840 3325 1893 quae
3362 1826 3566 1897 allego-

2002 1906 2115 1960 rice
2147 1905 2578 1977 interpretauda,
2627 1922 2681 1964 et
2713 1912 2776 1963 ad
2810 1914 3051 1967 ctelestia
3079 1915 3444 1985 detorquenda
3484 1934 3569 1972 ar-

2000 1998 2258 2053 bitratur.
2292 2000 2524 2054 lIomilia
2555 2002 2625 2056 9.8
2655 2003 2709 2056 in
2750 2000 2943 2071 Nnm.,
2976 2020 3125 2060 num.
3156 2006 3215 2070 2,
3243 2008 3482 2064 Iudaeam
3514 2009 3566 2064 in

2003 2091 2142 2145 caelo
2188 2093 2303 2147 suis
2333 2094 2640 2147 distinctam
2677 2096 2973 2158 montilms,
3022 2099 3135 2151 suis
3175 2099 3485 2154 civitatibus
3512 2110 3569 2154 et

2000 2185 2159 2248 vicis,
2199 2184 2314 2239 suis
2336 2186 2499 2253 etiam
2535 2187 2780 2241 tribubus
2812 2189 3021 2251 statuit,
3069 2189 3124 2241 in
3166 2205 3336 2258 caque
3381 2192 3563 2245 sedem

1998 2279 2303 2346 positurum
2345 2280 2598 2349 populum
2641 2280 2758 2347 Dei,
2802 2290 2858 2335 et
2888 2298 3074 2337 verum
3109 2282 3386 2349 Israelem,
3434 2284 3561 2342 Jesn

1998 2369 2157 2435 duce,
2189 2369 2339 2437 cujus
2362 2372 2648 2440 imaginem
2674 2375 2845 2442 gessit
2868 2374 3026 2430 Iesus
3052 2377 3188 2431 alter
3214 2377 3356 2432 filius
3385 2379 3564 2444 Nave;

2000 2474 2448 2531 unumquemque
2482 2473 2658 2517 autem
2714 2465 2765 2518 in
2812 2466 2952 2520 hanc
3002 2467 3217 2523 illumve
3257 2469 3454 2524 tribum
3498 2471 3568 2527 iri

2003 2552 2310 2622 ablegatum
2341 2568 2437 2622 pro
2485 2554 2693 2609 meritis
2725 2570 2788 2610 ac
2834 2558 3164 2625 virtutibus;
3204 2577 3222 2611 t
3264 2575 3437 2629 neque
3476 2577 3567 2617 so-

1998 2643 2107 2697 lum
2140 2660 2238 2714 pro
2267 2645 2476 2699 meritis
2514 2662 2700 2701 eorum
2749 2649 2839 2716 qui
2873 2649 3275 2718 dtspensantur,
3325 2671 3346 2702 ι
3393 2653 3569 2723 inquit

1995 2751 2148 2789 num.
2175 2736 2231 2802 4,
2254 2754 2272 2788 ι
2300 2738 2392 2792 sed
2424 2749 2478 2792 et
2497 2753 2595 2808 pro
2623 2739 2904 2794 novissimi
2930 2742 3120 2804 Adam,
3152 2743 3211 2797 in
3241 2759 3348 2811 quo
3376 2759 3566 2801 omnes

1998 2827 2309 2883 vivificandi
2345 2828 2620 2895 dicuntur,
2648 2831 3123 2901 contemplatione.
3162 2853 3181 2886 ι
3216 2833 3417 2889 Ibidem
3461 2835 3570 2890 col-

1996 2921 2137 2976 locat
2171 2922 2492 2987 Jerusalem,
2527 2935 2581 2979 et
2612 2935 2848 2980 montem
2885 2927 3038 2990 Sion,
3064 2928 3218 2995 juxta
3248 2927 3562 2997 Apostolum

1993 3015 2114 3069 Gal.
2152 3031 2227 3083 tv,
2257 3016 2349 3082 26,
2383 3025 2437 3072 et
2474 3016 2637 3071 Ilebr.
2682 3033 2781 3080 xit,
2813 3016 2903 3081 22,
2951 3028 3005 3072 et
3048 3017 3308 3073 Joannem
3338 3018 3563 3087 Apocal.

315 3112 551 3180 Propter
584 3110 713 3165 illud
762 3121 941 3165 autem
973 3111 1125 3167 Pauli
1161 3112 1178 3165 Ι
1222 3111 1348 3165 Cor.
1392 3126 1501 3176 vn,
1534 3111 1626 3176 51,
1664 3130 1683 3163 ι
1740 3111 1885 3165 Ριω-
1916 3120 1959 3178 ο
1995 3124 2078 3174 ιιι,
2110 3107 2196 3173 12,
2225 3118 2280 3163 et
2311 3124 2423 3175 xxi,
2453 3110 2508 3173 2,
2542 3119 2596 3163 et
2640 3110 2893 3179 templum
2937 3109 3062 3175 Dei;
3107 3110 3329 3179 diesque
3370 3110 3562 3165 ibidem

312 3203 446 3261 terit
481 3204 624 3256 enim
663 3202 830 3269 figura
880 3203 1037 3270 hujus
1086 3203 1297 3267 mundi,
1339 3221 1359 3255 ι
1393 3212 1447 3256 et
1498 3203 1639 3257 istud
1672 3203 1889 3258 Davidis

314 3294 510 3364 psalm.
543 3310 618 3358 cr,
645 3294 734 3360 ‘27,
776 3312 796 3346 ι
832 3294 965 3348 lei
1011 3296 1296 3365 peribunt,
1347 3304 1401 3347 tu
1447 3307 1625 3349 autem
1677 3310 1891 3364 perma-

315 3403 437 3453 nes,
473 3398 527 3443 et
555 3403 746 3444 omnes
774 3390 919 3442 sicut
950 3389 1331 3442 vestimentum
1367 3397 1741 3455 veterascent;
1780 3408 1798 3441 ι
1835 3397 1890 3445 et

317 3482 426 3538 hoe
460 3481 691 3536 fortasse
720 3480 869 3535 Isaiae
903 3494 977 3543 ιι,
1009 3479 1063 3542 6,
1107 3496 1126 3528 ι
1157 3476 1293 3533 Caeli
1322 3479 1463 3533 sicut
1497 3479 1676 3535 fumus
1710 3480 1887 3549 lique-

312 3580 503 3639 scent,
542 3582 597 3628 et
625 3579 772 3628 terra
819 3572 962 3626 sicut
1000 3571 1384 3625 vestimentum
1417 3580 1703 3635 atteretur,
1742 3592 1760 3627 ι
1798 3589 1889 3628 ea-

315 3677 476 3722 tenus
525 3680 723 3720 novum
759 3664 955 3719 etelum
996 3673 1052 3717 et
1089 3678 1283 3718 novam
1319 3673 1514 3718 terram
1546 3675 1788 3719 creatum
1822 3666 1886 3723 iri

308 3760 496 3824 docet,
528 3768 796 3828 quatenus
829 3758 883 3810 in
917 3756 1021 3811 fine
1052 3771 1233 3811 rerum
1267 3757 1579 3811 destruetur
1610 3759 1708 3813 iste
1735 3775 1890 3813 mun-

312 3855 436 3916 dus,
473 3862 529 3905 et
577 3852 631 3905 in
664 3865 859 3905 novam
902 3860 1124 3914 terram,
1156 3865 1219 3904 ac
1258 3865 1455 3904 novum
1486 3850 1685 3904 caelum
1728 3867 1885 3921 repa-

317 3945 568 3999 rabitur:
606 3961 625 3994 ‹
662 3942 965 4007 Iunovatio,
997 3963 1016 3995 ο
1051 3943 1229 4011 inquit
1265 3944 1416 4006 ibid.,
1449 3959 1597 3995 ntun.
1622 3942 1676 4009 ι,
1708 3961 1727 3993 ι
1762 3944 1883 3997 cmli

310 4045 368 4092 et
399 4046 579 4100 terrm,
611 4043 666 4089 et
697 4035 1080 4089 transmutatio
1118 4032 1332 4088 habitus
1384 4032 1548 4103 hujus
1590 4035 1795 4099 mundi,
1830 4043 1885 4088 et

314 4128 620 4182 immutatio
657 4126 921 4182 ccelorum
967 4126 1053 4181 his
1096 4128 1214 4181 sine
1254 4125 1417 4180 dubio
1469 4126 1885 4194 prmparabitur,

312 4220 406 4290 qui
449 4234 546 4289 per
579 4220 728 4274 illam
772 4219 937 4282 viam,
976 4232 1136 4286 quam
1180 4232 1346 4289 supra
1380 4218 1735 4281 ostendimus,
1782 4217 1885 4271 iter

314 4321 538 4381 agentes
580 4311 645 4364 ad
701 4310 850 4364 illum
887 4309 1049 4363 ﬁnem
1094 4308 1441 4364 beatitudinis
1495 4310 1756 4374 tendunt,
1794 4309 1881 4365 cui

314 4405 477 4459 etiam
513 4404 613 4473 ipsi
644 4401 846 4457 inimici
882 4399 1200 4470 subjiciendi
1236 4400 1511 4463 dicuntur,
1549 4402 1602 4454 in
1635 4417 1742 4471 quo
1778 4400 1883 4455 fine

312 4497 519 4561 omnia,
552 4504 604 4550 et
657 4496 708 4549 in
744 4492 995 4549 omnibus
1039 4490 1237 4546 dicitur
1280 4507 1404 4548 esse
1435 4491 1597 4548 Dens.
1642 4512 1659 4546 ι
1701 4494 1886 4565 Itaque

312 4592 674 4662 Hieronymus
716 4592 873 4660 epist.
908 4589 995 4655 59,
1027 4590 1092 4644 ad
1140 4589 1309 4653 Avit.,
1358 4603 1474 4659 cap.
1513 4590 1565 4654 I,
1612 4593 1888 4646 censuisse

313 4687 604 4760 Origenem
639 4687 905 4757 queritur,
946 4685 1188 4738 ftttttrum
1226 4690 1282 4738 ut
1323 4701 1387 4739 ex
1431 4685 1629 4739 animis
1661 4686 1887 4755 quibus-

309 4782 435 4836 dam
486 4799 507 4832 ι
556 4779 832 4834 hominum
887 4783 1099 4831 constet
1148 4790 1316 4845 genus
1365 4768 1415 4828 in
1459 4791 1565 4828 uno
1602 4777 1782 4846 aliquo
1816 4795 1880 4833 cx

314 4873 556 4937 numdis,
600 4870 815 4941 quando
836 4868 992 4939 juxta
1028 4869 1219 4924 Isaiam
1249 4869 1445 4924 cceluut
1487 4881 1540 4923 et
1572 4877 1714 4923 terra
1745 4888 1884 4927 nova

310 4968 459 5021 flent.
510 4983 529 5016 ι

384 5055 562 5122 Supra
614 5053 717 5107 hoc
758 5054 922 5107 etiam
979 5050 1347 5122 conspicabile
1394 5051 1625 5113 cadum,
1683 5062 1881 5108 terram

309 5161 509 5203 novam
559 5159 622 5199 ac
655 5144 851 5198 cmlum
901 5158 1096 5196 novum
1141 5143 1465 5212 quandoque
1514 5142 1779 5209 collocat;
1829 5154 1885 5199 et

309 5240 508 5295 summi
556 5236 702 5290 illius
739 5250 804 5289 ac
857 5235 978 5289 novi
1042 5235 1162 5291 (ιιιιὶ
1210 5234 1419 5289 ratione
1482 5235 1883 5290 firmamentum

308 5346 430 5387 esse
464 5327 668 5384 inferos
697 5328 794 5389 ait,
826 5326 1278 5396 quemadmodum
1314 5326 1528 5381 ratione
1558 5328 1885 5383 firmamenti

310 5435 456 5479 terra
496 5423 611 5476 haec
660 5430 869 5484 nostra,
901 5432 1064 5488 quam
1110 5419 1326 5487 proprie
1367 5418 1575 5472 aridam
1609 5421 1886 5489 appellan-

311 5522 432 5570 datn
466 5523 686 5580 censet,
740 5512 898 5565 inferi
955 5521 1113 5575 sunt;
1168 5510 1465 5565 inferorum
1505 5527 1636 5567 vero
1679 5515 1887 5572 ratione

312 5610 508 5665 coelum
562 5607 680 5677 ipsa
741 5614 860 5669 est;
923 5613 977 5658 et
1038 5604 1489 5672 quemadmodum
1538 5606 1884 5663 discedentes

314 5716 381 5755 ex
416 5700 500 5753 liis
532 5696 762 5752 terrenis
796 5695 1017 5750 sedibus
1046 5696 1241 5748 anitnze
1280 5709 1375 5749 pro
1404 5696 1518 5751 suis
1566 5697 1773 5752 meriti:
1802 5699 1883 5752 di-

320 5806 471 5847 versa
511 5789 651 5861 apud
684 5787 892 5845 inferos
931 5787 1172 5844 obtinent
1203 5787 1341 5855 loca,
1382 5789 1451 5845 ita
1483 5802 1601 5860 qua.
1659 5806 1693 5846 ιι
1729 5805 1877 5847 sum-

1918 4469 1977 4525 Β

1993 3200 2168 3254 festos
2200 3200 2530 3255 celebratmn
2572 3202 2635 3254 iri
2687 3211 2859 3271 putat,
2891 3212 2947 3256 et
2986 3217 3318 3271 quaecunque
3345 3202 3562 3256 demum

1992 3294 2387 3363 praecipiuntur
2433 3294 2485 3346 in
2524 3294 2659 3362 lege,
2693 3309 2856 3364 quam
2887 3296 3131 3348 umbraut
3177 3294 3454 3349 continere
3480 3294 3564 3347 di-

1994 3387 2073 3439 cit
2117 3385 2406 3455 Apostolus
2454 3387 2756 3440 futurorum
2816 3388 3105 3445 bonorum.
3155 3388 3355 3443 Eadem
3404 3386 3566 3447 habe;

1993 3478 2181 3534 homil.
2231 3479 2395 3543 9.5m
2431 3481 2614 3544 Jasue,
2668 3497 2818 3537 num.
2869 3482 2943 3549 4,
2995 3497 3170 3551 eoque
3210 3485 3373 3538 refert
3422 3486 3565 3542 istud

1990 3567 2146 3623 Joan.
2193 3585 2305 3635 nv,
2356 3571 2427 3637 2,
2481 3588 2500 3622 ι
2563 3572 2619 3625 In
2675 3572 2834 3626 domo
2885 3572 3060 3626 Patris
3103 3572 3207 3627 mei
3257 3575 3566 3631 mansiones

1991 3663 2175 3718 multm
2213 3672 2363 3729 sunt,
2398 3682 2418 3716 ι
2450 3673 2505 3718 ct
2537 3679 2701 3734 super
2726 3665 2974 3719 civitates
3031 3664 3149 3719 illas
3175 3666 3430 3721 ctelestes
3468 3683 3568 3735 po-

1992 3765 2240 3811 testatem
2269 3755 2579 3811 habiturum
2623 3757 2898 3811 existimat
2942 3773 3160 3812 servum
3204 3758 3352 3813 illum
3397 3758 3563 3831 frugi,

1991 3847 2083 3917 qui
2119 3848 2465 3902 commissam
2499 3848 2599 3901 sibi
2649 3849 2932 3917 pecuniam
2971 3849 3173 3903 utiliter
3214 3852 3413 3920 posuit.
3454 3851 3565 3908 Has

1991 3953 2123 4007 ergo
2158 3940 2297 4005 inter
2332 3941 2635 3994 animarmn
2664 3943 2823 3996 sedes
2860 3956 2980 3996 eam
3017 3943 3422 4011 proportionem
3447 3954 3562 4000 sta.

1990 4030 2094 4085 tuit
2136 4041 2195 4085 et
2236 4032 2647 4086 similitudinem
2705 4033 2985 4102 Origenes,
3024 4044 3082 4088 ut
3110 4036 3408 4091 cmlestium
3445 4054 3565 4092 um~

1989 4127 2144 4177 brain
2190 4139 2311 4178 esse
2339 4134 2391 4178 et
2425 4125 2717 4193 imaginem
2751 4125 2878 4177 velit
2912 4137 3113 4180 terram
3147 4128 3306 4193 hanc,
3337 4142 3566 4197 quaeque

1990 4216 2042 4270 in
2098 4218 2259 4271 terris
2291 4227 2574 4285 geruntur,
2607 4217 2760 4283 juxta
2801 4219 3111 4285 Apostolum
3151 4218 3315 4274 llebr.
3352 4235 3470 4283 vui,
3502 4219 3557 4276 5.

1990 4307 2358 4363 Memorabilis
2392 4324 2520 4363 vero
2562 4323 2671 4377 prie
2706 4310 2920 4363 eat-teris
2956 4310 3043 4363 ille
3087 4309 3236 4364 locus
3270 4325 3430 4386 quem
3460 4312 3563 4373 lto-

1995 4400 2112 4455 mil.
2143 4401 2176 4454 5
2206 4402 2260 4453 in
2291 4401 2480 4473 psalm.
2529 4416 2715 4472 xxxvi,
2742 4402 3064 4475 reperimus,
3114 4410 3203 4462 ubi
3235 4410 3337 4463 hoc
3380 4411 3562 4480 expla-

1999 4510 2133 4549 nans
2164 4495 2350 4566 pSalmi
2382 4512 2567 4561 xxxvr,
2599 4498 2687 4561 54,
2723 4516 2741 4548 ι
2781 4497 2845 4550 Ει
2886 4500 3144 4552 exaltabit
3188 4511 3257 4568 te,
3290 4509 3346 4555 ut
3392 4503 3564 4558 luere-

1996 4589 2171 4642 ditate
2203 4590 2388 4656 capias
2422 4600 2646 4653 terram,
2690 4609 2710 4639 ν
2742 4600 2938 4643 terram
2972 4593 3108 4645 lianc
3142 4608 3264 4649 esse
3298 4594 3409 4648 vult
3438 4596 3563 4650 dor-

1995 4695 2113 4734 sum
2147 4678 2318 4749 ipsius
2369 4679 2694 4733 firmamenti
2727 4693 2739 4730 :
2794 4698 2813 4729 ι
2852 4680 3024 4747 Umle,
3056 4701 3073 4732 ι
3116 4684 3288 4754 inquit
3324 4702 3473 4739 num.
3504 4689 3558 4753 4,

2000 4790 2017 4822 ι
2046 4787 2146 4840 ego
2196 4772 2453 4834 arbitror,
2513 4773 2635 4841 quia
2684 4774 2822 4826 sicut
2856 4774 2975 4827 ρωιὶ
3028 4775 3215 4843 ipsius,
3255 4778 3304 4830 id
3352 4787 3434 4832 est
3467 4779 3560 4832 fir-

1993 4865 2252 4919 mamenti
2291 4862 2522 4918 inferius
2554 4864 2729 4918 solum
2775 4866 2923 4919 arida
2955 4867 3066 4921 lure
3095 4867 3146 4919 in
3184 4884 3287 4935 qua
3333 4886 3429 4923 nos
3469 4873 3563 4924 ha-

1986 4957 2265 5020 bitamus,
2318 4968 2458 5010 terra
2485 4956 2605 5021 ejus
2636 4957 2876 5024 dicitur;
2923 4959 2993 5013 ita
3044 4971 3100 5014 et
3132 4961 3272 5015 illius
3313 4962 3562 5030 superio-

1986 5049 2084 5112 ris,
2139 5049 2281 5116 quod
2326 5048 2697 5118 principaliter
2734 5051 2934 5105 dicitur
2987 5053 3214 5106 inferius
3261 5054 3457 5120 solum,
3506 5057 3565 5120 in

1987 5153 2096 5208 quo
2134 5139 2473 5193 habitatores
2521 5140 2595 5193 illi
2646 5142 2897 5196 cwlestes
2941 5153 3352 5209 conversantur,
3384 5157 3459 5212 et,
3504 5160 3562 5202 ut

1984 5232 2059 5287 ita
2101 5232 2297 5297 dicam,
2326 5235 2542 5288 dorsum
2576 5233 2752 5302 ipsum
2785 5236 3106 5289 firmamenti
3139 5235 3313 5305 huius,
3345 5241 3567 5305 merito,

1986 5331 2045 5378 ut
2098 5323 2235 5388 dixi,
2272 5333 2418 5378 terra
2475 5324 2618 5379 illius
2648 5326 2771 5381 caeli
2813 5342 2935 5381 esse
2972 5327 3205 5381 dicitur:
3263 5334 3355 5385 sed
3417 5340 3565 5389 terra

1993 5421 2157 5485 bona,
2202 5430 2349 5475 terra
2399 5430 2606 5488 sancta,
2656 5431 2796 5476 terra
2851 5421 3039 5486 multa,
3094 5431 3235 5475 terra
3289 5423 3564 5488 vivorum,

1988 5522 2135 5566 terra
2171 5510 2345 5566 fluens
2378 5512 2460 5566 lac
2486 5521 2541 5565 et
2571 5516 2695 5566 mel.
2734 5530 2753 5562 ι
2784 5511 2922 5565 Fuse
2952 5520 3119 5565 totum
3157 5513 3417 5567 doctrina:
3449 5529 3565 5567 sua:

1991 5613 2303 5658 contextum
2357 5604 2592 5672 explicat
2632 5605 2723 5658 lib.
2773 5617 2811 5656 ιι
2864 5602 3005 5671 Περὶ
3048 5603 3273 5673 ἀρχῶν,
3324 5620 3445 5676 cap.
3503 5604 3562 5671 '5,

1990 5713 2142 5752 num.
2182 5695 2238 5763 6,
2273 5696 2326 5763 7,
2368 5707 2530 5766 atque
2579 5711 2758 5751 rerum
2811 5698 3055 5753 omnium
3110 5698 3512 5754 universitatem
3543 5741 3560 5764 ,

1986 5786 2349 5854 infernarum,
2389 5798 2749 5855 terrenarum,
2780 5789 3105 5861 cmlestium,
3138 5799 3191 5847 et
3231 5804 3350 5861 quae
3398 5804 3560 5859 supra
