4068 6308
622 317 758 374 4019

1905 313 1963 368 P.
2011 312 2326 367 DANIELIS
2364 309 2596 368 HUETII

3697 313 3809 367 1020

621 441 823 499 caelum
859 451 1010 504 sunt,
1045 439 1282 510 generati
1328 439 1545 493 nomine
1579 437 1835 491 mundum
1867 437 1968 500 ait,
2007 435 2189 504 appel-
2219 445 2263 496 Α
2299 442 2402 499 tur,
2459 430 2765 501 temporalia
2820 438 2972 494 sunt;
3011 442 3131 498 quae
3181 436 3372 482 autem
3426 442 3528 482 non
3575 429 3809 502 videntur,

623 532 744 592 lari.
779 547 885 600 quo
935 529 1115 584 emteri
1167 527 1349 581 mundi
1403 527 1788 588 continentur;
1832 533 1887 577 et
1923 523 2185 592 quemad-

625 626 841 680 modum
886 623 1282 677 iirmamentnm
1315 629 1515 673 terram
1562 617 1704 670 hanc
1735 616 2039 684 capacitate
2089 628 2185 668 sua

626 714 1022 782 complectitur,
1066 713 1137 764 ita
1193 710 1462 776 sphaeram
1495 707 1781 776 quamdam
1825 707 2184 776 superiorem,

623 822 742 876 qua:
785 806 837 858 in
871 803 1169 873 Scripturis
1219 813 1361 855 terra
1418 800 1584 863 bona,
1621 806 1676 853 et
1710 807 1854 852 terra
1890 797 2184 850 viventium

627 900 951 960 nominatur,
1000 905 1056 950 et
1105 893 1329 950 mitibus
1376 907 1439 946 ac
1489 891 1786 945 mansuetis
1829 889 2185 958 promittitur,

625 1004 724 1042 suo
745 986 1038 1056 coostringi
1067 984 1227 1048 coelo,
1262 984 1313 1035 in
1359 995 1465 1050 quo
1510 991 1822 1034 sanctorum
1854 980 2068 1032 nomina
2096 979 2188 1032 de-

627 1083 831 1148 scripta
873 1090 1037 1143 sunt;
1081 1091 1146 1131 ex
1180 1077 1283 1130 hoc
1312 1085 1486 1128 autem
1519 1073 1680 1131 caelo.
1730 1089 1792 1126 ex
1823 1087 1992 1137 eaque
2021 1080 2186 1134 terra,

626 1183 785 1226 terrae.
827 1187 888 1225 ac
917 1171 1041 1225 coeli
1077 1167 1384 1223 nominibus
1429 1165 1621 1219 all'ecta
1658 1165 1824 1217 fuisse
1871 1163 2184 1216 ﬁrmamen-

629 1273 739 1316 tum
786 1270 840 1316 et
887 1261 1124 1324 aridam;
1177 1257 1426 1326 aliudque
1479 1269 1598 1309 esse
1647 1253 1842 1308 coelum
1899 1263 1952 1308 et
1988 1265 2185 1308 terram

626 1369 746 1422 quae
795 1352 947 1406 initio
989 1366 1019 1404 a
1069 1350 1173 1404 Deo
1218 1358 1396 1402 creata
1452 1354 1608 1410 sunt,
1668 1361 1732 1399 ac
1789 1345 2187 1398 [irritamentum

629 1445 772 1515 quod
801 1445 886 1498 die
919 1443 1156 1498 secundo
1180 1440 1451 1496 conditum
1488 1438 1722 1493 dicitur:
1756 1438 2011 1490 mundum
2046 1437 2190 1492 hunc

629 1549 807 1592 autem
849 1535 1208 1604 superiorem,
1253 1547 1374 1586 etim
1409 1545 1553 1594 esse,
1587 1529 1725 1582 unde
1768 1528 1995 1582 missum
2026 1543 2084 1582 se
2117 1528 2190 1581 si-

627 1623 847 1694 gnificat
880 1623 1125 1677 Christus
1171 1621 1354 1674 dicens
1382 1619 1539 1674 Joan.
1571 1633 1688 1681 vm,
1715 1617 1822 1670 25:
1859 1636 1877 1668 ‹
1929 1616 2041 1685 Ego
2084 1634 2188 1672 non

628 1731 745 1770 sunt
775 1715 840 1768 de
871 1715 970 1767 hoc
1002 1711 1220 1774 mundo,
1254 1728 1273 1762 ι
1308 1709 1640 1778 corruptioni
1673 1707 1981 1776 neutiquam
2012 1706 2188 1775 ipsum

2295 539 2493 582 aeterna
2527 535 2671 580 διιηῑ.
2705 543 2722 575 ι

2367 619 2482 674 XII.
2517 618 2596 672 Ad
2627 618 2933 687 paradisum
2981 613 3122 684 quod
3173 613 3402 676 attinet,
3453 626 3482 664 a
3526 627 3717 666 smnmo
3745 616 3812 670 illo

2295 720 2350 766 et
2378 725 2633 779 supremo
2662 710 2799 764 cmlo
2845 721 2968 762 eum
3012 704 3373 758 Adamantius
3409 702 3677 765 distinxit,
3705 715 3749 758 et
3775 707 3814 761 iu

2294 813 2444 859 certo
2475 803 2656 871 aliquo
2683 811 2840 856 terra:
2882 800 2998 856 loco
3024 797 3341 861 collocavit;
3391 811 3512 850 eum
3555 807 3816 856 terrestrem

2294 894 2602 949 eeontrario
2656 893 2999 962 paradisum,
3027 906 3184 958 quem
3231 889 3288 943 in
3329 896 3478 942 terra
3508 888 3658 941 situm
3685 888 3816 946 fuisse

2296 985 2662 1041 certissimum
2704 995 2808 1048 est,
2842 983 3126 1054 allegorice
3159 995 3446 1050 exponens
3477 994 3629 1047 supra
3658 982 3816 1037 cmlum

2298 1078 2656 1143 constituerit,
2696 1085 2754 1130 ιιι
2797 1079 3167 1130 ostendemus.
3221 1073 3303 1126 Ac
3344 1073 3414 1127 de
3465 1074 3635 1141 priore
3682 1077 3818 1128 mani-

2297 1169 2494 1224 festutn
2518 1178 2600 1223 est
2631 1168 2994 1222 testimonium
3021 1166 3116 1220 lib.
3145 1181 3180 1218 ll
3209 1164 3355 1232 Περὶ
3383 1163 3603 1233 ἀρχῶν,
3627 1179 3729 1234 cap.
3753 1167 3817 1233 ll,

2297 1277 2424 1316 num
2463 1261 2537 1314 6:
2592 1279 2610 1312 ι
2649 1259 2786 1314 Ριιιο
2811 1259 2975 1323 enim,
3007 1258 3202 1327 inquit,
3240 1256 3390 1324 quod
3442 1257 3610 1310 sancti
3659 1259 3819 1325 quique

2298 1352 2637 1408 discedentes
2663 1352 2731 1405 de
2757 1351 2859 1404 hac
2888 1351 3001 1404 vita
3032 1348 3436 1418 permanebunt
3467 1347 3519 1400 in
3551 1346 3660 1401 loco
3676 1349 3818 1418 aliquo

2296 1444 2352 1499 in
2388 1455 2527 1499 terra
2561 1444 2754 1512 posito,
2784 1458 2942 1513 quem
2969 1442 3282 1512 paradisum
3311 1440 3451 1494 dicit
3479 1439 3729 1508 Scriptura
3757 1445 3820 1496 di-

2283 1539 2455 1600 vina,
2511 1535 2656 1589 velut
2706 1536 2757 1588 in
2803 1534 3034 1604 quodam
3083 1531 3415 1586 eruditionis
3459 1531 3597 1585 loco.
3631 1550 3649 1583 ι
3681 1533 3817 1602 Atque

2298 1628 2438 1682 hanc
2470 1628 2699 1696 primam
2725 1639 2843 1680 esse
2877 1625 2987 1677 vult
3017 1624 3382 1686 mansionem,
3423 1622 3476 1675 iu
3505 1637 3605 1690 qua
3635 1637 3818 1689 corpore

2297 1730 2555 1774 exeuntes
2605 1718 2798 1772 animae
2861 1716 3092 1770 terrenis
3154 1715 3417 1770 sordibus
3466 1725 3814 1782 expurgantur;

630 1823 753 1861 esse
797 1804 1116 1867 obnoxium,
1170 1816 1269 1856 nec
1315 1801 1489 1855 oculis
1535 1799 1938 1869 aspectabilem,
1993 1799 2192 1852 sanctis

2293 1826 2454 1880 quam
2486 1820 2540 1864 et
2569 1811 2710 1864 idem
2753 1823 2878 1863 esse
2908 1807 3022 1860 vult
3053 1823 3116 1862 ac
3166 1808 3351 1860 sinum
3408 1804 3646 1859 Abrahae.
3677 1823 3692 1856 ι
3735 1806 3816 1860 Sed

631 1908 809 1951 autem
855 1905 910 1949 et
959 1893 1215 1964 perfectis
1252 1891 1432 1946 sedem
1477 1893 1617 1944 hanc
1673 1905 1795 1944 esse
1845 1889 2189 1953 destinatam,

630 1998 688 2042 et
718 1996 918 2040 terram
945 1986 1159 2056 quidem
1206 1983 1389 2037 mttndi
1424 1983 1564 2037 illius
1609 1981 1678 2036 iis
1700 1982 1790 2051 qui
1823 1980 2195 2049 castigationi-

633 2079 734 2132 bus
793 2086 847 2130 et
897 2074 1370 2130 emendationibus
1432 2072 1658 2127 fuerunt
1707 2071 2028 2141 expurgati,
2073 2070 2194 2126 aliis

631 2185 761 2224 vero
800 2169 1019 2234 crelum,
1065 2167 1155 2236 qui
1201 2167 1327 2221 dum
1363 2165 1416 2219 in
1448 2164 1608 2218 terris
1638 2175 1862 2233 agerent
1918 2163 2010 2217 Dei
2045 2179 2196 2218 man-

633 2264 775 2317 datis
799 2262 1269 2331 obtemperarunt,
1299 2259 1391 2313 sed
1423 2258 1494 2312 ita
1529 2266 1707 2312 tamen
1738 2266 1796 2312 ut
1839 2257 1906 2312 ab
1939 2256 2027 2310 illa
2055 2265 2195 2310 terra

633 2354 699 2407 ad
745 2352 941 2406 coelum
982 2364 1292 2420 supremum
1326 2350 1582 2403 transitus
1631 2357 1830 2416 pateat.
1883 2347 2197 2402 Consimilia

632 2453 761 2500 sunt
793 2458 913 2513 quas
938 2443 1210 2497 habentur
1237 2440 1482 2510 ejusdem
1529 2439 1650 2493 libri
1693 2455 1812 2508 cap.
1843 2438 1897 2504 9,
1945 2455 2096 2493 num.
2139 2440 2194 2506 3,

632 2546 689 2590 et
726 2551 847 2604 qua:
875 2533 1053 2603 capite
1092 2542 1364 2602 postremo
1413 2531 1533 2586 libri
1578 2546 1662 2598 ιη,
1717 2547 1865 2584 num.
1909 2531 1964 2595 8,
1999 2532 2054 2595 9,
2107 2530 2198 2585 ubi

632 2636 689 2680 et
717 2625 846 2680 illud
891 2623 1101 2691 adjicit,
1136 2637 1317 2676 rerum
1356 2621 1580 2674 istarum
1613 2619 1938 2682 caelestium,
1967 2637 2088 2689 quin
2117 2622 2199 2674 in-

637 2715 900 2769 feriorum
945 2715 1200 2768 harumce
1251 2722 1432 2782 typum
1483 2722 1697 2780 gerunt,
1747 2712 1979 2766 formam
2031 2710 2198 2782 Moysi

635 2807 689 2862 itt
751 2815 932 2861 monte
976 2805 1143 2859 fuisse
1184 2813 1578 2868 monstratam;
1640 2804 1706 2856 ad
1753 2805 1975 2873 ejusque
2017 2817 2201 2856 exem-

632 2898 780 2969 plum
803 2897 1197 2952 tabernaculiet
1221 2896 1614 2950 sacriﬁciorum
1640 2897 1998 2949 instrumenta
2027 2896 2197 2963 ipsum

633 3002 997 3059 comparasse,
1031 2988 1320 3042 secundum
1351 2997 1680 3056 praeceptum
1720 2988 1847 3041 illud
1883 2987 1976 3041 Dei
2029 2986 2198 3040 Exod.

637 3096 773 3147 xxv,
836 3079 944 3134 4ος
992 3097 1012 3129 ι
1067 3078 1276 3147 Inspice
1333 3089 1387 3133 et
1442 3078 1526 3134 fac
1573 3081 1868 3134 secundum
1928 3080 2201 3148 exemplar

2294 1911 2347 1953 ct
2377 1900 2520 1953 illam
2549 1899 2794 1969 ﬁguram,
2832 1917 2850 1950 ι
2889 1897 3065 1968 inquit
3098 1896 3287 1950 homil.
3316 1895 3390 1948 9.6
3418 1896 3472 1948 in
3499 1893 3671 1958 Νιιιη..
3699 1912 3814 1949 tutm.

2293 1992 2348 2057 4,
2393 2010 2411 2042 ι
2448 2005 2569 2044 esse
2600 1990 2835 2043 diximus
2880 1988 3111 2042 exeundi
3141 1987 3210 2041 de
3244 1985 3510 2056 :Egypto,
3542 2003 3653 2038 eum
3691 1988 3816 2041 relin-

2297 2084 2413 2151 quit
2443 2081 2625 2134 aninta
2665 2080 2846 2134 mundi
2898 2079 3055 2147 hujus
3088 2082 3372 2145 tenebras,
3409 2089 3472 2131 ac
3509 2089 3694 2131 natura:
3721 2096 3813 2133 ror-

2299 2187 2471 2242 poreaa
2499 2172 2822 2231 etecitatem,
2849 2179 2903 2223 et
2948 2170 3275 2223 transfertur
3305 2170 3374 2222 ad
3412 2171 3556 2222 aliud
3590 2174 3815 2234 saecularia,

2296 2259 2438 2329 quod
2475 2259 2555 2313 vel
2597 2259 2748 2313 sinus
2792 2258 3044 2322 Abralm,
3091 2271 3148 2311 ut
3187 2259 3240 2310 in
3286 2257 3534 2324 Lazaro;
3579 2259 3654 2313 vel
3699 2275 3816 2328 para-

2298 2351 2470 2413 disus,
2512 2360 2567 2403 ut
2601 2351 2651 2403 in
2693 2349 2901 2404 latrone
2932 2351 3022 2418 qui
3057 2350 3122 2403 de
3153 2364 3322 2404 cruce
3375 2350 3631 2411 credidit,
3663 2351 3816 2404 iudica-

2300 2451 2405 2494 tur.
2449 2460 2467 2492 ›
2503 2441 2794 2508 Aliquibus
2827 2441 2990 2495 etiam
3040 2442 3358 2510 paradisum
3405 2439 3702 2495 diil‘erentiis
3738 2442 3817 2494 dia-

2299 2533 2550 2586 criminat
2600 2532 2790 2586 homil.
2823 2533 2890 2587 15
2932 2532 2985 2586 in
3021 2531 3238 2594 Exuit”
3279 2547 3435 2585 nutn.
3463 2531 3518 2595 2,
3568 2547 3678 2601 pag.
3719 2531 3814 2592 405,

2300 2624 2427 2691 404,
2462 2635 2520 2677 ut
2555 2624 2695 2678 alter
2725 2625 2798 2679 sit
2830 2625 3138 2693 paradisus,
3173 2624 3322 2678 alter
3359 2623 3662 2678 deliciarum
3695 2638 3814 2692 para-

2299 2716 2473 2770 disus.
2501 2717 2680 2787 Atque
2702 2718 2846 2772 hunc
2864 2717 3178 2772 deliciarum
3203 2718 3537 2786 paradisum,
3559 2731 3667 2770 cum
3688 2716 3814 2779 Etleo,

2301 2807 2402 2862 hoc
2427 2817 2529 2874 est,
2567 2810 2807 2863 terrestri
2837 2811 3086 2878 paradiso
3115 2809 3407 2863 confundit
3444 2808 3538 2863 lib.
3573 2824 3611 2871 t,
3639 2810 3686 2860 in
3710 2806 3813 2860 Cau-

2302 2901 2416 2962 tic.,
2449 2914 2568 2967 pag.
2597 2899 2707 2965 42;
2744 2901 2821 2953 ait
2848 2901 3029 2954 enim:
3065 2919 3083 2952 t
3121 2901 3221 2967 Qui
3260 2912 3446 2954 autem
3484 2901 3662 2968 dignus
3693 2898 3814 2953 luerit

2303 2991 2482 3044 redire
2507 3000 2710 3044 etesse
2742 3005 2865 3044 cum
2905 2990 3146 3057 Christo,
3179 2991 3388 3061 quique
3418 2991 3470 3043 in
3502 3005 3655 3058 parvo
3684 2989 3812 3040 titlelis

2305 3081 2552 3134 inventus
2582 3081 2951 3135 constituetur
2983 3096 3146 3151 super
3179 3085 3374 3145 multa,
3415 3080 3501 3133 ille
3529 3078 3750 3148 gustabit,
3775 3087 3814 3131 et

637 3174 780 3244 quod
819 3173 912 3227 tibi
993 3172 1045 3226 in
1099 3179 1280 3226 mOute
1341 3179 1694 3225 monstratum
1769 3179 1870 3226 est.
1922 3190 1941 3222 ι
2008 3158 2277 3238 AdjicitC
2307 3171 2484 3242 capiet
2534 3171 2868 3240 voluptatem
2927 3171 3178 3237 Domini,
3229 3173 3524 3240 perductus
3577 3169 3636 3221 ad
3679 3168 3811 3220 locum

636 3265 797 3318 etiam
845 3264 898 3317 itt
939 3277 1149 3317 summo
1202 3261 1293 3317 illo
1339 3261 1478 3316 cmlo
1532 3260 1768 3315 futurum
1818 3262 1946 3316 illud
1993 3281 2012 3312 ι
2061 3264 2203 3333 quod

637 3363 898 3406 aeternum
929 3351 1126 3406 dicitur
1152 3350 1500 3420 Evangelium
1535 3361 1589 3405 et
1638 3348 2040 3404 Testamentum
2073 3365 2209 3406 sem-

639 3460 737 3515 per
764 3443 1144 3513 novutu,quod
1183 3458 1455 3513 nunquam
1498 3451 1840 3497 veterascet:
1879 3461 1898 3496 ι
1931 3444 1984 3498 in
2034 3459 2208 3513 eaque

641 3539 851 3608 piorum
881 3548 1024 3592 terra
1051 3537 1316 3592 eruditum
1345 3537 1408 3590 iri
1437 3537 1505 3592 ab
1537 3539 1742 3606 angelis
1767 3538 1997 3600 animas,
2019 3553 2209 3607 quem-

640 3630 924 3686 admodum
957 3640 1012 3684 et
1043 3630 1093 3683 in
1135 3629 1579 3684 commemoratis
1615 3645 1776 3698 supra
1809 3631 2203 3699 mansionibus,

638 3720 810 3775 donec
846 3734 1154 3788 supremum
1187 3718 1394 3787 adeptis
1421 3717 1616 3774 ctelum
1651 3720 1721 3773 sit
1752 3718 1894 3780 Deus
1931 3721 2112 3775 omnia
2151 3724 2203 3776 in

640 3811 912 3867 omnibus.
946 3809 1055 3864 Nec
1088 3811 1155 3863 ab
1195 3810 1277 3863 his
1315 3810 1522 3864 abludit
1561 3810 1749 3866 bomil.
1817 3813 1841 3865 1
1901 3813 1957 3866 in
1996 3810 2206 3881 Genet,

644 3917 792 3958 num.
826 3901 883 3964 2,
916 3917 1037 3956 cum
1072 3900 1263 3955 scribit
1295 3901 1492 3956 cmlum
1538 3900 1668 3955 illud
1700 3918 2009 3972 supremum
2052 3914 2105 3958 et
2129 3905 2209 3958 in-

646 4007 1004 4061 corporeum,
1051 3993 1194 4060 quod
1244 3994 1338 4047 Dei
1387 3995 1544 4048 sedes
1593 4002 1708 4057 est,
1755 3995 1988 4062 primum
2035 4010 2063 4048 a
2101 3997 2208 4050 Deo

645 4085 922 4140 conditum
947 4124 964 4148 ,
1009 4085 1202 4140 deinde
1229 4101 1547 4154 corporeum
1579 4087 1798 4151 cmlum,
1852 4087 1956 4142 hoc
1996 4097 2079 4142 est
2117 4088 2210 4142 ﬁr-

645 4183 1022 4231 mamentum:
1074 4191 1197 4230 nam
1243 4177 1619 4245 incorporeum
1664 4177 1918 4246 appellat,
1955 4189 2014 4232 ut
2049 4194 2208 4247 supra

644 4267 1007 4333 ostendimus,
1031 4268 1172 4336 quod
1202 4277 1421 4336 propter
1457 4267 1716 4322 eximiam
1760 4269 2072 4324 tenuitatem
2110 4270 2210 4323 sub

644 4374 839 4414 sensus
883 4373 987 4413 non
1031 4359 1194 4413 cadit.
1236 4358 1363 4413 Item
1399 4359 1576 4428 capite
1601 4357 1790 4412 ultimo
1831 4359 1955 4414 libri
1999 4375 2037 4416 tt
2066 4359 2207 4427 Περὶ

643 4449 865 4520 ἀρχῶν,
892 4467 1037 4505 num.
1079 4450 1136 4514 6,
1165 4461 1445 4520 postquam
1479 4458 1694 4504 sanctos
1720 4465 1784 4504 ex
1819 4450 1920 4505 hac
1961 4451 2070 4504 vita
2097 4452 2208 4505 dis-

652 4537 907 4590 cedentes
952 4537 1004 4590 in
1035 4539 1322 4607 quemdam
1353 4547 1510 4592 terra:
1546 4539 1704 4609 hujus
1738 4539 1913 4593 locum
1946 4539 2208 4593 deveutu-

647 4640 734 4682 ros
766 4625 924 4690 dixit,
950 4629 1039 4695 qui
1061 4631 1341 4697 paradisus
1371 4627 1689 4698 appellatur,
1721 4628 1844 4682 inde
1877 4629 2019 4683 aeris
2050 4644 2206 4681 man-

643 4717 891 4772 sionibus
929 4732 996 4772 ac
1032 4719 1344 4775 coelestibus
1386 4720 1706 4789 transgressi
1739 4721 1805 4774 ad
1851 4734 1913 4774 ea
1941 4734 2062 4790 quae
2099 4735 2204 4776 non

643 4812 917 4879 videntur,
963 4823 1018 4867 et
1057 4829 1177 4882 qua:
1227 4815 1447 4870 nomine
1490 4816 1754 4871 duntaxat
1798 4814 1950 4870 nobis
1990 4813 2205 4883 cognita

642 4911 790 4967 sunt,
820 4902 1050 4958 alIirmat
1088 4919 1430 4960 ascensurus.
1476 4904 1613 4962 Hinc
1650 4907 1790 4961 libro
1829 4921 1901 4959 vn
1932 4906 1989 4959 in
2031 4903 2200 4972 Epist.

640 5003 712 5052 ad
748 4999 921 5065 Rom.,
964 5015 1112 5054 num.
1149 4999 1202 5064 5,
1243 5015 1362 5069 pag.
1397 4999 1521 5067 600,
1557 5016 1621 5056 ea
1669 5016 1788 5070 quae
1836 4999 2008 5056 oculis
2045 5014 2205 5054 usur-

603 5086 606 5090 ’
644 5103 860 5156 pantur,
897 5092 1104 5146 aridam
1142 5092 1394 5145 nimirum
1441 5093 1520 5145 vel
1562 5095 1959 5148 ﬁrmamentum
1997 5091 2205 5160 sperari

644 5192 809 5249 vetat,
853 5184 946 5238 sed
972 5199 1090 5254 qua:
1122 5185 1176 5238 in
1220 5183 1406 5238 oculos
1439 5197 1546 5236 non
1579 5185 1890 5250 incurrunt,
1926 5194 1980 5238 et
2004 5193 2207 5238 mterna

644 5279 793 5336 sunt,
833 5289 1024 5342 nempe
1072 5273 1302 5329 caelum:
1343 5292 1360 5325 t
1406 5273 1516 5327 lmo
1558 5274 1733 5343 potius
1760 5314 1776 5340 ,
1803 5275 2000 5343 inquit,
2042 5271 2208 5328 caelos

646 5366 817 5420 multo
854 5367 1237 5420 entineutiores
1278 5373 1335 5419 et
1371 5364 1701 5421 excelsiores
1747 5381 1909 5436 quam
1956 5377 2040 5421 est
2082 5365 2210 5419 illud

646 5463 1044 5509 armamentum
1081 5458 1224 5525 quod
1275 5456 1444 5510 videri
1481 5456 1653 5511 oculis
1701 5465 1900 5525 potest,
1955 5474 1974 5508 ι
2018 5464 2073 5511 et
2110 5463 2214 5511 ter-

645 5564 756 5603 ram
818 5550 1116 5603 mansuetis
1167 5549 1533 5618 assignatam,
1589 5549 1833 5604 edicente
1876 5546 2132 5617 Apostolo
2172 5546 2214 5600 ll

647 5640 773 5694 Cor.
805 5656 880 5706 tv,
912 5640 1014 5696 18:
1055 5658 1073 5692 σ
1108 5638 1223 5694 Non
1262 5639 1758 5711 contemplantibus
1789 5640 1947 5695 nobis
1975 5652 2094 5707 quae
2138 5636 2216 5690 vi-

646 5731 860 5796 dentur,
901 5733 992 5788 sed
1036 5748 1153 5800 qua:
1207 5749 1313 5788 non
1358 5736 1636 5790 videnlur:
1683 5748 1801 5803 qua:
1849 5731 1992 5786 enim
2033 5731 2217 5786 viden-

2235 4501 2284 4560 Ι)

2305 3265 2614 3333 quemdam,
2642 3265 2732 3334 qui
2765 3280 2862 3334 pro
2891 3263 3193 3332 hujusntodi
3219 3264 3465 3318 ciborum
3498 3263 3663 3331 cepiis
3679 3270 3724 3314 et
3747 3274 3811 3310 va-

2305 3357 2620 3420 rietatibus,
2674 3357 2987 3411 deliciarum
3045 3356 3360 3410 nominatur
3416 3357 3578 3410 locus.
3639 3353 3813 3419 l‘rttpter

2305 3449 2447 3515 quod
2482 3456 2536 3501 et
2575 3449 2630 3501 in
2669 3447 2813 3501 Eden
2853 3447 3061 3516 positus
3093 3446 3314 3508 dicitur,
3351 3447 3494 3516 quod
3538 3444 3729 3500 delicias
3753 3443 3812 3494 itt-

2306 3541 2471 3592 dicat.
2505 3558 2524 3590 ›
2559 3539 2677 3606 Quo
2719 3538 2788 3593 de
2836 3540 3076 3594 terrestri
3119 3540 3374 3610 paradiso
3421 3540 3545 3609 quid
3594 3535 3810 3595 senserit.

2307 3628 2444 3682 infra
2475 3629 2901 3699 explorabimus.

2377 3719 2513 3776 Xlll.
2556 3721 2758 3776 Hausta
2800 3733 2926 3778 sunt
2969 3730 3023 3777 et
3073 3722 3160 3777 illa
3208 3724 3323 3778 εει-θ
3365 3737 3398 3778 e
3429 3719 3655 3775 Platonis
3694 3713 3812 3769 t'onti-

2306 3813 2446 3868 bus:
2483 3829 2607 3867 nam
2649 3814 3033 3868 beatitudinem
3069 3819 3122 3868 in
3163 3813 3254 3869 Dei
3307 3812 3649 3869 similitudine
3690 3806 3810 3860 sitam

2308 3903 2399 3958 ille
2428 3903 2616 3958 voluit.
2649 3903 2839 3960 Testes
2875 3903 3122 3959 Laertius
3154 3905 3207 3958 iu
3252 3904 3501 3968 Platone,
3528 3913 3582 3956 et
3619 3899 3812 3952 Clemens

2307 3996 2701 4052 Alexandrinus
2741 3997 2940 4052 Strom.
2977 3997 3071 4052 lib.
3113 4012 3174 4062 tt,
3201 3998 3291 4065 qui
3320 4007 3375 4052 et
3402 3998 3454 4052 in
3485 3995 3657 4049 eadem
3687 3987 3812 4042 luisse

2311 4085 2525 4142 Stoicos
2556 4089 2825 4142 sententia
2856 4090 3192 4143 demonstrat
3212 4129 3227 4151 ,
3273 4096 3332 4141 et
3372 4088 3656 4141 Abammon
3685 4075 3812 4143 Egy-

2294 4172 2456 4247 ptius
2488 4177 2540 4232 in
2561 4177 2914 4246 responsione
2962 4180 3028 4231 ad
3072 4177 3352 4247 epistolam
3371 4171 3657 4244 Porphyrii.
3693 4166 3808 4219 Plato

2311 4274 2571 4336 praeterea
2605 4267 2659 4320 in
2708 4264 2995 4330 Phaedone,
3045 4276 3328 4336 postquam
3378 4262 3569 4319 inferni
3614 4268 3813 4326 topogra-

2312 4361 2498 4429 phiam
2525 4359 2836 4428 descripsit,
2869 4368 3056 4412 narrat
3087 4359 3316 4425 animas,
3351 4373 3468 4428 quas
3497 4354 3725 4408 virtutem
3751 4349 3809 4398 in.-

2315 4463 2395 4507 ter
2425 4460 2480 4507 et
2512 4452 2704 4506 vitium
2736 4452 2964 4506 mediam
3021 4459 3310 4506 tenuerunt
3341 4451 3505 4512 viam,
3551 4453 3661 4514 post
3690 4441 3810 4493 latam

2312 4547 2376 4599 de
2415 4557 2474 4598 se
2525 4543 2848 4597 sententiam
2888 4544 2954 4596 ad
3000 4542 3362 4596 Acherontem
3411 4539 3680 4602 profectas,
3713 4543 3811 4584 con-

2322 4635 2534 4691 scensis
2561 4635 2826 4689 vehiculis
2857 4636 2922 4688 ad
2949 4635 3366 4689 Acherusiadem
3396 4631 3629 4702 paludem
3655 4627 3806 4691 depor-

2319 4726 2446 4790 tari,
2475 4725 2811 4794 expiatisque
2840 4724 2949 4778 illic
2975 4739 3071 4793 per
3101 4724 3361 4792 supplicia
3390 4719 3668 4776 sceleribus
3692 4709 3808 4771 solvi,

2312 4825 2367 4870 et
2399 4815 2618 4886 praemia
2651 4817 2872 4870 tandem
2921 4829 3098 4868 rerum
3150 4815 3287 4868 bene
3332 4823 3595 4882 gestarum
3632 4802 3809 4859 referre,

2310 4918 2365 4962 cl.
2391 4908 2457 4961 ad
2503 4906 2819 4960 animalium
2854 4906 3018 4960 etiam
3059 4905 3456 4973 generationem
3489 4903 3806 4961 nonnunquam

2311 5001 2558 5056 remitti:
2593 5015 2715 5069 qua:
2757 5014 2884 5054 vero
2937 4997 3330 5052 insanabilibus
3372 5010 3487 5050 sese
3537 4984 3808 5045 facineriblls

2314 5093 2622 5162 alligaruut,
2661 5091 2714 5144 in
2748 5089 3034 5144 Tartarum
3091 5091 3296 5160 absque
3340 5088 3444 5142 ulla
3480 5079 3631 5138 futuri
3675 5074 3805 5129 exitus

2313 5199 2408 5253 spe
2453 5183 2816 5252 praecipitari:
2876 5189 2932 5234 at
2983 5195 3210 5248 quorum
3259 5178 3479 5234 crimina
3521 5167 3683 5226 sanari
3717 5175 3805 5230 νοε-

2316 5284 2463 5340 sunt,
2507 5274 2694 5344 projici
2729 5281 2782 5327 et
2837 5272 2956 5328 illas
3008 5274 3060 5326 in
3109 5273 3431 5333 Tartarum,
3471 5263 3559 5319 sed
3589 5261 3804 5344 trattsttt'l0

2320 5366 2430 5421 illic
2467 5343 2613 5418 anno
2633 5403 2648 5428 ,
2692 5361 2858 5417 ﬂuctu
2895 5361 3022 5416 inde
3077 5363 3220 5432 ejici,
3261 5371 3314 5415 et
3351 5359 3416 5414 ad
3449 5343 3803 5434 Aclterusiatlel‘"

2322 5455 2546 5519 revolvi,
2581 5466 2681 5506 nec
2710 5461 2834 5505 ante
2881 5449 3126 5512 liberari,
3168 5462 3324 5516 quant
3373 5458 3462 5498 eos
3503 5429 3802 5494 exoraverit".

2322 5561 2456 5615 quos
2503 5545 2697 5612 injuria
2737 5541 2822 5595 vel
2857 5550 3032 5598 morte
3065 5539 3392 5594 affecerunt:
3427 5548 3537 5604 qua:
3560 5535 3718 5615 putat“
3739 5526 3803 5615 ²¹¹ξ

2326 5611 2431 5691 tetu
2483 5611 2851 5688 etiinsontetn
2902 5635 3170 5688 duxerunt
3219 5629 3423 5693 vitam,
3466 5637 3561 5676 eas-
3595 5611 3804 5680 τοκίοηθίυ

2324 5728 2614 5797 quamdam
2661 5725 3016 5794 superiorem,
3065 5733 3117 5777 et
3152 5720 3358 5777 deliciis
3392 5713 3687 5774 abluentem,
3721 5699 3800 5760 ίίυἐξ
