4068 6308
274 386 404 445 ίυῖι

1088 385 1655 444 ΟΡῷϐΕΝΙΑΝΟῙῖιυΜ
1696 388 1823 443 LIB.
1866 388 1931 453 ll,
1971 388 2121 445 CAP.
2160 389 2224 453 Il,
2263 389 2535 456 ΟυίΕΞΤ.
2575 389 2667 446 XI.

3362 392 3494 446 1022

276 522 435 565 terrae
482 512 888 582 supereminet,
942 511 1271 573 ascendere;
1328 512 1720 581 tromtullasquc
1771 528 1835 568 ex
1865 513 2135 575 Aaui'mze
2173 507 2386 582 quidem
2440 514 2718 577 fuerimus,
2770 513 2862 565 sed
2916 527 3066 565 mens
3097 520 3149 565 et
3189 525 3380 565 sensus
3428 511 3495 565 ad

276 602 341 654 iis
375 601 730 671 philoSophiat
775 602 1054 673 prteceptis
1098 602 1371 655 institutas
1403 618 1660 673 corporea
1695 604 1835 660 mole

273 689 491 745 liberari
529 693 762 761 penitus,
813 692 954 745 etin
1004 691 1300 746 ammuiora
1350 691 1466 746 loca
1515 696 1834 750 concedere.

274 779 551 853 Przccipnc
606 785 896 839 notandum
945 784 1092 837 venit
1142 784 1273 837 illud
1326 784 1518 837 Plotini
1572 785 1713 840 Enn.
1752 801 1834 848 nt,

275 874 369 930 lib.
411 889 482 937 tv,
520 889 637 944 cap.
680 874 735 939 6,
773 888 881 943 quo
933 874 1233 928 animarum
1283 875 1346 928 ad
1394 875 1667 941 superiora
1712 890 1837 943 pro-

273 980 586 1033 gressarum
617 965 900 1019 nonnullas
924 976 1197 1019 asseverat
1223 967 1276 1018 iu
1311 964 1492 1020 seusili
1519 967 1621 1020 hoc
1641 966 1838 1021 mundo

274 1061 445 1111 vitam
505 1072 686 1127 agere,
732 1056 866 1110 alias
899 1068 1052 1111 extra
1096 1057 1242 1111 hunc
1286 1058 1577 1111 mundum:
1625 1072 1742 1127 qua:
1784 1058 1839 1112 in

275 1149 462 1203 seusili
496 1150 694 1202 mundo
729 1149 967 1217 degunt,
1013 1148 1147 1201 alias
1178 1162 1344 1217 penes
1384 1147 1577 1211 solem,
1624 1147 1708 1202 vel
1739 1148 1843 1201 ali-

276 1256 438 1310 quem
464 1240 753 1309 plauetam,
786 1240 922 1294 alias
956 1243 1006 1292 ln
1036 1241 1374 1292 ﬁrmamento
1402 1253 1571 1293 aevum
1613 1239 1838 1309 agitare,

278 1346 713 1401 nuamquamque
764 1347 860 1401 pro
912 1333 1137 1386 meritis.
1198 1332 1507 1387 Dictaverat
1557 1346 1687 1386 vero
1730 1332 1841 1401 jam

276 1435 405 1477 ante
435 1424 787 1493 Pythagoras,
829 1431 887 1476 ut
935 1423 1102 1477 refert
1138 1423 1384 1477 Laertius
1425 1423 1477 1477 in
1512 1421 1839 1493 Pythagora,

276 1512 418 1570 εἶναι
447 1518 623 1570 πάντα
655 1517 745 1569 τὸν
773 1515 910 1586 ἀέρα
940 1515 1125 1585 ψυχῶν
1158 1515 1428 1586 ἔμπλεων,
1464 1532 1483 1565 t
1517 1529 1694 1568 aerem
1727 1531 1842 1568 om-

278 1623 403 1661 nem
435 1608 632 1660 animis
665 1609 883 1674 plenum
918 1620 1058 1660 esse.
1110 1624 1129 1657 ›
1164 1606 1339 1674 Atque
1382 1606 1493 1659 haec
1524 1604 1841 1672 interpolata

277 1693 540 1760 Origenes
607 1692 672 1746 ad
754 1690 1049 1762 Scriptura:
1114 1707 1283 1748 sacra:
1350 1693 1508 1748 elfata
1572 1703 1845 1764 utcunque

278 1784 503 1854 aptavit.

1938 603 2233 672 perfectura
2266 604 2507 677 veniens.
2541 604 2794 673 nulloque
2825 603 3281 672 perturbationum
3314 602 3497 657 nubilo

1939 695 2194 764 caligatis,
2228 696 2526 749 intuebitur
2554 695 2848 764 (legendum
2878 695 3118 760 fortasse,
3148 694 3494 762 intuebimur)

1943 785 2311 849 rationabiles,
2367 784 2838 853 intelligibilesque
2872 783 3200 837 substantias
3245 783 3379 837 facie
3429 785 3494 837 ad

1942 878 2155 933 faciem.
2204 897 2223 929 ι
2272 877 2395 947 Legi
2432 878 2589 930 velim
2634 885 2689 930 et
2750 885 3000 944 quartum
3047 874 3285 939 ejusdem
3338 883 3497 943 caput

1941 970 2201 1039 epistolte,
2235 984 2341 1038 quo
2371 968 2572 1022 dixisse
2603 968 2890 1037 Origenem
2926 965 3103 1034 prodit
3140 964 3496 1034 Hieronymus

1943 1064 2201 1115 adversus
2244 1062 2451 1114 animas
2482 1062 2531 1114 in
2570 1075 2750 1114 rerum
2788 1058 2892 1112 line
2924 1056 2989 1110 ad
3035 1057 3309 1111 caelestem
3338 1055 3497 1109 Jeru-

1940 1151 2106 1205 salem
2134 1160 2483 1218 properantes
2505 1148 2934 1203 adversariarum
2962 1147 3336 1200 fortitudinem
3362 1144 3500 1199 bella

1942 1258 2293 1311 consurgere,
2346 1258 2413 1297 ne
2451 1243 2752 1296 animarum
2789 1241 3127 1296 remollescat
3166 1239 3357 1305 virtus,
3409 1238 3500 1291 sed

1944 1345 2003 1388 ut
2063 1336 2263 1404 prceliis
2322 1337 2578 1390 exercita:
2626 1351 2820 1389 novum
2865 1334 3075 1387 roboris
3107 1333 3499 1386 incrementum

1943 1428 2181 1496 Capiaut.
2233 1424 2426 1497 Tangit
2468 1426 2518 1478 id
2569 1434 2621 1480 et
2667 1425 2996 1494 Theophilus
3045 1422 3234 1475 Pasch.
3270 1438 3342 1485 ll,
3379 1435 3500 1474 cum

1946 1518 2244 1571 somniasse
2297 1517 2426 1570 dicit
2472 1516 2762 1586 Origenem
2798 1534 2816 1566 σ
2864 1517 3156 1569 ascendere
3206 1514 3412 1567 animas
3446 1514 3499 1565 in

1945 1611 2144 1663 etelum
2176 1620 2231 1664 et
2268 1610 2639 1673 descendere;
2679 1619 2734 1663 et
2767 1624 2907 1662 nunc
2946 1608 3232 1676 proﬁcere,
3266 1622 3408 1659 nunc
3439 1605 3506 1657 ad

1946 1701 2202 1755 inferiora
2232 1702 2429 1756 delabi.
2472 1722 2488 1752 ι
2529 1701 2807 1755 Variarum
2843 1716 3058 1770 quoque
3092 1699 3215 1753 coeli
3267 1696 3503 1751 mansio~

1948 1809 2074 1846 num
2107 1793 2419 1862 ﬁgmentum
2469 1792 2786 1861 perstringit
2819 1792 2974 1860 paulo
3007 1791 3257 1853 inferius,
3308 1788 3506 1842 dixisse

351 1876 518 1931 Terra
579 1886 759 1930 autem
812 1875 898 1931 illa
948 1878 1271 1934 ﬁrmamenti
1336 1879 1591 1933 convexis
1634 1879 1841 1934 incum-
1874 1880 1917 1935 B
1943 1882 2228 1953 Origenem
2275 1885 2512 1949 tradens,
2551 1902 2570 1934 (
2611 1897 2839 1952 corpora
2879 1898 2999 1951 quae
3049 1888 3353 1949 resurgunt,
3385 1888 3505 1947 post

218 2020 223 2025 .
281 1968 438 2031 bens,
477 1983 639 2036 quam
681 1967 1346 2030 describitAdamantius,
1393 1969 1545 2023 alteri
1580 1970 1703 2023 huic
1735 1985 1850 2038 per-

284 2060 481 2117 similis
515 2068 617 2121 est,
649 2074 807 2128 quam
846 2058 983 2114 libro
1024 2060 1213 2114 eodem
1258 2060 1409 2115 Plato
1438 2071 1846 2127 commemorat,

285 2153 374 2207 ubi
421 2153 516 2214 ait,
559 2152 728 2224 αὐτὴν
754 2152 849 2223 τὴν
885 2153 986 2223 γῆν
1026 2153 1269 2224 καθαρὰν
1297 2154 1353 2206 ὲν
1382 2153 1605 2225 καθαρῷ
1640 2154 1849 2209 κεῖσθαι

286 2243 365 2315 τῷ
386 2244 614 2316 οὐρανῷ,
644 2247 701 2299 ὲν
730 2239 880 2317 ᾧπέρ
908 2248 1022 2298 ἐστι
1043 2246 1110 2300 τὰ
1125 2247 1320 2318 ἄστρα,
1344 2247 1401 2301 ὃν
1424 2247 1486 2318 δὴ
1520 2246 1711 2317 αἰθέρα
1733 2248 1851 2302 ὀνο-

292 2337 481 2406 μάζειν
507 2339 632 2400 τοὺς
674 2338 899 2401 πολλοὺς
925 2338 1034 2391 τῶν
1074 2339 1201 2409 περὶ
1231 2339 1299 2392 τὰ
1330 2340 1551 2393 τοιαῦτα
1587 2340 1851 2396 εἰωθότων

287 2430 483 2499 λέγειν’
503 2423 563 2483 οὗ
590 2431 653 2500 δὴ
675 2431 1026 2503 ὑποστάθμην
1042 2432 1211 2485 ταῦτα
1244 2428 1399 2494 εἶναι,
1417 2433 1511 2486 καὶ
1539 2433 1752 2505 ξυρρεῖν
1768 2435 1853 2488 ἀεὶ

285 2520 446 2584 εἰςτὰ
471 2521 621 2574 κοῖλα
641 2522 893 2592 τῆςογῆς·
926 2541 945 2574 ι
979 2522 1171 2576 Puram
1205 2531 1399 2576 terram
1430 2524 1481 2576 in
1516 2538 1649 2592 puro
1682 2525 1849 2578 sitam

286 2626 408 2664 esse
447 2612 581 2665 malo
622 2611 673 2664 in
705 2627 812 2681 quo
845 2622 970 2666 sunt
1010 2620 1176 2677 astra,
1208 2617 1347 2683 quod
1376 2614 1524 2666 multi
1562 2628 1628 2668 ex
1662 2614 1725 2667 iis
1758 2615 1850 2683 qui

285 2703 593 2769 bujusmodi
626 2706 691 2758 de
720 2704 878 2759 rebus
912 2705 1177 2760 disserere
1215 2705 1407 2770 solent,
1450 2707 1710 2760 :etherem
1764 2720 1854 2774 ap-

285 2796 506 2863 pellant,
541 2794 692 2863 cujus
724 2797 835 2851 lucc
870 2811 994 2849 esse
1027 2795 1232 2861 faecem,
1260 2808 1315 2850 et
1346 2796 1398 2850 in
1426 2812 1659 2852 concava
1694 2806 1854 2851 terra;

283 2902 502 2956 semper
526 2887 817 2942 conﬂuere.
855 2906 873 2938 ι
921 2887 1056 2941 Hinc
1084 2887 1449 2942 Tertulliauus
1490 2888 1583 2942 lib.
1623 2888 1696 2942 De
1739 2889 1855 2940 nni-

284 2994 397 3039 ma.
429 2993 548 3047 cap.
585 2978 687 3033 b5:
725 2996 743 3028 ι
770 2979 876 3032 Sed
910 2977 961 3031 in
993 2979 1195 3032 aethere
1228 2978 1482 3031 dormitio
1519 2988 1700 3031 nostra
1731 2990 1855 3030 cum

290 3070 476 3137 pueris
511 3068 785 3134 Platonis;
826 3079 919 3122 aut
957 3069 1009 3123 in
1042 3083 1185 3131 aere,
1231 3083 1351 3122 cum
1383 3068 1550 3135 Ario;
1581 3078 1673 3121 aut
1712 3069 1856 3123 circa

289 3160 511 3224 lunam,
562 3174 682 3213 cum
735 3160 1158 3229 Endymionibus
1206 3158 1530 3212 Stoicorum.
1569 3179 1587 3211 ι
1635 3159 1855 3213 Vetusta

286 3265 509 3320 quoque
559 3250 649 3305 illa
686 3258 966 3319 poetarum
1013 3247 1280 3316 theologia
1331 3249 1609 3302 beatorum
1646 3250 1855 3303 animas

286 3345 350 3399 in
394 3353 592 3397 terram
623 3342 936 3412 quamdam,
962 3341 1202 3410 Elysium
1230 3355 1420 3407 nempe
1445 3355 1653 3406 nemus,
1688 3340 1853 3409 recipi

285 3433 545 3489 canebat.
579 3433 709 3488 Inde
739 3432 1067 3487 Christianis
1108 3429 1411 3497 objectabat
1440 3429 1626 3485 Celsus
1658 3444 1755 3483 nos
1788 3429 1857 3483 ab

294 3523 536 3578 ethnicis
563 3523 783 3578 eductos
813 3522 1012 3576 dixisse
1046 3520 1285 3574 abituras
1318 3528 1438 3589 post
1480 3528 1705 3573 mortem
1743 3519 1859 3573 ani-

288 3630 416 3671 mas
449 3615 501 3668 in
534 3614 696 3668 aliam
726 3622 926 3670 terram
960 3614 1063 3668 hac
1089 3613 1385 3668 meliorem.
1420 3611 1554 3665 Tum
1582 3627 1709 3665 vero
1750 3620 1861 3665 ma-

292 3708 457 3777 gistri
487 3707 569 3761 sui
605 3705 889 3776 Origenem
932 3706 1121 3776 puduit
1158 3704 1289 3777 (49),
1321 3714 1375 3759 et
1415 3719 1532 3773 quae
1573 3720 1601 3757 a
1638 3703 1860 3757 Platone

291 3800 583 3864 didicerat,
640 3798 843 3853 referre
889 3791 1079 3851 maluit
1131 3798 1196 3851 ad
1238 3797 1510 3868 Moysem,
1567 3797 1655 3866 qui
1706 3796 1861 3851 bouis

299 3895 468 3946 Deum
500 3891 711 3946 induxit
755 3890 1165 3958 promittentem
1199 3899 1398 3944 terram
1434 3889 1571 3972 lacte
1610 3898 1663 3943 et
1708 3889 1862 3944 melle

296 3993 649 4049 manantem;
681 3980 832 4050 cujus
864 3981 1166 4052 symbolum
1201 3996 1322 4036 esse
1354 3990 1407 4035 et
1438 3981 1722 4050 imaginem
1762 3980 1859 4036 Ju-

296 4077 473 4132 daaam
507 4076 645 4133 hanc
671 4087 939 4129 terrenam
963 4083 1016 4127 et
1039 4072 1339 4128 Jerusalem
1369 4074 1522 4141 dixit,
1548 4073 1700 4142 juxta
1728 4073 1865 4141 Apo-

300 4168 499 4229 stolum
550 4167 715 4223 llebr.
749 4182 848 4233 χιι,
874 4167 967 4222 22.
997 4167 1054 4220 ln
1100 4181 1290 4221 eorum
1337 4179 1710 4238 argumentum
1744 4167 1866 4236 qui-

300 4262 530 4316 busdam
564 4260 738 4315 utitur
773 4260 992 4314 Davidis
1046 4260 1371 4315 testimoniis
1396 4302 1412 4328 ,
1443 4253 1599 4330 'frugi
1634 4259 1866 4315 homini-

302 4354 407 4407 bus
448 4367 609 4407 terrae
648 4352 926 4421 cujusdam
964 4351 1332 4405 luereditatem
1364 4350 1686 4420 pollicentis.
1721 4350 1865 4404 Illius

303 4460 519 4513 quoque
565 4453 724 4499 terrae
766 4457 1005 4514 gemmas
1040 4444 1107 4498 ab
1158 4442 1292 4497 Isaia
1340 4458 1453 4508 LIV,
1488 4442 1575 4505 l2,
1631 4452 1862 4496 transtu-

1949 1974 2115 2027 tnulta
2162 1979 2357 2028 saecula
2403 1975 2454 2027 in
2509 1972 2731 2025 nihilum
2786 1970 3146 2032 dissolvenda,
3200 1982 3297 2021 nec
3329 1966 3505 2019 futura

1949 2068 2170 2135 aliquid,
2205 2068 2309 2120 nisi
2341 2082 2462 2119 cum
2496 2066 2562 2119 de
2604 2065 2866 2119 caelorum
2914 2060 3284 2115 mansionibus
3313 2059 3508 2112 anima:

1949 2161 2015 2214 ad
2052 2161 2304 2213 inferiora
2337 2159 2577 2223 dilapsae,
2627 2156 2955 2227 iudiguerint
3010 2154 3182 2217 novis,
3230 2166 3351 2220 qua:
3395 2149 3504 2203 alia

1949 2268 2162 2308 rursum
2199 2253 2349 2317 ﬁant,
2401 2249 2667 2320 prioribus
2716 2247 2935 2301 omnino
2979 2245 3188 2299 deletis.
3241 2261 3260 2293 ι
3315 2240 3503 2294 Totam

1926 2346 2089 2399 hanc
2137 2345 2297 2398 etiam
2353 2344 2418 2397 de
2466 2341 2607 2398 curio
2648 2356 2805 2402 novo,
2836 2350 2888 2393 et
2939 2348 3081 2391 terra
3133 2350 3293 2398 nova,
3338 2334 3510 2402 deque

1951 2436 2157 2492 caelesti
2204 2436 2295 2488 illo
2335 2435 2553 2496 mundo,
2611 2433 2769 2500 hujus
2809 2430 2977 2485 nostri
3027 2426 3307 2495 persimili,
3356 2441 3509 2481 com-

1952 2527 2339 2583 mentationem
2363 2525 2611 2579 exsufﬁat
2636 2525 2996 2593 Hieronymus
3024 2522 3215 2590 eapJ,
3234 2519 3392 2588 epist.
3419 2518 3511 2585 59,

1954 2619 2020 2672 ad
2055 2619 2197 2671 Avit.
2229 2617 2606 2671 Atimmerito
2640 2615 2929 2684 Origenem
2965 2613 3145 2681 culpat
3186 2608 3515 2678 Epiphanius

1954 2709 2087 2763 haar.
2117 2723 2262 2771 thv,
2312 2724 2430 2776 cap.
2480 2708 2535 2767 4.
2588 2708 2728 2775 quod
2781 2705 3092 2761 Davidicum
3144 2701 3272 2754 illud
3318 2700 3511 2770 psalm.

1952 2815 2097 2866 cxtv,
2152 2801 2204 2867 7,
2262 2819 2280 2850 ι
2338 2799 2687 2861 Convertere,
2746 2797 2923 2850 anima
2979 2811 3120 2858 mea,
3169 2796 3221 2849 in
3273 2792 3511 2861 requiem

1955 2900 2122 2955 tuam,
2155 2910 2175 2944 ›
2210 2893 2277 2945 ad
2308 2891 2550 2960 requiem
2578 2889 2719 2943 illam
2748 2889 3021 2943 caelestem
3058 2887 3323 2950 retulerit,
3354 2901 3513 2955 quam

1953 2984 2022 3037 ob
2055 2982 2318 3051 praeclara
2359 2982 2547 3035 invita
2586 2982 2687 3034 hac
2724 2991 2876 3050 gesta
2906 2980 3082 3032 anima
3127 2977 3516 3045 consequitur;

1958 3081 2126 3126 totum
2157 3072 2354 3141 quippe
2381 3071 2522 3123 hunc
2552 3069 2813 3139 psalmum
2838 3067 3024 3122 eodem
3062 3066 3226 3121 refert
3256 3064 3516 3119 Ecclesia.

1956 3166 2285 3234 Augustinus
2336 3163 2390 3217 in
2441 3162 2578 3216 libro
2633 3160 2708 3214 De
2738 3160 3019 3214 hwresibua
3060 3174 3128 3212 τι
3177 3156 3517 3220 Paradisum,

1958 3264 2013 3309 et
2049 3255 2239 3320 caelos,
2274 3262 2330 3308 et
2356 3253 2460 3307 alia
2490 3268 2594 3307 non
2631 3253 2859 3306 credunt
2894 3248 3251 3320 (Origeniani)
3280 3262 3400 3302 esse
3431 3261 3517 3300 se-

1958 3347 2193 3401 cundum
2232 3345 2488 3410 litteram,
2530 3345 2622 3399 sed
2678 3345 2731 3397 in
2779 3342 3057 3413 allegoria.
3096 3360 3115 3394 ›
3152 3340 3393 3409 Denique
3421 3338 3519 3392 Mi-

1959 3437 2113 3493 chael
2144 3437 2344 3508 Glycas
2381 3436 2575 3490 Annal.
2619 3445 2761 3506 part.
2798 3453 2812 3491 l
2848 3444 2903 3489 et
2949 3450 3001 3489 tv
3042 3442 3205 3489 vexat
3233 3431 3519 3502 Origenem

1960 3532 2061 3588 hoc
2102 3534 2337 3597 nomine,
2371 3532 2649 3601 ipsiusque
2680 3529 3005 3584 sententiam
3037 3542 3066 3582 a
3109 3525 3317 3581 Joanne
3344 3524 3522 3593 Chry-

1960 3633 2198 3680 sostomo
2232 3622 2568 3695 proﬂigatam
2600 3630 3010 3679 commemorat.

2040 3718 2155 3774 XV.
2194 3718 2443 3773 Attamen
2480 3725 2667 3773 contra
2706 3722 2784 3769 tot
2812 3710 3239 3768 adversariorum
3290 3705 3527 3763 assultus

1962 3815 2182 3885 Origeni
2226 3811 2477 3882 praesidio
2518 3820 2600 3864 est
2653 3809 2767 3863 haec
2827 3806 2995 3876 ipsius
3043 3801 3329 3859 obteSIatio
3376 3799 3525 3854 lib.t

1962 3911 2104 3979 Περὶ
2128 3907 2348 3979 ἀρχῶν,
2383 3921 2503 3974 cap.
2538 3905 2593 3969 6,
2626 3918 2771 3956 num.
2811 3903 2861 3964 l,
2891 3915 2993 3969 qua
3019 3898 3226 3951 animos
3267 3894 3523 3949 lectorum

1964 4005 2031 4059 ad
2083 4017 2244 4072 supra
2290 3998 2534 4067 exposita
2563 3997 2810 4066 dogmata
2854 3993 2929 4047 ita
2976 3988 3301 4061 pratmunit:
3341 4004 3361 4037 ι
3398 3986 3527 4053 Qua:

1964 4097 2180 4166 quidem
2208 4109 2238 4147 a
2276 4092 2427 4146 nobis
2460 4090 2622 4144 etiam
2659 4103 2782 4143 cum
2821 4099 3020 4155 magno
3058 4092 3199 4137 metu
3227 4091 3281 4136 et
3318 4078 3526 4136 cautela

1967 4190 2241 4251 dicuntur,
2274 4182 2689 4240 discutientibus
2728 4178 2900 4249 magis
2947 4186 3002 4231 et
3049 4173 3528 4246 pertractantibus,

1966 4296 2126 4351 quam
2160 4294 2261 4349 pro
2293 4286 2441 4332 certo
2467 4290 2532 4330 ac
2560 4273 2783 4329 deﬁnito
2820 4269 3203 4325 statuentibus.
3232 4265 3529 4320 Indicatum

1968 4386 2199 4440 namque
2249 4385 2278 4424 a
2321 4369 2476 4424 nobis
2531 4368 2584 4421 in
2623 4352 3007 4433 superioribus
3042 4371 3144 4425 est,
3175 4373 3296 4428 qua:
3327 4356 3434 4411 sint
3464 4353 3531 4408 de

1968 4465 2163 4534 quibus
2197 4462 2483 4516 manifesto
2514 4460 2764 4526 dogmate
2819 4453 3212 4509 terminandum
3258 4450 3351 4512 sit,
3392 4447 3532 4515 quod

306 4538 435 4591 lisse
469 4536 745 4592 Platonem
800 4535 1115 4600 arbitratur,
1166 4549 1230 4588 ac
1280 4534 1485 4604 reliqua
1522 4534 1707 4588 itidem
1748 4548 1867 4601 qua:
1902 4558 1945 4612 υ
1973 4564 2027 4609 ει
2050 4569 2148 4622 pro
2178 4550 2381 4606 viribus
2421 4564 2519 4601 nos
2561 4546 2750 4601 fecisse
2787 4553 2914 4610 ρυιο
2937 4581 2952 4605 ν
2988 4555 3109 4593 cum
3158 4537 3224 4590 de
3269 4534 3535 4589 Trinitate

310 4630 379 4684 ad
416 4631 553 4684 hanc
596 4628 830 4684 fabulam
883 4628 1185 4697 pertinent,
1240 4627 1689 4695 quemadmodum
1735 4635 1791 4679 et
1840 4641 1871 4679 a

312 4722 518 4792 Moyse,
553 4722 779 4791 aliisque
807 4720 1103 4791 prophetis.
1135 4721 1386 4789 Aggaeum
1404 4734 1530 4773 vero
1555 4718 1870 4773 nominatim

310 4818 515 4883 laudat,
558 4818 649 4885 qui
678 4830 797 4884 cap.
832 4831 895 4880 ιι,
928 4829 1068 4870 vers.
1091 4814 1148 4875 7,
1174 4822 1371 4867 terram
1406 4813 1473 4867 ab
1517 4812 1664 4866 arida
1696 4809 1872 4864 maui-

312 4914 452 4966 feste
477 4910 781 4979 distinguit.

386 5000 525 5056 XIV.
560 5000 917 5071 Origeniauos
949 5013 1162 5055 errores
1192 4997 1344 5053 libris
1380 4996 1521 5064 Περὶ
1564 4996 1765 5064 ἀρχῶν
1793 4995 1874 5049 in-

317 5104 496 5151 sertos
516 5109 843 5163 percensens
874 5092 1230 5163 Hieronymus
1255 5091 1307 5145 in
1335 5091 1493 5159 epist.
1522 5088 1688 5153 59,ad
1714 5087 1879 5151 Avit.,

322 5194 649 5240 memoratos
680 5186 801 5241 illos
833 5186 901 5240 de
928 5199 1179 5252 suprema
1220 5183 1500 5247 felicitate,
1547 5195 1610 5234 ac
1651 5178 1882 5234 diversis

323 5278 599 5333 felicitatis
645 5278 904 5346 gradibus
952 5277 1173 5330 minime
1223 5273 1591 5343 praetermisit.
1639 5271 1879 5325 Primum

318 5370 481 5437 hujus
519 5368 759 5438 epistolae
804 5375 967 5436 caput
1008 5367 1108 5435 legi
1135 5366 1315 5423 velim.
1358 5381 1423 5420 ac
1456 5364 1685 5419 alterum
1731 5363 1881 5427 item,

319 5463 464 5533 quod
494 5462 544 5516 in
582 5462 666 5516 his
698 5460 901 5526 verbis,
937 5476 968 5515 e
997 5460 1101 5512 ﬁne
1141 5458 1362 5512 secundi
1394 5458 1471 5512 De
1519 5456 1788 5527 principiis
1814 5454 1882 5507 li-

323 5552 406 5607 bri
441 5552 646 5621 petitis,
679 5550 913 5604 desinit:
947 5568 966 5602 ι
997 5549 1241 5618 Cumque
1270 5549 1323 5601 in
1342 5557 1546 5602 tantum
1582 5546 1881 5617 profeceri-

324 5658 463 5703 mus,
497 5651 556 5703 ut
583 5656 923 5711 nequaquam
953 5655 1144 5695 carnes
1175 5649 1229 5694 et
1259 5654 1503 5708 corpora,
1547 5638 1774 5695 forsitan
1817 5657 1881 5698 ne

396 5756 440 5786 ⁸⁸
465 5754 620 5808 Joau.
650 5753 892 5818 xvn,15.

399 5848 509 5921 (49)
537 5848 684 5920 Orig.
716 5848 806 5906 lib.
838 5863 908 5905 vn
938 5857 1116 5903 contra
1152 5846 1380 5917 Celsum,
1413 5864 1557 5903 num.
1588 5847 1679 5916 ΞΘ,
1711 5846 1796 5903 50.

1978 4647 2340 4714 loqueremur.
2373 4638 2525 4693 Nunc
2559 4647 2741 4691 autem
2780 4630 3087 4701 disputandi
3128 4628 3309 4697 specie
3341 4624 3530 4693 magis,

1973 4752 2134 4807 quam
2189 4733 2498 4796 deﬁniendi,
2556 4738 2715 4799 prout
2762 4740 3068 4797 possumus,
3121 4733 3455 4777 exercemur.
3510 4734 3528 4766 ι

1973 4832 2054 4885 Ad
2092 4830 2207 4883 haec
2244 4827 2383 4881 libro
2416 4823 2681 4893 sequenti,
2728 4837 2849 4890 cap.
2896 4819 2951 4882 5,
3004 4832 3149 4871 num.
3195 4813 3250 4877 6,
3285 4812 3413 4882 quid
3444 4816 3537 4861 aut

1976 4934 2083 4989 quo
2118 4918 2235 4972 loco
2279 4917 2351 4971 sit
2394 4914 2494 4969 iste
2522 4913 2775 4975 mundus,
2810 4925 2838 4962 e
2863 4923 2969 4977 quo
2999 4907 3216 4961 venisse
3250 4917 3309 4957 se
3337 4897 3539 4966 signiﬁ-

1979 5013 2133 5067 cabat
2168 5010 2441 5071 Servator,
2474 5020 2595 5060 cum
2645 5005 2877 5066 dicebat,
2937 5017 2955 5050 ι
2996 5000 3107 5069 Ego
3167 5010 3269 5049 non
3310 5007 3425 5046 sum
3473 4989 3539 5043 de

1979 5105 2084 5160 hoc
2121 5101 2319 5156 mundo
2368 5100 2435 5165 ‘°,
2486 5119 2504 5151 ι
2564 5114 2668 5151 non
2711 5095 2848 5150 satis
2895 5098 3207 5147 constanter
3256 5082 3534 5153 prodidit:

1985 5208 2003 5241 ι
2048 5190 2154 5243 Sed
2209 5198 2387 5241 utrum
2443 5185 2671 5239 mundus
2730 5183 2853 5242 iste,
2916 5178 3109 5246 inquit,
3157 5187 3313 5243 quem
3351 5169 3536 5226 sentiri

1980 5281 2116 5346 vult,
2168 5289 2451 5351 separatus
2500 5278 2567 5331 ab
2606 5276 2710 5330 hoc
2763 5274 2856 5335 sit,
2893 5271 3157 5340 longeque
3183 5264 3414 5327 divisus,
3455 5260 3539 5313 vel

1980 5372 2117 5438 loco,
2147 5371 2228 5425 vel
2265 5368 2548 5440 qualitate,
2606 5366 2689 5421 vel
2735 5362 2943 5433 gloria;
2994 5375 3061 5412 an
3095 5356 3262 5427 gloria
3297 5353 3537 5423 quidem,

1981 5472 2036 5517 et
2088 5462 2348 5532 qualitate
2396 5458 2688 5528 praecellat,
2736 5456 2877 5507 intra
2924 5461 3105 5504 tamen
3153 5446 3337 5502 mundi
3379 5442 3539 5532 huius

1983 5530 2536 5621 circumscriptionem
2572 5546 2909 5609 cohibeatur,
2945 5538 3085 5609 quod
3117 5546 3173 5592 et
3197 5535 3329 5590 mihi
3371 5530 3540 5602 magis

1986 5643 2283 5703 verisimile
2307 5643 2544 5707 videtur,
2582 5639 2844 5695 incertum
2876 5641 3057 5689 tamen
3100 5637 3208 5695 est,
3233 5635 3290 5681 ut
3315 5636 3416 5693 ego
3446 5635 3537 5677 ar-
