4068 6308
594 353 733 409 1025

1866 355 1924 409 P.
1969 352 2285 408 DANIELIS
2323 350 2556 408 llUE'l'll

3699 352 3840 406 ιοϊι

593 470 792 536 hitror,
824 480 877 525 et
908 471 1157 527 humanis
1199 472 1376 528 adhuc
1429 474 1846 545 cogitationibus
1885 485 1940 529 et
1970 476 2162 528 menti-
2190 481 2237 534 Α
2271 487 2412 536 ram,
2448 487 2570 525 eum
2603 472 2740 525 Deus
2775 470 2882 524 erit
2912 470 3095 524 omnia
3129 469 3183 524 in
3215 469 3509 534 omnibus;
3557 474 3838 537 consequi-

591 561 692 618 hus
737 564 1052 617 inusitatum
1093 579 1110 628 ;
1144 582 1163 615 ι
1223 563 1418 620 deinde
1459 568 1656 636 triplici
1704 569 1770 622 de
1821 583 2005 622 rerum
2033 581 2162 620 con-

590 657 949 710 summatione
989 664 1044 711 et
1095 671 1307 711 summa
1347 660 1681 714 beatitudine
1731 661 2006 731 proposita
2043 675 2165 718 sen-

557 747 786 810 tentia,
858 748 924 800 ad
996 746 1294 816 quamlibet
1365 754 1793 820 persequendam
1872 750 2164 820 unicuique

585 839 794 893 arbitrii
851 838 936 892 sui
1000 839 1305 896 libertatem
1371 843 1656 911 permittit.
1713 841 1783 896 Et
1829 851 2160 912 postremum

589 929 805 984 tandem
863 939 1027 999 caput
1077 930 1200 986 libri
1239 947 1324 995 ιιι,
1375 931 1454 986 De
1511 933 1765 1002 princip.,
1795 934 1938 1001 quod
1969 941 2051 986 est
2086 930 2164 984 De

583 1023 1044 1074 consummatione
1069 1023 1274 1088 mundi,
1305 1021 1508 1079 claudit
1536 1024 1620 1078 his
1657 1023 1834 1078 verbis
1861 1043 1874 1079 ι
1903 1043 1923 1077 t
1963 1024 2160 1080 [lacte-

583 1127 686 1166 nus
721 1112 878 1166 nobis
903 1114 1066 1168 etiam
1099 1129 1374 1184 corporeae
1392 1127 1604 1172 natura:
1638 1115 1717 1171 vel
1743 1117 2004 1184 spiritalis
2034 1131 2158 1172 cor-

582 1197 732 1266 poris
765 1199 974 1253 ratione
1021 1202 1288 1267 discussa,
1341 1205 1572 1259 arbitrio
1625 1203 1852 1270 legentis
1897 1206 2155 1275 relinqui-

581 1305 727 1350 mus.
775 1305 840 1346 ex
883 1302 1110 1357 utroque
1166 1297 1312 1366 quod
1361 1297 1554 1352 melius
1605 1299 1930 1366 iudicaverit
1959 1299 2157 1370 eligen-

580 1381 730 1436 dum.
763 1402 782 1435 ι
840 1383 1066 1439 Homilia
1110 1385 1181 1442 25
1236 1386 1290 1440 in
1334 1383 1536 1454 Josue,
1585 1405 1736 1446 num.
1780 1389 1836 1456 4,
1870 1400 2154 1460 postquam

587 1489 700 1529 .oca
754 1476 996 1532 coelestia
1053 1479 1138 1534 his
1190 1480 1544 1537 terrestribus
1589 1482 1788 1538 similia
1833 1485 2153 1552 assignavit,

579 1566 846 1634 ejusmodi
911 1571 1172 1642 mysteria
1230 1573 1582 1629 veneratione
1639 1574 1802 1646 digna
1844 1585 1900 1630 et
1941 1576 2155 1631 silentio

579 1671 703 1714 esse
733 1659 1001 1727 declarat,
1033 1677 1135 1717 nec
1174 1679 1204 1717 a
1237 1665 1550 1720 mortalium
1609 1680 1905 1735 quoquam,
1933 1681 2000 1721 ne
2023 1667 2154 1736 ipsis

577 1752 799 1820 quidem
850 1754 1115 1822 apostolis
1161 1755 1402 1825 perfecte
1449 1757 1683 1826 proferri
1722 1773 1899 1828 posse.
1947 1757 2151 1825 Quam-

2270 573 2355 617 tur
2386 562 2534 616 illinc
2573 561 2883 615 necessario
2921 561 3162 614 desitura
3213 562 3592 614 damnatorum
3634 565 3835 630 suppli«

2265 657 2371 718 cia.
2401 670 2574 724 eaque
2603 669 2864 710 noxarum
2915 655 3181 706 duntaxat
3223 654 3559 722 expurgandi
3609 669 3768 707 causa
3805 672 3832 708 a

2263 746 2374 800 Deo
2408 745 2718 800 hominibus
2746 743 2936 813 iniligi.
2959 743 3204 803 Hominis
3226 754 3372 798 esset
3405 745 3832 812 intemperantis.

2265 857 2440 912 neque
2472 841 2606 896 satis
2639 841 2869 909 tempori
2895 839 3170 908 parcentis
3198 853 3314 902 suo,
3344 852 3686 908 quaecunque
3732 853 3832 892 ve-

2263 933 2415 986 sania
2455 931 2556 984 hac
2587 930 2756 985 oblita
2808 929 2862 983 in
2912 927 3260 998 Origenianis
3305 926 3714 982 commentariis
3757 942 3833 981 re-

2263 1023 2568 1093 periuntur,
2605 1022 2791 1078 lectori
2833 1021 3170 1078 recensenda
3209 1021 3479 1091 objicere;
3526 1021 3663 1074 adeo
3695 1021 3829 1074 mul-

2263 1123 2347 1168 tus
2372 1124 2456 1168 est
2484 1115 2537 1168 in
2566 1115 2667 1170 hoc
2691 1117 2948 1184 dogmate
2973 1114 3273 1184 prodendo,
3325 1123 3380 1167 et
3419 1114 3640 1168 odiosus
3686 1114 3828 1167 Ada-

2231 1209 2518 1266 .tnantius.
2555 1208 2660 1262 Sed
2717 1223 2785 1262 ne
2826 1224 2923 1263 nos
2981 1218 3162 1260 tamen
3207 1221 3238 1260 a
3287 1221 3438 1260 more
3486 1206 3829 1260 deﬂectamus

2259 1309 2467 1360 nostro.
2503 1298 2735 1354 illustria
2767 1297 2938 1353 solum
2961 1298 3083 1352 lidei
3109 1312 3271 1351 causa
3301 1311 3646 1366 seponemus.
3677 1295 3829 1352 Prior

2231 1391 2497 1448 occurrit
2554 1390 2703 1446 locus
2749 1389 2933 1445 homil.
2984 1389 3014 1445 7
3071 1392 3126 1444 in
3165 1389 3356 1455 Levit.,
3404 1390 3458 1443 in
3490 1404 3595 1457 qua
3624 1389 3830 1457 prolixe

2258 1483 2498 1553 disputat
2524 1481 2794 1552 quomodo
2820 1479 2966 1535 Patri
2997 1480 3276 1549 subjectus
3308 1480 3476 1537 Filius
3497 1480 3601 1534 dici
3637 1482 3825 1550 possit,

2259 1574 2606 1643 'Istendilque
2655 1571 2850 1627 Filium
2910 1579 3136 1627 eatenus
3193 1570 3302 1626 diei
3354 1569 3505 1628 Patri
3557 1585 3662 1625 non
3708 1587 3827 1626 esse

2257 1669 2584 1739 subjectum,
2611 1673 2884 1736 quatenus
2912 1677 3033 1728 nos,
3063 1663 3153 1732 qui
3205 1677 3393 1718 sumus
3417 1662 3623 1717 Christi
3655 1677 3824 1717 mem-

2257 1761 2374 1823 bra,
2409 1758 2552 1814 Patri
2583 1756 2812 1812 minime
2852 1753 3078 1822 subjecti
3126 1769 3333 1808 sumus.
3375 1771 3393 1804 ι
3440 1752 3576 1807 Cum
3606 1767 3746 1818 vero,
3796 1771 3818 1806 ι

574 1846 762 1897 obrem
785 1853 841 1898 et
864 1845 1000 1899 libro
1047 1863 1099 1900 tv
1141 1849 1283 1916 Περὶ
1309 1847 1531 1918 ἀρχῶν,
1567 1865 1714 1904 num.
1752 1849 1846 1916 25,
1875 1866 1995 1921 pag.
2027 1851 2141 1917 1861

2256 1853 2454 1922 inquit,
2478 1864 2626 1904 num.
2655 1848 2711 1910 2,
2757 1863 2884 1918 pag.
2924 1846 3052 1912 222,
3117 1865 3138 1898 ι
3178 1846 3634 1900 consummaverit
3687 1859 3822 1915 Opus

577 1949 801 2005 regnum
829 1938 1090 1994 caelorum
1126 1941 1384 1997 thesauro
1415 1943 1467 1996 in
1501 1956 1635 2011 agro
1669 1943 1986 1999 abscondito
2013 1958 2154 1999 com-

576 2037 824 2098 paratum
858 2029 1028 2086 fuisse
1056 2042 1230 2101 putat.

651 2118 1060 2186 Verumtamen,
1109 2125 1359 2195 quamvis
1396 2126 1605 2196 liquido
1657 2136 1713 2184 et
1765 2128 1884 2185 sine
1927 2130 2152 2199 ambage

574 2224 958 2279 asseverasset,
1003 2231 1124 2286 quae
1168 2217 1410 2272 incertus
1469 2223 1776 2289 proposuit,
1841 2234 2150 2277 sanctorum

574 2303 779 2373 aliquot
806 2305 1045 2362 virorum
1081 2307 1356 2378 suffragiis
1388 2319 1442 2365 et
1470 2327 1740 2368 consensu
1775 2313 2149 2382 adjuvaretur.

570 2396 820 2453 Clemens
864 2398 1260 2455 Alexandrinus
1307 2401 1400 2456 lib.
1469 2419 1506 2457 ιι
1566 2403 1762 2458 Strom.
1812 2405 1862 2459 id
1912 2403 2150 2462 Platonis

571 2491 806 2559 axioma,
854 2507 962 2562 quo
1019 2502 1130 2560 tum
1178 2494 1394 2549 beatum
1451 2495 1722 2551 hominem
1773 2511 1891 2552 esse
1939 2497 2146 2566 delinit,

569 2597 693 2637 cum
741 2583 848 2639 Deo
900 2585 1094 2640 similis
1137 2596 1240 2650 est,
1285 2587 1584 2656 Scripturae
1616 2604 1786 2642 sacrae
1824 2591 2149 2645 auctoritate

570 2675 832 2732 defendit.
873 2676 948 2730 De
976 2681 1136 2733 modo
1183 2695 1245 2734 ac
1281 2679 1399 2734 loco
1434 2681 1712 2736 felicitatis
1746 2692 2074 2748 sanctorum,
2117 2700 2147 2739 a

566 2767 758 2835 primis
815 2783 986 2837 usque
1043 2770 1294 2825 Ecclesiae
1359 2773 1688 2842 temporibus
1747 2773 1813 2826 ad
1881 2775 2147 2830 Innocen-

571 2859 702 2916 tium
727 2857 792 2913 Ill
822 2868 875 2914 et
907 2860 1244 2916 Benedictum
1267 2861 1356 2930 XI,
1382 2878 1445 2918 ac
1466 2864 1826 2918 Florentinam
1853 2866 2144 2936 synodum,

567 2950 700 3005 nihil
733 2951 867 3006 certi
895 2951 994 3004 fuit
1021 2954 1089 3006 ab
1126 2952 1371 3009 Ecclesia
1399 2955 1804 3025 przescriptum,
1837 2960 1972 3012 adeo
2004 2966 2062 3012 nt
2091 2958 2142 3012 in

569 3041 790 3096 diversa
823 3041 1014 3099 Patres
1049 3045 1301 3101 abierint.
1341 3047 1538 3101 Eorum
1564 3050 1868 3105 sententias
1898 3059 1950 3104 et
1991 3050 2144 3104 testi-

566 3136 745 3188 monia
773 3135 989 3202 collegit
1025 3135 1212 3192 Sixtns
1258 3138 1518 3194 Senensis
1561 3139 1656 3194 lib.
1688 3156 1722 3194 γ
1781 3139 1944 3208 Bibl.,
1974 3146 2142 3199 adno-

568 3233 668 3278 tat.
703 3225 828 3289 545,
861 3236 918 3280 ιιι
945 3226 999 3280 ἰιι
1033 3227 1224 3282 iisdem
1253 3229 1358 3283 hnc
1389 3231 1714 3298 reponendis
1737 3247 2137 3301 supervacanea

561 3320 742 3374 onmis
769 3333 890 3374 esse
930 3334 1092 3388 opera
1142 3320 1413 3376 videatur.
1457 3323 1661 3377 Prmter
1683 3339 1776 3379 eos
1810 3326 1900 3395 qni
1926 3327 1994 3382 ab
2026 3328 2140 3398 ipso

560 3411 976 3465 commemorati
1018 3421 1163 3478 sunt,
1193 3413 1328 3466 adiri
1362 3413 1523 3468 velim
1555 3414 1816 3484 Cypriani
1849 3420 2139 3486 epistolam

561 3499 654 3564 52,
687 3501 755 3556 ad
810 3501 1204 3570 Antonianum,
1259 3501 1615 3560 Novatianum
1665 3507 1759 3566 lib.
1816 3508 1895 3564 De
1924 3509 2139 3577 Trinit.,

557 3606 682 3663 cap.
713 3596 783 3660 1;
827 3594 1182 3649 Athanasium
1227 3595 1280 3649 in
1341 3595 1681 3666 Expositione
1735 3601 1882 3670 ﬁdei,
1929 3604 2141 3673 paradi-

559 3700 678 3740 sum
702 3685 895 3740 latroni
920 3701 950 3739 a
979 3685 1198 3742 Christo
1231 3687 1282 3740 in
1311 3703 1474 3744 cruce
1499 3690 1850 3759 promissum,
1873 3707 1996 3748 enm
2022 3710 2142 3751 esse

560 3787 874 3832 ccnsentem
917 3779 1056 3834 unde
1089 3779 1328 3835 Adamus
1373 3781 1582 3852 ejectus
1629 3793 1732 3848 est,
1782 3801 1904 3841 cmn
1941 3786 2140 3858 Cyrillo

558 3867 1010 3940 Jorosolymitano
1065 3871 1276 3927 Catecli.
1306 3886 1528 3945 mystag.
1575 3893 1614 3942 ι,
1672 3877 1871 3933 Basilio
1913 3880 1964 3934 in
2000 3880 2138 3936 libro

563 3959 642 4013 Ila
672 3961 942 4026 paradiso,
995 3971 1052 4015 et
1097 3979 1216 4026 cap.
1253 3965 1320 4018 27
1359 3967 1481 4023 libri
1534 3968 1612 4023 De
1664 3967 1870 4038 Spiritu
1915 3983 2137 4039 sancto;

559 4051 824 4117 Gregorio
851 4051 1096 4122 Nysseno
1126 4056 1178 4108 in
1205 4067 1350 4113 orat.
1388 4060 1443 4111 in
1469 4062 1823 4131 quadraginta
1857 4077 2134 4134 martyres,

561 4150 616 4194 et
636 4140 864 4197 Paulino
888 4142 1113 4210 Nolano,
1131 4147 1269 4199 idem
1295 4150 1660 4205 sentientibus
1681 4167 1742 4205 ac
1770 4157 1942 4209 sensit
1971 4158 2136 4210 Atha-

560 4233 768 4287 nasius.
803 4235 1042 4307 Adcatnr
1069 4243 1121 4289 et
1155 4235 1496 4306 Epiphanius
1541 4238 1594 4292 in
1645 4241 1803 4310 epist.
1855 4247 1920 4296 ad
1973 4244 2131 4300 Joan.

554 4321 902 4395 Jerosolytn.,
935 4341 1056 4394 cap.
1105 4327 1162 4395 4,
1209 4336 1264 4382 et
1318 4329 1369 4382 in
1401 4331 1686 4398 Ancoralo,
1722 4349 1839 4403 cap.
1875 4335 1968 4400 54,
2001 4336 2126 4391 alibi

554 4418 864 4488 paradisum
893 4419 1189 4483 collocans,
1241 4421 1370 4475 alibi
1413 4422 1654 4487 caelum;
1696 4434 1752 4478 et
1799 4425 2133 4495 Augustinus

2254 1956 2436 2003 suum,
2470 1949 2526 1994 et
2563 1939 2874 1993 universam
2907 1949 3218 1992 creaturam
3273 1951 3424 1990 suam
3457 1937 3523 1990 ad
3557 1951 3823 1991 summum

2254 2031 2604 2103 perfectionis
2629 2029 2943 2095 adduxerit,
2974 2038 3099 2083 tune
3145 2029 3259 2098 ipse
3293 2029 3510 2083 dicetur
3551 2028 3820 2096 subjectus

2255 2124 2307 2178 in
2346 2123 2431 2178 his
2455 2137 2591 2192 quos
2613 2121 2853 2176 subdidit
2879 2119 3049 2183 Patri,
3082 2129 3138 2174 et
3174 2120 3226 2172 in
3270 2119 3470 2188 quibus
3505 2133 3640 2188 opus
3681 2122 3818 2189 quod

2251 2217 2300 2271 ei
2330 2216 2494 2271 Pater
2521 2214 2745 2268 dederat
2773 2211 3192 2276 consunnnavit,
3225 2221 3282 2264 ut
3313 2212 3358 2264 si
3388 2208 3529 2265 Deus
3559 2212 3741 2264 omnia
3769 2212 3818 2264 in

2251 2309 2521 2362 omnibus.
2560 2325 2578 2358 ι
2623 2303 2914 2370 Subjungit
2943 2303 3136 2358 deinde
3175 2302 3451 2356 Christum
3495 2312 3609 2356 tum
3639 2303 3815 2356 vinum

2252 2399 2569 2463 hibiturum,
2617 2416 2634 2448 ι
2688 2411 2812 2452 cum
2857 2393 3096 2462 subjecta
3168 2394 3219 2447 ei
3257 2392 3460 2447 fuerint
3510 2394 3719 2458 omnia,
3767 2405 3817 2448 et

2252 2489 2474 2545 salvatis
2509 2488 2766 2543 omnibus
2795 2501 2859 2540 ac
2886 2485 3159 2540 destructa
3192 2494 3366 2537 morte
3391 2485 3629 2552 peccati,
3682 2485 3813 2538 ultra

2244 2581 2356 2651 jam
2398 2582 2762 2637 necessarium
2799 2594 2900 2634 non
2942 2580 3047 2634 erit
3086 2577 3282 2634 olIerre
3310 2581 3517 2636 hostias
3548 2595 3648 2649 pro
3689 2595 3811 2649 pec-

2250 2683 2394 2730 cato.
2429 2693 2448 2727 ι
2484 2675 2644 2728 Addit
2667 2672 2826 2742 paulo
2865 2681 3026 2740 post:
3063 2689 3084 2723 ‹
3115 2672 3332 2738 Quanto
3356 2674 3532 2741 magis
3563 2674 3812 2726 Dominus

2249 2777 2304 2822 et
2329 2767 2582 2822 Salvator
2621 2775 2826 2830 noster,
2874 2767 2967 2836 qui
3018 2776 3181 2834 caput
3231 2775 3283 2821 et
3308 2774 3502 2820 auctor
3545 2774 3632 2820 est
3654 2765 3812 2818 totius

2249 2859 2516 2930 corporis,
2566 2874 2672 2913 non
2706 2859 2808 2914 sibi
2846 2857 3141 2928 perfectam
3194 2858 3326 2912 dicit
3373 2871 3499 2912 esse
3550 2859 3806 2922 laetitiam,

2247 2953 2418 3007 donec
2445 2951 2648 3021 aliquid
2691 2968 2759 3008 ex
2811 2954 3073 3011 membris
3125 2951 3316 3006 deesse
3348 2952 3566 3020 corpori
3604 2965 3704 3004 suo
3742 2950 3814 3005 vi-

2245 3043 2393 3098 det?
2441 3062 2460 3096 ι
2517 3043 2918 3115 Subjeetionetn
2997 3046 3139 3100 illam
3182 3044 3343 3100 simili
3385 3044 3545 3098 modo
3594 3043 3809 3112 exponit

2246 3135 2340 3191 lib.
2387 3151 2446 3190 ιιι
2484 3137 2623 3205 Περὶ
2653 3137 2874 3206 ἀρχῶν,
2910 3153 3030 3205 cap.
3069 3139 3122 3202 5,
3166 3151 3316 3191 mnn.
3362 3137 3420 3201 6,
3467 3150 3592 3190 eum
3629 3135 3809 3190 scribit

2244 3226 2522 3282 Christum
2563 3229 2616 3283 in
2645 3231 2938 3300 semetipso
2967 3229 3420 3298 complectentem
3448 3241 3642 3282 omnes
3679 3242 3808 3296 quos

2243 3318 2476 3388 subjecit
2513 3319 2682 3387 Patri,
2719 3331 2774 3375 et
2796 3322 2886 3391 qui
2917 3321 3078 3391 hujus
3117 3337 3219 3391 ope
3257 3321 3483 3375 salutem
3532 3323 3804 3376 consecuti

2241 3420 2387 3475 sunt,
2441 3426 2564 3466 cum
2597 3412 2733 3480 ipsis
2761 3424 2817 3468 et
2865 3415 2916 3468 in
2948 3414 3080 3483 ipsis
3126 3413 3272 3468 Patri
3325 3412 3628 3483 subjectum
3681 3412 3804 3466 dici.

2243 3502 2527 3558 Subnectit
2553 3514 2736 3574 postea
2759 3521 2905 3560 num.
2937 3505 2968 3560 7
2996 3522 3008 3560 :
3037 3524 3056 3556 ι
3081 3505 3136 3560 Si
3169 3518 3298 3571 ergo
3319 3506 3459 3558 bona
3490 3513 3545 3557 et
3565 3503 3807 3557 salutaris

2241 3596 2512 3664 ac‘eipitur
2539 3595 2642 3650 ista
2674 3596 2962 3664 subjectio,
2989 3612 3091 3665 qua
3131 3596 3410 3664 subjectus
3440 3610 3566 3650 esse
3609 3594 3805 3648 dicitur

2243 3685 2412 3741 Filius
2435 3686 2602 3750 Patri,
2628 3686 2781 3741 valde
2831 3701 3172 3756 consequens
3204 3697 3258 3741 et
3298 3689 3580 3742 cohaerens
3609 3696 3714 3748 est,
3753 3696 3805 3738 nt

2243 3775 2586 3831 inimicorum
2654 3791 2773 3845 quae
2823 3767 3021 3831 dicitur
3061 3776 3198 3832 Filio
3233 3777 3327 3831 Dei
3365 3791 3490 3830 esse
3521 3776 3800 3845 subjectio,

2241 3868 2497 3922 salutaris
2557 3869 2800 3937 quaedam
2851 3868 3174 3937 intelligatur
3228 3878 3284 3924 et
3319 3869 3512 3924 utilis:
3565 3879 3625 3921 ut
3664 3873 3802 3922 sicut

2241 3975 2363 4016 cum
2405 3960 2604 4014 dicitur
2639 3961 2808 4015 Filius
2859 3959 3008 4014 Patri
3061 3961 3356 4028 subjectus,
3396 3960 3636 4028 perfecta
3684 3961 3798 4012 uni-

2239 4061 2409 4103 versa:
2471 4059 2736 4105 creatum
2786 4053 3061 4107 restitutio
3124 4052 3434 4106 declaratur
3480 4069 3494 4118 ;
3565 4053 3637 4106 ita
3679 4066 3799 4106 cum

2241 4139 2378 4194 Filio
2409 4139 2502 4195 Dei
2535 4141 2738 4196 inimici
2782 4143 3040 4197 dicuntur
3073 4159 3195 4198 esse
3229 4143 3486 4212 subjecti,
3531 4143 3798 4212 subjecto-

2239 4248 2356 4286 rmn
2411 4235 2555 4288 salus
2595 4235 2646 4288 in
2679 4251 2745 4290 eo
2783 4235 3134 4306 intelligatur,
3169 4245 3223 4290 et
3253 4237 3528 4303 reparatio
3561 4237 3800 4305 perdito-

2237 4341 2376 4378 rum.
2410 4343 2427 4376 ι
2463 4323 2557 4379 llis
2584 4339 2886 4380 consonant
2909 4342 3028 4396 qua:
3068 4327 3324 4396 leguntur
3361 4327 3412 4380 in
3460 4330 3566 4380 line
3601 4337 3798 4380 tracta-

2241 4425 2326 4470 tus
2379 4431 2512 4470 xxm
2582 4417 2636 4469 in
2690 4415 2908 4482 ΜαιιΙι.,
2961 4435 3110 4471 ιιιιιιι.
3166 4422 3221 4471 8.
3277 4418 3383 4474 Sed
3422 4430 3478 4473 et
3529 4420 3800 4488 aliquade

555 4507 650 4560 lib.
709 4524 776 4561 xx
829 4508 906 4563 De
953 4511 1096 4566 civit.
1143 4511 1262 4578 Dei,
1309 4513 1536 4583 cap.'14
1565 4524 1618 4568 ct
1659 4514 1748 4577 16,
1778 4516 1831 4569 in
1861 4517 2130 4587 aliquibus
2167 4531 2210 4584 ι)
2235 4508 2564 4578 subjectioue
2612 4510 2698 4563 illa
2738 4510 2858 4564 Filii
2899 4510 3116 4566 disserit
3170 4521 3330 4568 tract.
3355 4528 3490 4578 xxx,
3523 4529 3675 4567 num.
3711 4512 3796 4577 55,

553 4595 774 4666 Origeni
808 4603 1178 4670 consentiens,
1215 4612 1269 4657 et
1303 4613 1493 4658 auctor
1525 4604 1888 4668 Quwstionum
1915 4607 1984 4659 ad
2015 4612 2125 4664 An-

550 4688 805 4753 tiochum,
845 4689 1152 4747 hominibns
1187 4694 1567 4748 absconditum
1617 4693 1741 4758 hoc,
1792 4703 1847 4748 et
1887 4695 2122 4762 ignotum

548 4798 672 4840 esse
703 4786 1020 4856 mysterium
1047 4789 1287 4848 edicens.

631 4877 772 4932 XVI.
811 4879 956 4934 Satis
999 4895 1064 4934 ex
1104 4883 1498 4949 superioribus,
1547 4884 1711 4939 etiam
1770 4901 1857 4938 me
1903 4885 2119 4948 silente,

551 4971 830 5040 colligitur
857 4972 1236 5024 damnatorum
1266 4977 1442 5040 poenis
1477 4979 1694 5031 modum
1741 4975 2031 5044 aliquando
2071 4985 2126 5032 et

551 5062 711 5118 linem
763 5081 829 5120 ex
883 5066 1107 5118 decr-etc
1163 5063 1416 5133 Origenis
1466 5067 1774 5135 impositum
1838 5069 1944 5124 iri:
1997 5084 2121 5122 eum

549 5157 694 5209 enim
740 5157 980 5212 futurum
1027 5155 1181 5211 ratus
1222 5157 1316 5221 sit,
1366 5166 1425 5212 ut
1471 5174 1852 5229 quemcunque
1908 5170 2124 5215 teneant

549 5257 750 5300 statum
790 5248 1007 5312 animm,
1041 5260 1270 5316 peccare
1321 5247 1550 5314 possint,
1585 5257 1639 5302 et
1673 5250 1850 5318 reipsa
1884 5264 2122 5318 persmpe

551 5348 800 5412 peccent,
839 5353 901 5392 ac
943 5355 1043 5407 pro
1083 5340 1320 5409 peccatis
1361 5338 1446 5393 vel
1493 5341 1702 5394 meritis
1732 5351 1988 5409 perpetuo
2010 5343 2120 5396 cir-

550 5435 694 5489 cuitu
725 5431 793 5484 ab
816 5429 938 5484 imis
971 5432 1038 5485 ad
1072 5448 1308 5495 summa,
1334 5448 1363 5486 a
1393 5432 1620 5486 summis
1669 5434 1735 5486 ad
1781 5433 1888 5487 ima
1943 5434 2122 5489 revol-

560 5534 779 5587 vantur,
811 5522 1087 5593 ipsiusque
1134 5523 1331 5581 diaboli
1386 5537 1574 5576 aversa
1630 5537 1661 5575 a
1706 5522 1818 5578 Deo
1868 5523 2121 5579 voluntas

548 5616 675 5669 ulitn
709 5617 1036 5671 conterenda
1070 5615 1160 5678 sit,
1192 5625 1247 5668 et
1271 5615 1380 5670 Deo
1416 5613 1563 5667 Patri
1607 5629 1830 5684 regnum
1869 5614 2118 5671 Christus

549 5708 618 5761 sit
649 5708 964 5768 traditurus,
1014 5715 1233 5775 tumque
1284 5705 1680 5760 existimaverit
1733 5706 1945 5773 plenam
1999 5690 2116 5760 om-

553 5799 699 5851 nium
740 5797 1178 5852 ἀποκατάστασιν
1207 5813 1268 5852 ac
1291 5799 1581 5869 perlectam
1621 5795 1934 5854 felicitatem
1972 5797 2112 5856 futu-

2234 4601 2414 4668 operis
2445 4603 2706 4672 ejusdem,
2761 4619 2881 4673 qua:
2926 4606 3183 4672 quoniam
3226 4605 3451 4658 alterius
3480 4616 3610 4658 sunt
3644 4621 3798 4674 argu—

2232 4693 2422 4758 menti,
2459 4697 2834 4761 prtetermitto.
2889 4696 3155 4751 Succcdat
3185 4696 3404 4752 homilia
3446 4698 3480 4750 6
3531 4697 3590 4751 in
3615 4695 3796 4758 Νιιιιι..

2230 4799 2378 4838 nmn.
2409 4784 2463 4848 4,
2495 4787 2546 4838 in
2586 4802 2688 4855 qua
2719 4789 2786 4840 de
2833 4788 2976 4858 lepra
3025 4791 3329 4859 disputans,
3371 4800 3596 4859 propter
3640 4805 3794 4858 quam

2228 4875 2420 4929 castris
2450 4874 2803 4942 ejiciebantnr
2833 4879 2922 4942 qui
2958 4893 3021 4931 ea
3062 4879 3404 4943 laborabant,
3438 4880 3643 4948 lepram
3677 4892 3792 4947 pec-

2229 4976 2350 5020 cato
2374 4967 2607 5032 conlert,
2639 4984 2868 5037 eamque
2904 4985 3007 5023 non
3056 4981 3314 5039 perpetuo
3353 4986 3667 5024 mansuram
3702 4971 3791 5034 ait,

2229 5059 2322 5114 sed
2352 5060 2620 5129 completa
2652 5063 2952 5130 septimana
2986 5065 3052 5117 ad
3091 5074 3272 5118 castra
3306 5065 3552 5132 leprosos
3579 5080 3792 5119 revoca-

2234 5163 2346 5206 tum
2376 5153 2463 5215 iri,
2494 5153 2546 5206 in
2587 5153 2690 5207 line
2723 5169 2916 5222 nempe
2948 5157 3154 5219 mundi,
3191 5172 3313 5211 cum
3348 5158 3624 5225 plenitudo
3662 5172 3786 5223 gen-

2232 5245 2366 5298 tium
2387 5244 2690 5309 introierit,
2721 5254 2775 5299 et
2807 5247 2986 5300 omnis
3022 5248 3190 5302 lsrael
3232 5248 3412 5302 salvus
3449 5250 3576 5313 erit,
3606 5250 3790 5316 lietque

2229 5349 2368 5390 unus
2397 5349 2555 5405 grex,
2587 5345 2640 5389 et
2667 5351 2807 5391 unus
2830 5346 3035 5404 pastor,
3065 5347 3120 5392 et
3149 5337 3314 5392 Deum
3347 5339 3422 5392 ita
3445 5355 3640 5394 attines
3668 5354 3789 5392 con-

2227 5427 2455 5482 elusisse
2481 5429 2582 5483 sub
2609 5440 2854 5497 peccato,
2891 5441 2950 5485 ut
2977 5433 3218 5486 ontnium
3245 5433 3460 5486 demum
3493 5431 3546 5486 in
3581 5432 3789 5486 Christo

2226 5522 2596 5578 misereretur.
2623 5523 2849 5579 lllustris
2869 5533 2924 5579 et
2957 5525 3045 5579 ille
3073 5525 3226 5580 locus
3253 5540 3284 5579 e
3305 5525 3510 5580 Catena
3537 5524 3701 5595 Regia
3737 5524 3786 5575 in

2229 5614 2424 5670 Ezech.
2479 5633 2532 5681 ν,
2588 5617 2677 5682 15,
2721 5633 2841 5688 pag.
2891 5618 2997 5673 415
3027 5638 3040 5672 :
3075 5620 3184 5672 Καὶ
3240 5617 3719 5689 συντελεσθήσεται
3760 5615 3788 5666 ὁ

2225 5707 2390 5778 θυμός
2433 5727 2532 5779 μου
2558 5726 2572 5740 ·
2615 5711 2771 5762 τοῦτο
2809 5709 2957 5781 δηλοῖ
2996 5711 3076 5763 ὅτι
3103 5711 3276 5782 πέρας
3310 5709 3417 5773 ἕξει.
3441 5711 3470 5762 ὁ
3501 5708 3668 5779 θυμὸς
3699 5705 3784 5759 τοῦ

2222 5799 2376 5866 Θεοῦ,
2413 5800 2546 5870 ὁμοῦ
2594 5802 2689 5872 τῆς
2741 5800 3042 5866 συντελείας
3081 5801 3172 5856 τοῦ
3214 5801 3448 5870 κόσμου’
3498 5810 3551 5856 et
3595 5799 3680 5856 hic
3724 5808 3778 5853 ea
