4068 6308
294 336 436 399 1025
1076 338 1644 396 ORIGENI.\NORUM
1683 338 1809 393 LIB.
1847 336 1900 401 ll,

1953 336 2108 391 CAP.
2146 338 2208 402 ll,
2255 337 2533 404 QUIEST.
2574 338 2669 395 XI.
3374 296 3517 399 ίθὲϐ

295 456 484 512 nomil.
519 458 553 510 4
598 455 649 510 in
674 456 921 511 eumdem
960 455 1303 525 prophetam,
1357 470 1503 508 num.
1537 454 1570 509 8
1600 471 1614 506 :
1658 473 1677 505 ι
1712 452 1857 506 Talis
1888 453 1928 510 A
1961 450 2276 520 perfectum,
2312 453 2366 505 in
2402 464 2715 505 mensuram
2752 452 2927 508 astatis
2970 452 3323 523 plenitudinis
3355 456 3520 511 (31)ιί⁹

292 552 608 619 cstjustus:
648 547 788 602 vidit
828 549 1082 601 mundum
1132 556 1259 601 ante
1293 546 1577 611 diluvium,
1618 547 1719 599 hoc
1772 556 1854 600 est
1956 540 2059 603 sti;
2089 558 2106 590 ι
2140 553 2241 593 ιιεο
2279 540 2551 594 (ΐωηιοηθε
2579 540 2795 609 quidem
2843 541 2987 609 ipsos
3030 544 3392 599 reslitulioois
3422 546 3522 598 bu-

294 646 425 691 ante
456 637 975 692 consummationem
1016 654 1030 690 :
1093 636 1227 690 vidit
1260 636 1518 690 mundum
1546 637 1601 689 in
1632 636 1851 700 diluvio,
1952 630 2040 699 jus
2070 630 2335 684 beneficio
2400 631 2675 685 carituros
2716 645 2837 686 esse
2866 641 3035 701 putat.
3069 633 3271 699 Quaerit
3309 634 3376 687 ad
3408 634 3521 689 haec

296 726 351 779 in
391 727 732 793 corruptione
781 736 833 780 et
880 727 934 779 in
989 725 1212 779 interitu
1246 735 1618 795 peccatorum,
1654 740 1773 793 quze
1802 725 1854 778 in
1959 732 2089 777 tom.
2158 736 2194 775 x
2241 722 2295 773 in
2329 721 2544 788 Matth”
2583 738 2733 776 num.
2784 723 2837 787 5,
2900 739 3021 791 pag.
3075 724 3200 789 445,
3250 726 3521 793 quomodo

290 815 384 868 «lie
414 824 539 869 sunt
574 822 829 869 eventura
863 813 1085 881 judicii:
1122 828 1335 866 rursum
1366 812 1569 865 videbit
1601 811 1853 863 mundmn
1956 811 2166 865 diversa
2215 810 2318 863 erit
2377 810 2428 863 in
2488 811 2888 866 resurrectione
2941 812 3220 866 hominum
3274 814 3520 880 claritas,

290 902 348 955 in
410 902 804 956 resurrectione
860 903 1100 956 omnium
1153 912 1544 971 peccatorum;
1587 920 1605 953 ι
1663 910 1717 956 et
1769 900 1857 954 ille
1950 902 2105 971 juxta
2154 903 2492 972 Apostolum,
2528 902 2547 955 Ι
2578 900 2702 957 Cor.
2748 919 2836 966 xv,
2865 904 2956 967 41,
2998 920 3118 957 cum
3152 905 3348 959 dixerit
3394 905 3522 960 Ser-

288 1008 509 1063 quoque
541 1008 605 1047 ex
635 994 818 1049 homil.
852 995 939 1058 10,
992 1002 1254 1063 sequente
1310 1008 1459 1047 num.
1503 993 1584 1046 5:
1636 1010 1655 1044 ι
1690 992 1857 1047 Aiunt
1955 1004 2147 1049 valor:
2188 994 2369 1049 «Justi
2421 995 2700 1064 fulgebunt
2753 997 2897 1050 sicut
2944 997 3048 1060 sol,
3098 1016 3116 1049 ι
3174 996 3363 1051 Matth.
3395 1014 3517 1064 xm,

290 1085 501 1139 llebrtei
531 1086 816 1140 Sodomam
847 1086 901 1139 in
928 1086 1175 1141 eumdem
1213 1096 1413 1142 statum
1438 1084 1852 1146 restituendam,
1954 1088 2061 1151 45;
2096 1095 2207 1140 tum
2239 1088 2527 1156 respondet
2570 1088 2623 1141 iu
2667 1088 2785 1156 ipso
2828 1087 3180 1143 beatitudinis
3221 1090 3398 1151 initio,
3437 1089 3522 1142 fu-

287 1177 344 1231 in
376 1193 481 1247 quo
508 1187 561 1230 et
589 1186 744 1230 antea
792 1180 1055 1242 constitit,
1095 1188 1153 1232 ut
1194 1195 1405 1233 rursum
1463 1177 1721 1247 paradiso
1761 1176 1853 1230 Dei
1957 1188 2134 1233 turum
2176 1188 2234 1233 ut
2278 1180 2489 1234 diversa
2540 1181 2612 1234 sit
2666 1181 2944 1234 hominum
2989 1182 3230 1246 claritas,
3282 1183 3520 1236 nondum

287 1280 346 1323 et
380 1280 537 1324 terra:
560 1269 776 1340 Egypti
807 1280 1173 1339 comparetur.
1210 1271 1271 1325 Si
1311 1272 1415 1325 hoc
1456 1282 1514 1323 se
1563 1269 1641 1323 sic
1671 1268 1850 1332 habet,
1954 1270 2204 1323 omnibus
2230 1272 2581 1339 expurgatis;
2616 1280 2674 1325 at
2704 1280 2991 1341 postquam
3038 1275 3265 1329 collecta
3320 1275 3522 1329 fuerint

288 1372 348 1417 et
371 1363 483 1418 sive
516 1362 754 1416 futurum
785 1371 889 1426 est,
926 1362 1043 1417 sive
1071 1376 1176 1415 non
1213 1379 1227 1428 ;
1270 1366 1585 1430 quaerentur
1606 1359 1748 1413 enim
1776 1358 1852 1412 is-
1953 1375 1983 1414 e
2010 1376 2171 1430 regno
2192 1358 2395 1416 Christi
2437 1360 2717 1427 scandala,
2744 1371 2800 1416 et
2830 1363 2955 1433 igne
2983 1365 3283 1441 absumptae
3328 1364 3523 1433 nequi-

292 1452 547 1507 tiusmodi
583 1467 670 1506 res
701 1452 839 1521 apud
880 1468 976 1507 eos
1007 1452 1095 1521 qui
1123 1452 1422 1507 doctissimi
1451 1459 1612 1505 sunt:
1663 1458 1719 1503 ut
1755 1464 1853 1503 au-
1955 1451 2063 1515 tiae,
2097 1462 2223 1507 tunc
2252 1469 2443 1508 omnes
2474 1470 2639 1507 unum
2670 1455 2853 1510 solare
2892 1456 3073 1509 lumen
3127 1454 3362 1511 futuros.
3401 1456 3518 1511 Non

288 1553 396 1597 tem
430 1542 520 1596 fiat
552 1542 694 1611 quod
720 1544 940 1603 dicitur,
969 1542 1383 1611 complebantur
1414 1542 1545 1596 mihi
1583 1555 1849 1595 annorum
1952 1544 2087 1599 satis
2116 1559 2249 1598 vero
2278 1546 2552 1601 cohaerere
2580 1547 2798 1601 videtur
2826 1548 2967 1614 quod
3014 1548 3295 1615 sequitur;
3328 1547 3522 1603 scribit

288 1632 392 1686 tria
440 1633 632 1698 millia,
686 1642 741 1687 et
793 1642 918 1687 tunc
967 1634 1282 1687 restituetur
1329 1631 1637 1686 excruciata
1679 1629 1852 1684 tribus
1952 1637 2094 1691 enim
2147 1637 2263 1691 fore
2306 1645 2363 1690 ut
2400 1636 2532 1704 justi
2584 1648 2711 1692 tunc
2740 1638 3094 1693 inferioribus
3135 1638 3393 1708 fulgeant,
3427 1638 3522 1709 qui

287 1724 526 1780 millibus
578 1739 842 1779 annorum
896 1724 1151 1787 Sodoma,
1204 1724 1255 1778 id
1319 1734 1402 1779 est
1454 1724 1635 1778 anima
1683 1738 1847 1777 mea:
1882 1788 1921 1798 _
1955 1724 2090 1781 lucis
2134 1740 2320 1780 eorum
2385 1728 2679 1797 participes
2736 1728 2887 1794 ﬂent,
2943 1731 3392 1798 quemadmodum
3440 1731 3521 1785 sol

289 1815 546 1879 Sodoma,
582 1817 716 1870 meis
751 1830 912 1885 pmna
952 1814 1210 1883 peccatis.
1253 1814 1470 1870 Grande
1503 1815 1845 1872 intervallum
1882 1788 1926 1845 Β
1955 1819 2113 1871 terra:
2144 1816 2316 1872 lucem
2346 1832 2500 1872 suam
2531 1821 2756 1889 przebet.
2801 1819 2935 1874 Nam
2969 1821 3012 1873 si
3045 1822 3113 1874 ita
3150 1822 3389 1875 omnium
3419 1838 3521 1877 ex-

287 1907 550 1975 temporis
604 1908 748 1962 inter
804 1907 1198 1961 restitutionem
1244 1915 1299 1960 et
1355 1907 1569 1961 ruinam
1612 1909 1845 1978 positum
1952 1916 2174 1977 purgata
2209 1916 2335 1963 tunc
2367 1919 2526 1964 erunt
2555 1921 2795 1979 peccata,
2829 1920 2891 1965 ut
2935 1912 3079 1967 nullo
3112 1913 3377 1968 claritatis
3410 1914 3525 1970 dis-

286 2007 390 2051 est.
432 2016 451 2050 ι
504 1997 713 2052 Animae
740 1998 1080 2068 postmodum
1131 1999 1306 2053 noxiae
1360 2000 1584 2068 figuram
1623 2015 1743 2055 esse
1773 2001 1848 2055 ait
1953 2000 2181 2054 crimine
2216 2001 2483 2071 fulgeant,
2524 2004 2750 2073 quinam
2782 2004 3067 2060 inferiores
3094 2016 3270 2072 erunt,
3301 2007 3521 2077 quinam

288 2088 608 2156 Samariam,
661 2105 782 2160 quae
821 2104 939 2143 'non
998 2089 1134 2145 alias
1180 2089 1512 2146 restituenda
1557 2093 1645 2155 sit,
1686 2109 1846 2163 quam
1954 2088 2533 2159 superiores?Nempe
2565 2091 2798 2146 neminis
2848 2092 3163 2148 beatitatem
3196 2094 3385 2162 utjam
3427 2109 3521 2151 su-

286 2192 408 2232 cam
449 2178 633 2233 decem
690 2178 861 2234 tribus
903 2179 1105 2234 fuerint
1155 2193 1410 2244 reversm,
1444 2192 1553 2236 tum
1578 2183 1693 2237 ait:
1743 2202 1761 2234 ι
1787 2182 1845 2237 Si
1951 2193 2047 2248 pra
2082 2179 2263 2233 monui
2296 2194 2466 2249 usque
2496 2182 2632 2234 adeo
2662 2180 2937 2251 propriam
2966 2196 3087 2237 esse
3114 2190 3285 2253 putat,
3325 2193 3385 2238 ut
3411 2199 3519 2240 non

287 2280 465 2326 autem
499 2280 651 2325 tanto
680 2279 803 2340 post
844 2281 1082 2340 tempore
1106 2273 1421 2328 restituetur
1452 2272 1502 2326 id
1530 2274 1674 2342 quod
1700 2289 1845 2343 pra:-
1952 2269 2105 2323 novis
2131 2270 2343 2325 delictis
2369 2272 2438 2325 ad
2467 2271 2725 2325 inferiora
2751 2286 2967 2341 semper
2993 2273 3169 2328 delabi
3194 2274 3406 2343 possit:
3450 2276 3521 2330 ad

284 2363 451 2418 cessit
499 2363 551 2416 in
593 2365 833 2432 signum,
863 2364 1077 2432 quando
1125 2374 1180 2418 tu
1228 2365 1553 2433 restitueris,
1590 2366 1633 2420 si
1665 2376 1843 2421 tamen

1952 2361 2056 2414 ima
2085 2361 2250 2431 igitur
2284 2363 2757 2418 retrocedentibus
2810 2378 3025 2433 semper
3072 2365 3369 2435 aliquibus,
3424 2367 3518 2435 qui

283 2454 605 2518 restitueris,
646 2453 995 2507 Samaritana
1022 2462 1077 2507 et
1107 2454 1361 2509 barretica
1395 2455 1597 2509 anima.
1637 2472 1741 2526 qua
1776 2458 1845 2511 si-
1951 2449 2126 2505 locum
2160 2467 2312 2506 suum
2348 2455 2642 2519 tenuerint,
2671 2455 2850 2509 lumen
2895 2454 2963 2509 iis
3011 2471 3167 2510 suum
3200 2457 3519 2527 impartien-

284 2544 539 2600 mulacris
567 2553 621 2598 et
650 2544 802 2600 feriis
828 2560 934 2599 non
969 2546 1138 2611 veris,
1174 2562 1239 2601 ac
1276 2546 1545 2616 figmentis
1585 2547 1651 2602 de
1689 2547 1843 2603 Jero-
1952 2551 2058 2595 llll'.
2100 2540 2351 2610 Eiusdem
2399 2550 2454 2596 el
2503 2542 2643 2596 istud
2694 2550 2779 2596 est
2826 2542 3015 2596 farina!
3081 2557 3113 2597 θ
3161 2552 3293 2598 ιοιη.
3343 2559 3413 2597 XV
3462 2546 3519 2597 in

284 2634 439 2689 boam
468 2633 632 2690 corde
652 2634 993 2690 venientibus
1018 2635 1379 2690 credidisti?»
1409 2635 1683 2704 Ejusmodi
1710 2652 1845 2693 non-

1951 2631 2166 2696 Hault.,
2200 2646 2347 2687 num.
2373 2632 2466 2695 2],
2491 2647 2611 2704 pag.
2642 2632 2745 2688 695
2781 2649 2794 2686 :
2836 2631 2996 2687 Ἀλλὰ
3028 2633 3167 2688 κατὰ
3214 2634 3310 2705 μὲν
3346 2633 3519 2688 ταῦτα

285 2723 429 2778 nulla
482 2723 535 2777 in
581 2724 934 2792 sequentibus
978 2724 1163 2780 videre
1204 2733 1309 2788 est,
1362 2726 1561 2795 quibus
1597 2729 1842 2783 doctrina

1948 2722 2193 2794 πρώτους
2212 2720 2627 2794 ἀποδεδώκαμεν
2659 2724 2784 2786 τοὺς
2809 2723 3237 2794 σωθησομένους,
3260 2725 3518 2795 ἐσχάτους

281 2813 468 2868 eadem
505 2813 826 2868 inculcatur.
850 2812 955 2868 Sed
982 2814 1035 2867 in
1061 2813 1373 2869 Adamantii
1406 2825 1582 2871 tamen
1613 2819 1840 2887 gratiam

1946 2815 2004 2868 δὲ
2047 2817 2173 2878 τοὺς
2205 2816 2277 2887 μὴ
2305 2815 2490 2882 ἀξίους
2540 2816 2636 2887 τῆς
2675 2816 2931 2887 τοιαύτης
2975 2817 3083 2869 τῶν
3126 2817 3519 2890 σωθησομενων

284 2914 499 2961 notetur
528 2906 692 2971 istud,
730 2924 748 2957 ι
785 2906 842 2960 Si
868 2917 1042 2960 tamen
1076 2906 1398 2971 restitueris,
1424 2926 1444 2959 ι
1474 2924 1581 2978 quo
1604 2910 1843 2966 incertus

1946 2906 2167 2971 τάξεως,
2212 2906 2347 2960 ἀλλὰ
2392 2906 2684 2971 κολάσεως,
2728 2907 2819 2960 καὶ
2872 2904 2967 2960 τοῦ
3018 2908 3514 2979 ἐγκαταληφθῆναι,

283 2998 403 3067 ejus
431 3006 484 3052 et
509 2996 775 3052 ﬂuctuans
803 2998 1017 3054 animus
1048 3000 1325 3071 proditur:
1363 3003 1406 3057 si
1441 3004 1600 3058 modo
1652 3002 1842 3075 Orige-

1945 2998 2062 3068 ἦτοι
2137 2999 2242 3062 ἕως
2304 2998 2366 3051 τὸ
2431 3000 2701 3071 πλήρωμα
2768 2999 2877 3054 τῶν
2953 3000 3119 3054 ἐθνῶν
3179 3002 3390 3074 εἰσέλθῃ
3417 3042 3431 3066 ,
3480 3004 3516 3075 ῆ

284 3091 502 3143 nianum
535 3090 708 3160 reipsa
742 3091 844 3145 hoc
885 3101 987 3157 est,
1027 3107 1131 3145 non
1164 3093 1531 3150 Rufinianum.
1575 3093 1842 3152 lllustrius
1871 3145 1890 3166 ,

1958 3088 2051 3151 ἕως
2120 3088 2514 3160 ἐκπληρώσωσι
2574 3090 2643 3144 τὰ
2697 3091 2825 3163 περὶ
2884 3089 2990 3145 τῶν
3072 3092 3214 3146 ἰδίων
3261 3096 3516 3166 ἁμαρτη-
3548 3075 3564 3093 ’

283 3182 444 3235 etiam
476 3144 701 3236 istudlct
732 3144 855 3237 libri
1870 3145 1889 3203 (

1909 3150 1911 3198 ι
1948 3180 2131 3249 μάτων
2156 3196 2169 3209 ’
2220 3190 2271 3233 et
2306 3181 2446 3235 istud
2478 3195 2508 3235 e
2534 3190 2751 3237 traCIat.
2774 3144 2960 3237 ιιιιιιιιιι
3004 3185 3058 3236 in
3110 3146 3327 3251 Matth...
3366 3144 3515 3249 llrulfl.

279 3273 336 3339 2,
362 3273 416 3327 in
460 3288 568 3341 quo
602 3274 788 3342 probat
816 3275 917 3329 hoc
951 3274 1243 3344 Scriptura:
1279 3277 1625 3333 testimonio:
1657 3296 1674 3329 ι
1700 3278 1845 3332 Dixit
1945 3270 2044 3325 69:
2085 3288 2104 3322 ι
2138 3273 2245 3326 Iste
2274 3282 2453 3325 autem
2486 3274 2577 3343 qui
2610 3290 2775 3327 unum
2818 3284 3107 3345 acceperat
3139 3276 3424 3343 talentum,
3461 3290 3519 3335 et

285 3364 541 3419 Dominus
567 3366 790 3420 Domino
814 3382 932 3421 meo
963 3384 976 3419 :
1011 3366 1151 3421 Sede
1182 3382 1209 3421 a
1237 3368 1441 3422 dextris
1471 3367 1639 3423 meis:
1670 3368 1845 3424 Donec
1944 3362 2300 3416 absconderat
2329 3363 2502 3431 ipsum
2537 3364 2588 3418 ίιι
2643 3374 2804 3429 terra.
2838 3380 2955 3421 ηοιι
2999 3366 3174 3420 SOlum
3209 3369 3361 3437 quasi
3398 3384 3518 3424 ma-

281 3472 476 3526 ponam
520 3458 762 3512 inimicos
794 3467 912 3512 tuos
945 3459 1244 3513 scabellum
1277 3461 1472 3530 pedum
1502 3469 1713 3514 tuorum
1736 3459 1836 3527 “,a
1943 3453 2026 3508 lus
2058 3463 2111 3507 et
2147 3455 2299 3524 piger
2330 3455 2596 3524 arguitur,
2627 3458 2718 3510 sed
2749 3458 2906 3525 quasi
2953 3456 3164 3512 inutilis
3197 3458 3429 3512 mittitur
3460 3460 3514 3514 iu

279 3559 337 3601 et
366 3549 456 3602 illo
491 3549 508 3603 ι
545 3549 671 3605 Cor.
700 3567 791 3615 xv,
843 3550 934 3617 24,
961 3551 1032 3606 25
1060 3569 1074 3605 ε
1120 3569 1138 3602 ι
1171 3550 1376 3607 Deinde
1404 3553 1549 3619 linis,
1583 3568 1704 3607 cum
1737 3562 1844 3607 ira-
1945 3545 2198 3599 tenebras
2242 3546 2572 3609 exteriores,
2608 3546 2698 3601 ubi
2737 3546 2882 3600 nulla
2914 3546 3241 3602 illuminatio
3272 3557 3375 3613 est,
3408 3548 3515 3602 for-

274 3641 479 3695 ‘diderit
515 3657 735 3712 regnum
761 3642 870 3697 Deo
892 3651 944 3697 et
968 3642 1148 3697 Patri:
1179 3657 1301 3697 cum
1345 3644 1691 3698 evacuaverit
1722 3658 1844 3698 om-
1943 3635 2084 3689 Sila“
2115 3648 2215 3690 nec
2266 3635 2591 3704 corporalis»
2631 3651 2734 3691 nec
2779 3646 2865 3691 εει
2909 3637 3180 3705 τεερθοῑῗο
3226 3638 3321 3693 Dei
3364 3639 3517 3707 “lic;

281 3745 404 3786 nem
471 3732 858 3802 principatum,
917 3745 971 3788 ει
1024 3741 1381 3803 potestatem,
1441 3742 1495 3790 ει
1564 3735 1839 3790 virtutem.
1941 3728 2034 3783 sed
2062 3728 2215 3797 quasi
2254 3729 2460 3799 indigni
2492 3729 2863 3799 Speculatione
2914 3730 3004 3784 Dei
3044 3731 3133 3799 qui
3166 3730 3290 3783 talia
3322 3746 3517 3801 peccas

282 3822 507 3891 Oportet
563 3834 741 3878 autem
777 3825 926 3880 illum
964 3842 1216 3897 regnare,
1259 3829 1429 3882 donec
1464 3836 1628 3897 ponat,
1655 3842 1842 3883 omnes
1941 3829 2155 3884 verunt,
2189 3821 2616 3875 condemnantur
2650 3822 2699 3874 in
2739 3821 2822 3876 his
2846 3837 2965 3892 qua:
3000 3824 3312 3884 exteriores
3352 3835 3509 3881 leae-

282 3911 535 3967 inimicos
580 3916 680 3969 sub
729 3916 957 3984 pedibus
986 3917 1123 3986 ejus,
1155 3937 1175 3969 ι
1205 3934 1327 3972 cum
1361 3918 1749 3989 sequentibus;
1787 3929 1843 3974 et

1942 3911 2052 3965 brae
2099 3913 2478 3981 appellantur;
2525 3911 2752 3967 forsitan
2801 3914 2976 3968 donec
3027 3915 3414 3983 intellexerlnt,
3453 3928 3513 3975 ut

234 4054 241 4061 .
282 4007 385 4059 isto
442 4007 637 4074 psalm.
693 4022 805 4072 ιιιι,
844 4008 880 4061 2
926 4027 939 4062 :
985 4027 1004 4061 ι
1058 4007 1246 4063 Nonne
1292 4008 1401 4066 Deo
1453 4009 1694 4076 subjecta
1738 4011 1843 4065 erit
1940 4014 2345 4070 convertantur,
2370 4015 2425 4060 et
2453 4006 2599 4073 digni
2632 4004 2933 4061 efficiantur
2983 4008 3135 4061 exire
3166 4007 3235 4062 ab
3269 4009 3354 4076 iis,
3400 4012 3516 4067 for-

280 4098 462 4152 anima
494 4098 657 4152 mea?
684 4100 749 4153 ab
781 4100 896 4169 ipso
926 4102 1066 4155 enim
1112 4100 1355 4157 salutare
1406 4116 1625 4167 meum;
1667 4120 1687 4154 ι
1734 4102 1837 4167 bis,
1940 4097 2079 4151 sitan
2123 4106 2177 4151 et
2216 4106 2438 4165 propter
2477 4095 2639 4149 aliam
2680 4112 2900 4151 causam
2929 4112 3093 4167 quam
3148 4114 3250 4154 nos
3290 4100 3515 4170 ignora-

280 4190 525 4260 inquam,
566 4190 864 4260 Scriptura;
895 4193 1219 4249 testimoniis
1255 4193 1494 4248 futurum
1522 4194 1736 4265 probat,
1784 4204 1842 4249 ut

1940 4199 2089 4249 mus;
2125 4203 2144 4237 ι
2176 4194 2230 4238 et
2259 4185 2360 4239 hoc
2392 4198 2604 4253 quoque
2636 4186 2781 4254 quod
2823 4186 3084 4241 scribitur
3115 4187 3207 4242 lib.
3254 4205 3354 4243 vm
3390 4207 3518 4247 conc

280 4282 521 4337 subactis
549 4281 747 4338 Christi
779 4284 1010 4339 inimicis
1038 4285 1090 4338 in
1118 4300 1281 4339 unum
1303 4286 1462 4341 ﬁnem
1484 4301 1580 4352 per
1610 4285 1836 4350 Filium,
1939 4286 2022 4331 ινα
2055 4275 2386 4342 Cels.,num.
2415 4278 2503 4341 72.
2528 4279 2627 4332 sub
2660 4279 2875 4333 easdem
2903 4279 3049 4349 leges
3082 4280 3510 4336 concludendum

279 4373 496 4428 bonitas
525 4372 619 4428 Dei
647 4384 951 4429 creaturam
1003 4382 1220 4429 revocet
1268 4375 1620 4429 universam:
1659 4375 1837 4443 subje-
1939 4367 2231 4437 aliquando
2284 4367 2544 4438 quidquid
2595 4376 2683 4424 est
2735 4368 2964 4424 rationis
3015 4370 3320 4440 particeps,
3385 4387 3513 4427 cum

281 4467 510 4521 etionem
561 4475 736 4521 autem
758 4468 902 4522 illam
942 4467 1171 4537 idipsum
1201 4482 1321 4522 esse
1348 4468 1604 4536 vult,quo
1623 4466 1839 4521 Christo
1869 4482 1916 4540 ι)
1941 4461 2110 4516 verbo
2133 4459 2225 4515 Dei
2257 4460 2310 4514 in
2343 4459 2639 4529 perfectum
2668 4466 2870 4514 statum
2902 4460 3246 4518 restituetur.
3271 4460 3326 4515 In
3356 4461 3509 4529 cujus

278 4561 707 4616 adhaerescentes
736 4561 997 4616 efﬁcimur
1021 4561 1208 4624 sancti,
1239 4572 1293 4616 et
1317 4561 1540 4617 salutem
1584 4561 1839 4629 adipisci-

1942 4561 2316 4621 argumentum
2371 4550 2529 4605 aﬂ'ert
2581 4551 2710 4605 illud
2743 4552 3031 4619 Sophortiae
3074 4567 3162 4617 ιιι,
3197 4553 3269 4609 9:
3306 4570 3329 4606 ι
3360 4553 3506 4607 Tunc

281 4668 435 4711 mur:
472 4652 632 4707 talem
677 4663 857 4708 autem
892 4653 1128 4707 futurum
1191 4652 1372 4717 linem,
1407 4653 1586 4723 qualia
1622 4652 1838 4706 fuerunt

1942 4643 2163 4696 reddam
2194 4640 2404 4712 populis
2431 4642 2632 4696 labium
2670 4642 2925 4711 electum,
2954 4652 3013 4697 ut
3037 4643 3288 4699 invocent
3317 4659 3512 4699 omnes

279 4746 452 4805 initia,
495 4761 617 4800 cum
669 4760 856 4800 omnes
897 4745 990 4800 Dei
1037 4745 1259 4800 nutibus
1316 4745 1749 4813 obtemperantes
1782 4745 1836 4797 in
1945 4733 1998 4786 in
2035 4733 2249 4788 nomine
2285 4733 2518 4799 Domini.
2545 4743 2601 4788 ει
2633 4734 2873 4788 εθΙὟῘἎιιι
2901 4735 2950 4789 ei
2977 4735 3205 4790 humero
3229 4750 3354 4789 υιιοο
3385 4755 3407 4789 ι

277 4852 443 4891 unum
476 4837 882 4907 conspirabant.
935 4837 990 4891 ln
1028 4836 1377 4906 sequentibus
1413 4837 1603 4890 deinde
1653 4836 1834 4890 omnia
2014 4834 2178 4891 XVII.
2220 4836 2565 4907 Perspicuum
2603 4838 2727 4892 hinc
2774 4846 2858 4892 est
2891 4853 2999 4893 non
3049 4839 3180 4894 alias
3224 4839 3511 4896 admisisse

279 4930 334 4983 in
367 4944 532 4983 unum
564 4930 865 4997 reparanda
913 4943 1034 4983 esse
1083 4930 1420 4983 demonstrat
1448 4942 1515 4981 ex
1548 4928 1651 4981 hoc
1681 4927 1835 4982 Chri-
1942 4943 2130 4998 pmnas
2161 4926 2469 4998 Origenem,
2500 4943 2661 4997 quam
2696 4928 2996 4997 piaculares
3030 4939 3085 4985 et
3113 4931 3499 4998 temporarias;

279 5024 347 5077 sti
378 5022 467 5078 ἠε
518 5040 537 5074 ι
574 5020 648 5076 Ut
695 5036 885 5077 omnes
938 5037 1105 5075 unum
1154 5022 1284 5085 sint,
1328 5022 1467 5076 sicut
1508 5031 1561 5075 tu
1590 5020 1751 5073 Pater
1781 5021 1834 5073 iu
1941 5020 2242 5090 cujusmodi
2270 5029 2392 5073 sunt
2424 5020 2749 5089 purgatorize
2785 5019 2907 5083 illa),
2936 5035 3073 5090 quas
3113 5019 3348 5074 Ecclesia
3402 5037 3501 5077 eae

278 5127 367 5166 me
393 5122 446 5166 et
472 5125 569 5182 ego
601 5112 652 5165 in
681 5125 753 5177 te,
790 5124 848 5166 ut
884 5122 940 5167 et
983 5112 1081 5179 ipsi
1122 5112 1175 5165 in
1210 5113 1373 5167 nobis
1413 5128 1576 5165 unum
1607 5112 1738 5166 sint.
1774 5110 1837 5165 Et
1947 5112 2144 5165 tholica
2177 5112 2438 5180 agnoscit.
2488 5111 2595 5164 Sed
2627 5120 2679 5165 et
2708 5110 3202 5165 manifestiusillud
3241 5122 3324 5164 est
3348 5127 3411 5166 ex
3437 5128 3506 5168 eo

282 5220 384 5274 ego
432 5204 736 5258 claritatem
784 5219 945 5273 quam
996 5203 1187 5258 dedisti
1247 5204 1403 5267 mihi,
1460 5203 1582 5257 dedi
1620 5205 1720 5269 eis,
1781 5212 1839 5257 ut
1944 5200 2082 5269 quod
2113 5199 2341 5253 habetur
2369 5198 2550 5252 homil.
2583 5200 2618 5254 8
2653 5200 2709 5251 in
2743 5197 3037 5263 Levit.,ubi
3061 5211 3227 5266 agens
3252 5198 3316 5251 de
3336 5212 3499 5267 puer-

283 5299 390 5351 sint
416 5310 604 5359 unum,
654 5296 791 5349 sicut
812 5304 866 5349 et
891 5309 987 5348 nos
1014 5310 1183 5347 unum
1214 5309 1400 5349 sumus
1448 5311 1461 5345 z
1504 5292 1616 5363 Ego
1651 5293 1703 5346 in
1735 5292 1835 5356 eis,
1943 5306 2096 5360 pera,
2137 5291 2289 5359 juxta
2319 5291 2519 5345 veteris
2575 5289 2707 5358 legis
2735 5289 3136 5359 prmscriptum,
3167 5303 3262 5358 per
3295 5300 3499 5359 septem

281 5397 332 5441 et
362 5399 415 5440 tu
452 5386 505 5439 in
536 5401 643 5446 me.
679 5394 739 5439 ut
769 5384 877 5439 sint
902 5384 1258 5438 consummati
1295 5385 1346 5437 in
1376 5399 1539 5437 unum
1565 5401 1578 5449 ;
1603 5401 1623 5435 ι
1668 5394 1720 5436 et
1747 5382 1846 5435 illo
1943 5384 2058 5437 dies
2088 5382 2381 5447 immunda,
2419 5383 2462 5437 si
2508 5382 2806 5437 masculum
2843 5381 3181 5450 peperisset;
3233 5397 3328 5452 per
3366 5399 3501 5453 qua-

284 5477 428 5532 Pauli
458 5477 654 5545 Ephes.
700 5491 771 5541 IV,
799 5476 893 5531 13:
929 5495 947 5526 ι
976 5476 1153 5529 Donec
1176 5490 1522 5531 occurramus
1556 5489 1747 5529 omnes
1782 5475 1832 5527 in
1945 5472 2264 5537 tuordecim,
2285 5474 2327 5527 si
2355 5475 2629 5538 feminam,
2655 5474 3012 5543 septimanam
3052 5475 3190 5527 hanc
3216 5474 3505 5543 praesentis

284 5571 542 5627 unitatem
590 5570 738 5636 fidei,
779 5578 834 5624 et
891 5569 1180 5637 agnitionis
1228 5567 1347 5621 Filii
1388 5567 1502 5633 Dei,
1552 5568 1604 5622 in
1656 5568 1831 5621 virum
1945 5566 2063 5621 vita:
2122 5576 2330 5639 tempus
2385 5582 2507 5623 esse
2569 5569 2721 5633 dicit,
2777 5582 2871 5637 per
2917 5566 3061 5636 quod
3116 5582 3501 5638 usquequaque

351 5780 394 5811 “
427 5776 567 5835 Psal.
588 5790 698 5843 cu,
722 5775 770 5831 l.
849 5776 893 5807 ⁶¹
923 5775 1078 5833 Joan.
1108 5790 1237 5843 χιιι,
1267 5774 1453 5830 21-25.
