4068 6308
625 312 764 369 {027

1925 306 1985 361 P.
2030 305 2347 362 DANIELIS
2385 307 2614 364 llUETll

3676 317 3786 374 im

623 427 810 484 mundi
849 441 973 483 esse
1030 441 1136 482 non
1186 437 1492 494 possumus,
1549 421 1653 477 nisi
1704 429 1930 476 octavus
1976 423 2186 476 venerit
2219 429 2262 484 Α
2290 420 2486 474 liarum
2515 421 2668 488 Sion,
2699 436 2745 478 et
2779 425 3084 494 sanguinem
3127 423 3426 493 expurgabit
3455 439 3481 477 e
3505 427 3789 500 ηιειίὶοξρεο.

623 520 791 585 dies,
849 517 1013 572 l'uturi
1077 531 1270 585 nempe
1337 513 1520 570 saeculi
1574 523 1784 582 tempus
1843 532 1858 568 :
1917 532 1936 560 ι
1973 513 2026 567 In
2079 527 2186 583 quo

625 623 806 666 tamen
835 609 944 674 die,
978 626 996 660 ι
1059 608 1254 675 inquit,
1303 621 1451 660 num.
1498 605 1550 667 4,
1591 623 1610 656 ι
1639 605 1683 660 si
1712 604 1981 660 masculus
2019 614 2187 659 estet

622 702 855 756 viriliter
900 699 1094 769 egerit,
1146 698 1332 752 statim
1383 697 1435 750 in
1472 697 1590 764 ipso
1621 697 1853 751 adventu
1886 694 2051 750 futuri
2084 711 2185 752 sae-

626 795 737 849 culi
801 801 1084 863 purgatur,
1135 800 1190 844 et
1237 791 1422 843 statim
1481 788 1679 843 munda
1720 787 1949 844 ellicitur
1989 799 2183 855 mater,

624 899 745 954 qua:
769 885 958 954 genuit
985 899 1108 937 eum
1141 900 1156 936 :
1190 893 1472 951 purgatam
1493 880 1745 952 'namque
1785 882 1931 936 vitiis
1963 896 2185 937 carnem

623 991 690 1031 cx
743 975 1141 1030 resurrectione
1185 975 1429 1044 recipiet.
1472 974 1540 1044 Si,
1581 989 1710 1029 vero
1747 973 1880 1029 nihil
1935 974 2188 1029 habuerit

623 1069 778 1124 virile
824 1069 1115 1124 adversum
1170 1075 1474 1137 peccatum,
1508 1067 1601 1120 sed
1643 1067 1904 1121 remissus
1956 1077 2006 1121 et
2055 1065 2186 1120 elle-

623 1161 863 1216 minatus
902 1161 1002 1216 fuit
1040 1162 1093 1215 in
1129 1160 1344 1215 actibus
1382 1159 1517 1223 suis,
1562 1159 1717 1228 cujus
1755 1169 2035 1228 peccatum
2083 1157 2188 1213 tale

623 1261 727 1316 est,
759 1252 903 1320 quod
934 1265 1039 1305 non
1074 1251 1404 1314 remittatur,
1449 1262 1624 1317 neque
1681 1249 1734 1302 in
1784 1248 2038 1317 praesenti
2085 1264 2186 1304 sa:-

624 1343 768 1407 culo,
827 1355 1000 1411 neque
1056 1341 1110 1394 in
1162 1339 1380 1404 futuro,
1421 1340 1523 1393 iste
1577 1340 1770 1393 transit
1819 1347 1874 1393 et
1929 1355 2090 1394 unam
2135 1349 2188 1394 et

624 1433 783 1486 aliam
842 1432 1200 1501 septimanam
1249 1431 1302 1484 in
1361 1429 1706 1484 immunditia
1759 1444 1878 1496 sua,
1927 1440 1983 1484 et
2031 1430 2186 1484 tertia

629 1525 844 1579 demum
911 1523 1200 1592 incipiente
1261 1522 1463 1576 oboriri
1524 1522 1850 1590 septimana,
1929 1530 2189 1593 purgatur

625 1619 693 1670 ab
747 1615 1130 1680 immunditia,
1191 1629 1353 1683 quam
1417 1614 1674 1669 feminam
1753 1614 2012 1684 pariendo
2061 1629 2187 1668 con-

625 1707 816 1763 traxit.
855 1725 874 1758 ι
925 1705 1176 1776 Ejusdem
1210 1705 1427 1777 generis
1454 1715 1539 1760 est
1581 1704 1722 1758 istud
1775 1719 1840 1758 ex
1885 1703 2074 1759 homil.
2121 1703 2188 1757 l4

2288 525 2404 563 rum
2430 511 2620 578 spiritu
2639 503 2832 578 judicii
2861 522 2910 566 et
2942 513 3134 582 spiritu
3157 511 3375 565 ustionis
3399 511 3464 566 “.
3489 511 3556 568 De
3575 516 3790 578 Chaldaeis

2289 613 2466 656 autem
2511 603 2592 657 sic
2623 603 2754 658 dicit
2786 621 2801 659 :
2835 603 3010 659 Habes
3053 604 3300 658 carbones
3330 605 3484 672 ignis,
3524 610 3631 661 sede
3671 628 3792 680 super

2288 707 2399 754 eos,
2433 691 2486 744 lii
2515 703 2667 745 erunt
2697 693 2788 744 tibi
2819 693 2873 746 in
2922 693 3193 761 adjutorio
3219 691 3280 746 λι.
3332 691 3399 746 Et
3431 694 3483 748 in
3524 695 3633 752 aliis
3653 701 3792 760 dicit:

2289 782 2652 850 Sancti/icabit
2689 783 2943 838 Dominus
2973 785 3027 838 in
3062 785 3182 854 igne
3201 784 3407 838 ardenti
3441 785 3486 825 ’⁵³
3526 797 3612 842 :et
3637 790 3681 843 in
3707 791 3796 848 Ila-

2289 874 2462 930 lachia
2498 875 2760 944 propheta
2790 875 2954 930 dicit:
2987 874 3190 931 Sedens
3216 875 3471 932 conﬂahit
3494 888 3544 934 et
3573 884 3797 952 purgabit,

2289 978 2343 1022 et
2373 967 2563 1022 fundet
2594 977 2853 1039 purgatos
2891 969 3032 1024 ﬁlios
3063 967 3196 1023 Juda
3223 968 3288 1023 “.
3316 988 3336 1020 ι
3383 969 3510 1024 Item
3534 971 3624 1041 lib.
3651 989 3729 1030 vnt
3757 979 3800 1032 in

2289 1055 2460 1126 Epist.
2483 1059 2552 1111 ad
2579 1057 2752 1126 Rom,
2777 1076 2923 1114 num.
2948 1060 3039 1125 12,
3061 1075 3180 1130 pag.
3203 1059 3330 1124 640,
3365 1078 3385 1112 ι
3410 1060 3615 1130 Verum,
3643 1063 3798 1134 inquit,

2290 1148 2342 1202 in
2371 1149 2472 1204 hac
2514 1150 2626 1219 ipsa
2652 1151 2969 1222 purgatione
2999 1165 3116 1220 quae
3157 1166 3252 1222 per
3283 1165 3494 1220 poenam
3523 1153 3649 1221 ignis
3675 1156 3798 1209 adhi-

2289 1239 2470 1306 betur,
2526 1242 2748 1308 quantis
2791 1243 3145 1310 temporibus,
3192 1245 3477 1312 quantisve
3519 1246 3706 1300 saeculis
3751 1250 3798 1304 de

2290 1333 2664 1401 peccatoribus
2691 1331 2871 1402 exigat
2892 1334 3192 1397 cruciatus,
3219 1331 3370 1388 solus
3390 1333 3527 1388 scire
3541 1345 3693 1403 potest
3719 1337 3799 1401 ille,

2292 1423 2376 1477 cui
2419 1421 2581 1478 Pater
2607 1437 2766 1478 omne
2791 1423 3050 1493 judicium
3079 1423 3320 1478 tradidit.
3346 1441 3365 1477 ι
3414 1424 3638 1495 Denique
3661 1427 3735 1482 lib.
3761 1445 3800 1484 tv

2291 1523 2475 1568 contra
2512 1513 2678 1578 ϐείω,
2709 1531 2852 1568 ηιιιιι.
2884 1513 2970 1582 10,
2999 1529 3185 1584 poenas
3204 1516 3399 1570 futurae
3439 1516 3555 1571 vita:
3577 1519 3801 1577 dicitesse

2289 1606 2590 1676 ἀναγκαίας
2632 1605 2708 1677 τῷ
2739 1607 2922 1669 παντὶ,
2975 1607 3117 1678 τάχα
3147 1607 3203 1660 δὲ
3240 1607 3335 1660 καὶ
3365 1609 3473 1672 τοῖς
3515 1611 3799 1682 πεισομένοις

2290 1697 2458 1761 αὐτάς
2480 1699 2579 1752 οὐκ
2609 1699 2930 1770 ἀχρήστους.

623 1798 678 1850 in
714 1797 864 1862 Luc.,
895 1775 1020 1867 pag.
1054 1797 1161 1852 948
1191 1815 1205 1852 :
1259 1817 1278 1849 ι
1321 1775 1471 1851 Sicut
1521 1797 1779 1864 scriptum
1812 1805 1896 1850 est
1934 1798 1987 1849 in
2031 1796 2186 1865 lege:
2221 1775 2263 1830 Β
2362 1791 2546 1850 XVIII.
2573 1794 2837 1862 Quoniam
2864 1803 3043 1850 autem
3067 1795 3350 1851 Paulinum
3377 1796 3501 1852 illud
3535 1814 3660 1870 sape
3680 1801 3795 1856 testi-

625 1885 683 1941 Si
736 1889 1030 1942 masculum
1075 1887 1281 1956 peperit
1306 1897 1499 1949 mater,
1551 1897 1754 1955 septem
1795 1886 1984 1940 diebus
2020 1897 2191 1940 mater

623 1977 833 2032 sedebit
876 1977 929 2032 in
977 1977 1236 2048 sanguine
1289 1977 1586 2043 immundo,
1639 1993 1702 2031 ac
1737 1977 1933 2031 deinde
1973 1977 2189 2046 triginta

625 2071 801 2125 tribus
832 2070 886 2124 in
937 2071 1198 2141 sanguine
1229 2085 1392 2139 puro;
1432 2079 1488 2126 et
1517 2071 1584 2125 ad
1611 2079 1910 2126 extremum
1964 2081 2020 2124 et
2080 2071 2191 2139 ipse

623 2159 806 2217 infans
836 2162 1042 2216 sedebit
1075 2162 1126 2215 in
1155 2161 1423 2231 sanguine
1449 2161 1778 2231 purissimo:
1815 2161 1894 2214 sic
1933 2161 2059 2230 quia
2102 2159 2189 2214 lex

623 2252 919 2323 spiritualis
963 2262 1069 2319 est,
1105 2263 1160 2308 et
1188 2253 1433 2308 umbram
1464 2251 1627 2307 habet
1673 2251 1974 2306 futurorum
2025 2253 2191 2305 bono-

619 2361 760 2410 rum,
789 2361 1076 2416 possumus
1099 2346 1394 2414 intelligere
1423 2344 1794 2415 purgationem
1818 2360 1997 2398 veram
2033 2345 2190 2400 nobis

620 2435 842 2490 evenire
873 2445 994 2504 post
1029 2445 1256 2506 tempus.
1293 2435 1406 2507 Ego
1437 2445 1568 2505 puto
1592 2435 1735 2504 quod
1771 2445 1824 2489 et
1857 2445 1977 2503 post
2009 2449 2188 2490 resur-

619 2526 918 2582 rectionem
950 2540 1016 2580 ex
1046 2527 1277 2581 mortuis
1329 2525 1665 2595 indigeamus
1691 2535 2032 2579 sacramento
2071 2525 2188 2581 elu-

617 2626 746 2671 ente
772 2631 869 2672 nos
907 2626 1067 2687 atque
1091 2627 1354 2686 purgante
1379 2635 1392 2682 ;
1423 2630 1579 2670 nemo
1607 2616 1751 2670 enim
1786 2617 1990 2686 absque
2021 2615 2190 2671 sordi-

618 2709 720 2765 bus
750 2725 1031 2779 resurgere
1061 2712 1278 2778 poterit,
1311 2725 1410 2765 nec
1444 2710 1604 2764 ullam
1635 2723 1794 2779 posse
1831 2710 2067 2764 animam
2098 2723 2185 2762 re-

618 2800 783 2869 periri
840 2816 961 2868 qua:
991 2801 1261 2854 universis
1295 2800 1478 2855 statim
1520 2799 1666 2853 vitiis
1687 2808 1891 2854 careat.
1922 2817 1941 2851 ι
1974 2798 2189 2855 Erroris

619 2904 807 2946 notam
845 2893 1040 2946 merito
1075 2893 1158 2946 his
1189 2893 1356 2946 inurit
1377 2891 1738 2946 Bellarminus
1772 2891 1866 2945 lib.
1893 2906 1934 2946 ll
1966 2890 2042 2945 De
2065 2907 2189 2959 pur-

617 2985 845 3052 gatorio,
876 2999 994 3054 cap.
1031 2984 1085 3050 9,
1128 2984 1274 3053 quod
1324 2999 1392 3038 ex
1421 2983 1718 3053 Scriptum
1762 2981 1921 3038 eliato
1947 2991 2072 3052 post
2101 2997 2187 3038 re-

2291 1887 2529 1940 monium
2555 1898 2800 1956 usurpat,
2830 1887 2973 1956 quod
3001 1897 3082 1942 est
3113 1888 3132 1942 Ι
3168 1889 3296 1944 Cor.
3329 1905 3417 1956 xv,
3445 1891 3532 1956 26,
3566 1910 3583 1942 ι
3609 1891 3798 1947 Novissi-

2289 1991 2376 2030 ma
2401 1985 2580 2030 autem
2604 1977 2822 2032 inimica
2848 1977 3160 2034 destruetur
3186 1995 3356 2046 mors,
3385 1999 3404 2034 ι
3441 1981 3644 2038 minime
3673 1983 3796 2038 siler.-

2292 2067 2367 2121 tio
2387 2067 2679 2136 premenda
2711 2066 2925 2121 videtur
2945 2067 3109 2122 allata
3134 2069 3200 2124 ab
3232 2084 3300 2126 eo
3330 2069 3434 2125 loci
3456 2070 3605 2141 hujus
3633 2075 3798 2143 exposi-

2291 2157 2386 2212 tio.
2434 2156 2660 2212 Mortem
2694 2157 2874 2227 itaque
2901 2157 3173 2212 diabolum
3213 2159 3521 2230 signiﬁcare
3555 2162 3795 2225 existimat.

2289 2262 2447 2317 quem
2479 2249 2552 2303 ita
2589 2250 2923 2304 destructum
2966 2248 3028 2302 iri
3057 2259 3229 2320 putat,
3255 2261 3518 2320 quatenus
3546 2253 3686 2323 impia
3711 2254 3797 2321 ejus

2288 2349 2391 2394 eta
2421 2339 2528 2395 Deo
2563 2355 2750 2395 aversa
2779 2339 3029 2395 voluntas
3063 2343 3482 2410 expugnabitur.
3524 2343 3694 2399 Demus
3714 2346 3795 2414 ipsa

2288 2433 2451 2488 verba
2474 2447 2504 2488 e
2527 2431 2618 2486 lib.
2658 2448 2716 2488 tu
2749 2433 2888 2501 Περὶ
2921 2431 3143 2503 ἀρχῶν,
3175 2449 3300 2504 cap.
3334 2433 3390 2500 6,
3418 2450 3557 2488 num.
3583 2434 3645 2490 5:
3675 2435 3798 2490 «Ριο.

2291 2533 2472 2593 pterea
2505 2539 2736 2594 namque
2759 2525 2918 2579 etiam
2951 2525 3273 2580 novissimus
3309 2525 3568 2592 inimicus,
3593 2524 3669 2594 qui
3689 2538 3793 2578 mors

2289 2616 2608 2686 appellatur,
2640 2619 2846 2673 destrui
2876 2617 3094 2684 dicitur,
3127 2627 3184 2672 ut
3213 2631 3390 2687 neque
3438 2617 3567 2672 ultra
3601 2618 3725 2671 triste
3747 2615 3794 2669 sit

2289 2710 2514 2779 aliquid,
2552 2710 2639 2764 ubi
2669 2726 2814 2766 mors
2845 2727 2950 2766 non
2979 2723 3083 2774 est,
3123 2726 3304 2780 neque
3339 2710 3609 2765 adversum
3633 2709 3709 2772 sit,
3728 2707 3791 2762 ubi

2288 2817 2394 2856 non
2428 2810 2511 2856 est
2539 2802 2809 2858 inimicus.
2853 2803 3068 2858 Destrui
3094 2817 3224 2858 sane
3249 2802 3568 2856 novissimus
3592 2800 3791 2857 inimicus

2289 2889 2363 2945 ita
2393 2889 2768 2961 intelligendus
2789 2902 2893 2959 est,
2937 2907 3043 2948 non
3085 2901 3142 2947 ut
3168 2893 3469 2948 substantia
3507 2891 3631 2962 ejus,
3653 2904 3745 2960 qua:
3768 2902 3790 2941 a

2290 2982 2402 3038 Deo
2431 2983 2572 3038 facta
2605 2991 2708 3051 est,
2741 2995 2959 3054 pereat;
3010 2985 3103 3040 sed
3133 2993 3190 3038 ut
3209 2986 3566 3055 propositum,
3588 2994 3635 3038 et
3652 2983 3794 3038 volun-

617 3075 1012 3130 sur-rectionem
1037 3085 1091 3130 et
1119 3075 1385 3146 judicium
1413 3073 1556 3128 nulla
1586 3074 1818 3144 supersit
1853 3073 2186 3128 emendatio—
2213 3111 2256 3169 ο
2293 3084 2373 3131 tas
2399 3076 2640 3142 inimica,
2679 3093 2799 3148 qua:
2836 3093 2940 3133 non
2972 3093 3000 3132 a
3049 3077 3180 3146 Deo,
3213 3079 3312 3134 sed
3344 3079 3409 3133 ab
3435 3079 3545 3148 ipso
3569 3074 3790 3148 processit,

617 3167 706 3222 nis
737 3181 878 3237 spes.
912 3167 983 3220 At
1031 3183 1095 3221 ea
1137 3167 1390 3222 mendosa
1434 3184 1572 3232 esse,
1603 3177 1658 3222 et
1682 3167 1809 3222 vitio
1839 3167 2178 3222 librariorum

614 3270 874 3330 corrupta
930 3269 1081 3329 putat
1134 3259 1339 3316 Suarez
1392 3270 1521 3316 tom.
1555 3261 1622 3317 IV
1673 3261 1727 3315 in
1765 3275 1824 3314 ιιι
1867 3259 1930 3315 S.
1969 3259 2178 3325 Thom.,

615 3362 808 3420 quaest.
839 3350 927 3415 46,
967 3361 1105 3406 sect.
1139 3351 1193 3419 5,
1227 3354 1484 3421 quoniam
1524 3353 1630 3408 illis
1669 3368 1734 3407 ex
1768 3352 1998 3407 adverso
2025 3367 2183 3421 repu-

617 3452 790 3512 gnant
814 3458 934 3512 qua.
968 3444 1280 3512 praecedunt
1311 3444 1363 3497 in
1394 3445 1582 3499 eadem
1613 3442 1852 3509 humilia,
1884 3443 2037 3498 nel’as
2064 3457 2184 3498 esse

614 3535 857 3604 cogitare
890 3536 1132 3588 futurum
1179 3545 1238 3589 ut
1266 3537 1470 3590 sordidi
1511 3547 1567 3591 et
1596 3535 1783 3606 polluti
1815 3540 2205 3606 resurgmnus.‘

617 3627 726 3680 Sed
756 3635 959 3679 lautam
984 3641 1107 3684 esse
1133 3637 1311 3681 tamen
1353 3627 1404 3681 in
1430 3629 1613 3683 multis
1643 3629 2032 3684 haesitationem
2060 3628 2182 3684 Ori-

611 3717 766 3786 genis
796 3718 1267 3787 deprehendimus,
1295 3728 1354 3772 ut
1380 3733 1574 3773 novum
1610 3719 1738 3772 mihi
1768 3734 1870 3773 non
1901 3718 1972 3772 sit
1995 3719 2182 3773 eadem

617 3809 834 3863 liomilia
861 3809 1073 3864 diversa
1095 3825 1216 3863 eum
1241 3820 1294 3865 et
1323 3811 1614 3880 pugnantia
1638 3809 1952 3880 prodidisse.
1989 3811 2185 3864 Praedi-

615 3905 808 3948 eantur
840 3897 1004 3950 etiam
1061 3899 1400 3966 apertissime
1455 3899 1753 3968 piaculares
1793 3913 1964 3970 pmnae
1999 3900 2182 3953 homil.

618 3982 686 4037 l6
721 3985 775 4036 in
813 3984 1036 4050 Jerem.,
1105 4003 1254 4040 num.
1295 3987 1346 4052 5,
1387 4005 1522 4054 cum
1571 4001 1941 4060 superstructa
1994 3992 2187 4046 animae

618 4091 831 4139 aurum,
865 4086 1174 4147 argentum,
1221 4079 1383 4149 ligna,
1427 4081 1608 4133 fenum
1669 4090 1723 4135 et
1775 4082 2023 4150 stipulam
2063 4082 2186 4152 igne

617 4167 892 4237 probanda
926 4184 1046 4223 esse
1081 4169 1244 4236 dicit;
1283 4170 1479 4224 deinde
1513 4173 1588 4224 ait
1645 4189 1793 4227 num.
1837 4174 1870 4224 6
1912 4192 1924 4226 :
1981 4175 2044 4227 Τί
2093 4170 2185 4228 οὖν

616 4260 834 4332 πρῶτον
865 4261 1148 4316 ἀκολουθεῖ
1185 4264 1472 4316 ἀπολαϐεῖν
1508 4263 1596 4317 διὰ
1625 4267 1694 4318 τὰ
1722 4265 1880 4332 ξύλας
1917 4267 2072 4337 δῆλον
2104 4269 2184 4321 ὃτι

613 4351 678 4406 τὸ
707 4351 817 4425 πῦρ
850 4353 911 4407 τὸ
955 4353 1240 4408 ἀναλίσκον
1281 4355 1348 4408 τά
1381 4355 1529 4421 ξύλα,
1567 4359 1660 4410 καὶ
1705 4358 1794 4410 τὸν
1841 4359 2050 4429 χόρτον,
2091 4360 2186 4413 καὶ

2289 3167 2520 3223 intereat
2543 3183 2559 3235 ;
2581 3187 2600 3220 ι
2626 3180 2680 3223 et
2705 3171 2898 3224 ista‘ex
2924 3170 3106 3224 homil.
3138 3171 3170 3226 8
3196 3171 3249 3224 in
3272 3168 3458 3232 Josue,
3483 3167 3676 3222 numJ.
3703 3185 3718 3217 ι
3740 3164 3795 3218 De

2286 3260 2498 3316 diabolo
2522 3271 2700 3316 autem
2730 3263 2932 3328 dicens,
2967 3264 3042 3316 ait
3073 3281 3088 3319 :
3115 3263 3472 3318 Novisssimus
3495 3262 3704 3315 inimicus
3727 3258 3795 3311 de-

2282 3363 2518 3408 struetur
2543 3370 2682 3408 mors
2706 3354 2773 3419 ⁸⁷,
2798 3354 2923 3424 quia
2961 3369 3089 3409 vere
3118 3364 3246 3408 tunc
3271 3355 3512 3408 vincetur
3539 3367 3680 3415 mors,
3699 3364 3790 3404 cum

2285 3443 2514 3498 mortale
2542 3445 2642 3498 hoc
2666 3443 3043 3498 absorbebitur
3065 3459 3094 3496 a
3117 3444 3243 3500 vita.
3273 3463 3294 3496 ι
3324 3445 3478 3500 Certe
3502 3443 3709 3508 Hebr.u,
3729 3439 3790 3504 ιι,

2285 3538 2472 3591 mortis
2504 3537 2718 3606 quidem
2770 3536 3055 3605 imperium
3101 3536 3348 3591 diabolus
3384 3536 3572 3590 habere
3611 3533 3793 3595 dicitur;

2284 3640 2340 3682 at
2372 3645 2401 3682 a
2432 3639 2605 3683 morte
2633 3637 2807 3682 tamen
2844 3628 3212 3696 distinguitur,
3245 3645 3262 3677 ι
3293 3638 3350 3682 ιιι
3383 3642 3476 3696 per
3504 3635 3700 3680 mortem
3725 3622 3794 3676 de-

2284 3730 2522 3776 strueret
2547 3737 2670 3775 eum
2709 3721 2800 3788 qui
2855 3719 3089 3774 habebat
3120 3719 3310 3772 mortis
3340 3718 3624 3788 imperium,
3664 3714 3707 3769 id
3736 3722 3796 3766 est

2287 3812 2579 3868 diabolum.
2608 3830 2626 3863 ι
2679 3811 2831 3878 Quod
2877 3825 3149 3881 exponens
3185 3810 3448 3882 Origenes
3493 3820 3609 3865 tom.
3645 3822 3726 3861 snt
3754 3807 3795 3857 in

2286 3903 2500 3969 Matth.,
2537 3920 2685 3958 uutn.
2721 3902 2772 3964 9,
2811 3919 2933 3973 pag.
2959 3903 3082 3965 582,
3123 3903 3341 3974 Κράτος
3378 3903 3433 3956 δὲ
3477 3900 3690 3964 θανάτου,
3733 3899 3796 3950 in-

2285 3994 2421 4058 quit,
2447 3992 2728 4064 νομιστέον
2760 3992 2904 4063 ἔχειν
2938 3993 3029 4046 τὸν
3058 3994 3324 4060 διάϐολον,
3358 3995 3418 4047 οὐ
3444 3994 3534 4048 τοῦ
3567 3991 3700 4064 μέσου
3720 3987 3794 4043 καὶ

2285 4083 2602 4154 ἀδιαφόρου,
2661 4083 2782 4136 καθ’
2815 4084 2873 4138 ὃν
2927 4085 3360 4156 ἀποθνήσκουσιν
3405 4087 3455 4139 οἱ
3500 4083 3706 4138 σύνθετοι
3745 4083 3796 4133 ἐκ

2284 4173 2459 4244 ψυχῆς
2485 4173 2579 4227 καὶ
2619 4173 2887 4245 σώματος,
2935 4174 3310 4246 χωριζομένης
3355 4176 3524 4230 αὐτῶν
3548 4175 3634 4245 τῆς
3657 4171 3793 4242 ψυχῆς

2285 4265 2392 4319 ἀπὸ
2421 4265 2513 4319 τοῦ
2549 4265 2800 4337 σώματος
2823 4283 2836 4296 ⁸
2871 4267 3006 4320 ἀλλά
3037 4268 3131 4321 τοῦ
3163 4270 3408 4322 ἐναντίου
3430 4270 3518 4322 καὶ
3536 4265 3704 4337 ἐχθροῦ
3721 4262 3791 4314 τοῦ

2287 4357 2528 4422 εἰπόντος
2551 4374 2564 4388 ⁸
2619 4358 2758 4427 Ἐγώ
2785 4359 2968 4427 εἰμι,ή
3017 4357 3126 4428 ζωὴ
3151 4359 3217 4425 ⁸⁸,
3258 4360 3381 4415 καθ’
3409 4361 3465 4414 ὃν
3498 4357 3627 4429 ψυχὴ
3655 4357 3792 4426 ἀμαρ-

614 4443 716 4516 τὴν
741 4445 1026 4517 καλάμην·
1069 4456 1121 4501 et
1146 4458 1355 4514 postea,
1393 4447 1648 4515 quoniam
1696 4448 1951 4517 scriptum
1985 4459 2066 4503 est
2093 4447 2183 4504 Je-
2212 4447 2220 4503 l

1564 4463 1648 4500 am
1696 4448 1951 4517 scriptum
1985 4459 2066 4503 est
2093 4447 2183 4504 Je-
2212 4447 2257 4503 D
2282 4447 2536 4513 τάνουσα,
2562 4449 2700 4521 αὕτη
2733 4450 3080 4505 ἀποθανεῖται
3105 4451 3170 4505 ⁸⁸.

620 4550 756 4590 rem.
792 4551 906 4602 xvi,
941 4538 1005 4592 18
1041 4555 1054 4590 :
1087 4555 1104 4588 ι
1131 4537 1199 4591 Ει
1227 4538 1443 4592 reddam
1467 4537 1696 4606 primum
1723 4537 1962 4608 duplices
1990 4540 2189 4608 iniqui-

621 4633 762 4678 tates
792 4639 996 4679 eorum.
1027 4646 1044 4678 ι
1114 4628 1469 4696 Ἀναγκαίως,
1515 4627 1707 4697 inquit,
1757 4627 2077 4700 πρόσκειται
2125 4630 2188 4682 τὸ

619 4717 833 4789 πρῶτον
852 4733 866 4748 ⁸
898 4718 1111 4789 πρῶτον
1142 4720 1250 4792 γὰρ
1276 4723 1345 4776 τὰ
1365 4721 1466 4792 τῆς
1492 4721 1721 4787 ἀδικίας,
1751 4723 1869 4776 εἶτα
1894 4723 1962 4777 τὰ
1989 4724 2086 4795 τῆς
2113 4724 2189 4777 δι-

619 4805 911 4878 καιοσύνης
953 4807 1278 4865 ἀποδίδοται.
1321 4811 1460 4877 Qttin
1505 4812 1670 4867 etiam
1719 4811 1811 4866 lib.
1843 4830 1881 4868 ll
1917 4814 2055 4882 Περὶ
2083 4815 2187 4883 ἁρ-

620 4897 766 4966 χῶν,
801 4914 920 4970 cap.
955 4898 1040 4963 10,
1078 4917 1224 4958 num.
1252 4902 1306 4970 5,
1341 4905 1572 4959 animam
1614 4920 1710 4975 per
1738 4915 2016 4976 peccatum
2040 4908 2187 4962 ordi-

621 5004 744 5043 nem
774 5005 931 5044 suum
977 4990 1230 5046 deserere
1275 4993 1370 5060 ait,
1411 5003 1466 5048 et
1507 5011 1537 5048 a
1569 5010 1824 5066 compage
1876 4997 1962 5050 cui
2010 5012 2040 5050 a
2076 4997 2185 5054 Deo

621 5078 783 5135 fuerit
815 5082 1012 5138 innexa
1053 5082 1231 5138 divelli
1258 5099 1275 5150 ;
1308 5094 1364 5138 et
1389 5085 1628 5143 adhibito
1665 5089 1788 5156 igne
1826 5105 1846 5139 ι
1873 5087 1992 5142 sine
2023 5090 2185 5145 dubio

622 5173 688 5226 ad
714 5173 1005 5230 ﬁrmiorem
1029 5174 1458 5247 suicompagem,
1488 5179 2040 5249 instaurationemque
2056 5181 2186 5236 soli-

621 5261 738 5317 dari
760 5281 774 5328 ;
797 5280 819 5316 ι
838 5279 937 5320 nec
963 5267 1131 5320 multo
1160 5277 1285 5337 post
1317 5283 1467 5323 num.
1497 5267 1566 5322 6:
1591 5287 1610 5321 ι
1634 5269 1898 5336 Quoniam
1927 5283 2102 5328 autem
2129 5281 2186 5328 et

620 5367 684 5408 ea
714 5369 870 5424 paena
886 5373 1004 5425 quae
1020 5373 1114 5428 per
1145 5360 1320 5430 ignem
1341 5359 1528 5414 inferri
1563 5363 1782 5430 dicitur,
1801 5380 1898 5434 pro
1920 5363 2183 5433 adjutorio

623 5445 937 5517 intelligitur
958 5451 1220 5518 adhiberi,
1238 5452 1403 5508 Isaias
1421 5455 1688 5524 docet,qui
1707 5455 1772 5510 de
1791 5456 1953 5511 Israel
1968 5457 2183 5526 quidem

613 5539 701 5619 _sic
757 5539 931 5595 dicit:
970 5541 1155 5596 Ablue!
1191 5543 1446 5599 Dominus
1487 5546 1665 5600 sordes
1703 5532 1938 5616 ﬁliorum
1983 5549 2063 5604 vel
2119 5552 2186 5620 fi-

615 5715 617 5718 ,
696 5650 740 5682 "'
766 5651 871 5726 Isa2
905 5670 982 5726 tv.
1011 5656 1080 5726 t.
1168 5653 1334 5712 “Isa.
1372 5673 1537 5726 xt.vtt,
1567 5659 1651 5715 14.

615 5726 682 5790 et
704 5734 813 5785 xiv,
844 5724 898 5778 6.
973 5725 1016 5757 δ’
1044 5724 1241 5782 Ezech.
1270 5741 1423 5796 xvm,
1447 5730 1501 5784 4.

2355 4541 2488 4597 Cum
2524 4543 2600 4596 ait
2631 4557 2876 4598 aversam
2904 4561 2932 4596 a
2957 4543 3067 4598 Deo
3095 4543 3296 4600 diaboli
3340 4543 3649 4600 voluntatem
3673 4535 3788 4596 olim.

2285 4633 2402 4689 fore
2435 4634 2841 4697 conterendam,
2898 4634 3030 4689 satis
3059 4621 3332 4704 signiﬁcat
3377 4650 3437 4691 se
3472 4648 3534 4689 ne
3570 4633 3787 4687 daemones

2286 4723 2503 4795 quidem
2531 4723 2599 4779 ab
2629 4733 2830 4779 aeterna
2871 4724 3126 4781 felicitate
3158 4726 3464 4783 excludere.
3501 4723 3599 4779 Sed
3633 4718 3787 4774 clarius

2286 4815 2531 4872 etiamid
2560 4818 2832 4873 evincitur
2876 4832 2941 4872 ex
2986 4819 3294 4887 dogmatum
3330 4819 3494 4889 ipsius
3521 4813 3727 4882 sequela,
3749 4813 3786 4860 εί

2285 4924 2348 4964 ex
2385 4907 2485 4964 hoc
2529 4913 2645 4965 loco
2675 4924 2707 4965 e
2743 4909 2835 4965 lib.
2869 4926 2887 4964 ι
2934 4909 3073 4979 Περὶ
3107 4910 3326 4980 ἀρχῶν,
3366 4925 3482 4982 cap.
3509 4907 3560 4970 6.
3597 4918 3720 4960 num.
3744 4899 3783 4961 5.

2283 5015 2442 5070 quem
2467 5009 2521 5056 et
2541 5017 2700 5070 supra
2730 5001 2841 5071 jam
2866 5003 3206 5068 adduximus,
3252 5012 3307 5059 et
3335 5003 3423 5058 hic
3453 5011 3648 5071 quoque
3671 5004 3785 5061 "Pe'

2284 5101 2456 5148 temus
2503 5110 2518 5148 :
2555 5094 2710 5150 «Jam
2747 5109 2877 5149 vero
2932 5095 2977 5150 si
3007 5095 3169 5166 aliqui
3221 5095 3404 5150 exlhis
3441 5091 3689 5148 ordinibus
3715 5078 3783 5152 qui

2281 5186 2382 5240 sub
2401 5186 2702 5255 principatu
2728 5187 2924 5240 diaboli
2953 5196 3137 5257 agunt,
3175 5202 3240 5242 ac
3260 5185 3471 5241 malitiae
3498 5182 3603 5252 ejus
3626 5178 3784 5232 obtem-

2285 5287 2498 5346 perant,
2541 5287 2792 5348 poterunt
2823 5277 3112 5350 aliquando
3149 5280 3202 5334 in
3233 5279 3424 5333 futuris
3464 5271 3782 5360 σκευῆς-ξυιυς

2287 5371 2424 5424 verti
2453 5371 2519 5426 ad
2575 5371 2894 5437 bonitatem,
2927 5387 3025 5441 pro
3051 5387 3114 5427 eo
3142 5370 3282 5442 quod
3307 5378 3388 5424 est
3427 5368 3482 5422 in
3528 5362 3640 5433 ipsis
3663 5358 3780 5411 liberi

2289 5460 2518 5518 facultas
2551 5463 2762 5518 arbitrii
2792 5477 2808 5516 :
2840 5480 2906 5518 an
2951 5479 3082 5519 vero
3114 5477 3428 5533 permanens
3458 5467 3510 5514 et
3538 5453 3778 5510 inveterala

2291 5556 2493 5610 malitia
2524 5556 2673 5610 velut
2709 5540 2760 5611 in
2791 5567 3037 5612 naturam
3061 5558 3342 5629 quamdam
3375 5570 3438 5609 ex
3459 5537 3778 5606 consuetudine

1753 5661 1798 5695 "
1824 5660 1924 5718 lsa.
1953 5677 2007 5733 ι,
2045 5663 2132 5718 i7.
2233 5666 2280 5700 ⁸⁸
2315 5668 2542 5726 Malach.
2579 5686 2665 5740 ιιι,
2687 5671 2741 5730 5.
2815 5672 2860 5706 ⁸⁷
2885 5670 2906 5726 l
2935 5671 3061 5729 Cor.
3089 5685 3178 5742 xv,
3207 5669 3293 5728 ‘26.
3366 5665 3572 5724 “Joan.
3604 5672 3668 5736 xit,
3694 5648 3774 5710 353
