4068 6308
286 307 435 365 Ιοὲθ

1110 303 1682 363 ΟΒΙΟΕΝΙΑΝΟΒΠΜ
1722 303 1850 358 LIB.
1892 303 1953 367 II,
1994 301 2145 358 CAP.
2188 300 2249 367 II,
2285 300 2561 367 QUIEST.
2606 300 2692 354 XI.

3413 305 3548 362 1050

280 430 663 491 convertatur,
696 426 859 481 etiam
889 434 943 480 tu
975 424 1065 494 qui
1099 424 1233 494 legis
1254 425 1502 494 probato,
1534 425 1577 478 si
1606 424 1869 479 omnimo-
1898 433 1941 487 Α
1974 433 2116 491 ptam
2150 423 2534 477 beatitudinem
2588 420 2883 491 possidere.
2930 438 2951 473 ι
3000 419 3201 487 Quibus
3239 432 3294 478 et
3321 423 3432 478 luce
3456 426 3549 479 ad-

283 516 357 569 de
393 532 567 586 neque
594 517 648 571 in
679 518 765 572 his
798 534 917 587 qua:
944 518 1198 571 videntur
1225 516 1610 585 temporalibus
1638 516 1868 580 szeculis,

282 622 473 678 neque
513 610 568 664 in
592 610 677 664 his
708 625 826 679 quae
853 626 958 664 non
994 609 1263 676 videntur,
1296 620 1350 665 et
1377 620 1577 666 :rterna
1608 623 1752 678 sunt,
1787 628 1874 681 pe-

252 698 444 779 :nitus
494 716 621 770 pars
668 702 767 757 ista
808 703 875 754 ab
901 701 986 754 illa
1012 701 1174 755 etiam
1210 702 1356 757 finali
1421 704 1649 770 unitate,
1710 714 1873 774 atque

278 793 671 847 convenientia
701 792 1047 862 discrepabit.
1076 810 1094 843 ι
1128 790 1281 846 Jacet
1302 792 1488 847 eadem
1517 794 1782 848 sententia
1817 794 1869 848 in

278 884 414 941 istis
436 903 465 941 e
488 886 813 941 Corderiana
841 884 1046 940 Catena
1076 886 1129 939 in
1178 885 1459 948 Joannem,
1490 886 1556 939 ad
1581 884 1737 939 Joan.
1769 902 1867 951 xu,

274 978 345 1032 ’51
398 998 410 1032 :
452 979 523 1031 Τὸ
564 981 621 1031 ἐν
679 977 756 1047 τῷ
802 977 1020 1049 σταυρῷ
1080 977 1309 1048 πάθημα
1361 978 1527 1032 αὐτοῦ
1572 980 1751 1051 κρίσις
1802 975 1872 1050 ἦν

272 1068 379 1122 τοῦ
419 1070 620 1141 κόσμου
678 1070 865 1123 τούτου
919 1070 1151 1134 παντός’
1186 1070 1414 1143 ἐπείπερ
1454 1072 1872 1143 εἰρηνοποιήσας

272 1159 373 1213 διὰ
406 1161 497 1215 τοῦ
522 1162 751 1232 αἵματος
765 1162 859 1214 τοῦ
886 1163 1121 1233 σταυροῦ
1152 1163 1367 1227 ἑαυτοῦ,
1397 1162 1508 1216 εἴτε
1532 1162 1602 1217 τὰ
1627 1164 1719 1216 ἐπὶ
1744 1163 1867 1235 γῆς,

273 1253 397 1306 εἴτε
422 1253 489 1307 τὰ
513 1254 569 1306 ἐν
590 1254 859 1324 οὐρανοῖς,
898 1255 1037 1326 μετὰ
1068 1256 1482 1328 θριαμϐεύσεως
1513 1258 1570 1309 ἐν
1595 1255 1673 1327 τῷ
1705 1256 1866 1328 ξύλῳ,

272 1343 347 1407 ἃς
376 1345 712 1400 ἐπεκδύσατο
747 1347 922 1418 ἀρχὰς
951 1347 1043 1399 καὶ
1070 1347 1338 1413 ἐξουσίας,
1380 1347 1633 1403 ἐκάθισεν
1663 1350 1722 1402 ἐν
1754 1350 1870 1411 τοῖς

275 1438 648 1510 ἐπουρανίοις,
689 1438 1059 1502 ἀποκαθιστὰς
1108 1439 1285 1493 πάντα
1316 1442 1407 1493 ἐπὶ
1438 1441 1498 1494 τὸ
1535 1440 1749 1511 ἑκάστῳ
1772 1442 1869 1511 ἁρ-

278 1528 451 1600 μόζον
489 1530 583 1583 καὶ
627 1529 835 1601 πρέπον
865 1530 1033 1592 τέλος.
1076 1550 1094 1582 ε
1117 1530 1261 1586 Mors
1300 1532 1439 1601 ejus,
1473 1546 1567 1586 seu
1615 1532 1667 1585 in
1707 1547 1870 1587 cruce

276 1622 490 1699 passio,
514 1622 776 1691 judicium
826 1632 943 1677 erat
975 1623 1211 1679 universi
1241 1626 1448 1689 mundi,
1484 1625 1739 1694 quoniam
1784 1624 1865 1680 ef-

278 1712 406 1769 fuso
433 1714 485 1768 in
525 1729 686 1769 cruce
713 1714 976 1783 sanguine
997 1731 1095 1769 suo
1122 1731 1309 1784 pacem
1335 1716 1646 1771 conciliavit
1672 1725 1778 1770 tam
1810 1718 1862 1771 in

278 1814 433 1861 terra
464 1820 624 1875 quam
660 1806 711 1859 in
745 1806 917 1873 cmlis,
951 1807 1074 1861 dum
1108 1817 1227 1877 post
1260 1808 1583 1877 triumphum
1614 1810 1667 1863 in
1697 1810 1861 1879 ligno,

278 1914 422 1968 quos
460 1906 688 1954 exuerat
718 1898 1054 1968 principatus
1081 1914 1144 1953 ac
1172 1907 1481 1967 :potestates
1508 1900 1787 1954 constituit
1811 1902 1862 1955 in

280 1990 619 2053 coelestibus,
666 1987 921 2043 universa
954 1988 1021 2043 ad
1065 1990 1471 2045 convenientem
1509 1990 1768 2059 cujusque
1798 1994 1863 2045 ti-

281 2072 409 2134 nem
433 2080 746 2149 perducens.
773 2098 791 2131 ι

369 2170 499 2225 XIX.
536 2170 801 2227 Caeterum
840 2187 947 2228 non
975 2187 1255 2241 poenarum
1287 2175 1580 2240 'duntaxat,
1624 2174 1716 2230 sed
1746 2174 1864 2231 feli-

282 2262 470 2316 citatis
511 2263 670 2316 etiam
708 2273 916 2333 tempus
950 2265 1115 2319 certis
1153 2264 1627 2336 circumscriptum
1676 2269 1862 2325 terrui-

282 2355 371 2409 nis
408 2369 527 2409 esse
566 2355 755 2422 voluit,
797 2356 1117 2425 animasque
1157 2357 1224 2411 ad
1258 2358 1615 2427 perfectionis
1646 2359 1859 2415 culmen

278 2457 518 2512 evectas,
544 2457 596 2502 et
628 2447 841 2517 peccati
874 2463 937 2502 ac
967 2463 1241 2518 corporea:
1292 2449 1448 2504 molis
1478 2451 1731 2506 sordibus
1762 2467 1859 2507 ex-

280 2548 556 2610 purgatas,
587 2540 767 2594 statim
809 2549 971 2610 atque
1013 2556 1042 2594 a
1086 2542 1287 2596 virtute
1317 2541 1369 2595 in
1412 2541 1598 2597 vitium
1622 2542 1858 2600 deﬂexe-

280 2632 411 2696 rint,
446 2634 496 2685 in
525 2632 808 2687 crassioris
827 2632 1073 2701 corporis
1097 2647 1370 2688 carcerem
1409 2635 1697 2706 compingi.
1726 2634 1859 2690 Ver-

276 2721 348 2777 ba
383 2719 635 2791 Origenis
670 2737 699 2775 e
724 2720 819 2775 lib.
869 2737 908 2773 ιι
944 2720 1020 2775 De
1045 2721 1269 2791 princip.
1307 2721 1464 2777 aﬂ‘ert
1500 2724 1856 2792 Jttslinianus,

277 2815 475 2884 quibus
502 2829 728 2884 corpora
771 2815 1057 2869 interitura
1096 2816 1369 2881 dicuntur,
1419 2831 1542 2871 cum
1574 2817 1682 2872 Deo
1731 2820 1857 2874 SIIII-

272 2905 418 2974 jecta
458 2906 655 2961 fuerint
685 2906 885 2973 omnia,
917 2905 1018 2976 τῆς
1047 2905 1154 2959 τῶν
1187 2907 1455 2976 σωμάτων
1484 2907 1698 2977 φύσεως
1728 2910 1858 2963 ὑπο-

278 2997 620 3070 στησομένης
651 2997 921 3068 δεύτερον,
959 2998 1054 3050 ἐὰν
1093 2998 1255 3051 πάλιν
1286 2996 1480 3066 λογικὰ
1517 3000 1854 3074 ὑποκαταϐῇ,

282 3108 303 3141 ι
328 3106 452 3145 cum
511 3090 706 3145 iterum
766 3092 1066 3162 reparanda
1098 3092 1170 3147 sit
1200 3106 1489 3162 curpormn
1548 3105 1766 3160 natura,
1807 3097 1852 3150 si

276 3197 500 3238 rursum
555 3182 837 3239 rationalia
872 3185 1223 3241 descendant.
1250 3203 1269 3236 ι
1313 3184 1485 3239 Aii‘ert
1530 3194 1584 3241 et
1630 3187 1733 3241 alia
1788 3202 1855 3242 ex

276 3281 474 3341 quarto
495 3274 663 3343 libro,
702 3274 895 3342 quibus
933 3289 1221 3344 corporum
1260 3286 1512 3331 naturam
1547 3293 1643 3346 per
1684 3279 1857 3334 inter-

274 3362 417 3419 valla
446 3365 707 3419 exsistere
728 3365 905 3429 docet,
941 3365 1029 3420 διά
1051 3384 1169 3421 τινα
1192 3366 1573 3439 συμπτώματα
1599 3371 1857 3442 γινόμενα

275 3459 408 3528 περὶ
463 3457 531 3511 τὰ
560 3457 770 3527 λογικὰ,
810 3458 1039 3530 δεόμενα
1090 3461 1389 3531 σωμάτων·
1432 3464 1527 3516 καὶ
1568 3462 1730 3518 πάλιν
1759 3465 1858 3535 τῆς

275 3550 701 3623 ἐπανορθώσεως
726 3552 944 3616 τελείως
966 3553 1256 3625 γινομένης
1280 3557 1359 3617 εἰς
1376 3554 1436 3623 τὸ
1467 3555 1541 3627 μὴ
1564 3552 1702 3611 εἶναι
1730 3557 1859 3610 ἀνα-

275 3642 500 3696 λύεσθαι
553 3645 747 3711 ταῦτα,
793 3643 933 3698 ὥστε
958 3646 1116 3699 τοῦτο
1152 3646 1239 3699 ἀεὶ
1266 3646 1529 3715 γίνεσθαι.
1590 3665 1609 3700 ι
1632 3647 1858 3719 Propter

278 3737 542 3805 quosdam
589 3736 769 3806 lapsus
808 3739 969 3795 rebus
1016 3739 1228 3794 ratione
1272 3739 1600 3808 pollentibus
1642 3744 1855 3796 contin-

278 3841 489 3896 gentes,
546 3845 665 3900 qua:
687 3831 1001 3901 corporibus
1038 3831 1316 3901 indigent;
1376 3842 1433 3887 et
1468 3848 1683 3888 rursum
1716 3834 1857 3890 facta

279 3922 661 3977 emendatione
688 3924 949 3992 perfecta,
981 3923 1201 3979 dissolvi
1233 3924 1321 3979 illa
1357 3924 1410 3978 in
1448 3926 1696 3992 nihilum,
1724 3928 1857 3981 adeo

280 4021 342 4068 ut
368 4014 420 4067 id
451 4029 663 4083 semper
693 4014 800 4068 fiat.
826 4034 845 4066 ι
879 4015 1048 4071 Ati'ert
1068 4026 1121 4071 et
1148 4017 1253 4071 ista
1276 4031 1307 4071 e
1338 4015 1430 4073 lib.
1459 4032 1475 4070 ι
1504 4015 1861 4089 Hieronymus

279 4107 438 4177 epist.
472 4107 562 4172 59,
594 4107 660 4161 ad
694 4107 864 4171 Avit.,
896 4122 1016 4177 cap.
1045 4108 1071 4161 1
1109 4126 1124 4164 :
1159 4128 1177 4161 ι
1200 4107 1255 4162 In
1286 4109 1393 4164 line
1416 4117 1577 4179 atque
1606 4124 1858 4166 consum-

282 4201 519 4255 matione
556 4199 807 4254 mundi...
836 4199 948 4273 (50)
979 4216 1098 4256 cum
1138 4216 1328 4258 omnes
1369 4198 1598 4274 (anima!)
1634 4200 1858 4257 liberum

281 4293 518 4349 habeant
549 4294 857 4359 arbitrium,
903 4301 958 4349 et
985 4303 1173 4363 Sponte
1208 4310 1301 4349 sua
1344 4293 1428 4349 vel
1469 4294 1698 4350 virtutes
1736 4310 1861 4365 pos-

281 4385 392 4441 sint
423 4401 639 4457 capere,
665 4387 750 4441 vel
785 4387 935 4452 vitia,
961 4386 1063 4441 illae
1082 4388 1251 4442 multo
1281 4387 1337 4457 in
1359 4387 1527 4457 pejori
1552 4387 1861 4444 conditione

1970 517 2241 587 jungenda
2269 530 2300 570 e
2331 516 2469 570 libro
2493 516 2703 577 eodem,
2732 531 2851 584 cap.
2887 516 2939 579 1,
2973 531 3122 568 num.
3154 516 3215 569 21
3250 535 3262 570 :
3297 536 3314 565 ι
3337 516 3414 570 Ex
3440 531 3550 585 quo

1972 606 2278 674 opinamur,
2307 606 2562 676 quoniam
2592 606 2830 675 quidem,
2876 617 2936 659 ut
2961 604 3270 674 frequenter
3293 608 3550 674 diximus,

1974 696 2297 751 immortalis
2338 706 2422 751 est
2451 697 2635 751 anima
2665 705 2719 751 et
2749 706 2972 762 :eterna,
3009 699 3150 766 quod
3186 698 3237 751 in
3282 699 3464 754 multis
3496 710 3554 756 et

1973 790 2089 845 sine
2111 789 2213 844 fine
2248 789 2436 860 spatiis
2465 804 2561 858 per
2588 790 2852 845 immensa
2876 799 2931 844 et
2957 790 3169 844 diversa
3199 791 3396 845 saecula
3425 808 3550 861 pos-

1972 882 2129 938 sibile
2160 892 2265 946 est,
2292 893 2349 936 ut
2376 900 2403 935 a
2444 899 2654 937 summo
2682 885 2824 938 bono
2852 885 2916 937 ad
2948 882 3129 937 intima
3166 883 3303 937 mala
3331 884 3551 939 descen-

1971 976 2085 1039 dat,
2122 985 2178 1031 et
2218 975 2285 1029 ab
2332 974 2536 1031 ultimis
2576 976 2730 1031 malis
2773 977 2841 1031 ad
2891 992 3099 1031 summa
3147 977 3287 1032 bona
3335 992 3553 1046 repare-

1974 1075 2078 1119 tur.
2105 1084 2123 1116 ι

2042 1156 2157 1212 XX.
2194 1158 2343 1225 Quod
2398 1160 2443 1212 si
2501 1158 2625 1227 quis
2677 1159 2993 1229 dogmatum
3037 1160 3264 1214 istorum
3311 1159 3549 1228 requirat

1970 1250 2255 1319 originem,
2288 1253 2427 1305 sciat
2457 1252 2547 1305 ille
2577 1262 2772 1321 prazter
2796 1255 3045 1322 quaedam
3077 1252 3372 1321 Scriptura:
3400 1252 3550 1305 testi—

1973 1342 2175 1406 monia,
2208 1358 2328 1412 quae
2358 1359 2483 1397 mox
2510 1360 2537 1396 a
2566 1344 2719 1398 nobis
2764 1354 3189 1398 commemorata
3229 1354 3373 1408 sunt,
3407 1344 3549 1398 Ada-

1971 1434 2233 1487 mantium
2264 1449 2478 1504 quoque
2510 1436 2560 1488 in
2605 1450 2849 1489 errorem
2891 1436 3172 1490 induxisse
3199 1435 3339 1490 male
3377 1435 3548 1489 inter-

1970 1534 2240 1590 pretatum
2292 1524 2444 1588 illud,
2503 1524 2647 1592 quod
2686 1533 2866 1579 exstat
2911 1522 3060 1577 Isaiae
3091 1541 3246 1589 χχιιι,
3290 1524 3383 1591 22,
3436 1542 3455 1575 ι
3483 1524 3549 1580 Et

1969 1616 2292 1672 claudentur
2317 1616 2387 1671 ibi
2421 1619 2472 1671 in
2517 1633 2764 1683 carcere,
2793 1628 2846 1671 et
2891 1626 3011 1687 post
3059 1618 3256 1673 multos
3280 1618 3395 1672 dies
3417 1617 3550 1671 visi-

1973 1710 2272 1775 tabnntur;
2306 1728 2324 1762 ι
2373 1720 2427 1765 et
2458 1711 2558 1764 hoc
2598 1710 2757 1764 Joan.
2792 1728 2844 1777 κ,
2873 1711 2960 1773 16,
2993 1732 3010 1762 ι
3040 1710 3158 1765 Fiet
3193 1727 3358 1764 unum
3388 1711 3547 1778 ovile,

1893 1790 1936 1844 Β
1965 1811 2185 1857 et-unus
2205 1811 2413 1870 pastor,
2442 1821 2459 1853 ι
2491 1805 2631 1871 quod
2660 1803 2772 1869 ipse
2796 1802 2846 1854 in
2878 1803 3143 1871 dogmatis
3166 1802 3249 1856 sui
3274 1801 3552 1857 fulcimen-

1967 1904 2078 1950 tum
2125 1905 2349 1962 usurpat
2392 1894 2445 1947 in
2477 1897 2579 1949 line
2606 1893 2791 1948 homil.
2829 1893 2862 1947 6
2906 1895 2958 1947 in
2988 1893 3153 1947 Num.
3193 1895 3322 1950 Item
3358 1895 3485 1949 illud
3519 1911 3550 1950 e

1964 1986 2217 2058 parabola
2264 2001 2425 2055 quam
2462 1988 2712 2058 proponit
2756 1986 3007 2042 Christus
3055 1986 3247 2042 Matth.
3277 1990 3548 2074 xvm,15‘,

1965 2094 2089 2134 cum
2125 2092 2343 2132 servum
2374 2093 2602 2146 nequam
2638 2079 2811 2133 iratus
2850 2079 3099 2133 dominus
3123 2080 3291 2149 jussit
3316 2081 3545 2135 tortori—

1963 2167 2063 2222 bus
2089 2169 2248 2230 tradi,
2282 2170 2459 2238 quoad
2491 2168 2734 2223 debitum
2762 2170 3032 2240 integrum
3061 2172 3395 2227 refunderet.
3422 2172 3538 2227 Un-

1963 2261 2028 2315 de
2053 2260 2315 2330 Origenes
2341 2260 2526 2315 homil.
2554 2260 2624 2315 55
2652 2261 2706 2315 in
2736 2260 2891 2325 Luc.,
2940 2282 2958 2314 ι
2988 2262 3118 2329 Qua:
3144 2275 3226 2317 est
3250 2264 3330 2317 lex
3362 2280 3549 2319 carce-

1964 2353 2038 2407 ris
2066 2352 2220 2407 istius
2251 2352 2541 2423 (inferni)?
2572 2352 2686 2408 Non
2734 2355 2982 2423 egredior
3032 2370 3100 2408 ex
3143 2371 3230 2421 eo,
3263 2371 3435 2425 neque
3462 2371 3550 2411 me

1962 2455 2183 2502 exactor
2217 2447 2423 2516 patitur
2452 2448 2623 2513 exire,
2662 2448 2763 2503 nisi
2807 2449 3046 2503 debitum
3078 2464 3238 2504 omne
3272 2450 3547 2518 persolve-

1962 2554 2041 2595 ro.
2068 2558 2087 2591 ›
2132 2538 2334 2595 Fraudi
2383 2541 2433 2596 ei
2492 2541 2592 2595 fuit
2635 2556 2918 2611 perperam
2974 2552 3252 2613 acceptum
3299 2551 3356 2598 et
3396 2543 3542 2597 istud

1958 2632 2206 2701 Apostoli
2238 2632 2397 2689 Rom.
2422 2648 2497 2695 xi,
2535 2632 2626 2693 25,
2654 2632 2745 2698 26,
2797 2652 2813 2683 ι
2834 2633 3060 2688 Caecitas
3094 2649 3158 2688 ex
3190 2644 3345 2703 parte
3372 2636 3546 2689 conti-

1960 2726 2036 2794 git
2077 2726 2128 2779 in
2178 2725 2364 2787 Israel,
2414 2726 2590 2779 donec
2655 2724 2932 2794 plenitudo
2982 2726 3221 2796 gentium
3268 2727 3547 2794 intraret,

1957 2827 2011 2870 et
2034 2816 2114 2871 sic
2146 2818 2326 2872 omnis
2352 2815 2520 2872 Israel
2549 2816 2729 2872 salvus
2755 2817 2929 2873 fieret.
2957 2837 2974 2869 ι
3012 2816 3322 2872 Piaculares
3344 2829 3544 2884 autem,

1959 2924 2093 2980 quas
2124 2909 2257 2977 dixi,
2286 2919 2340 2965 et
2362 2910 2706 2981 purgatorias
2732 2924 2923 2979 pmnas
2972 2909 3058 2967 his
3082 2911 3326 2966 defendit
3360 2912 3545 2966 verbis

1958 3016 2025 3057 ex
2070 3001 2246 3057 ICor.
2297 3002 2507 3068 11512,
2562 3004 2615 3057 in
2677 3003 2873 3072 quibus
2936 3003 3361 3074 uniuscujusque
3410 3019 3548 3074 opus

1960 3094 2083 3164 igne
2120 3095 2486 3150 examinatum
2526 3096 2591 3150 iri
2627 3094 2829 3151 Paulus
2863 3094 3117 3151 aiiirmat.
3151 3098 3287 3152 Aliis
3320 3097 3546 3167 quibus-

1959 3186 2084 3241 dam
2113 3188 2382 3255 opinionis
2419 3187 2576 3257 hujus
2598 3190 3019 3259 propugnaculis
3046 3190 3121 3243 uti
3155 3189 3331 3243 solere
3355 3189 3547 3260 Orige-

1958 3280 2131 3335 nistas
2169 3279 2334 3333 tradit
2370 3279 2732 3352 Hieronymus
2775 3280 2845 3334 ad
2892 3281 3094 3336 calcem
3125 3279 3547 3336 Commentario-

1959 3386 2076 3423 rum
2114 3372 2169 3424 in
2210 3369 2446 3435 Isaiam;
2492 3370 2595 3426 hoc
2643 3372 2896 3426 nimirum
2941 3370 3093 3426 Pauli
3136 3371 3295 3427 Rom.
3324 3388 3402 3439 ιιι,
3450 3372 3544 3440 52,

1965 3462 2283 3517 «ϐοιιοιιιδίι
2324 3462 2469 3518 Deus
2516 3463 2699 3517 omnia
2753 3464 2852 3518 sub
2906 3473 3156 3534 peccato,
3203 3473 3261 3517 ut
3293 3465 3546 3520 omnibus

1960 3554 2318 3617 misereatur;
2347 3570 2366 3604 ι
2397 3561 2453 3607 et
2494 3552 2583 3608 illo
2628 3553 2794 3609 Mich.
2822 3568 2917 3620 vn,
2960 3554 2992 3608 9
3042 3573 3053 3607 :
3102 3573 3119 3605 ι
3147 3553 3284 3607 Iram
3332 3554 3544 3609 Domini

1960 3645 2267 3710 sustinebo,
2296 3644 2421 3713 quia
2450 3645 2670 3713 peccavi
2696 3645 2747 3699 ei
2781 3660 2795 3698 :
2835 3645 3009 3700 donec
3031 3646 3294 3716 justiiicet
3321 3661 3541 3701 causam

1960 3752 2157 3803 meam,
2190 3745 2245 3791 et
2288 3735 2504 3791 auferat
2544 3736 2808 3806 judicium
2840 3753 3040 3805 meum,
3080 3748 3135 3793 et
3157 3739 3348 3795 educat
3379 3753 3462 3792 me
3491 3740 3542 3793 in

1959 3830 2170 3897 lucem;
2199 3850 2217 3883 ι
2258 3830 2453 3902 ethoc
2495 3830 2658 3885 etiam
2709 3831 2861 3885 Isaia:
2897 3847 3000 3896 xu,
3031 3832 3057 3885 1
3103 3849 3116 3885 :
3174 3849 3192 3883 ι
3219 3831 3545 3886 Benedicam

1960 3934 2034 3991 te,
2062 3925 2304 3987 Domine,
2329 3926 2578 3994 quoniam
2602 3927 2770 3980 iratus
2800 3941 2858 3980 es
2875 3925 3002 3979 mihi
3032 3940 3045 3977 :
3078 3925 3319 3980 avertisti
3353 3925 3540 3981 faciem

1961 4026 2108 4070 tuam
2132 4032 2161 4070 a
2192 4030 2298 4084 me,
2325 4026 2379 4071 et
2412 4017 2666 4071 misertus
2704 4033 2763 4072 es
2794 4016 2929 4084 mei;
2977 4034 2997 4068 ι
3023 4032 3232 4072 necnon
3264 4026 3318 4071 et
3343 4018 3445 4072 isto
3467 4016 3543 4071 O-

1960 4123 2067 4163 seaa
2089 4124 2203 4175 xiv,
2233 4108 2266 4161 5
2297 4126 2311 4162 :
2342 4125 2362 4159 ι
2392 4106 2525 4162 Cum
2564 4108 2642 4162 ira
2689 4108 2891 4164 furoris
2940 4109 3043 4164 mei
3075 4109 3371 4174 transierit,
3421 4125 3544 4163 rur-

1960 4217 2078 4257 sum
2136 4203 2408 4267 sanabo,»
2457 4212 2618 4272 atque
2668 4202 2853 4257 itidem
2904 4201 2994 4257 illo
3043 4202 3234 4272 psalm.
3270 4217 3405 4267 xxx,
3449 4201 3543 4266 20,

1967 4314 1986 4347 ‹
2012 4295 2183 4362 Quam
2241 4295 2463 4364 grandis
2495 4294 2782 4349 multitudo
2810 4294 3072 4350 bonitatis
3112 4304 3235 4358 tua},
3294 4293 3541 4358 Domine,

1962 4402 2124 4457 quam
2157 4386 2485 4442 abscondisti
2518 4386 2832 4441 timentibus
2868 4386 2953 4442 te!
2990 4408 3010 4438 ι

280 4487 466 4545 erunt,
507 4495 669 4549 quam
716 4494 859 4535 nunc
906 4490 1068 4545 sunt;
1106 4479 1189 4534 hae
1236 4480 1302 4534 ad
1334 4479 1610 4537 meliorem
1657 4489 1854 4535 statum
1887 4485 1932 4540 ι)
2033 4481 2231 4536 Verum
2270 4495 2378 4534 non
2418 4481 2591 4534 sacris
2620 4479 2886 4534 duntaxat
2913 4479 3252 4547 auctoribus,
3288 4480 3382 4535 sed
3423 4495 3544 4550 pro-

279 4572 599 4640 pervenient
631 4590 644 4626 :
678 4572 802 4642 quia
830 4571 1029 4627 diversi
1071 4582 1269 4637 motus,
1292 4572 1529 4630 etvariaa
1556 4572 1857 4628 voluntates

282 4663 335 4717 in
362 4672 651 4734 utramque
687 4672 894 4733 partem
931 4664 1203 4719 diversum
1238 4665 1502 4734 accipient
1551 4675 1773 4733 statum,
1802 4665 1855 4719 id

282 4765 387 4823 est,
414 4765 470 4810 ut
494 4757 692 4828 angeli,
738 4757 985 4813 homines
1031 4759 1115 4812 vel
1141 4759 1431 4824 dir-mones,
1469 4767 1522 4813 et
1545 4774 1755 4815 rursum
1786 4773 1853 4814 ex

283 4849 367 4904 his
414 4850 703 4917 homines;
739 4851 822 4907 vel
882 4850 1055 4921 angeli
1106 4850 1316 4918 tiantp
1377 4860 1431 4905 et
1473 4850 1561 4907 illa
1590 4867 1620 4907 e
1652 4853 1745 4913 lib.
1774 4867 1855 4921 ιιι,

283 4954 405 5008 cap.
434 4939 486 5005 6,
516 4954 665 4994 num.
698 4940 751 5007 5,
806 4958 826 4992 ι
850 4939 960 4996 Nec
986 4940 1207 4995 dubium
1252 4949 1335 4995 est
1370 4940 1496 5010 quin
1540 4948 1662 5010 post
1707 4957 1858 5011 quae-

285 5033 407 5086 dam
442 5033 724 5088 intervalla
753 5042 1056 5103 temporum
1089 5048 1279 5088 rursus
1308 5033 1531 5087 materia
1572 5034 1851 5098 subsistat,

282 5134 338 5178 et
378 5137 603 5192 corpora
651 5126 803 5192 ﬁant,
846 5135 901 5181 et
937 5127 1122 5182 mundi
1165 5127 1453 5182 diversitas
1489 5134 1854 5191 construatur,

284 5225 507 5287 propter
547 5217 729 5272 varias
764 5217 1071 5273 voluntates
1127 5218 1528 5273 rationabilium
1573 5227 1853 5272 creatura-

285 5325 427 5376 rum,
456 5324 577 5379 quze
608 5319 727 5379 post
748 5308 1040 5379 perfectam
1073 5310 1456 5365 beatitudinem
1494 5325 1664 5381 usque
1697 5312 1759 5362 ad
1790 5311 1855 5365 ii-

285 5416 408 5456 nem
449 5401 690 5456 onmium
724 5416 904 5454 rerum
947 5399 1208 5470 paulatim
1237 5402 1300 5456 ad
1343 5402 1598 5457 inferiora
1627 5399 1857 5471 delapsa:

287 5505 491 5549 tantam
515 5492 771 5548 malitiam
794 5502 1136 5562 receperunt,
1170 5503 1226 5547 ut
1246 5494 1298 5549 in
1334 5495 1659 5551 contrarium
1684 5504 1861 5551 verte-

292 5595 500 5654 rentur,
536 5588 663 5643 dum
690 5586 880 5641 nolunt
903 5601 1122 5643 servare
1148 5587 1495 5661 principium,
1522 5598 1576 5646 et
1604 5589 1853 5647 incorru-

352 5790 463 5864 (50)
487 5789 622 5847 Vide
652 5790 810 5849 finem
832 5790 925 5848 lib.
954 5806 970 5847 ι
1006 5789 1080 5848 De
1111 5790 1335 5863 princip.

1168 5922 1201 5951 ν

1958 4574 2099 4629 fanis
2132 4574 2296 4627 etiam
2344 4573 2639 4642 regendum
2679 4587 2801 4627 sese
2844 4572 3059 4627 videtur
3085 4570 3348 4644 Origenes
3380 4575 3545 4628 tradi—

1957 4667 2100 4721 disse
2131 4684 2147 4720 :
2175 4664 2380 4719 Platoni
2416 4665 2699 4734 imprimis,
2731 4664 2821 4733 qui
2866 4664 2919 4717 in
2957 4662 3225 4718 Phaedone
3252 4662 3531 4720 Socratem

1957 4759 2162 4813 inducit
2188 4759 2261 4812 ita
2293 4757 2654 4812 disserentem
2693 4775 2707 4809 :
2738 4756 3016 4811 hominum
3040 4756 3131 4826 qui
3162 4770 3282 4813 sese
3310 4759 3539 4811 terrenis

1966 4849 2353 4918 cupiditatibus
2375 4848 2704 4915 dediderint,
2756 4849 2968 4903 animas
2990 4848 3134 4903 circa
3170 4849 3418 4919 sepulcra
3445 4864 3539 4902 va-

1965 4952 2155 5011 gantes
2183 4943 2418 5009 pendere
2443 4955 2650 5010 pennas,
2678 4941 2852 5012 quoad
2884 4957 3069 4996 rursus
3084 4944 3400 5012 corporibus
3424 4944 3540 4998 alli-

1965 5044 2181 5103 gentur.
2211 5032 2374 5087 Docet
2415 5033 2616 5088 ibidem
2660 5032 2945 5096 Socrates,
2972 5045 3217 5090 mortuos
3255 5034 3324 5089 ab
3347 5050 3410 5089 eo
3433 5037 3539 5089 dae-

1965 5141 2150 5192 mone,
2184 5127 2276 5195 qui
2319 5126 2622 5182 viventibus
2651 5126 2780 5196 ipsis
2820 5127 3110 5197 obtigerat,
3142 5127 3332 5183 deduci
3362 5128 3429 5183 ad
3454 5129 3538 5182 in-

1964 5218 2127 5281 feros,
2156 5230 2209 5272 et
2234 5226 2355 5287 post
2396 5217 2551 5288 longa
2582 5218 2777 5272 deinde
2814 5217 3070 5287 temporis
3120 5218 3291 5287 spatia
3339 5219 3404 5273 ab
3433 5217 3537 5272 alio

1964 5309 2099 5364 duce
2126 5311 2390 5367 revocari.
2417 5311 2506 5364 Ait
2529 5312 2869 5380 postmodum
2898 5310 2966 5366 ad
2989 5311 3413 5367 Acherusiadem
3441 5327 3537 5381 pa-

1965 5400 2143 5455 ludem
2181 5402 2468 5457 convenire
2522 5403 2716 5459 multas
2741 5412 3077 5460 mortuorum
3124 5404 3356 5471 animas,
3415 5418 3536 5472 quae

1965 5503 2089 5565 post
2115 5496 2389 5551 breviores
2421 5496 2503 5551 vel
2529 5497 2897 5553 diuturniores
2929 5507 3231 5567 temporum
3277 5497 3531 5559 ambitus,

1966 5602 2185 5645 rursum
2241 5589 2308 5645 ad
2356 5588 2667 5646 animalium
2724 5590 3123 5660 generationem
3185 5588 3530 5670 emittantur;
