4068 6308
631 346 759 401 ωδε

1899 344 1959 400 P.
2000 342 2310 401 DANIELIS
2349 343 2579 402 HUETII

3692 363 3808 422 1032

625 470 960 526 sanabilibus
993 469 1154 524 modo
1183 469 1337 523 noxis
1369 469 1662 540 inquinata:
1703 468 1814 523 sint
1843 486 1858 523 :
1905 483 2024 538 quae
2061 483 2191 523 vero
2225 471 2270 528 Α
2297 467 2410 522 bnit
2438 466 2830 535 paenitentiam,
2862 465 2993 536 quid
3021 467 3090 521 ad
3121 468 3263 522 nos?
3290 487 3310 522 ι
3343 479 3396 526 et
3425 470 3518 531 lib.
3539 487 3586 530 vt
3613 476 3657 530 in
3680 477 3808 538 Isaia:

624 565 822 620 ἀνίατα
867 562 1091 618 erimina
1143 563 1479 628 admiserint,
1536 564 1747 617 detrudi
1783 563 1837 616 in
1883 560 2193 627 Tartarum,

624 657 768 712 unde
807 657 949 711 nulla
982 670 1104 724 spes
1143 656 1373 710 exeundi
1415 656 1668 726 supersit.
1709 655 1921 724 Repetit
1961 656 2190 724 idipsum

625 753 678 805 in
708 750 925 819 Gorgia,
951 763 1251 819 poenasque
1282 741 1634 818 temporarias
1665 748 1960 802 levioribus
2006 747 2182 816 culpis

624 842 1018 898 insanabilibus
1045 857 1174 894 vero
1212 854 1462 908 :eternas,
1491 850 1545 894 et
1585 841 1689 894 ﬁne
1709 842 1978 897 carituras
2004 842 2193 896 decer-

626 935 725 988 nit.
750 934 891 988 ldem
925 934 1022 988 lib.
1049 950 1080 987 x
1104 932 1178 986 De
1217 933 1414 1002 republ.
1451 948 1516 985 ex
1545 932 1669 986 Heri
1704 933 1980 999 cujusdam
2005 935 2196 987 Armea

626 1029 698 1081 nii
749 1043 981 1096 persona
1022 1029 1230 1081 animas
1261 1036 1444 1080 narrat
1485 1041 1550 1080 ex
1587 1027 1726 1082 cmlo
1768 1027 1866 1081 sub
1900 1036 2091 1091 terras,
2133 1042 2195 1082 ac

623 1120 888 1183 vicissim,
917 1120 1059 1172 ultro
1101 1119 1346 1187 citroque
1378 1132 1655 1183 remeare;
1698 1133 1816 1186 quae
1842 1117 1978 1172 caelo
2005 1117 2195 1172 fruun-

626 1223 733 1275 tur,
769 1212 975 1267 deliciis
1002 1211 1104 1265 illic
1131 1219 1185 1264 et
1218 1210 1413 1279 gaudio
1460 1209 1735 1277 perfundi;
1765 1224 1886 1279 qua:
1911 1210 2011 1263 sub
2034 1211 2194 1265 terris

623 1307 848 1378 agitant,
877 1304 984 1358 illic
1005 1300 1213 1374 χιλιετῆ
1242 1302 1464 1374 πορείαν
1495 1315 1798 1370 capessere.
1833 1317 1896 1356 ac
1929 1301 2048 1356 inde
2075 1311 2194 1356 tan-

623 1401 741 1454 dem
777 1399 950 1452 exire.
980 1397 1047 1450 Et
1091 1397 1143 1450 in
1178 1396 1394 1462 Timwo,
1425 1395 1656 1447 animam
1695 1409 1813 1465 qua:
1839 1403 1986 1448 recte
2020 1394 2106 1448 hic
2132 1409 2192 1450 se

622 1490 874 1559 gesserit,
911 1487 1104 1542 sideris
1144 1487 1198 1540 in
1227 1500 1506 1540 numerum
1553 1484 1742 1539 referri
1789 1486 2014 1548 asserit;
2073 1499 2192 1552 quae

623 1581 778 1644 male,
804 1581 854 1634 in
882 1580 1144 1634 muliebre
1171 1593 1366 1647 corpus
1392 1577 1597 1632 demitti
1625 1593 1638 1641 ;
1675 1577 1887 1646 utrique
1919 1588 2048 1630 vero
2073 1585 2193 1646 post

627 1676 771 1729 mille
805 1688 1068 1728 annorum
1102 1670 1425 1726 curriculum
1453 1685 1603 1723 nova!
1635 1670 1760 1723 vita:
1785 1669 2058 1737 cptionem
2101 1670 2192 1721 da-

623 1768 703 1832 ri;
733 1777 788 1821 et
815 1782 932 1835 quae
962 1765 1116 1819 novis
1155 1777 1273 1818 sese
1318 1761 1698 1818 contaminarit
1723 1761 1891 1824 vitiis,
1929 1761 1980 1814 in
2029 1775 2190 1828 pecu.

623 1866 748 1918 dum
785 1875 1009 1930 corpora
1056 1858 1356 1928 relegatum
1397 1856 1502 1920 iri;
1533 1870 1705 1924 neque
1741 1855 2000 1908 malorum
2033 1855 2193 1908 ﬁnem

622 1966 749 2010 ante
795 1955 1120 2014 habituram,
1163 1965 1324 2018 quam
1368 1948 1802 2002 adlueresccntes
1839 1947 1938 2002 sibi
1976 1961 2040 2000 ex
2074 1946 2198 2000 elc—

622 2055 925 2102 mentorum
973 2043 1198 2098 colluvie
1252 2041 1441 2093 sordes
1491 2039 1700 2093 ratione
1739 2037 2023 2107 depulerit.
2065 2035 2195 2104 Quae

623 2143 675 2195 in
703 2141 839 2194 libro
874 2139 946 2192 De
983 2137 1319 2190 universitate
1358 2126 1396 2186 a'
1423 2131 1599 2186 Tullio
1646 2130 1836 2185 Latine
1873 2130 2100 2194 reddita,
2139 2139 2196 2184 et

620 2235 689 2291 ab
722 2234 948 2288 Alcinoo
978 2246 1097 2299 cap.
1128 2229 1195 2283 16
1219 2227 1445 2296 repetita
1476 2233 1713 2278 exstant.

690 2327 969 2382 Postremo
1015 2320 1238 2375 nimium
1273 2316 1582 2371 obterendae
1610 2312 1999 2367 Valentinianus
2022 2310 2195 2365 luere-

619 2436 743 2476 seos
770 2415 1097 2474 desiderium
1145 2409 1364 2477 Origeni
1423 2406 1636 2461 errandi
1691 2418 1914 2459 causam
1964 2401 2182 2464 obtulit,

618 2528 741 2568 nam
773 2526 894 2564 cum
923 2508 998 2562 illi
1044 2502 1285 2558 damnari
1314 2515 1415 2553 non
1442 2513 1599 2566 posse
1633 2497 1938 2560 crederent,
1973 2495 2064 2564 qui
2101 2508 2188 2548 es~

617 2615 735 2661 sent
766 2601 1024 2672 spiritalis
1059 2609 1300 2660 naturae;
1345 2592 1574 2658 servari,
1608 2591 1697 2659 qui
1730 2601 1992 2654 terrente;
2021 2598 2076 2642 et
2105 2588 2190 2641 in-

618 2707 701 2752 ter
759 2696 856 2749 hos
889 2691 1158 2746 diabolum
1210 2693 1516 2747 censerent,
1568 2681 1790 2750 angelos
1838 2680 1979 2735 inter
2026 2678 2187 2732 illos:

617 2788 875 2855 Origenes
908 2785 959 2837 in
995 2783 1203 2835 diversa
1242 2779 1432 2834 abiens
1467 2773 1773 2844 cespitavit,
1809 2786 2060 2826 asserens
2091 2786 2188 2823 an-

617 2878 766 2949 gelos
797 2873 1041 2928 damnari
1092 2886 1267 2941 posse,
1325 2878 1380 2924 et
1410 2867 1620 2936 aliquos
1658 2866 1839 2934 reipsa
1864 2863 2188 2934 quandoque

617 2970 898 3031 damnari;
942 2962 1214 3019 diabolum
1248 2958 1452 3017 servari
1484 2972 1666 3030 posse,
1698 2965 1756 3012 et
1785 2967 2190 3024 revera_serva—

615 3071 730 3116 tum
761 3057 1050 3126 aliquando
1078 3055 1166 3108 iri.

691 3151 828 3207 XXI.
861 3148 1080 3202 Minime
1107 3161 1235 3217 ergo
1257 3145 1452 3199 mirum
1491 3153 1570 3199 est
1599 3141 1854 3202 Platonis,
1877 3139 2188 3194 Platonico—
2215 3153 2257 3212 ο

614 3260 843 3314 rumque
889 3245 1089 3298 dictata
1135 3241 1440 3294 audientem
1490 3234 1898 3301 Adamantium,
1935 3241 1990 3289 et
2027 3232 2188 3287 Chri-

615 3338 803 3394 stianis
826 3335 1012 3388 eadem
1057 3348 1161 3386 non
1192 3331 1322 3386 satis
1357 3337 1516 3385 caute
1553 3335 1967 3398 proponeotem,
2004 3321 2188 3390 explo-

614 3446 732 3485 sum
767 3445 795 3482 a
831 3427 1086 3481 Patribus
1130 3440 1194 3478 ac
1224 3423 1501 3492 relectum.
1530 3420 1713 3474 fuisse.
1754 3416 2011 3470 Futuram
2040 3415 2185 3468 illam

612 3519 812 3575 diaboli
841 3517 1248 3572 conversionem
1281 3523 1336 3568 et
1378 3511 1608 3567 salutem
1635 3523 1818 3562 amare
1841 3506 1967 3561 huic
1994 3518 2188 3575 expro-

610 3613 734 3668 brat
758 3610 1088 3679 Epiphanius
1125 3610 1176 3663 in
1219 3606 1374 3675 epist.
1403 3605 1468 3658 ad
1494 3601 1649 3657 Joau.
1676 3598 1944 3663 Jerosol.,
1978 3611 2095 3667 cap.
2129 3594 2183 3661 '5,

610 3705 748 3760 etin
805 3702 1021 3775 synopsi
1059 3698 1234 3755 tomil
1286 3696 1526 3760 I’anarii,
1577 3693 1668 3748 lib.
1702 3708 1763 3759 ιι,
1805 3706 1922 3760 cap.
1958 3689 2046 3745 l8.
2080 3687 2186 3742 Ex-

609 3797 835 3865 probrat
867 3804 920 3848 et
946 3791 1275 3861 Theophilus
1297 3787 1549 3842 Paschal.
1581 3801 1618 3839 ιι
1652 3786 1737 3839 his
1768 3783 1949 3836 verbis
1981 3797 1995 3835 :
2035 3800 2054 3832 ι
2083 3778 2186 3834 Ta-

614 3886 682 3940 lis
706 3893 888 3952 pastor
916 3883 1093 3951 gregis
1143 3879 1371 3933 morbidi
1403 3877 1676 3932 Christum
1714 3875 1913 3944 nbique
1940 3871 2187 3942 suggillat

611 3974 844 4042 injuriis,
887 3981 942 4026 et
982 3971 1248 4025 diabolum
1281 3970 1485 4023 honore
1555 3965 1809 4026 sustollit,
1867 3965 1994 4018 dum
2038 3962 2183 4017 illum

614 4064 804 4118 asserit
831 4070 1116 4131 purgatum
1142 4060 1288 4113 vitiis
1311 4069 1468 4126 atque
1497 4056 1738 4127 peccatis
1767 4055 2054 4124 pristinam
2088 4053 2187 4106 ali-

611 4155 826 4225 quando
857 4152 1079 4219 gloriam
1110 4160 1469 4220 recepturam,
1514 4157 1569 4202 et
1598 4149 1746 4201 hunc
1772 4159 1998 4214 regnare
2036 4144 2184 4198 desi-

612 4261 774 4312 stere,
806 4245 1072 4315 simulque
1094 4260 1216 4298 cuin
1249 4241 1460 4296 diabolo
1489 4241 1589 4295 sub
1619 4238 1804 4293 Patris
1835 4237 2061 4306 imperio
2092 4251 2182 4290 re-

610 4341 920 4411 digendum.
947 4355 964 4390 ι
990 4335 1344 4404 Hieronymus
1373 4333 1531 4402 epist.
1557 4329 1650 4394 59,
1679 4330 1744 4383 ad
1779 4329 1948 4392 Avit.,
1974 4343 2094 4398 cap.
2129 4330 2180 4393 l,

611 4435 810 4489 dixisse
856 4447 977 4487 eum
1017 4427 1285 4498 queritur,
1340 4443 1358 4476 ι
1383 4437 1593 4478 onmem
1631 4430 1935 4476 creaturam
1989 4434 2182 4475 secun-

611 4528 734 4581 dum
765 4523 1100 4594 Apostolum,
1128 4518 1351 4573 vanitati
1378 4532 1498 4572 esse
1527 4513 1848 4583 subjectum,
1878 4521 1932 4567 et
1959 4513 2179 4567 liberari

611 4623 663 4676 in
701 4618 1077 4673 revelationem
1119 4615 1346 4668 ﬁliorum
1374 4611 1493 4676 Dei,
1524 4629 1542 4662 ι
1581 4618 1636 4665 ct
1673 4609 1727 4664 in
1773 4608 1932 4676 epist.
1965 4606 2055 4674 61,
2115 4607 2182 4662 ad

608 4706 946 4774 Pammacb.,
1002 4724 1119 4778 cap.
1142 4709 1196 4770 5,
1235 4706 1418 4777 «quod
1469 4705 1614 4759 dicat
1661 4711 1716 4758 et
1773 4699 2076 4763 diabolum,
2128 4707 2183 4753 et

607 4808 876 4862 dmmoues
927 4811 1142 4855 acturos
1189 4797 1555 4867 ptenitentiam
1607 4793 1918 4862 aliquando,
1953 4799 2009 4846 et
2058 4803 2178 4844 cmn

607 4897 808 4952 sanctis
834 4894 1022 4949 ultimo
1053 4900 1291 4956 tempore
1320 4896 1668 4957 regnaturos;
1698 4902 1714 4935 ι
1753 4883 1893 4951 quod
1923 4890 1978 4935 et
2008 4879 2180 4934 fusius

605 4989 836 5056 explicat
865 4999 983 5053 cap.
1009 4979 1043 5037 5
1068 4992 1123 5037 et
1161 4981 1213 5034 in
1261 4979 1420 5047 epist.
1453 4977 1542 5042 65,
1583 4976 1651 5030 ad
1677 4973 1996 5029 Pammach.
2025 4981 2078 5026 et
2104 4971 2179 5025 O-

605 5091 784 5140 cean.,
825 5088 945 5143 cap.
966 5073 1022 5136 ‘3,
1052 5069 1284 5127 sensisse
1327 5066 1473 5120 illum
1505 5066 1582 5119 ait
1612 5081 1627 5118 :
1661 5083 1680 5116 ‹
1709 5063 1840 5119 Post
1867 5062 2036 5116 multa
2076 5075 2178 5115 sa:-

607 5168 747 5232 cula,
807 5177 966 5234 atque
1009 5178 1168 5217 unam
1201 5160 1441 5232 omnium
1475 5155 1898 5216 restitutionem,
1947 5154 2176 5222 idipsuut

605 5257 722 5313 fore
750 5255 1076 5318 Gabrielem,
1099 5253 1241 5322 quod
1269 5248 1578 5312 diabolum;
1605 5245 1857 5308 Paulum,
1881 5244 2021 5313 quod
2056 5243 2178 5297 Cai-

604 5350 804 5423 pbam;
836 5347 1096 5414 virgines,
1116 5343 1261 5414 quod
1288 5337 1610 5412 prostibulas
1637 5353 1652 5402 ;
1677 5356 1695 5388 ι
1728 5345 1783 5390 et
1815 5338 1867 5390 in
1899 5335 2056 5404 epist.
2084 5333 2172 5397 75,

605 5446 670 5501 ad
709 5441 1082 5513 Vigilantium,
1107 5435 1295 5491 scribit
1330 5432 1542 5486 veniam
1571 5438 1699 5484 tunc
1722 5427 2031 5483 hominibus
2053 5441 2174 5480 eon-

607 5535 906 5591 donandam
951 5529 1286 5585 existimasse
1332 5523 1641 5594 Origenem,
1690 5522 1911 5590 quando
1959 5520 2171 5575 diabolo

607 5623 999 5679 condonabitur
1029 5635 1045 5677 ;
1075 5627 1131 5672 et
1174 5617 1266 5669 lib.
1294 5630 1310 5668 ι
1351 5615 1557 5668 advers.
1595 5609 1934 5678 Pelagianos,
1966 5624 2088 5677 cap.
2113 5607 2167 5671 9,

613 5710 718 5765 «Si
772 5721 973 5774 autem,
1030 5706 1223 5775 inquit,
1267 5704 1526 5772 Origenes
1583 5715 1772 5754 omnes
1824 5698 2166 5753 rationabiles

606 5811 887 5859 creaturas
911 5800 1045 5856 dicit
1075 5811 1182 5853 non
1226 5809 1344 5851 esse
1375 5791 1696 5863 perdendos,
1732 5801 1783 5847 et
1824 5790 2039 5846 diabolo
2070 5789 2166 5842 tri-

2297 573 2409 623 xtv,
2439 558 2531 620 20,
2567 575 2585 608 ι
2614 555 2712 612 Ubi
2736 568 2864 611 sunt
2897 572 3030 626 ergo
3062 546 3154 627 qui
3179 557 3308 612 dant
3357 562 3564 618 diabolo
3591 571 3810 634 pteniten-

2299 650 2446 712 tiam,
2475 657 2532 701 et
2563 650 2755 703 dicunt
2784 648 2934 702 illum
2981 665 3144 718 posse
3186 653 3470 708 mundari?
3491 675 3508 707 ι
3556 669 3603 712 et
3636 660 3713 715 lib.
3736 681 3808 721 vui

2295 742 2351 796 in
2385 739 2545 794 Isaia:
2597 754 2719 808 cap.
2751 753 2920 806 xxvi],
2946 755 3092 794 vers.
3119 740 3174 804 l,
3211 761 3230 794 ί
3257 742 3358 810 Qui
3392 745 3810 810 dicuntdiabolum

2296 841 2546 885 acturum
2607 830 3010 895 penitentiam,
3074 839 3130 884 et
3171 835 3382 886 veniam
3437 849 3802 900 consecuturum

2296 921 2718 989 interpretentur
2758 919 2913 973 nobis
2939 921 3212 988 quomodo
3242 922 3346 977 hoc
3381 926 3654 996 accipiant,
3699 936 3812 999 quod

2297 1014 2559 1082 scriptum
2603 1021 2688 1064 est
2736 1026 2750 1063 :
2785 1010 2852 1064 Et
2899 1010 3187 1064 interticiet
3235 1013 3518 1068 draconem
3551 1017 3632 1084 qui
3667 1028 3736 1074 est
3772 1021 3811 1076 in

2297 1104 2435 1158 mari
2461 1119 2476 1165 ;
2500 1122 2518 1154 ι
2564 1111 2619 1156 et
2642 1102 2736 1156 lib.
2771 1117 2787 1155 ι
2829 1101 2883 1154 in
2919 1100 3051 1155 Dan.
3087 1115 3168 1165 ιιι,
3195 1102 3263 1157 96
3289 1120 3302 1156 :
3327 1121 3345 1154 ι
3375 1102 3593 1170 Quidam
3628 1111 3814 1178 pessime

2296 1196 2361 1248 ad
2410 1194 2680 1249 diabolum
2723 1193 2985 1258 referunt,
3035 1194 3175 1263 quod
3215 1196 3266 1247 in
3309 1199 3738 1257 consummatione
3773 1215 3814 1260 et

2295 1285 2402 1340 ﬁne
2430 1285 2614 1339 mundi
2640 1284 2804 1339 etiam
2835 1285 2948 1354 ipse
2977 1285 3200 1353 recipiat
3229 1286 3473 1339 notitiam
3504 1287 3611 1352 Dei,
3646 1299 3694 1345 et
3725 1308 3812 1348 om-

2294 1394 2392 1434 nes
2417 1378 2482 1433 ad
2513 1378 2883 1447 paenitentiam
2909 1377 3246 1431 cobortetur.
3277 1397 3297 1428 ι
3352 1379 3619 1435 Acerrime
3639 1397 3744 1439 vero
3771 1387 3813 1442 in

2291 1469 2444 1523 Jome
2471 1483 2551 1531 ιιι,
2583 1469 2638 1532 6,
2680 1469 2944 1521 adversus
3001 1466 3303 1521 doctrinam
3355 1466 3493 1522 hanc
3548 1468 3810 1529 invehitur:

2298 1559 2618 1628 «Alioquin,
2665 1559 2863 1628 inquit,
2898 1559 2942 1612 si
2993 1571 3181 1612 omnes
3227 1557 3573 1614 rationabiles
3599 1573 3811 1618 creatura:

2292 1651 2529 1721 azquales
2579 1659 2724 1716 sunt,
2775 1658 2829 1703 et
2883 1649 2965 1703 vel
3000 1663 3068 1702 ex
3117 1648 3432 1713 virtutibus,
3469 1650 3548 1705 vel
3590 1667 3648 1706 ex
3697 1655 3809 1710 vitiis

2295 1753 2485 1813 sponte
2517 1743 2735 1812 propria
2783 1749 2881 1794 aut
2936 1754 3150 1795 sursum
3188 1739 3494 1807 eriguntur,
3540 1751 3621 1795 aut
3661 1742 3808 1799 ininia

2231 1815 2272 1870 Β
2300 1841 2642 1900 merguntur,
2683 1839 2739 1885 et.
2771 1829 2933 1899 longe
2979 1836 3100 1898 post
3147 1827 3378 1881 circuitu
3441 1839 3591 1900 atque
3629 1831 3807 1888 inﬁnitis

2299 1922 2530 1986 steculis,
2564 1923 2806 1976 omnium
2854 1933 3036 1974 rerum
3090 1916 3364 1972 restitutio
3404 1917 3516 1983 ﬁet,
3558 1928 3607 1974 et
3634 1936 3721 1974 una
3742 1922 3806 1974 di-

2299 2016 2477 2083 gnitas
2509 2014 2902 2075 militantium;
2949 2025 3068 2079 quae
3093 2008 3352 2062 distantia
3391 2011 3490 2064 erit
3531 2011 3657 2067 inter
3683 2014 3805 2081 virgi-

2299 2122 2421 2161 nem
2455 2116 2505 2158 et
2548 2104 2902 2173 prostibulum
2925 2103 2948 2156 ?
2971 2118 3090 2173 qua:
3124 2101 3429 2157 dierrentia
3451 2103 3547 2156 erit
3577 2105 3696 2157 inter
3719 2105 3804 2157 lla-

2297 2208 2434 2254 trem
2465 2197 2697 2261 Domini,
2734 2205 2788 2250 et
2815 2196 2978 2264 (quod
3011 2196 3153 2250 dictu
3191 2207 3408 2266 quoque
3441 2195 3605 2250 scelus
3639 2197 3724 2266 est)
3749 2198 3804 2251 vi-

2294 2291 2488 2346 ctimas
2520 2288 2800 2342 libidinum
2825 2286 3201 2356 publicarum?
3239 2288 3455 2342 idemne
3496 2285 3802 2351 eritGabriel,

2295 2392 2349 2436 et
2373 2380 2658 2436 diabolus?
2698 2381 2908 2434 idemne
2932 2379 3177 2447 apostoli,
3226 2387 3286 2432 et
3315 2376 3610 2432 daemones?
3635 2377 3803 2433 idemne

2294 2474 2590 2542 prophetae,
2630 2480 2685 2525 et
2728 2470 3244 2540 pseudoprophetae?
3299 2470 3438 2524 idem
3477 2477 3726 2540 martyres,
3763 2479 3804 2524 et

2293 2563 2717 2636 persecutores?
2764 2561 2933 2633 Finge
2976 2562 3252 2631 qualibet,
3311 2577 3477 2616 annos
3530 2571 3578 2616 et
3613 2571 3802 2631 tempora

2292 2655 2524 2725 duplica,
2556 2668 2613 2708 et
2658 2653 2899 2707 inﬁnitas
2927 2665 3113 2708 aetates
3149 2667 3387 2722 congere
3425 2651 3744 2717 cruciatibus;
3768 2651 3803 2705 si
3839 2701 3850 2718 ,

2293 2747 2416 2801 ﬁnis
2442 2747 2679 2801 omnium
2720 2745 2913 2800 similis
2951 2755 3056 2808 est,
3091 2745 3424 2814 prmteritum
3455 2757 3601 2798 omne
3641 2757 3720 2812 pro
3738 2743 3800 2796 ni-

2291 2836 2401 2891 hllo
2421 2847 2520 2902 est,
2556 2837 2679 2903 quia
2729 2851 2835 2890 non
2871 2836 3165 2905 quzerimus
3201 2835 3350 2904 quod
3383 2833 3647 2904 aliquando
3675 2831 3801 2887 fueri-

2290 2944 2430 2994 mus,
2477 2929 2570 2983 sed
2601 2928 2728 2996 quid
2770 2943 2988 2996 semper
3019 2929 3182 2982 futuri
3219 2941 3430 2982 sumus.
3457 2945 3475 2978 ι
3520 2923 3637 2980 Aliis
3659 2922 3800 2990 hujuso

2291 3022 2432 3077 modi
2464 3021 2735 3090 plerisque
2765 3019 3065 3074 referendis
3108 3019 3456 3088 supersedeo.
3493 3017 3640 3072 Miror
3660 3016 3799 3084 itaque

2291 3113 2418 3183 quid
2449 3113 2500 3166 in
2535 3120 2767 3168 mentem
2801 3111 3008 3168 venerit
3038 3109 3305 3175 Halloxio,
3338 3125 3436 3166 cur
3458 3117 3652 3178 negaret
3671 3105 3743 3160 lib.
3758 3119 3798 3158 iv

2292 3206 2504 3276 Origen.
2567 3205 2792 3272 defens.,
2831 3210 3021 3271 quaasl.
3063 3201 3116 3269 5,
3160 3201 3536 3272 Epiphanium,
3584 3194 3800 3266 Theophi-

2290 3301 2422 3365 lum,
2449 3308 2502 3354 et
2532 3297 2916 3367 Hieronymum
2943 3296 3232 3363 quidquam
3267 3295 3337 3349 de
3364 3307 3424 3348 ea
3452 3308 3506 3347 re
3533 3289 3796 3362 prodidisse.

2287 3392 2422 3448 Cum
2447 3400 2642 3446 cmtera
2671 3399 2848 3442 autem
2869 3386 3116 3456 Origenis
3142 3397 3448 3441 commenta
3469 3381 3657 3440 defendi
3681 3391 3799 3449 posse

2289 3484 2434 3538 dicat
2493 3481 2828 3552 Augustinus
2883 3481 3014 3535 bzer.
3073 3494 3227 3542 xuii,
3290 3479 3359 3533 ad
3408 3473 3796 3543 Quodvultdeum,

2289 3577 2430 3632 istud
2479 3574 2678 3629 frustra
2724 3574 2793 3628 ab
2847 3572 2962 3642 ejus
3008 3571 3386 3626 defensoribus
3426 3565 3649 3624 excusari
3690 3563 3797 3617 fate-

2289 3678 2378 3722 tur
2413 3683 2427 3718 :
2457 3685 2476 3717 ι
2507 3666 2638 3732 Quis
2659 3666 2802 3719 enim
2827 3663 3136 3719 Catholicus
3157 3661 3501 3716 Christianus
3526 3657 3682 3725 (verba
3703 3659 3799 3708 sunt

2287 3757 2593 3827 Augustini)
2623 3755 2707 3810 vel
2737 3755 2946 3817 doctus,
2975 3752 3057 3807 vel
3085 3753 3338 3806 indoctus
3364 3765 3468 3804 non
3511 3746 3797 3800 vehementer

2286 3848 2574 3904 exhorreat
2598 3862 2717 3901 eam
2737 3861 2898 3916 quam
2929 3843 3060 3898 dicit
3081 3843 3456 3914 purgationem
3482 3828 3734 3896 malorum.
3757 3831 3796 3886 id

2286 3950 2388 4006 est,
2407 3942 2568 3994 etiam
2583 3955 2675 3994 eos
2690 3941 2780 4009 qui
2797 3939 2934 3992 hanc
2951 3937 3115 3989 vitam
3132 3936 3183 3988 in
3199 3934 3418 4005 ﬂagitiis
3442 3942 3492 3985 et
3509 3926 3795 3985 facinoribus.

2287 4040 2341 4085 et
2370 4029 2692 4098 sacrilegiis,
2717 4038 2878 4098 atque
2909 4025 3276 4096 impietatibus
3297 4020 3581 4094 quamlibet
3599 4013 3795 4070 maximis

2287 4123 2539 4178 ﬁnierunt
2578 4141 2591 4176 :
2626 4121 2802 4190 ipsum
2844 4119 3006 4174 etiam
3058 4125 3337 4186 postremo
3387 4110 3636 4169 diabolum
3670 4115 3795 4175 atque

2283 4215 2505 4286 angelos
2529 4214 2665 4283 ejus,
2699 4211 2946 4282 quamvis
2973 4218 3094 4279 post
3116 4207 3430 4277 longissima
3465 4213 3676 4272 tempora
3697 4209 3794 4267 pur-

2283 4285 2438 4374 gatos
2466 4314 2628 4374 atque
2656 4303 2912 4357 liberatos
2933 4340 2947 4366 ,
2983 4297 3148 4370 regno
3179 4297 3308 4364 Dei,
3356 4297 3559 4365 lucique
3596 4285 3791 4348 restitui;

2286 4405 2341 4450 et
2382 4409 2569 4449 rursus
2611 4403 2734 4465 post
2786 4391 3096 4462 longissima
3148 4400 3390 4457 tempora
3434 4398 3607 4442 omnes
3630 4379 3706 4450 qui
3750 4376 3792 4429 li-

2209 4486 2452 4552 Dberati
2515 4493 2657 4549 sunt,
2717 4483 2784 4538 ad
2844 4483 2960 4537 haec
3019 4481 3158 4534 mala
3205 4482 3380 4533 denuo
3433 4473 3608 4536 relabi,
3646 4479 3691 4524 et
3725 4479 3791 4518 res

2284 4578 2457 4643 verti,
2497 4585 2552 4632 et
2615 4577 2714 4630 has
2765 4575 2910 4629 vices
2978 4571 3307 4626 alternantes
3355 4562 3705 4623 beatitudinum
3751 4561 3790 4607 et

2286 4673 2624 4727 miseriarum
2688 4665 3039 4722 rationabiles
3095 4674 3364 4719 creatura:
3412 4669 3609 4725 semper
3647 4648 3788 4708 fuisse,

2287 4780 2499 4834 semper
2526 4763 2678 4818 fore?
2711 4763 2784 4816 De
2807 4775 2911 4830 qua
2952 4757 3240 4812 vanissima
3291 4753 3553 4824 impietate
3584 4746 3787 4800 adversus

2287 4857 2654 4928 philosophos,
2688 4867 2716 4907 a
2749 4854 2946 4924 quibus
2981 4852 3082 4905 ista
3105 4849 3292 4902 didicit
3330 4846 3577 4915 Origenes
3606 4834 3786 4928 inlibro

2288 4925 2366 5006 De
2410 4951 2618 5005 civitate
2675 4947 2770 5000 Dei
2820 4942 3228 5015 diligentissime
3274 4934 3556 5009 disputavi;
3602 4948 3618 4982 ι
3665 4925 3782 4984 libra.

2287 5046 2498 5115 upinor,
2550 5038 2804 5104 secundo,
2864 5050 2980 5103 cap.
3020 5033 3088 5087 l7
3128 5043 3181 5088 et
3207 5032 3298 5094 25,
3342 5028 3428 5083 ubi
3473 5016 3782 5115 dogma—id?!“

2288 5103 2516 5198 e'xcutit,
2545 5143 2600 5188 et
2622 5132 2738 5199 ejus
2770 5103 2931 5182 causa
2973 5125 3168 5180 merito
3206 5121 3536 5193 reprobatum
3556 5114 3614 5166 ab
3638 5103 3782 5199 Eccle-

2283 5228 2359 5284 sia
2392 5190 2678 5294 Oi'igeneui
2727 5219 2893 5272 fuisse
2943 5223 3174 5280 narrat;
3222 5190 3282 5265 ut
3320 5218 3372 5265 et
3417 5208 3546 5261 libro
3576 5200 3638 5254 De

2281 5278 2518 5387 Pelagii:
2535 5330 2655 5384 cap.
2688 5312 2744 5365 '5.
2786 5310 2883 5364 Adi
2912 5317 2967 5362 et
2995 5278 3188 5361 librum
3225 5303 3388 5373 ipsius
3419 5305 3589 5387 contra
3613 5278 3780 5387 Prisci-I-

2277 5375 2518 5465 liani;tas
2563 5375 2617 5462 et
2653 5403 3005 5472 Origenistas,
3053 5413 3172 5466 cap.
3211 5398 3243 5452 5
3270 5405 3322 5450 et
3351 5391 3404 5457 6,
3449 5398 3501 5443 et
3542 5383 3661 5472 libro
3687 5375 3780 5430 huic

2278 5505 2553 5573 prieﬁxum
2597 5497 2773 5555 Orosii
2817 5489 3295 5549 Commonitorium
3348 5483 3413 5535 ad
3462 5469 3778 5573 Augustinlulm:

2278 5554 2452 5573 r“""'
3705 5556 3713 5565 .
3768 5554 3778 5560 .

2278 5595 2540 5665 Suggillat
2579 5591 2827 5646 eumdem
2867 5588 2977 5656 ipsa
3031 5585 3133 5638 hac
3163 5582 3227 5635 de
3267 5590 3425 5633 causa
3481 5576 3648 5622 auctor
3687 5554 3778 5665 Ill!"

2275 5693 2350 5746 De
2383 5685 2643 5743 communi
2670 5683 2924 5748 essentia,
2958 5678 3050 5732 lib.
3073 5693 3156 5738 Ill,
3192 5689 3312 5743 cap.
3338 5671 3389 5732 6.
3418 5675 3470 5720 Cl
3501 5649 3774 5748 auctor-Dm:

2271 5785 2508 5854 togarum
2556 5778 2646 5846 qni
2703 5774 2933 5831 Caesario
2995 5767 3238 5840 Gregorii
3313 5747 3608 5818 Naziauzcui
3656 5742 3774 5797 fta!"
