4068 6308
283 347 419 404 1055

1091 343 1662 404 ORIGENIANORUM
1702 344 1827 401 LIB.
1868 344 1929 408 ll,
1967 342 2117 399 CAP.
2160 341 2224 405 ll,
2265 340 2540 409 QUzEST.
2584 342 2681 397 XI.

3376 343 3513 397 ιοδι

279 462 623 533 assignantur
650 460 786 535 (5|),
813 462 1060 533 quamvis
1085 462 1320 527 Maximi,
1354 462 1442 531 qui
1477 463 1710 517 Caesarie
1758 478 1843 516 re—
1873 470 1921 524 Α
1949 461 2254 531 stiuguatur
2274 459 2489 529 quidem
2513 458 2681 529 ignis,
2726 457 2977 513 sordibus
3013 458 3342 528 absumptis;
3389 475 3514 515 ver~

280 555 492 609 centior
524 552 654 621 fuit,
695 553 1048 623 fragmentum
1082 553 1388 609 exhibeant.
1434 552 1577 607 luter
1614 553 1841 607 anathe-

276 647 563 702 mat’ismos
584 642 877 701 Justiniani
904 644 1143 714 epistolae
1182 646 1248 699 ad
1286 644 1495 699 Menam
1542 646 1839 709 subnexos,

274 750 581 810 postremus
611 739 697 793 ille
720 748 801 793 est
836 755 849 791 :
889 736 956 791 Εί
979 751 1062 801 τις
1101 738 1247 807 λέγει
1280 737 1313 809 ἢ
1357 738 1467 809 ἔχει
1513 738 1842 813 πρόσκαιρον

270 819 415 879 εἶναι
444 822 542 896 τὴν
568 824 678 878 τῶν
701 824 964 895 δαιμόνων
993 826 1086 877 καὶ
1108 827 1316 880 ἀσεϐῶν
1351 828 1652 899 ἀνθρώπων
1686 830 1843 882 κόλα-

271 933 381 983 σιν,
410 916 501 969 καὶ
531 916 682 980 τέλος
706 915 847 969 κατά
871 933 992 969 τινα
1024 918 1213 989 χρόνον
1239 919 1406 989 αὐτὴν
1443 918 1583 985 ἕξειν
1602 960 1617 984 ,
1675 918 1841 989 ἠγοῦν

267 1008 711 1063 ἀποκατάστασιν
738 1009 989 1078 γενέσθαι
1020 1010 1307 1081 δαιμόνων,
1338 1011 1369 1082 ἢ
1393 1012 1604 1064 ἀσεϐῶν
1632 1014 1729 1067 ἀνθ
1741 1012 1843 1085 ρώ-

266 1115 413 1163 πων,
443 1099 689 1170 ἀνάθεμα
724 1097 884 1154 ἔστω.
927 1118 945 1151 ι
981 1100 1038 1156 Si
1072 1101 1192 1171 quis
1218 1103 1346 1157 dicit
1381 1113 1475 1158 aut
1510 1106 1673 1159 sentit
1709 1117 1842 1158 tem-

266 1193 537 1261 porariam
578 1206 700 1248 esse
740 1195 1044 1249 daemonum
1096 1195 1182 1250 vel
1227 1196 1514 1265 impiorum
1562 1197 1839 1254 hominum

264 1285 629 1354 punitionem,
670 1284 941 1355 ﬁnemque
988 1286 1167 1356 aliquo
1205 1297 1445 1357 tempore
1496 1290 1634 1345 hanc
1692 1290 1843 1345 habi-

268 1387 485 1444 turam,
519 1378 775 1431 nimirum
809 1378 1200 1433 restitutionem
1243 1378 1479 1434 futuram
1517 1382 1837 1443 daamonum,

263 1468 356 1523 Vel
388 1468 672 1537 impiorum
702 1468 1005 1533 hominum,
1034 1471 1319 1524 anathema
1362 1472 1452 1526 sit.
1496 1491 1514 1524 ι
1553 1471 1619 1525 Ει
1651 1474 1703 1526 in
1740 1473 1843 1527 hac

266 1558 385 1628 ipsa
418 1574 633 1629 quoque
661 1558 909 1628 epistola,
945 1563 1395 1631 quemadmodum
1426 1571 1479 1617 et
1509 1563 1558 1617 in
1584 1563 1750 1616 altera
1775 1563 1843 1617 ad

264 1651 532 1720 synodum
587 1649 859 1719 quintam,
895 1652 1144 1705 eumdem
1180 1665 1424 1705 errorem
1475 1662 1661 1717 notat,
1693 1660 1747 1706 et
1776 1653 1843 1705 ad

267 1743 476 1797 calcem
504 1742 619 1797 loca
650 1742 905 1796 nonnulla
930 1741 1184 1812 Origeuis
1212 1756 1277 1797 eo
1313 1742 1637 1811 pertinentia
1673 1743 1841 1797 addu-

1948 551 2053 604 mis
2079 558 2259 603 autem
2285 552 2402 604 sine
2436 549 2542 603 [ine
2565 546 2926 618 permaneat?
2956 547 3081 616 quid
3118 547 3349 617 denique
3368 549 3513 603 Gen-

1946 642 2163 698 nadium
2182 640 2260 693 De
2281 641 2677 710 dogmat.,cap.
2705 639 2768 705 9;
2802 637 3084 691 Leontium
3111 640 3226 691 Act.
3247 655 3315 707 x;
3347 639 3516 695 Joan-

1947 750 2067 790 nem
2087 732 2501 798 Scholasticum,
2521 740 2873 799 cognomento
2886 728 3205 793 Climaeum,
3222 731 3364 784 Scal.
3393 748 3510 800 par.

1946 841 2065 896 cap.
2093 827 2165 891 ὃς
2192 839 2518 896 anonytuum
2542 822 2715 878 Photii
2750 822 2872 877 cod.
2908 836 3075 887 cxvn,
3116 822 3271 877 toties
3310 823 3418 892 jam
3457 824 3512 878 in

1946 929 2130 989 partes
2187 928 2468 984 vocatum;
2516 915 2877 985 Sophronium
2916 915 2970 970 in
3018 916 3179 985 epist.
3218 916 3284 968 ad
3334 915 3513 987 Serg.,

1945 1020 2053 1067 act.
2107 1011 2167 1064 lt
2232 1024 2351 1079 syn.
2395 1024 2479 1075 vt;
2535 1006 3000 1076 Theophylactum
3041 1008 3096 1060 in
3142 1006 3332 1060 Matth.
3367 1020 3429 1061 ιιι
3462 1016 3518 1062 et

1947 1114 2072 1168 xxv,
2104 1112 2157 1154 et
2177 1098 2351 1153 Marc.
2384 1112 2510 1162 vm;
2546 1096 2904 1163 Freculphum
2930 1093 3341 1160 Lexoviensem,
3373 1097 3521 1149 Ana-

1948 1192 2173 1245 stasium
2211 1188 2694 1244 Bibliothecarium
2725 1186 2897 1253 Hist.,
2928 1202 3058 1241 anu.
3112 1186 3295 1240 mundi
3338 1186 3518 1252 57l5;

1945 1283 2245 1337 Cedrenu’m
2273 1282 2324 1336 in
2354 1280 2536 1349 Camp.
2566 1280 2691 1335 hist.
2709 1296 2728 1345 ;
2757 1278 3022 1333 Zonaram
3050 1277 3142 1334 lib.
3177 1293 3213 1331 ιι
3241 1295 3255 1343 ;
3296 1276 3518 1347 Glycam

1947 1375 2083 1427 Ann.
2114 1381 2255 1441 part.
2280 1388 2342 1425 ιιι
2372 1381 2426 1426 et
2465 1387 2551 1436 tv;
2583 1370 3006 1426 Constantinum
3059 1366 3518 1436 Harmenopulum

1946 1466 2023 1520 De
2053 1466 2246 1528 sectt's,’
2280 1463 2638 1533 Nicephorum
2689 1463 2780 1517 lib.
2816 1477 2954 1528 xvrt,
2991 1476 3109 1530 cap.
3140 1460 3243 1525 27;
3290 1458 3522 1513 Vincen—

1949 1559 2079 1614 tium
2102 1556 2533 1612 Bellovacensem
2565 1554 2715 1625 Spec.
2743 1558 2913 1610 doctr.
2946 1552 3043 1609 lib.
3075 1567 3206 1606 xvm
3229 1591 3244 1617 ,
3270 1565 3395 1621 cap.
3427 1548 3520 1616 45,

1947 1674 2002 1718 et
2027 1662 2327 1719 Guidonem
2362 1661 2710 1717 Carmelitam
2758 1661 2813 1715 in
2848 1662 2980 1716 liter.
3020 1657 3234 1728 Origen.
3270 1655 3521 1711 eamdem

1950 1757 2199 1813 haeresim
2232 1756 2593 1811 insectantes?
3523 1749 3528 1752 ’

267 1831 530 1899 Cit-Qui“
556 1832 721 1887 etiam
753 1835 987 1904 3Y"°d“3
1029 1834 1221 1902 ‘1“inla
1264 1835 1404 1890 halm
1452 1835 1700 1889 Ῐιωΐεείιη
1752 1835 1917 1891 de'B
2020 1850 2181 1906 XXII.
2234 1849 2328 1904 His
2381 1850 2763 1919 praztermissis
2819 1851 2872 1904 in
2925 1851 3133 1905 Joanne
3188 1849 3520 1902 Damasceno

271 1932 425 1978 creto
468 1923 869 1993 suojugulavit,
912 1924 959 1979 si
1009 1926 1138 1995 quid
1178 1924 1447 1991 Cedreno,
1474 1936 1528 1981 et
1560 1926 1751 1981 Photio
1787 1927 1839 1981 in

272 2015 453 2070 libello
484 2015 560 2070 De
587 2017 819 2085 synodis,
846 2024 900 2072 et
926 2031 1198 2089 anonymo
1228 2018 1436 2073 auctori
1464 2018 1583 2073 libri
1620 2018 1697 2073 De
1720 2036 1843 2073 con-

273 2108 417 2162 ciliis
439 2110 790 2175 wcumenicia,
816 2120 871 2165 et
897 2109 1202 2180 Nicephoro
1247 2112 1544 2166 credimus.
1593 2111 1730 2178 Quid
1751 2128 1846 2183 ap-

276 2199 465 2269 pellem
512 2201 829 2273 Gregorium
886 2201 1152 2274 Magnum,
1190 2204 1281 2273 qui
1308 2202 1401 2257 lib.
1448 2218 1611 2258 xxxiv
1646 2204 1841 2259 Morat.

278 2304 397 2359 cap.
432 2290 520 2356 19,
571 2302 623 2347 et
654 2292 747 2348 lib.
787 2308 847 2348 ιιι
894 2291 1134 2363 Εειψσείι.
1181 2296 1235 2348 in
1277 2293 1310 2347 Ι
1340 2293 1463 2365 Reg.
1506 2312 1621 2365 cap.
1654 2312 1713 2362 ll,
1744 2297 1846 2351 hoc

278 2378 708 2450 Origenistarutn
751 2382 1163 2439 deliramentum
1207 2384 1419 2454 prolixe
1465 2387 1677 2454 arguit?
1717 2388 1847 2457 quid

277 2469 589 2540 Maximum,
630 2475 720 2544 qui
777 2476 833 2530 in
888 2476 1111 2531 scholiis
1148 2476 1215 2531 ad
1254 2476 1496 2547 Dionysii
1542 2478 1739 2532 librum
1768 2478 1845 2534 De

277 2563 469 2616 calcati
527 2566 824 2631 Itierart-h.,
875 2582 997 2637 cap.
1046 2567 1099 2634 6,
1161 2568 1323 2622 verba
1379 2570 1493 2623 haec
1521 2566 1771 2636 Origenis
1815 2584 1846 2624 e

279 2653 375 2708 lib.
414 2670 430 2709 ι
459 2656 597 2724 Περὶ
617 2657 819 2727 ἀρχῶν
845 2659 1035 2714 recitat
1068 2669 1082 2713 ἑ
1113 2659 1267 2714 Μετὰ
1295 2660 1353 2714 δὲ
1382 2660 1443 2714 τὸ
1477 2661 1569 2713 ἐπὶ
1596 2662 1729 2713 πᾶσι
1758 2660 1846 2713 τέ-

271 2745 362 2809 λος
386 2746 547 2801 πάλιν
568 2749 899 2822 ἀπὸρῤευσις
917 2751 1011 2804 καὶ
1043 2752 1392 2817 κατάπτωσις
1440 2753 1646 2822 γίνεται
1672 2772 1685 2819 ;
1718 2754 1845 2823 quid

272 2837 659 2909 Theophanem
678 2843 1016 2909 Cerameum,
1046 2845 1137 2914 qui
1168 2845 1353 2899 homil.
1382 2845 1417 2899 ἓ
1436 2846 1565 2914 |haec
1593 2847 1806 2900 disserit
1830 2864 1843 2899 :

272 2931 350 2984 Τὸ
374 2930 571 3001 μέντοι,
601 2933 707 2997 ἕως
730 2934 912 3006 ἁποδῷ
941 2938 1047 2990 πᾶν
1073 2938 1133 2990 τὸ
1170 2937 1513 3009 ὀφειλόμενον
1539 2978 1553 3002 ,
1584 2937 1644 2989 οὐ
1670 2954 1848 3008 χρονι-

273 3022 377 3095 κὴν
426 3027 697 3097 σημασίαν
737 3027 906 3099 δηλοῖ,
952 3028 1093 3082 κατὰ
1131 3030 1230 3100 τὴν
1272 3029 1484 3101 μυθώδη
1543 3030 1846 3102 Ὧριγὲνους

273 3116 733 3184 ἀποκατάστασιν,
771 3118 908 3171 ἀλλὰ
949 3120 1012 3173 τὸ
1056 3120 1305 3191 ἀόριστον
1350 3123 1445 3174 καὶ
1496 3120 1848 3191 ἀτελεύτητον

275 3209 379 3279 τῆς
419 3208 691 3273 κολάσεως
723 3223 742 3241 ⁶
797 3228 816 3262 ι
859 3211 971 3267 Hoc
1014 3220 1161 3268 certe
1217 3230 1230 3266 :
1286 3212 1463 3269 Donec
1522 3212 1845 3283 persolverit

276 3314 442 3355 omne
484 3301 757 3366 debitum,
796 3317 903 3357 non
958 3304 1341 3373 temporarium
1385 3304 1515 3374 quid
1557 3305 1845 3376 signiﬁcat,

270 3391 429 3460 juxta
464 3389 764 3447 fabulosam
798 3391 1048 3464 Origenis
1080 3395 1504 3463 restitutionem,
1537 3398 1628 3452 sed
1657 3411 1846 3466 poenas

277 3482 388 3539 ﬁne
419 3485 701 3540 carentes?
738 3503 757 3537 ι
791 3486 919 3554 quid
952 3485 1151 3542 Bedam
1181 3488 1272 3557 qui
1302 3488 1397 3543 lib.
1430 3501 1447 3543 ι
1488 3487 1847 3558 Εωροιὶιξοηέδ

277 3577 335 3630 in
365 3575 643 3643 Proverb.,
678 3592 796 3647 qua:
825 3578 1151 3649 Hieronymo
1179 3578 1314 3636 falso
1337 3580 1608 3644 tribuitur,
1628 3582 1693 3634 ad
1725 3596 1844 3650 cap.

276 3682 341 3736 II,
371 3670 458 3734 19,
486 3680 539 3726 et
567 3670 661 3726 lib.
700 3686 759 3735 ll,
786 3672 852 3727 ad
881 3685 1000 3741 cap.
1039 3688 1115 3737 χι,
1151 3671 1204 3739 7,
1232 3672 1361 3728 etin
1390 3673 1773 3727 Retractatt'aue
1794 3675 1849 3726 in

277 3763 408 3818 Acta
430 3776 620 3833 apost.,
650 3764 716 3819 ad
746 3779 868 3835 cap.
894 3780 979 3831 ιιι,
1002 3766 1141 3820 hanc
1159 3766 1502 3835 reprehendit
1522 3767 1847 3830 doctrinam,

276 3868 505 3924 eamque
528 3854 605 3908 ait
629 3853 989 3925 Origenianos
1010 3855 1110 3911 hoc
1139 3855 1289 3910 isaiaa
1315 3856 1624 3910 testimonio
1666 3856 1850 3909 deicit-

279 3947 408 4003 dere
434 3966 447 4002 :
481 3965 500 3999 ι
541 3947 608 4002 Et
631 3947 947 4003 claudentur
969 3948 1041 4003 ibi
1071 3949 1123 4003 in
1155 3963 1396 4014 carcere,
1419 3957 1473 4002 et
1498 3957 1618 4017 post
1650 3948 1847 4002 multos

280 4039 397 4096 dies
413 4040 772 4096 visitabuntur
784 4040 870 4095 ὀἳ
895 4059 915 4094 ι
932 4041 1059 4112 quid
1077 4041 1409 4112 Stephanum
1426 4040 1693 4096 Gobarum
1714 4039 1848 4112 (52),

279 4133 371 4203 qui
391 4134 442 4188 in
461 4134 909 4204 questionibusin
932 4144 1214 4203 utramque
1233 4133 1473 4188 excussis
1489 4142 1715 4203 partem,
1733 4146 1853 4201 quae

280 4224 395 4279 fere
418 4226 719 4279 Adamantii
739 4224 946 4293 placitis
966 4231 1238 4289 constant,
1254 4224 1333 4278 sic
1355 4223 1547 4278 habet:
1573 4224 1694 4276 ’Ότι
1718 4224 1766 4275 οἱ
1794 4226 1851 4276 ἐν

276 4319 345 4389 τῇ
371 4316 589 4370 κολάσει
613 4313 1027 4390 παραδιδόμενοι
1047 4314 1155 4367 τῶν
1189 4313 1526 4386 ἁμαρτωλῶν
1572 4312 1853 4385 καθαίρον-

277 4425 369 4463 ται
389 4409 487 4480 τῆς
508 4409 704 4472 κακίας
730 4409 787 4461 ἐν
811 4407 970 4479 αὐτῇ,
998 4406 1095 4459 καὶ⁵
1127 4404 1264 4477 μετὰ
1300 4405 1397 4476 τὴν
1419 4404 1686 4477 κάθιηοσιν
1715 4406 1851 4458 ἀπο-

1944 1940 2105 1997 ﬁnem
2135 1941 2295 2007 facio,
2331 1942 2422 2011 qui
2454 1940 2506 1994 in
2546 1940 2683 1994 libro
2723 1940 2801 1994 De
2855 1941 3138 1994 ltmreaibus
3185 1940 3521 2010 Origenistas

1944 2048 2170 2089 censere
2191 2032 2267 2087 ait
2296 2051 2314 2083 ι
2351 2030 2556 2086 Christi
2588 2046 2811 2102 regnum
2843 2031 3054 2086 tandem
3095 2031 3384 2102 aliquando
3427 2030 3522 2082 de-

1944 2126 2206 2191 siturum,
2231 2132 2285 2178 et
2317 2122 2481 2178 simul
2523 2121 2743 2191 angelos
2772 2122 3073 2187 desituros,
3113 2141 3132 2175 ι
3177 2137 3369 2190 nempe
3396 2136 3519 2175 cum

1944 2214 2123 2269 onmia
2148 2230 2310 2269 unum
2342 2228 2463 2269 cum
2497 2213 2605 2269 Deo
2639 2212 2800 2279 (ient;
2836 2222 2891 2266 et
2926 2213 3019 2266 lib.
3079 2228 3118 2266 ιι
3176 2212 3251 2266 De
3286 2213 3391 2280 ﬁde
3435 2228 3522 2265 or-

1944 2306 2116 2372 thod.,
2146 2320 2269 2374 cap.
2306 2305 2360 2369 i,
2389 2304 2769 2375 Origenianam
2806 2304 2946 2357 hanc
2980 2304 3032 2357 in
3062 2303 3326 2372 integrum
3363 2305 3523 2357 resti—

1946 2396 2205 2451 tutionem
2234 2396 2431 2466 arguit,
2468 2410 2629 2464 quam
2662 2404 2781 2464 post
2812 2393 2955 2447 mille
2980 2407 3244 2446 annormn
3287 2392 3522 2461 spatium

1949 2488 2181 2542 futuram
2228 2486 2526 2542 credidisse
2570 2486 2956 2539 Adamantium
3009 2483 3225 2539 asserit.
3279 2483 3525 2537 Gobarus

1946 2590 2161 2646 quoque
2202 2575 2466 2631 Tritheita
2522 2574 2683 2646 apud
2725 2574 2882 2632 Phot.
2931 2574 3054 2630 cod.
3096 2588 3338 2639 ccxxx",
3384 2574 3526 2627 inter

1947 2669 2248 2738 disputatas
2298 2668 2623 2736 quaestiones
2680 2668 2823 2722 hanc
2898 2667 3060 2722 etiam
3123 2667 3304 2734 posuit
3349 2684 3361 2719 :
3400 2665 3525 2717 Ὅτι

1947 2760 2206 2832 πρότερον
2246 2762 2294 2813 οἰ
2349 2760 2546 2813 δίκαιοι
2604 2761 3018 2831 ἀναστήσονται,
3064 2758 3157 2811 καὶ
3210 2758 3307 2811 σὺν
3343 2758 3525 2820 αὐτοῖς

1948 2850 2127 2904 πάντα
2152 2848 2225 2901 τὰ
2251 2849 2383 2915 ζῶα,
2411 2850 2504 2902 καὶ
2544 2849 2636 2902 ὲπὶ
2668 2848 2813 2920 χίλια
2860 2847 2954 2918 ἔτη
2998 2846 3334 2918 τρυφήσουσι
3360 2883 3374 2907 ,
3432 2846 3527 2897 καὶ

1948 2939 2232 3003 ἐσθίοντες,
2260 2941 2355 2993 καὶ
2380 2939 2721 3003 τεκνοῦντες,
2763 2939 2857 2991 καὶ
2891 2936 3029 3009 μετὰ
3060 2936 3219 2990 τοῦτο
3252 2939 3283 3008 ἡ
3315 2935 3527 2990 καθολι-

1948 3036 2020 3106 κὴ
2048 3037 2400 3106 ἐπιστήσεται
2434 3034 2753 3098 ἀνάστασις.
2809 3051 2828 3085 ι
2873 3031 3055 3087 Justos
3081 3033 3313 3101 primum
3348 3045 3527 3085 resur~

1954 3138 2215 3191 recturos,
2242 3136 2294 3180 et
2324 3142 2445 3180 cum
2483 3126 2615 3196 ipsis
2645 3122 2824 3179 omnia
2855 3122 3106 3177 animalia
3130 3160 3145 3184 ,
3181 3130 3234 3175 et
3259 3136 3354 3191 per
3382 3120 3527 3175 mille

1950 3234 2123 3273 annos
2157 3217 2364 3271 deliciis
2391 3217 2650 3273 lruituros
2671 3256 2686 3282 ,
2721 3225 2773 3271 et
2799 3216 3047 3280 edentes,
3078 3224 3133 3268 et
3158 3214 3404 3268 bibentes
3430 3253 3445 3277 ,
3474 3224 3528 3266 et

1948 3310 2265 3381 gignentes,
2304 3317 2598 3379 posteaque
2658 3308 2894 3362 futuram
2941 3307 3302 3362 universaletn
3345 3319 3528 3359 resur—

1949 3402 2264 3457 rectionem.
2301 3422 2322 3453 ι
2356 3402 2411 3455 Si
2448 3401 2500 3455 in
2546 3402 2645 3455 hac
2700 3402 2800 3455 fuit
2828 3399 3089 3472 Origenes
3125 3400 3429 3466 sententia,
3462 3398 3527 3452 il-

1948 3495 2054 3548 lam
2085 3493 2321 3547 Platonis
2352 3489 2559 3563 χιλιετῆ
2614 3492 2870 3564 πορείαν,
2927 3506 3090 3562 quam
3151 3492 3423 3555 diximus,
3470 3490 3527 3545 in

1952 3585 2317 3640 Christianam
2352 3583 2511 3639 tidem
2553 3583 2850 3638 transferre
2878 3594 3104 3637 conatus
3137 3582 3333 3647 fuerit,
3365 3592 3529 3653 atque

1951 3679 2022 3732 ita
2048 3678 2309 3732 Chiliasta
2346 3678 2449 3731 dici
2489 3676 2682 3745 possit.
2717 3676 3037 3744 Quanquam
3089 3675 3193 3728 alia
3248 3674 3353 3729 fuit
3401 3674 3530 3730 Chi.

1950 3771 2230 3825 liastaruut
2258 3769 2472 3838 proprie
2498 3769 2762 3823 dictorum
2780 3769 3021 3833 hteresis,
3046 3782 3076 3822 a
3102 3767 3384 3831 Cerintho,
3416 3768 3526 3830 vel,

1953 3873 2011 3917 ιιι
2038 3862 2153 3929 alii,
2186 3878 2216 3916 a
2245 3861 2409 3930 Papia
2429 3858 2837 3929 Hierapolitano
2866 3860 3121 3930 episcopo
3146 3870 3289 3915 orta.
3310 3858 3532 3930 iAuctor

1951 3955 2149 4024 quippe
2169 3963 2250 4009 est
2274 3953 2540 4009 Eusebius
2562 3953 2654 4008 lib.
2682 3968 2743 4007 ιιι
2771 3952 2910 4006 Hist.
2935 3953 3096 4007 eccles
3128 3992 3144 4017 ,
3167 3966 3289 4020 cap.
3317 3951 3528 4017 ultimo,

1952 4044 2172 4115 Papiam
2201 4043 2369 4109 illum,
2403 4043 2659 4098 mediocri
2703 4053 2761 4096 ut
2807 4053 2927 4098 erat
2971 4042 3230 4113 praeditus
3282 4042 3525 4113 ingenio,

1951 4153 2143 4209 parum
2175 4148 2331 4193 acute
2362 4138 2652 4192 intellectis
2684 4137 3051 4207 apostolorum
3096 4134 3318 4205 scriptis
3357 4134 3528 4205 (vice-

1955 4231 2093 4284 sitno
2136 4245 2327 4299 nempe
2360 4228 2762 4300 Apocalypseos
2785 4225 3013 4297 capite),
3058 4242 3286 4296 regnum
3319 4224 3525 4280 Christi

1953 4330 2078 4392 post
2108 4322 2560 4375 resurrectionem
2594 4333 2694 4388 per
2726 4318 2871 4373 mille
2900 4331 3071 4371 annos
3110 4318 3250 4371 inter
3288 4328 3528 4368 summas

1954 4428 2244 4484 corporum
2281 4412 2587 4481 voluptates
2623 4410 2678 4464 in
2706 4410 2867 4464 terris
2911 4418 3384 4478 perseveraturum
3430 4421 3529 4474 pu-

280 4499 492 4555 λύονται
518 4501 617 4572 τῆς
636 4499 905 4562 κολάσεως
927 4514 941 4529 ο
977 4498 1152 4550 καίτοι
1184 4497 1246 4551 ού
1281 4496 1479 4559 πάντες
1527 4498 1575 4550 οἱ
1606 4495 1846 4568 παραδο-

1952 4513 2122 4570 tasse,
2149 4519 2213 4558 ac
2249 4504 2420 4574 ipsius
2450 4501 2648 4557 deinde
2701 4500 3079 4554 auctoritatem
3131 4498 3275 4551 idem
3325 4497 3528 4550 [remeo

280 4595 465 4658 θέντες
496 4597 558 4665 τῇ
592 4593 809 4647 κολάσει
835 4591 1183 4661 καθαίρονται
1204 4592 1296 4644 καὶ
1316 4590 1661 4654 ἀπολύονται,
1711 4590 1849 4643 ἀλλά

278 4706 440 4754 τινες,
457 4689 553 4745 καὶ
578 4690 680 4753 ὅτι,
705 4688 841 4758 ὅπερ
866 4688 1012 4740 ἐστὶν
1038 4685 1235 4757 ἀληθὲς
1257 4685 1357 4755 τῆς
1380 4684 1703 4756 Ἐκκλησίας
1718 4684 1851 4756 φρό-

277 4799 429 4853 νημα
452 4821 466 4847 ,
490 4782 662 4845 οὐδεὶς
686 4780 979 4836 ἀπολύεται
1016 4780 1117 4851 τῆς
1150 4779 1441 4844 κολάσεως.
1477 4797 1497 4831 ι
1530 4779 1849 4834 Peccatores

279 4876 456 4944 poenis
484 4875 711 4929 traditos
735 4888 764 4927 a
794 4872 1347 4945 nequitiaexpurgari
1376 4872 1429 4925 in
1453 4871 1616 4939 ipsis;
1646 4878 1701 4924 et
1728 4876 1849 4939 post

280 4966 723 5037 expurgatiunem
768 4966 941 5034 pomis
983 4964 1139 5020 solvi.
1170 4962 1280 5019 Nec
1300 4963 1520 5034 purgari
1570 4971 1751 5017 tamen
1793 4970 1851 5017 et

281 5060 486 5116 absolvi
511 5075 697 5115 omnes
723 5060 811 5129 qui
848 5059 1127 5127 suppliciis
1152 5057 1349 5112 addicti
1389 5065 1515 5111 sunt
1537 5094 1553 5121 ,
1586 5055 1678 5109 sed
1712 5069 1851 5108 nun-

280 5150 480 5204 nullos.
534 5150 599 5204 Et
650 5151 918 5204 neminem
968 5149 1229 5219 supplicio
1270 5148 1519 5212 liberari,
1553 5161 1674 5216 qua:
1719 5160 1845 5199 vera

280 5252 365 5296 est
393 5240 643 5294 Ecclesiae
674 5240 989 5295 sententia?
1024 5258 1043 5292 ι
1096 5240 1225 5310 quid
1274 5237 1514 5293 Nicetam
1560 5237 1850 5291 Acomina-

284 5345 417 5396 tum,
462 5334 552 5402 qui
601 5333 695 5388 lib.
730 5347 780 5386 tv
812 5332 1067 5387 Thesauri
1116 5334 1321 5387 ortltod.
1362 5332 1483 5401 ﬁd.,
1531 5331 1664 5386 haer.
1695 5344 1842 5393 xxxi,

280 5427 566 5497 Origenem
615 5426 752 5481 male
804 5426 1042 5481 sensisse
1070 5427 1323 5496 praedicat
1353 5426 1423 5481 de
1465 5437 1746 5495 poenarum
1778 5435 1842 5476 ac

280 5520 627 5591 praemiorum
650 5520 1008 5588 perennitate,
1038 5519 1382 5587 futurumque
1418 5518 1619 5572 dixisse
1658 5524 1712 5569 ut
1752 5530 1842 5569 cx-

349 5659 398 5694 ⁸⁹
427 5659 532 5715 lsa.
566 5675 717 5725 χειν,
754 5658 844 5712 εει.

353 5803 461 5875 (51)
496 5801 700 5870 DiaIOg.
730 5818 810 5869 ιιι,
848 5818 989 5871 resp.
1017 5801 1139 5856 ΗΟ.

594 5898 863 5963 Parnm.
911 5898 1024 5957 Cn.
1074 5894 1269 5957 XV".

1953 4597 2307 4668 persuasisse.
2363 4594 2582 4650 Sectam
2633 4606 2847 4662 quoque
2899 4591 3042 4642 illam
3089 4587 3359 4658 persecuti
3402 4595 3528 4643 sunt

1952 4687 2042 4740 alii
2073 4685 2371 4740 eruditione
2402 4685 2610 4739 nobiles
2646 4683 2749 4736 viri
2780 4679 3148 4736 Tertulliauus
3170 4719 3185 4746 ,
3217 4680 3527 4735 Victorinus

1952 4775 2391 4839 Petabionensis,
2437 4785 2493 4831 et
2543 4774 2903 4839 Lactantius,
2955 4773 3129 4828 donec
3180 4772 3235 4827 in
3280 4781 3526 4841 apertam

1952 4869 2130 4938 erupit
2171 4868 2442 4933 haeresim,
2493 4866 2546 4921 in
2596 4864 2929 4935 Apollinario
2969 4865 3282 4919 damnatam
3336 4854 3370 4915 'a
3420 4861 3526 4915 Da-

1954 4976 2107 5016 maso
2164 4975 2321 5031 papa.
2374 4960 2629 5015 Attamen
2670 4959 2759 5011 vix
2813 4957 2916 5012 sibi
2966 4959 3295 5027 persuadere
3351 4961 3530 5022 potest

1952 5055 2290 5125 Epiphanius
2317 5062 2646 5108 assertorem
2683 5052 2848 5105 fuisse
2873 5050 3267 5120 Apollinarium
3300 5047 3525 5116 dogma-

1955 5148 2024 5199 tis
2050 5144 2375 5213 huiusmodi,
2413 5143 2567 5213 cujus
2613 5157 2715 5197 nec
2762 5139 2975 5194 aﬂinem
3025 5139 3192 5193 fuisse
3235 5135 3525 5206 Origenem

1952 5238 2293 5306 perSpicuum
2326 5248 2404 5289 est
2436 5251 2503 5289 ex
2552 5234 2637 5289 his
2689 5234 2868 5287 verbis
2906 5244 3037 5285 tom.
3081 5245 3191 5282 xvn
3221 5230 3274 5281 in
3306 5226 3522 5285 ΜαΗΙι..

1951 5343 2098 5381 num.
2129 5327 2231 5389 35,
2265 5344 2386 5395 pag.
2426 5324 2533 5380 827
2565 5348 2576 5381 :
2608 5326 2719 5379 Καὶ
2761 5324 2949 5395 ῶσπερ
2998 5320 3303 5376 πλανῶνται
3342 5322 3391 5373 οἱ
3435 5320 3525 5373 διὰ

1949 5420 2009 5475 τὸ
2045 5421 2117 5492 μὴ
2144 5421 2490 5492 τροπο).ογεῖν
2539 5420 2607 5474 τὰ
2648 5416 2961 5491 προςρητικὰ
3016 5416 3253 5487 οἰόμενοι
3311 5414 3523 5487 μέλλειν

1950 5514 2094 5585 ἡμᾶς
2126 5514 2262 5585 μετὰ
2293 5515 2391 5584 τὴν
2430 5513 2723 5567 ἀνάστασιν
2762 5510 2959 5564 ἐσθίειν
2989 5512 3080 5563 καὶ
3118 5509 3293 5564 πίνειν
3335 5524 3519 5578 σωμα-

2026 5794 2136 5866 (59)
2169 5795 2319 5865 Apud
2355 5794 2530 5862 Phot.,
2565 5796 2685 5851 cod.
2721 5811 2959 5850 ccxxx".

3214 5881 3292 5941 33
