4068 6308
543 315 681 369 1053

1801 314 1859 371 Ρ.
1897 315 2206 370 DANIELIS
2244 317 2475 375 IlUETH

3633 333 3765 392 1035

541 432 666 485 τικὰ
697 431 983 504 βρώματα,
1025 431 1143 485 ἐπεὶ
1178 433 1233 486 αἱ
1273 431 1444 496 λέξεις
1481 433 1587 485 τῶν
1630 434 1854 503 γραφῶν
1887 434 2091 487 τοιαῦτα

2211 439 2289 508 (ut
2317 449 2494 494 tamen
2542 441 2871 497 concedatur
2911 443 3034 512 quia
3081 444 3259 513 aliqua
3293 445 3552 519 videmus)
3588 451 3763 505 media

543 525 886 595 περιέχουσιν
905 541 919 555 ο
964 524 1104 576 οὕτω
1146 524 1238 576 καὶ
1265 522 1336 575 τὰ
1363 525 1488 594 περὶ
1507 524 1698 595 γάμων
1725 527 2102 597 γεγραμμένα,

545 619 638 673 κα)⁴
661 617 868 689 ἀνδρῶν
893 617 986 670 καὶ
1020 615 1291 684 γυναικῶν
1329 616 1620 687 τηροῦντες
1659 617 1751 670 ἐπὶ
1792 619 1884 672 τοῦ
1919 619 2104 690 ῥητοῦ,

544 711 638 767 καὶ
666 711 896 779 οἰόμενοι
924 707 1227 770 συνουσίαις
1250 709 1392 778 ἡμᾶς
1421 709 1515 762 καὶ
1543 707 1662 762 τότε
1697 710 2012 780 χρήσεσθαι,
2041 710 2106 763 δι’

544 802 609 865 ἃς
634 801 755 854 οὐδὲ
781 799 1055 869 σχολάζειν
1077 799 1193 851 ἐστὶ
1224 801 1288 868 τῇ
1335 802 1606 871 προσευχῇ
1649 799 1866 853 δυνατόν
1885 819 1899 832 ο
1933 801 1990 854 ἐν
2015 819 2108 872 μο-

545 889 734 962 λυσμῷ
767 908 881 952 πως
906 889 1072 942 ὄντων
1098 889 1191 942 καὶ
1238 888 1550 961 ἀκαθαρσίᾳ
1593 893 1701 944 τινὶ
1745 891 1852 945 τῶν
1893 891 2109 964 χρωμέ-

545 1000 650 1037 νων
680 982 1026 1053 ἀφροδισίοις.
1070 981 1341 1036 Adversus
1388 982 1634 1037 eamdem
1691 984 1937 1037 haeresim
1991 985 2106 1052 pari

542 1076 702 1130 modo
756 1073 1100 1128 excandescit
1146 1071 1235 1126 lib.
1309 1088 1347 1126 ιι
1404 1073 1542 1141 Περὶ
1586 1074 1820 1142 ἀρχῶν,
1869 1090 1986 1140 cap.
2020 1075 2103 1138 ll,

539 1182 687 1221 num.
718 1164 776 1229 ἓ,
822 1175 876 1218 et
910 1165 1129 1235 prologo
1171 1164 1226 1217 in
1266 1162 1492 1229 Cantia,
1529 1181 1652 1235 pag.
1697 1166 1766 1220 28
1797 1183 1810 1218 :
1850 1184 1868 1217 ι
1899 1167 2108 1222 Accidit

541 1267 598 1312 ut
620 1257 974 1328 simpliciores
999 1258 1217 1325 quidam
1241 1257 1547 1312 nescientes
1569 1258 1900 1327 distinguere
1928 1273 1990 1313 ac
2015 1273 2103 1312 se-

538 1363 762 1404 cernere
785 1364 907 1418 quar.
933 1349 1038 1403 sint
1072 1364 1188 1414 qua:
1218 1349 1270 1402 in
1303 1347 1597 1418 Scripturis
1627 1351 1828 1405 divinis
1857 1352 2101 1406 interiori

538 1440 762 1506 homini,
797 1453 920 1507 quae
964 1452 1091 1491 vero
1128 1437 1384 1491 exteriori
1425 1439 1727 1506 deputanda
1763 1439 1903 1505 sint,
1944 1455 2105 1494 voca-

535 1530 784 1586 bulorum
816 1527 1258 1584 similitudinibus
1303 1527 1422 1583 falsi
1471 1530 1538 1583 ad
1583 1531 1793 1599 ineptas
1837 1531 2099 1599 quasdam

535 1623 748 1677 fabulas
773 1631 826 1676 et
863 1623 1113 1691 figmenta
1145 1620 1324 1675 inania
1356 1636 1415 1675 se
1441 1622 1802 1686 contulerint;
1847 1631 1903 1676 ut
1939 1624 2098 1677 etiam

534 1721 663 1781 post
706 1713 1157 1766 resurrectionem
1212 1712 1351 1767 cibis
1414 1713 1787 1782 corporalibus
1845 1715 2097 1767 utcndmn

535 1805 836 1864 crederent,
872 1813 1163 1873 potumque
1188 1805 1505 1858 sumendum
1539 1820 1643 1859 non
1701 1805 1870 1859 solum
1915 1821 1982 1859 ex
2011 1805 2098 1859 illa

533 1896 643 1949 vlte
673 1910 798 1949 vera
831 1905 879 1948 et
905 1895 1117 1949 vivente
1145 1895 1196 1948 in
1220 1895 1449 1959 saecula,
1481 1912 1666 1950 verum
1693 1909 1748 1952 et
1789 1913 1853 1952 ex
1888 1899 1976 1958 his
2014 1899 2097 1952 vi-

534 1986 681 2039 tibus
707 1985 856 2056 ligni.
890 2003 908 2036 ι
950 1985 1021 2038 Ea
1053 1994 1317 2055 praeterea
1363 1985 1429 2040 de
1459 1987 1857 2042 resurrectione
1879 2030 1893 2051 ,
1927 1989 2099 2056 deque

533 2073 710 2143 pernis
735 2073 1103 2130 damnatorum
1132 2074 1386 2143 opinatus
1433 2084 1545 2142 est,
1574 2091 1693 2144 quae
1718 2075 2098 2131 Chilionetita-

534 2179 654 2218 rum
695 2165 922 2220 vesaniae
961 2181 1024 2220 ex
1085 2170 1314 2223 adverso
1361 2176 1676 2237 repugnant.
1731 2168 1859 2222 lnde
1905 2167 2098 2221 Hiero-

532 2271 726 2329 nymus
753 2258 804 2312 in
840 2258 1045 2328 praefat.
1080 2259 1202 2315 libri
1239 2275 1369 2313 ιιι-ιιι
1402 2259 1752 2314 Commentar.
1786 2262 1841 2314 in
1873 2261 2098 2326 Isaiam,

532 2363 652 2417 quae
675 2357 757 2402 est
785 2350 851 2403 ad
877 2348 1251 2415 Eustochium,
1278 2351 1536 2407 adversus
1567 2351 1890 2407 Millenarios
1916 2353 2098 2422 dispu-

532 2449 672 2506 tans,
703 2451 944 2496 errorem
970 2440 1180 2494 illorum
1209 2455 1394 2495 eorum
1419 2441 1593 2497 errori
1622 2444 1713 2512 qui
1745 2445 2099 2498 resurrectio—

529 2548 652 2587 nem
686 2533 879 2590 tollunt
903 2535 1235 2588 contrarium
1260 2543 1314 2588 et
1336 2535 1638 2602 oppositum
1663 2551 1780 2590 esse
1808 2537 2051 2605 agnoscit
2080 2553 2094 2589 :

526 2631 582 2678 et
599 2621 938 2678 Justinianus
961 2624 1012 2677 in
1047 2623 1270 2693 epistola
1302 2624 1366 2678 ad
1387 2625 1622 2692 quintam
1651 2629 1907 2696 synodum
1936 2643 2096 2694 quam

526 2715 746 2770 exhibet
769 2713 1065 2782 Cedrenus,
1087 2715 1385 2770 doctrinam
1410 2715 1723 2786 Pythagorae
1748 2728 1802 2772 et
1834 2719 2095 2783 Platonis,

527 2805 795 2874 hujusque
823 2805 955 2859 adeo
985 2804 1146 2858 verba
1183 2820 1344 2874 super
1394 2807 1480 2862 his
1515 2807 1659 2860 mille
1711 2823 1973 2862 annorum
2005 2822 2098 2879 pe-

525 2898 693 2953 riodis
726 2911 1021 2966 exponens,
1046 2911 1165 2951 eam
1200 2897 1414 2968 Origcni
1453 2915 1716 2969 nusquam
1747 2899 1956 2953 tribuit.

596 2985 782 3040 XXIII.
821 2984 1081 3051 Quamvis
1105 2995 1282 3040 autem
1313 2987 1653 3042 manifestum
1675 2989 1878 3042 erroris
1915 2999 2093 3042 tenea-

525 3093 645 3132 mus
674 3077 956 3147 Origenem
1001 3077 1054 3131 in
1088 3079 1384 3146 quaestione
1412 3078 1478 3132 de
1503 3094 1778 3149 pmnarum
1823 3090 1876 3134 et
1921 3081 2095 3137 beati-

523 3171 654 3224 tatis
681 3169 1044 3238 perennitate,
1079 3169 1244 3224 multa
1277 3180 1453 3224 tamen
1487 3171 1538 3224 in
1563 3171 1679 3241 ejus
1725 3171 2090 3229 dcfensiOuem

521 3260 710 3314 adduci
743 3271 1002 3330 possunt,
1053 3276 1174 3316 cum
1216 3276 1284 3316 ex
1334 3263 1450 3332 ejus
1503 3263 1815 3334 deprompta
1851 3265 2090 3336 scriptis,

523 3361 637 3407 tum
692 3354 831 3423 apud
897 3353 1144 3410 laudatos
1211 3355 1500 3424 scriptores
1572 3357 1894 3425 conquisita.
1961 3358 2092 3424 Quae

521 3445 835 3516 priusquam
861 3450 1213 3517 attingamus,
1233 3448 1453 3515 dignum
1481 3447 1607 3502 illud
1625 3449 2092 3508 animadversione

521 3538 770 3607 estquod
813 3551 1200 3594 commemorat
1251 3551 1439 3594 auctor
1482 3540 1884 3605 Prwdestinati,
1927 3558 2090 3612 quem

506 3630 687 3684 edidit
718 3628 952 3685 Jacobns
975 3630 1316 3696 Sirmondus,
1352 3633 1480 3686 haer.
1506 3648 1658 3696 xu",
1688 3632 2089 3701 Ampullianum

520 3723 805 3792 quemdam
845 3723 1160 3779 haereticutn
1201 3724 1487 3794 Bithynum
1531 3725 1582 3778 in
1625 3742 1744 3780 eam
1796 3727 2090 3781 iucurriss‘e

518 3815 790 3880 haeresim,
821 3833 840 3866 ι
871 3826 930 3870 ιιι
961 3817 1164 3871 diceret
1203 3833 1390 3873 omnes
1433 3817 1752 3872 criminosos
1802 3832 1924 3872 cum
1969 3819 2086 3872 dia-

442 3939 444 3941 »
517 3906 640 3962 bolo
669 3917 724 3962 et
747 3908 1028 3964 daemoniis
1053 3924 1121 3963 eo
1147 3923 1316 3976 usque
1361 3909 1414 3962 in
1449 3909 1691 3976 gehenna
1721 3909 1969 3979 decoqui,
1998 3927 2089 3966 us-

517 4014 732 4070 quequo
757 4001 877 4067 puri
915 3999 1110 4054 redditi
1135 4001 1346 4066 possint
1379 3999 1502 4053 inde
1527 4003 1708 4054 mundi
1743 4012 1793 4056 et
1827 4004 2085 4056 immacu-

514 4089 606 4144 lati
637 4091 858 4159 egredi;
889 4108 910 4140 ι
942 4097 1272 4159 quapropter
1305 4104 1426 4143 cum
1454 4090 1756 4146 universam
1785 4091 2084 4147 Ecclesiant

512 4182 799 4236 adversum
830 4195 888 4236 se
927 4183 1330 4246 commovisset,
1354 4181 1574 4237 vitiatos
1605 4199 1635 4237 a
1669 4198 1728 4238 se
1757 4185 1919 4238 libros
1958 4183 2084 4240 Ori-

512 4273 685 4342 genis,
733 4280 791 4328 et
839 4287 933 4327 eos
977 4274 1247 4342 praecipue
1291 4273 1380 4343 qui
1431 4282 1556 4327 sunt
1601 4273 1740 4342 Περὶ
1779 4275 1980 4344 ἀρχῶν
2028 4277 2081 4328 in

511 4364 795 4420 sententiae
824 4380 936 4420 suae
980 4364 1284 4433 praesidium
1320 4363 1632 4432 protulisse.
1674 4365 1835 4420 Addit
1891 4366 2083 4421 deinde

2206 542 2375 586 sunt:
2415 549 2534 602 qua:
2559 544 2683 588 ante
2717 534 2971 589 mundum
3012 535 3245 601 fuerint,
3281 537 3616 607 ignoramus;
3657 541 3767 596 fue-

2207 631 2333 676 runt
2359 637 2520 691 porro
2560 623 2799 691 quaedam
2846 635 2971 680 ante
3005 627 3280 680 mundum.
3308 627 3436 694 Quae
3465 639 3584 696 post
3613 647 3769 684 mun-

2207 717 2331 769 dum
2361 726 2610 770 secutura
2641 725 2788 784 sunt,
2818 719 2882 771 ad
2910 727 3116 771 certum
3141 734 3243 773 non
3271 723 3725 789 apprehendimus
3755 744 3768 780 :

2206 816 2365 859 erunt
2416 816 2597 859 autem
2647 806 2750 860 alia
2795 815 2915 876 post
2961 809 3238 863 mundum.
3277 828 3297 862 ι
3347 809 3484 865 Τιιιιι
3531 825 3767 882 postea:

2214 916 2233 947 ι
2269 897 2339 950 Ea
2371 913 2492 966 quae
2524 907 2645 966 post
2674 907 2974 953 extremum
3027 900 3280 955 saeculum
3319 901 3499 956 futura
3540 913 3667 958 sunt
3717 905 3771 958 in

2206 989 2397 1042 saecula
2439 989 2785 1054 saeculorum,
2835 990 2958 1059 quis
3009 1001 3183 1059 potest
3223 994 3534 1063 exponere?
3563 994 3771 1050 Garru-

2205 1079 2378 1134 lorum
2396 1089 2478 1136 est
2499 1081 2772 1136 hominum
2789 1082 3233 1147 horumnotitiam
3251 1086 3510 1154 polliceri,
3529 1089 3775 1143 nescien—

2207 1172 2337 1226 tium
2373 1172 2495 1242 quia
2526 1171 2688 1226 homo
2713 1187 2774 1226 ea
2809 1183 3014 1228 tantum
3043 1184 3218 1244 potest
3249 1191 3443 1246 capere
3463 1215 3479 1242 ,
3507 1193 3628 1248 quae
3655 1193 3772 1232 me-

2202 1263 2288 1316 dia
2323 1274 2464 1325 sunt,
2489 1273 2542 1318 et
2573 1278 2634 1316 ea
2659 1278 2779 1333 quae
2806 1275 2925 1332 post
2948 1267 3201 1321 nnmdunt
3228 1283 3396 1337 usque
3419 1269 3485 1323 ad
3507 1285 3767 1324 consum-

2204 1357 2492 1410 mationem
2521 1356 2572 1410 in
2595 1356 2798 1424 judicio
2831 1369 2954 1414 sunt
2983 1361 3158 1413 futura
3189 1361 3254 1414 de
3281 1361 3478 1430 poenis,
3508 1361 3575 1416 de
3603 1361 3770 1416 retri-

2202 1447 2440 1503 butione.
2494 1449 2561 1502 Et
2603 1451 2792 1504 horum
2841 1465 3058 1520 quoque
3100 1451 3264 1506 multa
3315 1451 3581 1508 absconsa
3645 1465 3770 1509 sunt

2203 1539 2381 1604 nobis,
2409 1550 2465 1592 ut
2494 1550 2713 1610 propter
2745 1544 2845 1597 hoc
2866 1544 3082 1611 quidem
3111 1545 3368 1612 scripturn
3400 1545 3472 1600 sit
3501 1563 3515 1600 :
3544 1543 3768 1599 Duabus

2201 1629 2439 1683 velabant
2480 1632 2664 1699 [aciem
2703 1633 2768 1688 δ’.
2811 1654 2828 1686 ι
2875 1632 3027 1688 Unde
3077 1649 3162 1690 res
3205 1650 3297 1690 cas
3337 1645 3766 1704 pertractaturus

2203 1720 2294 1776 lib.
2320 1736 2334 1774 I
2366 1723 2504 1790 Περὶ
2541 1723 2763 1794 ἀρχῶν,
2795 1740 2911 1795 cap.
2939 1729 2992 1790 6,
3023 1741 3170 1779 num.
3201 1726 3252 1792 1,
3282 1726 3383 1780 hac
3407 1728 3767 1783 obtestatione

2200 1812 2414 1868 lectoris
2445 1825 2679 1870 mentem
2725 1827 2957 1887 occupat
2992 1835 3006 1870 :
3047 1837 3065 1868 ‹
3101 1819 3229 1884 Quae
3278 1820 3494 1888 quidem
3537 1835 3570 1872 a
3617 1820 3764 1875 nobis

2199 1906 2364 1960 etiam
2391 1921 2514 1960 cum
2547 1923 2742 1978 magno
2769 1917 2916 1962 metu
2947 1918 3001 1964 et
3029 1909 3242 1964 cautela
3269 1911 3521 1964 dicuntur
3545 1928 3560 1976 ;
3592 1912 3768 1967 discu-

2201 1997 2458 2052 tientibus
2489 1998 2661 2067 magis
2687 2008 2742 2053 et
2775 2001 3231 2067 pertractantibns
3255 2041 3268 2066 ,
3298 2018 3458 2068 quam
3488 2018 3586 2071 pro
3619 2017 3767 2058 certo

2198 2104 2263 2143 ac
2299 2089 2516 2144 definito
2539 2091 2922 2146 statuentibus.
2953 2092 3247 2148 lndicatum
3279 2109 3512 2164 namque
3545 2110 3576 2147 a
3612 2095 3765 2148 nobis

2201 2180 2253 2235 in
2283 2183 2654 2251 superioribus
2677 2193 2778 2248 est,
2807 2199 2927 2254 quae
2975 2186 3084 2241 sint
3124 2186 3190 2241 de
3215 2187 3426 2260 .quibns
3479 2185 3768 2242 manifesto

2198 2278 2447 2346 dogmate
2475 2279 2869 2335 terminandum
2905 2282 3009 2345 sit,
3045 2283 3188 2352 quod
3213 2291 3267 2336 et
3289 2296 3388 2351 pro
3424 2263 3764 2337 viribus‘nos

2199 2366 2392 2424 fecisse
2437 2379 2564 2440 puto
2613 2386 2737 2426 cum
2776 2372 2844 2427 de
2883 2371 3151 2429 Trinitate
3200 2373 3564 2443 loqueremur.
3613 2372 3765 2428 Nunc

2203 2471 2380 2515 autem
2405 2462 2712 2531 disputandi
2755 2463 2942 2531 specie
2993 2465 3199 2536 magis.
3244 2481 3402 2534 quam
3451 2465 3763 2531 deﬁniendi,

2197 2561 2358 2621 prout
2385 2567 2703 2620 possumus,
2737 2569 3079 2610 exercemur.
3119 2573 3135 2606 ι
3172 2557 3345 2624 Atque
3375 2557 3475 2610 hac
3516 2557 3761 2612 admoni-

2199 2645 2344 2698 tione
2367 2644 2741 2712 praemunitam
2785 2645 3222 2701 dissertationem
3262 2647 3431 2701 altera
3473 2651 3575 2703 hac
3618 2649 3760 2702 exci-

2195 2733 2294 2802 pit,
2349 2733 2501 2786 initio
2545 2734 2736 2802 capitis
2779 2737 3056 2806 sequentis
3099 2753 3112 2788 :
3163 2754 3186 2790 t
3228 2737 3351 2794 Haec
3384 2738 3602 2806 quidem
3640 2754 3757 2808 qua:

2198 2823 2450 2893 superius
2487 2823 2860 2892 disseruimus,
2903 2826 3140 2896 generali
3185 2825 3344 2882 nobis
3383 2843 3634 2883 sermone
3677 2828 3756 2884 di-

2199 2923 2348 2983 gesta
2374 2913 2503 2980 sint,
2538 2928 2635 2982 per
2667 2917 3117 2985 consequentiam
3161 2919 3331 2987 magis
3370 2919 3750 2985 intellectuum,

2197 3023 2354 3076 quam
2407 3008 2630 3064 definito
2667 3011 2915 3080 dogmate
2954 3022 3279 3081 pertractata
3324 3025 3486 3084 atqite
3517 3016 3752 3071 discussa

2121 3127 2162 3184 ρ
2197 3101 2262 3154 de
2313 3101 2721 3157 rationabilibus
2758 3105 2992 3164 naturis.
3047 3113 3167 3172 post
3217 3120 3341 3161 eum
3390 3107 3569 3161 locum
3601 3123 3751 3176 quem

2195 3190 2262 3244 de
2291 3189 2470 3256 Patre,
2526 3201 2582 3246 et
2614 3191 2788 3259 Filio,
2819 3205 2875 3249 et
2915 3195 3119 3266 Spiritu
3175 3206 3365 3252 sancto
3409 3213 3507 3268 pro
3561 3199 3755 3254 nostris

2193 3281 2402 3337 viribus
2428 3285 2794 3353 exposuimus.
2835 3285 2985 3343 Nun'c
3026 3303 3153 3358 ergo
3197 3288 3476 3344 videamus
3503 3305 3625 3360 quae
3650 3291 3754 3346 sint

2194 3373 2260 3428 de
2283 3374 2478 3443 quibus
2517 3376 2786 3432 disserere
2823 3379 2875 3432 in
2905 3381 3360 3448 consequentibus
3394 3383 3649 3436 convenit
3682 3397 3757 3437 se

2193 3463 2427 3518 cundum
2474 3465 2665 3533 dogma
2711 3477 2978 3532 nostrum,
3015 3466 3068 3525 i’d
3110 3480 3214 3538 est,
3254 3473 3548 3528 secundum
3583 3474 3756 3528 Eccle-

2191 3555 2285 3608 siae
2303 3553 2483 3613 ﬁdem.
2509 3574 2529 3608 ι
2551 3556 2718 3626 Magis
2738 3559 2900 3612 etiam
2919 3559 3139 3616 lluctuat
3159 3572 3287 3618 tom.
3305 3579 3473 3618 xxvut
3490 3566 3544 3618 in
3563 3563 3752 3631 Joan.,

2190 3661 2341 3701 num.
2373 3646 2425 3715 7,
2449 3662 2694 3718 quaerens
2735 3665 2800 3704 an
2847 3651 3137 3722 aliquando
3190 3656 3418 3710 vinculis
3466 3657 3756 3713 solvendus

2187 3737 2288 3800 sit,
2317 3752 2516 3805 necne,
2549 3741 2710 3796 homo
2749 3741 2837 3796 ille
2889 3745 3194 3814 impudens,
3251 3747 3344 3818 qui
3394 3762 3517 3803 cum
3558 3749 3756 3818 absque

2189 3830 2414 3898 nuptiali
2454 3841 2602 3888 veste
2631 3835 2696 3886 ad
2731 3837 3036 3892 convivium
3073 3840 3428 3908 accessisset,
3476 3841 3618 3896 mitti
3644 3841 3756 3909 jus-

2186 3933 2280 3973 sus
2307 3929 2390 3975 est
2435 3921 2487 3975 in
2535 3923 2788 3979 tenebras
2826 3927 3146 3994 exteriores,
3195 3928 3376 3997 ligatis
3419 3931 3752 4001 pedibusque

2189 4012 2537 4082 manibusque
2582 4031 2596 4067 :
2635 4004 2723 4068 Ὀὐ
2751 4017 2858 4086 γὰρ
2900 4017 3239 4088 ἐμφαίνεται,
3277 4020 3484 4090 inquit,
3515 4021 3583 4076 τὰ
3624 4022 3750 4094 περὶ

2185 4103 2492 4168 ἀπολύσεως
2553 4107 2814 4178 ἐσομένης
2860 4113 3215 4182 γεγραμμένα
3269 4113 3397 4184 περὶ
3442 4114 3638 4168 αὐτοῦ·
3685 4115 3748 4169 οὐ

2183 4195 2328 4248 δοκεῖ
2366 4195 2422 4248 δέ
2475 4214 2566 4266 μοι
2611 4200 2848 4270 ἀσφαλὲς
2877 4197 3014 4256 εἶναι
3059 4204 3132 4275 μὴ
3158 4205 3532 4260 καταλαϐόντα
3572 4209 3752 4263 ortm-

2181 4285 2327 4353 τοῦν,
2363 4287 2595 4359 μάλιστα
2621 4291 2699 4362 τῷ
2727 4293 2801 4364 μὴ
2828 4295 3136 4367 γεγράφθαι
3167 4298 3296 4368 περὶ
3328 4298 3513 4365 αὑτοῦ,
3542 4301 3752 4372 ἀποφή-

2184 4376 2406 4431 νασθαιο
2455 4392 2509 4436 et
2544 4383 2636 4438 lib.
2675 4400 2795 4452 vtu,
2827 4385 2881 4440 in
2922 4387 3091 4455 Epist.
3127 4392 3196 4442 ad
3236 4387 3415 4455 Rom.,
3462 4407 3610 4446 num.
3663 4393 3750 4458 Β,

511 4453 678 4510 libelli
713 4465 945 4511 auctor:
987 4474 1006 4507 t
1041 4454 1147 4510 Sed
1177 4456 1266 4524 qui
1313 4456 1432 4511 sani
1458 4467 1802 4556 IsensusAest,
1841 4466 1891 4510 ct
1921 4457 2083 4511 habet
2113 4457 2158 4512 D
2185 4484 2308 4541 pag,
2345 4471 2448 4526 640
2485 4489 2499 4526 ;
2548 4493 2566 4526 ι
2602 4475 2798 4532 verum
2834 4476 2889 4531 in
2936 4453 3039 4534 hac
3087 4480 3200 4550 ipsa
3247 4453 3590 4552 purgatione,
3633 4453 3750 4556 quae

513 4547 818 4614 Splendidos
846 4549 1051 4613 oculos,
1090 4548 1171 4603 sic
1195 4547 1340 4602 videt
1369 4547 1548 4602 addita
1575 4549 1626 4603 in
1652 4547 1899 4618 Origenis
1944 4563 2081 4618 optt-

513 4637 677 4692 sculis
705 4639 842 4692 mala
867 4640 990 4707 ista,
1015 4650 1174 4710 atque
1202 4641 1494 4710 cognoscit,
1516 4641 1655 4695 sicut
1683 4640 1730 4695 si
1765 4641 1815 4694 in
1846 4641 2082 4711 stragulo

512 4722 771 4784 coccineo
805 4744 1012 4798 pannos
1041 4732 1226 4796 albos,
1261 4741 1354 4788 aut
1391 4732 1651 4803 cujusque
1674 4731 1899 4787 alterius
1928 4735 2078 4788 colo-

510 4822 590 4876 ris
622 4831 810 4876 cernat
839 4822 1076 4879 adsutos.
1113 4843 1134 4877 ι
1188 4824 1342 4882 Nunc
1387 4841 1508 4896 quae
1543 4840 1641 4896 pro
1675 4839 1734 4880 se
1787 4825 1902 4895 ipse
1942 4825 2080 4879 Ada-

508 4916 749 4970 mantius
794 4917 1134 4985 suppeditat,
1163 4918 1496 4988 colligamus.
1548 4917 1789 4973 Primum
1823 4917 2006 4972 homil.
2043 4917 2076 4972 8

509 5005 567 5060 in
593 5006 778 5072 Levit.,
813 5024 963 5062 num.
987 5009 1042 5073 5,
1079 5023 1198 5064 esse
1225 5010 1297 5063 ait
1326 5022 1545 5080 peccata
1579 5011 1824 5082 quaedam
1849 5049 1864 5075 ,
1904 5029 1921 5060 ι
1953 5025 2076 5080 qua:

513 5109 637 5167 post
663 5101 801 5155 hanc
847 5102 1008 5155 vitam
1059 5103 1338 5158 nobiseum
1386 5112 1697 5168 transeunt,
1743 5113 1803 5157 et
1852 5117 1972 5157 esse
2019 5104 2074 5157 in

514 5187 645 5255 ipsis
671 5190 910 5254 quaedam
941 5192 1011 5244 ita
1040 5193 1322 5250 animabus
1349 5192 1532 5257 infixa,
1561 5203 1622 5246 ut
1655 5200 1925 5262 nequeant
1945 5190 2075 5245 abo-

512 5278 630 5333 leri.
664 5297 684 5330 ι
720 5278 945 5334 Humilia
972 5283 1006 5336 4
1035 5283 1089 5336 in
1108 5281 1331 5347 Isaiam,
1364 5299 1509 5338 num.
1543 5285 1594 5349 1,
1619 5285 1811 5339 nesciri
1838 5299 2076 5352 pronun-

510 5370 628 5434 tiat,
661 5385 779 5439 quae
800 5381 918 5440 post
944 5374 1197 5428 tnuudum
1222 5383 1479 5428 eventura
1504 5376 1612 5430 sint
1643 5394 1656 5428 :
1691 5393 1709 5426 ι
1739 5374 2071 5439 Novissima),

507 5459 705 5528 inquit,
732 5471 789 5514 ut
821 5471 967 5526 sunt,
1013 5479 1119 5518 non
1156 5465 1338 5519 valent
1376 5466 1642 5521 enarrari.
1685 5466 1816 5529 Quis
1855 5483 2070 5520 annun-

506 5549 653 5603 titwit
683 5551 745 5604 de
780 5551 1109 5606 novissimis?
1137 5555 1514 5626 aitScriptura
1547 5557 1613 5612 δί,
1649 5558 1778 5623 Quae
1819 5559 2068 5614 videmus

2184 4578 2282 4631 per
2334 4579 2550 4633 ptenam
2606 4567 2746 4634 ignis
2777 4569 3098 4634 adhibetur.
3126 4575 3343 4642 quantis
3391 4578 3744 4643 temporibus,

2185 4655 2507 4724 quantisque
2554 4659 2765 4715 sacculis
2798 4661 2864 4716 de
2904 4666 3280 4732 peccatoribus
3326 4667 3577 4736 exigatur
3621 4685 3744 4724 cru-

2183 4747 2387 4813 ciatus,
2423 4747 2567 4805 solus
2596 4752 2736 4806 scire
2759 4763 2935 4823 potest
2961 4755 3047 4812 ille
3084 4757 3168 4812 cui
3211 4757 3372 4814 Pater
3406 4774 3571 4816 omne
3605 4761 3740 4831 judi-

2181 4838 2324 4894 cium
2347 4841 2564 4896 tradidit
2588 4843 2654 4899 ⁸³.
2691 4863 2710 4895 ι

2253 4929 2405 4987 Facit
2429 4942 2483 4986 et
2508 4933 2637 4989 illud
2679 4953 2776 5004 pro
2805 4937 3041 5009 Origene
3069 4943 3210 5011 quod
3244 4943 3334 5000 lib.
3373 4960 3426 5000 Ill
3463 4946 3606 5017 Περὶ
3646 4948 3740 5016 dp-

2182 5021 2326 5092 χῶν,
2355 5040 2473 5094 cap.
2498 5025 2550 5090 6,
2582 5027 2778 5098 legitur
2805 5049 2818 5085 :
2861 5047 2982 5087 cum
3005 5036 3148 5088 enim
3174 5037 3352 5091 tandin
3383 5037 3550 5093 Deum
3577 5041 3737 5094 dixis-

2182 5125 2265 5168 set
2316 5116 2553 5172 futurum
2595 5123 2782 5174 omnia
2837 5123 2887 5176 in
2937 5125 3221 5190 omnibus,
3269 5130 3508 5196 quandiu
3553 5132 3737 5184 anima:

2181 5205 2385 5275 absque
2411 5207 2514 5261 ulla
2550 5211 2786 5266 materiae
2807 5215 3106 5280 corporalis
3146 5218 3467 5272 admistione
3489 5233 3734 5288 perseve-

2182 5304 2408 5360 rassent,
2443 5296 2590 5351 addit
2611 5297 2822 5354 demum
2852 5318 2999 5356 num.
3024 5305 3092 5358 6:
3140 5325 3158 5357 ι
3189 5305 3241 5360 In
3268 5322 3374 5377 quo
3397 5316 3542 5362 statu
3578 5311 3732 5364 etiam

2173 5399 2488 5451 permanere
2527 5403 2740 5458 semper
2772 5401 2828 5447 et
2875 5393 3282 5453 immutabiliter
3328 5399 3605 5455 Creatoris
3646 5415 3732 5453 ve.

2173 5471 2380 5555 luntate
2404 5487 2487 5530 est
2511 5481 2863 5550 credendum,
2913 5484 3068 5540 iidem
3116 5489 3192 5542 rei
3238 5488 3469 5545 faciente
3516 5505 3728 5545 senten-

2175 5562 2250 5619 tia
2275 5565 2514 5638 Apostoli
2542 5569 2777 5632 dicentis
2802 5574 2848 5609 “
2883 5600 2897 5633 -.
2939 5577 3163 5634 Domum
3189 5581 3437 5637 habemus
3480 5599 3584 5637 non
3620 5598 3713 5636 ma-

569 5729 616 5760 "
657 5731 756 5785 lsa.
791 5748 899 5798 xu,
931 5735 1022 5788 26.
1098 5736 1141 5770 "
1187 5737 1284 5793 lsa.
1324 5756 1396 5808 vt,
1436 5741 1486 5798 2.
1567 5744 1611 5777 ⁸³
1643 5743 1796 5802 Joan.
1846 5761 1894 5812 v,
1927 5745 2015 5806 ρξ’..
2091 5747 2136 5781 ⁸⁸
2176 5747 2213 5804 ll
2252 5748 2374 5807 Cor.
2405 5765 2454 5818 v,
2492 5752 2539 5809 l.
