4068 6308
280 328 421 383 105³⁹

1099 321 1669 381 ORIGENIANORUM
1707 319 1837 379 LIB.
1879 320 1943 385 ll,
1984 318 2135 372 CAP.
2179 316 2245 386 ll,
2280 316 2563 384 QUIEST.
2611 318 2703 372 X-l.

3384 320 3521 377 H338

275 445 567 515 nufnrtam,
599 456 846 499 aeternam
867 442 922 495 in
945 442 1107 495 cmlis.
1146 460 1165 493 υ
1198 442 1311 496 Nisi
1334 443 1456 496 haec
1484 442 1619 495 forte
1652 440 1718 495 de
1748 454 1845 495 suo
1876 445 1921 499 Α
1950 436 2059 490 lum
2098 436 2344 506 pessimae
2372 449 2491 491 esse
2520 442 2749 499 naturm,
2784 444 2839 491 et
2866 450 2984 507 quae
3011 436 3208 492 salvari
3242 452 3513 507 nunquam

272 537 500 592 Ruﬁnus
529 538 793 607 interpres
824 536 1074 590 attesuit.
1105 534 1171 588 Et
1198 534 1251 588 id
1294 535 1591 588 subsidium
1620 548 1834 604 quoque

271 639 493 695 praestat
522 629 857 691 Adamantio,
889 627 1031 697 quod
1061 626 1319 695 scriptum
1358 635 1441 681 est
1468 636 1628 680 tract.
1671 640 1837 679 xxxiv

270 723 331 777 in
364 720 583 785 Βοιώ..
616 736 761 774 num.
807 720 892 784 72,
922 734 973 787 ρ.
1007 716 1110 772 889
1152 735 1166 770 :
1216 735 1235 768 ι
1269 717 1458 771 Nullus
1505 718 1646 772 enim
1699 716 1838 786 ignis

271 813 416 873 inter
439 813 682 872 homines
705 820 785 867 est
807 820 1059 874 aeternus,
1089 811 1181 865 sed
1223 824 1322 864 nec
1363 810 1511 863 multi
1546 812 1834 878 temporis;

272 904 635 974 exstinguitur
689 903 829 956 enim
873 903 1004 957 cito.
1052 902 1305 957 Aﬂternus
1352 912 1531 955 autem
1581 902 1718 972 ignis
1758 913 1840 955 est

271 994 384 1058 ille,
419 995 485 1049 de
508 1008 613 1065 quo
638 1002 690 1048 et
710 993 875 1047 Isaias
904 994 1030 1047 dicit
1078 994 1131 1047 in
1172 993 1278 1048 fine
1323 993 1619 1061 pr0phetiae
1667 1008 1779 1047 suae
1820 1006 1836 1045 :

276 1082 483 1138 Ventris
507 1099 685 1137 eorum
727 1100 829 1137 non
860 1085 1135 1147 morietur,
1169 1097 1213 1136 et
1242 1083 1377 1151 ignis
1399 1099 1575 1135 eorum
1620 1100 1722 1136 non
1750 1100 1841 1137 ex-

268 1176 565 1245 stinguetur
589 1174 673 1240 ⁸⁸;
708 1191 727 1227 ι
766 1183 821 1227 et
846 1174 989 1243 quod
1019 1173 1204 1227 homil.
1240 1172 1308 1226 55
1332 1175 1387 1227 in
1414 1172 1543 1228 Luc.
1573 1192 1591 1229 :
1629 1191 1649 1223 ι
1687 1172 1843 1240 Quod

270 1270 316 1326 si
357 1282 599 1339 magnam
653 1266 940 1337 pecuniam
993 1264 1360 1330 dehuerimus,
1408 1265 1547 1319 sicut
1620 1264 1708 1320 ille
1752 1265 1841 1334 qui

271 1359 536 1416 scribitur
597 1358 783 1412 decem
828 1356 993 1411 millia
1037 1356 1234 1410 talenta
1296 1356 1580 1423 debuisse,
1643 1365 1845 1425 quanto

274 1462 516 1520 tempore
546 1449 863 1505 claudamur
882 1448 932 1501 in
957 1461 1196 1511 carcere,
1223 1447 1392 1501 donec
1441 1446 1727 1501 reddamus
1752 1446 1846 1502 de-

271 1543 468 1608 bitum,
491 1557 597 1596 non
628 1554 849 1608 possum
883 1538 1169 1592 manifeste
1212 1537 1580 1606 pronuntiare.
1612 1536 1667 1591 Si
1703 1538 1846 1591 enim

271 1633 367 1703 qui
402 1647 592 1703 parum
620 1632 797 1695 debet,
827 1644 934 1683 non
958 1629 1267 1699 egredietur
1318 1628 1419 1681 nisi
1469 1628 1710 1683 exsolvat
1745 1628 1847 1680 miu

274 1736 465 1781 nutum
492 1726 880 1795 quadrantem;
915 1723 1105 1793 utique
1144 1723 1237 1793 qui
1292 1732 1440 1777 tanto
1476 1723 1657 1777 debito
1686 1722 1850 1778 fuerit

1941 528 2142 598 possit;
2198 536 2387 580 contra
2434 527 2537 581 hoc
2586 536 2735 581 recte
2780 526 3041 596 Origenes
3091 530 3368 598 respondit
3414 522 3515 585 nér

1941 634 2062 674 eum
2108 619 2362 688 periturae
2411 632 2532 675 esse
2583 618 2933 683 substantiae,
2966 622 3059 673 sed
3102 620 3376 676 voluntate
3403 638 3527 691 pro.

1942 710 2058 780 pria
2086 710 2377 775 corruisse,
2401 719 2453 765 et
2480 724 2642 780 posse
2679 708 2898 765 salvari.
2950 710 3063 765 Hoc
3087 712 3359 770 Candidus
3397 731 3518 769 ver-

1946 802 2011 854 tit
2048 802 2102 855 in
2150 800 2507 869 calumniam,
2565 803 2722 872 quasi
2770 802 3027 872 Origenes
3093 806 3287 861 dixerit
3325 809 3518 863 diaboli

1946 904 2195 947 naturam
2233 909 2353 949 esse
2382 895 2720 952 salvandam.
2757 896 2910 963 Quod
2943 895 3032 952 ille
3057 895 3195 953 falso
3224 899 3519 968 objecerat,

1946 987 2035 1040 hic
2065 985 2282 1041 refutat.
2331 1005 2350 1039 ι

2019 1097 2188 1155 XXV.
2234 1100 2437 1171 Nempe
2481 1102 2640 1160 rebus
2698 1104 2767 1159 ab
2836 1103 3079 1160 Ecclesia
3132 1107 3366 1160 nondum
3420 1108 3523 1162 hoc

1952 1198 2193 1260 tempore
2241 1192 2479 1249 definitis
2527 1195 2677 1249 varia
2723 1197 2905 1251 animo
2955 1198 3184 1267 agitavit
3234 1196 3525 1269 Origenes,

1947 1284 2094 1352 quod
2128 1290 2182 1338 et
2215 1285 2283 1339 ab
2310 1284 2431 1340 aliis
2467 1286 2693 1344 subinde
2734 1286 2987 1344 Patribus
3034 1290 3237 1344 factum
3267 1291 3528 1346 observa—

1954 1389 2094 1429 mus.
2124 1374 2366 1431 Justinns
2394 1376 2599 1449 Martyr
2635 1379 2686 1433 in
2732 1380 2953 1449 Dialogo
2981 1396 3095 1435 cum
3124 1380 3402 1452 Trypltone
3432 1387 3528 1439 de-

1958 1467 2197 1522 crevisse
2242 1470 2453 1523 videtur
2485 1485 2677 1538 poenas
2729 1472 3104 1527 damnatorum
3159 1490 3254 1543 per
3302 1485 3530 1531 mortem

1956 1559 2259 1614 animarum
2306 1577 2425 1617 esse
2448 1562 2717 1619 ﬁniendas
2746 1583 2759 1618 :
2803 1564 2964 1619 Ἀλλὰ
3000 1567 3096 1637 μὲν
3129 1567 3249 1621 οὐδὲ
3291 1567 3529 1638 ἀποθνή-

1958 1667 2106 1704 σκειν
2138 1670 2208 1722 φη
2219 1654 2279 1723 μὶ
2307 1652 2485 1717 πάσας
2507 1653 2604 1718 τὰς
2640 1654 2815 1726 ψυχὰς
2846 1656 2983 1725 ὲγιὲν
3037 1658 3265 1729 ἕρμαιον
3303 1659 3410 1728 γὰρ
3465 1655 3533 1729 ἧν

1957 1741 2032 1804 ὡς
2063 1740 2275 1811 ἀληθῶς
2297 1746 2407 1807 τοῖς
2436 1746 2645 1807 κακοῖς.
2682 1746 2839 1801 Ἀλλὰ
2867 1749 2920 1800 τί
2944 1766 2959 1813 ;
2986 1748 3083 1812 τὰς
3118 1750 3214 1819 μὲν
3249 1748 3355 1802 τῶν
3386 1749 3535 1802 εὐσεα

275 1819 568 1883 obnoxius,
602 1816 811 1871 infinita
841 1816 891 1871 ei
920 1816 987 1869 ad
1021 1816 1349 1869 reddendum
1381 1814 1619 1868 debitum
1656 1816 1851 1869 sarcula

1965 1832 2063 1885 δῶν
2097 1834 2153 1885 ἐν
2192 1835 2460 1905 κρείττονι
2494 1850 2583 1888 ποι
2619 1837 2779 1909 χώρῳ
2830 1840 3030 1909 μένειν,
3071 1841 3171 1905 τὰς
3217 1842 3272 1894 δὲ
3317 1842 3533 1905 ἀδίκους

281 1912 733 1965 numerabuntur.
770 1927 789 1960 ι
830 1908 969 1974 Quin
1019 1908 1183 1961 etiam
1238 1918 1441 1961 certam
1468 1906 1757 1976 aliquando
1801 1917 1856 1961 et

279 2000 671 2055 immutabilem
715 1998 1026 2053 felicitatem
1080 1996 1316 2051 futuram
1362 1998 1613 2051 concedit
1658 1997 1750 2050 lib.
1806 2013 1857 2051 tv

280 2093 421 2162 Περὶ
457 2091 677 2161 ἀρχῶν,
729 2106 876 2144 num.
910 2089 981 2143 24
1016 2106 1030 2141 :
1092 2108 1113 2140 ι
1155 2088 1259 2143 Sed
1317 2098 1369 2143 et
1416 2089 1858 2143 comminationcs

284 2186 472 2255 positae
497 2195 620 2240 sunt
644 2184 731 2249 his
763 2182 853 2253 qui
890 2182 1230 2251 praevaricati
1265 2181 1464 2237 fuerint
1488 2183 1695 2252 legem;
1734 2198 1859 2237 nec-

286 2294 391 2332 non
432 2288 486 2334 et
541 2278 625 2332 his
675 2276 767 2347 qui
826 2275 1209 2346 puriﬁcatione
1255 2275 1604 2344 indigebant,
1648 2276 1858 2330 diversa

284 2369 719 2439 puriﬁcationum
752 2382 973 2438 genera,
1011 2365 1163 2420 velut
1188 2365 1284 2436 qui
1320 2364 1653 2436 frequentius
1678 2377 1861 2422 essent

283 2461 551 2530 polluendi
584 2462 910 2525 traduntur;
945 2466 1003 2512 nt
1036 2473 1130 2527 per
1171 2457 1285 2511 hinc
1318 2458 1532 2512 tandem
1589 2460 1655 2512 ad
1713 2459 1858 2513 illam

284 2567 444 2606 unam
501 2553 931 2622 purificationem
985 2552 1234 2616 veniant,
1298 2557 1423 2618 post
1485 2565 1645 2618 quam
1696 2551 1860 2620 pollui

282 2644 423 2698 ultra
478 2660 584 2697 non
638 2644 784 2698 licet.
822 2663 840 2695 ι
896 2644 961 2699 Ει
1010 2642 1197 2697 homil.
1245 2640 1313 2695 18
1360 2642 1413 2694 in
1463 2639 1659 2695 Jerem.
1707 2656 1859 2705 xvm,

281 2751 431 2790 num.
470 2735 522 2802 1,
554 2750 677 2805 pag.
717 2736 843 2799 2H,
889 2738 954 2789 ad
993 2734 1427 2788 emendationem
1471 2740 1586 2802 post
1634 2742 1860 2786 mortem

281 2824 597 2898 neutiquam
641 2826 912 2893 suscipere
953 2824 1196 2879 homines
1248 2824 1490 2878 decernit
1537 2841 1550 2877 :
1608 2823 1773 2875 Έπὰν
1804 2823 1861 2875 δὲ

281 2917 543 2989 μετὰ-τὸν
570 2917 841 2971 ἐνεστῶτα
862 2916 1033 2970 αίῶνα
1064 2916 1285 2986 ἥκωμεν
1309 2915 1445 2986 πρὸς
1486 2914 1564 2985 τῷ
1596 2914 1737 2967 τέλει
1772 2930 1863 2979 γε-

279 3009 497 3080 νόμενοι
520 3008 621 3078 τῆς
651 3006 819 3078 ζωῆς,
850 3006 1038 3059 ἔπειτα
1067 3006 1406 3077 πυρωθέντες
1431 3047 1445 3069 ,
1481 3006 1598 3075 ἦτοι
1640 3004 1744 3056 ὑπὸ
1766 3002 1861 3056 τοῦ

278 3102 456 3175 πυρὸς
483 3101 590 3155 τῶν
612 3100 1021 3171 πεπυρωμένων
1047 3100 1139 3152 τοῦ
1167 3100 1401 3169 πονηροῦ
1426 3092 1592 3167 βελῶν
1611 3096 1862 3167 γενέσθαι

278 3193 566 3249 ὁτιποτΟὖν
603 3194 900 3264 γινώμεθα.
955 3193 1025 3245 Ἣ
1065 3192 1169 3245 ὑπὸ
1196 3191 1288 3244 τοῦ
1335 3192 1481 3245 θείου
1512 3190 1705 3262 πυρὸς,
1740 3192 1863 3242 ἐπεὶ

281 3287 382 3339 καὶ
408 3288 437 3339 ὁ
460 3285 593 3349 Θεὸς
619 3286 775 3357 ἡμῶν
803 3284 914 3356 πῦρ
937 3284 1329 3339 καταναλίσκον
1361 3285 1507 3336 ἐστὶν
1528 3324 1543 3348 ,
1579 3284 1673 3336 ἐὰν
1693 3282 1864 3351 γενώ-

284 3379 431 3453 μεθα
450 3418 465 3444 ,
497 3380 674 3452 φημὶ,
718 3379 825 3434 ὑπὸ
869 3378 1131 3449 τοιοῦδεῆ
1162 3378 1364 3432 τοιοῦδε
1417 3377 1586 3449 πυρὸς
1607 3417 1621 3440 ,
1661 3364 1864 3431 ὃτιποτ’

282 3473 354 3528 ἂν
395 3472 677 3544 γενώμεθα
710 3472 805 3525 ἐὰν
853 3470 1245 3541 ωντριὸὦμεν,
1282 3470 1391 3523 εἴτε
1437 3470 1545 3524 ἀπὸ
1580 3469 1672 3522 τοῦ
1727 3469 1868 3524 καλὰ

284 3567 457 3639 σκεύη
486 3566 766 3635 γεγονέναι
800 3566 881 3628 εἰς
910 3563 1203 3634 σωτηρίαν,
1233 3563 1344 3616 εἴτε
1391 3564 1498 3617 ἀπὸ
1527 3563 1620 3616 τοῦ
1668 3565 1868 3634 μοχθη-

286 3661 359 3732 ρὰ
385 3659 552 3730 σκεύη
585 3658 865 3727 γεγονέναι
894 3657 972 3720 είς
1002 3655 1298 3719 ἀπώλειαν,
1319 3656 1418 3709 οὐκ
1442 3654 1864 3726 ἁνακτιζόμεθα,

284 3753 408 3807 οὐδὲ
441 3750 744 3821 ἐπιδέχεται
770 3749 925 3821 ἡμῶν
950 3752 984 3821 ὴ
1007 3748 1316 3819 κατασκευὴ
1358 3748 1654 3819 βελτίωσιν.

272 3892 273 3895 η
361 3844 556 3901 XXIV.
587 3832 681 3899 Uti
716 3856 1006 3912 possumus
1054 3851 1315 3911 praeterea
1364 3840 1432 3894 ad
1478 3840 1733 3894 tuendum
1776 3839 1870 3893 ali-

286 3952 396 4008 qua
434 3952 499 3993 ex
547 3944 699 4006 parte
736 3932 1025 4001 Origenem
1083 3931 1391 3988 testimonio
1432 3932 1663 4001 quodam
1696 3971 1710 3994 ,
1764 3947 1870 3999 quo

290 4030 563 4086 damnatis
586 4027 803 4098 quidem
837 4026 1042 4080 aditum
1082 4026 1147 4079 ad
1172 4024 1483 4079 beatitatem
1532 4022 1858 4093 patefactum

289 4121 580 4191 aliquando
618 4118 682 4173 iri
717 4116 936 4181 statuit,
983 4114 1196 4171 diabolo
1230 4123 1406 4169 autem
1449 4116 1659 4184 penitus
1699 4113 1868 4166 inter-

288 4214 516 4268 clusum.
567 4210 809 4264 [labetur
845 4208 978 4262 illud
1012 4206 1103 4261 lib.
1138 4221 1229 4260 vut
1267 4206 1324 4258 in
1369 4204 1537 4273 Epist.
1572 4204 1639 4257 ad
1688 4202 1864 4266 Rom.,

291 4320 441 4359 num.
465 4304 521 4365 9.
554 4317 676 4372 pag.
726 4299 852 4365 634,
905 4299 1088 4368 ibique
1128 4297 1365 4353 Luciferi
1412 4313 1594 4353 casum
1647 4313 1676 4352 a
1717 4299 1867 4367 lapsu

288 4396 659 4452 lsraelitarum
714 4390 938 4448 dill'erre
990 4398 1266 4446 asseverat
1309 4407 1325 4444 :
1378 4408 1398 4441 ι
1440 4389 1658 4443 Illorum
1700 4390 1869 4455 enim,

1958 1926 2050 1978 καὶ
2078 1925 2319 1997 πονηρὰς
2351 1927 2409 1978 ἐν
2440 1926 2664 1997 χείρονι,
2705 1929 2796 1981 τὸν
2832 1925 2930 1999 τῆς
2969 1932 3201 2003 κρίσεως
3239 1933 3530 2003 ἐκδεχομέ-

1965 2031 2061 2079 νας
2080 2016 2268 2087 χρόνον
2302 2018 2456 2069 τότε’
2494 2017 2666 2082 οὕτως
2699 2021 2753 2072 αἱ
2807 2022 2903 2091 μὲν
2934 2023 3080 2088 ἄξιαι
3125 2023 3216 2075 τοῦ
3247 2022 3381 2077 Θεοῦ
3430 2040 3533 2094 φα-

1959 2110 2153 2173 νεῖσαι,
2183 2110 2284 2161 οὐκ
2326 2110 2761 2181 ἀποθνήσκουσιν
2805 2111 2903 2177 ἔτι,
2934 2115 2990 2165 αἱ
3031 2115 3085 2166 δὲ
3131 2115 3444 2181 κολάζονται
3478 2116 3536 2179 ἐς

1959 2200 2003 2251 τ’
2035 2197 2100 2250 ἂν
2143 2198 2310 2261 αὐτὰς
2340 2199 2431 2252 καὶ
2476 2195 2612 2253 εἶναι
2658 2201 2751 2254 καὶ
2794 2201 3117 2266 κολάζεσθαι
3156 2207 3185 2256 ὁ
3220 2205 3351 2270 Θεὸς
3381 2206 3531 2281 θέλῃ.

1966 2307 1984 2339 ε
2015 2289 2211 2343 Verum
2242 2290 2517 2345 enimvero
2540 2306 2716 2361 neque
2740 2296 2880 2349 mori
2911 2296 3033 2351 dico
3056 2299 3267 2351 animas
3297 2314 3487 2354 omnes
3517 2317 3534 2353 :

1964 2395 2148 2435 revera
2207 2382 2350 2434 enim
2405 2385 2563 2438 malis
2608 2387 2905 2455 optandum
2949 2388 3000 2442 id
3055 2399 3111 2442 et
3171 2396 3535 2457 Opportunum

1962 2482 2127 2526 esset.
2178 2471 2314 2538 Quid
2345 2475 2510 2544 ergo?
2538 2477 2751 2545 piorum
2788 2479 3006 2547 quidem
3058 2480 3110 2534 in
3159 2480 3367 2535 meliori
3421 2480 3539 2534 loco

1964 2579 2202 2630 manere,
2258 2566 2474 2636 iniquas
2501 2580 2681 2623 autem
2711 2578 2768 2625 et
2814 2570 2985 2626 malas
3035 2572 3085 2626 in
3115 2571 3311 2642 pejori,
3340 2571 3534 2639 iudicii

1965 2664 2178 2725 tempus
2218 2668 2617 2728 exspectantes.
2669 2662 2846 2728 Atque
2902 2664 2974 2717 ita
3027 2679 3147 2733 qua:
3195 2664 3369 2733 dignae
3428 2663 3538 2717 Deo

1963 2750 2332 2817 apparuerint,
2369 2766 2472 2805 non
2510 2752 2817 2807 moriuntur
2845 2755 3097 2823 amplius,
3128 2756 3231 2809 illae
3276 2772 3403 2811 vero
3434 2772 3539 2825 pu-

1964 2834 2208 2900 niuntur,
2257 2838 2495 2906 quandiu
2543 2854 2637 2895 eas
2672 2848 2727 2894 et
2770 2855 2893 2895 esse
2944 2852 2998 2898 et
3035 2846 3212 2912 puniri
3268 2844 3413 2900 Deus
3443 2861 3539 2902 vo-

1963 2927 2141 2981 luerit.
2178 2947 2197 2982 »
2234 2928 2492 2985 Eamdem
2524 2932 2717 3002 arripit
2748 2931 3048 2988 doctrinam
3073 2933 3310 2991 Irenazns
3343 2935 3438 2992 lib.
3474 2950 3534 3004 ιι,

1966 3035 2085 3089 cap.
2114 3020 2204 3086 64,
2239 3023 2327 3077 ubi
2360 3024 2572 3079 animas
2620 3039 2727 3079 non
2777 3039 2936 3080 secus
2970 3042 3034 3081 ac
3089 3026 3194 3081 alia
3240 3027 3329 3083 Dei
3374 3043 3539 3098 Opera

1970 3113 2152 3166 tandiu
2201 3129 2485 3182 superesse
2535 3127 2589 3171 et
2639 3132 2993 3186 perseverare
3035 3119 3250 3184 asserit,
3302 3138 3320 3170 ‹
3362 3123 3540 3191 quoad

1971 3218 2139 3271 usque
2179 3218 2239 3257 ea
2288 3207 2429 3262 Deus
2458 3217 2512 3262 et
2559 3223 2678 3265 csse
2730 3220 2785 3265 et
2819 3225 3171 3280 perseverare
3218 3211 3478 3277 voluerit;
3517 3233 3536 3264 ι

1971 3310 2067 3349 nec
2101 3296 2270 3350 multo
2301 3308 2458 3368 post:
2496 3318 2513 3351 ι
2549 3299 2666 3356 Non
2713 3304 2859 3357 enim
2895 3316 2962 3356 ex
2997 3304 3174 3371 nobis,
3219 3306 3418 3374 inquit,
3448 3320 3542 3359 ne-

1968 3402 2072 3456 que
2103 3403 2167 3441 ex
2200 3401 2385 3445 nostra
2431 3401 2618 3445 natura
2648 3394 2757 3447 vita
2793 3405 2900 3459 est,
2931 3395 3026 3450 sed
3079 3398 3379 3452 secundum
3410 3412 3542 3466 gra—

1971 3477 2098 3533 tiam
2135 3478 2226 3535 Dei
2258 3483 2416 3535 datur
2446 3499 2458 3537 :
2495 3495 2549 3537 et
2578 3484 2696 3539 ideo
2726 3486 2819 3556 qui
2851 3489 3153 3542 servaverit
3180 3475 3363 3543 datum
3396 3490 3539 3555 vitaa,

1971 3580 2025 3626 et
2051 3572 2254 3641 gratias
2283 3575 2457 3644 egerit
2480 3576 2529 3629 ei
2560 3576 2650 3644 qui
2682 3576 2957 3644 praestitit,
3007 3578 3241 3648 accipiet
3272 3589 3326 3634 et
3354 3580 3407 3633 in
3445 3596 3543 3634 sae-

1970 3663 2149 3717 culum
2215 3665 2397 3720 sa:cu|i
2466 3665 2857 3736 longitudinem
2924 3666 3173 3733 dierum;
3228 3669 3318 3737 qui
3362 3680 3542 3723 autem

1972 3757 2228 3825 abjecerit
2259 3773 2404 3825 eam,
2436 3769 2491 3814 et
2517 3760 2765 3830 ingratus
2799 3760 3075 3815 exstiterit
3109 3760 3301 3815 factori
3340 3762 3411 3817 ob
3441 3763 3545 3816 hoc

1970 3849 2113 3918 quod
2144 3848 2317 3904 factus
2360 3861 2465 3916 est,
2518 3863 2571 3906 et
2602 3867 2708 3906 non
2740 3855 3057 3922 cognoverit
3101 3836 3224 3907 eum
3275 3855 3363 3923 qui
3405 3870 3547 3923 prae-

1972 3951 2098 4008 stat,
2137 3945 2251 4012 ipse
2277 3959 2336 4000 se
2359 3945 2536 4014 privat
2578 3945 2630 3999 in
2682 3944 2938 4000 saeculum
2972 3943 3155 4000 saecuii
3184 3928 3543 4014 p’erseveran~

1977 4033 2072 4087 tia.
2115 4053 2133 4085 ι
2171 4036 2438 4089 Arnobius
2484 4035 2695 4090 animas
2746 4043 3138 4091 tormentorum
3188 4035 3545 4092 diuturnitate

1974 4133 2029 4178 et
2058 4125 2263 4179 saevitia
2298 4136 2678 4196 consumptum
2715 4127 2781 4181 iri
2812 4135 2865 4181 et
2893 4127 3222 4183 exstinctum
3250 4128 3546 4198 arbitratus

1974 4225 2090 4282 est;
2149 4225 2309 4285 atque
2344 4217 2484 4273 hanc
2517 4232 2639 4273 esse
2685 4229 2912 4274 mortem
2943 4227 3202 4273 aeternam
3250 4218 3427 4289 impiis
3458 4220 3546 4275 ho-

1975 4307 2210 4362 minibus
2242 4317 2349 4362 tam
2389 4322 2532 4378 saepe
2564 4308 2618 4363 in
2668 4310 2952 4380 Scriptura
3001 4309 3323 4365 intentatam
3358 4327 3372 4363 :
3426 4311 3545 4378 pio-

1975 4413 2092 4451 rum
2120 4412 2249 4454 vero
2275 4409 2329 4453 et
2359 4410 2668 4455 sanctorum
2703 4401 2982 4455 hominum
3020 4401 3229 4455 animas
3271 4399 3413 4454 felici
3444 4399 3546 4454 im-

291 4489 492 4558 inquit,
525 4488 611 4542 vel
643 4487 695 4542 in
728 4486 834 4542 fine
861 4485 1044 4541 saaculi
1091 4483 1376 4540 conversio
1401 4483 1526 4548 erit,
1574 4492 1700 4538 tunc
1741 4498 1863 4537 cum
1898 4500 1944 4557 ι)
1972 4490 2305 4545 mortalitate
2355 4506 2419 4547 ac
2473 4493 2578 4547 vita
2643 4502 2845 4547 aeterna
2892 4492 3123 4562 perfrui.
3186 4493 3544 4559 Quamobrem

291 4584 568 4655 plenitudo
614 4582 852 4654 gentium
895 4580 1318 4645 subintraverit,
1368 4589 1421 4633 et
1470 4577 1646 4633 omnis
1699 4577 1868 4631 lsrael

291 4677 478 4732 salvus
510 4675 601 4730 ﬂet
638 4693 652 4729 :
696 4675 854 4729 istius
887 4681 1067 4727 autem
1097 4670 1187 4740 qui
1208 4671 1276 4724 de
1314 4670 1452 4725 ccelo
1487 4668 1747 4725 cecidisse
1788 4669 1866 4725 di-

292 4770 457 4835 citur,
482 4782 582 4823 nec
618 4767 668 4821 in
699 4765 808 4820 (ine
839 4764 1022 4820 sazculi
1056 4763 1161 4818 erit
1202 4762 1309 4816 ulla
1342 4761 1644 4820 conversio.
1681 4778 1701 4814 ι
1739 4760 1869 4816 lude

292 4868 375 4917 est
395 4859 538 4930 quod
566 4858 912 4912 vehementer
936 4861 1221 4921 succenset
1272 4851 1324 4907 in
1358 4852 1582 4921 epistola
1639 4852 1703 4907 ad
1732 4851 1868 4907 ami-

293 4968 386 5008 cos
416 4966 543 5007 suos
573 4948 965 5004 Alexandrinos
1005 4946 1262 5017 iactatum
1294 4944 1468 5001 fuisse
1512 4944 1564 5000 in
1595 4944 1784 5018 vulgus
1809 4960 1869 5002 se

294 5047 496 5109 dicere,
528 5062 547 5096 ι
578 5042 789 5097 Patrem
815 5041 1035 5096 malitiae
1083 5054 1147 5094 ac
1177 5038 1495 5109 perditionis
1515 5080 1530 5105 ,
1580 5047 1635 5093 et
1681 5053 1867 5093 eorum

296 5135 387 5205 qui
420 5135 485 5189 de
514 5147 677 5203 regno
709 5132 802 5187 Dei
830 5131 1151 5200 ejiciuntur,
1189 5131 1239 5183 id
1283 5139 1365 5183 est
1406 5127 1678 5182 diabolum
1702 5169 1717 5195 ,
1750 5143 1871 5183 esse

297 5225 614 5284 salvandum
642 5242 658 5280 :
691 5222 858 5294 quod,
887 5223 1091 5291 inquit,
1123 5238 1188 5277 ne
1220 5220 1413 5290 aliquis
1444 5220 1662 5289 quidem
1692 5229 1870 5274 mente

295 5326 479 5383 ,motus
525 5325 581 5371 et
650 5312 935 5370 manifeste
996 5314 1266 5369 insaniens
1339 5312 1519 5368 dicere
1591 5318 1784 5381 potest.
1843 5329 1862 5362 ι

294 5388 591 5479 Ϊ)ι·οι)ιοι·θιι
619 5406 982 5476 Hieronymus
1018 5404 1239 5474 Apolog.
1276 5420 1312 5458 ιι
1343 5404 1397 5456 in
1426 5398 1628 5470 Rat/im,
1658 5415 1777 5472 cap.
1812 5400 1870 5463 5,

300 5503 473 5574 palam
518 5515 641 5555 eum
682 5499 783 5554 hoc
832 5497 1064 5552 crimine
1102 5494 1366 5559 exsolvit,
1409 5493 1551 5562 quod
1597 5491 1734 5547 alias
1767 5493 1866 5561 ipsi

294 5598 538 5671 ‘pcrsaepe
567 5594 759 5664 objicit
786 5610 800 5646 :
846 5612 866 5647 ‹
888 5593 1093 5652 Asserit
1115 5590 1410 5679 Candidus,
1440 5589 1614 5678 inquit
1633 5590 1869 5683 ,ﬂdiabo-

372 5785 417 5814 "
455 5782 555 5837 lsa.
586 5795 729 5847 Lm,
756 5778 847 5835 24.

1974 4583 2186 4637 animas
2233 4583 2500 4638 humanas
2547 4585 2799 4654 ancipitis
2836 4600 2977 4648 esse,
3027 4584 3326 4654 mediaeque
3376 4591 3545 4641 vitam

1976 4674 2120 4728 inter
2149 4682 2205 4729 et
2235 4682 2466 4730 mortem
2501 4691 2565 4731 ac
2596 4676 2859 4741 ambiguae
2897 4689 3105 4732 natura:
3137 4676 3277 4733 libro
3308 4680 3549 4733 secundo

1974 4766 2170 4819 iterum
2202 4764 2539 4836 iterumque'
2564 4768 2776 4837 repetit.
2841 4767 3133 4838 Gregorius
3169 4767 3551 4826 Nazianzenus

1974 4866 2114 4913 orat.
2158 4856 2235 4933 :59
2284 4858 2566 4914 haereticos
2618 4859 2887 4915 difficilem
2940 4870 2995 4917 et
3044 4863 3354 4917 diuturnum
3405 4864 3546 4931 ignis

1975 4949 2301 5019 baptismum
2354 4960 2707 5020 suscepturos
2755 4952 3018 5019 minatur,
3068 4955 3173 5008 nisi
3227 4954 3294 5007 ab
3353 4954 3547 5008 haeresi

1976 5044 2279 5108 discedant,
2310 5058 2417 5113 quo
2447 5043 2571 5113 igne
2597 5044 2774 5100 omnis
2824 5044 3028 5099 malitia
3077 5044 3159 5101 sic
3187 5053 3444 5113 tanquam
3472 5046 3550 5097 fe—

1979 5150 2107 5187 num
2154 5134 2430 5189 exurenda
2462 5135 2555 5189 sit.
2588 5132 2845 5191 Oratione
2896 5149 3027 5190 vero
3064 5134 3309 5205 sequenti
3340 5136 3550 5191 dubitat

1979 5237 2157 5281 utrum
2195 5226 2536 5295 sempiternae
2562 5229 2939 5283 damnatorum
2967 5240 3142 5296 plenae
3196 5226 3387 5281 futura:
3414 5229 3546 5292 sint,

1978 5335 2045 5374 an
2104 5334 2233 5374 vero
2287 5335 2316 5373 a
2367 5319 2477 5374 Deo
2529 5336 2629 5390 pro
2676 5336 2771 5375 sua
2831 5319 3171 5374 humanitate
3212 5320 3544 5375 breviandse.

1977 5406 2442 5479 Narratprofecto
2493 5411 2709 5466 Simeon
2744 5409 3153 5479 Metaphrastes,
3201 5412 3255 5465 in
3323 5409 3440 5465 Vita
3481 5412 3544 5466 S.

1979 5502 2209 5572 Cyriaci,
2241 5517 2360 5571 cap.
2398 5503 2479 5567 10,
2510 5518 2631 5557 cum
2664 5518 2692 5556 a
2737 5501 2937 5570 Cyrilio
2978 5503 3241 5557 monacho
3279 5510 3547 5572 quazreret

1977 5593 2259 5663 (Syriacus,
2314 5609 2561 5665 quaenam
2628 5593 2902 5664 praecipue
2964 5594 3217 5663 dogmata
3268 5602 3549 5649 tuerentur
