4068 6308
522 325 546 378 1
557 321 658 377 059

1776 312 1833 364 Ρ.
1875 306 2188 363 DANIELIS
2220 306 2451 362 IIUETII

3610 308 3732 360 illiti

524 436 768 500 Nonnus,
791 433 1075 496 Leontius,
1104 431 1304 499 aliique
1329 428 1491 484 Novae
1519 427 1708 481 Lauraa
1738 425 2079 496 Origenistac,
2112 426 2158 481 Α
2186 423 2543 494 abstergeret,
2572 422 2764 478 librum
2811 420 3051 491 scripsit,
3112 418 3262 487 cujus
3306 428 3565 489 excerpta
3589 421 3736 476 habet

525 518 873 599 respondisse
900 524 1155 595 Cyrillum
1196 522 1463 575 alﬁrmare
1516 519 1635 573 illos
1668 535 1688 570 s
1737 517 1990 586 dogmata
2019 519 2085 569 de

527 620 948 692 praexsistentia
1007 627 1061 671 et
1105 615 1445 670 restitutione
1494 613 1548 667 in
1587 612 1832 666 eumdem
1886 617 2085 664 statum

524 727 645 768 esse
690 711 861 766 media
905 717 961 763 et
1002 708 1071 762 ab
1115 707 1260 761 omni
1309 704 1549 774 periculo
1596 703 1803 767 aliena;
1845 701 2087 757 dicentes

526 804 613 859 illa
642 804 721 857 eis
767 802 831 855 ad
876 800 977 854 hoc
1011 799 1153 853 ferre
1197 796 1591 861 testimonium,
1638 810 1757 864 quae
1788 792 1984 849 alicubi
2032 794 2085 846 in

526 896 637 949 suis
692 891 1036 959 Apologeticis
1097 902 1320 958 magnus
1365 886 1655 957 Gregorius
1728 885 1798 940 ita
1856 883 2081 952 reliquit

526 986 725 1053 scripta
762 999 773 1032 :
808 980 937 1033 Mihi
978 981 1185 1032 videtur
1220 991 1301 1030 res
1346 992 1446 1030 non
1477 976 1593 1030 uilis
1622 991 1714 1028 nec
1752 982 2083 1028 contemnen-

524 1075 613 1137 da,
640 1076 769 1127 dare
794 1075 847 1126 in
883 1082 1108 1139 tempore
1151 1070 1435 1138 unicuique
1461 1067 1755 1121 dimensum
1806 1063 2082 1127 orationis,

524 1177 573 1221 et
613 1167 912 1233 dispensare
936 1165 991 1217 in
1013 1162 1219 1231 judicio
1246 1160 1514 1213 veritatem
1546 1168 1840 1211 nostrorum
1867 1156 2089 1224 dogma-

521 1266 654 1319 tum,
691 1271 805 1325 qua:
838 1255 899 1306 de
926 1258 1139 1315 mundo,
1177 1260 1268 1303 aut
1296 1250 1359 1303 de
1390 1248 1601 1301 mundis
1628 1246 2083 1315 philosOphamur,

522 1352 587 1399 de
614 1347 855 1407 materia,
901 1344 964 1395 de
1007 1343 1207 1405 anima,
1253 1340 1316 1393 de
1359 1338 1724 1406 intelligentia,
1778 1345 1823 1389 et
1882 1334 2085 1389 naturis

522 1437 948 1505 intelligentibus,
976 1446 1080 1485 tam
1107 1430 1582 1500 prwstantioribus,
1626 1443 1785 1497 quam
1814 1425 2087 1479 deteriori—

524 1529 653 1592 bus;
681 1527 743 1580 de
770 1524 1096 1593 providentia
1123 1536 1239 1591 qua:
1262 1521 1439 1573 omnia
1467 1519 1677 1588 colligat
1712 1533 1828 1587 qua:
1851 1516 2088 1569 ridentur

522 1621 721 1673 evenire
753 1618 973 1681 ratione,
1001 1625 1048 1668 et
1082 1628 1400 1684 quazcunque
1424 1620 1613 1679 prwter
1653 1612 1907 1664 rationem
1953 1608 2087 1676 infe-

522 1712 711 1765 riorem
749 1719 793 1762 et
837 1710 1119 1761 humanam
1151 1721 1169 1758 :
1196 1714 1245 1757 et
1274 1718 1390 1773 qua:
1421 1712 1673 1771 prwtcrea
1710 1703 1771 1754 de
1794 1700 1960 1769 prima
1990 1715 2084 1751 no-

524 1814 631 1857 stra
660 1800 1047 1861 constitutione,
1102 1797 1407 1865 ﬁgurisque,
1453 1804 1501 1847 et
1548 1795 1786 1855 veritate,
1822 1801 1871 1845 et
1928 1800 2085 1844 testa—
2119 1774 2162 1828 Β

520 1893 728 1954 mentis,
767 1900 814 1941 et
865 1886 1058 1941 Christi
1106 1887 1274 1949 primo
1316 1884 1563 1948 adventu,
1617 1891 1666 1935 et
1722 1881 1991 1934 secundo:
2033 1881 2087 1935 in

521 1987 601 2039 his
643 1985 777 2038 enim
808 1993 852 2035 et
884 1980 1085 2048 assequi
1130 1988 1203 2031 est
1251 1993 1355 2031 non
1409 1974 1611 2037 inutile,
1647 1982 1697 2026 et
1742 1989 1842 2026 non
1884 1970 2089 2043 assequi

422 2126 428 2131 .
520 2087 667 2137 vacat
695 2074 946 2143 periculo.
980 2091 998 2124 ι
1031 2071 1143 2126 lloc
1167 2067 1488 2139 Origenistis
1531 2066 1841 2137 praesidium
1871 2067 2083 2135 eripere

520 2177 747 2225 conatur
796 2165 1045 2236 Aloysius
1098 2163 1454 2231 Lipomanus,
1504 2159 1832 2214 Veronensis
1882 2158 2089 2225 episco-

521 2277 654 2331 pus;
701 2261 793 2314 sed
835 2256 1099 2327 quidquid
1150 2265 1330 2309 tamen
1383 2252 1594 2317 aﬁ‘erat,
1642 2250 1856 2305 videtur
1889 2249 1943 2303 id
1985 2246 2087 2302 sibi

520 2352 750 2407 voluisse
772 2350 1062 2421 Gregorius
1092 2349 1190 2401 has
1216 2346 1541 2415 quaestiones
1590 2343 1827 2397 nondum
1857 2340 1989 2395 satis
2022 2340 2087 2393 li-

520 2444 736 2514 quidas,
785 2456 884 2496 nec
926 2456 1023 2511 per
1071 2439 1369 2493 Ecclesiam
1408 2436 1583 2492 fuisse
1622 2436 2083 2502 cireumscriptas.

518 2534 656 2602 Quid
685 2533 785 2587 hoc
810 2540 894 2588 est
915 2540 1096 2584 autem
1122 2529 1269 2598 quod
1318 2526 1513 2581 ibidem
1550 2524 1773 2595 subjicit
1805 2522 2085 2594 Cyriacus,

519 2624 859 2678 existimasse
901 2619 1239 2689 Origenistas
1285 2618 1431 2684 illos,
1470 2635 1490 2668 ι
1525 2616 1761 2687 quodin
1797 2615 2086 2685 pristinum

518 2723 719 2771 statum
769 2712 1195 2777 resurrectione,
1264 2718 1519 2780 poterunt
1566 2720 1905 2778 quacunque
1961 2714 2088 2759 sunt

518 2806 726 2859 ratione
748 2804 993 2873 przcdita,
1020 2802 1083 2855 ad
1107 2801 1375 2857 daemones
1406 2815 1577 2869 usque
1605 2797 1860 2857 fabricari
1886 2812 2085 2861 moues,

517 2898 572 2954 id
602 2907 684 2951 est
716 2896 952 2951 saecula?
989 2913 1009 2946 s
1062 2892 1201 2949 Nam.
1244 2908 1444 2956 aeones,
1490 2893 1702 2961 aliaque
1762 2889 2088 2944 Valentinia-

518 3004 711 3044 norum
770 2987 1154 3059 τερατεύματα.
1208 2985 1465 3055 Origenes
1515 2984 1647 3039 eatis
1713 2984 2083 3037 aversabatur.

518 3073 811 3143 Gregorius
858 3074 992 3126 alter
1048 3072 1436 3147 Origenianam
1507 3073 1830 3126 sententiam
1883 3073 2085 3139 absque

519 3165 625 3219 ulla
677 3166 1013 3219 dubitatione
1074 3164 1413 3234 amplectitur
1480 3165 1531 3218 in
1598 3164 1963 3233 Disputatione
2020 3163 2084 3216 de

517 3258 695 3310 animo
724 3268 771 3311 et
806 3258 1209 3321 resurrectione,
1241 3274 1347 3327 qua
1381 3258 1593 3312 animas
1638 3266 1915 3325 exemptas
1962 3270 2083 3309 cor-

516 3351 759 3420 poribus,
821 3359 875 3404 et
906 3351 1177 3403 daemones
1211 3364 1458 3417 quoque,
1508 3349 1653 3404 omni
1681 3348 1805 3404 olim
1844 3347 2083 3415 deposita

516 3442 814 3495 vitiositate
855 3440 1127 3495 Christum
1160 3454 1281 3494 esse
1312 3439 1658 3493 confessuros
1708 3439 1946 3494 declarat
1981 3456 1994 3492 :
2029 3449 2085 3493 et

517 3531 625 3585 alio
650 3530 1053 3590 Dissertationis
1075 3528 1310 3597 ejusdem
1345 3529 1461 3581 loco
1490 3528 1653 3581 Deum
1686 3528 1762 3580 ait
1794 3542 1897 3581 non
1928 3527 2085 3581 aliter

515 3639 635 3678 esse
666 3638 823 3691 posse
873 3622 1052 3675 omnia
1092 3621 1143 3675 in
1178 3621 1452 3683 omnibus,
1499 3620 1654 3690 juxta
1685 3618 1923 3687 Apostoli
1960 3632 2084 3672 sen-

518 3718 758 3777 tentiam,
793 3730 951 3782 quam
991 3712 1171 3768 evulsa
1226 3713 1467 3767 [liuidinis
1509 3721 1562 3766 et
1609 3714 1904 3779 exstirpata
1936 3710 2080 3765 omni

516 3807 778 3874 nequitia.
806 3805 923 3857 Alia
955 3802 1150 3857 deinde
1179 3803 1447 3872 permulta
1482 3801 1609 3855 huic
1639 3799 1932 3854 astruendo
1961 3814 2084 3854 con-

516 3899 678 3967 gerit,
738 3911 859 3964 quas
910 3896 1145 3949 vitanda:
1194 3909 1355 3949 causa
1422 3894 1751 3965 prolixitatis
1798 3902 2080 3964 prmtereo.

515 3987 869 4043 Catecheticaa
899 3995 1156 4056 praeterea
1190 3987 1452 4041 orationis
1478 3987 1653 4055 capite
1680 3984 1735 4049 8,
1788 3994 1907 4054 post
1944 3986 2085 4038 hanc

513 4079 682 4131 vitam
720 4076 901 4130 curari
931 4092 960 4129 a
996 4076 1105 4131 Deo
1133 4092 1329 4146 pravos
1368 4077 1532 4130 animi
1570 4077 1792 4131 all‘cctus
1826 4076 2081 4139 allirmat,

515 4167 604 4238 qui
638 4169 689 4221 in
726 4168 827 4222 hac
850 4168 959 4221 vita
981 4170 1163 4223 sanari
1202 4184 1298 4236 per
1324 4169 1585 4222 virtutem
1612 4184 1717 4221 non
1744 4179 2037 4238 potuerunt
2062 4184 2078 4233 ;

517 4269 627 4313 tum
668 4275 787 4329 cap.
841 4258 934 4325 26,
982 4275 1087 4315 non
1138 4260 1387 4315 homines
1427 4260 1692 4314 duntaxat
1740 4274 1997 4327 nequam,
2028 4267 2083 4314 et

516 4350 730 4420 impios,
780 4351 875 4405 sed
924 4350 1132 4421 peccati
1183 4351 1343 4405 etiam
1398 4358 1673 4405 auctorem
1721 4349 1995 4404 diabolum
2049 4363 2079 4403 a

2184 514 2406 571 Photius
2453 518 2573 572 cod.
2604 531 2863 570 ccxxxm.
2910 514 3024 569 lloc
3056 528 3217 582 opere
3264 514 3736 569 demonstrandum

2185 607 2287 661 sibi
2334 608 2583 677 proponit
2649 606 2977 672 Germanus,
3048 606 3117 659 ab
3162 622 3227 661 eo
3276 621 3462 660 errore
3517 605 3741 661 alienum

2186 698 2351 754 fuisse
2378 698 2734 767 Gregorium;
2776 699 2821 753 si
2854 713 2957 766 qua
2994 714 3122 753 vero
3153 699 3205 752 in
3241 699 3355 767 ejus
3380 698 3601 767 scriptis
3628 699 3744 754 illuc

2186 791 2435 845 videntur
2479 791 2775 858 pertinere,
2818 789 2990 843 fuisse
3032 789 3099 843 ab
3148 788 3471 857 Origenistis
3523 791 3742 856 intexta,

2187 882 2271 936 vel
2298 891 2443 937 certe
2496 881 2812 949 depravata.
2864 878 3098 947 ldipsum
3143 894 3202 935 se
3239 881 3511 935 inandisse
3564 894 3747 941 narrat

2186 971 2516 1042 Nicephorus
2542 972 2633 1028 lib.
2667 988 2743 1037 xi,
2777 987 2898 1041 cap.
2932 971 3019 1026 l9.
3065 970 3141 1025 Ne
3192 971 3512 1026 Ambrosius
3535 972 3745 1041 quidem

2188 1064 2254 1118 ab
2299 1062 2530 1134 Origene
2579 1064 2855 1127 dissouat,
2900 1079 3021 1117 cum
3070 1062 3331 1132 psalmum
3372 1079 3535 1118 cxvm
3587 1078 3748 1132 expo-

2187 1171 2345 1221 nens,
2376 1171 2496 1211 reos
2541 1156 2823 1226 suppliciis
2872 1155 3065 1224 subjici
3100 1165 3308 1217 censet,
3352 1158 3474 1224 quia
3530 1157 3596 1210 iis
3648 1158 3747 1209 ali-

2187 1248 2403 1317 quando
2430 1248 2696 1303 eximendi
2725 1256 2885 1313 sunt;
2921 1245 3119 1303 diaboli
3156 1261 3282 1301 vero
3320 1260 3538 1315 poenam
3572 1246 3753 1301 differ-

2190 1339 2257 1405 ri,
2290 1349 2349 1394 ut
2378 1353 2654 1409 nunquam
2688 1338 2927 1393 ﬁniatur.
2955 1337 3070 1405 Qi‘lo
3108 1340 3318 1393 accedit
3350 1339 3753 1394 Ambrosiaster

2187 1429 2239 1482 in
2270 1427 2435 1497 Epist.
2480 1427 2548 1481 ad
2594 1426 2784 1496 Ephes.
2811 1441 2929 1496 cap.
2961 1441 3021 1491 ιι,
3054 1424 3350 1480 Ecclesiam
3381 1426 3614 1489 docens,
3650 1426 3749 1480 etsi

2187 1530 2373 1577 sancta
2405 1519 2643 1585 dicatur,
2672 1518 2980 1573 hominibus
3015 1526 3194 1573 tamen
3222 1518 3436 1573 vitiosis
3479 1526 3749 1581 constare,

2187 1629 2293 1668 non
2319 1612 2571 1681 perituris
2602 1612 2840 1680 quidem,
2866 1612 2958 1666 sed
2984 1626 3080 1680 per
3111 1612 3288 1681 ignem
3329 1610 3624 1680 purgandis
3651 1625 3665 1662 :
3693 1619 3750 1664 et

2190 1702 2241 1756 in
2274 1717 2397 1772 cap.
2433 1718 2517 1768 ιιι,
2548 1704 2983 1771 praedicationem
3007 1704 3427 1758 ecclesiasticam
3450 1703 3527 1756 ait
3558 1703 3749 1757 daemo-

2190 1793 2347 1848 nibus
2389 1793 2674 1862 proﬁcere,
2730 1803 2789 1847 ut
2832 1795 3135 1849 detrectato
3185 1793 3381 1851 diaboli
3425 1795 3651 1864 imperio
3682 1798 3748 1849 ad

2192 1886 2355 1938 Deum
2405 1894 2813 1940 convertantur.
2867 1886 3036 1941 Caute
3086 1901 3303 1956 quoque
3350 1886 3746 1940 observandum

2188 1987 2271 2033 est
2304 1976 2712 2046 Hieronymum,
2765 1979 2852 2046 qui
2902 1987 2986 2033 tot
3031 1979 3356 2049 Origeniano
3390 1979 3593 2033 nomini
3621 1994 3746 2033 con-

2190 2068 2436 2122 tumelias
2465 2066 2675 2133 inﬂixit,
2709 2068 2759 2122 id
2789 2067 2900 2123 fere
2932 2070 2986 2122 in
3022 2069 3255 2138 Origene
3285 2083 3449 2137 super
3478 2069 3579 2123 hac
3606 2084 3746 2138 quas-

2189 2161 2363 2215 stione
2393 2174 2638 2231 arguere,
2690 2161 2833 2229 quod
2876 2161 3144 2215 diabolum
3190 2161 3367 2229 poenis
3410 2160 3748 2215 liberandum

2188 2262 2307 2304 esse
2337 2254 2651 2318 asseruerit,
2699 2253 2947 2320 quamvis
2998 2253 3332 2307 contrarium
3379 2253 3616 2309 fateatur
3652 2256 3751 2309 ali-

2189 2342 2336 2407 cubi,
2370 2354 2428 2397 ut
2455 2344 2796 2409 notavimus;
2854 2345 2918 2398 de
2966 2344 3286 2401 liberatione
3314 2360 3442 2401 vero
3475 2346 3749 2401 hominum

2188 2433 2405 2488 siluisse
2433 2436 2630 2503 ipsum.
2660 2434 2851 2504 Itaque
2894 2435 3172 2490 abnormia
3222 2436 3434 2490 disserit
3483 2438 3750 2506 quaedam,

2189 2534 2243 2580 et
2281 2539 2311 2578 a
2352 2524 2456 2579 ﬁde
2501 2525 2673 2581 aliena
2718 2526 2812 2581 lib.
2873 2542 2890 2581 ι
2938 2527 3141 2580 advers.
3192 2525 3495 2597 Pelagium,
3544 2543 3663 2597 cap.
3696 2530 3747 2592 9,

2188 2632 2374 2686 poenas
2404 2617 2623 2673 tradens
2653 2618 3011 2687 sempiternas
3040 2618 3303 2673 destinari
3332 2619 3551 2675 diabolo
3577 2631 3628 2673 et
3656 2620 3748 2674 ho-

2188 2708 2425 2762 minibus
2458 2710 2667 2777 impiis;
2702 2718 2755 2763 at
2792 2710 2993 2779 iniquis
3017 2721 3071 2764 et
3098 2721 3442 2779 peccatorum
3476 2714 3581 2767 reis
3613 2720 3748 2766 tem-

2187 2801 2400 2870 porales
2440 2800 2795 2856 solummodo.
2850 2801 3076 2871 Impium
3124 2814 3303 2859 autem
3348 2804 3414 2859 ab
3463 2804 3646 2873 iniquo
3677 2806 3746 2857 ita

2189 2891 2469 2961 distinguit
2508 2908 2523 2947 :
2558 2910 2577 2942 ε
2613 2890 2801 2947 Omnis
2860 2892 3057 2963 impius
3101 2894 3319 2963 iniquus
3373 2903 3458 2949 est
3477 2906 3529 2948 et
3564 2910 3747 2962 pecca-

2189 2993 2273 3040 tor
2308 3001 2323 3037 :
2357 3000 2456 3038 nec
2503 2984 2869 3052 reciprocatur
2916 2994 2976 3041 ut
3018 2987 3289 3056 possimus
3319 2987 3522 3052 dicere,
3576 2989 3749 3042 omnis

2190 3086 2441 3145 peccator
2491 3087 2546 3128 et
2592 3075 2805 3143 iniquus
2862 3077 3027 3131 etiam
3078 3077 3275 3146 impius
3309 3088 3390 3132 est
3438 3094 3451 3128 :
3505 3079 3748 3145 impietas

2186 3169 2327 3223 enim
2361 3167 2579 3237 proprie
2607 3169 2672 3222 ad
2697 3182 2793 3223 eos
2819 3168 3073 3238 pertinet,
3108 3168 3199 3238 qui
3229 3169 3471 3223 notitiam
3512 3168 3609 3222 Dei
3642 3182 3741 3221 nou

2186 3260 2406 3323 habent,
2438 3258 2516 3312 vel
2544 3258 2905 3328 cognitionem
2946 3260 3378 3327 transgressione
3430 3268 3742 3321 mutarunt;

2185 3360 2464 3419 peccatum
2494 3358 2671 3403 autem
2707 3357 2759 3403 et
2795 3348 3047 3417 iniquitas
3074 3364 3171 3417 pro
3200 3348 3460 3415 qualitate
3494 3349 3741 3403 vitiorum

2186 3450 2305 3510 post
2343 3440 2548 3510 peccati
2590 3450 2647 3494 et
2698 3439 3001 3508 iniquitatis
3051 3440 3270 3494 vulnera
3304 3439 3495 3507 recipit
3544 3440 3745 3493 sanita-

2189 3543 2316 3588 tem.
2356 3552 2375 3586 ι
2410 3533 2756 3589 Postmodum
2806 3532 3127 3587 sententiam
3178 3546 3330 3586 suam
3384 3546 3506 3585 cum
3556 3511 3744 3599 Orige-

2185 3627 2342 3678 niana
2386 3626 2457 3678 ita
2504 3623 2778 3693 componit
2810 3640 2823 3677 :
2866 3642 2883 3673 ι
2923 3623 2979 3677 Si
3012 3623 3272 3691 Origenes
3297 3637 3485 3675 nautes
3520 3622 3745 3675 rationa-

2186 3716 2323 3783 biles
2353 3724 2635 3768 creaturas
2666 3713 2799 3767 dicit
2825 3728 2929 3767 non
2956 3726 3076 3766 esse
3105 3713 3429 3781 perdendas,
3462 3720 3518 3763 et
3548 3710 3745 3763 diaboli

2189 3808 2372 3862 tribuit
2403 3804 2796 3876 paenitentiam,
2830 3804 2958 3873 quid
2990 3803 3054 3858 ad
3094 3818 3210 3868 nos,
3248 3803 3338 3873 qui
3387 3813 3443 3857 et
3470 3803 3743 3858 diabolum

2185 3910 2238 3953 et
2276 3899 2531 3953 satellites
2568 3898 2706 3967 ejus,
2737 3910 3031 3964 omnesque
3059 3894 3252 3965 impios
3281 3904 3335 3949 et
3366 3896 3744 3963 praevaricato-

2185 4007 2273 4046 res
2302 3991 2534 4044 dicimus
2562 3989 2743 4058 perire
2793 3996 3049 4057 perpetuo
3082 4002 3095 4039 :
3141 3997 3195 4039 et
3222 3985 3579 4050 Christianos,
3613 3986 3657 4039 si
3692 3986 3742 4039 in

2185 4079 2420 4148 peccatis
2449 4078 2700 4146 przcventi
2728 4074 2949 4140 fuerint,
2997 4074 3282 4128 salvandos
3325 4089 3445 4129 esse
3480 4085 3601 4144 post
3630 4090 3739 4153 pqa-

2187 4169 2325 4223 nus?
2377 4187 2394 4220 ι
2430 4167 2586 4222 Clara
2635 4176 2761 4221 sunt
2801 4174 2856 4220 et
2902 4164 2987 4218 illa
3032 4165 3086 4217 in
3137 4165 3333 4234 quibus
3388 4166 3547 4219 linem
3597 4166 3745 4233 ponit

2184 4260 2579 4316 Commentariis
2628 4258 2739 4313 suis
2785 4257 2842 4311 in
2890 4244 3129 4322 Isaiam,
3194 4256 3379 4310 dicens
3436 4257 3742 4324 neutiquam

2182 4352 2535 4422 evulgandum
2582 4363 2701 4405 esse
2748 4347 2881 4403 illud
2928 4348 3146 4417 dogma,
3187 4348 3327 4416 quod
3372 4347 3743 4399 damnatorum

514 4438 649 4495 Filio
675 4439 768 4494 Dei
794 4440 1054 4495 benelicio
1088 4437 1338 4495 aﬁ‘ectum
1369 4440 1547 4503 docet,
1595 4452 1752 4508 quem
1780 4438 1853 4491 ita
1885 4454 2079 4508 expur-
2109 4461 2156 4518 ι)
2192 4443 2444 4497 terminat
2467 4455 2673 4511 poenas,
2714 4452 2804 4503 ne,
2846 4447 2992 4491 metu
3033 4435 3273 4503 supplicii
3314 4435 3500 4488 aeterni
3546 4434 3741 4498 ablato,

516 4530 627 4599 gari
650 4530 746 4595 ait,
772 4533 1227 4600 quemadmodum
1252 4548 1441 4585 aurum
1470 4531 1713 4585 adhibito
1738 4531 1858 4601 igne
1881 4546 2080 4601 expur-

516 4630 692 4689 gatur,
737 4634 943 4677 secreta
988 4633 1043 4677 et
1094 4634 1316 4679 excocta
1369 4623 1620 4691 sequiore
1652 4624 1917 4689 materia;
1964 4634 2080 4677 tan-

515 4712 747 4780 demque
794 4714 1080 4782 aliquando
1126 4731 1221 4784 per
1270 4718 1455 4784 longus
1496 4723 1792 4785 temporum
1848 4717 2079 4772 alnbitus

516 4815 836 4874 consumpto
881 4809 1023 4874 quod
1067 4818 1272 4863 natura:
1306 4810 1442 4863 inest
1474 4808 1618 4861 omni
1657 4809 1817 4873 malo,
1856 4810 2078 4861 damna-

516 4907 601 4957 tos
631 4899 683 4952 in
717 4899 983 4968 integrum
1028 4899 1093 4952 iri
1142 4902 1473 4963 restitutum,
1526 4910 1585 4954 ut
1614 4916 1719 4955 uno
1751 4916 1845 4954 ore
1878 4902 2082 4966 gratias

518 5000 715 5043 creata:
749 5006 834 5046 res
857 4991 1124 5045 universae
1155 4990 1261 5045 Deo
1294 4991 1605 5045 refundunt.
1654 4990 1857 5045 Aurum
1898 4992 2081 5045 itidem

518 5078 572 5131 in
609 5082 909 5150 exemplum
959 5082 1174 5135 asciscit
1215 5096 1335 5150 cap.
1366 5082 1435 5135 55
1467 5082 1594 5135 libri
1630 5083 1896 5153 ejusdem,
1925 5093 1979 5136 et
2016 5096 2084 5137 ne

520 5171 710 5226 futurae
749 5175 964 5243 quidem
1004 5188 1099 5242 spe
1128 5173 1315 5227 salutis
1359 5188 1454 5227 eos
1486 5175 1814 5241 intercludit,
1865 5176 1954 5245 qui
1986 5191 2081 5230 ne-

518 5274 623 5328 que
650 5261 919 5330 baptismi,
945 5279 1121 5333 neque
1170 5265 1526 5331 pceuitentiae,
1577 5280 1753 5335 neque
1781 5266 1886 5319 ulla
1930 5267 2082 5321 deni-

519 5366 623 5421 que
652 5356 969 5422 purgatioue
1005 5357 1123 5411 vitae
1164 5372 1331 5411 noxas
1356 5356 1623 5411 eluerunt.
1670 5357 1868 5413 Verum
1913 5359 2082 5414 inter-

520 5445 660 5497 cedit
714 5442 1013 5500 Germanus
1066 5449 1371 5516 patriarcha
1426 5448 2079 5520 Constantinopolitanus,

520 5535 609 5601 qui
640 5546 695 5590 ut
744 5538 903 5606 hujus
951 5540 1215 5606 opinionis
1257 5541 1427 5596 labem
1463 5557 1493 5595 a
1524 5540 1785 5612 Gregorio
1837 5542 2080 5613 Nysseno

592 5714 637 5747 ⁸⁶
674 5717 815 5774 Psal.
842 5736 937 5779 LII.
976 5724 1019 5773 l.

2186 4535 2357 4606 magis
2383 4548 2501 4587 sese
2536 4530 2749 4585 licentia
2783 4536 3117 4598 prorumpat.
3142 4526 3363 4578 Demum
3392 4526 3470 4577 sic
3504 4525 3696 4578 desinit
3722 4539 3735 4575 :

2191 4645 2208 4678 ι
2258 4628 2325 4679 Ει
2378 4625 2519 4680 sicut
2563 4621 2782 4685 diaboli,
2825 4630 2883 4674 et
2931 4620 3170 4673 onmium
3219 4627 3534 4684 negatorqu
3582 4628 3739 4683 atque

2187 4718 2491 4786 impiorum,
2548 4713 2637 4782 qui
2682 4712 2937 4765 dixerunt
2983 4710 3033 4762 iu
3077 4708 3241 4763 corde
3282 4723 3381 4760 suo
3425 4723 3437 4757 :
3485 4705 3607 4758 Non
3669 4712 3738 4757 est

2183 4810 2323 4863 Deus
2348 4808 2416 4873 ⁵⁸,
2453 4808 2721 4861 credimus
2766 4812 2966 4858 atterna
3016 4809 3319 4862 tormenta;
3366 4798 3445 4851 sic
3496 4808 3734 4866 peccato-

2186 4916 2302 4953 rqu
2349 4909 2511 4966 atque
2560 4896 2886 4966 impiorum,
2946 4901 3000 4944 et
3059 4898 3235 4944 tamen
3281 4885 3741 4949 Christianorum,

2183 5004 2409 5058 quorum
2460 5001 2623 5055 opera
2660 4988 2709 5038 in
2764 4985 2883 5052 igne
2930 4978 3204 5050 probanda
3250 4987 3377 5031 sunt
3417 4986 3577 5043 atque
3625 4989 3741 5042 pur-

2182 5080 2738 5151 gandavmoderatam
2767 5074 3095 5128 arbitramur
3125 5077 3179 5124 et
3210 5067 3421 5121 mistam
3450 5062 3741 5118 clementia:

2187 5171 2510 5227 sententiam
2533 5168 2749 5236 judicis.
2790 5184 2810 5217 ι
2844 5162 2968 5217 Haec
3000 5178 3119 5217 cum
3164 5156 3571 5214 Commentariis
3612 5166 3739 5221 quo-

2180 5280 2284 5333 que
2311 5263 2422 5317 suis
2460 5263 2513 5315 in
2540 5259 2832 5329 Epistolum
2863 5257 2929 5309 ad
2982 5254 3231 5325 Ephesios
3276 5248 3618 5319 aspersisset,
3660 5257 3739 5297 re-

2179 5358 2480 5426 prehensus
2512 5362 2595 5408 est
2639 5369 2668 5405 a
2717 5349 2911 5404 Ruﬁno
2941 5349 3136 5402 Invect.
3186 5361 3201 5399 ι
3234 5352 3287 5399 et
3315 5358 3387 5408 ιι,
3430 5340 3591 5409 hujus
3625 5336 3740 5390 licet

2182 5447 2638 5519 reprehensiones
2676 5444 2921 5498 dcvitare
2962 5450 3186 5495 conetur
3221 5436 3580 5503 Hieronymus
3606 5430 3737 5483 lih.t

2183 5539 2405 5610 Apolog.
2432 5537 2641 5593 advers.
2675 5534 2880 5604 Ruﬁn.,
2915 5548 3032 5603 cap.
3066 5531 3116 5584 6.
3153 5528 3316 5583 Libro
3347 5538 3476 5580 vero
3506 5521 3738 5591 ejusdem
