4068 6308
306 405 437 462 1041

1118 413 1689 471 ORIGENIANORL'M
1727 415 1855 470 LIB.
1898 413 1959 481 ll,
1997 415 2147 473 CAP.
2183 418 2246 483 If,
2282 419 2552 487 QUASST.
2593 421 2682 477 Kl.

3397 429 3534 486 1042

305 516 581 589 Apologia;
606 522 861 589 secundo,
888 537 1006 593 cap.
1040 525 1085 587 Ι,
1113 525 1226 581 haec
1252 526 1450 582 habet:
1476 547 1494 579 ι
1519 527 1669 594 Quod
1695 537 1869 584 autem
1903 534 1946 589 Α
1976 530 2171 585 celabit
2200 546 2293 586 eos
2338 534 2489 600 quasi
2522 547 2735 601 aurum,
2766 545 2820 590 et
2855 538 3008 605 quasi
3067 550 3379 611 argentum;
3426 560 3448 596 ι
3478 558 3533 600 et

304 610 629 679 imprecaris
674 615 956 680 fratribus,
991 617 1091 670 hoc
1133 628 1216 672 est
1264 618 1706 676 criminatoribus
1745 623 1870 687 tuis,

302 712 537 759 aeternos
573 706 722 775 ignes
763 723 885 761 cum
931 686 1166 771 diabolo,
1222 724 1325 763 non
1359 719 1468 763 tam
1504 710 1871 767 fratres-mihi

304 794 509 849 videris
560 810 827 864 premere;
873 812 1034 865 quam
1085 798 1357 854 diabolum
1403 802 1708 866 sublevare,
1751 818 1870 857 cum

300 882 515 946 iisdem,
553 887 744 954 quibus
770 887 1017 945 homines
1043 889 1366 958 Christiani,
1398 894 1615 964 ignibus
1643 897 1873 966 punien-

299 975 404 1030 dus
459 977 560 1043 sit;
598 996 617 1030 ι
649 979 803 1047 quasi
854 977 959 1035 alio
1007 981 1149 1050 ignis
1198 998 1399 1052 genere
1453 986 1699 1045 diabolus
1743 1005 1873 1044 cru-

303 1067 534 1123 ciandus
569 1070 661 1137 sit,
699 1070 807 1125 alio
855 1071 1104 1128 homines
1154 1073 1470 1133 Christiani.
1517 1078 1706 1148 Itaque
1742 1080 1867 1134 Sta-

296 1159 507 1215 nislaus
534 1160 848 1218 Pannonius
878 1164 1237 1235 Anabaptista
1268 1168 1411 1222 hunc
1456 1167 1706 1239 Origeuis
1735 1186 1864 1240 pro-

293 1265 549 1321 pugnans
577 1267 841 1322 errorem,
873 1254 925 1308 in
957 1254 1098 1310 libro
1122 1256 1198 1312 De
1234 1258 1412 1313 divina
1452 1259 1865 1331 philanthmpia,

294 1342 610 1412 Hieronymi
645 1345 1019 1413 auctoritatem
1066 1361 1170 1401 non
1222 1349 1342 1404 sine
1386 1352 1600 1407 ratione
1624 1364 1866 1423 usurpat,

290 1429 676 1500 immeritoque
709 1448 739 1485 a
772 1431 926 1487 Sixto
959 1432 1183 1491 Senensi
1209 1436 1302 1494 lib.
1330 1454 1379 1494 vi
1399 1438 1566 1507 Bibl.,
1590 1442 1713 1496 adn.
1738 1444 1863 1512 290,

288 1525 366 1582 ob
400 1538 518 1579 eam
543 1540 657 1579 rem
694 1527 1152 1594 reprehenditur:
1189 1543 1313 1584 nam
1341 1533 1592 1600 quamvis
1642 1533 1867 1591 nefariae

289 1613 511 1683 penitus
538 1622 592 1669 et
618 1613 889 1669 damnatae
919 1617 1180 1674 doctrinm
1208 1619 1579 1677 defensionem
1607 1638 1864 1694 suscepe-

292 1705 683 1760 rithmreticus
718 1703 831 1770 ille,
873 1707 925 1761 in
972 1722 1144 1778 eoque
1194 1709 1530 1779 impudenter
1556 1712 1731 1784 egisse
1781 1714 1864 1769 fa-

293 1798 518 1851 tendum
547 1797 641 1863 sit,
689 1796 1019 1870 Hieronymi.
1047 1810 1225 1856 tamen
1270 1803 1630 1872 patrocinium
1664 1806 1865 1876 absque

292 1888 591 1957 impostura
639 1898 695 1943 et
734 1890 1040 1954 mendacio,
1086 1908 1208 1963 quae
1254 1894 1355 1964 ipsi
1402 1895 1588 1962 objicit
1637 1872 1859 1964 Sixtus,
1895 1872 1937 1927 Β

294 1978 397 2032 sibi
443 1979 684 2035 asciscit.
720 1978 1077 2037 Proferautur
1116 1984 1262 2038 enim
1294 1986 1419 2040 licet
1452 1998 1705 2043 sexcenta
1738 1989 1865 2044 Hie-

294 2069 510 2138 ronymi
566 2071 906 2139 testimonia,
978 2075 1178 2142 quibus
1227 2077 1560 2131 contrarium
1607 2079 1861 2146 tradidit;

294 2173 458 2213 unum
510 2159 631 2215 inde
676 2161 805 2216 illud
839 2163 1089 2230 efﬁcitur,
1120 2176 1361 2223 mutasse
1391 2168 1539 2223 illum
1576 2168 1863 2240 aliquando

294 2251 641 2317 sententiam,
695 2268 796 2309 nec
851 2256 1025 2309 unicae
1087 2272 1303 2327 semper
1356 2260 1863 2328 opinatiouiadhae-

294 2341 452 2397 sisse.
482 2343 552 2395 At
583 2358 680 2413 par
707 2345 823 2414 pari
861 2347 1044 2402 retulit
1073 2346 1450 2420 Hieronymus,
1474 2364 1584 2419 quo
1610 2351 1860 2406 Ruﬁnum

296 2434 647 2499 remorderet,
678 2436 772 2505 qui
810 2452 930 2492 cum
960 2439 1075 2494 haec
1105 2439 1171 2495 ad
1202 2440 1552 2496 Anastasium
1580 2457 1770 2512 papam
1809 2446 1861 2500 in

235 2552 238 2555 τ
291 2525 548 2593 Apologia
570 2526 694 2594 ﬁdei
718 2544 828 2584 sum
864 2530 1176 2598 scripsisset
1206 2548 1218 2584 :
1258 2549 1277 2582 ι
1312 2531 1366 2587 Si
1396 2533 1522 2603 quis
1550 2544 1711 2604 negat
1742 2537 1861 2590 dia-

292 2612 471 2668 bolum
509 2618 729 2671 aeternis
757 2619 974 2686 ignibus
1021 2623 1463 2691 mancipandum,
1501 2634 1706 2693 partem
1740 2641 1861 2682 cum

291 2706 411 2773 ipso
430 2710 614 2762 aeterni
643 2711 784 2779 ignis
811 2713 1067 2781 accipiat,
1092 2723 1150 2767 ut
1176 2715 1376 2768 sentiat
1402 2718 1545 2785 quod
1569 2719 1805 2789 negavit,
1834 2737 1855 2774 ι

287 2797 344 2851 in
366 2799 728 2867 suspicionem
757 2812 936 2859 tamen
969 2816 1192 2861 assertae
1220 2807 1414 2862 diaboli
1444 2808 1637 2865 salutis
1665 2826 1861 2867 vocare

288 2890 516 2944 tentavit
572 2890 928 2963 Hieronymus
974 2894 1195 2965 Apolog.
1243 2911 1303 2961 tt,
1349 2912 1471 2968 cap.
1506 2899 1555 2963 ί,
1590 2916 1707 2954 eam
1743 2917 1775 2956 a
1803 2916 1861 2956 se

286 2977 414 3034 licet
440 2982 802 3051 suspicionem
842 2984 1160 3054 propulsare
1190 2985 1418 3042 Ruﬁnus
1457 2987 1719 3046 Invectiva
1749 2993 1860 3060 pri-

286 3087 377 3126 ma
423 3073 740 3130 laborasset.
792 3075 1014 3143 Verum,
1067 3079 1271 3134 omisso
1322 3082 1425 3136 hoc
1483 3082 1662 3138 Ruﬁn‘i
1715 3084 1855 3155 loco,

1973 636 2039 677 ex
2095 622 2185 676 illo
2217 621 2463 680 Jeremiae
2499 642 2558 692 ιι,
2587 626 2693 682 22:
2742 646 2758 678 ι
2812 628 2868 683 Si
2914 630 3110 687 laveris
3161 641 3211 688 te
3257 636 3434 702 nitro,
3477 647 3532 693 et

1976 713 2415 784 multiplicaveris
2444 719 2536 773 tibi
2570 720 2789 774 herbam
2837 721 3033 784 borith,
3085 726 3348 781 maculata
3389 743 3447 784 es
3476 729 3527 783 in

1974 804 2258 875 iniquitate
2303 816 2389 863 tua
2437 825 2619 865 coram
2670 826 2789 876 me,
2836 814 2964 868 dicit
3011 815 3263 872 Dominus
3306 820 3465 875 Deus.
3504 842 3523 873 ι

1972 896 2126 951 Prius
2189 898 2317 952 illud
2372 899 2646 957 Malachiae
2709 906 2987 972 usurpavit
3026 907 3285 977 Origenes
3344 911 3436 971 lib.
3475 929 3525 969 vr

1972 999 2153 1043 contra
2179 989 2341 1055 Cels.,
2377 1008 2499 1047 cum
2528 1003 2790 1063 quaereret
2812 1010 2980 1064 quare
3012 999 3164 1054 vallis
3182 999 3392 1058 Eunon.
3411 1019 3531 1074 qua:

1971 1078 2083 1147 ipsa
2131 1091 2213 1137 est
2256 1083 2499 1152 gehenna
2560 1094 2617 1140 et
2674 1098 2954 1155 pmnarum
3003 1089 3188 1156 locus,
3246 1094 3297 1148 in
3341 1099 3527 1155 eadem

1974 1172 2138 1238 tribu,
2171 1172 2520 1241 Benjamitica
2551 1176 2825 1245 nimirum,
2855 1179 2907 1234 in
2937 1196 3043 1251 qua
3071 1182 3387 1253 Jerusalem,
3412 1204 3531 1246 cen-

1970 1274 2207 1330 seretur;
2246 1269 2640 1338 respondetque
2666 1269 2838 1327 locum
2868 1274 3008 1329 hunc
3039 1290 3320 1344 pmnarum
3351 1282 3521 1351 accipi

1969 1369 2068 1423 pro
2099 1357 2427 1415 cruciatibus
2467 1364 2814 1432 purgatoriis,
2850 1366 2939 1434 qui
2983 1382 3013 1422 a
3057 1371 3293 1428 caelestis
3318 1372 3529 1431 Jeroso-

1970 1444 2122 1516 lymae
2152 1447 2297 1520 Rege
2321 1465 2388 1506 ac
2415 1450 2641 1509 Domino
2666 1456 2860 1512 animae
2882 1458 3209 1530 inﬁiguntur,
3232 1468 3526 1523 secundum

1971 1539 2131 1593 verba
2156 1555 2187 1595 e
2209 1540 2469 1598 Malachia
2494 1547 2746 1603 adducta.
2774 1546 3056 1607 Subnectit
3087 1554 3298 1609 demum
3332 1570 3528 1629 myste-

1967 1628 2045 1684 ria
2081 1630 2192 1687 haec
2218 1632 2433 1689 silentio
2461 1636 2815 1707 obsignanda,
2850 1656 2917 1697 ne
2941 1642 3186 1701 homines
3217 1628 3444 1718 nequam
3472 1651 3524 1705 in

1966 1720 2154 1776 vitium
2198 1724 2429 1781 eﬁ‘renes
2485 1739 2679 1795 ruant,
2738 1731 2935 1803 quippe
2979 1736 3067 1804 qui
3115 1751 3184 1791 ne
3244 1742 3524 1807 pinnarum

1966 1813 2182 1882 quidem
2224 1827 2582 1885 aeternarum,
2614 1829 2668 1877 et
2705 1822 2812 1878 ﬁne
2856 1828 3156 1882 carentium
3185 1832 3436 1899 opinione
3461 1850 3524 1889 ac

1966 1912 2110 1958 metu
2159 1920 2189 1961 a
2238 1908 2531 1965 sceleribus
2584 1911 3007 1974 absterreantur.
3070 1919 3222 1985 Quod
3262 1928 3527 1991 expressit

1965 1991 2325 2067 Hieronymus
2363 2001 2415 2054 in
2459 2002 2565 2057 line
2611 2002 2898 2060 Comment.
2939 2009 2993 2063 in
3038 2009 3258 2067 Isaiam.
3309 2013 3526 2086 Perspi-

1965 2100 2124 2141 cuum
2178 2097 2261 2143 est
2303 2091 2486 2161 itaque
2523 2097 2842 2151 sententiam
2887 2099 3023 2155 hanc
3065 2104 3129 2156 de
3174 2106 3522 2163 terminaudis

1965 2174 2253 2245 aliquando
2297 2181 2669 2237 damnatorum
2702 2186 3001 2255 suppliciis,
3054 2188 3301 2260 Origenis
3342 2204 3521 2259 aetate,

1964 2267 2255 2339 multisque
2296 2281 2411 2339 post
2467 2274 2647 2340 annis,
2694 2278 2932 2333 nondum
2984 2279 3132 2336 clara
3181 2284 3447 2342 haereseos
3472 2296 3525 2340 et

1964 2372 2217 2428 expressa
2245 2371 2371 2417 nota
2399 2363 2565 2420 fuisse
2592 2365 2931 2435 infamatam,
2963 2381 3021 2425 ut
3048 2382 3168 2441 pote
3203 2390 3361 2442 quam
3389 2393 3524 2432 non-

1963 2450 2091 2505 nulli
2121 2453 2190 2508 de
2219 2465 2359 2509 ctetu
2389 2455 2627 2522 Patrum,
2670 2459 2811 2528 iique
2845 2478 2948 2517 non
2987 2463 3150 2518 inﬁmi
3192 2477 3390 2534 puncto
3428 2484 3525 2524 suo

1964 2544 2384 2611 comprobariut.
2446 2547 2706 2614 Quocirca
2772 2553 3066 2610 Facundus
3122 2554 3525 2617 Hermianensis

1963 2632 2059 2687 lib.
2105 2650 2181 2699 tv,
2225 2650 2342 2705 cap.
2390 2638 2448 2702 4,
2493 2640 2681 2695 scribit
2754 2643 3112 2699 Domitianum
3156 2649 3520 2720 Ancyranum,
3558 2632 3575 2641 Ι

1963 2722 2302 2794 Origenianae
2350 2728 2611 2785 doctrinae
2655 2731 3013 2803 defensorem,
3069 2737 3121 2790 in
3152 2738 3332 2793 libello
3363 2756 3521 2810 quem

1962 2814 2176 2882 scripsit
2216 2814 2413 2886 Vigilio
2460 2834 2633 2889 papae,
2678 2840 2697 2874 ι
2735 2836 3159 2894 conquerentem
3194 2830 3260 2885 de
3302 2830 3387 2886 his
3431 2834 3522 2902 qui

1963 2906 2402 2963 contradicebant
2479 2911 2829 2981 dogmatibus
2889 2913 3169 2987 Origenis,
3230 2923 3524 2977 asserentis

1963 2997 2171 3051 animas
2204 2995 2466 3053 humanas
2499 3009 2623 3053 ante
2653 3016 2878 3071 corpora
2908 3004 2958 3058 in
2981 3006 3210 3072 quadam
3238 3008 3388 3064 beata
3414 3011 3521 3065 vita

1965 3089 2370 3153 praeexstitisse,
2404 3098 2459 3144 et
2494 3106 2685 3147 omnes
2713 3106 2832 3160 quae
2863 3092 3063 3150 fuerint
3090 3106 3293 3154 aeterno
3322 3100 3524 3171 suppli-

285 3179 447 3232 quem
471 3180 576 3222 non
608 3168 726 3223 sine
751 3168 1096 3223 cavillatione
1117 3171 1172 3225 in
1198 3173 1505 3241 sequiorem
1536 3176 1672 3230 trahi
1699 3192 1858 3247 posse
1885 3215 1928 3272 Ο
1962 3179 2048 3233 cio
2073 3179 2371 3245 destinatae,
2419 3182 2471 3235 in
2508 3183 2788 3251 pristinam
2821 3185 3209 3243 beatitudinem
3251 3168 3523 3247 cum—dia-

286 3272 509 3314 sensum
537 3269 810 3329 putamus,
845 3274 1037 3332 aperte
1072 3263 1261 3318 deﬁnit
1292 3266 1343 3319 in
1379 3266 1627 3336 Symbola
1661 3270 1858 3338 sempi-

290 3349 459 3404 ternis
506 3351 724 3419 quidem
775 3354 1061 3407 tormentis
1106 3355 1458 3409 cruciandum
1504 3371 1625 3413 esse
1673 3359 1859 3415 diabo-

290 3440 432 3503 lum;
473 3451 656 3496 sontes
686 3457 815 3496 vero
848 3443 1118 3508 homines,
1150 3445 1496 3514 temporariis
1522 3459 1577 3503 et
1606 3449 1855 3518 aliquan-

270 3529 359 3583 ‘do
395 3531 646 3587 ﬁniendis
677 3552 691 3587 :
721 3549 844 3587 nam
876 3534 1006 3604 quid
1033 3534 1176 3589 aliud
1204 3536 1304 3591 sibi
1336 3539 1474 3593 velle
1506 3549 1701 3608 potest,
1733 3557 1856 3596 cum

286 3620 523 3677 afﬁrmat
556 3623 797 3680 futurum
832 3636 889 3680 ut
917 3636 1230 3696 peccatores
1266 3648 1285 3681 ‹
1321 3632 1525 3702 absque
1549 3634 1859 3691 iuteritione

286 3730 384 3769 sua
419 3715 630 3772 debitas
670 3718 822 3773 luant
850 3721 1079 3791 pcenas?
1114 3740 1132 3773 ι
1162 3729 1217 3775 et
1245 3722 1406 3793 justis
1433 3725 1650 3793 quidem
1687 3743 1706 3776 ι
1738 3741 1860 3795 pcr-

288 3808 606 3876 petuitatem
630 3809 833 3880 gloriae,
862 3814 1237 3880 peccatoribus
1272 3824 1456 3871 autem
1486 3817 1856 3886 prolixitatem

287 3898 627 3956 confusionis
652 3912 707 3955 et
754 3918 926 3971 paenae
960 3923 979 3956 ι
1022 3906 1163 3961 Deus
1195 3907 1512 3963 ministret?
1544 3907 1713 3965 Recte
1743 3911 1860 3980 qui-

288 3993 409 4046 dem
439 4001 494 4047 et
522 4008 589 4048 ex
626 3994 880 4049 Ecclesiae
912 3998 1229 4067 praescripto
1253 3998 1318 4054 de
1358 4014 1639 4069 pinnarum
1668 4016 1860 4071 pereu-

288 4084 459 4139 nitate
493 4085 767 4140 disserunt
811 4088 1231 4160 Chrysostomus
1269 4101 1323 4147 et
1372 4094 1722 4162 Augustinus,
1764 4097 1856 4149 sed

289 4184 518 4244 uterque
552 4184 726 4231 tamen
756 4178 1026 4248 peculiare
1066 4180 1199 4235 illud
1243 4182 1427 4249 habet,
1475 4188 1619 4255 quod
1653 4187 1859 4240 crucia-

291 4274 378 4321 tus
407 4268 809 4333 damnatorum,
837 4270 881 4324 si
917 4273 1096 4326 minus
1128 4273 1296 4339 ﬁniri,
1346 4286 1403 4329 at
1437 4277 1680 4331 vivorum
1711 4288 1859 4333 certe

289 4359 538 4429 precibus
566 4370 620 4415 et
644 4362 927 4417 sacriﬁciis
972 4364 1205 4435 mitigari
1244 4368 1481 4435 putavit;
1535 4368 1623 4423 hic
1659 4369 1709 4422 in
1747 4369 1856 4423 En-

289 4451 513 4506 chiridio
540 4454 609 4505 ad
642 4452 1005 4521 Laurentium,
1045 4471 1165 4527 Cap.
1190 4457 1305 4517 “0
1346 4468 1402 4513 et
1450 4459 1572 4524 112,
1613 4459 1703 4513 ille
1733 4461 1784 4514 in
1825 4462 1859 4515 5

1963 3269 2082 3324 bolo
2125 3279 2179 3323 et
2229 3271 2438 3341 angelis
2485 3272 2603 3341 ejus
2650 3274 2883 3339 restitui,
2937 3276 3117 3331 dicere
3152 3277 3315 3333 etiam
3367 3283 3518 3335 haec:

1963 3360 2334 3417 Prosilaerunt
2388 3364 2457 3417 ad
2506 3367 3029 3423 anathematizando:
3069 3372 3429 3428 sanctissimos
3474 3385 3521 3427 et

1961 3452 2362 3521 gloriosissimos
2393 3455 2652 3517 doctores,
2684 3459 2778 3507 sub
2808 3460 3076 3512 occasione
3100 3466 3289 3514 eorum
3311 3478 3427 3531 qua:
3462 3463 3525 3516 de

1960 3541 2369 3609 pra'exsistentia
2399 3551 2448 3595 et
2478 3543 2803 3617 restitutione
2847 3556 2988 3599 mota
3028 3558 3169 3615 sunt,
3197 3550 3525 3619 dogmatum,

1961 3633 2056 3686 sub
2079 3634 2247 3699 specie
2284 3634 2491 3702 quidem
2542 3633 2801 3705 Origenis,
2849 3654 3027 3693 antnes
3061 3650 3234 3695 autem
3282 3645 3527 3713 quiante

1960 3740 2077 3777 eum
2114 3734 2161 3778 et
2193 3734 2306 3793 post
2337 3741 2453 3779 eum
2479 3726 2693 3795 [uerunt
2713 3738 2923 3784 sanctos
2944 3733 3467 3789 anathematizantes.
3498 3754 3520 3788 ι

2034 3816 2223 3872 Petrus
2246 3817 2569 3884 Halloixius,
2586 3818 3035 3891 Origenianarum
3050 3839 3112 3893 pa
3124 3824 3280 3878 rtium
3302 3826 3529 3895 insignis

1962 3918 2243 3978 patronus,
2284 3911 2492 3966 duobus
2538 3910 2651 3966 fere
2695 3914 2867 3968 modis
2902 3914 3177 3983 obiectum
3203 3917 3526 3973 Adamantio

1961 4001 2165 4054 crimen
2181 4001 2391 4055 amoliri
2415 4003 2590 4056 studet
2612 4002 2827 4073 Origen.
2847 4005 3055 4075 Defens.
3074 4008 3162 4062 lib.
3184 3996 3451 4077 ις’,ιιιιειεςέιο
3466 4009 3522 4067 ιε

1963 4106 2085 4144 nam
2126 4090 2208 4144 vel
2253 4105 2375 4146 eum
2416 4102 2647 4147 conatur
2689 4095 2973 4151 ostendere
3018 4112 3123 4150 non
3163 4098 3365 4153 dixisse
3402 4098 3524 4168 qui-

1961 4183 2082 4238 dem
2131 4183 2413 4238 damnatos
2456 4194 2511 4238 et
2561 4184 2833 4241 daemones
2887 4186 2954 4241 ad
3008 4189 3284 4255 superiora
3315 4204 3526 4259 regres-

1960 4290 2139 4338 suros,
2169 4275 2260 4329 sed
2289 4276 2499 4344 regredi
2547 4284 2754 4330 tantum
2799 4290 2976 4346 posse,
3030 4278 3190 4347 idque
3219 4280 3380 4335 certis
3408 4282 3525 4349 qui-

1963 4366 2189 4421 busdam
2217 4365 2635 4430 conditionibus,
2663 4380 2786 4435 quae
2818 4381 2939 4421 cum
2966 4368 3279 4446 neutiquam
3315 4369 3527 4439 possint

1961 4459 2296 4529 contingere,
2346 4474 2449 4511 non
2499 4457 2656 4513 aliter
2685 4457 3089 4527 intelligendum
3120 4459 3431 4530 Origenem,
3460 4474 3526 4515 ac

292 4543 480 4599 homil.
515 4544 584 4596 ad
619 4543 815 4613 Philip.
848 4545 1076 4603 Prorsus
1098 4564 1228 4603 vero
1261 4550 1553 4618 platonizat
1586 4551 1847 4623 Synesius
1885 4566 1930 4622 ι)
1960 4552 2002 4605 si
2033 4550 2179 4606 omni
2215 4550 2427 4619 penitus
2456 4548 2776 4603 liberatione
2804 4548 3100 4618 diabolum,
3132 4552 3525 4622 damnatosque

289 4633 447 4701 epist.
481 4633 571 4698 44,
612 4635 678 4687 ad
728 4635 1031 4690 Joannem:
1080 4637 1354 4692 daemones
1402 4639 1600 4709 quippe
1645 4641 1721 4693 ait
1767 4656 1863 4695 cx-

289 4725 505 4795 piandis
529 4726 822 4782 sceleribus
852 4727 1133 4796 praefectos
1168 4731 1410 4784 eamdem
1439 4731 1492 4784 in
1534 4734 1741 4787 animas
1774 4747 1861 4786 ar-

292 4826 424 4881 tem,
453 4833 612 4887 quant
669 4818 895 4874 fullones
944 4820 995 4874 iu
1037 4821 1284 4875 sordidas
1324 4831 1499 4877 vestes
1547 4835 1809 4877 exercere
1843 4838 1857 4875 :

290 4908 592 4963 animarum
660 4924 786 4977 ergo
851 4912 1209 4979 quarumdam
1268 4928 1374 4966 non
1440 4928 1634 4984 magno
1678 4914 1862 4969 labore

292 4998 533 5068 abstergi
576 5000 849 5065 maculas,
915 5002 1314 5073 pristinumque
1365 5004 1543 5058 induci
1587 5005 1867 5071 nitorem;

292 5091 414 5144 aliis
445 5104 573 5143 vero
600 5090 673 5143 ita
702 5090 914 5147 inolitas
957 5108 1076 5148 esse
1105 5095 1325 5160 sordes,
1378 5102 1437 5148 ut
1468 5094 1609 5148 nulla
1638 5094 1857 5163 lotione,

295 5182 613 5253 purgatione
665 5183 809 5237 nulla
858 5187 1109 5241 mundari
1150 5189 1361 5257 possint
1410 5204 1426 5241 :
1476 5197 1677 5243 caetera
1727 5190 1859 5245 meri

294 5284 422 5341 sunt
444 5274 782 5330 Platonismi.
816 5275 1159 5345 Comparatio
1198 5279 1287 5332 illa
1322 5280 1613 5349 purganda:
1644 5282 1858 5346 animae,

293 5383 416 5424 cum
458 5383 635 5437 panno
665 5369 882 5424 sordido
922 5367 1140 5424 fullonis
1185 5380 1300 5424 arte
1337 5372 1665 5438 mundando,
1717 5380 1776 5427 ut
1804 5379 1860 5429 et

294 5460 413 5515 alia:
465 5474 493 5513 a
545 5458 795 5515 Patribus
838 5460 906 5516 ad
953 5460 1007 5515 id
1050 5461 1441 5530 explanandum
1484 5474 1858 5534 argumentum

296 5568 417 5607 cum
460 5550 584 5622 igne
624 5561 680 5607 et
717 5568 849 5609 auro
895 5552 1171 5619 inStitutae,
1217 5553 1471 5622 profectae
1512 5555 1764 5610 videntur
1790 5572 1854 5611 ex

296 5642 384 5698 his
415 5642 693 5698 Malacbiae
724 5660 808 5707 ur,
838 5645 895 5708 2,
916 5645 950 5699 5
975 5662 988 5698 :
1026 5662 1044 5695 ι
1080 5642 1193 5713 Ipse
1221 5643 1365 5698 enim
1394 5646 1545 5714 quasi
1574 5646 1710 5716 ignis
1733 5662 1893 5726 con-.3

298 5733 458 5801 flans,
488 5744 541 5791 et
567 5737 718 5805 quasi
752 5738 917 5792 herba
954 5736 1213 5791 fullonum
1241 5753 1255 5788 :
1286 5746 1337 5791 et
1362 5739 1571 5793 sedebit
1594 5738 1857 5804 conflans,

299 5837 349 5882 et
378 5830 674 5886 cmundaus
717 5841 1021 5902 argentum,
1068 5840 1125 5887 et
1172 5831 1419 5900 purgabit
1453 5832 1589 5889 ﬁlios
1618 5831 1765 5898 Levi,
1807 5844 1884 5888 et~'

1960 4642 2201 4697 homines
2228 4640 2511 4710 privasset.
2546 4640 2896 4700 Conditiones
2935 4652 3114 4699 autem
3144 4644 3248 4700 illae
3272 4655 3398 4701 sunt
3423 4649 3523 4700 hu-

1950 4733 2210 4800 jusmodi,
2234 4746 2395 4801 posse
2444 4733 2667 4800 angelos
2708 4744 2764 4790 et
2797 4736 2985 4791 beatos
3016 4736 3082 4791 ad
3127 4736 3232 4791 ima
3260 4737 3520 4808 provolvi,

1956 4826 2001 4879 si
2034 4823 2282 4881 libertate
2312 4832 2523 4879 utentes
2551 4825 2762 4880 arbitrii
2792 4842 2821 4880 a
2855 4828 3054 4883 virtute
3086 4827 3371 4894 deﬁciant;
3404 4843 3466 4882 ac
3492 4842 3527 4883 e

1959 4914 2232 4971 contrario
2272 4916 2341 4971 ad
2392 4930 2601 4971 summa
2639 4932 2796 4986 posse
2841 4919 3123 4975 damnatos
3171 4930 3227 4974 et
3252 4920 3522 4975 daemones

1960 5007 2267 5075 pervenire,
2299 5008 2342 5063 si
2372 5008 2548 5078 gratia
2580 5009 2743 5077 adjuti
2776 5009 2959 5064 divina
2987 5010 3339 5081 resipiscant;
3398 5023 3519 5062 cum

1959 5108 2139 5154 autem
2195 5100 2342 5154 nullo
2372 5115 2593 5169 prorsus
2632 5103 2789 5156 modo
2831 5101 3074 5157 futurum
3116 5102 3188 5155 sit
3221 5109 3278 5153 ut
3308 5100 3360 5154 bi
3390 5100 3522 5154 resi-

1961 5191 2192 5258 piscant,
2222 5191 2295 5245 illi
2323 5204 2353 5244 a
2377 5192 2574 5246 virtute
2602 5194 2877 5260 deficiant,
2931 5195 3055 5247 hinc
3088 5192 3296 5261 colligit
3320 5188 3523 5245 Halloi-

1961 5279 2083 5334 xius
2109 5280 2426 5335 arbitratum
2459 5280 2625 5336 fuisse
2661 5282 2945 5353 Origenem
2974 5298 3071 5337 nec
3097 5296 3125 5334 a
3156 5282 3412 5336 beatitate
3440 5282 3521 5335 di-

1959 5370 2210 5441 lapsuros
2240 5371 2379 5438 illos,
2412 5389 2513 5428 uec
2540 5374 2638 5429 hos
2666 5375 2838 5441 poenis
2861 5374 2925 5427 iri
2952 5373 3257 5428 liberatum.
3282 5392 3300 5424 ι
3319 5372 3519 5441 Quare.

1961 5463 2155 5535 inquit,
2197 5468 2411 5536 quoties
2446 5466 2577 5522 dicit
2617 5466 2876 5535 Origenes
2925 5466 3193 5521 diabolum
3231 5480 3389 5535 posse
3413 5464 3520 5521 sal-

1957 5561 2095 5625 vari,
2129 5557 2507 5629 intelligendus
2534 5567 2619 5614 est
2644 5557 2825 5614 dicere
2851 5574 2915 5614 ex
2948 5567 3106 5626 parte
3135 5569 3375 5618 naturae,
3416 5572 3518 5611 non

1938 5664 2022 5723 ex
2052 5660 2204 5719 parte
2235 5650 2488 5715 malitiae;
2514 5650 2630 5705 sive
2656 5653 2797 5719 quod
2822 5659 3014 5705 natura
3048 5652 3163 5718 ejus
3194 5665 3300 5704 non
3329 5648 3400 5705 sit
3434 5664 3519 5703 re.

1957 5756 2204 5809 pugnans
2233 5739 2414 5794 saluti.
2447 5739 2561 5795 Hoc
2590 5744 2733 5793 enim
2778 5740 3034 5796 tenebant
3087 5738 3463 5807 Valentiniani.
3496 5758 3515 5792 ι

1961 5833 2134 5905 Quam
2170 5833 2301 5889 levis
2327 5832 2398 5888 sit
2426 5833 2540 5888 haec
2564 5835 2864 5900 excusatio,
2897 5834 3048 5898 satis,
3101 5834 3153 5887 ni
3185 5831 3361 5900 fallor,
3398 5849 3525 5903 pre,-
