4068 6308
584 391 724 453 1045

1850 406 1911 462 Ρ.
1943 405 2258 463 DANIELIS
2293 407 2526 465 HUETII

3684 408 3822 462 l0“

585 515 773 571 batum
804 527 890 574 est
917 520 1289 589 superioribus
1316 526 1660 591 testimoniis,
1689 542 1809 595 quae
1835 545 1940 584 non
1965 530 2151 583 ὕποθε-
2181 534 2226 593 Α
2255 529 2490 588 fortasse
2511 533 2653 604 quod
2683 541 2891 602 tempus
2921 546 3006 588 res
3055 532 3126 586 sit
3169 529 3328 602 vulgo
3353 527 3667 601 ignorabilis
3691 547 3707 595 ;
3739 529 3821 582 vel

583 605 771 671 τικῶς,
797 609 888 663 sed
910 610 1155 665 absolute
1176 621 1230 666 et
1248 613 1570 684 simpliciter
1586 617 1900 674 felicitatem
1931 619 2152 674 damna-

582 700 654 752 tis
679 709 731 754 et
761 703 1094 758 damonibus
1122 705 1468 774 pollicentur.
1509 707 1636 765 Plus
1659 710 1827 767 habet
1857 713 2067 769 roboris
2096 715 2149 768 in

582 791 764 860 specie
789 790 1041 860 Halloixii
1069 796 1312 855 defensio
1351 799 1542 868 altera,
1573 818 1693 874 qua:
1719 803 1773 859 in
1800 807 2015 876 c0piosa
2039 808 2151 863 Ori-

583 883 934 953 genianorum
973 885 1216 944 locorum
1281 893 1536 963 congerie
1582 895 1754 964 posita
1809 907 1912 960 est,
1958 899 2152 966 quibus

580 985 796 1031 aeternae
836 977 1049 1033 diabolo
1092 989 1148 1035 et
1194 981 1465 1039 damnatis
1506 1001 1715 1056 poenae,
1749 990 1937 1044 aeterni
2000 991 2152 1057 ignes

581 1067 948 1124 ascribuntur.
989 1069 1124 1125 Nam
1163 1074 1304 1142 quod
1349 1075 1560 1132 dixerat
1603 1077 1865 1149 Origenes
1897 1082 2147 1147 αἰώνιον,

579 1158 904 1230 interpretes
949 1161 1141 1219 Latine
1165 1175 1434 1228 wternum,
1459 1168 1830 1225 reddiderunt.
1858 1171 1990 1227 Tota
2018 1189 2151 1242 ergo

578 1253 1065 1320 argumentationis
1092 1255 1176 1310 vis
1205 1256 1256 1310 in
1285 1257 1435 1314 vocis
1481 1259 1624 1316 illius
1683 1260 1898 1316 αἰώνιον
1932 1266 2148 1335 propria

575 1339 972 1408 significatione
1005 1344 1177 1413 posita
1207 1355 1312 1400 est.

647 1429 836 1486 XXVI.
869 1433 1015 1486 Λιὼν
1049 1451 1154 1490 non
1203 1435 1433 1506 simplici
1490 1440 1713 1496 notione
1773 1442 1988 1511 gaudet,
2024 1457 2147 1497 nam

575 1523 738 1578 modo
762 1522 970 1579 [initum
1003 1522 1233 1596 tempus,
1266 1528 1423 1582 modo
1455 1529 1813 1594 indeﬁnitum,
1865 1534 2025 1588 modo
2069 1535 2150 1589 in-

575 1615 787 1671 ﬁnitum
820 1627 996 1674 sonat.
1029 1618 1325 1690 Hesychius
1353 1640 1366 1676 :
1396 1623 1572 1689 Αὶὼν,
1603 1626 1632 1676 ὁ
1671 1624 1785 1694 βίος
1818 1626 1928 1679 τῶν
1949 1627 2152 1699 ἀνθρώ-

576 1725 694 1763 πων
717 1727 730 1739 ·
759 1712 788 1764 ὁ
834 1711 934 1782 τῆς
977 1712 1122 1782 ζωῆς
1147 1712 1335 1784 χρόνος
1355 1731 1368 1744 ·
1401 1715 1530 1768 ποτὲ
1585 1715 1641 1768 δὲ
1684 1719 1776 1770 καὶ
1807 1719 1898 1772 ἐπὶ
1937 1718 2148 1791 μακροῦ

576 1804 770 1874 χρόνον
805 1809 1024 1862 νοεῖται.
1063 1807 1250 1865 Plures
1293 1810 1460 1864 etiam
1514 1807 1752 1865 Joannes
1792 1811 2149 1868 Damascenus

713 1911 751 1951 tr
803 1896 881 1952 De
910 1860 1022 1964 ﬁdei
1492 1860 1749 1967 l‘,"v_o-cis
2178 1860 2222 1920 Β

575 1987 825 2044 cationes
873 1991 1142 2059 proponit,
1214 2007 1335 2062 qua:
1389 1993 1584 2062 partim
1637 1995 1704 2049 ad
1769 1998 2140 2062 terminatum,

575 2079 774 2150 partim
823 2081 889 2134 ad
944 2081 1344 2138 interminatam
1394 2085 1656 2156 temporis
1705 2087 1937 2151 spatium
1978 2091 2144 2156 perti-

575 2181 733 2228 nent.
790 2173 1109 2230 Aristoteles
1164 2192 1180 2229 ι
1232 2175 1309 2230 De
1342 2176 1467 2232 caelo
1521 2177 1720 2234 factam
1767 2188 1917 2248 putat
1955 2195 2141 2234 vocem

575 2261 710 2314 αἰὼν
733 2262 802 2318 ab
828 2263 919 2317 del
972 2262 1076 2329 ὥν,
1135 2281 1242 2335 quo
1267 2268 1594 2322 mternitatis
1635 2269 1844 2323 notatio
1893 2269 2141 2324 contine-

575 2363 684 2410 tur.
739 2355 888 2411 Hanc
937 2357 1352 2429 originationem
1409 2359 1602 2415 deinde
1657 2371 1985 2430 usurparunt
2019 2360 2141 2415 Plo-

577 2448 744 2514 tinus,
778 2449 1023 2516 Proclus,
1045 2450 1399 2524 'Etymologus
1422 2492 1439 2518 ,
1475 2461 1530 2507 et
1563 2451 1674 2508 alii.
1727 2452 1797 2505 At
1852 2467 1919 2508 eo
1963 2463 2141 2509 tamen

575 2537 839 2594 vocabulo
897 2549 1182 2611 utrumque
1247 2552 1459 2611 tempus
1505 2543 1731 2610 exprimi
1790 2542 1992 2598 fatetur
2043 2543 2143 2598 ibi-

577 2631 688 2685 ἐτι
741 2631 1081 2687 Aristoteles.
1111 2633 1195 2687 Ab
1240 2633 1374 2688 αἰών
1405 2635 1608 2704 prodiit
1654 2633 1904 2688 Latinum
1943 2651 2140 2701 wvum,

572 2721 776 2777 inserto
817 2725 1089 2794 digamma
1136 2724 1383 2792 Eolico;
1427 2733 1484 2780 ut
1529 2725 1596 2780 ab
1631 2725 1735 2789 ὅῖς.
1779 2727 1911 2781 ovis.
1947 2726 2143 2781 zEuum

573 2813 757 2879 igitur,
825 2821 885 2867 ut
943 2813 1098 2879 αἰὼν,
1159 2815 1505 2885 multiplicem
1561 2817 1725 2871 habet
1777 2817 1925 2881 vim,
1985 2818 2144 2871 modo

575 2914 789 2975 tempus
822 2907 927 2961 line
956 2921 1179 2971 carens,
1227 2908 1384 2960 modo
1438 2907 1792 2962 terminatum
1831 2908 2140 2974 designans.

571 2997 778 3052 Prioris
820 3006 982 3054 testes
1039 2999 1263 3054 Servius
1310 2999 1367 3054 in
1421 3017 1474 3054 vr
1531 3001 1775 3067 £neid.,
1817 3019 1960 3060 vers.
2003 3006 2142 3069 764;

571 3087 924 3155 Censorinus,
977 3103 1096 3158 cap.
1130 3088 1222 3156 16,
1268 3101 1321 3144 et
1355 3090 1592 3146 Isidorus
1634 3091 1910 3161 Originum
1954 3095 2049 3150 lib.
2090 3112 2141 3162 v,

570 3196 690 3250 cap.
735 3181 804 3238 '58
841 3199 856 3236 :
898 3200 920 3234 r
962 3181 1195 3248 Erum,
1248 3183 1456 3253 inquit,
1526 3193 1610 3240 est
1675 3197 1806 3240 aetas
1862 3197 2137 3257 perpetua,
2170 3213 2219 3271 ο

572 3274 727 3342 cujirs
759 3289 935 3344 neque
993 3276 1229 3343 initium,
1282 3290 1459 3347 neque
1505 3279 1824 3335 extremitas
1878 3280 2136 3340 nascitur,

571 3367 714 3436 quod
743 3366 917 3422 Graeci
945 3368 1118 3423 αἰῶνα
1142 3378 1357 3433 vocant,
1387 3369 1529 3438 quod
1561 3369 1854 3434 aliquando
1881 3373 2022 3440 apud
2051 3389 2144 3428 eos

573 3472 672 3524 pro
697 3459 915 3523 saeculo,
945 3459 1234 3527 aliquando
1268 3473 1365 3528 pro
1389 3470 1602 3514 aeterno
1628 3461 1870 3528 ponitur.
1915 3459 2069 3515 Unde
2091 3473 2145 3517 et

572 3552 713 3622 apud
741 3549 965 3604 Latinos
992 3561 1073 3606 est
1107 3552 1427 3605 derivatum.
1450 3569 1468 3602 ι
1513 3551 1836 3607 Posterioris
1870 3553 2144 3623 significa-

572 3642 738 3698 tionis
770 3644 924 3697 testis
967 3643 1219 3698 Horatius
1263 3642 1498 3696 Carmin.
1539 3644 1635 3697 lib.
1673 3659 1731 3707 ll,
1779 3645 1869 3698 od.
1907 3646 1963 3708 9,
1999 3662 2140 3701 vers.

571 3733 660 3796 15,
693 3734 782 3789 ubi
815 3745 894 3787 ter
919 3750 1026 3788 wvo
1083 3733 1324 3788 functum
1374 3732 1655 3788 Nestorem
1697 3736 1858 3798 dicit,
1897 3737 1986 3804 qui
2036 3747 2144 3792 tres

573 3825 770 3895 γενεὰς
808 3835 1156 3889 excesserat,
1212 3827 1314 3881 hoc
1347 3835 1429 3881 est
1453 3826 1737 3882 90annos.
1779 3827 1922 3882 Idem
1970 3844 2142 3883 aevum

571 3935 668 3988 pro
688 3928 929 3987 tempore
956 3928 1184 3987 usurpat
1205 3920 1363 3988 epist.
1398 3919 1453 3984 l,
1484 3918 1576 3972 lib.
1607 3933 1670 3983 ιι,
1695 3933 1838 3976 vers.
1869 3919 1992 3986 159,
2021 3935 2142 3974 cum

571 4009 644 4061 sit
669 4008 893 4076 vestigia
919 4009 1059 4062 ruris
1101 4009 1153 4060 in
1195 4009 1409 4076 longum
1457 4023 1626 4062 aevum
1670 4011 1954 4064 mansisse.
1992 4011 2144 4078 Saepe

572 4113 670 4167 pro
697 4107 858 4153 etate
906 4099 1216 4160 adhibetur,
1277 4103 1420 4152 unde
1471 4097 1757 4168 longazvus,
1808 4101 2141 4170 grandazvus,

573 4207 797 4245 ccmvus.
829 4189 913 4245 Ab
939 4207 1069 4255 levo,
1095 4191 1298 4255 raritas,
1325 4197 1381 4244 et
1411 4204 1508 4259 per
1534 4193 1956 4247 contractionem
1984 4195 2142 4247 retas:

570 4284 726 4354 cujus
766 4283 907 4338 idem
940 4291 1019 4337 est
1063 4281 1366 4336 intellectus
1400 4296 1462 4336 ac
1498 4283 1616 4344 arvi,
1656 4298 1778 4336 nam
1819 4283 1977 4338 modo
2010 4294 2147 4338 tem-

570 4391 671 4447 pus
731 4385 1014 4436 aeternum,
1077 4373 1236 4428 modo
1303 4374 1779 4444 circumscriptum
1814 4377 2010 4447 signat.
2061 4377 2143 4430 Ab

571 4485 678 4523 (cro
719 4469 902 4523 itidem
958 4468 1269 4533 (evitemus,
1311 4477 1366 4522 et
1423 4483 1520 4537 per
1572 4483 1844 4539 syncopen
1886 4480 2144 4537 wternus;

2256 621 2399 688 quod
2427 623 2580 676 nobis
2601 636 2797 692 parum
2819 621 3020 690 liquido
3045 631 3169 676 nota
3201 621 3308 675 sint
3329 619 3821 689 prteteritaJutura

2255 725 2387 764 vero
2439 712 2654 779 penitus
2711 713 2926 782 ignota;
2993 711 3075 766 vel
3110 712 3252 782 quod
3303 721 3512 779 tempus
3565 710 3732 764 tacite
3771 718 3824 765 et

2255 803 2464 858 occulte
2489 805 2766 873 subrepat.
2815 804 3034 859 Diceres
3064 805 3131 858 ad
3161 805 3305 859 hanc
3340 803 3602 872 originem
3644 815 3824 868 respe-

2256 895 2402 952 xisse
2463 895 2745 952 Horatium
2785 912 2908 952 cum
2947 897 3162 966 scripsit
3213 897 3309 953 lib.
3347 914 3388 964 ι,
3428 898 3514 953 od.
3545 895 3637 960 13,
3683 909 3821 950 vers.

2255 983 2382 1038 452

2539 1074 2738 1129 Crescit
2773 1077 2995 1136 occulto,
3023 1075 3157 1130 velut
3186 1075 3366 1143 arbor,
3407 1091 3539 1140 a'eo,

2541 1145 2712 1199 Fama
2743 1145 3016 1211 Marcelli;

2255 1267 2306 1312 et
2337 1255 2604 1324 Ovidium,
2635 1256 2852 1314 Metam.
2881 1275 2937 1325 ι,
2973 1273 3118 1314 vers.
3153 1258 3294 1314 5l9:

2533 1345 2756 1400 Labitur
2785 1347 3007 1410 occulte,
3054 1346 3295 1417 fallitque
3316 1345 3544 1401 volatilis
3576 1352 3732 1400 artas.

2257 1433 2412 1490 Valet
2448 1436 2513 1490 ad
2547 1437 2881 1505 superiorum
2904 1437 3393 1499 confirmationem,
3422 1433 3565 1503 quod
3599 1432 3824 1487 habetur

2259 1526 2552 1583 Deuteron.
2583 1543 2672 1591 xv,
2702 1527 2791 1594 l7,
2831 1528 2899 1582 de
2920 1527 3140 1581 homine
3169 1528 3258 1597 qui
3299 1527 3432 1582 sein
3469 1525 3821 1581 voluntariam

2255 1628 2308 1672 et
2329 1629 2585 1673 aeternam
2610 1619 2931 1674 servitutem
2961 1619 3236 1687 mancipat
3267 1635 3282 1672 :
3317 1637 3338 1669 ‹
3370 1617 3628 1671 Assumes
3662 1615 3820 1669 subu-

2255 1711 2382 1775 lam,
2439 1720 2494 1768 et
2543 1710 2844 1782 perforabis
2905 1725 3090 1764 aurem
3139 1708 3256 1778 ejus
3307 1710 3361 1763 in
3416 1707 3582 1776 ianua
3633 1707 3820 1759 domus

2252 1813 2376 1866 tute,
2436 1812 2487 1858 et
2547 1801 2748 1857 serviet
2795 1803 2888 1856 tibi
2945 1816 3120 1871 usque
3158 1803 3211 1856 in
3265 1811 3550 1856 :elernum.
3582 1817 3602 1850 ι
3659 1795 3816 1850 Hebr.

2252 1877 2389 1957 D51”)
2420 1903 2518 1959 1:9
2545 1878 2638 1979 ’(7τῖ
2663 1902 2768 1953 ηπ.
2798 1892 2960 1958 LXX,
2987 1895 3080 1947 καὶ
3108 1892 3257 1946 ἔσται
3279 1910 3360 1946 σοι
3386 1889 3602 1961 οἰκέτης
3634 1890 3716 1950 εἰς
3735 1886 3819 1979 si»

2250 1983 2441 2038 αἰῶνα.
2495 1978 2596 2038 (Sui
2637 1983 2814 2038 simile
2852 1983 2981 2038 illud
3043 1983 3252 2040 Horatii
3314 1984 3404 2040 lib.
3457 1998 3494 2044 ι,
3534 1983 3698 2050 epist.
3734 1978 3818 2031 l0-

2241 2090 2384 2130 vers.
2430 2076 2494 2128 Al
2540 2091 2554 2128 :

2416 2165 2619 2222 Serviet
2644 2176 2896 2222 internum
2917 2206 2932 2228 ,
2971 2166 3095 2236 quia
3140 2182 3304 2234 parvo
3334 2164 3517 2218 nesciit
3544 2161 3644 2215 uti.

2242 2253 2390 2312 Utile
2416 2257 2584 2313 etiam
2613 2259 2713 2312 hoc
2742 2257 3053 2328 Hieronymi
3085 2258 3138 2311 in
3184 2254 3468 2310 Ezechielis
3497 2272 3617 2324 cap.
3665 2266 3814 2306 xxvn

2251 2362 2392 2403 vers.
2421 2348 2521 2402 ult.
2550 2366 2562 2400 :
2600 2365 2619 2398 α
2645 2345 2711 2400 Ει
2741 2347 2883 2400 ultra
2915 2363 3017 2400 non
3049 2347 3152 2400 eris
3197 2347 3251 2398 in
3273 2348 3640 2412 sempiternum
3669 2356 3693 2394 :
3713 2342 3820 2396 sive

2241 2449 2302 2494 ut
2335 2439 2388 2495 in
2429 2439 2691 2496 Hebraico
2726 2424 2900 2506 ὀῖ-ην,
2939 2451 2995 2495 et
3047 2441 3102 2496 in
3144 2440 3332 2496 Graeco
3365 2437 3498 2492 αἰὼν
3539 2437 3816 2499 scribitur,

2244 2550 2407 2589 unum
2475 2534 2730 2588 sreculum
2789 2534 3079 2606 signiﬁcat,
3132 2533 3286 2603 juxta
3335 2533 3469 2587 illud
3506 2531 3677 2594 Isaia,
3728 2529 3818 2601 qui

2247 2638 2369 2696 post
2404 2627 2735 2698 septuaginta
2763 2641 2936 2680 annos
2964 2625 3094 2680 dicit
3116 2625 3315 2698 Tyrum
3347 2623 3732 2680 restituendam
3764 2625 3812 2676 in

2242 2719 2509 2790 integrum
2527 2727 2746 2773 statum.
2771 2719 2936 2772 Aiunt
2953 2729 3127 2773 autem
3151 2732 3314 2785 unum
3333 2715 3611 2781 saeculum,
3640 2715 3692 2768 id
3715 2723 3815 2776 est,

2244 2813 2493 2865 humanae
2549 2821 2758 2879 tempus
2801 2809 2978 2864 celatis
3023 2808 3360 2879 septuaginta
3406 2821 3670 2860 annorum
3723 2819 3817 2858 nu-

2247 2913 2396 2953 mero
2439 2899 2742 2967 supputari,
2776 2898 3060 2954 Psalmista
3106 2899 3327 2954 dicente
3359 2915 3373 2951 :
3411 2895 3532 2950 Dies
3560 2910 3815 2950 annorum

2246 3000 2543 3043 nostrorum
2573 2989 2630 3041 in
2656 2989 2783 3056 ipsis
2809 2990 3140 3058 septuaginta
3173 2990 3301 3042 anni
3329 2989 3373 3020 ⁸⁷
3401 3005 3416 3045 :
3447 3006 3466 3039 ι
3505 2997 3559 3041 et
3595 2985 3734 3038 istud
3762 2986 3813 3036 in

2245 3077 2424 3136 Galat.
2455 3095 2472 3135 ι
2511 3099 2525 3134 :
2557 3097 2576 3131 t
2607 3080 2663 3134 ln
2693 3079 2920 3136 Hebraeo
2971 3083 3216 3136 sreculam
3239 3121 3254 3145 ,
3310 3081 3362 3135 id
3401 3090 3486 3135 est
3521 3061 3678 3142 051w,
3729 3076 3814 3129 ubi

2243 3178 2266 3229 1
2301 3170 2532 3225 litteram
2557 3170 2790 3240 positam
2821 3172 3098 3235 habuerit,
3141 3173 3484 3225 calamitatem
3525 3169 3809 3240 signiﬁcat:

2245 3263 2331 3318 ubi
2386 3278 2514 3318 vero
2557 3263 3026 3329 sineﬁscribitur,
3069 3281 3266 3317 annum
3309 3263 3809 3332 quinquagesimum,

2244 3370 2402 3426 quem
2433 3355 2508 3410 illi
2537 3352 2822 3409 Jubilarnm
2847 3363 3062 3410 vocant.
3087 3375 3105 3408 ι
3148 3355 3296 3409 Αἰὼν
3338 3371 3466 3410 vero
3498 3371 3603 3410 non
3635 3355 3807 3409 infmi-

2247 3459 2356 3502 tutn
2385 3457 2596 3518 tempus
2617 3490 2634 3515 ,
2670 3449 2763 3504 sed
2802 3449 3136 3503 indeﬁnitum
3172 3450 3440 3519 signiﬁcat
3473 3450 3524 3503 in
3558 3449 3673 3504 istis
3710 3447 3811 3502 Lu-

2245 3556 2322 3596 ca:
2351 3557 2388 3607 ι,
2421 3541 2535 3595 53:
2578 3559 2596 3591 ι
2621 3540 2688 3594 Ει
2742 3541 2988 3610 regnabit
3044 3543 3096 3597 in
3151 3543 3310 3597 domo
3349 3539 3516 3597 Jacob
3565 3541 3618 3596 in
3659 3551 3813 3595 aeter-

2247 3648 2390 3696 num,
2422 3651 2442 3684 ι
2465 3634 2544 3696 εἰς
2565 3635 2690 3695 τοὺς
2713 3633 2914 3697 αἰῶνας
2935 3650 2949 3663 ο
2991 3649 3113 3687 nam
3141 3633 3185 3688 si
3213 3633 3264 3688 id
3300 3635 3534 3704 spatium
3567 3634 3812 3703 temporis

2247 3723 2654 3779 interminatum
2677 3725 3022 3794 exprimeret,
3052 3741 3310 3794 quorsum
3338 3727 3659 3782 adderetur:
3703 3746 3721 3778 ι
3750 3725 3812 3779 Βι

2248 3816 2396 3885 regni
2429 3817 2544 3885 ejus
2581 3832 2683 3869 non
2710 3817 2815 3870 erit
2845 3817 2987 3874 linis.
3016 3837 3034 3870 ν
3073 3818 3126 3872 ld
3162 3819 3262 3873 sibi
3301 3818 3413 3871 vult
3457 3833 3587 3888 ergo
3619 3817 3807 3882 Lucas,

2247 3910 2360 3963 sive
2389 3909 2571 3977 potius
2593 3909 2808 3963 Gabriel
2836 3927 2851 3964 :
2881 3910 3157 3966 Obtinebit
3187 3912 3275 3966 ille
3307 3913 3522 3980 quidem
3561 3913 3610 3965 in
3655 3914 3807 3967 domo

2247 3997 2414 4054 Jacob
2452 4015 2672 4068 regnum
2705 3999 3018 4054 diuturnum
3046 4043 3061 4068 ,
3093 4017 3157 4057 ac
3183 4003 3329 4057 nullo
3363 4003 3470 4057 line
3497 4005 3804 4058 cariturum.

2249 4091 2402 4168 Saepe
2449 4091 2612 4161 igitur
2655 4092 2746 4144 τὸν
2797 4092 2969 4147 αἰῶνα
3007 4093 3216 4161 τοῦτον,
3267 4111 3365 4164 pro
3397 4097 3642 4165 pnnsenti
3678 4107 3808 4150 tem-

2247 4193 2474 4250 pore,_et
2503 4182 2592 4236 τὺν
2623 4183 2794 4237 αἰῶνα
2823 4185 3134 4255 ἐρχόμενον,
3165 4201 3228 4240 ac
3251 4188 3378 4250 τοὺς
3410 4187 3611 4251 αἰῶνας
3648 4190 3806 4259 ἐπερ-

2247 4275 2532 4344 χομένους,
2558 4291 2655 4344 pro
2687 4279 2886 4342 futuro,
2913 4281 2963 4332 in
2997 4279 3145 4333 Novo
3171 4278 3529 4335 lnslrumento
3557 4283 3803 4350 reperias.

2247 4365 2372 4420 Inde
2403 4365 2664 4438 Origenes
2703 4369 2889 4424 bomil.
2919 4370 2951 4425 6
2981 4372 3035 4424 in
3066 4370 3270 4437 Exod.,
3303 4388 3451 4430 num.
3485 4373 3552 4427 i5
3579 4391 3592 4425 :
3639 4394 3656 4425 ο
3680 4373 3805 4439 Quo-

2250 4459 2354 4515 ties
2381 4462 2436 4515 in
2465 4463 2714 4516 saxulum
2739 4464 2955 4526 dicitur,
2989 4465 3264 4533 longitudo
3301 4465 3517 4533 quidem
3539 4468 3802 4534 temporis,

570 4575 674 4629 qna
706 4575 836 4614 voce
876 4570 1085 4628 tempus
1116 4560 1279 4614 etiam
1317 4560 1524 4613 ﬁnitum
1564 4559 1854 4628 aliquando
1876 4562 2134 4631 exprimi-
2167 4553 2212 4607 D
2241 4555 2332 4609 sed
2347 4571 2466 4610 esse
2482 4555 2604 4610 linis
2627 4556 2820 4626 aliquis
2845 4557 3112 4611 indicatur
3141 4575 3156 4612 :
3184 4568 3239 4613 et
3261 4559 3378 4612 siin
3400 4560 3548 4612 aliud
3565 4559 3804 4612 sarculum

575 4662 680 4704 tur.
718 4649 960 4704 Notabile
991 4651 1120 4705 illud
1144 4649 1424 4705 Ciceronis
1447 4649 1540 4706 lib.
1566 4665 1627 4705 tu
1656 4649 1734 4706 De
1754 4662 1889 4708 orat.
1930 4669 1949 4707 :

574 4744 682 4797 lum
722 4751 808 4796 est
853 4743 994 4796 enim
1042 4758 1212 4811 genus
1250 4757 1458 4808 rerum,
1502 4742 1648 4811 quod
1689 4752 1784 4798 aut
1829 4744 2072 4799 avulsum
2117 4762 2147 4800 a

573 4835 782 4889 ueteris
827 4848 923 4910 per
949 4847 1006 4888 se
1040 4834 1208 4900 ipsum
1247 4841 1496 4889 constare
1520 4875 1535 4900 ,
1585 4842 1678 4886 aut
1709 4849 1817 4904 quo
1865 4849 2060 4890 caetera
2101 4837 2145 4891 si

572 4935 818 4993 careant,
866 4925 975 4979 vim
1032 4941 1182 4980 suam
1229 4937 1390 4996 atque
1427 4927 1786 4980 aeternitatem
1823 4942 2146 4982 conservare

571 5023 801 5090 possint.
834 5038 854 5072 ι
885 5018 1082 5073 Errant
1108 5019 1284 5082 multi,
1324 5021 1450 5073 item
1491 5019 1654 5084 docti,
1694 5028 1747 5074 et
1775 5011 2140 5088 etymologica:

575 5111 707 5164 artis
736 5111 1030 5180 principes,
1064 5109 1153 5178 qui
1187 5110 1254 5164 ab
1281 5122 1504 5163 wternus
1539 5110 1735 5165 factum
1769 5119 1958 5180 putant
2000 5127 2138 5164 sem-

578 5201 840 5266 piternus.
874 5201 1156 5272 Hepugnat
1186 5201 1434 5255 modulus
1463 5202 1685 5272 syllabae
1723 5201 1990 5268 secundae,
2020 5217 2141 5270 qua:

573 5293 884 5360 corripitur.
928 5294 1286 5361 Sempiternus
1339 5295 1396 5346 lit
1433 5309 1461 5345 a
1504 5309 1737 5359 semper;
1793 5301 1852 5349 ut
1895 5294 1964 5349 ab
2001 5293 2136 5357 lteri,

572 5384 865 5446 hesternas,
897 5400 925 5436 a
957 5386 1069 5452 diu,
1105 5386 1361 5448 diurnas,
1393 5393 1611 5438 auctore
1643 5384 1941 5440 Prisciano.
1985 5385 2138 5452 Quod

573 5473 709 5532 αἰὼν
734 5477 874 5545 apud
899 5475 1134 5543 Gnecos,
1167 5492 1332 5530 meum
1373 5477 1512 5540 apud
1547 5475 1792 5541 Latinos,
1820 5477 1961 5532 idem
1997 5477 2140 5546 apud

577 5567 830 5624 Hebraeos
892 5569 1159 5637 signiﬁcat
1200 5553 1373 5634 ω’γω,
1414 5579 1632 5641 tempus,
1680 5570 1953 5633 sceculum,
1984 5579 2138 5624 teter-

577 5661 751 5717 nitas:
781 5677 810 5715 a
845 5662 1028 5717 radice
1065 5646 1201 5727 ὢν,
1236 5665 1377 5732 quod
1407 5671 1509 5729 est,
1564 5670 1900 5729 abscondere,
1931 5663 2096 5718 latere
2120 5677 2140 5716 :

1983 4652 2152 4706 «Νιιι-
2250 4646 2488 4714 dicatur,
2519 4648 2714 4717 aliquis
2741 4650 2858 4703 sine
2884 4649 3047 4703 dubio
3081 4651 3288 4718 longior
3325 4651 3583 4719 quidem,
3638 4663 3800 4705 tamen

2248 4739 2461 4805 ponitur
2511 4739 2676 4794 finis:
2714 4751 2767 4794 et
2795 4742 3002 4809 quoties
3043 4742 3236 4796 sa'cula
3274 4743 3594 4796 swculorum
3646 4743 3803 4797 nomi-

2247 4839 2464 4896 nantur,
2503 4831 2729 4886 fortasse
2762 4833 2884 4886 licet
2917 4833 3128 4901 ignotus
3160 4834 3312 4888 nobis
3334 4874 3350 4899 ,
3403 4845 3581 4888 tamen
3631 4851 3660 4888 a
3711 4837 3802 4890 Deo

2247 4929 2481 4976 statutus
2534 4921 2729 4991 aliquis
2782 4924 3042 4977 ternzinus
3093 4925 3403 4991 indicatur;
3435 4943 3453 4975 ι
3522 4935 3575 4979 et
3629 4926 3717 4981 lib.
3767 4941 3798 4978 ιι

2245 5013 2385 5081 Περὶ
2416 5013 2636 5083 ἀρχῶν,
2691 5031 2810 5084 cap.
2852 5016 2906 5080 3,
2962 5031 3105 5069 num.
3139 5017 3173 5071 5
3205 5031 3218 5070 :
3247 5035 3266 5068 ‹
3297 5016 3472 5072 Movet
3526 5028 3705 5072 autem
3754 5018 3800 5070 in

2245 5109 2350 5162 hoc
2394 5109 2686 5179 Scriptura:
2749 5121 2954 5164 sancta:
3005 5112 3328 5177 auctoritas,
3378 5127 3498 5181 quae
3544 5110 3801 5167 dicit:ln

2245 5201 2496 5256 sreculum
2527 5211 2575 5255 et
2627 5202 2799 5255 adhuc
2843 5202 2910 5255 ⁵³.
2961 5203 3029 5256 Et
3077 5205 3249 5257 adhuc
3292 5203 3433 5258 enim
3483 5206 3627 5272 quod
3662 5204 3798 5264 dicit,

2244 5293 2365 5362 plus
2387 5292 2586 5362 aliquid
2619 5292 2735 5346 sine
2767 5294 2929 5348 dubio
2956 5308 3114 5362 quam
3139 5295 3391 5349 smculum
3425 5296 3536 5349 vult
3567 5294 3796 5364 intelligi.

2246 5381 2313 5436 Et
2345 5383 2462 5438 vide
2491 5397 2558 5438 ne
2586 5381 2714 5437 illud
2757 5383 2901 5451 quod
2939 5384 3070 5438 dicit
3098 5385 3343 5439 Salvator
3375 5385 3499 5453 quia
3550 5387 3665 5438 volo
3686 5425 3700 5446 ,
3748 5391 3800 5435 ut

2245 5475 2332 5528 ubi
2368 5491 2460 5545 ego
2489 5491 2626 5538 sum,
2669 5483 2721 5528 et
2753 5476 2841 5527 isti
2866 5477 2970 5529 sint
3004 5493 3241 5541 mecum;
3288 5487 3335 5529 et
3369 5478 3502 5530 sicut
3535 5494 3626 5544 ego
3669 5487 3715 5529 et
3747 5487 3798 5527 tu

2247 5585 2408 5622 unum
2433 5583 2636 5631 sumus,
2668 5576 2716 5621 et
2752 5570 2836 5622 isti
2858 5571 2961 5622 sint
2997 5571 3052 5623 in
3101 5570 3250 5623 nobis
3298 5586 3458 5622 unum
3505 5571 3572 5633 ",
3625 5578 3799 5624 osten~

2247 5662 2375 5716 dere
2413 5659 2661 5714 videatur
2697 5661 2820 5730 plus
2858 5661 3056 5733 aliquid
3105 5676 3266 5732 quam
3310 5671 3396 5718 est
3443 5660 3694 5718 saeculum
3741 5663 3797 5716 et

541 5839 554 5868 τ
647 5835 692 5870 ⁸⁷
723 5833 866 5892 Psal.
903 5852 1124 5905 Luxu,
1159 5837 1242 5889 lo.
1320 5838 1365 5870 "
1404 5837 1571 5893 Exod.
1605 5852 1692 5907 xv,
1732 5837 1820 5893 18.
1898 5839 1943 5872 ⁸³
1978 5836 2132 5896 Joan.
2170 5851 2303 5904 xvn,
2342 5837 2532 5893 ειςρι.
