4068 6308
352 402 491 460 1045

1164 401 1735 461 ORIGENIANORUM
1775 400 1903 457 LIB.
1944 401 2009 467 ll,
2045 402 2196 457 CAP.
2239 402 2301 469 ll,
2337 402 2610 491 QUES'I.
2650 404 2739 460 XI.

3427 410 3561 463 1016

344 521 585 591 saecula;
617 521 754 577 forte
785 522 948 577 etiam
985 521 1103 593 plus
1132 538 1290 591 quam
1330 533 1411 579 est
1442 523 1635 579 szecula
1680 523 1897 580 saeculo-
1930 528 1984 585 Α
2008 523 2220 590 abeam,
2258 524 2488 578 dicimus
2536 534 2795 579 :eternum
2842 523 3029 588 Deum,
3076 540 3178 580 non
3221 525 3403 595 utique
3432 529 3562 583 istas

344 628 507 678 rum;
553 613 606 668 i'd
648 613 922 679 videlicet,
968 629 1088 667 cum
1130 613 1237 682 jam
1291 630 1396 668 non
1447 615 1500 670 in
1549 616 1743 672 saeculo
1784 627 1909 671 sunt

341 702 544 766 omnia,
586 703 679 758 sed
711 703 763 757 in
796 702 1043 757 omnibus
1079 703 1235 760 Deus.
1269 722 1288 757 ι
1319 704 1485 774 Igitur
1514 720 1688 775 neque
1712 707 1767 759 in
1805 723 1907 761 sw-

340 791 546 857 culum,
582 806 757 862 neque
785 792 838 845 in
862 790 1057 845 sarcula
1080 792 1390 847 smculorum
1419 794 1648 864 spatium
1674 794 1909 851 intermi-

341 887 529 934 natum
583 880 888 950 signiﬁcare
921 879 1090 937 voluit
1112 880 1407 953 ;Origenes.
1462 883 1725 950 Quorsum
1778 898 1907 955 ergo

336 972 707 1027 'aitCarsarius
746 972 888 1026 Dial.
914 988 975 1027 tu
1021 974 1361 1030 existimasse
1394 975 1540 1031 illum
1585 977 1791 1032 ﬁnitum
1840 978 1905 1032 iri

340 1062 597 1131 supplicia
635 1063 1008 1117 damnatorum
1032 1102 1048 1129 ,
1085 1064 1149 1117 ὲκ
1183 1064 1277 1117 τοῦ
1308 1064 1520 1121 αἰώνιον
1557 1067 1713 1137 μόνον
1738 1070 1905 1140 φῆσαι

338 1156 431 1209 τὸν
481 1154 682 1227 Κύριον
734 1155 793 1209 τὸ
827 1155 1180 1226 κολαστήριον
1224 1156 1355 1231 πῦρ,
1412 1158 1504 1211 καὶ
1548 1159 1648 1213 οὐκ
1690 1158 1905 1216 αἰώνιον

339 1244 569 1300 αἰώνωνο
606 1246 799 1313 «Quod
850 1256 1110 1301 aeternum
1162 1254 1367 1302 tantum
1405 1249 1601 1305 dixerit
1648 1251 1904 1308 Dominus

338 1337 662 1407 piacularem
694 1338 896 1409 ignem,
926 1354 1030 1392 non
1065 1347 1328 1394 aeternum
1366 1340 1418 1395 in
1443 1343 1719 1397 sacula?»
1757 1344 1904 1399 Asti-

337 1428 549 1500 pulatur
578 1429 944 1498 superioribus
974 1428 1228 1484 Leontius
1251 1428 1567 1500 Byzantius,
1593 1433 1683 1502 qui
1715 1432 1903 1503 Orige-

336 1522 504 1577 ni‘stas
531 1521 709 1576 dicere
730 1521 825 1583 ait,
860 1522 940 1575 ὅτι
968 1522 1029 1575 τὸ
1057 1521 1151 1574 τοῦ
1177 1520 1387 1588 αἰῶνος
1413 1524 1581 1596 ὄνομα
1629 1525 1721 1579 ἐπὶ
1774 1526 1905 1599 ὡρι-

338 1612 535 1683 σμένου
568 1612 759 1685 χρόνον
798 1612 1157 1685 λαμϐάνεται,
1200 1614 1294 1668 καὶ
1331 1616 1458 1669 ὅταν
1487 1617 1615 1689 εἴπῃ
1647 1618 1681 1688 ή
1716 1618 1902 1691 Γραφὴ

332 1705 415 1757 ὅτι
452 1702 643 1757 αἰωνία
670 1702 815 1755 ἐστὶν
843 1704 876 1773 ὴ
913 1702 1151 1768 κόλασις,
1180 1702 1254 1772 οὒς
1286 1702 1431 1773 λέγει
1462 1705 1511 1757 εἰ
1542 1706 1616 1777 μὴ
1642 1707 1738 1759 earl!
1775 1708 1904 1779 ὠρι-

336 1795 761 1868 σμένουιχρόνου.
791 1813 810 1847 «
834 1795 1036 1849 Nomen
1061 1795 1254 1860 αἰῶνος
1272 1796 1335 1852 de
1355 1805 1595 1867 tempore
1620 1800 1903 1855 terminato

335 1862 598 1957 intelligi,
628 1898 683 1942 et
728 1903 849 1942 cum
895 1888 973 1941 ait
1022 1886 1306 1955 Scriptura
1340 1862 1564 1943 αἰωνίαν
1591 1904 1710 1945 esse
1741 1891 1899 1959 puni-
1934 1862 1977 1918 Β

338 1981 559 2043 tionem,
606 1979 815 2033 nonnisi
864 1978 1072 2034 ﬁnitum
1110 1990 1318 2048 tempus
1356 1980 1722 2051 signiﬁcare.)
1765 1982 1899 2037 Tum

336 2071 557 2134 fatetur,
590 2072 670 2124 ὅτι
702 2070 779 2142 τῷ
817 2071 929 2125 ὄντι
957 2071 1018 2124 τὸ
1061 2071 1153 2124 τοῦ
1194 2071 1407 2136 αἰῶνος
1432 2071 1601 2142 ὄνομα
1629 2072 1723 2126 καὶ
1755 2072 1903 2144 παρὰ

337 2164 448 2223 τοῖς
473 2160 594 2225 ἔξω,
631 2162 722 2215 καὶ
755 2161 902 2232 παρὰ
934 2164 998 2232 τῇ
1032 2162 1219 2233 Γραφῇ
1257 2161 1513 2225 πολλάκις
1547 2162 1639 2215 ἐπὶ
1663 2162 1901 2233 ὡρισμέο-

336 2267 430 2304 νου
464 2252 655 2323 χρόνου
687 2252 1037 2322 λαμϐάνεταιο
1078 2271 1095 2303 «
1126 2253 1333 2307 Revera
1359 2267 1551 2306 nomen
1608 2252 1819 2317 αἰῶνος,
1848 2261 1903 2309 et

335 2343 476 2410 apud
498 2343 751 2412 profanos
782 2352 1056 2407 auctores,
1098 2350 1151 2397 et
1194 2344 1247 2397 in
1296 2343 1578 2412 Scriptura
1617 2358 1757 2413 saepe
1805 2360 1901 2413 pro

336 2434 489 2487 ﬁnito
528 2443 764 2503 tempore
800 2437 960 2491 sumi.
986 2453 1005 2486 ι
1053 2434 1362 2503 Subjectam
1420 2448 1550 2488 vero
1591 2432 1899 2505 Origeniani

336 2523 495 2592 hujus
535 2524 805 2594 dogmatis
844 2525 1269 2581 confutationem
1317 2526 1385 2582 ab
1416 2526 1535 2581 aliis
1555 2525 1665 2596 jam
1700 2526 1900 2581 contri-

302 2624 305 2629 ‘
335 2624 444 2667 tam
471 2617 773 2684 usurpavit.

404 2706 668 2761 Primitivi
726 2708 808 2763 sui
867 2710 1199 2766 notationem
1255 2725 1602 2782 reprmsentat
1662 2714 1896 2779 αἰώνιος,

333 2813 445 2853 rem
481 2798 723 2854 indicans
750 2801 1072 2871 quandoque
1100 2802 1294 2856 infiniti
1325 2808 1616 2873 temporis;
1648 2808 1891 2875 quando-

332 2904 437 2960 que
480 2906 590 2945 rem
625 2894 758 2946 certi
795 2895 1052 2963 temporis
1098 2905 1155 2950 et
1208 2899 1504 2954 terminati.
1562 2878 1898 2972 Quapropter

332 2982 614 3037 saeculares
637 2982 789 3037 ludos
809 2987 1053 3041 centenis
1083 2986 1194 3042 fere
1223 2988 1525 3061 quibusque
1558 3004 1893 3048 recurrentes

332 3073 507 3138 annis,
542 3076 795 3138 αἰωνίους
819 3074 992 3131 Graeci
1026 3076 1235 3133 dixere.
1268 3078 1491 3153 Frustra
1517 3096 1644 3152 ergo
1686 3082 1740 3137 in
1778 3083 1897 3139 Ori-

328 3165 484 3235 genis
508 3167 736 3237 gratiam
761 3176 817 3221 et
856 3168 1073 3222 tutelam
1101 3185 1164 3224 ea
1198 3172 1536 3227 adducuntur
1564 3174 1894 3240 testimonia,
1926 3192 1971 3254 ρ

332 3258 385 3311 in
413 3258 609 3327 quibus
636 3257 903 3313 infernum
943 3260 1154 3329 ignem,
1204 3271 1466 3316 :eternum
1507 3262 1622 3318 fore
1667 3278 1902 3332 pronun-

332 3350 453 3415 tiat,
484 3350 567 3405 vel
597 3360 650 3403 ut
676 3349 859 3405 Graece
892 3353 1183 3419 scribebat,
1222 3353 1439 3407 αἰώνιον
1476 3356 1576 3409 hac
1608 3355 1748 3410 enim
1773 3369 1903 3409 voce

341 3440 582 3511 longum,
627 3442 719 3496 sed
770 3442 1059 3497 ﬁniendum
1090 3453 1300 3513 tempus
1342 3445 1627 3501 intellexit.
1681 3445 1900 3512 Qualem

334 3534 501 3603 igitur
530 3534 653 3588 huic
686 3535 945 3589 vocabulo
1003 3534 1293 3606 aﬁ‘mgebat
1328 3552 1569 3602 sensum,
1616 3537 1776 3592 talem
1826 3537 1899 3592 illi

335 3640 363 3678 a
396 3626 751 3695 scriptoribus
782 3629 954 3681 sacris
1000 3626 1167 3681 fuisse
1197 3628 1421 3681 inditum
1466 3628 1742 3683 censebat.
1792 3628 1901 3683 Me-

336 3717 670 3769 morandain
696 3718 747 3769 id
776 3727 1154 3785 argumentum
1196 3717 1412 3783 scripsit
1461 3716 1897 3791 Augttstinusju

333 3807 511 3861 libello
552 3819 733 3860 contra
780 3806 1217 3860 Priscilliauistas
1269 3817 1315 3860 et
1370 3806 1730 3877 Origenistas;
1779 3824 1899 3862 nam

332 3914 456 3953 cum
499 3900 563 3953 ad
594 3913 714 3951 eum
762 3898 1228 3950 Commonitorium
1282 3897 1591 3965 scripsisset
1655 3896 1899 3963 Orosius,

330 3991 473 4060 quod
509 3991 631 4045 huic
655 3990 937 4057 Augustini
966 3989 1221 4057 epusculo
1258 3989 1457 4058 praeligi
1486 3989 1652 4053 solet,
1697 3990 1749 4043 in
1794 4006 1901 4060 quo

326 4083 518 4152 jactari
550 4100 613 4137 ex
647 4081 895 4151 Origenis
934 4080 1087 4137 libris
1131 4080 1562 4149 conquerebatur
1607 4090 1897 4135 tartarenzu

332 4175 481 4229 illum
516 4175 715 4245 ignem,
748 4175 837 4243 qui
887 4181 1120 4227 aeternus
1155 4172 1496 4240 praedicatur,
1555 4172 1745 4241 «juxta
1785 4182 1899 4243 ety-

333 4266 618 4337 mologiam
647 4267 892 4321 Graecam
918 4280 1022 4319 non
1054 4278 1175 4317 esse
1213 4270 1553 4332 perpetuum,
1587 4264 1745 4317 etiam
1794 4262 1900 4316 La-

331 4361 446 4413 tino
483 4360 786 4413 testimonio
828 4357 1055 4425 adjecto,
1094 4354 1216 4424 quia
1259 4355 1455 4409 dictum
1499 4354 1591 4416 sit,
1640 4353 1705 4407 In
1749 4367 1899 4407 «eler-

333 4469 478 4515 nunt,
509 4460 562 4503 et
588 4450 652 4502 In
676 4449 923 4504 swcutum
952 4448 1166 4511 swculi;
1191 4465 1210 4497 ι
1259 4445 1545 4515 respondet
1569 4446 1897 4515 Augustinus

2008 616 2140 671 duas
2170 615 2516 671 brevissimas
2546 617 2803 689 syllabas,
2859 618 2951 671 sed
2983 620 3123 686 quod
3165 620 3245 674 eis
3290 620 3563 690 signiﬁca-

2008 716 2113 763 tur.
2145 726 2164 758 ι
2202 707 2366 774 Quasi
2390 723 2517 763 vero
2540 723 2661 764 cum
2691 710 2863 764 sancit
2885 710 3045 777 Deus,
3082 719 3144 765 ut
3164 711 3378 766 nonnisi
3408 712 3560 766 indu-

2004 807 2091 855 tus
2121 800 2275 856 lineis
2303 800 2644 856 feminalibus
2701 802 3101 856 tabernaculum
3138 803 3431 858 testimonii
3472 805 3558 858 in-

2004 889 2279 959 grediatur
2306 890 2526 957 Aaron;
2561 890 2834 959 additque,
2872 909 2890 942 «
2915 890 3237 961 Legitimum
3277 893 3561 961 sempiter-

2003 995 2130 1034 num
2154 980 2260 1036 erit
2294 983 2471 1037 Aaron
2495 1020 2512 1047 ,
2556 992 2610 1037 et
2650 982 2840 1037 semini
2873 982 2987 1052 ejus
3022 991 3142 1050 post
3181 998 3303 1038 eum
3336 982 3401 1047 ⁶¹,
3438 1002 3456 1036 ι
3503 984 3557 1039 id

2003 1086 2110 1126 non
2134 1072 2201 1127 ad
2232 1075 2540 1128 mandatum
2574 1073 2817 1143 proxime
2842 1073 3163 1140 institutum,
3198 1076 3291 1130 sed
3321 1076 3386 1131 ad
3441 1093 3557 1148 my-

2006 1161 2228 1217 sterium
2276 1163 2530 1218 mandato
2559 1163 2671 1219 hoc‘
2696 1164 3046 1234 signiﬁcatum
3083 1166 3367 1236 pertineat.
3393 1167 3557 1234 Quasi

2012 1253 2131 1318 has,
2165 1268 2282 1323 quae
2306 1253 2547 1321 proxime
2576 1254 2791 1324 scriptae
2819 1266 2966 1320 sunt,
3009 1257 3241 1328 syllabas
3273 1258 3558 1327 legitimum

2000 1345 2364 1412 sempiternum
2385 1358 2504 1399 esse
2526 1345 2685 1412 velit;
2717 1361 2819 1400 non
2852 1359 3174 1417 pra-ceptum
3202 1348 3428 1420 syllabis
3451 1350 3557 1405 illis

2002 1433 2325 1501 institutum,
2353 1434 2529 1503 quoad
2556 1434 2811 1499 litteram,
2860 1452 2964 1490 non
2996 1438 3170 1506 quoad
3201 1440 3553 1511 anagogicum

2003 1539 2239 1581 sensum.
2272 1526 2407 1593 Quid
2434 1537 2519 1581 est
2556 1536 2734 1582 autem
2759 1527 2991 1583 litteram
3039 1531 3351 1597 destruere,
3385 1532 3429 1586 si
3458 1532 3557 1586 hoc

2003 1630 2109 1669 non
2145 1617 2272 1671 esti
2313 1616 2428 1672 Non
2459 1618 2634 1673 minus
2664 1621 2871 1676 validus
2896 1629 2981 1675 est
3027 1634 3255 1690 sequens
3296 1621 3447 1677 locus
3490 1637 3557 1676 ex

2004 1705 2177 1775 Epist.
2236 1708 2299 1762 ad
2347 1707 2452 1761 Tit.
2483 1725 2520 1774 ι,
2552 1710 2586 1761 2
2621 1732 2632 1766 ;
2664 1728 2683 1761 «
2710 1708 2866 1779 Spem
2928 1710 3048 1764 vita.-
3089 1722 3334 1778 aeternis,
3394 1726 3557 1781 quam

2003 1798 2248 1864 promisit
2278 1814 2379 1853 non
2409 1800 2635 1853 mendax
2677 1800 2814 1854 Deus
2851 1812 2974 1856 ante
3000 1810 3237 1869 tempora
3259 1812 3458 1855 aeterna
3488 1820 3501 1856 :
3532 1820 3549 1851 ι

2004 1886 2188 1943 Graece
2230 1889 2335 1960 πρὸ
2366 1889 2569 1960 χρόνων
2604 1890 2852 1945 αἰωνίων.
2892 1911 2910 1943 «
2940 1891 3071 1947 Cum
3106 1902 3307 1953 autem,
3362 1892 3554 1960 inquit,

2004 1989 2297 2035 retrorsum
2330 1991 2566 2050 tempora
2619 1997 2647 2035 a
2704 1983 3081 2037 constitutione
3133 1984 3315 2037 mundi
3359 1983 3559 2039 habere

2003 2071 2282 2126 videantur
2322 2071 2553 2134 initium,
2596 2073 2862 2140 quomodo
2894 2082 3016 2127 sunt
3050 2083 3270 2137 aeterna,
3303 2073 3404 2129 nisi
3433 2074 3556 2143 quia

2001 2174 2199 2217 attenta
2226 2163 2381 2226 dixit,
2411 2178 2528 2231 qua:
2573 2173 2697 2217 ante
2742 2177 2801 2217 se
2842 2180 2944 2219 non
2988 2164 3187 2219 habent
3219 2165 3383 2218 ullum
3418 2172 3556 2219 tem-

2002 2253 2181 2321 pus?»
2242 2253 2401 2322 Atqui
2460 2252 2662 2306 nullum
2725 2253 2850 2309 licet
2905 2265 3112 2323 tempus
3171 2265 3409 2322 tempora
3467 2254 3557 2307 illa

2001 2344 2359 2412 praecesserit,
2416 2345 2484 2397 ab
2528 2346 2680 2400 initio
2721 2355 2901 2400 tamen
2946 2345 3128 2413 aliquo
3158 2344 3426 2414 proﬂuere
3470 2344 3555 2398 illa

2000 2434 2291 2502 aliquando
2323 2444 2642 2504 eruperunt;
2678 2451 2739 2490 ac
2774 2437 2999 2504 proinde
3028 2440 3095 2491 ab
3113 2437 3372 2491 anteriori
3406 2445 3560 2504 parte

2004 2522 2158 2578 ﬁnita
2185 2536 2333 2579 sunt.
2366 2526 2580 2580 lnﬁrnta
2613 2538 2692 2581 est
2722 2528 2883 2598 igitur
2916 2537 3142 2597 utraque
3188 2528 3383 2584 solutio
3422 2528 3557 2591 base,

1999 2624 2054 2668 et
2082 2616 2151 2669 ita
2183 2630 2316 2670 sane
2347 2619 2414 2671 ab
2436 2619 2731 2687 Augustino
2762 2622 3033 2689 proposita
3053 2660 3067 2682 ,
3111 2628 3168 2674 ut
3195 2636 3303 2675 non
3334 2620 3556 2674 multum

2000 2707 2050 2760 ei
2082 2706 2297 2761 innixus
2328 2708 2421 2764 sit.
2464 2709 2629 2763 Addit
2658 2709 2873 2773 deinde,
2932 2710 2984 2763 in
3038 2711 3131 2766 illo
3178 2712 3367 2765 Matth.
3428 2727 3555 2774 xxv,

1997 2798 2067 2853 46
2100 2816 2113 2852 :
2148 2798 2345 2854 «lbunt
2396 2798 2471 2853 illi
2533 2801 2584 2854 in
2643 2800 3037 2856 ambustionem
3094 2811 3383 2867 aeternam,
3426 2802 3563 2872 justi

1998 2900 2174 2947 autem
2202 2891 2256 2946 in
2298 2892 2461 2946 vitam
2497 2902 2752 2947 arternam
2773 2933 2789 2958 ,
2820 2912 2839 2945 ι
2878 2908 3061 2962 parem
3098 2908 3218 2949 esse
3250 2895 3399 2949 vocis
3426 2893 3564 2948 αἰώ-.

2000 3003 2109 3049 νιος
2150 2986 2433 3056 utrobique
2478 2987 2832 3051 notationem,
2880 2987 2995 3041 sive
3051 3001 3173 3041 cum
3224 2986 3344 3041 vitae
3383 2986 3551 3056 justis

2000 3077 2295 3147 promissa,
2318 3078 2431 3133 sive
2456 3093 2575 3131 cum
2604 3078 2708 3146 igni
2736 3076 3186 3133 malis'inferendo
3213 3076 3521 3148 adjungitur
3539 3095 3567 3145 ς,

2001 3185 2064 3223 ac
2095 3169 2321 3237 proinde
2350 3169 2501 3239 ignes
2532 3168 2634 3223 ﬁne
2656 3169 2924 3224 carituros
2952 3168 3269 3236 signiﬁcari,
3303 3168 3557 3238 quoniam

2002 3260 2165 3311 vitam
2209 3258 2352 3311 illam
2398 3258 2502 3313 ﬁne
2547 3258 2838 3313 carituram
2892 3273 2957 3313 ex
3002 3272 3156 3326 mque
3196 3259 3335 3328 apud
3371 3272 3563 3313 omnes.

2000 3358 2257 3415 constat;
2288 3350 2429 3417 quod
2459 3348 2596 3403 idem
2628 3349 2823 3419 legitur
2850 3363 3063 3418 quoque
3084 3347 3175 3401 lib.
3198 3363 3289 3401 nt
3318 3346 3391 3400 De
3417 3348 3558 3401 civit.

2002 3439 2132 3505 Dei,
2173 3455 2293 3508 cap.
2336 3440 2429 3494 23.
2468 3440 2538 3494 At
2583 3440 2635 3494 id
2684 3454 2869 3507 parum
2912 3440 3130 3493 omnino
3181 3438 3319 3491 valet
3372 3445 3568 3492 contra

1994 3531 2308 3601 'Origenem,
2339 3532 2427 3601 qui
2458 3540 2563 3585 tam
2598 3531 2873 3585 beatorum
2902 3530 3144 3585 felicitati
3176 3544 3339 3598 quam
3369 3529 3562 3598 impio-
3594 3536 3599 3539 '

2004 3639 2120 3676 rum
2142 3624 2467 3677 cruciatibus
2497 3624 2781 3677 terminum
2818 3622 3219 3693 prtescribebat.

2070 3714 2385 3783 Complures
2410 3716 2651 3771 vocabuli
2679 3714 2821 3770 αἰών
2856 3716 3102 3770 notiones
3139 3713 3391 3783 proponit
3434 3711 3563 3783 Ely:

2000 3804 2257 3874 mologus,
2290 3806 2446 3860 modo
2476 3805 2662 3871 vitam,
2688 3808 2846 3861 modo
2876 3806 2997 3860 vita:
3017 3814 3226 3872 tempus
3256 3805 3565 3873 signiﬁcan-

2002 3897 2100 3959 tis;
2138 3905 2248 3950 tum
2280 3895 2394 3952 haec
2427 3899 2586 3953 habet
2617 3917 2632 3953 :
2663 3896 2803 3951 Λίὼν
2842 3898 2933 3950 καὶ
2990 3898 3018 3949 ὁ
3063 3897 3170 3951 τῶν
3204 3896 3385 3967 χιλίων
3428 3895 3571 3951 ἐτῶν.

2000 3984 2259 4056 ἀριθμός·
2298 3996 2351 4041 et
2385 3987 2542 4056 paulo
2585 4000 2743 4056 post:
2776 3986 2917 4040 Αἰὼν
2955 3987 3167 4056 λέγεται
3219 3989 3311 4041 καὶ
3347 3987 3394 4040 οἱ
3427 3986 3566 4039 ἑπτὰ

2000 4078 2189 4141 αἰῶνες
2211 4078 2316 4132 ἀπὸ
2348 4080 2444 4150 τῆς
2484 4080 2576 4133 τοῦ
2620 4080 2844 4152 οὐρανοῦ
2884 4082 2979 4134 καὶ
3014 4082 3113 4152 γῆς
3154 4079 3377 4143 κτίσεως
3406 4081 3566 4151 μέχρι

2000 4170 2097 4240 τῆς
2124 4170 2306 4241 κοινῆς
2328 4170 2434 4223 τῶν
2459 4170 2756 4241 ἀνθρώπων
2796 4171 3161 4235 ἀναστάσεως.
3196 4171 3383 4226 Priore
3409 4174 3569 4227 modo

1999 4275 2128 4313 usus
2148 4267 2231 4313 est
2272 4276 2403 4314 voce
2434 4260 2568 4316 αἰὼν
2600 4262 2892 4329 Origenes,
2939 4277 3059 4316 cum
3108 4262 3244 4315 dixit
3286 4261 3571 4315 damnatos

1999 4354 2296 4407 cruciatum
2325 4353 2387 4406 iri
2430 4354 2496 4407 ad
2534 4355 2677 4409 mille
2716 4369 2906 4415 annos,
2952 4354 2997 4408 si
3030 4354 3188 4407 modo
3234 4367 3419 4406 revera
3449 4363 3577 4422 post.

2000 4443 2145 4498 mille
2174 4460 2437 4499 annorum
2470 4446 2754 4500 decursum
2780 4448 2832 4500 in
2860 4447 3125 4514 integrqu
3160 4445 3466 4498 restitutqu
3495 4443 3564 4498 iri

332 4561 450 4612 cap.
486 4545 518 4597 ti
543 4553 596 4597 et
624 4543 679 4607 7,
721 4540 990 4611 geminum
1024 4553 1148 4592 esse
1186 4538 1514 4592 intellectum
1555 4538 1702 4593 vocis
1742 4536 1898 4605 αἰὼν,
1929 4532 1976 4591 D
2004 4537 2284 4591 «lamnatos
2332 4537 2581 4604 opinatus
2630 4546 2733 4602 est,
2788 4546 2845 4589 ut
2900 4550 3061 4602 supra
3114 4534 3386 4604 obiectum
3436 4534 3486 4589 ei
3534 4549 3569 4589 α

334 4629 623 4698 aliquando
657 4628 909 4683 saeculum
938 4666 954 4689 ,
989 4626 1279 4694 aliquando
1323 4627 1674 4681 aeternitatem
1711 4636 1900 4681 notan-

335 4721 433 4787 tis;
462 4729 516 4775 at
543 4734 727 4774 vocem
757 4717 973 4780 αἰώνιος
1006 4719 1165 4771 rebus
1208 4717 1314 4771 ﬁne
1361 4717 1670 4771 carentibus
1701 4716 1901 4787 imponi

332 4812 528 4868 solere.
557 4811 708 4877 Quod
746 4812 817 4864 ita
853 4822 1029 4864 tamen
1062 4824 1167 4863 non
1202 4822 1321 4862 esse
1362 4819 1415 4862 et
1448 4824 1546 4863 nos
1587 4824 1745 4878 supra
1774 4825 1899 4878 pro-

333 4908 601 4971 bavimus,
643 4914 695 4958 et
726 4904 880 4958 facile
917 4907 1176 4971 probatur
1224 4918 1291 4956 ex
1341 4902 1548 4956 duobus
1608 4902 1902 4971 Scriptura:

336 4999 493 5062 locis,
528 5012 661 5064 quos
708 4996 807 5050 sibi
844 4995 1410 5063 objicitAugustinus,
1459 5003 1514 5048 et
1559 4992 1757 5047 frustra
1784 5034 1799 5060 ,
1854 4992 1900 5047 si

334 5088 462 5156 quid
516 5088 690 5149 video,
744 5084 953 5139 solvere
1005 5086 1218 5154 satagit.
1282 5084 1436 5138 Prior
1497 5084 1791 5151 saepissime
1845 5083 1897 5137 in

336 5178 704 5234 Pentateuclio
739 5176 1018 5239 occurrit,
1059 5192 1180 5231 cum
1224 5174 1560 5230 czereruouiis
1603 5184 1659 5227 et
1708 5174 1899 5230 ritibus

332 5271 470 5342 legis
512 5269 747 5337 antiquae
791 5267 1074 5331 institutis,
1116 5267 1247 5321 dicit
1298 5266 1435 5318 Deus
1475 5281 1489 5317 :
1531 5283 1550 5316 «
1584 5267 1694 5321 Hoc
1747 5268 1897 5322 vobis

332 5364 439 5418 erit
469 5362 767 5431 legitimum
792 5358 1136 5413 aeternum”.
1170 5378 1187 5409 ›
1224 5388 1293 5396 —
1326 5356 1691 5426 «Quanquam,
1724 5359 1897 5429 inquit

331 5455 687 5523 Augustinus,
749 5452 794 5507 si
840 5452 1152 5519 diligentius
1202 5451 1340 5505 dicta
1384 5450 1771 5519 intelligantur,
1831 5468 1895 5508 ea

331 5546 577 5603 fortassis
649 5559 769 5613 quae
842 5544 947 5598 illis
1015 5543 1371 5596 sacramentis
1432 5541 1897 5611 signiﬁcabantur,

336 5640 499 5695 ﬁnem
533 5654 638 5693 non
688 5646 845 5693 erant
875 5638 1146 5692 habitura.
1205 5635 1281 5689 lta
1330 5635 1507 5701 enim,
1569 5651 1637 5691 ne
1688 5636 1896 5708 longius

406 5814 451 5848 '°
481 5812 651 5873 Levii.
687 5831 794 5883 va,
830 5814 919 5883 ‘29,
960 5813 1046 5869 5i.
1126 5813 1168 5843 ‘”
1214 5813 1377 5869 Exod.
1412 5828 1601 5881 xxvm,
1630 5812 1717 5867 45.

2002 4625 2206 4681 Joanne
2263 4626 2599 4682 Damasceno
2660 4628 3061 4683 narrabamus:
3105 4628 3402 4696 posteriore
3457 4624 3567 4679 fur-

2001 4728 2166 4783 tasse,
2191 4734 2311 4773 cum
2344 4719 2557 4773 eosdem
2586 4727 2782 4773 tortum
2827 4719 2893 4773 iri
2924 4718 3201 4773 ceul'essus
3228 4728 3309 4772 est
3329 4719 3407 4781 εἰς
3442 4717 3567 4780 τοὺς

2003 4810 2205 4873 αἰῶνας
2225 4808 2333 4862 τῶν
2359 4809 2591 4867 αἰώνων.
2615 4808 2880 4865 (laterum
2912 4827 3018 4864 non
3047 4819 3127 4864 est
3155 4820 3347 4878 praeter
3376 4808 3564 4877 Orige-

2001 4898 2086 4953 nis
2111 4899 2417 4968 opinionem
2460 4898 2564 4951 alia
2599 4899 2713 4952 lnec
2743 4899 2986 4954 vocabuli
3038 4898 3169 4952 αἰὼν
3215 4898 3562 4967 signiﬁcatio,

2008 5003 2169 5057 quam
2202 4998 2351 5043 notat
2379 4989 2574 5044 ibidem
2609 4989 2952 5061 Etymologus
2992 5007 3009 5043 :
3064 4990 3205 5044 Αἰὼν
3238 4991 3329 5043 καὶ
3354 4989 3564 5051 satam;

2009 5082 2102 5134 καὶ
2139 5082 2168 5133 ὁ
2190 5080 2568 5149 ἁτελεύτητοςο
2596 5099 2718 5136 nam
2754 5092 2885 5140 tom.
2926 5100 3093 5137 xxvm
3129 5086 3182 5136 in
3205 5082 3387 5146 Joan.,
3417 5099 3561 5136 num.

2007 5174 2061 5237 7,
2116 5175 2195 5238 εἰς
2243 5174 2433 5240 αἰῶνα,
2484 5175 2565 5229 vel
2610 5178 2688 5239 εἰς
2734 5175 2936 5239 αἰῶνας
3000 5175 3219 5245 intelligi
3288 5174 3398 5227 vult
3441 5172 3563 5229 Ori-

2005 5281 2189 5337 genes,
2241 5282 2337 5335 pro
2383 5282 2448 5323 eo
2496 5268 2635 5336 quod
2697 5278 2779 5322 est
2817 5267 2921 5320 ἀεί.
2972 5266 3146 5320 Verba
3207 5267 3323 5321 hmo
3383 5276 3562 5323 sunt:

2006 5359 2267 5429 Ζητήσεις
2293 5360 2348 5412 δὲ
2369 5360 2496 5430 περὶ
2525 5359 2618 5411 τοῦ
2654 5358 2727 5429 μὴ
2760 5358 3101 5428 ἐνδεδυμένον
3142 5356 3340 5428 ἔνδυμα
3365 5357 3563 5429 γάμου,

2006 5453 2132 5524 περὶ
2163 5448 2223 5506 οὗ
2250 5454 2461 5524 εἴρηται
2483 5469 2496 5483 ο
2532 5454 2801 5525 Δήσαντες
2827 5449 2987 5503 αὑτὸν
3026 5450 3199 5505 ποδῶν
3230 5452 3323 5505 καὶ
3347 5452 3564 5521 χειρῶν,

2006 5544 2295 5599 ἐκϐάλλετε
2328 5545 2487 5599 αὑτὸν
2525 5547 2603 5609 εἰς
2641 5545 2700 5597 τὸ
2731 5546 2915 5608 σκότος
2941 5543 3002 5597 τὸ
3028 5543 3309 5613 ἐξώτερον,
3343 5543 3567 5613 πότερον

2008 5636 2056 5688 εἰ
2088 5635 2175 5690 ἀεὶ
2200 5635 2348 5707 μένει
2371 5634 2670 5707 δεδεμένος,
2707 5634 2799 5690 καὶ
2839 5635 2895 5690 ὲν
2943 5632 3020 5706 τῷ
3067 5632 3313 5705 ὲξωτέρῳ
3347 5633 3564 5706 σκότῳτ
