4068 6308
472 275 608 353 16ῖῖ

1737 296 1796 352 Ρ.
1841 295 2157 352 DANIELIS
2192 294 2424 354 IIUETII

3571 292 3724 350 1048

470 411 538 463 οὗ
562 409 668 480 γὰρ
681 408 1009 499 ⁸πρόσκειται
1042 409 1132 499 το·
1156 411 1259 475 Εἰς
1446 411 1628 466 αἰῶνα
1652 452 1668 478 ,
1705 413 1737 482 ἢ
1768 414 1871 480 Εἰς
1904 413 2038 478 τοὺς

2160 421 2256 467 Late
2289 422 2449 482 atque
2489 409 2775 466 concordia
2797 450 2812 476 ,
2856 408 2909 464 in
2938 423 3045 480 qua
3093 423 3123 463 a
3162 407 3271 464 Deo
3299 407 3557 480 primitus
3589 421 3731 476 pro-

470 496 710 564 aidwac,
742 499 774 567 ἥ
806 497 1094 568 λυθήσεταί
1129 514 1280 552 ποτε.
1311 496 1420 553 Nec
1459 497 1615 554 aliter
1637 499 2038 570 intelligendum

472 599 601 661 puto
654 591 992 653 vocabulum,
1038 586 1273 657 αἰώνιος,
1327 591 1419 646 lib.
1477 607 1552 646 vu
1621 601 1790 648 contr.
1852 593 2042 650 Cels.:

484 682 623 736 Ἀλλ’
665 681 774 734 οὐδ’
824 680 1101 735 ἀκίνδυνον
1139 679 1236 751 τὴν
1284 679 1394 733 τῶν
1441 682 1694 738 τοιούτων
1745 685 2041 756 σαφήνειαν

473 775 756 830 πιστεῦσαι
809 773 993 844 Γραφῇ
1014 788 1028 806 ο
1060 773 1155 825 (ire
1188 773 1294 827 τῶν
1360 773 1569 828 πολλῶν
1623 776 1681 829 οὐ
1737 775 2044 850 χρῃζόντων

473 867 714 929 πλείονος
755 864 1100 928 διδασκαλίας
1136 865 1284 938 παρὰ
1331 866 1430 936 τὴν
1469 867 1597 938 περὶ
1639 868 1735 938 τῆς
1767 867 1908 922 κατὰ
1938 868 2045 922 τῶν

473 958 888 1029 ἁμαρτανόντων
941 956 1248 1020 κολάσεως·
1281 959 1361 1020 εἰς
1410 957 1517 1031 γὰρ
1560 959 1626 1012 τὰ
1684 960 1823 1031 ὑπὲρ
1866 961 2044 1015 ἐκεῖνα

471 1051 640 1121 αὐτῆς
666 1049 726 1102 οὐ
753 1050 1022 1121 χρήσιμον
1062 1048 1372 1103 ἀναϐαίνειν
1399 1050 1488 1104 διὰ
1523 1051 1647 1114 τοὺς
1690 1052 1848 1122 μόγις
1897 1050 2046 1123 φόϐῳ

470 1144 570 1214 τῆς
607 1143 822 1196 αἰωνίου
863 1141 1134 1204 κολάσεως
1173 1143 1277 1196 κᾶν
1330 1143 1710 1207 συστέλλοντας
1747 1142 1839 1195 ἐπὶ
1884 1143 2048 1197 ποσὸν

473 1236 574 1307 τῆς
636 1237 854 1302 κακίας,
913 1236 1006 1293 καὶ
1053 1235 1162 1290 τῶν
1208 1236 1301 1289 ἀπ’
1365 1236 1534 1306 αὐτῆς
1587 1237 2047 1307 ἁμαρτανομένων

473 1344 650 1401 χυσιν.

1012 1504 1343 1574 ρυλεδτιο
1401 1503 1515 1559 XII.

591 1610 661 1654 OB
698 1613 901 1661 κωωο,
941 1613 1201 1654 νιιιιυιεο
1241 1611 1566 1663 τειιιιεετιιι,
1609 1613 1678 1652 ΕΤ
1721 1611 1924 1652 ᾹΒΑΗΟ.

459 1692 520 1749 I.
564 1692 680 1747 Duo
704 1692 768 1745 de
791 1691 986 1745 mundo
1015 1691 1186 1759 quazri
1211 1702 1422 1759 possunt
1447 1705 1466 1741 :
1494 1688 1556 1744 II.
1587 1688 1846 1753 Primum,
1872 1697 2050 1742 utrum

545 1774 592 1817 θ’
619 1778 956 1849 ,9²⁸⁰,⁸⁸²²⁶“,
987 1762 1194 1849 diui“.
1234 1759 1484 1849 ori-‘18,?“
1539 1761 1792 1849 "mme
1839 1768 2051 1849 HLO?!”
2078 1776 2122 1834 B
2154 1799 2258 1843 tem
2288 1759 2407 1842 eum
2443 1785 2589 1840 nulla
2611 1759 2696 1839 Vsit
2719 1759 3031 1849 diversitas,

547 1826 832 1886 rationales
868 1841 1084 1884 naturas
1116 1830 1278 1898 fuisse
1306 1826 1345 1882 at
1371 1828 1480 1882 Deo
1520 1829 1819 1891 conditum;
1854 1826 1944 1882 III.
1966 1829 2042 1883 ita

545 1913 604 1956 ut
662 1902 990 1955 existimasse
1027 1916 1144 1953 eum
1197 1899 1384 1952 Patres
1443 1899 1609 1966 aliqui
1652 1899 2040 1967 testificantur:

546 1971 637 2026 IV.
697 1971 954 2032 alterum,
1000 1980 1176 2022 utrum
1213 1968 1388 2038 plures
1434 1969 1513 2022 vel
1552 1968 1734 2037 fuisse,
1763 1968 1860 2030 {vel
1894 1984 2040 2032 esse,

546 2042 625 2096 uel
654 2044 766 2106 fore
803 2041 1024 2094 mundos
1063 2039 1468 2102 existimaverit;
1512 2038 1575 2093 V.
1607 2039 2046 2106 quemadmodum

545 2113 647 2179 ipsi
663 2130 694 2165 α
719 2111 969 2189 Patribus
991 2110 1299 2178 quibusdam
1318 2110 1588 2189 _objectum
1621 2121 1694 2162 est
1707 2106 1839 2189 E'Xl.
1859 2125 2045 2189 'qua‘n-

549 2177 707 2250 quam
740 2181 852 2250 ejus
881 2177 1095 2234 causam
1130 2177 1679 2247 nonnulia'adjuvant.
1707 2177 1816 2232 VII.
1850 2177 2047 2243 Explo-

549 2261 697 2306 ralur
719 2251 958 2316 Origenis
991 2250 1242 2303 sententia
1265 2253 1329 2303 de
1361 2251 1647 2302 consitione
1682 2250 1919 2316 paradisi
1942 2259 2048 2300 ter-

550 2323 752 2385 restris,
799 2320 926 2374 VIII.
984 2330 1030 2373 et
1079 2319 1142 2373 de
1181 2321 1396 2373 scorteis
1449 2320 1664 2383 tunicis,
1701 2319 1888 2384 quibus
1933 2327 2046 2384 post

544 2403 817 2461 peccatum
844 2390 1076 2443 Adamus
1103 2391 1316 2444 indutus
1337 2401 1432 2442 est.
1457 2387 1546 2444 IX.
1578 2388 1847 2461 Qunzritur
1873 2399 2049 2461 utrum

549 2456 744 2516 dixerit
781 2461 1042 2513 Adamum
1073 2476 1166 2528 per
1204 2459 1907 2528 peccatumisimititudinem
1953 2456 2050 2510 Dei

549 2533 789 2586 amisisse
812 2546 832 2583 :
858 2529 926 2583 Χ.
947 2539 996 2584 et
1026 2527 1449 2583 utruntlwmines
1473 2527 1857 2582 Prwadamitas
1892 2529 2052 2582 exsti-

553 2605 677 2656 tisse
705 2601 807 2655 sibi
842 2601 1075 2668 ﬁnxerit.

551 2693 592 2748 1.
622 2693 780 2748 Circa
817 2692 1171 2761 quaestionem
1211 2691 1276 2744 de
1318 2691 1518 2744 mundo
1557 2689 1750 2760 duplex
1776 2688 2054 2744 excutien-

483 2775 607 2843 dum
635 2785 780 2840 venit
807 2785 1136 2852 paradoxum
1171 2781 1388 2850 Origeui
1417 2781 1710 2849 ascriptum
1751 2799 1764 2836 :
1796 2782 2052 2850 primum,

480 2886 661 2930 utrum
692 2889 745 2932 et
793 2890 900 2944 quo
933 2890 1091 2929 sensu
1135 2875 1332 2929 dixerit
1383 2873 1640 2927 mundum
1674 2883 1900 2943 propter
1930 2875 2053 2926 aui-

483 2982 603 3022 mas
645 2967 940 3022 rationales
984 2982 1014 3024 a
1065 2967 1173 3022 Deo
1223 2964 1395 3020 fuisse
1433 2964 1709 3019 conditum
1753 2982 1767 3019 :
1802 2964 2052 3030 alterum,

484 3075 552 3116 an
579 3059 794 3113 unicum
812 3062 1074 3114 duntaxat
1116 3063 1375 3112 mundum
1422 3070 1639 3111 creasse
1668 3055 1932 3120 antehac,
1974 3059 2056 3112 vel

484 3151 709 3221 posthac
759 3160 1066 3206 creaturam
1118 3164 1239 3204 esse
1290 3149 1703 3204 asseveraverit.
1762 3148 1892 3216 Quae
1953 3128 2129 3203 duoC

486 3243 774 3314 quzerenda
828 3243 931 3298 sibi
974 3241 1224 3312 proponit
1274 3239 1534 3312 Origenes
1585 3243 1640 3296 in
1686 3241 1846 3297 tertio
1886 3243 2062 3309 capite

486 3336 608 3390 libri
659 3352 696 3391 ιι
743 3336 883 3404 Περὶ
920 3333 1140 3405 ἀρχᾶξν,
1181 3333 1718 3404 ιιυοιινίιιεοιοίιιίιιιτ,
1787 3331 1864 3388 De
1912 3334 2060 3387 initio

486 3429 668 3482 mundi
689 3439 735 3480 et
767 3428 941 3483 causis
969 3428 1102 3496 ejus.

557 3518 621 3574 ll.
652 3518 892 3573 Primum
951 3519 1094 3588 quod
1149 3518 1375 3584 attinet,
1415 3530 1574 3571 nemo
1627 3531 1734 3569 non
1795 3516 1939 3569 videt
1996 3530 2060 3569 ex

487 3613 829 3668 antecedenti
863 3611 1030 3682 ipsius
1061 3611 1309 3681 doctrina
1344 3618 1526 3679 aptum
1569 3608 1622 3662 id
1667 3622 1808 3674 esse,
1844 3620 2064 3661 natura-

490 3723 605 3762 rum
635 3706 846 3760 illarum
887 3705 1059 3774 gratia
1089 3742 1104 3769 ,
1135 3719 1256 3773 quae
1290 3711 1416 3758 sunt.
1466 3700 1693 3756 rationis
1750 3701 2060 3770 participes,

488 3797 744 3852 mundum
780 3813 809 3850 a
842 3797 955 3851 Deo
985 3799 1148 3852 fuisse
1185 3806 1554 3866 procreatum.
1601 3793 1732 3848 Cum
1764 3793 1909 3848 enim
1945 3793 2063 3845 ani-

491 3904 607 3947 mas
645 3904 972 3960 quocunque
1013 3897 1156 3943 statu
1203 3887 1477 3942 collocatae
1539 3887 1667 3952 sint,
1725 3885 1931 3940 arbitrii
1985 3883 2064 3937 sui

492 3981 743 4035 libertate
794 3983 860 4034 ad
919 3980 1252 4050 peccandum
1311 3978 1418 4049 velg
1445 3989 1597 4035 recte
1660 3978 1928 4049 agendum
1989 3976 2064 4029 uti

490 4073 743 4138 voluerit,
802 4081 856 4127 et
913 4087 1009 4145 pro
1055 4071 1296 4139 peccatis
1345 4071 1487 4124 hanc
1543 4073 1609 4126 iis
1659 4071 1956 4140 irrogatum
1998 4069 2063 4124 iri

492 4179 733 4234 pinnam,
774 4172 834 4217 ut
864 4163 917 4216 in
944 4164 1192 4233 graviora
1225 4175 1288 4215 ac
1319 4161 1585 4216 crassiora
1612 4176 1838 4229 corpora
1875 4177 2067 4214 amau-

493 4259 709 4324 denlur,
746 4271 863 4309 eam
901 4256 970 4310 ob
1009 4270 1120 4308 rem
1154 4254 1334 4310 dicere
1360 4253 1546 4307 debuit
1591 4253 1778 4323 gravia
1816 4251 1902 4306 illa
1949 4267 2070 4306 cor-

495 4364 624 4417 pora
678 4348 899 4403 formari
945 4363 974 4400 a
1021 4345 1151 4411 Deo,
1199 4345 1655 4416 quemadmodum
1684 4345 1959 4416 ergastula
2002 4345 2069 4400 ad

495 4443 806 4497 retinendos
854 4456 973 4496 reos
1012 4450 1422 4496 construuntur.
1467 4438 1697 4510 Copiosa
1734 4438 1802 4494 ad
1846 4437 1900 4493 id
1945 4453 2069 4508 pro-

495 4532 730 4585 bandum
764 4531 1013 4600 Origenis
1066 4530 1299 4586 habetur
1343 4530 1653 4587 dissertatio
1689 4530 1782 4586 lib.
1843 4546 1880 4584 ιι
1928 4531 2069 4600 Περὶ

495 4622 715 4694 ἀρχῶν,
759 4639 878 4693 cap.
922 4626 944 4682 i
981 4643 995 4680 :
1031 4645 1049 4676 ι
1073 4625 1204 4681 Cum
1242 4639 1394 4695 ergo,
1437 4625 1616 4695 inquit
1645 4638 1794 4678 num.
1824 4623 1883 4690 1,
1921 4632 2071 4678 tanta

496 4723 567 4774 sit
611 4719 793 4773 mundi
827 4720 1099 4786 varietas,
1150 4731 1314 4790 atque
1356 4720 1410 4774 in
1473 4718 1605 4788 ipsis
1659 4717 2102 4772 rationabilibus'

497 4809 865 4868 animantibus
927 4809 997 4862 sit
1049 4816 1196 4862 tanta
1254 4808 1564 4871 diversitas,
1636 4815 1858 4875 propter
1907 4819 2070 4875 quam

498 4905 661 4960 etiam
694 4903 872 4960 omnis
895 4901 1095 4972 reliqua
1134 4901 1370 4956 varietas
1407 4915 1470 4954 ac
1507 4898 1799 4953 diversitas
1839 4896 2074 4967 putanda

499 5002 582 5050 est
601 4995 911 5059 exstitisse;
952 5007 1112 5062 quam
1147 5005 1370 5046 causam
1416 4990 1578 5045 aliam
1627 4989 1732 5044 dici
1780 4987 2074 5060 oportebit,

499 5103 605 5157 qua
659 5089 892 5144 mundus
958 5087 1284 5153 exstiterit,
1334 5088 1600 5155 prmcipue
1659 5085 1705 5139 si
1767 5084 2075 5138 intueamur

502 5178 654 5232 illum
695 5179 857 5234 Iinem
889 5193 983 5248 per
1016 5194 1176 5250 quem
1206 5175 1388 5232 omnia
1419 5175 1755 5230 restituenda
1784 5175 1837 5228 in
1873 5182 2071 5229 statum

503 5268 644 5332 initii
674 5271 756 5325 sui
783 5271 922 5327 libro
947 5270 1208 5342 superiori
1238 5269 1528 5326 dissertum
1557 5275 1640 5321 est
1661 5265 1856 5334 iQuod
1887 5266 2073 5335 utique

504 5365 551 5420 si
590 5375 995 5434 consequenter
1033 5365 1238 5420 dictum
1291 5361 1527 5425 videtur,
1570 5373 1731 5429 quam
1788 5358 1973 5425 aliam,
2017 5365 2075 5412 ut

505 5455 761 5522 diximus,
816 5471 1038 5513 causam
1095 5457 1402 5527 putabimus
1456 5460 1619 5508 tantae
1675 5450 1836 5521 hujus
1891 5449 2072 5505 mundi

504 5548 864 5616 diversitatis,
914 5549 1020 5604 nisi
1067 5549 1440 5606 diversitatem
1487 5560 1551 5600 ac
1595 5544 1912 5599 varietatem
1961 5557 2074 5596 mo-

507 5647 674 5704 tuum,
706 5658 769 5697 ac
806 5642 1158 5712 prolapsuum
1187 5657 1372 5700 eorum
1404 5681 1422 5711 ,
1447 5639 1538 5711 qui
1569 5637 1635 5695 ab
1657 5636 1745 5693 illa
1788 5636 1927 5692 initii
1957 5633 2076 5690 uni-

579 5735 622 5768 “
654 5735 811 5792 Rom.
845 5751 962 5801 vttt,
995 5734 1084 5790 ‘20.
1725 5713 1752 5723 ”
1777 5713 1813 5726 Ὗ

2143 504 2310 560 creati
2339 513 2486 568 sunt,
2514 502 2876 557 deciderunt?
2904 521 2922 554 ι
2971 501 3168 555 Eadem
3206 501 3340 556 dicit
3373 515 3492 571 cap.
3523 500 3562 554 9
3598 498 3730 552 libri

2143 613 2182 652 ιι
2217 597 2291 651 De
2322 595 2569 666 princip.,
2609 609 2760 648 num.
2806 592 2882 648 2:
2917 611 2935 644 ι
2979 592 3087 647 Pro
3137 593 3372 647 motibus
3425 591 3537 646 suis
3589 605 3736 644 una-

2143 703 2370 760 quasque
2404 702 2558 742 mens
2579 686 2663 741 vel
2696 685 2933 757 amplius
2964 685 3049 740 vel
3080 684 3296 755 parcius
3321 685 3521 738 bonum
3554 680 3739 754 negli-

2143 796 2294 853 gens,
2329 782 2380 834 in
2406 779 2736 835 contrarium
2771 777 2897 833 boni
2921 817 2937 843 ,
2969 777 3110 846 quod
3151 776 3271 832 sine
3315 775 3478 831 dubio
3517 772 3736 828 malum

2145 885 2252 939 est,
2285 872 2620 928 trahebatur.
2650 871 2729 926 Ex
2761 886 2869 942 quo
2910 870 3126 925 videtur
3160 869 3367 926 semina
3394 867 3654 939 quaedam
3681 873 3742 918 et

2150 979 2344 1020 causas
2365 963 2647 1018 varietatis
2683 978 2746 1018 ac
2785 961 3118 1017 diversitatis
3145 961 3234 1016 ille
3263 959 3503 1016 omnium
3531 956 3741 1012 condi-

2149 1064 2234 1111 tor
2267 1055 2561 1125 accepisse,
2598 1063 2657 1111 ut
2692 1069 2790 1126 pro
2827 1052 3144 1109 diversitate
3196 1050 3480 1114 mentium,
3537 1048 3594 1104 id
3646 1056 3740 1102 est

2149 1147 2552 1202 rationabilium
2595 1155 2999 1210 creaturarum,
3040 1158 3200 1214 quam
3237 1142 3613 1198 diversitatem
3664 1155 3736 1195 ex

2148 1253 2210 1294 ea
2270 1252 2433 1292 causa
2475 1252 2636 1307 quam
2683 1235 2930 1308 superius
2979 1235 3232 1300 diximus,
3290 1234 3547 1304 putandus
3598 1245 3741 1288 sunt.

2151 1327 2490 1397 concepisse,
2523 1328 2728 1380 varium
2757 1340 2821 1380 ac
2844 1325 3118 1380 diversum
3151 1325 3410 1378 mundum
3437 1332 3680 1380 crearet.
3711 1342 3733 1375 ι

2151 1419 2341 1488 Capite
2367 1431 2497 1472 vero
2530 1417 2745 1481 eodem,
2788 1431 2940 1470 num.
2993 1415 3048 1480 6,
3073 1430 3188 1470 rem
3241 1413 3406 1469 altius
3449 1424 3736 1484 repetens,

2154 1510 2321 1565 Deum
2367 1509 2441 1562 ait
2486 1508 2553 1562 ab
2586 1507 2740 1562 initio
2782 1522 2912 1578 cum
2944 1505 3174 1561 rationis
3201 1515 3480 1574 compotes
3506 1512 3739 1560 naturas

2151 1615 2343 1656 creare
2369 1598 2552 1662 vellet,
2589 1597 2788 1652 nullam
2819 1597 3075 1652 habuisse
3095 1596 3317 1652 creandi
3353 1596 3566 1651 illarum
3597 1612 3737 1651 cau-

2153 1682 2268 1748 sam
2306 1702 2503 1764 prazter
2525 1692 2787 1762 seipsum,
2816 1705 3075 1760 suamque
3106 1691 3407 1745 bonitatem
3427 1709 3440 1744 :
3459 1689 3513 1742 in
3543 1704 3607 1744 eo
3632 1705 3736 1742 au.-

3057 1799 3233 1855 neque
3266 1799 3335 1840 ex
3361 1794 3516 1855 parte
3548 1798 3732 1838 rerum

2145 1880 2504 1935 creandarum
2542 1877 2650 1933 ulla
2679 1886 2848 1944 esset,
2881 1877 3117 1946 aequales
3146 1892 3260 1943 eas,
3285 1886 3342 1930 et
3372 1875 3736 1944 undequaque

2145 1973 2350 2027 similes
2380 1972 2552 2042 ipsum
2586 1985 2908 2041 procreasse
2941 1987 2954 2024 :
2985 1969 3085 2024 bas
3124 1984 3275 2036 vero,
3316 1977 3376 2023 ut
3405 1976 3532 2037 pote
3560 1965 3735 2020 libero

2145 2063 2397 2134 praeditas
2428 2063 2679 2127 arbitrio,
2719 2078 2826 2118 non
2855 2061 3044 2117 eodem
3077 2062 3237 2116 modo
3259 2076 3449 2116 omnes
3478 2059 3583 2114 hac
3606 2072 3734 2114 usas

2149 2171 2267 2210 esse
2297 2154 2576 2222 facultate,
2600 2153 2722 2210 aliis
2762 2155 2814 2208 in
2854 2155 3049 2209 vitium
3079 2169 3144 2208 ac
3180 2153 3476 2222 nequitiam
3511 2150 3729 2205 ruenti-

2148 2251 2271 2316 bus,
2296 2248 2417 2303 aliis
2436 2248 2500 2302 ad
2526 2247 2749 2302 meliora
2775 2247 3219 2318 assurgentibus:
3240 2241 3553 2314 atquejude
3576 2241 3734 2298 ratio-

2149 2343 2350 2398 nalium
2373 2352 2688 2397 naturarum
2724 2338 3000 2394 exstitisse
3021 2335 3374 2392 diﬂ'erentiam
3399 2349 3416 2386 :
3442 2333 3610 2388 Deum
3636 2347 3732 2386 au-

2153 2445 2259 2491 tem
2285 2444 2721 2503 unamquamque
2755 2444 2853 2498 pro
2882 2429 3094 2482 meritis
3125 2441 3320 2482 ornare
3353 2425 3622 2480 volentem
3650 2423 3730 2479 vel

2151 2526 2726 2590 ulcisci,diversitates
2751 2523 3016 2576 mentium
3048 2521 3098 2573 in
3125 2519 3287 2598 unius
3321 2518 3506 2573 mundi
3533 2531 3727 2572 conso-

2152 2619 2393 2674 nantiam
2416 2617 2645 2670 traxisse
2669 2657 2684 2682 ,
2708 2615 2787 2669 sic
2809 2624 3066 2682 tanquam
3085 2612 3137 2666 in
3156 2626 3316 2665 uuam
3337 2609 3558 2664 domum
3583 2649 3596 2672 ,
3614 2623 3731 2677 quae

2157 2710 2300 2766 vasis
2349 2708 2531 2763 aureis
2554 2747 2570 2771 ,
2597 2707 2870 2777 argenteis
2912 2713 2965 2760 et
3011 2703 3267 2758 ﬁetilibus
3293 2700 3600 2755 instruitur.
3625 2718 3642 2750 ι
3669 2699 3732 2754 Et

2153 2800 2256 2855 has
2281 2812 2508 2865 causas,
2553 2795 2771 2866 inquit,
2821 2804 2880 2850 ut
2931 2810 3031 2864 ego
3065 2793 3331 2854 arbitror,
3369 2792 3601 2845 mundus
3636 2790 3732 2844 iste

2156 2907 2270 2949 suze
2309 2889 2637 2944 diversitatis
2669 2889 2902 2956 accepit,
2937 2888 3060 2942 dum
3092 2898 3532 2952 unumquemque
3555 2880 3729 2935 divina

2158 2981 2496 3052 providentia
2525 2996 2622 3050 pro
2651 2978 2917 3032 varietate
2950 2985 3190 3031 motuum
3226 2989 3474 3038 suorum,
3502 2972 3586 3026 vel
3618 2970 3731 3026 ani-

2159 3088 2404 3135 morum,
2445 3070 2830 3142 propositoque
2878 3069 3174 3138 dispensat.
3208 3086 3225 3119 ι
3271 3067 3538 3133 Quocirca
3590 3075 3732 3120 tomo

2165 3181 2252 3220 xlv
2287 3165 2341 3218 in
2365 3162 2554 3230 Joan.,
2585 3179 2739 3217 num.
2772 3163 2826 3224 5,
2851 3173 2906 3217 et
2935 3163 3114 3225 capite
3143 3161 3176 3215 5
3213 3160 3330 3214 libri
3365 3175 3424 3214 ιιι
3461 3160 3602 3227 Περὶ
3636 3159 3735 3226 dp-

2161 3258 2305 3330 χῶν,
2360 3273 2507 3312 num.
2550 3257 2604 3322 5,
2662 3255 2915 3310 observat
2959 3254 3285 3308 creationem
3349 3253 3533 3306 mundi
3597 3253 3732 3319 apud

2162 3352 2456 3422 scriptores
2502 3361 2688 3404 sacros
2730 3361 2869 3401 novo
2917 3346 3021 3400 hoc
3069 3354 3124 3400 et
3171 3344 3391 3415 proprio
3436 3344 3736 3414 κατασδλῆς

2165 3443 2382 3498 nomine
2408 3439 2739 3510 nuncupari,
2781 3437 2906 3508 quia
2937 3435 3192 3491 nimirum
3231 3454 3249 3487 ι
3276 3437 3340 3490 de
3370 3435 3737 3501 superioribus

2167 3536 2231 3590 ad
2273 3533 2533 3588 inferiora
2567 3535 2890 3587 descensum
2916 3538 3028 3591 est,
3061 3544 3168 3584 non
3193 3527 3364 3584 solum
3401 3526 3469 3580 ab
3511 3526 3598 3582 bis
3625 3525 3740 3579 aui-

2167 3624 2359 3679 mabus
2407 3638 2525 3693 quae
2576 3621 2626 3676 id
2669 3629 2911 3674 motuum
2947 3633 3174 3672 suorum
3213 3617 3477 3672 varietate
3527 3629 3740 3670 merue-

2166 3726 2293 3772 runt
2317 3757 2333 3780 ,
2384 3731 2570 3780 verum
2606 3723 2660 3768 et
2697 3714 2764 3767 ab
2805 3713 2873 3768 iis
2912 3727 3032 3781 quae
3069 3713 3136 3766 ad
3172 3713 3332 3766 totius
3363 3710 3548 3764 mundi
3586 3708 3740 3763 mini-

2169 3787 2393 3862 sterium
2424 3819 2488 3860 ex
2515 3804 2618 3858 illis
2650 3802 3022 3873 superioribus
3052 3810 3106 3857 el.
3139 3800 3506 3854 invisibilibus
3531 3801 3597 3852 ad
3628 3799 3742 3853 bats

2169 3898 2424 3953 inferiora
2477 3905 2530 3950 et
2563 3894 2792 3950 visibilia
2835 3895 3075 3948 deductae
3125 3901 3291 3957 sunt,
3343 3892 3469 3946 licet
3504 3906 3604 3944 non
3649 3904 3744 3942 vo-

2169 3989 2384 4055 lentes;
2435 3987 2656 4042 vanitati
2702 3985 2890 4055 quippe
2937 3984 3468 4053 creaturaisubjecta
3516 3990 3587 4035 est
3638 3995 3742 4034 non

2169 4083 2363 4147 uolens,
2393 4081 2484 4135 sed
2506 4087 2717 4147 prapter
2738 4095 2854 4132 eum
2877 4077 2966 4146 qui
2990 4075 3202 4144 subjecit
3229 4092 3341 4128 eam
3362 4075 3417 4127 in
3439 4089 3526 4142 spe
3551 4073 3743 4140 “,qtm

2171 4174 2256 4228 vel
2300 4173 2400 4241 sol,
2449 4171 2532 4227 vel
2579 4171 2728 4239 luna,
2771 4171 2855 4226 vel
2885 4169 3071 4234 stella},
3110 4167 3191 4221 vel
3239 4166 3414 4236 angeli
3464 4164 3747 4242 explerent

2170 4266 2490 4335 obsequium
2523 4264 2723 4318 mundo
2748 4303 2762 4328 ,
2796 4270 2850 4316 et
2878 4261 2965 4316 bis
2991 4260 3276 4314 animabus
3305 4272 3425 4326 qua:
3451 4258 3520 4309 ob
3555 4255 3746 4308 nimios

2176 4357 2424 4413 defectus
2471 4342 2670 4412 mentis
2713 4353 3074 4410 crassioribus
3120 4349 3242 4405 istis
3293 4357 3347 4402 et
3400 4344 3744 4401 solidioribus

2100 4474 2144 4529 Ι)
2175 4447 2850 4529 ἰηιιίευθνονοοτιιοιεὶιιιιε,
2903 4454 2957 4501 et
3009 4451 3228 4514 propter
3270 4456 3364 4497 eos
3406 4439 3604 4509 quibus
3648 4438 3746 4491 hoc

2176 4547 2294 4594 erat
2321 4540 2691 4594 necessarium
2717 4579 2733 4604 ,
2782 4536 3017 4591 mundus
3063 4534 3166 4588 iste
3205 4532 3366 4586 etiam
3399 4529 3633 4584 visibilis
3671 4529 3746 4581 in-

2177 4633 2400 4688 stitutus
2433 4642 2536 4688 est.
2569 4652 2586 4685 ι
2621 4632 2683 4686 Ει
2711 4648 2834 4685 mox
2862 4649 2875 4686 :
2912 4649 2928 4682 ι
2955 4628 3139 4683 Talem
3172 4642 3296 4682 vero
3322 4639 3383 4680 ac
3409 4634 3616 4678 tantum
3652 4637 3746 4691 pu-

2182 4728 2404 4781 tandum
2443 4735 2530 4780 est
2576 4725 2779 4778 factum
2820 4738 2939 4778 esse
2987 4721 3278 4798 mundum,
3317 4717 3407 4789 qui
3445 4716 3528 4769 vel
3563 4728 3747 4769 omnes

2179 4834 2273 4873 eas
2306 4818 2538 4885 animas,
2571 4832 2690 4887 quae
2718 4817 2768 4868 in
2814 4814 2918 4870 hoc
2961 4813 3160 4891 mundo
3195 4820 3408 4866 statutae
3438 4817 3566 4863 sunt
3593 4823 3745 4863 exer-

2176 4909 2310 4976 ceri,
2350 4918 2592 4978 caperet,
2629 4907 2711 4961 vel
2749 4920 2938 4960 omnes
2983 4919 3076 4960 eas
3123 4903 3349 4959 virtutes
3395 4915 3514 4971 qua:
3562 4901 3747 4954 adesse

2175 5002 2276 5066 eis,
2327 5010 2382 5055 et
2434 5000 2751 5069 dispensare
2798 5012 2893 5052 eas
2945 5011 3008 5051 ac
3053 4995 3248 5066 juvare
3306 5001 3510 5064 paratae
3547 4998 3690 5048 sunt.
3723 5005 3740 5039 ι

2175 5088 2353 5158 Atque
2397 5087 2512 5144 bzec
2559 5089 2672 5158 ipsa
2715 5087 2832 5142 loca
2863 5085 3127 5141 librorum
3157 5083 3297 5153 Περὶ
3333 5079 3538 5152 ἀρχῶν
3567 5092 3745 5149 repre-

2182 5179 2460 5237 hensionis
2509 5194 2670 5234 causa
2703 5177 2908 5248 profert
2947 5176 3312 5248 Hieronymus
3352 5175 3510 5241 epist.
3547 5172 3642 5235 5'9,
3684 5169 3745 5223 ad

2179 5275 2351 5337 Avit.,
2391 5291 2512 5347 cap.
2535 5275 2569 5329 2
2592 5284 2646 5329 et
2666 5272 2719 5327 5.
2751 5271 2871 5325 Alia
2907 5281 3167 5342 prmterea
3196 5269 3301 5323 duo
3326 5283 3355 5321 e
3388 5267 3524 5320 libro
3550 5280 3582 5318 ιι
3615 5258 3746 5330 Περὶ

2181 5369 2401 5440 ἀρχῶν,
2453 5386 2571 5439 cap.
2601 5369 2652 5434 I,
2695 5384 2842 5422 num.
2878 5367 2931 5432 1,
2985 5375 3037 5420 et
3088 5379 3118 5420 e
3159 5365 3251 5418 lib.
3284 5379 3336 5416 tv
3377 5361 3540 5416 refert
3587 5360 3746 5415 Justi-

2181 5465 2374 5519 nianus
2423 5463 2488 5516 ad
2545 5461 2747 5514 calcem
2796 5457 3038 5526 epistola:
3086 5458 3151 5511 ad
3191 5455 3445 5521 Menam,
3496 5469 3615 5520 quae
3647 5451 3746 5506 huc

2182 5555 2475 5611 inseruisse
2505 5567 2894 5621 supervacuum
2936 5565 3038 5604 non
3093 5547 3274 5603 fuerit.
3315 5545 3472 5600 Prior
3506 5545 3595 5599 hic
3627 5553 3741 5597 est:

2183 5644 2337 5697 Οὕτω
2369 5643 2433 5714 δὴ
2466 5640 2853 5695 ποικιλωτάτου
2894 5640 3097 5712 κόσμου
3127 5636 3480 5707 τυγχάνοντος
3500 5675 3514 5699 ,
3546 5632 3639 5688 καὶ
3668 5648 3742 5684 το-
