4068 6308
274 352 410 409 i049

1090 359 1668 423 ORIGENlANOltUM
1712 370 1842 428 LIB.
1884 372 1949 439 ll,
1988 375 2141 432 CAP.
2184 377 2247 443 ll,
2288 380 2563 447 QUASST.
2608 385 2720 441 ΧΠ.

3384 401 3522 457 1050

272 476 446 530 cantat
484 477 717 549 διάφορα
746 480 939 550 λογικὰ
972 483 1347 554 περιέχοντος,
1381 488 1435 540 τί
1462 488 1590 543 ἄλλο
1624 492 1729 564 χρὴ
1770 494 1850 547 λέ-

1952 498 2137 554 dicunt
2182 517 2457 571 peccasse,
2499 518 2553 561 et
2598 524 2694 578 pro
2722 510 3041 569 diversitate
3082 531 3423 585 peccatorum
3455 525 3522 581 de

268 586 385 638 γειν
407 570 580 623 αἴτιον
607 573 886 640 γεγονέναι
914 575 1008 628 τοῦ
1038 577 1335 648 ὑποστῆναι
1366 582 1548 646 αὐτὸν,
1586 584 1618 654 ἢ
1652 584 1712 637 τὸ
1737 604 1849 639 ποι-

266 662 416 716 κίλον
459 664 556 734 τῆς
594 664 963 729 ἁποπτώσέως
1004 667 1110 720 τῶν
1152 669 1249 739 οὐχ
1286 671 1486 741 ὁμοίως
1523 675 1620 745 τῆς
1663 676 1847 741 ὲνάδος

265 756 651 827 ἀπορρεόντων
673 775 687 788 ο
725 776 743 808 ι
769 757 842 813 lta
872 774 994 812 cum
1035 775 1244 815 summa
1288 763 1605 821 diversitate
1633 781 1845 824 constet

267 848 539 913 mundus,
595 858 781 919 totque
815 850 1057 905 diversas
1102 852 1378 908 contineat
1422 856 1714 914 rationales
1749 876 1844 915 na-

232 946 454 1003 -turas,
495 954 615 1009 qua)
661 938 764 993 alia
808 955 971 996 causa
1003 942 1230 998 dicenda
1276 954 1361 1000 est
1414 960 1511 1000 cur
1559 949 1843 1013 subsistat,

263 1047 425 1099 quam
451 1033 632 1086 varios
660 1031 940 1087 decidendi
967 1035 1177 1100 modos,
1209 1050 1397 1091 eorum
1421 1040 1512 1108 qui
1539 1041 1607 1095 ab
1633 1042 1844 1099 unitate

261 1121 512 1177 similiter
535 1138 638 1176 non
660 1122 968 1178 deﬂuunt?»
999 1125 1148 1180 Alter
1172 1128 1243 1181 ita
1272 1143 1330 1183 se
1357 1129 1517 1184 habet
1552 1149 1564 1185 :
1605 1133 1842 1206 Ἀνάγκη

262 1214 343 1284 μὴ
384 1214 799 1287 προηγουμένην
840 1216 1127 1286 τυγχάνειν
1158 1218 1257 1289 τὴν
1290 1219 1400 1274 τῶν
1446 1223 1711 1293 σωμάτων
1745 1225 1843 1294 φύ-

260 1322 387 1371 σιν,
441 1305 577 1359 ἀλλὰ
631 1308 694 1359 ἐκ
754 1308 1157 1380 διαλειμμάτων
1205 1312 1530 1380 ὑφίστασθαι
1583 1315 1672 1370 διά
1721 1334 1841 1371 τινα

260 1397 640 1471 συμπτώματα
668 1401 927 1473 γινόμενα
959 1403 1086 1474 περὶ
1119 1404 1186 1457 τὰ
1213 1404 1426 1474 λογικὰ,
1461 1407 1689 1481 δεόμενα
1746 1429 1843 1466 σω-

261 1490 471 1561 μᾶτων.
518 1508 537 1542 ι
570 1490 801 1548 Necesse
833 1503 917 1548 est
956 1510 1060 1549 non
1118 1499 1507 1565 prazexstitisse
1554 1516 1838 1571 corporum

257 1593 533 1648 naturam,
570 1584 663 1639 sed
712 1598 810 1653 per
840 1585 1126 1641 intervalla
1171 1588 1469 1645 subsistere
1493 1603 1712 1663 propter
1742 1594 1840 1647 ali-

256 1676 397 1747 quos
424 1692 584 1730 casus
615 1676 706 1746 qui
743 1677 1066 1748 contingunt
1096 1680 1305 1737 naturis
1336 1682 1549 1739 ratione
1578 1684 1837 1755 praeditis,

254 1775 308 1820 et
348 1781 468 1832 qua:
496 1767 816 1837 corporibus
848 1769 1110 1838 indigent.
1138 1789 1156 1823 ι

1948 593 2103 647 caelis
2137 611 2307 665 usque
2335 599 2401 651 ad
2432 609 2605 655 terras
2635 602 2835 671 lapsas,
2863 606 3075 663 diversa
3104 625 3331 681 corpora
3365 618 3518 685 quasi

1948 685 2157 739 vincula
2223 690 2510 757 meruisse,
2568 706 2738 762 eaque
2789 711 2951 753 causa
3004 703 3260 757 mundum
3320 708 3519 763 factum

1949 772 2134 829 fuisse.
2164 796 2185 827 ι
2236 776 2365 845 Qua:
2406 780 2521 837 fere
2565 784 2844 850 αὐτολεξεὶ
2892 792 3088 860 repetit
3116 791 3382 851 Honorius
3412 800 3519 854 Au-

1944 868 2358 935 gustodunensis
2398 872 2449 926 in
2485 872 2625 929 libro
2664 877 2743 931 De
2780 880 3089 935 hwresibus.
3156 884 3397 955 Denique
3448 890 3508 948 S.

1945 955 2185 1012 'l'homas
2218 959 2479 1016 adversus
2508 967 2751 1021 eamdem
2783 971 3095 1038 opinionem
3133 972 3227 1030 lib.
3257 992 3293 1031 ιι
3334 978 3515 1037 Contr.

1944 1048 2149 1116 gentil.,
2182 1063 2302 1119 cap.
2331 1050 2422 1116 44,
2459 1056 2727 1110 acerrime
2760 1058 3023 1116 decertat.

2014 1138 2279 1205 Quoniam
2337 1153 2519 1199 autem
2576 1148 2651 1202 ita
2713 1166 2834 1205 cum
2892 1157 3341 1215 antecedentibus
3391 1176 3519 1218 con-

1938 1228 2121 1299 juncta
2169 1244 2274 1299 est,
2326 1246 2387 1291 ut
2440 1253 2563 1307 quae
2607 1242 2673 1297 ad
2719 1246 2967 1301 tuendam
3014 1248 3260 1320 Origenis
3294 1268 3513 1310 causam

1941 1336 2103 1391 supra
2144 1324 2446 1393 attulimus,
2502 1330 2592 1385 hic
2639 1347 2855 1402 quoque
2907 1337 3083 1393 valere
3131 1342 3359 1410 possint,
3389 1344 3518 1413 quid

1941 1413 2134 1469 attinet
2174 1417 2324 1485 plura
2362 1423 2713 1490 conquirere;
2763 1441 2884 1480 cum
2932 1431 3229 1498 pra‘sertim
3256 1431 3520 1508 Hierony-

1942 1518 2085 1569 mus,
2126 1519 2413 1575 postquam
2443 1525 2565 1579 cap.
2606 1514 2654 1579 l,
2688 1514 2842 1581 epist.
2868 1515 2956 1583 59,
2994 1519 3061 1574 ad
3090 1521 3337 1587 Avitum,
3371 1540 3520 1593 quat-

1940 1607 2154 1664 cunque
2197 1596 2251 1651 in
2300 1614 2317 1653 ι
2362 1599 2456 1655 lib.
2494 1602 2634 1672 Περὶ
2669 1604 2871 1673 ἀρχῶν
2913 1607 3169 1665 damnosa
3204 1622 3359 1682 sunt,
3402 1617 3517 1670 col-

1939 1685 2103 1757 legit,
2157 1688 2302 1744 inter
2345 1706 2467 1761 quae
2521 1694 2778 1764 frequens
2832 1701 3072 1755 occurrit
3120 1703 3307 1760 isthmc
3352 1721 3515 1776 quant

1943 1788 2239 1839 tractamus
2288 1784 2490 1853 Opinio,
2558 1788 2685 1843 talia
2742 1790 2891 1845 illum
2953 1793 3272 1851 denuntiare
3323 1798 3512 1855 dicat:

328 1857 416 1911 lll.
457 1859 644 1927 Itaque
680 1859 785 1915 hoc
825 1860 991 1914 etiam
1027 1862 1244 1918 nomine
1291 1880 1399 1920 non
1427 1865 1716 1924 Iustiniani
1748 1885 1837 1926 so-
1864 1850 1909 1907 Β
1947 1891 1965 1924 ι
1999 1873 2125 1931 Haec
2149 1876 2305 1943 juxta
2339 1887 2579 1934 nostram
2611 1884 2935 1938 sententiam
2970 1902 3074 1940 non
3105 1887 3212 1942 sint
3240 1891 3514 1959 dogmata,

254 1948 391 2013 lum,
424 1949 517 2005 sed
542 1958 596 2004 et
618 1948 848 2005 aliorum
873 1953 1118 2007 convicia
1146 1955 1317 2010 sensit
1347 1955 1633 2027 Origenes.
1661 1978 1680 2011 ι
1704 1959 1837 2027 Quis

254 2042 543 2113 propheta,
578 2042 753 2111 inquit
775 2042 1099 2114 The0philus
1133 2045 1324 2103 Pasch.
1352 2064 1390 2117 ι,
1425 2052 1625 2111 sentire
1655 2054 1838 2110 docuit

259 2133 596 2205 (Origencm)
632 2143 849 2204 propter
887 2137 1099 2191 ruinam
1138 2148 1193 2194 et
1236 2139 1420 2211 lapsus
1447 2143 1511 2198 de
1547 2144 1699 2201 cadis
1720 2147 1839 2202 ani-

258 2240 507 2290 marum,
536 2225 703 2279 Deum
746 2240 864 2280 esse
898 2227 1236 2297 compulsum
1263 2246 1491 2302 corpora
1522 2233 1836 2293 fabricare?

261 2317 568 2386 Quis-juxta
607 2317 824 2372 beatum
857 2317 1088 2386 Lucam,
1118 2336 1310 2376 eorum
1353 2328 1443 2393 qui
1474 2327 1741 2390 viderunt.
1782 2340 1837 2385 et

255 2410 496 2465 ministri
535 2409 751 2465 fuerunt
785 2411 1061 2467 sermonis
1090 2413 1207 2480 Dei,
1243 2416 1369 2470 huic
1401 2418 1619 2473 tradidit
1646 2422 1712 2476 ad
1740 2423 1837 2476 do-

254 2501 509 2567 cendum,
554 2502 881 2574 negligentia
905 2511 960 2558 et
992 2512 1164 2570 motu,
1193 2518 1249 2561 et
1286 2506 1430 2562 ﬂuxu
1463 2511 1529 2565 de
1555 2511 1835 2568 altioribus

255 2594 659 2650 rationabilium
679 2606 925 2653 creatura
936 2615 1072 2664 rum,
1091 2613 1442 2669 provocatum
1464 2605 1629 2660 Deum
1651 2609 1831 2662 mundi

251 2690 415 2760 hujus
441 2692 676 2745 condere
700 2693 1145 2750 diversitatem?»
1182 2697 1246 2750 Et
1279 2700 1624 2768 postmodum
1657 2717 1673 2755 :
1705 2702 1827 2756 «Di-

254 2784 332 2836 cit
377 2782 521 2836 enim
577 2791 801 2854 propter
833 2796 1055 2854 peccata
1105 2788 1521 2858 intelligibilium
1557 2805 1831 2848 creatura-

252 2891 375 2930 rum
411 2880 669 2932 mundum
705 2893 830 2936 esse
860 2881 1112 2951 coepisse.
1138 2901 1159 2935 ι
1200 2881 1560 2955 Hieronymus
1584 2888 1638 2940 in
1661 2886 1829 2952 Epist.

253 2970 326 3022 ad
356 2967 547 3039 Ephes.
581 2986 618 3033 ι,
639 2971 697 3037 ὅ,
732 2987 839 3027 non
869 2988 1128 3044 expresso
1157 2975 1405 3047 Origenis
1441 2980 1677 3046 nomine,
1707 2996 1831 3035 seu-

254 3061 484 3114 tentiam
516 3059 683 3129 ipsius
724 3063 987 3133 exponit:
1020 3083 1039 3115 ι
1070 3065 1219 3120 Alius
1253 3067 1419 3135 dicit,
1456 3069 1671 3140 inquit,
1701 3080 1829 3126 ante

1939 1966 2034 2023 sed
2058 1967 2285 2035 quaesita
2324 1979 2558 2037 tantum,
2586 1982 2748 2042 atque
2782 1976 3042 2045 projecta,
3078 1994 3145 2034 ne
3188 1981 3402 2048 penitus
3432 1982 3517 2037 in-

1940 2065 2172 2111 tractata
2201 2059 2517 2116 viderentur
2542 2062 2566 2116 ?
2594 2081 2613 2114 ι

2008 2149 2096 2205 ιν.
2126 2168 2145 2201 ι
2174 2151 2292 2207 Jam
2311 2169 2443 2210 sane
2476 2156 2726 2225 quoniam
2749 2156 2992 2215 diversos
3019 2172 3195 2217 motus
3224 2163 3518 2221 rationabi—

1937 2242 2068 2296 lium
2102 2254 2497 2310 creaturarum,
2528 2248 2818 2319 variasque
2846 2254 3143 2308 sententias
3170 2270 3387 2310 causam
3420 2255 3517 2311 de-

1938 2334 2085 2389 disse
2126 2336 2452 2393 diversitatis
2518 2340 2718 2395 mundo
2770 2343 2929 2406 huic,
2982 2358 3162 2399 sermo
3218 2348 3516 2415 superioris

1938 2425 2320 2495 disputationis
2364 2432 2620 2495 ostendit,
2665 2433 2959 2489 videndum
3012 2450 3079 2489 ne
3131 2436 3275 2491 forte
3321 2438 3516 2495 similis

1940 2518 2095 2573 initio
2120 2522 2301 2575 exitus
2326 2537 2542 2590 quoque
2568 2524 2693 2580 huic
2718 2526 2919 2581 mundo
2943 2530 3251 2584 conveniat.
3284 2529 3515 2586 Dubium

1936 2613 2081 2666 enim
2122 2629 2226 2667 non
2265 2624 2352 2670 est
2376 2615 2506 2685 quin
2544 2617 2667 2672 linis
2700 2618 2869 2687 ipsius
2902 2620 2956 2675 in
2988 2621 3309 2678 diversitate
3344 2623 3514 2679 multa

1934 2704 2109 2759 adhuc
2152 2715 2207 2760 et
2255 2706 2517 2763 varietate
2578 2711 2931 2779 reperiendus
2992 2713 3279 2784 sit;.quae
3328 2717 3516 2785 utique

1938 2794 2172 2850 varietas
2218 2796 2272 2851 in
2327 2799 2488 2869 hujus
2544 2801 2731 2855 mundi
2776 2802 2881 2859 fine
2925 2804 3265 2875 deprehensa
3321 2821 3515 2865 causas

1936 2900 2128 2942 rursus
2149 2888 2525 2947 diversitatum
2552 2894 2776 2951 alterius
2803 2897 2990 2952 mundi
3020 2909 3142 2967 post
3170 2899 3315 2954 hunc
3346 2899 3515 2959 futuri

1933 2979 2358 3051 occasionesque
2428 2986 2752 3053 praestabit,
2786 3006 2805 3037 ι
2869 2988 3012 3057 quod
3076 2989 3288 3045 scilicet
3350 2991 3514 3062 hujus

1936 3071 2118 3124 mundi
2153 3071 2277 3128 ﬁnis
2309 3075 2520 3130 initium
2554 3079 2624 3131 sit
2666 3077 2856 3134 futuri.
2897 3079 3072 3135 Verba
3104 3091 3231 3136 sunt
3263 3079 3516 3153 Origenis

250 3148 501 3206 visibiles
529 3161 816 3208 creaturas
844 3154 1069 3220 caelum,
1096 3166 1317 3225 terram,
1343 3160 1534 3227 maria,
1568 3171 1622 3216 et
1649 3165 1827 3218 omnia
1856 3210 1898 3265 Ο
1935 3161 2031 3219 lih.
2063 3179 2100 3218 ιι
2151 3166 2294 3233 Περὶ
2356 3167 2594 3237 ἀρχῶν,
2650 3184 2769 3239 cap.
2804 3171 2858 3238 l,
2914 3187 3065 3228 num.
3101 3174 3156 3239 '5,
3216 3148 3514 3245 superioris

251 3257 375 3312 qua;
412 3243 557 3299 intra
600 3260 663 3301 ea
698 3254 847 3312 sunt,
891 3245 1060 3303 fuisse
1106 3249 1241 3303 alias
1282 3249 1582 3308 invisibiles
1617 3265 1829 3309 creatu—

172 3383 187 3399 ,
251 3348 370 3402 ras,
417 3337 471 3391 in
506 3338 701 3407 quibus
735 3339 1052 3407 et'animas,
1086 3356 1204 3410 qum
1234 3344 1303 3397 ob
1335 3345 1597 3412 quasdam
1641 3361 1832 3400 causas

250 3429 355 3483 soli
381 3428 488 3484 Deo
510 3439 666 3487 notas
694 3431 914 3501 dejectae
937 3435 1046 3488 sint
1083 3434 1335 3489 deorsum
1361 3437 1412 3491 in
1439 3438 1631 3504 vallem
1666 3441 1824 3493 istam

254 3521 620 3592 lacrymarum
643 3559 660 3577 .
685 3563 699 3579 .
727 3562 741 3576 .
762 3565 776 3580 .
833 3523 1016 3594 Itaque
1075 3527 1390 3596 priusquam
1453 3530 1645 3584 animm
1669 3570 1685 3595 ,
1746 3530 1832 3583 in-

253 3612 471 3683 quiunt,
505 3614 974 3683 praecipitarentur
998 3616 1051 3671 in
1090 3617 1371 3684 mundum,
1399 3628 1452 3673 et
1499 3622 1734 3674 mundus
1763 3638 1832 3677 ex

256 3705 544 3760 animabus
591 3707 777 3773 ﬁeret,
814 3722 936 3763 cum
992 3708 1408 3768 habitatricibus
1448 3714 1564 3769 suis
1610 3714 1662 3769 in
1712 3716 1833 3769 iuti-

260 3812 406 3850 mmn
454 3797 571 3866 ipse
619 3798 905 3866 dejectus,
954 3800 1117 3869 elegit
1168 3801 1391 3856 Paulum
1440 3805 1600 3860 Deus.
1630 3826 1649 3859 I
1704 3808 1833 3873 Qum

258 3890 509 3957 quamvis
541 3904 609 3945 ex
644 3891 871 3946 alterius
911 3893 1163 3963 Opinione
1196 3896 1419 3949 recitata
1457 3898 1585 3962 sint,
1636 3898 1719 3953 his
1750 3910 1822 3953 lar

262 3995 384 4033 men
440 3982 781 4037 consensisse
823 3981 1211 4055 Hieronymum
1264 3988 1544 4042 contendit
1604 3989 1832 4045 Buiiuus

259 4070 457 4126 Invect.
493 4088 533 4138 ι,
564 4074 657 4129 sed
680 4073 1007 4129 calumniam
1038 4091 1067 4130 a
1109 4092 1167 4132 se
1210 4086 1453 4133 removet
1480 4079 1833 4151 Hieronymus

262 4166 358 4223 lib.
391 4183 409 4221 ι
439 4166 659 4237 Apolog.
707 4168 763 4220 in
806 4167 1024 4238 Ruﬁn.,
1073 4186 1191 4238 cap.
1226 4173 1278 4226 6.
1342 4171 1671 4243 Augustinus
1708 4190 1834 4228 vero

257 4258 357 4314 lib.
386 4276 440 4313 χι
471 4258 546 4313 De
569 4260 714 4314 civit.
744 4259 863 4328 Dei,
905 4277 1030 4333 cap.
1064 4262 1157 4329 23,
1191 4262 1477 4334 Origenem
1520 4266 1833 4321 nominatim

258 4352 503 4406 adoritur
535 4372 549 4407 :
587 4372 605 4404 ι
635 4353 860 4408 Animas
885 4354 1091 4421 dicunt,
1129 4372 1236 4410 non
1263 4357 1481 4427 quidem
1515 4368 1695 4428 partes
1720 4360 1832 4425 Dei,

258 4446 355 4502 sed
392 4446 568 4501 factas
603 4461 634 4500 a
669 4447 778 4502 Deo
826 4462 1081 4516 peccasse
1109 4465 1138 4504 a
1163 4449 1457 4505 Conditore
1490 4450 1830 4518 recedendo;

258 4547 316 4626 e_t
341 4539 575 4626 diversis
596 4540 988 4609 fprogressibus
1015 4557 1111 4612 pro
1143 4543 1457 4599 diversitate
1489 4556 1829 4614 peccatorum

258 4613 308 4688 θ’
322 4633 480 4689 ctelis
501 4613 677 4704 usque
717 4635 787 4689 ad
815 4644 1009 4700 terras,
1038 4635 1248 4690 diversa
1272 4651 1499 4706 corpora
1528 4641 1680 4709 quasi
1718 4640 1833 4693 vin-

256 4726 381 4782 cula
415 4727 703 4782 meruisse.
738 4726 804 4780 Et
837 4727 977 4781 hunc
1002 4741 1122 4782 esse
1153 4727 1429 4793 mundum,
1458 4744 1681 4799 eatuque
1706 4746 1834 4785 cau—

255 4834 371 4873 sam
394 4818 581 4872 mundi
607 4817 774 4871 fuisse
797 4814 1052 4881 faciendi,
1078 4833 1183 4873 non
1207 4826 1266 4870 ut
1286 4819 1647 4873 conderentur
1671 4821 1831 4886 bona,

255 4910 351 4965 sed
406 4918 466 4964 ut
534 4908 674 4964 mala
733 4908 1139 4963 cohibereutur.
1214 4908 1351 4965 llinc
1398 4910 1656 4979 Origenes
1712 4912 1836 4981 jure

254 5000 539 5071 culpatur;
599 5002 652 5055 in
704 5001 860 5056 libris
912 5001 1055 5057 enim
1107 5016 1247 5072 quos
1291 5002 1526 5072 appellat
1556 5004 1697 5072 Περὶ
1727 5005 1833 5073 ἁρ-

253 5094 402 5163 χῶν,
439 5092 490 5148 id
509 5102 614 5159 est,
638 5093 711 5149 De
727 5094 1021 5163 principiis,
1060 5095 1163 5151 hoc
1187 5097 1375 5160 sensit,
1409 5098 1510 5150 hoc
1539 5099 1772 5167 scripsit.
1805 5115 1826 5151 ι

254 5190 436 5255 Atque
470 5187 588 5243 haec
618 5187 791 5242 valide
830 5189 1170 5255 postmodum
1211 5199 1505 5261 oppugnat.
1551 5190 1833 5259 Oppuguat

254 5280 422 5335 etiam
458 5294 579 5334 cum
615 5279 768 5346 alibi,
799 5289 910 5333 tum
941 5281 1175 5336 maxime
1216 5281 1355 5337 libro
1397 5294 1582 5336 contra
1611 5282 1833 5336 Priscil-

259 5370 507 5425 Jianistas
537 5380 591 5424 et
627 5354 975 5441 Orige'nistas,
1016 5386 1137 5441 Cap.
1165 5373 1220 5437 8,
1268 5388 1391 5428 cum
1423 5373 1727 5442 scripsisset
1771 5372 1837 5426 ad

256 5476 378 5516 eum
408 5460 638 5517 Orosius
690 5462 745 5516 in
781 5461 1218 5531 Commonitorio,
1267 5464 1320 5519 id
1363 5478 1485 5520 esse
1517 5463 1838 5534 Origenistis

260 5554 577 5623 quibusdam
614 5567 968 5624 persuasum,
994 5557 1031 5605 ἰ
1064 5553 1320 5609 Mundum
1364 5556 1661 5611 novissime
1716 5556 1836 5611 ideo

259 5658 376 5699 esse
407 5645 629 5711 factum,
673 5654 727 5700 ut
760 5646 901 5701 ineo
927 5646 1119 5703 anima:
1151 5658 1531 5719 purgarenlur,
1562 5664 1679 5719 qua:
1707 5658 1835 5704 ante

260 5749 641 5804 peccaverunt.
674 5756 692 5789 ι
727 5737 962 5795 Isidorus
1024 5738 1117 5799 lib.
1164 5756 1260 5797 vut
1315 5740 1547 5812 0rigin.,
1583 5758 1704 5813 cap.
1750 5743 1828 5797 5:

273 5846 291 5880 ι
326 5829 661 5901 Origeuiani,
701 5832 895 5904 inquit,
954 5834 1161 5893 animas
1215 5836 1268 5893 in
1326 5836 1510 5894 mundi
1562 5837 1829 5908 principio

1932 3253 2142 3320 qnmsiti
2178 3270 2297 3308 cum
2332 3257 2544 3322 iSthoc,
2580 3259 2726 3327 quod
2758 3260 2861 3315 hoc
2895 3260 3013 3316 loco
3049 3263 3207 3318 nobis
3229 3265 3513 3321 excutien-
3590 3306 3599 3323 .

1934 3346 2058 3397 dum
2086 3348 2486 3414 proposuimus,
2517 3350 2911 3405 connex’ionem
2942 3352 3294 3410 declarantis.
3331 3375 3349 3406 ι
3375 3355 3512 3411 Pos-

1934 3436 2087 3492 sibile
2138 3440 2280 3491 enim
2331 3439 2561 3506 videtur,
2620 3442 2796 3509 inquit
2848 3442 2943 3497 lib.
2972 3459 3012 3497 ιι
3099 3446 3241 3513 ῌερὶ
3286 3445 3510 3516 ἀρχῶν,

1935 3526 2146 3594 cap.5,
2180 3544 2331 3581 num.
2360 3529 2393 3581 '5
2416 3568 2431 3594 ,
2473 3540 2531 3583 ut
2577 3531 2927 3589 rationabiles
2968 3542 3175 3589 natura:
3202 3575 3217 3599 ,
3252 3551 3281 3590 a
3315 3538 3512 3607 quibus

1936 3634 2212 3686 tiuuquam
2262 3618 2508 3674 aufertur
2553 3621 2710 3677 liberi
2751 3622 2978 3679 facultas
3021 3626 3271 3692 arbitrii,
3304 3628 3518 3697 possint

1937 3709 2132 3762 iterum
2162 3710 2435 3779 aliquibus
2466 3713 2703 3770 motibus
2731 3715 3019 3784 subjacere
3042 3755 3060 3772 .
3088 3754 3104 3771 .
3128 3755 3144 3771 .
3166 3755 3183 3773 .
3219 3718 3372 3785 Quos
3406 3734 3517 3775 mo-

1938 3811 2022 3856 Ns
2059 3805 2175 3857 siue
2206 3805 2368 3857 dubio
2406 3821 2620 3861 rursum
2655 3807 2898 3863 varietas
2928 3823 3217 3878 corporum
3249 3821 3305 3866 et
3335 3811 3515 3868 diver-

1936 3895 2068 3947 sitas
2097 3906 2458 3965 prosequetur
2478 3936 2494 3964 ,
2525 3912 2593 3952 ex
2637 3913 2742 3967 qua
2777 3901 3007 3955 mundus
3041 3915 3257 3971 semper
3284 3905 3514 3958 adorna-

1939 3995 2046 4048 tur,
2092 4000 2191 4039 nec
2252 4001 2486 4055 unquam
2521 3990 2724 4057 poterit
2754 3990 2988 4045 mundus
3023 3992 3129 4046 nisi
3160 3994 3419 4050 varietate
3450 4010 3516 4052 ac

1936 4079 2254 4133 diversitate
2285 4088 2563 4147 constare,
2589 4081 2730 4150 quod
2761 4080 2896 4136 eﬂlci
2930 4083 3075 4141 nullo
3106 4100 3304 4154 genere
3334 4098 3516 4161 potest

1935 4180 2086 4223 extra
2121 4171 2401 4225 materiam
2431 4173 2797 4240 corporalem.
2835 4192 2853 4225 ι
2895 4176 3167 4232 Doctrinte
3198 4178 3364 4247 igitur
3405 4194 3516 4235 sute

1935 4262 2319 4315 cohaerentiam
2343 4264 2581 4317 servavit
2604 4263 2891 4336 Origenes,
2928 4276 2982 4321 et
3010 4269 3153 4339 quod
3185 4284 3253 4324 ex
3286 4271 3509 4342 dogma-

1938 4349 2080 4405 tibus
2113 4351 2225 4406 suis
2258 4351 2398 4407 ellici
2449 4355 2700 4423 putavit,
2758 4355 2812 4411 id
2873 4359 3161 4414 manifesta
3214 4362 3515 4419 assertione

1936 4442 2217 4497 decrevit:
2255 4459 2379 4499 nam
2445 4445 2499 4500 iu
2562 4449 2952 4517 sequentibus,
3020 4450 3323 4521 repudiatis
3375 4468 3515 4510 non-

1938 4537 2121 4603 nullis,
2164 4539 2256 4607 qui
2288 4538 2486 4593 mundo
2504 4538 2648 4594 huic
2672 4555 2832 4610 pares
2858 4556 3253 4613 usquequaque
3277 4545 3514 4603 mundos

1938 4645 2001 4684 ac
2030 4631 2342 4685 consimiles
2390 4631 2444 4685 in
2488 4630 2685 4687 futuris
2723 4632 2936 4688 saeculis
2964 4635 3261 4690 continenti
3301 4652 3517 4694 succes-

1939 4724 2092 4779 sione
2115 4725 2423 4794 prodituros
2452 4723 2815 4793 alIlrmabant,
2856 4727 2998 4795 quod
3043 4727 3276 4783 libertati
3304 4730 3516 4785 arbitrii

1939 4816 2178 4871 olliceret
2201 4818 2463 4885 ejusmodi
2488 4818 2792 4886 sententia;
2819 4818 2954 4875 alios
2977 4822 3219 4891 quidem,
3244 4824 3336 4877 sed
3360 4823 3518 4893 plane

1940 4908 2184 4965 diversos
2218 4910 2495 4965 conditum
2541 4909 2609 4964 iri
2662 4911 2887 4978 statuit;
2925 4927 2993 4966 an
3035 4924 3214 4968 autem
3246 4914 3518 4983 dignitate

1941 5000 2270 5068 superiores,
2342 5013 2408 5053 an
2473 4997 2787 5063 inferiores,
2861 4998 2947 5053 vel
3010 4999 3244 5070 mquales
3304 4999 3518 5055 nescire

1940 5106 1999 5146 se
2040 5090 2259 5145 fatetur.
2334 5090 2499 5145 Addit
2554 5099 2816 5161 praeterea
2873 5092 3132 5146 mundum
3189 5091 3366 5158 hunc,
3422 5089 3516 5161 qui

1939 5194 1993 5240 et
2048 5185 2162 5255 ipse
2220 5186 2475 5241 smculum
2546 5185 2782 5253 dicitur,
2839 5185 3133 5240 multorum
3196 5184 3513 5240 sarculorum

1939 5292 2062 5333 esse
2111 5278 2295 5345 tinctu,
2351 5294 2415 5335 ac
2484 5278 2775 5332 multorum
2833 5292 2996 5349 perm
3041 5277 3357 5333 sarculorum
3412 5277 3516 5334 inl-

1942 5370 2247 5441 tiuu1.;;Sed
2284 5371 2428 5426 velut
2457 5371 2768 5426 dubitanter
2800 5371 2875 5424 ait
2921 5369 3133 5424 tandem
3161 5381 3283 5439 post
3313 5370 3511 5426 multo-

1942 5481 2058 5519 rum
2108 5464 2429 5520 saeculorum
2479 5464 2809 5520 creationem
2843 5474 2899 5517 et
2947 5463 3223 5518 interitum
3252 5502 3267 5528 ,
3308 5460 3513 5533 aliquid

1938 5557 2149 5613 saeculis
2174 5556 2346 5626 majus
2373 5556 2427 5611 in
2456 5556 2698 5612 omnium
2723 5554 3065 5611 restitutione
3098 5554 3339 5610 futurum
3367 5568 3511 5624 esse,

1939 5664 2060 5704 cum
2115 5651 2252 5703 Deus
2307 5648 2411 5703 erit
2455 5650 2639 5704 omnia
2692 5647 2748 5704 in
2799 5647 3072 5703 omnibus.
3121 5647 3285 5704 Libro
3319 5645 3513 5704 deinde

1940 5741 2119 5811 operis
2161 5741 2402 5812 ejusdem
2453 5741 2633 5809 tertio,
2666 5754 2787 5810 cap.
2819 5740 2873 5807 5,
2920 5749 3205 5810 postquam
3251 5738 3508 5796 mundum

1935 5834 2189 5903 cmpissc,
2216 5842 2268 5889 et
2310 5833 2653 5891 interiturum
2685 5846 2806 5890 esse
2835 5832 3092 5901 ostendit,
3123 5830 3285 5901 objici
3319 5833 3511 5889 adver.
