4068 6308
636 371 769 430 1051

1906 368 1966 423 Ρ.
2010 361 2328 420 DANIELIS
2369 361 2600 418 IIUETII

3709 368 3826 423 i052

638 507 730 546 sus
772 491 910 545 hanc
958 489 1310 546 assertionem
1340 488 1522 544 solere
1550 487 1756 552 scribit,
1802 502 1948 542 num.
1977 486 2017 539 5
2048 503 2060 537 :
2106 505 2124 535 ι
2153 484 2208 538 Si

2312 483 2402 535 τὸν
2427 482 2537 554 γὰρ
2567 480 2894 553 δημιουργὸν
2942 479 3029 534 διά
3060 496 3118 532 τε
3159 478 3608 550 δημιουργήματα
3634 481 3824 556 ἀνάγκη,

639 580 806 650 cmpit
839 580 1067 634 mundus
1093 594 1156 634 ex
1186 589 1445 648 tempore,
1476 577 1604 646 quid
1635 585 1763 632 ante
1786 575 2017 630 faciebat
2043 575 2203 639 Deus,

638 684 798 739 quam
835 668 1065 723 mundus
1102 667 1409 736 inciperet?
1453 667 1692 722 Otiosam
1745 667 1889 721 enim
1921 675 1977 720 et
2017 667 2208 721 immo-

641 761 800 815 bilem
831 759 1012 813 dicere
1044 766 1295 812 natnram
1330 757 1420 812 Dei
1449 757 1673 828 impium
1713 764 1797 812 est
1825 755 1985 812 simul
2024 766 2079 810 et
2113 757 2208 810 ab-

640 851 882 912 surdum,
918 848 1001 904 vel
1049 858 1238 919 putare
1284 849 1433 920 quod
1485 845 1700 904 bonitas
1737 847 2030 917 aliquando
2073 847 2208 901 bene

638 957 746 996 non
799 940 1010 1005 fecerit,
1041 949 1096 994 et
1135 939 1528 1008 omnipotentia
1567 939 1862 1008 aliquando
1903 953 2008 992 non
2039 937 2210 1007 egerit

637 1040 997 1101 potentatum.
1025 1049 1043 1082 ι
1086 1031 1262 1096 Atque
1296 1031 1346 1084 id
1387 1033 1600 1086 demum
1628 1029 1887 1100 praeclare
1909 1028 2118 1084 solvere
2150 1042 2208 1082 se

613 1132 790 1194 putat
843 1123 945 1178 bac
993 1123 1393 1192 responsione:
1433 1142 1451 1175 ι
1479 1121 1589 1179 Nos
1638 1137 1766 1177 vero
1817 1127 2211 1188 consequenter

639 1215 1085 1284 respondebimus
1124 1215 1479 1270 observantes
1512 1213 1752 1282 regulam
1777 1213 2016 1281 pietatis,
2046 1221 2101 1266 et
2129 1210 2211 1264 di-

639 1317 847 1371 centes,
884 1309 1142 1378 quoniam
1175 1323 1279 1362 non
1331 1317 1459 1362 tunc
1508 1307 1738 1376 primum
1773 1321 1896 1361 cum
1942 1305 2207 1360 visibilem

636 1401 798 1454 istum
831 1400 1088 1452 mundum
1116 1398 1242 1453 fecit
1271 1397 1435 1464 Deus,
1469 1397 1638 1466 coepit
1669 1395 1916 1465 operari;
1947 1395 2042 1449 sed
2072 1394 2211 1449 sicut

637 1498 761 1559 post
788 1489 1189 1558 corruptionem
1239 1487 1400 1557 hujus
1427 1487 1534 1541 erit
1574 1488 1716 1541 alius
1757 1486 2008 1552 mundus,
2042 1487 2114 1538 ita
2155 1494 2211 1539 et

637 1592 925 1650 antequam
955 1578 1042 1634 hic
1068 1586 1234 1643 esset,
1267 1578 1433 1633 fuisse
1463 1577 1600 1632 alios
1621 1575 1923 1631 credimus.
1951 1595 1978 1627 ι.
2007 1575 2210 1645 Duplex

642 1672 725 1726 his
759 1669 1145 1725 conﬁrmandis
1194 1670 1416 1725 adhibet
1469 1668 1764 1737 Scriptum
1819 1667 2207 1733 testimonium,

639 1761 868 1816 alterum
913 1775 981 1815 ex
1026 1758 1175 1814 Isaiae
1203 1775 1327 1824 va,
1359 1759 1449 1823 ΓΙ,
1494 1767 1548 1812 et
1589 1773 1734 1824 vat,
1767 1757 1858 1822 22,
1890 1757 1980 1811 ubi
2009 1757 2208 1812 ccelum

641 1867 862 1915 novum,
906 1859 961 1904 et
1006 1860 1206 1905 terram
1247 1867 1438 1905 novatn
1491 1861 1798 1904 creatnrum
1855 1864 1913 1904 se
1969 1849 2212 1918 praedicit

623 1925 829 1997 Deus:
859 1942 1088 1994 alterum
1120 1957 1184 1995 ex
1213 1941 1423 1996 Eecles.
1463 1958 1504 2006 ι,
1543 1941 1597 2005 9,
1632 1939 1718 2006 10,
1743 1941 1883 2009 quod
1913 1949 1996 1993 est
2029 1938 2212 2009 hujus-

643 2034 788 2087 modi
816 2052 830 2087 :
863 2052 881 2083 ι
909 2032 1046 2098 Quid
1095 2042 1179 2086 est
1213 2033 1353 2100 quod
1407 2031 1550 2084 fuit?
1597 2031 1768 2100 ipsum
1800 2031 1942 2101 quod
1974 2031 2233 2090 futurum.

623 2135 727 2188 Vest
757 2144 770 2178 :
801 2126 937 2192 Quid
963 2135 1048 2178 est
1075 2127 1214 2192 quod
1251 2125 1448 2178 factum
1477 2125 1601 2179 est?
1636 2126 1808 2193 ipsum
1838 2125 1981 2193 quod
2012 2125 2214 2180 facien-

645 2220 769 2272 dum
799 2227 900 2272 est.
945 2216 1026 2270 Nil
1061 2216 1160 2270 sub
1207 2217 1320 2270 sole
1354 2232 1586 2282 novum;
1631 2231 1733 2271 nec
1762 2217 1903 2271 valet
1931 2219 2213 2287 quisquam

645 2311 827 2364 dicere
853 2327 866 2363 :
902 2309 1038 2363 Ecce
1071 2310 1172 2363 hoc
1204 2323 1389 2363 recens
1408 2318 1492 2364 est
1518 2326 1531 2362 :
1554 2308 1665 2376 jam
1691 2309 1835 2364 enim
1862 2311 2137 2378 praecessit
2161 2311 2214 2365 in

643 2401 858 2456 saeculis
907 2417 1026 2472 qua?
1082 2399 1304 2455 fuerunt
1353 2411 1480 2457 ante
1531 2417 1648 2457 nos.
1677 2421 1695 2454 ι
1754 2400 1986 2456 Mundos
2036 2411 2213 2457 autem

646 2497 782 2552 istos
811 2512 918 2551 non
954 2495 1134 2565 plures
1169 2494 1326 2550 simul
1361 2509 1501 2559 esse,
1536 2496 1626 2550 sed
1652 2504 1909 2564 perpetua
1940 2497 2081 2550 serie
2113 2497 2215 2550 sibi

645 2601 992 2642 successores
1033 2587 1144 2641 fore
1177 2595 1382 2641 censet.
1420 2588 1596 2655 Atque
1629 2587 1742 2640 haec
1773 2586 1885 2655 ipsa
1924 2589 2217 2656 reprehen-

646 2682 820 2749 sionis
843 2697 1004 2736 causa
1041 2681 1276 2735 indidem
1316 2683 1584 2737 transtulit
1618 2679 1982 2752 Hieronymus
2011 2682 2064 2734 in
2107 2683 2219 2752 epi-

645 2771 836 2826 stolam
873 2771 959 2832 59,
999 2773 1062 2823 ad
1096 2771 1236 2824 Avit.
1258 2811 1273 2835 ,
1324 2785 1443 2840 cap.
1475 2771 1528 2824 5.
1567 2770 1762 2824 Eadem
1796 2785 1957 2838 porro
1987 2782 2068 2825 est
2091 2771 2217 2826 Ori-

648 2862 866 2933 geniani
928 2860 1085 2928 hujus
1128 2860 1231 2914 loci
1274 2862 1650 2927 ratiocinatio,
1703 2875 1822 2931 qua
1875 2861 1996 2915 libri
2028 2877 2045 2916 ι
2074 2862 2217 2932 Περὶ

643 2951 868 3020 ἀρχῶν,
920 2967 1039 3022 cap.
1075 2951 1140 3019 2,
1194 2968 1344 3006 num.
1379 2952 1479 3013 lO,
1536 2953 1628 3006 ubi
1676 2954 1752 3005 ait
1795 2952 2217 3022 outnipotentem

648 3045 815 3099 Deum
840 3059 994 3107 esse,
1031 3046 1131 3100 hoc
1157 3055 1240 3102 est
1272 3045 1704 3116 παντοκράτορα,
1741 3055 2004 3114 quatenus
2039 3044 2219 3114 aliqua

2243 1821 2286 1877 B

2309 575 2403 628 atati.
2432 574 2523 628 τὸν
2556 575 2784 645 ποιητὴν
2810 573 2897 626 διὰ
2919 572 2989 625 τὰ
3015 572 3315 642 ποιήματα,
3345 574 3440 624 καὶ
3466 573 3551 624 τὸν
3582 581 3832 648 παντοκρά.

2307 684 2438 738 τορα
2472 665 2559 720 διὰ
2591 664 2660 718 τὰ
2690 663 3034 734 κρατούμενα
3067 661 3346 730 λέγεσθαι·
3388 661 3593 734 ἀνάγκη
3624 664 3672 730 ἐξ
3696 667 3830 739 ἀρχῆς

2307 759 2444 812 αὐτὰ
2469 757 2574 810 ὑπὸ
2607 755 2697 810 τοῦ
2724 755 2856 808 Θεοῦ
2881 753 3227 824 γεγενῆσθαι,
3261 755 3359 808 καὶ
3393 754 3467 825 μὴ
3507 752 3636 810 εἶναι
3660 759 3837 829 χρόνον,

2307 850 2398 903 ὅτε
2437 849 2537 903 οὐκ
2567 844 2634 919 ἦν
2672 849 2864 902 ταῦτα.
2926 847 2992 900 Et
3035 846 3228 901 deinde
3258 864 3273 900 :
3326 846 3488 900 Ἀλλὰ
3520 849 3608 900 καὶ
3634 848 3830 906 ἀλλοιοῦ-

2311 942 2457 1006 σθαι,
2491 942 2584 995 xui.
2616 941 2972 1013 μεταϐάλλειν
2995 939 3085 992 τὸν
3115 939 3388 1011 ἄτρεπτον
3411 941 3506 993 καὶ⁵
3531 941 3839 998 ἀναλλοίωτον

2312 1034 2654 1104 συμϐήσεται
2689 1033 2820 1086 Θεόν
2841 1052 2854 1064 ·
2894 1035 2942 1087 εἰ
2976 1033 3082 1104 γὰρ
3116 1031 3346 1104 ὕστερον
3374 1033 3633 1104 πεποίηκε
3662 1035 3714 1087 τὺ
3735 1038 3833 1100 πᾶν,

2309 1125 2468 1195 δῆλον
2488 1126 2573 1178 ὅτι
2601 1125 2706 1178 ἀπὸ
2737 1124 2828 1178 τοῦ
2857 1125 2929 1197 μὴ
2969 1127 3139 1177 ποιεῖν
3173 1127 3252 1188 εις
3289 1124 3354 1176 τὸ
3384 1128 3554 1178 ποιεῖν
3587 1127 3832 1196 μετέϐαλεν

2311 1216 2466 1270 τοῦτο
2511 1218 2568 1272 δὲ
2603 1217 2801 1271 ἄτοπον
2840 1217 2976 1288 μετὰ
3015 1215 3124 1270 τῶν
3158 1217 3600 1289 προειρημένων·
3629 1218 3717 1272 οὐκ
3753 1219 3834 1290 ἄρα

2308 1309 2530 1363 δυνατὸν
2581 1308 2759 1378 λέγειν
2810 1308 2882 1380 μὴ
2935 1305 3076 1363 εἶναι
3116 1309 3354 1380 ἄναρχον
3385 1310 3479 1362 καὶ
3515 1311 3751 1363 συναῖδιον

2310 1399 2429 1471 Θεῷ
2469 1401 2530 1454 τὸ
2559 1402 2699 1454 πᾶν·
2740 1420 2758 1452 ι
2781 1400 2837 1456 Si
2879 1417 2980 1456 non
3027 1411 3110 1456 est
3155 1401 3338 1471 opifex
3376 1401 3496 1456 sine
3523 1400 3744 1470 opiﬁciis,
3768 1404 3834 1458 vel

2312 1492 2557 1547 conditor
2605 1493 2724 1547 sine
2769 1506 2827 1547 re
2865 1492 3107 1554 condita,
3161 1507 3339 1560 neque
3373 1491 3711 1561 OmnipOIens
3740 1494 3835 1548 sine

2311 1586 2473 1639 rebus
2500 1582 2810 1655 gubernatis
2833 1601 2847 1648 ;
2880 1599 3003 1637 nam
3029 1583 3280 1652 opificem
3316 1597 3542 1638 necesse
3563 1593 3640 1638 est
3662 1595 3836 1655 propter

2309 1679 2550 1746 opiﬁria.
2595 1687 2650 1733 et
2705 1677 3042 1732 conditorem
3095 1687 3320 1746 propter
3373 1691 3462 1730 res
3515 1678 3756 1740 conditas,
3792 1689 3836 1732 et

2316 1770 2750 1838 Omnipotentem
2799 1777 3018 1835 propter
3069 1781 3156 1820 res
3214 1765 3548 1834 gubernatas
3602 1765 3730 1820 dici:
3762 1783 3835 1820 ne-

2315 1876 2476 1917 cesse
2514 1869 2599 1915 est
2627 1860 2694 1913 ab
2729 1859 2885 1913 initio
2935 1857 3051 1912 haec
3085 1873 3112 1911 a
3147 1857 3258 1912 Dt-o
3301 1855 3473 1911 fuisse
3504 1855 3669 1922 facta;
3697 1873 3836 1927 neque

2315 1968 2434 2010 esse
2463 1961 2698 2021 tempus,
2737 1951 2957 2019 quando
2987 1951 3101 2004 hrec
3130 1963 3234 2002 non
3272 1947 3534 2001 l'uerinm
3573 1947 3632 2002 Et
3650 1947 3829 2004 deinde:

2321 2065 2340 2097 ς
2366 2043 2470 2100 Sed
2503 2044 2704 2098 variari
2765 2053 2823 2098 et
2858 2041 3055 2096 mutari
3104 2038 3502 2094 immutabilem
3547 2049 3600 2092 et
3643 2039 3831 2092 invaria-

2315 2134 2477 2190 bilem
2512 2134 2679 2188 Deum
2713 2132 3012 2200 continget.
3063 2126 3199 2182 Nam
3229 2128 3277 2182 si
3319 2127 3511 2182 deinde
3534 2129 3694 2182 omnia
3721 2127 3830 2193 fecit,

2315 2225 2660 2281 manifestum
2693 2234 2773 2279 est
2809 2223 2957 2277 illum
2984 2237 3012 2277 a
3043 2237 3147 2276 non
3181 2222 3434 2276 faciendo
3474 2221 3537 2275 ad
3576 2221 3830 2276 faciendun

2317 2317 2598 2371 transisse.
2663 2314 2965 2368 Absurdum
3023 2321 3202 2366 autem
3277 2312 3410 2366 illud
3467 2327 3532 2366 ex
3580 2312 3829 2367 antedictis.

2321 2408 2438 2464 Dici
2477 2421 2604 2477 ergo
2640 2420 2745 2460 non
2783 2413 2962 2475 potest
2993 2419 3097 2458 non
3132 2418 3256 2459 esse
3282 2403 3533 2474 principii
3576 2418 3761 2472 expers,
3793 2413 3832 2456 et

2319 2505 2430 2560 Deo
2461 2511 2788 2556 coreternnm
2821 2499 2925 2552 hoc
2963 2497 3301 2551 universum.
3330 2514 3348 2546 ι
3383 2492 3614 2564 Dignum
3650 2503 3696 2548 et
3728 2493 3830 2547 istud

2317 2604 2402 2648 est
2429 2587 2901 2645 animadversione
2939 2587 3079 2657 quod
3124 2587 3203 2640 ait
3265 2584 3615 2640 Adamantius
3640 2582 3832 2638 homilnl

2318 2687 2373 2738 in
2414 2683 2635 2746 Isaiam,
2689 2695 2834 2734 num.
2863 2680 2917 2742 l,
2967 2697 2985 2729 ι
3011 2679 3139 2745 Quae
3183 2686 3317 2732 ante
3364 2679 3612 2732 mundmn
3657 2673 3826 2736 iuerint,

2320 2775 2662 2843 ignoramus;
2710 2771 2927 2824 fuerunt
2976 2783 3137 2839 porro
3166 2768 3419 2837 quaedam
3448 2779 3567 2820 ante
3607 2764 3825 2819 mundu.

2320 2864 2448 2932 Qua:
2483 2872 2603 2933 post
2642 2861 2904 2917 mundum
2949 2868 3204 2915 secutura
3255 2866 3408 2923 sunt,
3455 2858 3519 2910 ad
3549 2865 3726 2910 certum
3751 2867 3828 2924 non

2321 2952 2814 3023 apprehendimus;
2853 2959 3016 3004 erunt
3041 2961 3220 3004 autem
3265 2948 3370 3003 alia
3406 2956 3523 3017 post
3553 2947 3821 3001 mundun.»

2320 3043 2398 3097 Ne
2429 3045 2551 3112 quis
2583 3061 2712 3096 vero
2752 3042 2843 3096 Dei
2890 3041 3084 3096 Filium
3132 3042 3221 3094 hic
3282 3040 3566 3110 intelligat,
3610 3037 3687 3108 qui
3733 3044 3829 3090 ante

649 3135 813 3190 habet
843 3135 894 3189 in
927 3151 1047 3204 quae
1080 3136 1375 3204 potentiam
1406 3152 1555 3190 suam
1588 3150 1846 3190 exercere
1872 3137 2040 3204 possit
2073 3155 2086 3190 :
2121 3153 2140 3185 ι
2166 3145 2220 3189 et
2247 3154 2289 3213 ο
2324 3136 2515 3190 szecula
2564 3153 2591 3187 a
2635 3135 2796 3190 Patre
2833 3136 3044 3206 genitus
3077 3145 3180 3200 est,
3211 3135 3297 3190 vel
3328 3135 3579 3204 Spiritum
3613 3137 3827 3192 sanctum,

648 3227 794 3294 ideo,
843 3238 898 3281 ut
931 3228 1274 3296 omnipotens
1320 3229 1639 3282 ostendatur
1668 3225 1836 3290 Deus,
1879 3227 2058 3280 omnia
2088 3226 2219 3281 sul)-

649 3317 843 3372 sistere
870 3332 1090 3372 necesse
1127 3332 1286 3372 esse:
1315 3337 1333 3368 ι
1371 3318 1512 3385 quod
1551 3317 1601 3371 si
1630 3317 1756 3387 quis
1789 3316 2081 3381 aliquando
2117 3330 2223 3368 non

650 3409 818 3465 fuisse
845 3411 976 3465 velit
1001 3427 1062 3466 ea
1099 3425 1218 3478 qua:
1255 3410 1516 3480 deinceps
1541 3409 1679 3465 facta
1716 3419 1860 3475 sunt,
1893 3409 2016 3462 huic
2054 3407 2227 3460 laten-

650 3505 778 3557 dum
815 3519 936 3558 esse
973 3504 1280 3559 necessario
1311 3503 1735 3571 omnipotentem
1758 3511 1894 3560 tunc
1929 3515 2032 3554 non
2059 3499 2226 3554 fuisse

652 3593 844 3671 Deum,
881 3596 1327 3664 omnipotentiam
1369 3609 1496 3650 vero
1531 3594 1723 3648 deinde
1765 3594 2064 3662 accepisse,
2101 3609 2225 3648 cum

651 3685 854 3742 habere
877 3687 1048 3756 coepit
1078 3702 1200 3756 qua:
1231 3686 1468 3756 potentia
1499 3700 1597 3739 sua
1643 3686 1988 3755 gubernaret.
2027 3703 2045 3736 ‹
2074 3683 2228 3752 Quod

652 3777 700 3832 si
750 3793 1026 3846 nunquam
1077 3789 1180 3840 est,
1223 3779 1416 3846 inquit,
1473 3778 1690 3847 quando
1739 3790 1845 3830 non
1890 3776 2228 3845 omnipotens

656 3870 840 3933 fuerit,
883 3871 1186 3923 necessario
1234 3870 1534 3924 subsistere
1564 3878 1778 3938 oportet
1827 3868 1990 3923 etiam
2033 3882 2096 3921 ea
2133 3882 2226 3936 per

656 3976 778 4030 quae
801 3963 1144 4029 omnipotens
1169 3962 1387 4026 dicitur,
1417 3971 1470 4014 et
1501 3975 1713 4030 semper
1741 3961 1921 4014 habuit
1953 3961 2003 4012 in
2034 3961 2229 4028 quibus

657 4053 965 4105 exercuerit
996 4061 1357 4120 potentatum,
1404 4063 1459 4106 et
1502 4067 1622 4120 qua:
1653 4052 1854 4105 fuerint
1883 4052 1948 4105 ab
1987 4053 2122 4119 ipso,
2146 4050 2231 4105 vel

658 4155 805 4212 rege,
848 4143 935 4196 vel
971 4143 1209 4211 principe
1253 4144 1550 4198 moderata.
1584 4164 1602 4196 ι
1652 4143 1900 4199 Oliiciose
1931 4144 2145 4212 quidem
2179 4155 2233 4198 et

641 4234 833 4298 ,atnico
870 4235 1132 4289 adversus
1163 4235 1453 4305 Origenem
1504 4236 1687 4290 animo
1710 4276 1726 4300 ,
1770 4244 1826 4288 at
1871 4251 1976 4288 non
2012 4235 2231 4303 perinde

658 4340 805 4392 vere,
829 4327 881 4380 id
906 4327 1007 4382 sibi
1030 4326 1166 4382 velle
1195 4342 1317 4382 eum
1343 4327 1566 4382 adnotat
1591 4326 1991 4392 Genebrardus,
2020 4345 2037 4377 ε
2066 4326 2229 4381 Deum

661 4422 878 4478 Patrem
909 4421 1356 4490 omnipotentiam
1391 4436 1541 4475 suam
1595 4419 1918 4487 ostendisse,
1973 4420 2098 4474 dum
2142 4436 2232 4491 ge-

2324 3229 2414 3297 qui
2452 3243 2834 3296 nunquamnon
2872 3228 2940 3282 ab
2987 3236 3219 3296 utroque
3247 3226 3532 3297 processit,
3562 3236 3708 3292 aquas
3743 3218 3830 3272 illas

2325 3335 2484 3388 super
2530 3336 2665 3389 quas
2729 3319 3004 3374 ferebatur
3049 3319 3294 3390 Spiritus
3351 3319 3478 3382 Dei,
3523 3329 3574 3370 et
3635 3312 3830 3366 tenebras

2325 3427 2444 3482 quae
2495 3420 2648 3466 erant
2713 3427 2873 3480 super
2924 3411 3119 3466 faciem
3171 3412 3381 3482 abyssi,
3411 3416 3611 3463 creatas
3644 3403 3829 3474 quidem

2325 3504 2416 3558 sed
2453 3512 2629 3557 tamen
2673 3505 2874 3559 mundo
2907 3504 3249 3572 antiquiores
3311 3501 3599 3570 intelligere
3623 3512 3673 3552 se
3697 3491 3832 3547 decla-

2327 3605 2429 3649 rat.
2474 3594 2542 3648 Et
2575 3596 2791 3649 demum
2821 3613 2836 3649 :
2889 3612 2906 3644 ι
2935 3595 3028 3660 Ea,
3063 3594 3258 3661 inquit,
3299 3601 3566 3660 qum,post
3590 3599 3830 3641 eXtremtm

2326 3687 2582 3742 smculum
2609 3687 2786 3740 futura
2826 3695 2953 3740 sunt
2977 3685 3028 3738 in
3058 3684 3254 3738 saecula
3283 3683 3588 3738 szeculorum
3617 3677 3719 3748 quis
3760 3691 3831 3742 pu-

2329 3759 2434 3833 test
2476 3778 2780 3847 exponere?
2830 3775 3182 3831 Garrulorum
3223 3784 3309 3829 est
3367 3773 3631 3828 hominum
3683 3767 3835 3820 horum

2330 3870 2582 3926 notitiam
2629 3868 2896 3938 polliceri.
2927 3887 2945 3918 ι

2402 3961 2555 4029 Quod
2585 3971 2762 4014 autem
2795 3960 3080 4014 materiam
3102 3959 3210 4013 Dco
3231 3962 3551 4013 comt'ernam
3571 3952 3831 4019 impugnans

2333 4053 2552 4109 disserit
2585 4054 2639 4107 in
2666 4047 2967 4106 Comment.
3003 4053 3058 4105 in
3088 4050 3273 4105 Gener.
3304 4066 3344 4114 ι,
3376 4049 3461 4112 12,
3484 4057 3532 4101 et.
3552 4045 3630 4098 lib.
3652 4057 3682 4093 ιι
3716 4033 3828 4103 Περὶ

2331 4145 2553 4216 ἀρχῶν,
2604 4160 2723 4214 εθβο
2754 4147 2805 4210 ί,
2852 4159 3004 4202 num.
3035 4144 3091 4208 4,
3138 4144 3219 4198 sic
3269 4139 3620 4210 accipiendum
3643 4139 3738 4192 est;
3770 4141 3830 4178 re-

2335 4239 2566 4309 pudiare
2614 4253 2736 4291 eum
2796 4237 3013 4306 quidem
3070 4235 3355 4290 materiam
3422 4232 3556 4286 illam
3601 4223 3825 4309 ἀγένητοῇ

2333 4341 2452 4385 ortu
2481 4340 2536 4386 et
2568 4329 2838 4399 principio
2871 4337 3170 4394 carentem,
3200 4327 3416 4396 qualem
3443 4323 3722 4377 invexerant
3743 4306 3827 4378 phi-

2333 4422 2544 4492 losophi
2578 4420 2795 4492 quidam
2821 4459 2837 4485 ,
2877 4429 2934 4474 et
2965 4418 3296 4474 Marcionita:
3338 4411 3696 4472 defendebant,
3749 4399 3825 4451 Deo

661 4513 777 4568 nuit
815 4513 1008 4568 Filium
1043 4533 1057 4568 :
1107 4530 1172 4569 ac
1209 4515 1313 4569 nisi
1353 4515 1650 4586 genuisset,
1705 4529 1812 4570 non
1860 4514 2030 4570 fuisse
2056 4515 2231 4570 omni-
2263 4508 2305 4562 D
2336 4527 2592 4578 coaevam,
2633 4510 2944 4565 etalterum
2995 4526 3177 4566 rerum
3233 4493 3545 4580 principium
3577 4517 3590 4555 :
3623 4510 3669 4552 at
3702 4492 3822 4586 nihilo

661 4616 977 4677 potentem:
1011 4627 1029 4660 ι
1078 4625 1203 4663 nam
1248 4611 1314 4664 de
1367 4609 1530 4664 rebus
1577 4622 1803 4663 numero
1852 4607 2118 4677 pluribus,
2179 4607 2230 4661 itt

641 4711 784 4768 tquic
836 4697 1125 4765 imperium
1166 4710 1348 4754 teneat
1401 4702 1561 4766 Deus,
1611 4714 1715 4754 non
1765 4699 1832 4753 de
1877 4714 1985 4753 una
2030 4699 2229 4769 aliqua,

636 4785 840 4855 ,qnalis
881 4796 963 4841 est
996 4785 1191 4853 Filius,
1225 4804 1386 4859 agere
1415 4789 1702 4859 Origenem
1735 4788 2082 4844 manifestum
2114 4799 2229 4844 est:

639 4881 764 4934 sed
823 4887 878 4933 et
929 4891 1015 4932 res
1061 4888 1274 4933 creatas
1321 4879 1375 4933 in
1415 4881 1597 4934 animo
1648 4881 1900 4935 habuisse
1942 4880 2073 4933 satis
2103 4879 2230 4933 illud

663 4970 861 5026 evincit
892 4968 1034 5039 quod
1066 4969 1308 5037 sequitur
1336 4988 1349 5023 :
1395 4990 1412 5021 ι
1442 4971 1512 5026 De
1543 4971 1737 5040 quibus
1769 4970 1980 5040 plenius
2011 4971 2064 5024 in
2101 4970 2232 5025 locis

665 5060 916 5129 propriis,
956 5061 1008 5114 in
1052 5059 1246 5129 quibus
1291 5062 1355 5114 de
1395 5061 1660 5116 creaturis
1706 5060 1823 5128 ejus
1852 5061 2233 5130 disputandum

667 5151 852 5217 fuerit,
886 5153 1234 5208 disseremus.
1266 5171 1284 5204 ι
1330 5153 1406 5205 Ac
1443 5153 1688 5221 superior
1733 5153 1822 5209 ille
1863 5154 2012 5208 locus
2045 5153 2236 5222 Orige-

642 5239 755 5305 ,nis
785 5242 868 5296 vel
903 5244 1039 5298 alter
1090 5253 1235 5298 certe
1279 5243 1375 5310 ipsi
1422 5244 1736 5310 consimilis,
1783 5245 2015 5300 refertur
2063 5259 2093 5299 a
2133 5244 2238 5300 Me-

673 5332 860 5387 thodio
889 5335 939 5387 in
985 5337 1118 5390 libro
1146 5336 1283 5404 Περὶ
1324 5334 1440 5390 τῶν
1471 5326 1753 5404 remedia,
1791 5339 1954 5408 cujus
1982 5347 2237 5407 excerpta

669 5423 839 5480 habet
861 5425 1084 5482 Pholius
1117 5430 1235 5482 cod.
1265 5443 1492 5483 ccxxxv.
1529 5428 1592 5480 Εἰ
1622 5427 1903 5493 οὐκέστιν,
1934 5428 2123 5496 inquit,
2149 5427 2241 5498 δη-

673 5518 931 5589 μιουργὸς
956 5519 1080 5573 ἄνευ
1099 5520 1290 5591 δημιου
1301 5538 1400 5591 ργη
1410 5519 1613 5590 μάτων,
1636 5519 1667 5591 ἦ
1693 5520 1917 5591 ποιητὴς
1934 5519 2061 5573 ἄνευ
2092 5537 2242 5590 ποιη-

677 5611 894 5678 μάτων,
929 5612 1049 5665 οὐδὲ
1079 5615 1472 5684 παντοκράτωρ
1514 5612 1641 5667 ἄνευ
1682 5612 1789 5664 τῶν
1827 5613 2234 5682 κρατουμένωνο

745 5725 856 5793 (53)
903 5727 1005 5780 Sed
1043 5739 1164 5781 ante
1212 5728 1408 5781 sa'cula
1453 5730 1526 5781 ila
1565 5746 1596 5782 a
1633 5729 1742 5782 Deo
1777 5741 2130 5794 procreatam,
2175 5738 2231 5782 ut

675 5790 846 5846 lumen
903 5812 934 5848 α
981 5795 1088 5849 sole
1138 5798 1506 5865 proﬁciscitur.
1563 5800 1691 5856 Vide
1740 5790 1902 5868 supra
1957 5809 2144 5868 (μείξει.
2174 5801 2232 5866 2,

2335 4607 2515 4660 secius
2561 4605 2840 4660 materiam
2879 4603 3039 4656 aliam
3093 4601 3399 4664 admittere,
3442 4611 3541 4652 non
3581 4600 3709 4648 ortus
3731 4584 3815 4652 αυί·

2337 4701 2456 4754 dem
2481 4707 2538 4752 et
2563 4695 2816 4766 principii
2855 4703 3160 4763 expertem,
3193 4693 3306 4763 (53)
3337 4691 3428 4747 sed
3457 4699 3570 4742 ante
3594 4677 3750 4738 saecula
3774 4675 3820 4726 ita

2339 4805 2370 4843 a
2397 4789 2504 4843 Deo
2534 4797 2893 4858 procreatam,
2937 4795 3000 4840 ut
3069 4786 3255 4840 lumen
3302 4800 3330 4837 a
3370 4781 3477 4837 sole
3512 4767 3816 4849 proﬁciscitur.

2340 4883 2396 4936 ln
2429 4897 2495 4936 eo
2527 4895 2657 4952 ergo
2693 4879 2763 4933 ab
2789 4879 3064 4934 haereticis
3095 4877 3200 4932 illis
3227 4873 3583 4935 dissentiebat,
3612 4858 3816 4958 quodduo

2341 4975 2394 5029 bi
2432 4989 2610 5028 rermn
2649 4972 2913 5042 principia
2948 4982 3234 5040 ponerent,
3271 4971 3453 5030 Deum,
3495 4972 3545 5017 et
3581 4959 3812 5042 materiam.

2341 5077 2628 5134 utrumque
2667 5064 2884 5132 utrique
2917 5072 3274 5127 coaeternum,
3328 5067 3562 5115 neutrum
3607 5046 3664 5099 ab
3694 5040 3816 5094 altero

2339 5157 2618 5224 pendens;
2671 5153 2759 5209 ille
2804 5154 2970 5208 Deum
3025 5155 3245 5208 unicum
3302 5165 3474 5207 rerum
3519 5136 3813 5196 universarum

2337 5255 2604 5302 statueret
2647 5239 2971 5316 principium
2999 5289 3013 5313 ,
3071 5245 3161 5314 qui
3221 5241 3492 5298 materiam
3531 5247 3590 5288 ex
3627 5241 3675 5282 se
3717 5231 3815 5314 ηυῐξσ

2339 5354 2616 5408 quamnon
2657 5341 3004 5407 produxerat.
3055 5336 3282 5392 Mundus
3331 5340 3496 5388 autem
3544 5338 3603 5377 ex
3647 5317 3812 5408 ηιξηθηξ

2343 5405 2432 5486 illa
2485 5405 2740 5500 deinceps
2788 5429 3012 5485 conﬂari
3061 5429 3317 5498 tingebat.
3372 5425 3442 5478 lta
3475 5405 3759 5478 discrepabat
3777 5405 3814 5500 Aa

2343 5498 2728 5586 Marcionistis,
2764 5523 3018 5590 quamvis
3071 5521 3304 5589 ipsorum
3344 5501 3641 5584 argumentis
3678 5498 3812 5590 utere:

2347 5625 2450 5669 tur.
2499 5615 2892 5682 Hermogenem
2939 5614 3083 5668 enim
3143 5611 3448 5668 haereticum
3495 5596 3656 5653 eodem
3698 5575 3813 5636 modo

2345 5747 2492 5784 num.
2515 5730 2607 5795 Ἡ,
2638 5731 3049 5784 observationes
3069 5739 3280 5784 nostras
3298 5729 3347 5782 in
3374 5725 3478 5777 haec
3496 5704 3647 5795 lquiii
3663 5692 3807 5795 V35“:

2347 5799 2419 5854 ιἐῙ
2446 5802 2565 5869 quia
2587 5775 2862 5856 incuriam
2885 5817 2910 5855 e
2939 5817 3038 5870 qua
3065 5802 3322 5869 conﬂatus
3348 5802 3414 5851 est
3438 5780 3653 5842 mundus,
3677 5775 3759 5823 εκ*
