4068 6308
302 413 445 472 1053

1121 414 1694 474 οιιιοΕΝιΑΝοιιιιιι
1732 415 1860 473 LIB.
1904 416 1969 485 ll,
2009 417 2162 473 CAP.
2196 417 2263 481 ιι,
2300 412 2576 483 QUAEST.
2620 412 2729 465 xu.

3402 407 3545 464 1054

297 531 684 588 ratiocinatum
734 547 856 589 esse
905 535 1074 590 refert
1104 534 1466 592 'l'ertullianus
1528 537 1665 595 libro
1711 552 1876 607 pecu-
1905 541 1950 599 Α
1978 548 2033 593 et
2072 536 2225 592 Isaia:
2260 536 2398 600 loco,
2433 535 2497 589 ad
2537 548 2696 604 quem
2734 529 2868 585 falsa
2902 526 3344 595 interpretatione
3373 527 3548 582 detor-

297 625 422 679 liari
460 627 636 697 ipsum
668 642 1021 698 oppugnans;
1068 627 1234 682 Deum
1264 630 1412 684 enim
1450 630 1629 685 aiebat
1662 644 1873 699 semper

298 716 472 773 fuisse
505 720 829 786 Dominum;
876 719 1167 775 Dominum
1205 730 1384 776 autem
1429 724 1498 778 ab
1543 725 1687 779 omni
1729 732 1874 778 retro

297 824 420 865 avo
452 825 572 866 esse
600 825 703 866 non
740 811 1000 879 potuisse,
1039 812 1139 865 nisi
1169 827 1384 879 semper
1418 812 1612 868 fuisset
1647 814 1872 884 aliquid,

297 902 460 971 cuius
501 912 642 959 esset
681 903 976 969 Dominus;
1019 904 1355 975 proindeque
1389 906 1628 960 materiae
1658 921 1875 975 semper

297 994 591 1051 Dominum
622 994 827 1061 fuisse;
860 995 1005 1049 unde
1030 994 1265 1051 edicitur
1286 1010 1671 1065 nunquamnon
1707 997 1873 1055 fuisse

295 1085 608 1140 materiam.
650 1084 796 1140 Hanc
826 1087 1296 1142 ratiocinationem
1322 1103 1351 1143 a
1386 1088 1662 1144 veteribus
1699 1091 1874 1154 philo-

294 1178 485 1247 sophis
515 1186 861 1246 sumpserant
891 1177 1255 1235 Marcionistae
1280 1220 1295 1246 ,
1338 1195 1567 1250 eamque
1598 1183 1650 1236 in
1682 1181 1873 1238 Proclo

292 1269 502 1325 obterit
540 1268 870 1340 Philoponus
901 1270 974 1326 De
1002 1271 1295 1326 wternitate
1338 1273 1542 1326 mundi.
1579 1274 1650 1327 At
1679 1289 1871 1343 quam-

298 1364 387 1418 vis
415 1362 670 1417 mundum
702 1377 768 1417 ex
804 1363 1029 1417 materia
1060 1364 1275 1433 quidem
1321 1374 1558 1429 aeterna,
1590 1366 1619 1420 a
1646 1366 1753 1421 Deo
1787 1376 1871 1421 ta-

292 1467 424 1507 men
470 1452 746 1507 conditum
791 1450 993 1507 dixerit
1044 1462 1165 1522 post
1188 1453 1467 1510 Socratem
1500 1453 1686 1522 Plato;
1734 1464 1790 1510 et
1818 1455 1873 1510 in

292 1552 541 1613 tempore
589 1558 801 1615 quoque
839 1553 1082 1600 creatum
1130 1544 1512 1614 aﬂirmaverit,
1551 1555 1612 1602 ut
1656 1548 1875 1603 tradunt

294 1637 642 1703 Ambrosius,
696 1646 751 1692 et
799 1636 1093 1694 Zacharias
1144 1638 1524 1711 Mitylenaaus;
1575 1647 1738 1710 atque
1797 1641 1872 1696 ita

292 1729 502 1786 dixisse
529 1745 654 1785 eum
670 1730 990 1785 Aristoteles
1013 1742 1066 1785 et
1086 1730 1496 1801 Theophrastus
1519 1734 1868 1800 censuerint;

294 1820 561 1876 Platonici
613 1830 789 1876 tamen
836 1823 1189 1889 recentiores,
1231 1831 1290 1878 ut
1333 1824 1653 1896 magistrum
1713 1840 1869 1881 suum

1933 640 2089 703 .tnm
2158 629 2511 700 interpolatas
2578 626 2698 680 illas
2760 621 3227 692 philosopltorumf
3263 620 3547 691 opiniones

1974 723 2322 779 concinnavit
2350 721 2443 775 lib.
2468 736 2530 775 tu
2563 715 2704 786 Περὶ
2742 712 2964 784 ἀρχῶν,
3005 726 3123 781 cap.
3161 712 3215 775 5,
3251 728 3400 767 num.
3427 712 3480 768 5.

2044 904 2110 961 γ.
2142 890 2358 958 Minime
2390 901 2518 957 illud
2552 900 2768 970 quidem
2815 895 3037 954 silentio
3063 912 3310 967 pressum
3357 894 3545 958 Patres

1974 997 2192 1068 Origeni
2230 994 2622 1059 condonarunt,
2672 1006 2796 1046 nam
2836 1001 2890 1046 et
2927 990 3192 1046 refellitur
3220 1006 3245 1043 a
3276 987 3546 1043 Methoilio

1976 1090 2403 1163 apud_Photium,
2430 1087 2551 1143 cod.
2584 1100 2813 1151 ccxxxv,
2841 1092 2895 1138 et
2928 1085 2995 1139 ab
3034 1082 3359 1153 Hieronymo
3387 1081 3543 1151 epist.

1974 1185 2066 1250 59,
2093 1183 2159 1238 ad
2194 1181 2361 1244 Avit.,
2389 1196 2505 1250 cap.
2530 1179 2584 1245 2,
2604 1180 2686 1235 his
2716 1175 2897 1232 verbis
2925 1194 2937 1231 :
2976 1195 2996 1228 ι
3038 1177 3096 1231 1η
3115 1176 3349 1231 secundo
3370 1183 3547 1229 autem

1975 1277 2122 1333 librat
2156 1274 2297 1343 Περὶ
2338 1272 2541 1342 ἀρχῶν
2579 1271 2807 1326 mundos
2844 1269 3039 1324 asserit
3094 1266 3545 1332 innumerabiles,

1976 1386 2081 1426 non
2112 1369 2264 1437 juxta
2296 1366 2586 1435 Epicurum
2617 1378 2725 1417 uno
2771 1371 3015 1433 tempore.
3057 1359 3318 1431 plurimos
3363 1367 3418 1412 et
3461 1360 3546 1414 sui

1975 1463 2195 1529 similes,
2241 1460 2337 1515 sed
2376 1466 2493 1528 post
2515 1456 2737 1511 alterius
2763 1454 2946 1509 mundi
2980 1453 3140 1508 finem
3169 1449 3394 1506 alterius
3428 1463 3548 1507 esse

1973 1552 2293 1627 principium
2330 1560 2422 1605 :et
2445 1557 2574 1605 ante
2602 1548 2747 1602 hunc
2788 1556 3032 1601 nostrum
3073 1544 3353 1609 mundum,
3385 1542 3547 1597 alium

1975 1646 2143 1703 fuisse
2169 1645 2423 1699 mundum
2461 1661 2479 1697 τ
2507 1650 2559 1697 et
2588 1650 2706 1710 post
2726 1640 2870 1695 hunc
2889 1638 3051 1692 alium
3076 1651 3195 1692 esse
3212 1636 3474 1700 futurum,
3494 1643 3550 1689 et

1974 1750 2097 1813 post
2120 1738 2269 1794 illum
2291 1735 2475 1802 alium,
2506 1746 2836 1801 rursumque
2860 1739 2977 1799 post
2995 1738 3239 1785 caeteros.
3264 1724 3549 1781 Etdubitat

1976 1842 2156 1887 utrum
2192 1829 2403 1884 futurus
2438 1827 2509 1881 sit
2532 1824 2763 1879 mundus
2793 1821 2948 1877 alteri
2986 1822 3186 1876 mundo
3211 1820 3284 1873 ita
3310 1833 3376 1874 ex
3402 1819 3548 1873 omni

296 1926 422 1965 cum
448 1911 745 1967 Aristotele
774 1913 1151 1982 conciliarent,
1191 1913 1394 1969 factum
1437 1916 1655 1985 quidem
1709 1933 1871 1972 mun-
1903 1916 1948 1972 B
1974 1933 2126 1996 parte
2156 1919 2472 1986 consimilis,
2510 1926 2569 1972 ut
2607 1916 2751 1970 nullo
2787 1917 2928 1970 inter
2972 1929 3031 1969 se
3074 1913 3274 1967 distare
3325 1912 3547 1965 videan-

298 2002 426 2056 dum
473 2002 677 2058 dixisse
715 2002 991 2059 Platonem
1045 2004 1369 2072 fatebantur,
1419 2014 1476 2061 at
1528 2008 1595 2063 ab
1630 2018 1867 2066 aeterno:

298 2094 432 2148 adeo
464 2102 521 2147 ut
561 2094 825 2165 principio
861 2094 1134 2163 temporis,
1165 2102 1394 2162 careret,
1425 2097 1518 2152 sed
1544 2098 1869 2169 principium

297 2200 497 2251 causae,
555 2185 719 2239 Deum
753 2200 943 2255 nempe
986 2186 1247 2254 haberet;
1294 2206 1312 2240 ι
1342 2203 1442 2244 nec
1472 2189 1619 2246 esset
1649 2192 1753 2247 hoc
1792 2194 1871 2248 vi-

297 2276 491 2331 delicet
521 2278 795 2347 temporis,
830 2277 924 2333 sed
956 2278 1352 2335 substitutionis
1388 2280 1622 2347 initium,
1646 2302 1664 2335 ι
1701 2291 1761 2338 ut
1794 2284 1872 2340 ait

298 2369 630 2439 Augustinus
662 2369 753 2425 lib.
777 2386 814 2425 ι
845 2370 924 2427 De
956 2373 1098 2428 civit.
1126 2371 1241 2437 Dei,
1278 2387 1397 2444 cap.
1425 2374 1516 2442 3i,
1558 2374 1649 2445 qui
1685 2385 1739 2431 et
1768 2376 1872 2433 hoc

299 2460 706 2529 comparatione
758 2462 993 2531 quadam
1049 2463 1308 2534 explicari
1367 2480 1394 2517 a
1454 2464 1749 2523 Platonicis
1796 2468 1871 2523 ita

299 2550 489 2604 scribit
521 2568 537 2604 :
587 2570 605 2602 ι
632 2552 782 2607 Sicut
825 2555 996 2621 enim,
1032 2555 1302 2625 inquiunt,
1332 2557 1375 2611 si
1419 2572 1513 2625 pes
1542 2573 1608 2613 ex
1650 2559 1870 2614 aeterni-

298 2650 409 2695 tate
438 2657 653 2713 semper
680 2643 875 2701 fuisset
904 2647 957 2699 in
989 2646 1243 2717 pulvere,
1279 2664 1494 2719 semper
1526 2651 1575 2705 ei
1627 2651 1873 2705 subesset

295 2735 583 2803 vestigium
612 2753 626 2802 ;
654 2736 796 2805 quod
826 2748 1004 2792 tamen
1030 2740 1313 2810 vestigium
1337 2756 1367 2795 a
1394 2741 1638 2797 calcante
1670 2742 1869 2797 factum

294 2839 457 2880 nemo
512 2826 819 2894 dubitaret,
865 2844 964 2883 nec
1011 2829 1241 2883 alterum
1285 2831 1456 2886 altero
1493 2832 1646 2902 prius
1707 2842 1869 2899 esset,

297 2919 549 2987 quamvis
598 2918 823 2975 alterum
873 2921 941 2975 ab
986 2920 1157 2975 altero
1186 2920 1387 2977 factum
1419 2933 1564 2978 esset
1600 2940 1615 2978 :
1657 2923 1756 2988 sic,
1788 2924 1871 2979 in-

295 3013 512 3081 quiunt,
545 3022 595 3067 et
634 3012 884 3079 mundus,
911 3024 1071 3084 atque
1106 3015 1159 3069 in
1188 3015 1277 3071 illo
1310 3016 1386 3071 dii
1418 3019 1607 3082 creati,
1642 3026 1698 3072 et
1733 3032 1874 3072 sem-

295 3120 396 3174 per
430 3104 670 3170 fuerunt,
698 3120 910 3175 semper
948 3108 1242 3162 exsistente
1280 3108 1373 3179 qui
1416 3106 1566 3173 fecit,
1610 3118 1663 3163 et
1693 3117 1873 3163 tamen

297 3198 425 3253 facti
475 3208 620 3254 sunt.
653 3218 673 3251 ι
732 3199 907 3269 Atque
962 3200 1102 3256 hanc
1149 3200 1317 3255 fuisse
1351 3200 1593 3256 Platonis
1637 3210 1873 3256 mentem

298 3290 627 3357 portendunt
659 3290 910 3358 Boetius;
940 3290 1253 3362 Simplicius
1292 3292 1441 3356 item,
1479 3291 1711 3356 Taurus,
1741 3292 1876 3345 Por-

298 3384 523 3454 phyrius
565 3394 620 3440 et
670 3384 927 3461 Proetus;
986 3385 1340 3461 Censorinus,
1370 3386 1628 3456 Apuleius
1665 3395 1719 3440 et
1765 3385 1876 3440 Ma-

298 3473 544 3532 crobius.
605 3458 847 3546 Vigente.
878 3476 980 3533 bac
1026 3458 1208 3547 itaque
1236 3477 1488 3547 Origenis
1524 3477 1875 3547 temporibus,

299 3579 354 3621 et
388 3567 546 3637 vulgo
580 3568 721 3621 inter
748 3565 1059 3623 Platonicos
1092 3578 1307 3638 recepta
1336 3567 1638 3634 sententia,
1669 3567 1723 3621 in
1756 3582 1877 3622 eam

298 3676 515 3730 quoque
550 3661 637 3715 ille
668 3660 959 3715 concessit.

1975 2028 2090 2082 tur;
2123 2030 2190 2069 an
2232 2020 2384 2068 certe
2434 2024 2707 2079 nunquam
2762 2008 2992 2061 mundus
3036 2007 3190 2061 alteri
3246 2006 3449 2059 mundo
3480 2018 3549 2058 ex

1973 2116 2085 2164 toto
2106 2106 2444 2169 indiscretus,
2469 2111 2522 2156 et
2552 2100 2741 2156 similis
2769 2100 2840 2154 sit
2875 2100 3084 2154 futurus
3105 2099 3237 2169 (54).
3262 2118 3281 2151 ι
3304 2097 3424 2153 Mox
3454 2098 3552 2152 ad-

1975 2200 2125 2255 ducit
2149 2197 2312 2253 verba
2330 2195 2577 2266 Origenis
2609 2211 2622 2247 :
2648 2211 2666 2245 ι
2686 2194 2751 2247 Ει
2773 2192 2972 2247 idcirco
3005 2192 3238 2245 arbitror
3260 2206 3356 2258 pro
3379 2188 3551 2244 varie-

1976 2301 2089 2348 tate
2119 2305 2404 2347 causarum
2432 2289 2676 2343 diversos
2709 2286 2937 2341 mundos
2971 2284 3121 2349 fieri;
3162 2293 3215 2337 et
3244 2282 3367 2337 elidi
3393 2297 3551 2338 erro-

1973 2400 2061 2440 res
2086 2399 2294 2447 eorum,
2353 2381 2442 2450 qui
2488 2379 2692 2436 similes
2750 2378 2831 2434 sui
2880 2377 3108 2431 mundos
3162 2390 3283 2430 esse
3328 2384 3552 2428 conten-

1972 2476 2126 2530 dunt.
2168 2494 2187 2527 ι
2228 2473 2445 2528 Tradita
2478 2472 2643 2527 fuisse
2673 2472 2788 2526 haec
2817 2470 3006 2526 eadem
3054 2469 3119 2523 ab
3152 2468 3381 2537 Origene
3411 2466 3505 2520 lib.
3534 2481 3549 2518 l

1974 2578 2028 2624 et
2061 2583 2119 2621 ιιι
2163 2565 2299 2634 Περὶ
2337 2562 2560 2634 ἀρχῶν,
2603 2562 2775 2618 refert
2829 2561 3191 2632 Hieronymus
3223 2575 3341 2629 cap.
3385 2559 3407 2612 i
3443 2558 3554 2612 et?»

1973 2660 2212 2728 ejusdem
2258 2656 2534 2727 epistolte;
2584 2652 2939 2724 quamobrem
2988 2660 3043 2706 et
3085 2652 3228 2706 hunc
3263 2651 3315 2704 in
3348 2652 3552 2705 crimen

1973 2760 2133 2808 vocat
2170 2749 2390 2821 Apolog.
2429 2747 2520 2803 lib.
2554 2762 2591 2813 ι,
2619 2762 2735 2817 cap.
2768 2745 2822 2811 5,
2861 2754 2915 2798 et
2946 2743 3039 2797 lib.
3090 2759 3152 2810 ιι,
3188 2757 3311 2812 cap.
3367 2744 3421 2797 3.
3460 2740 3554 2796 Ju-

1976 2845 2239 2902 stinianus
2270 2856 2484 2911 quoque
2526 2840 2579 2894 in
2611 2837 2833 2909 epistola
2871 2835 2936 2891 ad
2980 2834 3189 2889 Menam
3215 2833 3288 2888 ita
3320 2832 3550 2887 scribit:

1986 2935 2328 2992 ’Υποτιθεται
2358 2934 2412 2985 δὲ
2450 2933 2543 2986 καὶ
2577 2930 2863 3002 διαφόρους
2916 2927 3153 2997 κόσμους
3200 2926 3460 2995 συστῆναι
3492 2942 3553 2978 τε

1978 3030 2070 3084 καὶ
2108 3024 2477 3091 συνίστασθαι,
2530 3024 2686 3077 τοῦτο
2733 3023 2830 3093 μὲν
2875 3020 3263 3092 παρελθόντας,
3306 3017 3463 3071 τοῦτο
3498 3016 3556 3071 δὲ

1982 3122 2307 3196 μέλλοντας·
2347 3138 2366 3171 ι
2410 3118 2616 3173 Statuit
2661 3128 2840 3172 autem
2871 3126 2924 3169 et
2962 3115 3207 3170 diversos
3247 3112 3556 3169 constitisse

1982 3214 2233 3277 mundos,
2279 3220 2331 3268 et
2364 3219 2637 3279 constare,
2674 3210 2869 3281 partim
2896 3208 3221 3279 prmteritos,
3254 3207 3449 3277 partim
3471 3204 3557 3259 fu-

1984 3315 2154 3360 turos.
2187 3324 2205 3357 ι

2047 3467 2289 3524 Notanda
2323 3480 2453 3521 vero
2482 3470 2734 3519 accurate
2767 3476 2885 3531 quae
2920 3460 3228 3531 praecedunt
3267 3480 3279 3514 :
3308 3458 3551 3511 Κάκεϊνο

1976 3561 2032 3614 δὲ
2062 3561 2123 3613 τὸ
2169 3560 2350 3631 πάσης
2389 3557 2705 3619 δυσσεϐείας
2742 3556 3049 3622 ἀνάμεστον
3094 3554 3193 3625 τῆς
3238 3552 3402 3607 αὑτοῦ
3436 3553 3554 3605 ἐστι

1981 3654 2309 3725 μυθολογίας
2336 3653 2397 3706 τὸ
2431 3652 2606 3721 λέγειν
2630 3653 2714 3704 ὅτι
2739 3651 2914 3703 πάντα
2941 3648 3008 3702 τὰ
3034 3648 3186 3717 γένη,
3224 3647 3319 3700 καὶ
3339 3646 3408 3698 τὰ.
3439 3643 3555 3715 εἴδη

375 3752 433 3806 ιιι
459 3753 689 3807 alterum
719 3767 881 3823 porro
902 3791 916 3811 .
948 3752 1014 3808 de
1042 3760 1301 3821 perpetua
1335 3750 1653 3807 mundorum
1681 3766 1880 3823 propa—

1979 3746 2224 3801 συναῖδιά
2253 3749 2367 3799 ἐστι
2396 3745 2473 3816 τῷ
2503 3743 2641 3814 Θεῷ·
2686 3762 2704 3795 ι
2758 3742 2889 3796 illud
2930 3756 3057 3795 vero
3100 3740 3244 3795 omni
3285 3739 3556 3807 impietate

298 3846 521 3917 gatione
552 3844 806 3914 placitum
845 3845 983 3899 unde
1013 3844 1263 3901 inductus
1290 3847 1378 3911 sit,
1415 3849 1459 3901 si
1490 3848 1611 3917 quis
1637 3862 1879 3917 quazrere

304 3937 451 4001 velit,
491 3934 622 3989 nihil
651 3936 891 3990 occurrit
922 3935 1267 3991 verisimilius
1296 3951 1458 4005 quam
1494 3937 1544 3991 id
1576 3938 1641 3992 ab
1672 3952 1737 3992 eo
1758 3952 1879 3992 esse

303 4031 593 4084 confictam
645 4028 712 4081 ad
762 4027 889 4081 illud
930 4026 1269 4091 Stoicorum,
1325 4028 1467 4095 quod
1516 4028 1879 4099 conﬂagratu-

306 4137 429 4177 rum
481 4120 737 4175 mundum
791 4121 933 4174 hunc
970 4121 1176 4185 statuit,
1221 4120 1498 4189 aliumque
1555 4121 1681 4175 huic
1729 4122 1876 4175 omni

305 4226 373 4266 ex
404 4222 558 4282 parte
597 4210 954 4275 consimilem,
979 4210 1064 4264 vel
1094 4225 1285 4280 parum
1312 4220 1459 4265 certe
1481 4210 1876 4280 discrepantem

306 4305 681 4374 proditurum;
717 4303 852 4357 adeo
878 4312 935 4357 ut
960 4318 1067 4357 non
1102 4303 1264 4372 hujus
1298 4303 1468 4357 solum
1518 4303 1744 4374 ﬁguram
1787 4318 1880 4374 pe-

306 4398 451 4452 nitus
486 4396 710 4459 referat,
748 4396 841 4450 sed
888 4397 1105 4449 eosdem
1132 4396 1295 4449 etiam
1328 4410 1507 4461 casus,
1543 4396 1729 4450 eadem
1768 4410 1879 4449 om-

300 4490 419 4554 nia;
458 4489 739 4558 altcroque
767 4490 870 4543 hoc
894 4489 1056 4541 etiam
1083 4488 1385 4552 combusto,
1418 4487 1579 4541 alium
1610 4486 1875 4541 oriturum

1977 3841 2194 3911 plenum
2223 3840 2335 3908 ipse
2365 3838 2657 3903 fabulatur,
2688 3836 2872 3891 dicens
2899 3832 3077 3889 omnia
3104 3847 3301 3903 genera
3338 3840 3392 3884 et
3429 3843 3553 3897 spe-

1977 3934 2087 3987 cies
2124 3946 2248 3987 esse
2285 3930 2745 4001 Deocoreternas.
2779 3947 2796 3980 ›
2836 3926 2959 3997 Ipsa
2987 3927 3150 3981 etiam
3188 3924 3350 3979 verba
3380 3922 3553 3976 addu-

1979 4024 2054 4079 cit
2115 4021 2455 4078 Justinianus
2500 4021 2565 4076 ad
2606 4021 2807 4075 calcem
2845 4016 3087 4089 epistola:
3129 4032 3159 4071 e
3195 4015 3332 4069 libro
3368 4030 3383 4068 ι
3416 4011 3557 4080 Περὶ

1977 4114 2198 4185 ἀρχῶν.
2223 4114 2414 4171 Parem
2447 4129 2548 4169 suo
2581 4122 2821 4181 tempore
2857 4123 3224 4180 prepugnasse
3253 4107 3553 4161 doctrinam

1980 4209 2312 4280 Origenistas
2339 4209 2598 4278 quosdam
2639 4207 2947 4277 significare
2983 4204 3195 4258 videtur
3244 4201 3467 4257 Orosius
3502 4201 3554 4254 in

1980 4303 2386 4357 Cammonilorio
2417 4304 2485 4355 ad
2515 4300 2891 4370 Augustinum,
2920 4314 2939 4348 ι
2978 4296 3217 4349 Primum
3248 4293 3427 4347 omnia
3461 4307 3557 4343 an-

1976 4406 2196 4466 tequam
2233 4394 2375 4450 facta
2410 4401 2752 4465 apparerent,
2804 4405 3016 4459 semper
3050 4390 3102 4442 in
3155 4386 3244 4440 Dei
3290 4384 3556 4454 sapientia

1980 4488 2118 4543 facta
2147 4488 2411 4543 mansisse
2435 4487 2676 4543 dicentes
2709 4485 2811 4539 hoc
2845 4482 3011 4536 verbo
3044 4498 3057 4533 :
3088 4480 3226 4532 Deus
3247 4477 3388 4531 enim
3412 4490 3556 4545 quae-

299 4592 512 4650 postea,
542 4596 606 4637 ac
650 4581 844 4636 deinde
883 4581 1074 4646 alium,
1118 4580 1527 4635 renascentibus
1575 4595 1789 4647 semper
1813 4594 1876 4634 ac
1907 4615 1952 4670 Β
1980 4594 2197 4650 cunque
2223 4579 2369 4647 fecit,
2402 4578 2652 4635 faciendo
2679 4592 2783 4631 non
2815 4574 3002 4641 cwpit.
3048 4590 3067 4622 ι
3105 4570 3235 4637 Quae
3260 4568 3443 4623 multis
3472 4582 3557 4622 re-

300 4670 764 4747 ‘conﬂagrantibus
792 4672 1029 4727 mundis.
1086 4670 1347 4725 Platonici
1391 4685 1541 4736 vero,
1586 4679 1639 4724 et
1669 4670 1873 4740 Pytha-

298 4768 470 4836 gorei,
498 4767 565 4822 ab
593 4765 863 4837 {Egyptiis
904 4767 1178 4832 instructi,
1220 4766 1477 4820 mundum
1527 4766 1744 4837 quidem
1788 4766 1874 4818 in-

300 4858 706 4926 corruptibilem
740 4858 1114 4921 autumabant,
1164 4858 1255 4911 sed
1303 4857 1573 4912 sideribus
1601 4866 1719 4926 post
1766 4855 1877 4910 lon-

300 4966 396 5018 gos
419 4949 701 5005 anfractus
735 4953 800 5004 ad
837 4952 1081 5005 eamdem
1112 4951 1401 5006 stationem
1438 4950 1698 5017 reversis,
1753 4964 1874 5003 rur-

301 5056 423 5094 sum
466 5051 729 5095 eventura
762 5042 972 5108 cadem,
1008 5041 1334 5111 eosdemque
1367 5041 1671 5095 nascituros
1702 5041 1876 5095 bomi-

304 5146 424 5193 nes,
455 5141 509 5184 et
545 5132 598 5185 in
634 5132 916 5201 pristinam
948 5131 1176 5186 formam
1202 5133 1445 5187 reditura
1479 5130 1680 5195 omnia,
1715 5146 1874 5200 quam

302 5222 467 5277 simili
498 5223 711 5292 vigente
735 5232 1005 5277 astrorum
1038 5225 1306 5292 positione
1341 5231 1646 5278 tenuerunt.
1687 5221 1880 5288 Quam-

300 5317 384 5369 vis
412 5327 592 5370 autem
626 5315 886 5385 ejusmodi
913 5315 1261 5370 delirationes
1299 5316 1438 5372 libro
1475 5330 1506 5368 v
1536 5324 1715 5367 contra
1735 5312 1874 5369 Cels.

302 5419 454 5465 num.
478 5408 572 5472 20,
600 5409 665 5463 2|
695 5417 747 5463 et
781 5425 898 5477 seq.
930 5409 1224 5479 exploserit
1254 5409 1637 5475 Adamantius,
1686 5423 1782 5477 pro
1813 5422 1879 5463 eo

303 5517 365 5557 ac
387 5502 604 5568 debuit;
638 5502 986 5556 nihilominus
1016 5511 1195 5556 tamen
1239 5517 1305 5557 ex
1344 5501 1428 5556 his
1469 5501 1699 5556 recoctis
1723 5516 1875 5554 suum

304 5594 433 5648 illud
465 5594 779 5664 procudisse
808 5594 998 5664 dogma
1027 5594 1334 5648 censuerim
1361 5611 1376 5661 ;
1424 5593 1714 5649 accedente
1744 5606 1880 5661 prae—

306 5688 491 5742 sertim
521 5688 757 5757 gemino,
783 5702 940 5758 quem
975 5687 1323 5743 recitavimus
1353 5703 1543 5758 supra,
1574 5683 1879 5743 Salomonis

1982 4670 2117 4726 futat
2143 4670 2475 4741 Augustinus
2510 4672 2561 4723 in
2595 4670 2735 4725 libro
2783 4677 2964 4722 eontra
3010 4663 3456 4718 Priscillianistas
3506 4669 3555 4712 et

1984 4763 2332 4835 Origenistas,
2367 4778 2489 4833 cap.
2517 4762 2572 4816 8.
2605 4759 2794 4816 Pulsat
2835 4756 3023 4814 eadem
3063 4757 3128 4812 de
3164 4770 3329 4810 causa
3375 4753 3557 4821 Orige-

1980 4874 2105 4914 nem
2136 4855 2497 4925 Nicepliorus,
2532 4869 2637 4909 non
2688 4866 2889 4923 genera
2917 4859 2972 4906 et
3010 4849 3242 4920 species,
3291 4847 3384 4901 sed
3441 4845 3553 4897 κτί-

1983 4950 2163 5023 σμα-σα
2224 4949 2330 5005 Deo
2360 4958 2626 5004 coaztcrna
2680 4945 2935 5002 statuisse
2988 4944 3162 5013 ipsum
3216 4937 3551 5010 praedicans,

1981 5056 2258 5113 perperam
2289 5039 2514 5106 scilicet,
2542 5048 2602 5094 ut
2627 5037 2864 5102 videtur,
2900 5044 3120 5105 accepta
3151 5030 3401 5101 Origenis
3429 5045 3553 5084 sen-

1985 5136 2189 5200 tentia,
2247 5143 2431 5204 aperte
2479 5142 2659 5187 tamen
2713 5129 2959 5200 exposita
3005 5128 3098 5181 lib.
3151 5141 3202 5187 ι,
3254 5121 3395 5192 Περὶ
3447 5121 3553 5191 dp-

1983 5227 2128 5298 χῶν,
2181 5227 2322 5298 apud
2376 5224 2737 5281 Iustinianum
2786 5222 2839 5276 in
2895 5221 2998 5275 fine
3047 5214 3287 5287 epistolae
3340 5213 3407 5268 ad
3440 5211 3554 5268 Me-

1986 5339 2153 5376 nam:
2200 5338 2218 5371 ι
2275 5318 2508 5385 Genera,
2562 5316 2757 5385 inquit,
2810 5310 2993 5368 omnia
3061 5315 3116 5363 et
3148 5306 3357 5377 species
3414 5319 3557 5360 sem-

1976 5430 2082 5484 ,per
2137 5421 2297 5469 erant
2342 5430 2356 5466 :
2402 5427 2506 5466 non
2536 5409 2609 5465 ita
2670 5408 2735 5464 de
2783 5402 3146 5476 singularibus
3186 5399 3556 5456 differentibus

1987 5520 2214 5561 numero
2251 5503 2452 5560 dixerit
2512 5501 2799 5571 quispiam.
2845 5515 2864 5550 ι
2924 5495 3077 5551 Hanc
3127 5493 3183 5549 in
3216 5490 3554 5559 ,sententiam

1985 5596 2274 5667 Origenem
2315 5593 2556 5666 magistri
2594 5592 2677 5648 sui
2715 5590 2962 5645 Platonis
2992 5589 3124 5644 idea:
3173 5584 3555 5656 perpulerunt-

1984 5689 2169 5761 ltaque
2202 5704 2395 5761 genera
2428 5696 2485 5744 ct
2516 5685 2724 5758 species
2746 5678 2855 5741 Deo
2885 5697 3005 5741 esse
3034 5689 3301 5738 coaeterni]
3332 5688 3560 5734 eatenus

378 5865 487 5937 (Si)
518 5867 638 5926 Haec
673 5876 883 5925 exstant
922 5866 1013 5924 lib.
1061 5883 1095 5924 ιι
1140 5868 1277 5937 Περὶ
1332 5866 1549 5938 ἀρχῶν-θ,
1605 5882 1722 5939 cap.
1785 5868 1831 5936 l,
1876 5882 2024 5924 num.
2057 5867 2110 5922 5.
