4068 6308
657 368 796 426 1055

1929 371 1991 428 Ρ.
2034 373 2344 429 DANIELIS
2378 375 2466 430 IlU
2479 376 2605 431 ΕΤΙΙ

3707 392 3818 450 {056

654 489 870 556 dixerit,
912 494 1182 559 quatenus
1231 487 1372 543 Deus
1419 487 1491 543 ab
1518 489 1666 544 omni
1724 498 1867 545 retro
1900 506 2014 546 aevo
2058 508 2122 549 ea
2163 495 2213 547 in
2243 499 2291 554 Α
2320 493 2485 549 fuisse
2508 493 2585 548 ait
2616 493 2666 548 in
2694 494 2916 549 tertium
2957 494 3174 561 Caelum,
3221 504 3275 551 et
3318 497 3372 552 in
3421 500 3727 572 paradisum;
3767 527 3817 565 ex

652 591 834 637 tuente
858 580 1063 635 habuit.

726 673 813 728 VL
840 672 1220 726 Verumtamen
1268 672 1613 740 quantumvis
1661 673 1775 728 haec
1809 673 2007 731 diserte
2042 675 2219 732 videa-

662 772 754 818 tur
803 761 1098 818 afﬁrmasse
1152 761 1444 833 Origenes,
1499 764 1553 818 id
1614 772 1793 820 tamen
1855 767 2116 836 prmmisit
2163 769 2216 823 in

650 853 921 909 Prommio
969 853 1230 910 librorum
1290 855 1432 925 Περὶ
1478 853 1699 926 ἀρχῶν,
1751 872 1898 914 num.
1949 857 1982 910 7
2015 877 2028 914 :
2059 877 2080 910 ι
2126 859 2221 914 Est

650 956 913 1015 praeterea
966 953 1023 1003 et
1073 945 1209 1003 illud
1270 947 1323 1002 in
1370 947 1742 1005 ecclesiastica
1811 949 2215 1019 praedicatione,

648 1038 788 1109 quod
836 1039 1066 1096 mundus
1103 1038 1208 1095 iste
1247 1038 1421 1095 factus
1469 1040 1560 1105 sit,
1609 1048 1664 1095 et
1706 1056 1737 1095 a
1778 1051 1930 1097 certo
1980 1052 2219 1110 tempore

649 1131 896 1201 cmperit,
947 1143 1003 1187 et
1049 1146 1149 1203 pro
1199 1114 1315 1202 ipsa
1365 1131 1449 1187 sui
1507 1132 1856 1203 corruptione
1905 1132 2213 1189 solvendus.

649 1224 787 1292 Quid
831 1234 1006 1279 tamen
1063 1234 1189 1280 ante
1239 1225 1387 1281 hunc
1431 1225 1686 1280 mundum
1737 1224 1923 1292 fuerit,
1950 1235 2044 1279 aut
2088 1226 2216 1295 quid

648 1325 770 1383 post
811 1317 1069 1373 mundum
1114 1319 1240 1382 erit,
1271 1316 1385 1386 jam
1426 1332 1535 1373 non
1582 1332 1677 1386 pro
1710 1317 1993 1373 manifesto
2034 1318 2217 1373 multis

647 1406 879 1463 innotuit
908 1425 922 1463 :
950 1423 1055 1464 non
1088 1409 1231 1464 enim
1265 1408 1488 1466 evidens
1534 1409 1601 1465 de
1637 1409 1723 1465 his
1756 1410 1809 1463 in
1851 1409 2213 1466 ecclesiastica

644 1498 1024 1566 praedicatione
1092 1515 1270 1556 sermo
1326 1499 1616 1571 profertur.
1666 1520 1685 1553 ι
1734 1500 1968 1567 Quarum
2032 1515 2213 1554 rerum

643 1592 1027 1649 obscuritatem
1076 1593 1368 1665 significari
1436 1595 1512 1651 ait
1570 1595 1719 1651 hom.
1768 1594 1803 1650 4
1855 1595 1911 1648 in
1972 1591 2211 1662 Isaiam,

645 1700 792 1739 num.
820 1684 872 1751 ι,
906 1700 1004 1757 per
1032 1686 1149 1741 alas
1206 1686 1325 1743 illas
1367 1696 1598 1758 quatuor
1628 1689 2038 1758 seraphinorum
2078 1690 2214 1745 duo-

647 1792 787 1841 rum,
818 1758 938 1846 qu'ae
970 1776 1062 1833 Dei
1092 1778 1285 1835 faciem
1314 1794 1378 1833 ac
1405 1780 1567 1848 pedes
1590 1779 1854 1836 velabant.
1889 1779 2039 1836 [inde
2099 1780 2210 1835 exi-

2322 600 2493 655 eoque
2531 585 2813 655 collegisse
2846 587 2985 641 idem
3028 603 3148 643 esse
3194 590 3500 657 paradisum
3540 608 3600 648 ac
3647 599 3819 657 tertium

2322 690 2558 745 castum;
2611 678 2753 749 quod
2809 688 3005 749 negant
3069 680 3371 738 Methodius
3426 693 3474 739 et
3528 685 3818 758 Epiphanius,

2326 769 2633 837 paradisum
2668 785 2698 822 a
2724 770 2884 825 tertio
2906 770 3045 825 casio
3087 772 3519 843 distinguendum
3559 792 3670 832 esse
3706 795 3821 836 asse-

2320 871 2522 915 rentes.
2555 880 2573 912 ι
2600 860 2731 929 Quis
2762 862 2966 930 audiat,
2999 881 3019 915 ι
3055 862 3226 934 inquit
3276 864 3603 937 Epiphanius
3626 868 3672 923 in
3697 874 3817 943 epist.

2326 952 2393 1006 ad
2441 950 2603 1007 Joan.
2646 950 2986 1023 Jerosolym.,
3017 968 3137 1023 cap.
3174 954 3229 1021 5,
3263 973 3281 1006 ‹
3320 956 3372 1010 in
3425 957 3575 1011 tertio
3607 961 3723 1015 celo
3746 965 3817 1017 do-

2317 1052 2541 1098 nantem
2573 1044 2728 1101 nobis
2753 1043 3037 1115 Origenem
3077 1046 3406 1115 paradisum,
3447 1057 3503 1103 et
3540 1049 3670 1105 illum
3696 1068 3817 1122 quem

2324 1135 2604 1205 Scriptura
2682 1144 3093 1203 commemorat,
3160 1137 3228 1193 de
3294 1148 3439 1193 terra
3500 1141 3567 1197 ad
3627 1145 3817 1201 coelestia

2319 1225 2758 1294 transferentem,
2792 1237 2845 1282 et
2874 1243 3063 1284 omnes
3114 1232 3357 1294 arbores,
3406 1245 3523 1300 quia
3562 1233 3819 1291 scribuntur

2319 1318 2371 1372 in
2400 1318 2623 1388 Genesi,
2654 1320 2736 1376 sic
2761 1319 3045 1388 allegorice
3067 1321 3477 1392 intelligentem,
3509 1326 3637 1393 quod
3659 1328 3819 1384 scilicet

2320 1408 2542 1465 arbores
2563 1409 2815 1481 angelica:
2834 1409 3176 1467 fortitudines
3203 1422 3350 1479 sunt,
3388 1428 3517 1469 cum
3541 1416 3633 1472 hoc
3658 1419 3815 1475 veritas

2314 1513 2419 1554 non
2478 1500 2741 1570 recipiat?
2780 1520 2800 1555 ι
2835 1508 2888 1558 et
2933 1510 3120 1573 postea
3154 1521 3168 1559 :
3197 1523 3216 1555 ι
3259 1503 3367 1560 Sed
3416 1505 3547 1562 dicis
3577 1525 3590 1562 :
3617 1506 3818 1579 Legimus

2316 1590 2456 1661 quod
2488 1588 2545 1645 S.
2570 1589 2767 1646 Paulus
2787 1601 2973 1663 raptus
3003 1595 3076 1649 sit
3104 1608 3274 1664 usque
3307 1593 3375 1649 ad
3417 1597 3622 1650 tertium
3643 1598 3811 1664 caelum,

2318 1692 2371 1737 et
2400 1696 2568 1752 usque
2599 1682 2653 1736 in
2700 1684 3027 1753 paradisum.
3066 1684 3211 1740 Bene
3241 1685 3377 1741 dicis
3411 1704 3426 1739 :
3456 1686 3664 1752 Quando
3702 1692 3815 1759 ponit

2318 1772 2532 1827 tertium
2582 1771 2803 1840 ctelum,
2843 1783 2898 1828 et
2928 1786 3113 1844 postea
3144 1776 3313 1840 addit,
3362 1788 3408 1830 et
3447 1778 3500 1831 in
3534 1780 3809 1847 paradisum,

642 1844 853 1924 stimari
891 1880 1089 1939 potest,
1138 1844 1468 1943 quaecunque
1518 1888 1680 1942 super
1735 1875 1836 1929 hoc
1890 1845 2248 1943 argumento]

2194 1844 2284 1928 ,Β
2313 1862 2548 1918 ostendit
2576 1862 2701 1919 alibi
2744 1879 2864 1918 esse
2908 1872 3125 1931 C(BItlm,
3184 1875 3239 1922 ct
3285 1867 3414 1922 alibi
3466 1844 3800 1937 paradisum.»

643 1960 987 2031 conscripsit,
1042 1960 1185 2016 velut
1224 1977 1400 2018 meras
1455 1965 1793 2034 conjecturas
1841 1967 2204 2035 proposuisse,

643 2065 748 2105 non
790 2062 1043 2122 tanquam
1077 2053 1325 2125 dogmata
1356 2069 1722 2112 asseverasse.

629 2133 632 2136 ’
712 2141 1130 2200 Practermittere
1158 2160 1286 2200 vero
1314 2146 1534 2202 minime
1561 2148 1716 2203 decet
1735 2149 1866 2203 illud
1895 2149 2205 2223 Hieronymi

644 2248 677 2289 e
709 2233 801 2289 lib.
843 2250 861 2289 ι
902 2236 961 2289 in
1000 2236 1173 2307 Epist.
1224 2238 1293 2292 ad
1344 2235 1473 2306 Tit.,
1530 2254 1635 2294 non
1686 2240 1840 2312 longe
1884 2242 1951 2298 ab
2005 2244 2202 2301 initio:

643 2343 665 2377 ι
712 2324 817 2382 Sex
844 2326 1009 2382 millia
1043 2330 1273 2385 necdum
1321 2329 1489 2385 nostri
1532 2329 1684 2385 orbis
1732 2331 2025 2401 implentur
2050 2334 2199 2399 anni,

638 2428 693 2476 et
739 2428 968 2491 quantas
1022 2421 1173 2491 prius
1224 2422 1592 2487 aeternitates,
1658 2433 1855 2493 quanta
1921 2433 2202 2496 tempora,

637 2523 873 2582 quantas
943 2514 1265 2570 seculorum
1315 2514 1550 2585 origines
1608 2515 1771 2571 fuisse
1830 2515 2201 2573 arbitrandum

635 2612 740 2671 est,
788 2605 843 2662 in
876 2606 1072 2673 quibus
1116 2605 1315 2675 angeli,
1351 2606 1549 2670 throni,
1588 2607 2001 2675 dominationes,
2041 2618 2204 2664 caete-

636 2710 816 2764 raaque
844 2696 1075 2751 virtutes
1106 2696 1395 2753 servierint
1422 2697 1549 2759 Deo,
1575 2705 1629 2751 et
1653 2695 1856 2766 absque
1879 2704 2200 2766 temporum

634 2786 865 2850 vicibus,
914 2787 1118 2855 absque
1172 2786 1461 2851 mensuris,
1499 2786 1608 2841 Deo
1648 2786 1891 2854 jubente,
1945 2787 2202 2844 substite-

635 2880 763 2935 rint.
806 2899 824 2931 ι
856 2878 1131 2934 Materiam
1165 2889 1341 2934 autem
1366 2896 1395 2935 a
1426 2880 1538 2935 Deo
1584 2889 1709 2935 ante
1762 2881 2020 2937 mundum
2048 2895 2201 2936 crea-

637 2982 744 3026 tam
774 2983 1071 3042 posuerunt
1093 2971 1262 3035 Philo,
1292 2970 1571 3038 Tatianns,
1599 2971 1938 3040 Lactantius,
1987 2982 2040 3029 et
2085 2973 2195 3040 alii,

633 3077 697 3118 ex
730 3078 837 3132 qua
866 3063 1122 3117 mundum
1148 3070 1333 3133 postea
1377 3060 1741 3118 fabricaverit.

703 3151 815 3208 νη.
840 3151 1131 3207 Multorum
1159 3152 1611 3220 disputationibus
1636 3152 1708 3205 ita
1732 3151 1998 3208 celebrata
2026 3161 2107 3209 est
2135 3167 2195 3208 ea
2225 3183 2267 3242 ο

632 3242 879 3313 Origenis
900 3244 1102 3314 opinio,
1143 3258 1261 3313 quae
1296 3242 1530 3314 paradisi
1560 3244 1916 3299 consitionem
1970 3245 2038 3299 ad
2071 3245 2195 3300 alle-

631 3336 868 3407 goricam
900 3336 1288 3404 expositionem
1339 3337 1641 3405 detorquet,
1683 3344 1743 3389 ut
1790 3344 2031 3391 nostrum
2062 3352 2195 3406 quo-

629 3444 735 3499 que
759 3429 1031 3500 postulare
1073 3428 1319 3484 videatur
1344 3445 1596 3485 examen.
1629 3431 1936 3485 Arbitratus
1990 3428 2077 3484 ille
2109 3438 2193 3483 est

626 3521 933 3591 paradisum
978 3521 1121 3576 hunc
1172 3520 1263 3590 qui
1296 3524 1570 3578 terrestris
1614 3522 1774 3592 vulgo
1804 3521 2018 3585 dicitur,
2051 3519 2193 3590 posi-

630 3621 740 3665 tum
796 3611 850 3666 in
898 3611 1056 3667 tertio
1098 3610 1456 3679 C(Blofuisse;
1508 3612 1730 3668 arbores
1777 3625 1929 3676 vero,
1979 3611 2191 3679 aliaque

625 3700 820 3770 quibus
865 3700 1011 3756 velut
1038 3702 1338 3760 .terrestris
1371 3701 1587 3771 quidam
1646 3710 1867 3758 notatur
1924 3701 2095 3769 locus,
2126 3716 2191 3756 ac

626 3790 831 3859 reliqua
861 3791 1091 3861 denique
1121 3793 1301 3847 omnia
1346 3791 1637 3861 allegorice
1667 3792 1960 3861 esplicavit
2000 3808 2014 3844 :
2064 3805 2186 3843 nam

625 3882 833 3936 animas
855 3881 908 3936 in
931 3881 1070 3937 caelo
1095 3882 1373 3953 degentes,
1404 3898 1501 3954 per
1523 3882 1789 3937 Adamum
1837 3892 1892 3936 et
1937 3881 2102 3935 Evam
2136 3881 2188 3935 in

624 3974 878 4043 paradiso
916 3982 1131 4029 creatos
1168 3975 1369 4045 signari
1398 3976 1649 4044 opinatus
1676 3984 1788 4041 est;
1816 3975 2044 4031 crimina
2069 3992 2186 4047 quae

625 4065 735 4119 illic
768 4064 963 4120 anima:
991 4065 1302 4130 admittunt,
1343 4082 1440 4137 per
1472 4067 1623 4121 vetiti
1673 4070 1799 4124 mali
1840 4083 2030 4135 esum;
2073 4070 2189 4124 ani-

623 4169 838 4211 marum
887 4156 1137 4211 exsilium
1170 4167 1388 4226 propter
1421 4157 1635 4225 delicta,
1669 4173 1765 4227 per
1813 4159 2187 4227 expulsionem

620 4250 917 4325 primorum
967 4257 1248 4319 parentum
1298 4265 1328 4304 e
1359 4248 1645 4319 paradiso;
1693 4258 1962 4305 terrenum
1996 4268 2188 4320 corpus

628 4350 679 4397 et
714 4342 940 4397 mortale
968 4342 1251 4399 animabus
1298 4343 1630 4412 impositum,
1677 4360 1773 4414 per
1810 4355 2051 4399 scorteas
2104 4354 2187 4399 tu-

626 4434 799 4500 nicas,
834 4435 1027 4504 quibus
1059 4435 1323 4490 Adamum
1349 4444 1403 4491 et
1431 4436 1596 4490 Evam
1631 4436 1769 4492 Deus
1799 4436 1988 4491 induit.

2309 1958 2487 2027 Atque
2513 1956 2564 2011 id
2600 1955 2788 2014 Joanni
2813 1952 3259 2027 Jerosolymitauo
3305 1959 3594 2029 objectum,
3634 1962 3806 2018 minime

2312 2045 2381 2101 ab
2416 2047 2531 2117 ipso
2558 2054 2839 2117 purgatum
2875 2047 3041 2103 fuisse
3068 2048 3145 2101 ait
3176 2045 3534 2120 Hieronymus
3578 2051 3714 2119 epist.
3738 2053 3806 2118 6|,

2307 2141 2372 2194 ad
2402 2138 2711 2197 Pammach.
2758 2155 2877 2209 cap.
2916 2142 2972 2206 5,
3010 2141 3099 2211 qui
3140 2148 3196 2196 et
3237 2142 3289 2196 in
3340 2151 3498 2211 caput
3536 2160 3565 2198 x
3602 2144 3807 2210 Danielis,

2313 2246 2332 2280 ι
2385 2228 2624 2295 Eorum,
2674 2229 2874 2297 inquit,
2930 2230 3279 2285 deliramenta
3334 2233 3707 2299 conticescant,
3738 2238 3813 2303 qui

2313 2321 2529 2376 umbras
2555 2331 2611 2376 et
2643 2320 2904 2391 imagines
2945 2321 2996 2375 in
3041 2322 3274 2379 veritate
3324 2336 3635 2393 quaerentes,
3675 2325 3807 2396 ipsam

2312 2420 2579 2466 conantur
2609 2418 2850 2466 evertere
2875 2409 3194 2475 veritatem;
3218 2423 3277 2466 ut
3309 2412 3521 2468 flumina
3554 2425 3604 2470 et
3633 2419 3805 2472 arbores

2303 2512 2359 2558 et
2399 2503 2705 2572 paradisum
2753 2510 2942 2570 putent
2988 2503 3263 2575 allegoria}
3320 2505 3522 2574 legibus
3565 2522 3618 2562 se
3652 2509 3804 2564 debere

2305 2594 2584 2648 subruere.
2621 2610 2639 2643 ›
2671 2590 3005 2659 SOphronius
3039 2607 3252 2660 quoque
3279 2593 3337 2646 in
3365 2595 3583 2663 epistola
3612 2597 3671 2652 ad
3708 2598 3801 2654 Ser-

2309 2685 2474 2755 gium,
2506 2682 2906 2739 etAnastasius
2962 2681 3169 2738 Sinaita
3216 2684 3319 2741 lib.
3364 2700 3439 2740 vu
3481 2689 3690 2759 Anagoy.
3722 2706 3809 2743 cou-

2306 2775 2561 2845 templat.,
2597 2785 2649 2830 et
2677 2772 2908 2830 Joannes
2936 2772 3307 2832 Damascenus
3338 2777 3388 2832 in
3413 2778 3545 2833 libro
3579 2780 3645 2835 De
3679 2782 3805 2834 lme-

2301 2866 2424 2943 ἠὺ.)
2443 2876 2498 2923 et
2534 2866 2829 2932 Cedrenus,
2871 2865 3105 2937 paradisi
3138 2866 3527 2936 plantationem
3560 2874 3619 2924 ab
3646 2869 3798 2940 Orige-

2301 2958 2458 3014 nistis
2485 2957 2772 3023 sublatam,
2804 2970 2998 3025 corpus
3024 2956 3228 3010 Adamn
3280 2966 3335 3012 et
3386 2958 3508 3014 Evze
3536 2958 3801 3027 detractum,

2303 3062 2358 3106 et
2418 3050 2683 3117 serpentis
2734 3047 3054 3117 colloquium
3120 3047 3406 3103 refutatam
3479 3050 3799 3106 criminantur.

2303 3143 2409 3198 Sed
2454 3143 2731 3196 audiamus
2770 3140 2941 3210 ipsum
2988 3139 3275 3210 Origenem
3328 3156 3342 3193 :
3394 3141 3487 3205 Τίς
3505 3141 3641 3209 γοῦν,
3669 3141 3802 3208 inquit

2299 3236 2393 3292 lib.
2421 3251 2472 3289 tv
2504 3234 2578 3289 De
2610 3234 2860 3303 princip.,
2911 3247 3060 3288 num.
3114 3230 3209 3299 16,
3254 3232 3381 3287 νοῦν
3437 3233 3566 3301 ἔχων
3608 3233 3807 3300 οἰήσεται

2302 3328 2545 3401 πρώτην,
2585 3327 2679 3379 καὶ⁵
2716 3324 2970 3395 δευτέραν
3005 3324 3097 3377 καὶ
3133 3324 3327 3395 τρίτην
3370 3324 3581 3394 ἡμέραν,
3612 3322 3799 3388 ἑσπέραν

2298 3439 2357 3474 τε
2391 3421 2484 3474 καὶ
2519 3419 2725 3490 πρωϊαν
2750 3417 2916 3488 χωρὶς
2951 3414 3099 3487 ἡλίου
3132 3415 3436 3483 γεγονέναι,
3479 3413 3566 3467 καὶ
3602 3411 3799 3482 σελήνης,

2301 3514 2394 3567 καὶ
2418 3513 2664 3583 ἄστρων;
2705 3509 2801 3580 τὴν
2831 3508 2885 3567 δὲ
2914 3507 3075 3560 οἱονεὶ
3106 3506 3333 3584 πρώτην
3379 3506 3471 3560 καὶ
3506 3505 3654 3576 χωρὶς
3674 3503 3805 3575 οὐρα-ν

2297 3604 2387 3659 νοῦ
2412 3622 2427 3672 ;
2462 3604 2545 3668 τίς
2575 3604 2618 3656 δ’
2652 3601 2821 3665 οὕτως
2843 3599 3045 3671 ἠλίθιος
3068 3600 3142 3663 ὡς
3171 3600 3423 3671 οἰηθῆναι
3447 3600 3626 3670 τρόπον
3645 3594 3805 3666 ἀνθρώ-

2298 3715 2399 3751 που
2435 3693 2676 3768 γεωργοῦ
2724 3695 2813 3747 τὺν
2844 3692 2974 3746 Θεὸν
3005 3692 3404 3761 πεφυτευκέναι
3447 3691 3729 3761 παράδεισον
3759 3684 3802 3736 ἐν

2308 3790 2468 3860 Ἐδὲμ
2497 3787 2633 3843 κατὰ
2679 3783 2959 3849 ἀνατολὰς,
2988 3784 3081 3837 καὶ
3126 3783 3281 3848 ξύλον
3332 3783 3472 3853 ζωῆς
3498 3785 3550 3836 ὲν
3578 3777 3703 3849 αὐτῴ
3730 3793 3802 3829 πε-

2298 3882 2579 3953 ποιηκέναι
2606 3879 2797 3951 ὁρατὸν
2828 3879 2922 3932 καὶ
2941 3877 3221 3949 αἰσθητὸν,
3253 3877 3394 3931 ὥστε
3422 3876 3503 3931 διὰ
3528 3875 3619 3928 τῶν
3645 3888 3797 3942 σωμα-

2294 3975 2460 4031 τικῶν
2480 3975 2704 4029 ὀδόντων
2731 3972 3063 4043 γευσάμενον
3103 3970 3197 4025 τοῦ
3241 3971 3477 4043 καρποῦ,
3504 3970 3557 4023 τὸ
3587 3968 3668 4038 ζῇν
3696 3966 3805 4017 ἀνα·

2295 4068 2605 4140 λαμϐάνειν·
2654 4066 2747 4120 καὶ
2786 4066 2942 4123 πάλιν
2983 4064 3145 4118 καλοῦ
3190 4065 3284 4117 καὶ
3335 4060 3556 4134 πονηροῦ
3598 4056 3800 4129 μετέχειν

2294 4163 2413 4218 τινὰ
2456 4160 2605 4234 παρὰ
2648 4160 2709 4213 τὸ
2742 4157 3094 4230 μεμασῆσθαι
3142 4158 3203 4210 τὸ
3243 4156 3351 4209 ἀπὸ
3382 4154 3527 4208 τοῦδε
3565 4145 3798 4212 τοῡηξύλου

2295 4255 2703 4326 λαμϐανόμενον
2728 4270 2742 4319 ;
2780 4253 2872 4308 ἐὰν
2904 4252 2961 4304 δὲ
2994 4252 3088 4304 καὶ
3112 4252 3139 4303 ὁ
3170 4248 3300 4313 Θεὸς
3346 4249 3406 4302 τὸ
3444 4244 3642 4301 δειλινὸν
3670 4243 3716 4294 ἐν
3739 4236 3797 4306 τῷ

2297 4346 2604 4418 παραδείσῳ
2634 4346 2952 4416 περιπατεῖν
2995 4342 3236 4413 λέγηται,
3268 4344 3362 4395 καὶ
3386 4343 3412 4393 ὁ
3452 4339 3605 4408 Ἀδὰμ
3644 4331 3730 4386 ὑπὸ
3752 4330 3796 4381 τὸ

2299 4440 2454 4506 ξύλον
2492 4437 2846 4511 κρύπτεσθαγ
2900 4436 3012 4490 Οὐκ
3052 4430 3204 4507 οἶμαι
3249 4432 3511 4496 διστάζειν
3553 4426 3658 4481 τινὰ
3701 4422 3797 4511 περὶ

699 4524 811 4596 (55)
838 4526 894 4581 ld
921 4527 1022 4596 ipsi
1045 4526 1311 4597 objiciunt
1331 4526 1635 4583 Methodius
1651 4529 1791 4600 apud
1823 4528 2179 4599 Epiphanium
2216 4542 2255 4596 ι)
2286 4553 2305 4589 οι

2216 4542 2255 4596 ι)
2286 4533 2379 4590 τοῦ
2421 4533 2559 4587 αὐτὰ
2594 4528 2866 4602 τροπικῶς
2912 4526 3000 4580 διὰ
3033 4526 3294 4598 δοκούσης
3341 4524 3587 4596 ἱστορίας,
3631 4514 3709 4570 καὶ
3746 4510 3798 4565 οὐ·

624 4615 754 4671 hacr.
790 4616 879 4684 64,
910 4632 1028 4686 cap.
1054 4619 1147 4684 47,
1177 4630 1233 4675 et
1267 4619 1540 4687 Photium,
1572 4621 1690 4683 cod.
1719 4621 1847 4687 254,
1878 4620 2192 4675 Eustathius

624 4707 700 4762 De
729 4709 1178 4780 Engastrimytho,
1222 4712 1336 4781 ipse
1376 4712 1731 4781 Epiphanius,
1778 4714 1941 4783 capit.
1970 4713 2003 4767 4
2044 4713 2190 4783 ejus-

623 4799 742 4859 dem
779 4800 1071 4864 haereseos,
1103 4811 1158 4855 et
1188 4801 1243 4856 in
1275 4803 1559 4866 Ancorato,
1581 4819 1699 4873 cap.
1720 4803 1809 4867 54,
1832 4803 2026 4874 quibus
2055 4803 2183 4858 locis

621 4892 912 4948 ostendunt
944 4892 1254 4961 opinionem
1285 4910 1437 4949 suam
1476 4895 1718 4951 firmasse
1764 4896 2047 4966 Origenem
2080 4896 2183 4951 hoc

624 4983 776 5041 Pauli
820 4986 1150 5052 testimonio,
1182 4985 1226 5040 Il
1261 4987 1384 5042 Cor.
1420 5005 1517 5056 xu,
1560 4989 1680 5057 2-4,
1740 4988 1827 5046 ubi
1876 5000 2088 5062 raptum
2126 5003 2186 5046 se

692 5191 810 5263 (55)
844 5192 908 5246 Id
945 5194 1048 5262 ipsi
1074 5193 1321 5263 objiciunt
1350 5193 1672 5259 Methodius,
1702 5208 1807 5251 etc.
1842 5195 1984 5250 Idem
2009 5195 2197 5263 objicit

623 5272 677 5314 et
713 5261 1142 5330 Chrysostomus
1171 5264 1358 5318 homil.
1390 5265 1456 5318 15
1478 5266 1531 5317 in
1564 5264 1774 5328 Cenes.
1807 5274 1932 5320 tom.
1954 5266 2018 5321 IV
2045 5261 2193 5322 norm

622 5331 899 5405 editionis,
932 5348 1055 5405 pag.
1076 5334 1193 5405 102
1210 5343 1260 5405 et
1284 5334 1408 5397 105,
1439 5334 1526 5388 ubi
1562 5336 1670 5389 ait:
1696 5355 1713 5387 ι
1746 5336 1984 5391 llocloco
2028 5336 2175 5401 illud,

627 5400 1028 5470 plantavitfsic'
1073 5404 1497 5476 intelligendum,
1552 5406 1753 5459 scilicet
1803 5406 1973 5475 ipsum
2022 5400 2188 5476 impe-

621 5487 793 5539 rasse,
850 5481 907 5525 ut
961 5476 1241 5539 paradisus
1281 5475 1333 5528 in
1364 5484 1504 5527 terra
1566 5476 1805 5529 fieret....
1856 5477 1978 5531 ldeo
2019 5475 2181 5531 etiam

621 5541 721 5596 ioci
748 5555 948 5613 nomen
982 5542 1139 5597 aflert
1161 5544 1370 5613 Moyses
1416 5545 1467 5597 in
1495 5543 1812 5612 Scripturis,
1852 5555 1907 5599 ut
1944 5562 2010 5600 ne
2050 5548 2182 5601 lice-

624 5621 707 5684 ret
739 5612 938 5668 frustra
969 5613 1156 5684 nugari
1196 5612 1498 5668 volentibus
1536 5615 1920 5684 simpliciorum
1963 5617 2186 5673 auribus

625 5679 1262 5754 impo_uerc,dicerv_que
1284 5699 1386 5735 non
1414 5699 1533 5739 csse
1576 5679 1809 5738 in'terra
1852 5686 2181 5754 paradisum,

639 5751 731 5823 sed
766 5750 819 5802 in
854 5753 1009 5823 caelo,
1043 5751 1332 5823 et_fabu|as
1388 5755 1690 5823 hujusmodi
1727 5750 2017 5809 setnniarc.
2052 5750 2182 5810 Nam

635 5817 678 5868 si
715 5833 835 5869 cum
873 5819 1049 5871 divina
1089 5820 1364 5887 Scriptura
1392 5817 1539 5880 tanta
1571 5840 1664 5881 usa
1698 5826 1769 5880 sit
1792 5826 2186 5898 verborumﬁc-

2297 4624 2619 4697 σωματικῶς
2704 4620 3109 4692 γεγενημένης,
3190 4618 3408 4691 μηνύειν
3469 4610 3581 4668 τινὰ
3634 4603 3792 4678 μυστὴ·

2294 4736 2406 4790 ρια.
2450 4716 2601 4783 Quod
2637 4715 2714 4770 sic
2743 4714 2904 4769 vertit
2950 4712 3172 4768 Ruﬁnus
3218 4731 3232 4768 :
3284 4731 3303 4763 ι
3350 4710 3585 4773 Cuinam,
3633 4709 3789 4770 (ιιιεῑεον

2292 4824 2511 4864 sensum
2584 4806 2807 4862 habenti
2867 4816 3260 4877 consequenter
3305 4801 3563 4860 videbitur
3604 4792 3782 4849 dictum.

2289 4899 2429 4967 quod
2458 4896 2573 4953 dies
2604 4898 2799 4967 prima,
2832 4905 2886 4952 et
2922 4898 3185 4963 secunda,
3227 4906 3283 4953 et
3325 4897 3497 4961 tertia,
3547 4891 3599 4945 in
3640 4884 3793 4955 quibus.

2290 5001 2344 5046 et
2373 5004 2593 5060 vespera
2638 4992 2946 5047 nominatur
2974 5000 3030 5047 et
3061 5006 3242 5057 manc,
3282 4990 3475 5046 fuerint
3501 4987 3604 5041 sine
3623 4978 3787 5042 sole,“

2295 5200 2598 5264 Curation’e,
2648 5214 2753 5253 non
2806 5198 3139 5272 dubitarunt
3171 5209 3348 5272 tamen
3399 5193 3598 5272 αυῑά³,¹“
3636 5177 3784 5272 δεηῖἶῖ

2295 5252 2493 5325 cundia
2516 5252 2642 5336 sua,
2672 5252 2906 5343 seem
2922 5252 2996 5343 de
3032 5252 3368 5343 philosophi_a
3417 5252 3636 5343 exotica,

2294 5343 2583 5415 sapientes,
2619 5332 2842 5393 adversa
2874 5332 3165 5409 Scripiuris
3206 5332 3343 5415 lo'qui
3392 5332 3783 5415 etudicerefff:

2296 5400 2727 5485 disumin'terra
2771 5424 2875 5485 non
2913 5400 3057 5471 esse.
3115 5400 3387 5485 multaque
3417 5404 3519 5485 alia

2293 5496 2411 5574 qua:
2433 5482 2574 5574 dicta
2593 5489 2736 5574 lsunt
2766 5480 3106 5574 adoptantes,
3138 5470 3325 5561 contra
3349 5470 3779 5574 ,βεξξὲ

2291 5544 2410 5642 si...
2446 5560 2514 5642 ei.
2872 5544 3062 5642 ῖεηεεθ
3312 5557 3466 5642 “se:

2289 5603 2433 5673 terra
2456 5603 2604 5673 dicta
2645 5603 2802 5688 sunt,
2818 5623 2882 5675 de
2913 5603 3066 5675 C(nlis
3100 5603 3241 5675 dicta
3263 5603 3481 5690 'putare.
3511 5603 3778 5690 l'iSi,l,'fTﬂ

2289 5669 2845 5779 illa-etvaitemperata
2872 5692 3156 5779 verborum
3213 5669 3414 5769 ratione

2288 5769 2452 5824 esset,
2502 5746 2704 5828 Spiritu
2753 5770 2939 5816 sancto
2989 5759 3224 5816 lincnam
3268 5758 3379 5831 ejus
3430 5754 3667 5809 movente.
3695 5746 3748 5805 ‘1"

2288 5846 2393 5887 non
2424 5831 2663 5887 devoluti
2699 5831 2912 5889 essent?
2940 5850 2956 5882 ι
