4068 6308
278 355 300 409 1
312 350 414 411 037

1116 353 1687 413 ORIGENIANORU‘M
1728 352 1857 409 LIB.
1899 352 1964 419 ll,
1998 352 2150 411 CAP.
2192 352 2256 421 ll,
2298 354 2570 423 ρυιεδτ.
2612 356 2727 413 ΧΠ.

3385 369 3410 425 Ι
3420 368 3524 426 058

275 472 391 527 sine
430 469 575 535 luna,
617 477 671 523 et
715 469 833 526 sine
885 471 1093 536 stellis;
1136 471 1306 539 prima
1353 478 1532 523 autem
1582 470 1696 524 dies
1732 471 1847 523 sine
1875 473 1921 528 Α
1954 483 2092 531 rum,
2140 469 2336 537 quibus
2395 470 2661 524 Adamum
2706 480 2826 540 post
2875 489 3067 530 noxam
3126 477 3267 534 Deus
3322 481 3519 550 induit,

272 562 445 619 coelo?
470 563 602 629 Quis
626 576 754 617 vero
778 563 847 617 ita
881 563 1071 616 idiotas
1101 561 1422 623 invenietur,
1459 568 1519 613 ιιι
1553 570 1705 629 putet
1733 560 1848 615 vel-

273 664 332 713 ut
364 654 634 709 hominem
676 656 962 724 quemdam
1007 652 1299 723 agricolam
1351 652 1517 707 Deum
1569 651 1846 722 plantasse

270 748 499 802 arbores
544 749 595 801 in
649 747 922 816 paradiso,
952 746 1003 800 in
1043 745 1189 800 Eden
1228 756 1416 801 contra
1462 746 1749 810 orientem,
1791 754 1847 801 et

268 840 519 895 arborem
547 842 671 896 vitae
704 841 974 911 plantasse
1013 839 1065 893 in
1103 854 1190 907 eo,
1237 839 1290 894 id
1329 848 1412 894 est
1462 838 1668 907 lignum
1710 838 1841 894 visi-

268 932 378 987 bile
432 940 487 986 et
534 932 826 1003 palpabile,
882 932 955 986 ita
1036 939 1095 985 ut
1162 930 1534 1000 corporalibus
1591 931 1843 986 dentibus

266 1023 603 1078 manducans
643 1025 765 1093 quis
799 1039 866 1078 ex
896 1039 959 1078 ea
1002 1024 1219 1087 arbore,
1254 1023 1419 1076 vitam
1466 1022 1752 1092 percipiat,
1786 1031 1843 1077 et

265 1129 457 1168 rursus
488 1129 551 1169 ex
599 1114 702 1168 alia
756 1116 1093 1169 manducans
1144 1115 1360 1178 arbore,
1425 1114 1552 1169 boni
1607 1124 1665 1168 et
1715 1114 1839 1169 mali

262 1204 549 1261 scientiam
577 1207 794 1276 capiat?
830 1207 935 1262 Sed
967 1215 1021 1260 et
1063 1204 1189 1258 illud
1217 1206 1358 1275 quod
1404 1204 1550 1261 Deus
1580 1214 1702 1275 post
1728 1220 1843 1258 me-

264 1297 457 1352 ridiem
494 1297 836 1353 deambulare
892 1298 1095 1352 dicitur
1138 1298 1190 1350 in
1247 1298 1522 1367 paradiso,
1563 1307 1620 1351 et
1664 1297 1835 1349 Adam

259 1387 433 1444 latere
449 1388 547 1443 sub
575 1389 790 1455 arbore,
815 1389 1065 1457 equidem
1094 1389 1301 1442 nullum
1328 1387 1565 1442 arbitror
1591 1387 1838 1444 dubitare

258 1477 403 1548 quod
442 1478 651 1549 figurali
703 1488 858 1548 tropo
904 1479 1020 1533 haec
1056 1493 1087 1533 a
1130 1479 1414 1549 Scriptura
1465 1478 1834 1548 proferantur,

258 1585 369 1640 quo
405 1585 502 1639 per
541 1571 655 1625 haec
697 1570 943 1640 quaedam
986 1571 1216 1642 mystica
1260 1570 1586 1624 iudicentur.
1642 1589 1661 1623 ι
1702 1571 1837 1626 Vide

258 1662 388 1716 item
418 1662 600 1716 homil.
631 1662 657 1715 1
709 1663 764 1715 in
795 1660 1006 1729 Genes.,
1050 1677 1199 1717 num.
1247 1662 1299 1726 l,
1335 1669 1391 1717 et
1422 1660 1517 1717 lib.
1562 1676 1615 1715 ιν
1656 1673 1835 1719 contra

255 1751 419 1818 Cela,
456 1767 604 1806 Ilttlll.
634 1752 723 1806 39.
1777 1801 1782 1807 .

326 1844 384 1899 In
410 1860 527 1898 eam
551 1843 873 1897 sententiam
908 1843 1072 1898 traxit
1100 1845 1387 1915 Origenem
1411 1842 1568 1899 Philo
1601 1844 1667 1897 ad
1700 1843 1831 1898 alle-

255 1937 465 2006 goriam
523 1936 638 1989 haec
676 1936 789 2005 ipsa
835 1936 1020 1991 itidem
1064 1935 1289 1991 ﬂectens
1334 1937 1388 1990 in
1421 1937 1530 1992 ﬂne
1582 1936 1700 1991 libri
1755 1936 1830 1990 De

255 2028 465 2097 api/icio
494 2042 584 2080 sea:
608 2027 832 2092 dierum,
855 2040 908 2081 et
940 2029 993 2082 in
1025 2028 1118 2084 lib.
1154 2045 1167 2082 ι
1192 2030 1421 2099 Allegor.
1443 2029 1617 2100 Legis.
1641 2030 1830 2085 Traxit

253 2131 311 2174 et
351 2119 562 2188 Papias,
618 2129 673 2174 et
714 2118 978 2183 tremens,
1024 2130 1077 2175 et
1126 2120 1433 2187 Pantamus,
1480 2131 1537 2177 et
1584 2122 1830 2178 Clemens

254 2211 669 2278 Alexandrinus,
697 2227 833 2279 quos
859 2211 1095 2280 paradisi
1125 2212 1548 2283 descriptionem
1574 2216 1640 2269 ad
1704 2231 1825 2286 my-

265 2303 459 2358 sticam
513 2304 906 2373 expositionem
936 2301 1221 2359 deﬂexisse
1277 2314 1466 2359 narrat
1511 2307 1830 2363 Anastasius

254 2392 464 2447 Sinaita
501 2393 595 2451 lib.
631 2409 703 2447 vn
737 2394 972 2463 Anagog.
993 2394 1329 2461 contemplat.
1352 2409 1648 2465 eorumque
1676 2397 1829 2451 deiu-

248 2485 318 2539 de
358 2485 603 2555 exemplo
651 2484 970 2554 Gregorium
1012 2494 1321 2551 utrumque.
1368 2484 1651 2556 Origenem
1698 2500 1826 2541 vero

245 2586 467 2632 secutus
486 2580 586 2631 ’est
614 2578 949 2642 Ambrosius,
978 2586 1033 2632 et
1071 2577 1381 2648 paradisum
1432 2587 1741 2631 terrestrem
1770 2579 1824 2633 in

242 2666 387 2721 caelo
422 2668 577 2722 tertio
616 2668 925 2737 collocavit,
968 2671 1158 2725 eodem
1204 2669 1425 2722 innixus
1484 2666 1636 2723 Pauli
1684 2668 1822 2735 loco,

243 2776 312 2814 ex
339 2776 448 2830 quo
476 2761 715 2830 opinioni
742 2777 856 2817 suae
889 2764 1055 2818 robur
1081 2763 1324 2817 additum
1353 2762 1619 2834 Origenes
1643 2765 1826 2819 existi-

244 2853 435 2908 mavit.
464 2852 587 2907 Haec
616 2853 703 2908 ille
728 2854 945 2923 quidem
981 2853 1033 2908 in
1066 2855 1207 2910 libro
1237 2856 1312 2909 De
1335 2857 1583 2924 paradiso
1610 2872 1732 2926 cap.
1764 2858 1819 2922 5,

241 2943 493 3009 quamvis
510 2941 633 2995 alibi
658 2942 711 2994 in
747 2941 775 2995 Ι
800 2941 925 2996 Cor.
962 2959 1037 3008 νι,
1074 2945 1386 3013 paradisum
1413 2954 1725 3000 terrestrem
1755 2948 1823 3001 ab

239 3047 311 3087 eo
348 3033 658 3101 distinguat,
692 3033 744 3087 in
782 3049 940 3104 quem
967 3036 1212 3092 sublatus
1243 3038 1342 3091 fuit
1374 3038 1595 3093 Paulus.
1650 3040 1721 3094 At
1764 3040 1817 3093 in

1862 1812 1904 1868 Β

239 3123 403 3191 epist.
434 3124 499 3177 ad
525 3121 784 3179 Sabinum
835 3125 1019 3180 omnia
1054 3127 1169 3181 haec
1218 3128 1283 3181 ad
1328 3129 1645 3200 allegoriam
1684 3146 1817 3183 con-
1846 3164 1887 3214 α

241 3215 426 3269 vertit.
463 3215 825 3287 Hieronymus
865 3227 1045 3271 autem
1076 3228 1199 3275 ante
1220 3220 1406 3275 mundi
1453 3221 1612 3290 hujus
1640 3221 1780 3277 fabri

238 3322 366 3359 cam
400 3307 675 3361 conditum
712 3310 1026 3376 paradisum
1056 3309 1289 3381 affirmat
1326 3312 1375 3363 in
1421 3310 1815 3367 Traditionibus

176 3406 179 3413 ’
245 3396 523 3452 Hebraicis
566 3400 620 3452 in
663 3398 848 3453 Cenes.
892 3400 1044 3467 Quod
1078 3401 1121 3455 si
1170 3403 1446 3455 conditum
1502 3402 1648 3456 hunc
1692 3414 1817 3457 ante

237 3491 500 3543 mundum
529 3492 781 3559 opinatus
813 3493 1130 3560 est,,utique
1167 3502 1316 3546 extra
1356 3495 1615 3547 mundum
1650 3494 1817 3551 fuisse

250 3582 487 3638 censuit.
518 3582 691 3637 Moses
713 3584 808 3637 bar
832 3583 1010 3650 Cepha
1059 3583 1150 3638 lib.
1178 3599 1193 3638 ι
1219 3584 1297 3637 De
1323 3588 1593 3653 paradiso,
1618 3604 1736 3656 cap.
1757 3589 1812 3654 8,

235 3673 475 3729 medium
513 3673 684 3742 ipsum
722 3681 893 3726 terras
937 3673 1078 3727 inter
1104 3684 1159 3727 et
1190 3674 1591 3730 firmamentum
1639 3678 1811 3742 locat;

238 3765 293 3819 in
310 3780 540 3833 eumque
576 3764 851 3819 dimissam
874 3775 1023 3833 putat
1046 3765 1118 3835 pii
1145 3765 1368 3821 latronis
1390 3769 1646 3833 animam,
1672 3772 1812 3839 quod

233 3866 295 3913 et
316 3858 380 3912 de
406 3857 633 3911 aliorum
660 3867 970 3912 sanctorum
1017 3857 1295 3912 animabus
1340 3859 1607 3914 aﬂirmant
1644 3862 1811 3917 Seve-

240 3950 449 4014 rianus,
479 3961 618 4003 orat.
645 3948 677 4002 5
713 3947 786 4002 De
812 3963 1064 4017 cosmOp.,
1118 3958 1173 4003 et
1201 3949 1452 4019 Eulogius
1468 3952 1603 4019 apud
1629 3952 1810 4021 Phot.,

238 4047 362 4100 cod.
399 4056 591 4101 chxx.
614 4044 750 4111 Quin
779 4043 938 4096 etiam
961 4057 1198 4097 errorem
1224 4043 1471 4112 Origenis
1502 4045 1661 4113 paqu
1684 4057 1811 4102 ante

237 4154 388 4193 suam
415 4148 622 4191 aetatem
655 4153 682 4190 a
726 4135 1017 4189 Fraucisco
1059 4135 1289 4206 Georgio
1324 4149 1634 4193 renovatum
1674 4140 1805 4194 scri-

237 4230 317 4284 bit
346 4229 529 4283 Sixtus
561 4230 818 4286 Senensis
846 4231 938 4283 lib.
971 4243 1003 4280 v
1046 4226 1333 4293 Bibliotli.,
1368 4231 1554 4285 adnot.
1600 4232 1691 4296 54,
1730 4242 1810 4286 to-

239 4328 455 4388 tamque
479 4319 594 4389 ejus
622 4319 722 4375 luci
756 4322 1110 4392 quaestionem
1151 4320 1411 4392 proximis
1444 4322 1809 4377 adnotationi-

234 4410 336 4467 bus
355 4408 626 4467 exhaurit.

1951 569 2163 612 textura
2193 574 2389 628 corpus
2426 559 2603 630 ipsum
2657 568 2930 618 terrenum
2973 575 3028 621 et
3072 570 3299 627 mortale
3351 573 3522 643 signi-

1948 650 2098 706 ficari
2154 652 2465 717 somniavit,
2516 668 2624 723 quo
2680 655 2873 711 Adami
2934 659 3114 715 anima
3164 662 3366 733 illigata
3410 676 3517 733 est,

1946 756 2066 796 cum
2095 751 2254 797 antea
2280 743 2607 800 immortalis
2631 757 2776 803 esset
2809 757 2862 802 et
2888 748 3277 821 incorporalis;
3311 756 3514 826 alioqui

1947 833 2227 889 ridiculum
2258 833 2373 890 fore
2415 835 2581 891 Deum
2627 855 2893 907 asserere,
2931 843 3009 897 sic
3045 853 3299 914 tanquam
3345 850 3512 904 coria-

1944 925 2085 977 rium
2117 936 2173 980 et
2203 935 2463 994 sutorem,
2507 928 2813 986 animantes
2855 932 3111 1002 glubisse,
3152 946 3208 991 et
3244 938 3511 995 detractas

1943 1016 2109 1085 pelles
2136 1016 2440 1074 censuisse.
2498 1018 2653 1076 Hunc
2685 1021 2941 1079 refellunt
2976 1040 3219 1082 errorem
3256 1028 3511 1097 lreneus,

1943 1106 2034 1162 lib.
2072 1123 2123 1175 ι,
2157 1123 2276 1177 cap.
2334 1110 2388 1176 1,
2446 1120 2500 1165 et
2556 1111 2917 1170 Tertullianus
2961 1118 3165 1172 advers.
3226 1119 3511 1189 Valentin.,

1942 1215 2060 1269 cap.
2095 1202 2165 1255 24
2195 1212 2249 1256 et
2274 1202 2368 1257 lib.
2424 1202 2500 1256 De
2553 1214 2833 1261 resurrect.
2896 1224 3071 1275 carm,
3122 1225 3241 1280 cap.
3287 1212 3318 1265 7
3349 1214 3505 1283 ;.jam

1940 1295 2083 1346 enim
2140 1302 2263 1347 ante
2311 1293 2562 1363 Origenis
2627 1305 2839 1351 {etatem
2908 1299 3230 1357 inoleverat.
3295 1303 3510 1359 Refellit

1938 1400 2173 1454 quoque,
2221 1395 2276 1440 et
2318 1386 2371 1440 in
2418 1386 2679 1443 Cassiano
2712 1391 2948 1459 quodam
2996 1392 3218 1448 damnat
3261 1394 3509 1452 Clemens

1937 1476 2332 1532 Alexandrinus
2357 1477 2555 1533 Strom.
2590 1480 2683 1534 lib.
2719 1496 2806 1546 ιιι,
2850 1493 2909 1536 ιιι
2946 1485 3152 1537 monuit
3194 1500 3280 1540 me
3310 1485 3509 1543 Paulus

1937 1566 2285 1633 Pellissonus;
2319 1568 2374 1622 in
2410 1585 2517 1638 quo
2559 1570 2751 1640 plusne
2783 1572 2985 1643 ingenii
3026 1576 3401 1631 arnmnitatem
3432 1594 3502 1633 an

1937 1658 2302 1725 praestantiam
2332 1658 2596 1713 doctrinae
2623 1660 2834 1715 laudem
2874 1664 3081 1719 nescio.
3139 1664 3414 1722 Refellunt
3451 1678 3505 1722 et

1936 1747 2204 1813 Justinus,
2247 1764 2341 1804 seu
2379 1750 2624 1821 quisquis
2677 1763 2868 1810 auctor
2900 1766 2984 1812 est
3024 1759 3389 1823 Quwstionum
3436 1764 3505 1814 ad

1932 1840 2269 1906 orthodoxae,
2308 1853 2499 1911 quaest.
2556 1843 2649 1910 49,
2693 1856 2750 1901 et
2798 1860 2987 1904 auctor
3045 1852 3385 1924 Dialogorum
3413 1858 3504 1927 qui

1932 1929 2189 1997 Caesarie,
2250 1930 2491 2002 Gregorii
2548 1933 2870 1992 Nazianzeni
2914 1940 3117 2010 fratri,
3172 1946 3502 2012 tribuuntur,

1931 2021 2057 2076 dial.
2083 2037 2181 2086 ιιι,
2222 2022 2411 2078 interr.
2449 2026 2580 2091 M9;
2624 2037 2679 2081 et
2721 2027 3015 2101 Gregorius
3035 2033 3310 2106 Nyssenus
3350 2038 3501 2094 Orat.

1930 2121 2059 2180 cat.,
2105 2127 2225 2182 cap.
2276 2115 2341 2180 8,
2388 2124 2445 2170 et
2480 2117 2896 2188 Chrysostomus
2972 2126 3159 2183 homil.
3202 2128 3289 2194 18,
3349 2130 3401 2184 in
3443 2145 3503 2186 ιιι

1931 2205 2101 2275 Gen.,
2154 2217 2208 2264 et
2257 2210 2577 2266 Anastasius
2644 2212 2854 2271 Sinaita
2928 2216 3217 2289 Contempl.
3276 2238 3499 2294 anagog.

1930 2300 2023 2353 lib.
2074 2316 2151 2363 xi,
2205 2308 2261 2356 et
2319 2300 2593 2370 Rupertus
2639 2304 2731 2361 lib.
2788 2323 2873 2374 ιιι,
2923 2324 3040 2379 cap.
3083 2312 3117 2366 2
3158 2313 3209 2366 in
3247 2330 3305 2368 ιιι
3368 2316 3499 2373 Gen.

1932 2389 2185 2444 Eumdem
2210 2392 2539 2460 exprobrant
2563 2393 2781 2463 Origeni
2807 2397 3111 2453 Methodius
3138 2402 3277 2469 apud
3305 2403 3495 2472 Epiph.

1930 2482 2058 2537 haer.
2085 2497 2231 2547 thv,
2254 2492 2308 2536 et
2342 2485 2480 2553 apud
2511 2485 2667 2542 Phot.
2705 2489 2824 2543 cod.
2869 2505 3136 2556 ccxxxtv;
3169 2491 3499 2562 Epiphanius

1928 2572 2120 2627 haeres.
2155 2588 2302 2637 thv,
2333 2585 2387 2628 et
2414 2575 2465 2629 in
2488 2576 2645 2643 epist.
2691 2579 2758 2633 ad
2793 2577 2946 2633 Joan.
2981 2580 3233 2648 Jerosol.,
3268 2600 3387 2654 cap.
3417 2588 3451 2642 5
3482 2604 3497 2653 ;

1928 2663 2282 2735 Hieronymus
2327 2666 2485 2735 epist.
2517 2668 2609 2733 6|,
2640 2670 2706 2725 ad
2740 2670 3078 2739 Pammach.,
3120 2691 3243 2745 cap.
3286 2679 3351 2742 ‘5;
3403 2679 3502 2734 So-

1926 2755 2184 2820 phronius
2203 2757 2255 2809 in
2284 2759 2441 2826 epist.
2464 2758 2530 2813 ad
2553 2757 2733 2830 Sergi;
2767 2761 3076 2832 Stephanus
3098 2765 3345 2823 Gobarus
3374 2769 3500 2824 Tri-

1926 2846 2091 2901 theita
2108 2850 2249 2916 apud
2267 2848 2445 2912 Phot.,
2464 2850 2589 2905 cod.
2608 2865 2744 2905 ccxx
2758 2868 2827 2907 ιιι
2851 2870 2867 2918 ;
2883 2853 3117 2912 Joannes
3140 2857 3500 2916 Damascenus

1923 2936 1999 2992 De
2025 2939 2207 2993 litorea.
2227 2957 2248 3004 ;
2285 2940 2501 3011 Glycas.
2530 2953 2672 3012 part.
2710 2960 2726 2999 ι
2764 2953 2820 3000 et
2853 2961 2906 3000 tv
2935 2947 3129 3003 Annal.
3148 2951 3496 3022 ;Cedrenus,

1921 3041 1974 3087 et
1997 3032 2212 3088 Nicetas
2242 3033 2396 3090 Thes.
2428 3036 2634 3091 orthod.
2659 3037 2756 3104 ﬁd.
2784 3038 2879 3094 lib.
2911 3055 2985 3109 tv,
3011 3042 3203 3098 haeres.
3237 3061 3387 3101 xx-xt.

1990 3124 2046 3179 ln
2077 3126 2257 3180 varios
2285 3126 2525 3195 profecto
2555 3142 2749 3183 sensus
2775 3138 2979 3186 tractus
3005 3143 3091 3189 est
3112 3135 3217 3190 iste
3249 3135 3497 3207 Scriptu-

1924 3231 1994 3271 rae
2021 3217 2170 3272 locus
2208 3233 2223 3271 :
2259 3218 2559 3276 Methodius
2599 3231 2777 3277 vestes
2823 3232 3087 3291 scorteas,
3128 3242 3233 3281 non
3276 3230 3491 3297 quidem

1919 3309 2144 3363 mortale
2170 3325 2365 3379 corpus
2393 3326 2515 3367 esse
2545 3313 2703 3379 dixit,
2747 3315 2842 3369 sed
2883 3318 3133 3385 corporis
3185 3329 3341 3374 antea
3387 3323 3492 3376 im-

1919 3398 2180 3463 mortalis,
2214 3399 2408 3454 deinde
2436 3415 2567 3455 vero
2604 3401 2848 3457 mortalis
2878 3402 3050 3459 eﬂ‘ecti
3080 3406 3488 3465 dissolutionem

1916 3490 2240 3559 significare.
2292 3489 2585 3559 Gregorius
2636 3491 3016 3548 Nazianzenus
3054 3497 3300 3564 corporis
3330 3500 3489 3554 nudi-

1920 3594 2027 3636 tate
2075 3583 2301 3650 exprimi
2354 3584 2467 3638 vult
2525 3585 2833 3640 immortale
2888 3586 3038 3655 prius
3071 3597 3125 3642 et
3185 3588 3345 3644 nullis
3392 3592 3490 3646 ob-

1916 3677 2130 3729 noxium
2162 3677 2364 3730 morbis
2387 3677 2578 3730 Adami
2606 3691 2833 3746 corpus;
2860 3680 3097 3734 vestibus
3137 3695 3286 3745 vero,
3339 3696 3487 3737 mor-

1917 3767 2202 3831 talitatem,
2246 3768 2585 3836 gravitatem,
2619 3782 2683 3822 ac
2718 3769 3105 3837 infirmitatem,
3140 3787 3259 3840 qua:
3291 3788 3488 3843 corpus

1914 3861 2043 3916 illud
2112 3860 2442 3917 invaserunt.
2515 3858 2769 3915 Nonnulli
2842 3875 2994 3927 vero,
3067 3877 3206 3931 quos
3289 3866 3486 3921 refellit

1913 3951 2283 4007 Theodoretus
2324 3959 2521 4020 qurest.
2557 3949 2626 4005 39
2662 3951 2717 4004 in
2749 3948 3035 4018 Geuesim.,
3069 3963 3311 4009 scorteas
3345 3958 3485 4011 tuni-

1912 4057 2004 4097 cas
2026 4056 2146 4096 esse
2166 4040 2421 4095 dixerunt
2452 4041 2708 4095 arborum
2738 4042 2993 4107 cortices,
3029 4056 3150 4111 quae
3173 4055 3297 4099 sunt
3337 4046 3484 4101 velut

1911 4133 2163 4188 arborum
2193 4133 2359 4203 pelles
2390 4142 2455 4205 et.
2476 4133 2809 4188 indumenta.

1980 4227 2075 4282 His
2107 4226 2554 4297 suﬂ‘ragatoribus
2582 4243 2825 4283 errorem
2850 4242 3006 4282 suum
3033 4238 3320 4284 excusaret
3352 4230 3477 4287 Ori-

1909 4333 2097 4391 genes,
2137 4320 2181 4374 si
2230 4318 2348 4388 ejus
2395 4328 2542 4374 esset
2590 4320 2928 4375 manifestus.
2963 4318 3035 4373 At
3081 4330 3281 4389 quanta
3317 4321 3482 4377 fuerit

1912 4413 2077 4483 ipsius
2108 4413 2162 4466 in
2188 4412 2289 4466 hac
2314 4411 2613 4480 quaestione
2651 4409 2929 4465 ﬂuctuatio
2958 4424 3026 4465 ex
3070 4413 3324 4478 sequenti
3361 4411 3501 4469 loco.

302 4504 442 4558 Alibi
478 4514 651 4559 tamen
690 4504 946 4577 Origenes
974 4506 1279 4573 paradisum
1331 4506 1498 4571 Eden,
1550 4521 1645 4562 seu
1696 4516 1806 4561 ter-
1835 4500 2135 4575 Dpatebit,
2167 4517 2327 4571 quem
2383 4511 2589 4556 catenae
2646 4516 2753 4556 uno
2807 4517 3075 4557 consensu
3116 4501 3335 4573 Origeni
3386 4504 3483 4559 tri-

234 4599 738 4652 restrem-eumdem
787 4613 907 4653 esse
940 4599 1131 4654 scribit
1170 4614 1234 4654 ac
1284 4600 1590 4669 paradisum
1628 4600 1801 4666 illum,

232 4694 285 4746 in
317 4706 476 4763 quem
514 4694 722 4762 piorum
754 4696 947 4749 animae
990 4703 1115 4765 post
1166 4695 1372 4749 obitum
1421 4695 1799 4760 dimittuntur;

234 4799 395 4853 quem
430 4800 550 4839 cum
580 4786 630 4838 in
676 4785 832 4840 terris
873 4784 1236 4850 collocaverit,
1278 4795 1334 4839 ut
1379 4801 1537 4855 supra
1568 4787 1698 4850 dixi,
1741 4787 1802 4841 il-

235 4875 341 4928 lum
368 4891 581 4945 quoque
615 4877 669 4930 in
710 4877 865 4931 terris
908 4892 1028 4932 esse
1073 4893 1293 4932 necesse
1331 4888 1434 4932 est.
1486 4896 1506 4928 ι
1557 4878 1657 4945 Qui
1704 4894 1801 4932 au-

235 4977 362 5028 tem,
401 4987 420 5020 ι
457 4968 633 5037 inquit
680 4969 773 5024 lib.
809 4985 824 5023 ι
859 4970 911 5024 in
952 4969 1182 5031 Cantia,
1234 4985 1360 5039 pag.
1412 4970 1519 5037 42,
1555 4990 1573 5023 ι
1609 4972 1800 5041 dignus

231 5061 394 5114 fuerit
421 5061 596 5116 redire
621 5073 677 5116 et
704 5076 826 5117 esse
863 5079 984 5117 cum
1016 5064 1249 5129 Christo,
1298 5064 1499 5133 quique
1540 5064 1591 5116 in
1633 5078 1800 5133 parvo

232 5150 405 5205 fidelis
446 5152 697 5206 inventus
731 5154 1086 5207 constituetur
1124 5170 1287 5222 super
1329 5154 1518 5217 multa,
1556 5154 1645 5208 ille
1697 5171 1796 5226 gu-

228 5243 397 5298 stabit
423 5252 479 5296 et
522 5244 697 5313 capiet
742 5246 1066 5313 voluptatem
1111 5246 1345 5313 Domini,
1404 5247 1690 5316 perductus
1732 5248 1797 5300 ad

226 5333 404 5390 locum
429 5335 714 5403 quemdam
753 5337 842 5404 qui
874 5352 969 5406 pro
1005 5337 1310 5405 hujusmodi
1354 5339 1598 5393 ciborum
1627 5338 1796 5407 copiis

226 5436 282 5481 et
302 5427 676 5490 varietatibus,
698 5427 883 5482 delicia
895 5445 1007 5483 rum
1039 5434 1348 5484 nominatur
1375 5431 1544 5484 locus.
1573 5430 1797 5501 Propter

227 5522 367 5591 quod
395 5528 449 5576 et
480 5519 534 5574 in
582 5519 729 5575 Eden
758 5523 961 5593 positus
1010 5522 1229 5590 dicitur,
1278 5522 1418 5593 quod
1459 5523 1678 5578 delicias
1708 5523 1795 5577 in-

228 5616 385 5676 dicat.
423 5640 443 5675 ι

295 5714 421 5770 Vlll.
451 5715 519 5771 Ut
551 5713 788 5784 paradisi
818 5712 1150 5783 plantatione
1192 5710 1479 5783 mysticum
1528 5708 1657 5778 quid
1696 5723 1794 5763 no-

229 5808 325 5861 tari
360 5808 509 5879 tingit
541 5810 637 5865 sibi
672 5806 1047 5873 Adamantius,
1097 5807 1166 5861 ita
1204 5817 1533 5863 scortcarum
1579 5802 1787 5859 tunica-

1909 4596 2099 4651 buunt.
2128 4593 2179 4649 Is
2202 4607 2329 4661 ergo
2366 4592 2422 4645 in
2451 4590 2639 4645 Cenes.
2671 4606 2751 4657 ιιι,
2784 4590 2874 4657 21,
2920 4603 3205 4662 postquam
3236 4593 3475 4662 ineptum

1909 4701 2027 4743 esse
2058 4686 2193 4739 dixit
2229 4686 2393 4738 Deum
2428 4682 2631 4750 fingere
2665 4686 2935 4738 detractas
2966 4684 3276 4739 animalium
3310 4685 3477 4754 pelles

1908 4788 2277 4841 consucntem,
2320 4774 2503 4830 subdit
2545 4774 2759 4829 εΙΙάλιν
2804 4792 2864 4828 τε
2905 4777 3144 4844 φυγόντα
3197 4777 3258 4829 τὸ
3306 4774 3478 4841 οὕτως

1907 4873 2126 4933 ἄτοπον,
2162 4869 2339 4938 λέγειν
2367 4867 2492 4931 τοὺς
2519 4867 2874 4939 δερματίνους
2904 4869 3134 4939 χιτῶνας
3161 4871 3262 4923 οὐκ
3289 4870 3479 4934 ἄλλους

1906 4961 2067 5031 εἶναι,
2101 4964 2134 5036 ἢ
2161 4962 2230 5016 τὰ
2258 4962 2505 5032 σώματα,
2539 4960 2763 5015 πιθανὸν
2810 4961 2928 5032 μὲν,
2961 4962 3054 5015 καὶ
3103 4964 3183 5025 εἰς
3216 4962 3479 5029 συγκατά-

1905 5058 2052 5112 θεσιν
2092 5055 2496 5110 ἐπισπάσασθαι
2545 5053 2857 5125 δυνάμενον·
2906 5054 2966 5107 οὐ
3014 5052 3121 5124 μὴν
3166 5054 3353 5120 σαφὲς,
3401 5052 3477 5115 ὡς

1904 5151 2120 5223 ἀληθές.
2158 5153 2220 5204 Εἰ
2260 5150 2369 5223 γὰρ
2413 5152 2462 5203 οἱ
2501 5149 2814 5221 δερμάτινον.
2856 5148 3079 5218 χιτῶνες
3134 5146 3334 5216 σάρκες
3382 5147 3475 5199 καὶ

1901 5244 2064 5297 ὀστέα
2105 5242 2230 5305 εἰσὶ,
2260 5242 2376 5304 πῶς
2406 5241 2511 5312 πρὸ
2541 5240 2745 5293 τούτων
2796 5238 2961 5307 φησιν
2988 5239 3015 5290 ὁ
3057 5236 3227 5304 Ἀδάμ
3245 5251 3261 5267 ·
3293 5236 3474 5291 Τοῦτο

1900 5335 2018 5390 νῦν
2050 5334 2275 5389 ὀστοῦν
2310 5334 2377 5387 ἐκ
2419 5331 2538 5386 τῶν
2566 5330 2763 5385 ὀστῶν
2788 5350 2928 5401 μου,
2965 5329 3062 5384 καὶ
3096 5329 3250 5400 σὰρξ
3271 5332 3336 5384 ἐκ
3364 5329 3474 5399 τῆς

1901 5431 2132 5498 σαρκός
2151 5444 2308 5497 μου;
2358 5445 2377 5477 ι
2430 5425 2664 5480 Rursum
2723 5438 2851 5478 vero
2905 5424 2947 5478 si
2997 5422 3117 5492 quis
3169 5437 3280 5477 rem
3338 5423 3473 5477 adeo

1901 5521 2192 5579 absurdam
2224 5520 2439 5591 fugiens
2464 5517 2659 5574 dixerit
2692 5527 2933 5571 scorteas
2961 5514 3173 5570 tunicas
3197 5530 3302 5569 non
3332 5514 3471 5568 alias

1898 5629 2017 5671 esse
2038 5629 2200 5685 quam
2233 5626 2484 5681 corpora,
2516 5608 2794 5681 probabile
2833 5607 2941 5662 erit
2977 5607 3029 5661 id
3053 5606 3291 5677 quidem,
3324 5615 3379 5660 et
3402 5606 3469 5658 ad

1900 5698 2180 5762 assensum
2247 5704 2462 5759 trahere
2526 5701 2752 5766 valens;
2807 5714 2912 5754 non
2983 5698 3187 5753 clarum
3270 5706 3466 5757 tamen,

1899 5800 2058 5871 quale
2099 5814 2221 5856 esse
2259 5798 2419 5855 debet
2452 5796 2592 5866 quod
2632 5808 2817 5850 rerum
2874 5802 2975 5848 est.
3010 5789 3143 5846 Nam
3180 5789 3225 5845 si
3274 5787 3468 5843 tunica:
