4068 6308
619 345 640 399 Ι
653 343 756 399 059

1913 325 1975 380 Ρ,
2017 322 2329 378 ιιΑΝιΕιλιε
2363 317 2596 376 HUETII

3670 320 3778 380 loco

617 470 844 517 scortea
871 469 1063 512 carnes
1091 460 1144 509 et
1176 465 1298 507 ossa
1333 455 1482 512 sunt,
1530 445 1802 516 quomodo
1856 456 2012 499 antea
2056 443 2187 499 dicit
2213 451 2260 504 Α
2286 441 2543 512 unigeniti
2609 440 2777 494 factos
2813 450 2936 493 esse
2972 434 3193 499 scribit,
3234 434 3380 504 quod
3425 433 3670 504 impietate
3698 456 3780 498 non

618 551 790 607 Adam
817 567 830 602 :
857 548 972 601 Hoc
986 561 1128 600 num:
1165 559 1222 597 os
1235 557 1300 596 ex
1323 541 1525 594 ossibus
1555 539 1704 602 meis,
1733 545 1780 590 et
1819 552 1941 589 caro
1958 536 2022 589 de
2037 551 2192 588 carne

619 659 737 696 mea
755 642 842 694 “‘i
873 658 891 690 ι
925 638 1086 692 Addit
1109 642 1365 703 praeterea
1398 629 1788 685 nonnullosbis
1807 629 2194 696 circumseptos

622 731 883 801 angustiis
897 728 1234 784 existimasse
1261 734 1503 779 scorteas
1533 723 1747 776 tunicas
1776 735 1897 775 esse
1922 719 2189 774 moriendi

624 825 1006 882 necessitatem
1037 819 1245 873 Adamn
1270 829 1325 871 et
1358 817 1482 870 Eva:
1509 824 1628 884 post
1657 823 1940 882 peccatum
1968 810 2189 881 imposi-

623 928 734 973 tam
779 935 792 970 :
835 915 975 984 quod
1013 913 1189 982 ipsum
1243 908 1561 964 diﬂicultale
1604 921 1706 960 non
1761 921 1949 961 carere
1987 913 2192 960 censet.

623 1008 839 1065 Clarius
870 1007 921 1059 in
959 1003 1320 1058 orthodoxam
1372 1000 1584 1055 videtur
1637 999 1934 1053 concedere
1982 1003 2194 1051 senten-

624 1101 755 1154 tiam
810 1097 996 1152 homil.
1045 1095 1101 1159 6,
1155 1096 1210 1148 in
1263 1093 1506 1154 Levitic.,
1559 1107 1708 1146 num.
1762 1090 1822 1154 2,
1877 1089 2130 1143 cum-ait
2179 1105 2192 1140 :

631 1210 652 1244 ι
691 1189 864 1244 Velim
911 1186 1162 1243 conferre
1227 1183 1316 1238 illa
1346 1181 1578 1237 infelicia
1617 1181 1951 1245 indumenta,
2002 1178 2196 1248 quibus

624 1287 836 1356 primus
868 1281 1053 1345 homo,
1081 1293 1202 1331 cum
1233 1283 1537 1346 peccasset,
1566 1273 1783 1342 indutus
1814 1281 1918 1334 est,
1955 1287 2075 1325 cum
2110 1273 2195 1324 his

624 1363 828 1430 sanctis
854 1384 908 1427 et
944 1372 1190 1426 fidelibus
1215 1369 1564 1423 indumentis.
1599 1367 1665 1419 Et
1694 1365 1909 1434 quidem
1953 1363 2041 1417 illa
2067 1363 2200 1416 dici-

630 1481 716 1522 tur
747 1467 887 1520 Deus
921 1464 1112 1519 fecisse
1161 1479 1175 1516 :
1234 1460 1381 1514 Fecit
1425 1463 1582 1522 enim,
1630 1457 1831 1526 inquit,
1881 1456 2017 1509 Deus
2059 1455 2200 1508 tuni-

627 1575 716 1612 cas
743 1559 1009 1626 pelliceas,
1051 1567 1096 1609 et
1122 1555 1290 1608 induit
1315 1553 1486 1605 Adam
1523 1559 1570 1605 et
1598 1551 1862 1604 mulierem
1879 1548 1991 1618 ejus
2009 1547 2071 1599 “.
2095 1545 2201 1599 lllte

627 1664 757 1716 ergo
797 1649 992 1702 tunicae
1020 1646 1083 1700 de
1116 1644 1346 1714 pellibus
1411 1650 1568 1695 erant
1597 1655 1662 1694 ex
1704 1638 2024 1692 animalibus
2057 1651 2202 1690 sum-

628 1747 734 1808 plan
781 1755 796 1791 :
850 1736 1048 1789 talibus
1099 1732 1242 1786 enim
1281 1732 1561 1800 Oportebat
1609 1728 1756 1782 indui
1811 1737 2180 1796 peccatorem,

2295 543 2462 588 caret.
2491 552 2509 583 1

2363 627 2521 681 Certe
2568 625 2612 679 si
2663 623 2798 678 satis
2850 626 3125 675 constaret
3166 618 3368 672 dixisse
3412 617 3671 688 Origenem
3716 638 3787 692 per

2292 727 2568 790 peccatum
2605 717 2891 784 imaginem
2940 712 3034 766 Dei
3080 710 3344 764 Adatnum
3380 710 3630 776 amisisse,
3651 713 3789 782 lingu.

2294 811 2492 865 stiuum
2544 817 2722 861 tamen
2753 805 2852 859 sibi
2907 802 3292 872 sull‘ragantem
3333 801 3573 867 haberet,
3607 805 3684 872 qui
3718 805 3788 860 lib.

2293 919 2344 956 vr
2376 903 2448 955 De
2470 899 2655 955 Genesi
2681 899 2749 950 ad
2774 899 2960 962 titter.,
2984 910 3104 965 cap.
3133 893 3221 957 2-7,
3249 893 3323 948 ita
3348 893 3610 962 loquitur:
3635 913 3651 946 ι
3679 895 3792 953 lianc

2296 991 2584 1059 imaginem
2631 989 2681 1040 in
2735 987 2929 1056 spiritu
2989 984 3186 1039 mentis
3235 983 3547 1053 impressam
3609 986 3794 1054 perdidit

2296 1084 2464 1137 Adam
2497 1096 2592 1151 per
2619 1090 2921 1148 peccatum,
2952 1092 3111 1146 quam
3162 1075 3461 1144 recepimus
3491 1090 3578 1144 per
3618 1078 3794 1145 gratiam

2292 1171 2535 1244 justitiat.
2570 1190 2589 1223 ι
2631 1170 2686 1222 Id
2723 1167 3070 1222 nihilominus
3103 1164 3306 1219 emollit
3343 1164 3433 1218 lib.
3464 1179 3499 1217 ιι
3540 1163 3796 1228 Retractat.,

2299 1279 2416 1332 cap.
2444 1261 2549 1325 24,
2599 1274 2703 1313 non
2754 1273 2963 1312 erasam
3016 1270 3080 1310 ex
3140 1256 3356 1308 homine
3400 1255 3534 1308 hanc
3568 1254 3796 1324 imaginem

2299 1354 2503 1416 dicens,
2541 1352 2636 1406 sed
2675 1350 2747 1404 ita
2785 1349 3159 1411 deformatam,
3191 1353 3250 1399 ut
3296 1344 3461 1398 fuerit
3497 1342 3796 1401 reformanda.

2298 1446 2366 1499 At
2393 1444 2438 1501 si
2471 1443 2712 1498 doctrina
2739 1438 3008 1507 Origenis,
3039 1453 3141 1490 non
3179 1450 3245 1489 ex
3281 1433 3682 1488 adversariorum
3709 1451 3801 1489 cun-

2300 1536 2707 1609 qnestionibus,
2756 1532 2850 1587 sed
2891 1547 2955 1586 ex
3000 1529 3117 1599 ejus
3167 1538 3438 1609 spectetur
3469 1526 3646 1589 verbis,
3683 1536 3800 1595 prout

2302 1647 2330 1684 a
2361 1630 2574 1693 Rufino,
2624 1627 2727 1682 levi
2777 1639 2999 1695 prorsus
3050 1622 3368 1690 interprete,
3396 1604 3637 1672 conversa
3677 1630 3797 1680 sunt,

2303 1725 2419 1779 sine
2472 1736 2629 1777 causa
2678 1721 2768 1774 hic
2823 1718 2994 1787 ipsum
3048 1712 3303 1781 vapulare
3358 1709 3647 1763 fatebimur.
3700 1707 3797 1761 Nam

629 1797 891 1899 pelliceis,
929 1827 1166 1896 inquam,
1209 1797 1422 1887 tunicis,
1478 1837 1599 1891 quae
1636 1829 1816 1876 essent
1843 1817 2201 1882 mortalitatis,
2240 1797 2281 1851 Β
2309 1817 2487 1870 animo
2519 1811 2771 1874 hominis,
2802 1825 2907 1863 non
2937 1805 3170 1875 corpori,
3204 1803 3488 1870 imaginem
3517 1799 3599 1853 Dei
3629 1802 3799 1867 impres-

631 1936 790 1988 quam
839 1933 936 1988 pro
993 1926 1212 1988 peccato
1267 1924 1571 1984 acceperat,
1616 1922 1671 1967 et
1710 1913 2010 1981 fragilitatis
2065 1910 2200 1978 ejus,

631 2027 752 2080 qua:
792 2026 857 2066 ex
916 2010 1097 2065 carnis
1143 2009 1488 2077 corruptione
1536 2006 1805 2068 veniebat,
1863 2004 2136 2058 indicium.
2176 2023 2194 2054 ι

632 2104 818 2172 Itaque
853 2111 1043 2156 auctor
1095 2100 1303 2171 Dialogi
1353 2101 1415 2154 de
1458 2099 1753 2154 orthodoxa
1795 2098 1918 2166 ﬁde,
1959 2097 2047 2164 qui
2081 2095 2205 2151 (Iri-

632 2193 754 2263 geni
821 2193 977 2260 vulgo
1041 2193 1332 2255 tribuitur,
1396 2193 1571 2261 ipsum
1657 2189 1861 2244 inducit
1939 2197 2072 2242 sect.
2133 2186 2202 2252 5,

635 2298 757 2354 pag.
785 2282 910 2348 862,
942 2298 1124 2337 veram
1151 2292 1206 2337 et
1238 2284 1290 2337 in
1317 2281 1560 2337 Ecclesia
1594 2289 1864 2350 receptam
1895 2279 2203 2346 Opinionem

635 2376 705 2429 de
737 2375 938 2429 tunicis
965 2373 1068 2428 illis
1097 2374 1346 2440 scorteis,
1384 2373 1646 2428 adversus
1690 2370 1952 2425 Marinum
1995 2368 2191 2423 Barde-

633 2466 917 2523 sianistam
949 2477 1401 2536 propugnantem.

707 2556 798 2612 IX.
838 2555 981 2611 Inter
1011 2556 1418 2611 criminationes
1451 2567 1587 2623 quas
1627 2554 1886 2608 adversus
1915 2550 2206 2620 Origenem

635 2648 850 2717 collegit
881 2649 1213 2717 Epiphanius
1232 2646 1362 2699 hazr.
1388 2660 1535 2710 thv,
1572 2659 1690 2714 cap.
1715 2645 1776 2707 ι,
1797 2653 1850 2698 et
1885 2644 1937 2696 in
1987 2645 2209 2712 epistola

637 2738 706 2792 ad
733 2736 993 2792 Joannem
1021 2734 1366 2806 Jerosolym.,
1398 2750 1521 2804 cap.
1545 2735 1602 2800 4,
1634 2750 1741 2788 una
1773 2735 1888 2788 haec
1922 2742 2004 2787 est
2033 2751 2047 2787 :
2085 2751 2103 2784 ι
2129 2734 2211 2786 Ιη-

641 2841 728 2885 ter
762 2828 929 2883 multa
977 2828 1142 2882 etiam
1179 2827 1309 2882 illud
1353 2841 1517 2881 ausus
1548 2837 1633 2881 est
1671 2827 1874 2890 dicere,
1914 2827 2213 2894 perdidisse

638 2921 932 2991 imaginem
966 2919 1061 2975 Dei
1087 2920 1259 2974 Adam
1285 2934 1302 2974 :
1329 2937 1348 2971 ι
1383 2918 1526 2987 quod
1552 2929 1606 2972 et
1639 2911 1996 2988 Hieronymus
2021 2917 2215 2988 repetit

638 3005 692 3061 in
723 3007 883 3075 epist.
929 3005 1018 3070 6i,
1071 3007 1135 3060 ad
1165 3005 1496 3069 Pammach.,
1533 3019 1652 3074 cap.
1681 3005 1734 3060 '5.
1762 3005 1923 3072 Quasi
1950 3006 2213 3060 Adamum

640 3096 872 3150 voluerit
901 3097 954 3151 in
987 3110 1200 3167 poenam
1227 3097 1456 3166 peccati,
1484 3111 1588 3150 non
1614 3097 1763 3166 gravi
1797 3099 2061 3152 duntaxat
2095 3112 2216 3152 cor-

641 3200 796 3255 pore,
814 3187 892 3242 sic
913 3197 1164 3256 tanquam
1183 3186 1532 3256 compedibus
1554 3185 1720 3240 fuisse
1740 3189 2112 3255 constrictum,
2127 3188 2219 3242 sed

643 3280 881 3350 imagine
913 3281 1072 3334 etiam
1113 3279 1228 3345 Dei,
1261 3279 1327 3333 ad
1367 3294 1526 3348 quam
1566 3279 1814 3334 conditus
1849 3279 2046 3344 fuerat,
2074 3281 2222 3334 exci-

645 3373 809 3428 disse.
840 3373 910 3426 At
936 3371 1095 3440 paulo
1129 3370 1354 3425 inferius
1385 3370 1543 3424 docet
1574 3369 1909 3438 Epiphanius
1938 3386 2042 3425 non
2081 3372 2219 3426 idem

651 3479 816 3535 super
859 3466 961 3520 hac
999 3464 1294 3534 quaestione
1337 3461 1572 3518 sensisse
1619 3460 1954 3530 Origenistas
1987 3477 2219 3519 omnes:

651 3577 672 3610 ι
699 3557 925 3624 Quidam
957 3557 1100 3611 enim
1144 3571 1358 3620 eorum,
1401 3555 1608 3625 inquit,
1641 3555 1826 3609 dicunt
1857 3555 1998 3624 quod
2044 3556 2223 3626 imago

651 3649 768 3713 Dei,
793 3665 955 3718 quam
989 3649 1140 3717 prius
1165 3647 1373 3716 accepit
1397 3646 1590 3712 Adam,
1636 3647 1728 3701 illo
1757 3654 2018 3714 peccante
2049 3649 2223 3716 perie-

652 3742 762 3796 rit-:
800 3741 888 3795 alii
922 3741 1265 3809 suspicantur
1300 3754 1516 3810 corpus,
1563 3741 1706 3809 quod
1737 3738 1902 3794 Filius
1940 3739 2030 3794 Dei
2068 3741 2221 3794 habi-

651 3843 802 3887 turus
841 3843 990 3887 esset
1016 3848 1083 3887 ex
1132 3831 1332 3898 Maria,
1362 3831 1532 3901 ipsam
1579 3846 1698 3887 esse
1748 3832 2078 3900 imaginem;
2133 3832 2223 3885 alii

649 3938 900 3989 sensum;
934 3922 1025 3978 alii
1056 3923 1342 3989 virtutem;
1375 3923 1462 3977 isti
1493 3924 1785 3994 baptisma;
1817 3924 1868 3976 hi
1892 3925 2032 3993 quod
2065 3924 2223 3977 homo

653 4015 722 4068 ad
779 4014 1066 4084 imaginem
1131 4013 1222 4066 Dei
1283 4014 1589 4068 dominetur
1649 4013 1915 4070 omnibus.
1948 4034 1966 4065 ι
2011 4013 2226 4070 Nicetes

653 4105 847 4162 veroin
884 4103 1152 4159 Thesauro
1185 4104 1490 4157 orthodoxa,
1521 4104 1665 4172 ﬁdei,
1698 4106 1790 4160 lib.
1819 4122 1892 4171 tv,
1912 4106 2042 4160 hair.
2073 4121 2222 4170 χχιιι,

653 4199 853 4252 dixisse
883 4196 958 4251 ait
997 4195 1284 4267 Origenem
1313 4195 1602 4258 Adamum,
1632 4204 1919 4265 antequam
1953 4210 2223 4268 peccaret,

653 4290 882 4362 clligiem
927 4289 1218 4345 humanam
1268 4287 1549 4359 corporeis
1578 4287 1872 4343 involucris
1902 4290 2224 4356 immunem,

652 4393 707 4438 et
745 4383 860 4438 sola
897 4383 1132 4437 humana
1169 4382 1342 4434 forma
1379 4380 1660 4449 praeditam
1702 4394 2093 4446 conservasse;
2127 4383 2227 4434 ad-

655 4473 820 4526 misso
855 4481 1033 4527 autem
1071 4481 1292 4542 peccato
1337 4444 1564 4526 formam
1603 4469 1749 4524 illam
1792 4444 2220 4533 amisisse,cum
2255 4493 2300 4548 ι)
2329 4466 2572 4530 diabolo;
2608 4471 2752 4518 recte
2797 4460 3028 4532 agendo,
3063 4457 3282 4512 Christo
3322 4471 3336 4506 :
3375 4469 3393 4502 ι
3426 4444 3524 4503 Sed
3564 4448 3714 4496 neum.

656 4583 853 4636 corpus
895 4568 997 4622 hoc
1031 4568 1211 4622 anima
1241 4567 1428 4622 subiit.
1472 4565 1607 4620 Tum
1651 4563 1846 4620 deinde
1884 4567 1951 4620 de
1993 4563 2225 4631 Origene

660 4659 772 4712 lucc
806 4659 1058 4712 disserit:
1098 4676 1117 4711 ι
1146 4658 1305 4712 Aliud
1339 4657 1484 4712 enim
1517 4656 1704 4721 Deum,
1732 4655 1874 4709 aliud
1909 4655 1958 4708 id
1987 4655 2125 4721 quod
2157 4655 2224 4709 ad

661 4751 949 4820 imaginem
989 4749 1328 4804 eﬂ‘ormatum
1367 4758 1484 4816 est;
1537 4748 1682 4802 aliud
1734 4748 1858 4801 item
1921 4745 2226 4801 similitudi-

661 4858 805 4908 nem,
841 4841 984 4895 aliud
1025 4842 1076 4895 id
1105 4843 1248 4909 quod
1277 4841 1344 4895 ad
1388 4839 1794 4896 similitudinem
1830 4836 2076 4891 effectum
2107 4848 2223 4902 est,

660 4949 782 4991 esse
821 4935 1108 4990 statuebat.
1156 4934 1332 5002 Atque
1375 4935 1575 5004 primas
1618 4933 1835 5003 quidem
1870 4931 2128 5000 imagines
2172 4943 2226 4986 et

660 5028 1041 5083 similitudines
1069 5025 1160 5080 Dei
1197 5025 1436 5094 angelos,
1475 5027 1714 5095 aliasque
1741 5025 1966 5077 virtutes
1991 5037 2111 5078 esse
2145 5023 2226 5076 di-

663 5120 819 5173 cebat
842 5137 858 5174 :
885 5134 983 5174 nos
1013 5127 1189 5172 autem
1217 5116 1479 5172 secundos
1506 5118 1572 5171 ab
1603 5116 1728 5181 illis,
1754 5124 1813 5169 ut
1844 5113 2079 5167 minores
2103 5111 2225 5178 illis,

665 5211 755 5278 qni
787 5212 851 5264 ad
887 5211 1098 5265 illorum
1154 5209 1361 5264 scilicet
1410 5207 1696 5276 imaginem
1745 5203 2004 5260 eﬂ'ormati
2038 5203 2227 5256 simus.

666 5304 872 5359 Deinde
895 5307 960 5358 ad
985 5301 1256 5360 deteriora
1284 5296 1595 5361 deﬂectens,
1624 5295 1912 5363 imaginem
1945 5290 2227 5346 invisibilis

667 5393 760 5448 Dei
795 5391 1134 5461 Unigenitum
1164 5388 1356 5444 Filium
1393 5395 1582 5452 vocat,
1621 5384 1916 5455 apostolica
1953 5398 2079 5438 voce
2107 5397 2229 5437 cor-

667 5491 845 5552 rupta,
875 5496 973 5534 nec
999 5496 1064 5535 eo
1090 5479 1322 5550 adjecto,
1354 5476 1496 5546 quod
1525 5473 1576 5527 in
1615 5473 1706 5528 illo
1735 5473 2015 5528 mutationi
2057 5473 2228 5528 obno-

668 5576 813 5629 xiqu
866 5588 970 5629 non
999 5581 1114 5638 est;
1151 5585 1357 5641 nosque
1389 5569 1458 5623 ad
1488 5566 1772 5636 imaginem
1805 5566 1897 5622 Dei
1917 5607 1934 5634 ,
1981 5578 2077 5620 seu
2106 5563 2227 5618 Filii

742 5748 786 5779 "
822 5747 1016 5803 Genes.
1041 5765 1107 5814 ιι,
1135 5748 1225 5802 23.
1323 5747 1366 5779 “
1404 5747 1598 5804 Gencs.
1631 5761 1684 5802 ιιι
1709 5788 1723 5811 ,
1766 5745 1854 5800 21.

1949 5745 1992 5779 ⁸⁸
2033 5744 2222 5802 Gencs.
2263 5759 2322 5811 tt,
2349 5743 2399 5797 7.

2309 1921 2424 1962 sam
2457 1919 2574 1960 esse
2605 1903 2781 1965 docet,
2817 1914 2940 1954 cum
2969 1912 2998 1950 a
3039 1897 3146 1950 Deo
3181 1894 3430 1949 conditus
3457 1901 3570 1947 est:
3600 1891 3678 1944 Dei
3708 1905 3801 1943 vero

2310 1999 2711 2058 similitudinem
2768 2006 2895 2051 tunc
2944 1992 3197 2064 adipisci,
3246 2005 3367 2044 cum
3415 1989 3630 2042 animum
3671 1989 3798 2040 virtu-

2313 2096 2456 2150 tibus
2498 2101 2744 2147 exornat.
2784 2109 2802 2141 ι
2843 2087 2994 2142 llunc
3031 2099 3160 2140 sane
3202 2082 3506 2146 hominem,
3549 2080 3697 2148 inquit
3731 2081 3802 2132 ho-

2311 2185 2425 2242 mil.
2453 2186 2478 2238 1
2515 2184 2568 2236 in
2607 2181 2818 2243 (ἕρπει,
2852 2193 3001 2233 num.
3030 2177 3117 2240 15,
3159 2192 3177 2225 ι
3208 2187 3368 2243 quem
3409 2169 3532 2225 dicit
3566 2168 3625 2222 ad
3664 2167 3802 2236 imagi-

2313 2292 2435 2332 nem
2469 2275 2560 2329 Dei
2590 2273 2819 2334 factum,
2847 2284 2954 2322 non
2990 2265 3340 2333 intelligimus
3367 2258 3687 2329 corporalem.
3719 2255 3802 2308 Non

2311 2370 2455 2424 enim
2492 2365 2731 2434 corporis
2769 2363 3077 2432 figmentum
3132 2356 3225 2410 Dei
3283 2353 3555 2422 imaginem
3592 2349 3802 2409 continet,

2313 2473 2487 2529 neque
2533 2457 2710 2510 factus
2765 2467 2884 2508 esse
2951 2449 3246 2520 corporalis
3307 2447 3462 2499 homo
3505 2442 3696 2504 dicitur,
3738 2439 3804 2494 sed

2314 2552 2627 2624 plasmatus,
2680 2549 2820 2601 sicut
2863 2545 2913 2598 in
2961 2538 3415 2608 consequentibus
3462 2534 3694 2601 scriptum
3731 2537 3802 2583 est.

2313 2623 2404 2701 Ᾰίι
2432 2644 2573 2698 enim
2602 2659 2614 2693 :
2648 2639 2927 2692 Plasmavit
2965 2637 3100 2690 Deus
3131 2635 3392 2688 hominem
3415 2629 3478 2692 ⁶⁸,
3505 2627 3555 2681 id
3581 2635 3669 2687 est,
3693 2623 3805 2677 ﬁnxit

2316 2735 2381 2788 de
2409 2743 2566 2786 terra:
2611 2730 2759 2783 limo.
2787 2728 2835 2782 ls
2871 2736 3051 2780 autem
3089 2725 3180 2793 qui
3225 2723 3293 2775 ad
3341 2718 3610 2791 imaginem
3641 2713 3716 2769 Dei
3748 2711 3804 2764 la-

2317 2833 2433 2877 ctus
2456 2831 2558 2884 est,
2589 2829 2643 2872 et
2671 2820 2735 2872 ad
2765 2817 3194 2876 similitudinem,
3225 2812 3452 2866 interior
3479 2810 3624 2863 homo
3649 2813 3806 2862 noster,

2318 2924 2399 2968 est
2432 2910 2713 2965 invisibilis
2742 2918 2796 2963 et
2826 2904 3203 2976 incorporalis,
3246 2911 3302 2958 et
3347 2903 3660 2966 incorruptus
3686 2902 3803 2959 atque

2320 3001 2660 3058 immortalis.
2689 2999 2746 3051 ln
2783 2997 2867 3052 bis
2901 2996 3044 3051 enim
3095 2994 3294 3048 talibus
3334 2992 3425 3046 Dei
3471 2991 3629 3057 imago
3658 2983 3808 3038 rectius

2322 3092 2653 3162 intelligitur.
2705 3089 2761 3144 Si
2802 3089 2896 3158 qui
2954 3101 3083 3140 vero
3130 3087 3280 3140 hunc
3331 3094 3624 3152 corporeum
3667 3078 3808 3143 pateat

2322 3199 2474 3248 esse,
2503 3183 2593 3251 qui
2633 3181 2698 3236 ad
2731 3181 3019 3250 imaginem
3062 3187 3116 3232 et
3131 3174 3531 3230 similitudinem
3570 3170 3648 3222 Dei
3682 3167 3808 3219 lactus

2320 3286 2437 3340 est,
2476 3273 2643 3328 Deum
2693 3273 2867 3341 ipsum
2919 3282 3274 3339 corporeum,
3321 3275 3376 3320 et
3421 3264 3642 3317 humanae
3668 3255 3806 3310 fonna

2320 3367 2569 3421 videntur
2602 3363 2874 3425 inducere,
2903 3361 3045 3429 quod
3074 3358 3286 3412 sentire
3324 3357 3389 3410 de
3419 3353 3522 3407 Deo
3550 3345 3808 3405 manifesns-

2322 3461 2459 3514 sime
2495 3455 2718 3525 impium
2752 3465 2852 3508 est.
2880 3471 2899 3504 ι
2948 3451 3070 3505 Mox
3119 3449 3408 3518 imaginem
3446 3445 3563 3509 Dei,
3600 3441 3655 3495 ad
3691 3450 3808 3506 quam

2322 3552 2586 3607 formatus
2616 3555 2700 3602 est
2749 3547 2934 3610 homo,
2967 3546 3140 3615 ipsum
3178 3557 3303 3599 esse
3345 3539 3529 3595 asserit
3569 3533 3807 3589 Christum,

2323 3655 2590 3717 quatenus
2636 3645 2806 3714 figura
2851 3647 2933 3694 est
2977 3636 3296 3692 substantiae
3328 3633 3448 3700 Dei,
3490 3642 3581 3683 non
3606 3629 3810 3694 quatenus

2324 3716 2550 3807 corpore
2586 3752 2616 3791 a
2654 3734 2822 3789 Maria
2865 3738 3082 3798 sumpto
3110 3728 3350 3782 indutus.
3392 3741 3411 3775 ι
3439 3720 3512 3774 Ad
3537 3716 3675 3786 hujus
3697 3721 3810 3776 erga.

2324 3829 2530 3901 inquit,
2578 3824 2828 3896 imaginis
2883 3820 3296 3877 similitudinem
3351 3818 3503 3870 homo
3543 3809 3686 3862 factus
3707 3808 3810 3901 ,ιδεμ

2323 3933 2378 3978 et
2399 3891 2717 3992 propterea
2744 3915 2994 3970 Salvator
3031 3920 3232 3975 noster,
3263 3908 3355 3978 qui
3405 3913 3483 3961 est
3525 3901 3670 3992 imago
3707 3891 3811 3989 Dei-5

2324 3987 2694 4068 misericordia
2726 4013 2904 4061 motus
2937 4017 3034 4074 pro
3070 4001 3308 4062 homine,
3340 3996 3428 4067 qui
3459 3993 3515 4046 ad
3539 3987 3648 4054 erus
3685 3987 3810 4034 simi--

2324 4107 2604 4161 litudinem
2647 4101 2823 4154 factus
2875 4098 3074 4156 fuerat,
3121 4089 3310 4146 videns
3343 4101 3460 4141 eum
3503 4074 3695 4146 deposita
3736 4079 3812 4122 sua

2328 4197 2559 4265 imagine
2607 4188 2824 4259 maligni
2876 4183 3168 4252 imaginem
3221 4176 3506 4238 induxisse,
3543 4170 3638 4236 ipse
3675 4167 3812 4265 ιιξξηξιξ

2326 4242 2720 4345 miszricordia,
2761 4279 2998 4346 imagine
3044 4271 3279 4328 hominis
3320 4268 3590 4331 assumpta,
3619 4242 3808 4346 venilmatl

2324 4392 2506 4432 eum.»
2543 4371 2792 4428 Ostendit
2817 4369 3072 4437 deinceps
3099 4360 3370 4434 peccando
3401 4353 3583 4412 similes
3609 4356 3689 4398 nos
3710 4334 3807 4438 elllt‘l

3747 4442 3806 4479 ΙΙΙ·

2329 4559 2478 4632 quit,
2522 4558 2771 4625 desperet
2816 4529 3004 4608 videns
3053 4546 3468 4618 similitudinem
3513 4545 3642 4592 suam
3667 4529 3805 4632 .mati'f

2331 4623 2600 4708 essecum
2620 4623 2871 4714 diabolo,
2902 4659 3064 4715 quam
3094 4657 3214 4696 cum
3249 4640 3376 4703 Deo,
3407 4643 3548 4704 posse
3587 4636 3637 4678 se
3667 4623 3802 4715 iterum

2329 4755 2650 4812 recuperare
2695 4741 2920 4794 formam
2971 4734 3225 4805 imaginis
3265 4729 3390 4791 Dei,
3432 4721 3547 4812 quia
3583 4726 3671 4768 non
3704 4704 3803 4812 fill"

2332 4802 2582 4887 Salvator
2609 4845 2802 4894 vocare
2826 4828 3020 4899 iustos,
3067 4823 3157 4878 sed
3186 4827 3490 4892 peccatores
3520 4808 3566 4861 in
3605 4802 3799 4899 pueruli?

2333 4876 2572 4887 ’ν’-ι’·--ν-
2619 4876 2800 4894 ννν--τ
2826 4876 3020 4899 δ”--“-1
3068 4876 3142 4878 --ν
3187 4876 3202 4892 ι

2333 4926 2462 4978 tiam
2496 4923 2562 4976 ⁵⁸.
2610 4940 2629 4974 ι
2681 4919 2852 4973 Tomo
2900 4932 3112 4987 quoque
3155 4921 3230 4966 kx
3275 4912 3327 4964 in
3371 4905 3542 4960 Joan.,
3590 4905 3710 4987 luti".

2332 5029 2455 5087 pag.
2483 5013 2612 5080 335,
2645 5012 2736 5067 Dei
2772 5025 2870 5065 nos
2896 4981 3301 5063 similitudinem
3329 5003 3580 5054 assumere
3606 4985 3686 5087 ait:

2335 5105 2601 5160 mandatis
2643 5104 2812 5174 ipsius
2835 5099 3215 5168 obsequimur;
3249 5090 3458 5152 diaboli,
3495 5094 3604 5139 Cum
3624 5091 3654 5174 _a

2336 5168 2709 5255 inclinamuru:
2749 5207 2858 5250 tum
2899 5195 3113 5262 subjicit
3153 5209 3168 5244 :
3201 5188 3308 5242 Καὶ
3347 5181 3492 5256 ἡμῶν
3529 5174 3578 5226 δὲ
3677 5169 3798 5262 “Pw:

2331 5293 2568 5364 γουμὲνη
2625 5289 2921 5352 ὑπόστασίς
2981 5260 3128 5340 ἐστιν
3178 5287 3235 5338 ὲν
3281 5278 3355 5350 τῷ
3400 5271 3508 5326 κατ’
3544 5260 3708 5364 stadim.

2332 5354 2634 5448 ἐτίᾷαντὸςη
2663 5385 2695 5454 ἡ
2724 5383 2779 5436 δὲ
2809 5381 2869 5446 ἐξ
2893 5382 3070 5443 αἰτίας
3096 5378 3239 5448 ὲντῷ
3269 5370 3505 5445 ληφθέντι
3529 5357 3620 5454 ἀῗδ
3640 5354 3794 5454 ἷῗυὲἶῗ

2333 5471 2432 5542 τῆς
2464 5473 2565 5543 γῆς
2592 5440 2877 5540 ’πλέισματι
2897 5487 2910 5501 ο
2948 5440 3063 5522 καὶ-
3085 5469 3133 5520 ei
3169 5440 3266 5537 nev
3293 5440 3466 5528 diam?
3507 5440 3796 5543 éﬁila_9°'?_5ﬁ

2333 5563 2433 5635 τῆς
2456 5564 2514 5618 ἐν
2545 5564 2674 5632 ἡμῖν
2709 5561 3010 5633 κρείττονος
3037 5559 3245 5628 οὐσίας,
3275 5547 3593 5614 amcith
3632 5547 3651 5584 ε

3659 5071 3684 5124 d
3711 5058 3797 5115 vilia

3657 5518 3796 5583 αυτοῦς

2475 5743 2516 5774 δε
2556 5739 2682 5794 Luc.
2717 5756 2762 5804 ν,
2795 5739 2882 5795 3‘3.
