4068 6308
230 351 360 407 1061

1073 353 1646 409 ORICENIANORUM
1686 354 1817 411 LIB.
1860 354 1923 409 ll.
1968 352 2124 409 CAP.
2162 353 2207 409 ll
2271 353 2552 420 QUAZST.
2592 354 2709 411 Xll.

3338 360 3477 417 {062

222 469 300 540 τῷ
321 467 429 521 ἀπὸ
452 466 547 522 τοῦ
577 466 673 539 χοῦ
698 466 996 539 πλάσματι,
1029 466 1121 520 καὶ
1145 468 1205 520 τὸ
1233 469 1475 539 κρεῖττον
1496 466 1593 539 τὴν
1613 466 1795 520 εξκόνα

1902 467 2089 521 faciem
2121 468 2287 535 ipsius
2322 466 2550 537 spiravit
2598 468 2759 534 Deus,
2807 467 3066 538 Spiritum
3112 485 3358 528 sanctum
3387 491 3481 531 ac-

220 560 316 615 τόῦ
346 561 529 631 χοῑκοῦ
568 560 817 632 λήψεται,
846 561 893 612 εἰ
925 560 980 612 δὲ
1016 558 1262 623 συνέντες
1307 559 1367 611 τὸ
1408 559 1630 630 ποιηθὲν
1673 559 1792 612 κατ’

219 653 426 716 εἰκόνα,
450 655 543 706 καὶ
570 653 628 706 τὸ
650 653 848 723 ληφθὲν
865 652 971 704 ἀπὸ
995 649 1085 702 τοῦ
1110 650 1203 721 χοῦ
1226 651 1322 721 τῆς
1340 651 1461 722 γῆς,
1486 650 1595 703 ὅλοι
1628 666 1794 722 προσ-

219 746 447 817 νεύομεν
483 746 617 816 πρὸς
644 745 843 807 τοῦτον,
871 738 931 799 οὗ
958 746 1074 796 κατ’
1105 743 1285 796 εἰκόνα
1311 744 1633 814 γεγόναμεν,
1671 744 1793 796 ὲσό-

221 836 364 907 μεθα
402 838 495 891 καὶ
528 836 646 890 καθ’
672 837 924 907 ὁμοίωσιν
961 833 1117 898 Θεοῦ,
1158 836 1337 887 πᾶσαν
1362 835 1459 906 τὴν
1502 836 1638 906 πρὸς
1664 834 1793 904 ὓλην

215 932 315 983 καὶ
338 930 561 1001 σώματα
588 927 977 1001 προσπάθειαν,
1009 927 1102 980 καὶ
1124 927 1221 997 τὴν
1245 928 1382 998 πρός
1401 944 1521 980 τινα
1540 926 1648 979 τῶν
1670 926 1791 979 καθ’

212 1022 480 1093 ὁμοίωσιν
512 1002 897 1089 απολείψαντες
916 1037 929 1050 ·
955 1032 1010 1074 et
1039 1036 1188 1074 num.
1208 1020 1297 1084 2|,
1323 1036 1441 1089 pag.
1467 1019 1573 1075 '54?
1601 1021 1792 1074 ξὍσον

216 1114 323 1185 μὲν
368 1109 458 1167 οὖν
500 1114 565 1183 ζῇ
606 1114 633 1165 6
670 1112 983 1183 ἄνθρωπος,
1028 1112 1089 1163 οὐ
1127 1114 1282 1182 φορεῖ
1322 1111 1420 1182 τὴν
1470 1110 1565 1163 τοῦ
1606 1111 1790 1181 χοϊκοῦ

211 1206 435 1258 εἰκόνα·
472 1202 828 1274 ἀποθνήσκων
867 1202 953 1266 δὲ,
999 1202 1091 1254 καὶ
1121 1202 1509 1273 ἀναιρούμενος
1556 1203 1660 1256 ὑπὸ
1696 1202 1790 1257 τοῦ

211 1296 684 1369 ἀνθρωποκτόνου,
710 1296 824 1365 ἅμα
850 1313 907 1347 τε
933 1296 1142 1363 συνέχει
1168 1294 1263 1364 τὴν
1295 1295 1385 1347 τοῦ
1421 1295 1555 1347 Θεοῦ
1588 1296 1789 1360 εἰκόνα,

212 1388 316 1442 καὶ
334 1388 698 1457 ἀναλαμϐάνει
718 1387 811 1457 τὴν
828 1386 921 1439 τοῦ
941 1386 1123 1455 χοϊκοῦ
1143 1389 1234 1439 καὶ
1250 1387 1459 1457 νεκροῦ·
1480 1390 1670 1459 νεκρὸς
1685 1390 1792 1461 γὰρ

212 1481 252 1533 ὀ
277 1480 473 1551 χοῖκὸς,
500 1480 687 1550 ὥσπερ
710 1477 817 1541 ζῶν
851 1485 878 1531 ό
908 1478 1246 1548 ἐπουράνιος.
1272 1478 1604 1534 Manifeslius
1631 1483 1791 1535 etiam

217 1572 348 1626 illud
375 1588 405 1626 e
432 1572 525 1625 lib.
554 1587 612 1625 ιιι
634 1570 776 1638 Περὶ
803 1568 1025 1637 ἀρχῶν,
1055 1586 1171 1640 cap.
1204 1572 1257 1634 6,
1295 1586 1440 1623 num.
1471 1574 1489 1624 l
1529 1590 1542 1625 :
1579 1590 1595 1623 ι
1632 1573 1795 1641 Igitur

216 1678 488 1717 sununum
513 1662 711 1716 bonum
732 1662 795 1713 ad
815 1662 959 1729 quod
983 1670 1167 1715 natura
1193 1662 1523 1716 rationabilis
1546 1662 1794 1717 universa

215 1756 461 1820 festinat,
492 1754 635 1823 quod
670 1754 830 1807 etiam
868 1753 988 1807 linis
1027 1753 1262 1807 omnium
1294 1753 1509 1817 dicitur,
1542 1769 1570 1806 a
1603 1769 1791 1821 quam-

218 1848 474 1918 plurimis
507 1846 671 1902 etiam
719 1846 1157 1915 philosophorum
1196 1846 1295 1899 hoc
1335 1848 1491 1899 modo
1534 1848 1791 1899 termina-

222 1950 333 2004 tur,
373 1938 498 2008 quia
528 1952 797 1993 summum
828 1938 1024 1991 bonum
1069 1938 1159 2004 sit,
1198 1947 1351 2007 prout
1398 1938 1653 2006 possibile
1686 1948 1790 2002 est,

220 2032 453 2088 similem
484 2030 599 2084 ﬁeri
629 2030 759 2083 Deo.
788 2029 892 2083 Sed
929 2031 1029 2083 hoc
1057 2046 1162 2083 non
1200 2042 1304 2081 tam
1338 2030 1571 2096 ipsormn
1606 2030 1791 2082 inven-

218 2133 353 2189 tum,
386 2137 546 2193 quam
577 2135 643 2175 ex
672 2121 867 2175 divinis
911 2121 1061 2176 libris
1105 2123 1174 2175 ab
1206 2122 1284 2176 eis
1317 2132 1588 2190 sumptum
1636 2135 1786 2191 pulo.

216 2215 334 2271 Hoc
364 2228 594 2283 namque
624 2213 823 2268 indicat
853 2213 1061 2283 Moyses
1103 2225 1229 2269 ante
1270 2228 1476 2282 omnes,
1523 2230 1645 2269 cum
1683 2219 1792 2284 pri-

220 2323 361 2361 mam
393 2307 753 2362 conditionem
783 2308 1017 2362 hominis
1046 2316 1268 2362 enarrat
1299 2308 1485 2362 dicens
1511 2325 1525 2360 :
1562 2308 1625 2361 Et
1657 2310 1793 2362 dixit

220 2399 359 2453 Deus
387 2417 401 2452 :
430 2397 714 2453 Faciamus
748 2397 1008 2452 hominem
1036 2399 1103 2451 ad
1138 2400 1416 2468 imaginem
1455 2409 1501 2452 et
1542 2401 1793 2453 similitu-

210 2491 389 2543 dinem
424 2500 676 2544 nostram.
721 2490 870 2545 Tune
917 2491 1129 2568 deinde.
1152 2490 1297 2544 addit
1332 2509 1346 2544 :
1382 2490 1447 2544 Et
1488 2493 1613 2557 fecit
1652 2492 1790 2547 Deus

206 2582 498 2651 hominem,
535 2581 602 2635 ad
638 2580 735 2636 Dei
767 2583 1045 2651 imaginem
1087 2582 1207 2650 fecit
1246 2599 1386 2646 eum,
1416 2584 1704 2636 masculum
1741 2594 1789 2638 et

211 2675 465 2743 [emittam
492 2674 608 2743 fecit
644 2690 749 2742 eos,
778 2686 825 2728 et
856 2676 1121 2728 benedixit
1151 2675 1225 2728 eis
1250 2674 1313 2728 ⁵⁷.
1350 2672 1461 2729 Hoc
1490 2690 1618 2745 ergo
1648 2674 1788 2743 quod

210 2765 378 2832 dixit,
442 2766 527 2819 Ad
567 2766 848 2836 imaginem
879 2764 973 2818 Dei
1020 2765 1145 2833 fecit
1190 2782 1327 2830 eum,
1381 2774 1434 2820 et
1482 2767 1548 2819 de
1600 2765 1790 2819 simili-

214 2855 401 2909 tudine
427 2855 596 2919 siluit,
622 2870 726 2908 non
760 2854 905 2909 aliud
951 2855 1171 2919 indicat,
1204 2854 1307 2908 nisi
1354 2854 1496 2922 quod
1540 2855 1789 2921 imaginis

211 2947 530 3016 dignitatem
572 2948 625 3001 in
660 2947 835 3015 prima
878 2947 1188 3002 conditione
1218 2948 1493 3016 percepit;
1529 2947 1789 3001 similitu.

210 3038 360 3092 dinis
385 3052 511 3093 vero
544 3036 807 3109 perfectio
835 3038 887 3092 in
920 3038 1390 3093 consummatione
1423 3048 1635 3091 servata
1668 3049 1783 3092 est:

211 3131 422 3186 scilicet
454 3140 512 3184 ut
541 3131 656 3199 ipse
674 3129 776 3184 sibi
799 3144 917 3184 eam
952 3130 1187 3198 propria:
1210 3129 1486 3183 industriae
1509 3128 1697 3182 studiis
1719 3143 1783 3182 ex

212 3220 311 3276 Dei
355 3220 654 3276 imitatione
689 3221 1080 3283 conscisceret,
1118 3235 1241 3274 eum
1290 3220 1649 3288 possibilitate
1679 3220 1781 3272 sibi

213 3315 561 3385 perlectionis
594 3314 849 3369 divinitus
879 3315 1001 3367 data
1033 3328 1130 3381 per
1161 3312 1409 3381 imaginis
1442 3312 1783 3380 dignitatem,

211 3408 267 3462 in
290 3410 394 3462 line
412 3408 624 3461 demum
647 3419 740 3475 per
755 3419 977 3474 operum
994 3404 1350 3470 expletionem
1374 3402 1665 3471 perfectam
1684 3405 1784 3459 sibi

212 3501 329 3571 ipse
346 3499 749 3555 similitudinem
782 3506 1222 3553 consummaret:
1255 3517 1273 3548 ι
1307 3506 1362 3550 et
1390 3497 1520 3551 illud
1552 3512 1582 3551 e
1610 3498 1702 3551 lib.
1732 3512 1785 3551 ιν

210 3597 266 3648 in
303 3593 472 3664 Epist.
504 3596 571 3647 ad
612 3592 788 3655 Rom.,
826 3606 974 3649 num.
1028 3592 1085 3657 5,
1119 3607 1242 3662 pag.
1274 3592 1418 3647 550:
1468 3611 1486 3644 ε
1516 3592 1573 3646 ln
1613 3594 1781 3648 initiis

212 3690 396 3753 homo,
425 3702 546 3741 cum
582 3687 914 3757 propositum
967 3684 1154 3741 luisset
1197 3695 1255 3740 ut
1283 3686 1350 3740 ad
1396 3687 1683 3757 imaginem
1725 3697 1778 3741 et

210 3782 618 3837 similitudinem
646 3783 734 3836 Dei
762 3781 932 3847 lieret,
960 3781 1027 3835 ad
1050 3780 1332 3851 imaginem
1361 3782 1578 3851 quidem
1606 3780 1780 3837 factus

210 3887 331 3941 est,
369 3874 665 3931 similitudo
706 3882 883 3927 autem
923 3871 1086 3926 dilata
1135 3882 1241 3937 est,
1284 3872 1352 3927 ob
1383 3874 1487 3927 hoc
1532 3883 1588 3926 ut
1633 3874 1781 3942 prius

210 3965 509 4023 conﬁderet
551 3965 606 4018 in
642 3964 831 4025 Deum,
860 3969 914 4014 et
947 3960 1019 4014 ita
1064 3959 1218 4014 ﬁeret
1262 3961 1454 4017 similis
1480 3962 1552 4026 ei,
1582 3971 1636 4015 et
1667 3963 1781 4031 ipse

210 4058 424 4114 audiret
464 4057 591 4127 quia
641 4053 829 4109 similis
859 4052 912 4108 ei
961 4052 1054 4106 liet
1101 4052 1279 4108 onmis
1312 4053 1403 4121 qui
1455 4053 1679 4108 conlidit
1728 4055 1778 4108 in

206 4162 355 4204 eum.
374 4167 401 4199 ο
439 4148 589 4203 Hanc
618 4145 867 4215 imaginis
892 4152 949 4198 et
975 4143 1344 4198 similitudinis
1373 4143 1777 4198 distinctionem

208 4239 426 4295 videtur
470 4235 853 4307 perstrinxisse
905 4232 1237 4295 Methodius,
1300 4247 1421 4287 cmn
1470 4234 1690 4304 scripsit
1726 4234 1778 4287 in

210 4328 351 4383 libro
391 4325 464 4380 De
492 4323 889 4386 resurrectione,
918 4321 1099 4376 datum
1141 4319 1308 4375 fuisse
1348 4322 1548 4376 homini
1580 4340 1606 4375 ιι
1649 4325 1775 4390 Deo,

206 4420 271 4474 τὸ
300 4418 545 4484 θεοειδὲς,
575 4420 668 4470 καὶ
696 4412 1012 4475 θεοείκελον,
1045 4414 1139 4467 καὶ
1179 4413 1356 4467 πάντα
1393 4415 1527 4485 πρὸς
1568 4416 1779 4488 ἐκείνην

1897 559 2058 628 cepit.
2092 557 2284 613 Verum
2328 568 2635 627 postremus
2670 559 2756 614 ille
2782 559 3030 630 Origenis
3067 563 3214 620 locus
3239 581 3305 621 ex
3351 582 3478 637 pro-

1895 652 2040 706 xime
2083 651 2403 721 przecedenti
2452 651 2801 720 explicandus
2850 663 2972 708 est:
3012 656 3156 710 unde
3194 659 3477 727 apparebit

1895 740 2058 794 vitam
2122 742 2295 810 ipsum
2348 740 2630 793 mortalem
2696 755 2816 794 cum
2876 740 3050 797 futura
3123 760 3473 816 comparasse

1893 834 2039 899 vita,
2086 841 2139 887 et
2188 834 2529 887 existimasse
2578 847 2675 886 nos
2710 832 2762 885 in
2819 833 2963 888 illam
3012 838 3363 905 prodeuntes,
3406 843 3474 895 ab

1894 934 2014 979 ortu
2052 924 2303 994 praeferre
2350 925 2636 994 imaginem
2674 925 2792 988 Dei,
2836 927 2937 980 hoc
2976 938 3079 993 est,
3116 938 3173 982 ut
3221 930 3298 985 ait
3338 932 3471 1001 ipse,

1901 1035 1919 1067 ι
1947 1017 2357 1086 possibilitatem
2395 1016 2746 1086 perfectionis
2766 1018 3027 1074 divinitus
3058 1020 3263 1086 datam,
3292 1041 3311 1073 ι
3362 1032 3471 1078 tum

1895 1122 2013 1161 cum
2081 1116 2359 1161 crearetur
2429 1108 2701 1174 Adamus;
2767 1109 3141 1165 adumbratam
3198 1129 3328 1170 vero
3378 1130 3476 1186 per

1828 1208 1839 1213 ‘
1895 1210 2041 1253 recte
2091 1199 2233 1254 facta
2291 1200 2723 1265 similitudinem,
2770 1201 2821 1255 in
2886 1204 3131 1273 sequenti
3181 1222 3315 1273 aavo,
3361 1209 3475 1263 sive

1902 1311 1921 1343 ί
1954 1293 2005 1346 ἰιι
2041 1293 2573 1360 consummatione,»
2626 1296 2877 1349 omnibus
2921 1298 3161 1352 numeris
3198 1299 3264 1353 iri
3315 1302 3474 1356 abso-

1894 1386 2082 1439 lutum.
2115 1385 2265 1452 Quod
2305 1387 2347 1441 si
2394 1387 2679 1455 imaginem
2737 1386 2825 1440 Dei
2874 1388 3005 1441 nihil
3042 1389 3184 1443 aliud
3220 1406 3340 1447 esse
3374 1408 3471 1448 vo-

1894 1479 1992 1531 luit
2041 1478 2331 1547 Origenes,
2377 1494 2538 1548 quam
2599 1498 2617 1529 ‹
2661 1479 3075 1547 possibilitatem
3121 1485 3471 1552 perfectionis

1895 1572 2147 1626 divinitus
2185 1572 2426 1633 datam,»
2468 1580 2525 1623 ut
2560 1586 2670 1638 prae
2712 1587 2769 1626 se
2816 1572 2918 1625 fert
2967 1574 3252 1630 ltuliniana
3301 1578 3471 1633 inter-

1895 1664 2153 1731 pretatio,
2197 1663 2439 1731 sequitur
2487 1663 2658 1730 ipsum
2711 1666 3025 1733 neutiquam
3082 1670 3360 1725 censuisse
3402 1686 3468 1726 ca

1896 1757 2157 1810 Adamum
2196 1755 2486 1816 excidisse,
2522 1754 2719 1823 quippe
2757 1772 2917 1825 quem
2962 1759 3117 1827 plena
3159 1777 3465 1830 nunquam-

1895 1865 1997 1902 non
2050 1848 2301 1902 libertate
2350 1846 2640 1899 fruiturum
2679 1863 2798 1901 esse
2832 1854 3138 1905 sexcenties
3188 1869 3468 1910 assevera-

1895 1941 1982 1994 rit.
2014 1940 2269 1995 Eamdem
2302 1955 2460 2009 porro
2508 1940 2756 2007 imaginis
2780 1953 2833 1994 et
2870 1942 3241 2000 similitudinis
3271 1947 3467 2001 distin-

1892 2032 2125 2085 ctionem
2190 2032 2530 2083 retinuerunt
2610 2032 2921 2086 Victorinus
2991 2033 3085 2089 lib.
3138 2053 3150 2088 ι
3216 2039 3466 2093 adversus

1891 2124 2099 2188 Arium,
2132 2132 2186 2177 et
2209 2123 2509 2177 Eucherius
2540 2123 2910 2194 Lugdunensis
2942 2127 3035 2182 lib.
3066 2144 3081 2180 ι
3113 2129 3165 2179 in
3199 2128 3462 2194 Genesim,

1892 2225 1946 2268 et
1990 2213 2204 2269 Nicetas
2260 2216 2315 2269 in
2376 2214 2642 2269 Thesauro
2671 2218 2996 2287 orthodoxa:
3054 2219 3216 2289 ﬁdei,
3266 2222 3359 2275 lib.
3390 2238 3464 2289 Iv,

1893 2306 2022 2360 hair.
2050 2323 2198 2361 xxxi.
3449 2330 3479 2361 ο

1962 2393 2028 2451 Χ.
2071 2396 2147 2449 Ex
2205 2397 2574 2464 superioribus
2622 2398 2713 2453 lux
2763 2401 3087 2456 conciliatur
3127 2402 3361 2458 obscuro
3401 2419 3467 2459 ae

1892 2487 2092 2541 dillieili
2127 2487 2378 2556 Origenis
2404 2489 2521 2543 loco
2558 2500 2690 2545 tom.
2727 2507 2815 2545 xiv
2857 2494 2910 2545 in
2950 2492 3165 2557 Matt/1.,
3200 2510 3348 2548 num.
3378 2494 3464 2559 lli,

1890 2594 2009 2648 pag.
2038 2579 2161 2643 658,
2193 2581 2282 2633 ubi
2317 2582 2386 2635 ab
2416 2583 2726 2638 hominibus
2752 2586 2842 2653 qui
2874 2585 3037 2639 hmno
3065 2586 3279 2642 formati
3316 2599 3463 2653 sunt,

1890 2685 1982 2725 eos
2009 2670 2306 2738 distinguit,
2338 2674 2426 2741 qui
2468 2675 2533 2727 ad
2572 2673 2664 2728 Dei
2697 2676 3101 2731 similitudinem
3150 2677 3298 2732 luere
3337 2694 3463 2747 pro-

1890 2761 2094 2815 creati:
2132 2762 2394 2833 ’Ὕστερον
2439 2764 2545 2835 γάρ
2581 2783 2709 2818 ποτε
2744 2768 2987 2831 ἐκείνων,
3033 2769 3227 2836 inquit,
3261 2769 3464 2823 ἔπλασε

1889 2852 2091 2924 Κύριος
2126 2856 2154 2907 6
2182 2856 2323 2924 ΙΘεὸς
2360 2856 2449 2909 τὸν
2494 2856 2797 2928 ἄνθρωπον,
2831 2859 2957 2928 χοῦν
2992 2858 3170 2912 λαϐὼν
3204 2861 3315 2914 ἀπὸ
3364 2863 3461 2933 τῆς

1886 2950 2011 3016 γῆς,
2038 2948 2129 3000 καὶ
2159 2948 2265 3001 ἀπὸ
2287 2950 2385 3020 τῆς
2417 2950 2656 3021 πλευρᾶς
2689 2952 2851 3004 αὐτοῦ
2887 2952 2983 3023 τὴν
3024 2953 3235 3023 βοηθόν.
3267 2953 3308 3007 F
3313 2966 3466 3009 actos

1888 3039 2083 3106 quippe
2124 3040 2189 3093 ad
2231 3042 2518 3109 imaginem
2566 3044 2658 3097 Dei
2711 3043 2990 3108 homines,
3039 3047 3322 3100 interiores
3367 3046 3467 3100 ho-

1891 3130 2062 3185 mines
2095 3142 2148 3187 et
2199 3134 2472 3203 spiritales
2511 3134 2781 3204 intelligit,
2829 3135 3106 3189 sensilium
3156 3151 3220 3191 ac
3268 3152 3463 3206 corpo-

1893 3223 2080 3277 ralium
2129 3240 2307 3279 rerum
2364 3230 2688 3295 eontagioane
2740 3228 3028 3281 immunes.
3081 3226 3236 3282 Unde
3274 3231 3461 3283 statim

1886 3315 2069 3380 adjicit
2096 3334 2108 3368 :
2143 3317 2413 3370 Οὐδέποτε
2444 3318 2552 3389 γὰρ
2578 3320 2714 3389 γυνὴ
2749 3321 2867 3371 κατ’
2894 3320 3100 3382 εἰκόνα,
3131 3320 3250 3372 οὐδὲ
3281 3321 3420 3393 ἀνήρ
3442 3337 3458 3353 ⁸

1886 3407 1997 3459 ἀλλ’
2043 3409 2092 3460 οἱ
2141 3408 2237 3479 μὲν
2287 3410 2668 3481 διαφέροντες,
2714 3410 2911 3481 ἄρρεν’
2970 3411 3019 3461 oi
3072 3410 3128 3462 δὲ
3182 3410 3459 3481 δεύτεροι,

1886 3496 2039 3568 θῆλυ.
2077 3500 2176 3565 Qui
2207 3500 2356 3554 carni
2385 3510 2564 3555 autem
2597 3501 2759 3554 dediti
2803 3511 2948 3565 sunt,
2974 3510 3031 3555 et
3062 3499 3221 3553 ﬂuxis
3255 3518 3319 3555 ae
3343 3518 3463 3557 ser-

1883 3590 2024 3644 didis
2056 3591 2216 3644 rebus
2257 3589 2615 3654 delectantur,
2656 3605 2751 3645 eos
2798 3606 2919 3645 esse
2957 3592 3149 3645 statuit
3197 3592 3370 3644 virum
3406 3603 3461 3644 et

1885 3696 2128 3747 uxorem,
2174 3683 2311 3737 duos
2344 3696 2535 3750 nempe
2564 3681 2617 3733 in
2649 3697 2751 3734 una
2783 3696 2966 3735 carne.
3007 3680 3269 3736 Similiter
3306 3681 3461 3735 Philo

1884 3774 2154 3828 hominem
2185 3790 2252 3830 ex
2282 3776 2447 3830 humo
2480 3776 2664 3831 ﬁctum
2713 3776 2782 3830 ab
2811 3789 2876 3829 eo
2909 3773 3144 3843 sejungit
3170 3784 3225 3829 et
3270 3791 3456 3829 secer-

1883 3866 1981 3930 nit,
2008 3868 2097 3935 qui
2124 3868 2189 3921 ad
2215 3868 2505 3938 imaginem
2527 3868 2621 3922 Dei
2648 3876 2865 3923 creatus
2888 3876 3000 3930 est;
3028 3867 3119 3921 sed
3158 3882 3269 3920 rem
3296 3866 3459 3921 aliter

1881 3960 2145 4028 explicat;
2178 3960 2321 4014 hunc
2349 3960 2547 4029 quippe
2580 3960 2854 4013 hominem
2891 3973 3012 4013 esse
3052 3957 3165 4011 vult
3204 3968 3256 4012 et
3292 3958 3459 4030 ἀρχέ-

1880 4068 2047 4105 τυπον
2070 4060 2125 4106 et
2145 4051 2353 4122 νοητὸν,
2372 4051 2484 4107 sive
2512 4052 2745 4107 hominis
2773 4052 2971 4117 ideam,
3000 4064 3119 4119 qua:
3147 4051 3238 4103 Dei
3283 4050 3451 4106 menti

1882 4144 2043 4209 inest,
2079 4142 2229 4197 illum
2285 4159 2413 4197 vero
2449 4143 2683 4197 hominis
2736 4156 2859 4199 esse
2909 4141 3189 4195 mortalem
3233 4155 3298 4195 ac
3343 4154 3453 4197 ter-

1880 4249 2103 4301 renum,
2141 4234 2208 4289 ad
2250 4233 2409 4303 hujus
2453 4233 2681 4289 formam
2727 4248 3066 4304 expressum.
3108 4233 3293 4302 Inique
3327 4247 3457 4301 ergo

1881 4326 2255 4383 consuleretur
2299 4328 2354 4382 in
2386 4326 2710 4397 Origenem,
2754 4328 2797 4381 si
2834 4342 2898 4381 ex
2934 4340 3000 4380 eo
3047 4327 3166 4380 loco
3206 4324 3455 4378 Praeada-

1881 4422 2040 4475 mitas
2099 4420 2366 4476 invexisse
2432 4420 2681 4474 homines
2738 4430 3076 4489 argueretur,
3128 4432 3249 4471 eum
3317 4416 3454 4470 alias

206 4508 671 4581 ἀπηκριϐωμένην
707 4506 805 4578 τὴν
860 4505 1207 4577 πρωτότυπον
1252 4505 1346 4558 τοῦ
1402 4507 1644 4578 Πατρὸς,
1690 4509 1782 4562 καὶ

1885 4527 2026 4581 saepe
2052 4512 2317 4567 Adamum
2356 4512 2423 4567 ab
2461 4512 2617 4566 initio
2653 4526 2904 4573 rerum,a
2947 4514 3055 4565 Deo
3084 4519 3326 4564 creatum
3364 4523 3453 4564 as-

208 4601 549 4672 Μονογενοῦς
603 4600 805 4654 εἰκόνα.
861 4599 1199 4668 «Imaginem
1265 4612 1329 4652 ac
1374 4601 1774 4653 similitudinem

212 4696 306 4752 Dei
340 4694 613 4765 praeferre,
654 4701 709 4749 et
740 4690 921 4747 omnia
954 4691 1020 4744 ad
1067 4688 1359 4758 perlectam
1411 4690 1549 4744 hanc
1600 4689 1778 4745 Patris

205 4804 275 4843 ac
324 4787 594 4858 Unigeniti
653 4784 1021 4855 primigeniam
1070 4782 1367 4850 eﬂigiem.’
1408 4782 1774 4851 Reprehendit

208 4885 262 4940 id
298 4897 511 4954 quoque
553 4880 839 4936 Jansenius
881 4888 1011 4933 tom.
1041 4877 1093 4945 Ι,
1129 4877 1222 4931 lib.
1252 4893 1323 4942 ιι,
1364 4892 1484 4946 cap.
1515 4878 1570 4944 7,
1617 4880 1774 4947 quasi

205 4993 303 5047 per
334 4974 621 5043 imaginem
648 4972 741 5027 Dei
771 4971 973 5026 Adamo
1005 4970 1344 5039 impressam,
1372 4976 1566 5025 anima:
1599 4971 1771 5025 solum

206 5067 615 5140 inspirationem
645 5062 819 5117 notari
865 5062 1130 5130 putaverit
1160 5060 1455 5133 Origenes;
1487 5076 1585 5133 per
1622 5061 1773 5117 simi-

204 5162 485 5219 litudinem
512 5172 657 5223 vero,
685 5155 969 5210 habitualis
994 5156 1180 5225 gratia:
1203 5157 1527 5212 inlusionem
1552 5157 1771 5226 (scholae

204 5254 369 5311 verba
430 5248 808 5318 usurpamus);
861 5262 930 5300 ac
980 5247 1207 5316 proinde
1256 5248 1576 5318 Origenem,
1626 5249 1768 5303 nulla

205 5344 391 5418 gratiae
431 5341 589 5411 hujus
635 5339 924 5393 habitualis
962 5340 1087 5393 dote
1132 5339 1456 5394 instructum
1512 5341 1564 5395 in
1611 5357 1768 5395 crea-

208 5442 350 5493 tione
386 5433 680 5490 credidisse
725 5431 1028 5496 Adamum,
1075 5442 1234 5499 atque
1286 5446 1404 5487 eam
1446 5432 1514 5486 ab
1562 5433 1769 5489 actibus

207 5538 369 5585 totam
413 5525 790 5597 suspendisse;
840 5539 1010 5593 eoque
1043 5525 1270 5579 multum
1321 5527 1387 5581 de
1434 5536 1642 5580 natura:
1684 5526 1768 5580 in-

206 5631 365 5695 tegrae
390 5620 649 5691 dignitate
682 5618 991 5690 derogasse,
1032 5617 1083 5673 in
1125 5632 1228 5689 qua
1256 5617 1514 5687 Adamus,
1545 5633 1665 5675 cum
1709 5619 1763 5673 in

271 5798 314 5831 "
353 5796 544 5855 Cenes.
573 5812 610 5864 ι,
637 5793 817 5851 26-28.

1879 4613 2044 4669 serat,
2074 4619 2137 4658 ac
2169 4604 2399 4674 primum
2432 4603 2705 4658 hominem
2734 4601 2988 4669 appellet.
3023 4600 3261 4670 lniquius
3286 4610 3451 4655 etiam

1877 4694 2249 4749 consuleretur
2280 4695 2332 4748 in
2366 4694 2539 4762 ipsum
2561 4734 2577 4760 ,
2624 4693 2667 4746 si
2698 4705 2764 4745 ex
2800 4694 2905 4745 hoe
2933 4690 3125 4754 altero,
3156 4705 3316 4759 quem
3354 4708 3453 4746 ex-

1877 4788 2025 4841 hibet
2041 4786 2341 4840 Methodius
2358 4786 2495 4855 apud
2540 4783 2815 4845 Photium,
2833 4782 2955 4836 eod.
2983 4797 3214 4844 ccxxxv,
3241 4785 3445 4837 erroris

1874 4882 2112 4949 ejusdem
2164 4879 2575 4934 insimularetur
2614 4899 2625 4932 :
2663 4875 2800 4929 Οὔτε
2840 4870 2933 4928 οὖν
2980 4874 3086 4928 ἀπὸ
3130 4874 3335 4944 Ἀδὰμ,
3372 4872 3447 4936 ὥς

1874 4971 2001 5040 φασί
2031 4987 2197 5035 τινες,
2230 4969 2492 5041 πρότερον
2522 4969 2623 5021 οὐκ
2652 4967 2727 5023 ὢν
2758 4969 2787 5021 6
2816 4966 3121 5037 ἄνθρωπος,
3146 4964 3263 5016 τότε
3298 4962 3447 5034 πρῶ-

1871 5081 1962 5127 τος
1991 5063 2251 5127 πλασθεὶς
2283 5065 2362 5126 εἰς
2394 5062 2595 5132 κόσμον
2636 5060 2943 5132 παρῆλθεν·
2980 5058 3101 5111 οὗτε
3142 5052 3207 5109 αὖ
3244 5055 3444 5125 κόσμος

1872 5154 1975 5225 πρὸ
2000 5153 2059 5217 ἒξ
2101 5154 2321 5225 ἡμερῶν
2350 5153 2451 5223 τῆς
2483 5152 2577 5205 τοῦ
2622 5151 2793 5221 Ἀδὰμ
2829 5149 3093 5219 γενέσεως
3128 5144 3327 5215 ἤρξατο
3352 5143 3445 5214 δη-

1873 5244 2269 5317 μιουργεῖσθαι·
2331 5264 2351 5298 ‹
2383 5244 2567 5313 Neque
2624 5258 2754 5314 ergo
2801 5241 2869 5295 ab
2910 5242 3137 5302 Adamn,
3188 5246 3246 5289 ut
3293 5236 3443 5288 aiunt

1871 5340 2108 5409 quidam,
2152 5340 2312 5395 homo
2351 5338 2441 5407 qui
2481 5349 2641 5391 antra
2687 5351 2792 5391 non
2832 5344 2981 5397 erat,
3034 5340 3161 5385 tunc
3209 5329 3440 5398 primum

1876 5433 2140 5488 formatus
2169 5432 2221 5485 in
2249 5432 2502 5484 mundum
2534 5430 2678 5484 venit
2706 5448 2718 5482 :
2752 5440 2925 5495 neque
2952 5437 3166 5479 rursum
3210 5420 3443 5474 mundus

1874 5535 2001 5579 ante
2029 5538 2123 5580 sex
2156 5524 2270 5578 dies
2294 5538 2454 5593 quam
2487 5522 2639 5577 ﬁeret
2662 5522 2856 5583 Adam,
2883 5518 3040 5573 condi
3072 5525 3280 5586 emptus
3302 5522 3437 5569 est.»

1873 5616 1989 5675 Non
2024 5616 2114 5673 hic
2145 5615 2361 5687 quidem
2397 5614 2802 5678 Pratadamitas,
2850 5620 2908 5667 ut
2947 5610 3147 5668 dictum
3186 5617 3302 5671 est,
3348 5604 3441 5660 sed
