4068 6308
659 343 795 401 1065

1930 338 1991 396 Ρ.
2031 338 2346 394 DANIELIS
2377 336 2620 393 HUETII

3710 347 3820 406 1005

653 465 809 538 pejus
847 466 973 535 quid
1005 466 1190 536 lingit;
1222 479 1415 535 nempe
1446 472 1573 519 ante
1609 466 1755 519 hunc
1783 467 2045 521 mundum
2077 481 2232 520 mun-
2261 471 2303 527 Α
2336 464 2453 532 ﬁd.,
2486 463 2577 517 lib.
2605 476 2679 529 iv,
2701 461 3003 526 inseram,
3031 469 3085 516 et
3124 460 3205 517 his
3225 460 3473 517 omnibus
3499 464 3822 533 antiquiorEu.

655 559 754 611 dos
781 555 914 631 alios
943 556 1235 611 exstitisse.
1264 553 1354 608 Ait
1384 555 1582 624 quippe
1612 554 1916 610 Methodius
1943 555 2016 610 ibi
2047 554 2225 626 ipsum

654 648 723 703 de
744 646 977 701 universi
1009 645 1313 700 teternitate
1350 644 1639 699 disserere.

1196 802 1524 871 QUASSTIO
1564 803 1701 858 Xlll.

657 894 769 963 (56)
823 910 888 949 ne
948 910 1278 950 ALLEGORICA
1335 910 1641 951 scalprum:
1702 910 2261 971 ιΝτειιιιιιετΑτιοΝεη

652 987 693 1043 l.
726 988 1002 1057 Allegoriis
1044 990 1198 1043 nimis
1252 989 1533 1042 indulsisse
1579 986 1855 1057 Origenem
1896 988 2079 1043 Patres
2118 992 2226 1042 cla-

725 1069 891 1111 mant.
928 1059 990 1113 ll.
1029 1058 1188 1112 Varia
1219 1058 1514 1125 afferuntur
1543 1058 1656 1111 loca
1691 1061 1744 1111 in
1778 1060 1963 1128 quibus
1996 1059 2226 1112 litteram

720 1131 860 1183 visus
885 1141 958 1183 est
989 1128 1418 1198 pessumdedisse.
1448 1128 1531 1183 Ill.
1559 1128 1595 1179 Α
1631 1129 1816 1196 quibus
1842 1144 2037 1181 marem
2090 1131 2226 1182 hunc

724 1201 1134 1266 interpretanda!
1200 1198 1495 1264 Scriptura:
1554 1199 1840 1265 acceperit,
1904 1200 2223 1266 exquiritur.

724 1270 811 1324 IV.
842 1269 990 1322 Idem
1025 1269 1309 1336 aliquando
1360 1285 1507 1321 suam
1555 1268 1741 1320 littera:
1774 1270 2082 1334 dignitatem
2112 1286 2224 1321 ser-

721 1351 827 1394 vat.
863 1340 923 1392 ν.
958 1338 1287 1407 Iiefellunlur
1325 1336 1590 1390 Eustathii
1627 1337 1935 1392 Antiocltent'
1975 1339 2225 1393 adversus

727 1408 975 1479 Origenis
1006 1410 1293 1478 allegorias
1322 1407 1568 1477 querelw.

722 1572 764 1627 l.
812 1571 1256 1641 Quandoquidem
1327 1569 1609 1641 theologia:
1683 1569 2094 1625 fundamentum
2144 1580 2229 1627 est

654 1663 937 1733 Scriptura
977 1678 1165 1726 sacra,
1212 1670 1272 1717 et
1310 1678 1374 1716 ex
1426 1662 1698 1732 perversis
1752 1662 1867 1718 fere
1914 1674 2225 1718 sanctorum

654 1754 917 1809 libroruin
949 1752 1489 1821 interpretationibus
1520 1752 1755 1807 haereses
1790 1752 2045 1822 profecta:
2077 1762 2224 1819 sunt,

2328 557 2559 611 stathius
2602 554 2975 609 Antiochenus
3022 553 3075 607 in
3128 552 3265 608 libro
3322 552 3399 606 De
3443 559 3820 627 engastrimytlio,

2327 649 2480 719 cujus
2507 648 2846 703 incursiones
2876 647 2927 701 in
2959 646 3244 718 Origenem
3276 654 3333 702 et
3363 646 3585 703 assultus
3610 648 3725 705 intra
3755 669 3822 711 re.

2330 743 2638 796 tundemus.

2399 834 2458 888 ll.
2492 834 2693 890 Jurene
2736 848 2803 888 an
2841 830 3032 900 injuria
3081 830 3147 887 lis
3198 846 3261 886 ea
3315 831 3563 887 adversus
3597 831 3823 906 Origenem

2328 938 2469 982 mota
2506 930 2577 982 sit
2600 968 2614 991 ,
2654 928 2957 982 videamus.
2993 925 3146 996 Saepe
3187 926 3402 996 quidem
3431 928 3714 986 historicum
3734 948 3825 988 seti-

2327 1035 2444 1072 smn
2482 1020 2910 1088 proculcanduin
2958 1033 3023 1074 ac
3056 1017 3505 1073 contemnendum
3536 1035 3642 1076 esse
3668 1023 3825 1079 docet:

2328 1112 2468 1164 velut
2500 1111 2591 1164 lib.
2649 1125 2701 1165 Vt
2757 1120 2943 1163 contra
2993 1109 3157 1177 Cels.,
3206 1125 3357 1169 num.
3414 1110 3499 1173 70,
3555 1114 3617 1166 Τὸ
3651 1114 3829 1186 ποάμμα

2325 1201 2684 1266 ἀποκτείνει,
2712 1203 2781 1256 τὸ
2810 1201 2881 1255 δὲ
2910 1202 3147 1272 πνεῦμα
3172 1200 3474 1271 ιζωοποιεῖο
3522 1205 3723 1277 γράμμα
3763 1212 3830 1278 μὲν

2324 1294 2422 1366 τὴν
2454 1293 2713 1365 αἰσθητὴν
2736 1292 3015 1364 ὠνόμασεν
3053 1294 3278 1364 ἐκδοχὴν
3309 1292 3416 1346 τῶν
3440 1292 3589 1347 θείων
3624 1300 3828 1367 γραμμὰ-

2326 1404 2454 1451 των,
2491 1386 2705 1456 πνεῦμα
2737 1384 2793 1439 δὲ
2820 1386 2915 1458 τὴν
2949 1387 3165 1457 νοητήν.
3206 1386 3430 1451 Ibidem,
3456 1402 3595 1439 num.
3623 1388 3681 1441 60
3701 1399 3744 1442 et
3762 1389 3824 1453 6i,

2328 1479 2620 1548 imperitia:
2656 1494 2749 1534 eos
2781 1480 2959 1549 arguit
2988 1480 3081 1548 qui
3108 1480 3270 1533 rebus
3298 1479 3631 1549 procreandis
3667 1495 3739 1533 sex
3765 1496 3830 1535 ve-

2329 1585 2419 1625 ros
2467 1571 2583 1625 dies
2634 1572 2803 1625 Deum
2858 1571 3213 1641 insumpsisse
3274 1578 3469 1639 putant
3512 1586 3523 1621 :
3572 1580 3620 1624 et
3658 1571 3730 1625 lib.
3756 1587 3831 1639 vn,

2330 1678 2477 1716 num.
2507 1662 2597 1725 20,
2626 1661 2879 1717 refellens
2925 1661 3165 1728 Celsum,
3218 1661 3311 1730 qui
3370 1660 3603 1716 instituta
3638 1667 3828 1731 quadam

2329 1752 2527 1806 Christi
2554 1752 2799 1806 Mosaicae
2838 1751 2939 1822 legi
2963 1752 3233 1806 contraria
3278 1766 3399 1807 esse
3449 1753 3727 1822 pugnabat,
3754 1755 3830 1808 du-

654 1847 945 1917 plurimum
1000 1845 1305 1916 reipublicae
1366 1844 1688 1900 Christiana:
1742 1846 2001 1911 interest,
2052 1845 2231 1901 salvos
2261 1838 2302 1893 Β
2332 1844 2528 1915 plicem
2579 1858 2699 1898 esse
2734 1842 2907 1914 legem
2948 1843 3272 1913 respondet,
3310 1842 3532 1896 alteram
3568 1841 3696 1910 juxta
3720 1845 3831 1897 litte-

654 1956 844 1995 eorum
878 1948 1161 2009 sartosque
1201 1952 1422 1993 servare
1455 1953 1669 2002 sensus,
1710 1949 1765 1993 et
1796 1938 2023 1992 nimium
2065 1937 2121 1991 in
2165 1954 2228 1992 ea

657 2032 976 2102 explicanda
1031 2031 1247 2100 ingenio
1305 2045 1402 2085 suo
1465 2031 1891 2100 permittentinm
1953 2028 2229 2085 hominum

655 2124 1012 2191 quorumdam
1089 2123 1361 2178 licentiam
1429 2137 1702 2177 coercere.
1768 2120 2110 2190 Propositum
2179 2120 2232 2173 id

656 2214 815 2268 unice
853 2214 953 2268 fuit
995 2215 1221 2271 vetustis
1264 2214 1523 2270 Ecclesia:
1559 2212 1833 2276 Pati-ibus,
1884 2221 1942 2265 nt
1990 2227 2057 2266 ex
2105 2226 2231 2280 pero

656 2306 834 2375 puluis
865 2304 1077 2358 illorum
1111 2306 1371 2361 adversus
1406 2305 1705 2373 Scriptura:
1752 2312 2096 2372 corruptores
2141 2317 2235 2355 ve-

658 2396 995 2451 litationibus
1044 2396 1425 2465 intelligimus;
1459 2394 1596 2449 adeo
1640 2403 1699 2447 ut
1745 2394 2034 2464 Origenes,
2091 2391 2233 2461 quod

657 2488 711 2541 in
762 2486 959 2541 divinis
1016 2486 1379 2541 voluminibus
1447 2483 1816 2540 edisserendis
1888 2484 2235 2552 pessumdata

657 2594 1065 2648 nonnunquam,
1098 2579 1181 2633 vel
1220 2578 1466 2648 neglecto
1509 2576 1766 2632 historico
1804 2590 1988 2639 sensu,
2029 2574 2229 2644 allego-

660 2668 789 2725 ricis
828 2668 1254 2739 expositionibus
1282 2668 1356 2723 rei
1387 2667 1671 2721 veritatem
1722 2665 2058 2726 oblimasset,
2095 2663 2231 2718 mul-

658 2773 837 2817 terum
874 2760 1307 2816 insimulationes
1335 2761 1489 2814 vivus
1516 2761 1811 2826 vidensque
1851 2766 2102 2826 expertus
2136 2757 2231 2818 sit,

658 2856 717 2900 ut
755 2847 871 2916 ipse
898 2847 1145 2915 queritur
1190 2845 1377 2900 bomil.
1403 2844 1470 2898 13
1499 2846 1553 2897 in
1596 2842 1808 2905 Genes.,
1842 2857 1989 2897 num.
2014 2840 2085 2894 5:
2126 2858 2144 2891 ι
2175 2838 2233 2893 Si

656 2954 788 3010 ergo
830 2938 1087 3007 incipiam
1116 2944 1170 2992 et
1200 2950 1320 3006 ego,
1353 2936 1561 3004 inquit,
1594 2945 1836 2988 veterum
1868 2933 2013 2987 dicta
2044 2932 2229 2987 discu-

660 3042 795 3100 tere,
827 3042 881 3086 et
907 3047 1122 3088 sensum
1175 3032 1228 3085 in
1265 3031 1346 3086 eis
1391 3044 1635 3100 quasrere
1680 3028 2015 3099 spiritalem;
2064 3028 2111 3083 si
2144 3042 2238 3081 co-

662 3133 820 3178 natus
866 3122 1020 3178 fuero
1053 3122 1293 3177 velamen
1353 3120 1485 3190 legis
1528 3135 1799 3188 amovere,
1846 3130 1899 3175 et
1950 3120 2237 3175 ostendere

664 3214 954 3283 allegorica
984 3229 1104 3269 esse
1138 3228 1257 3282 quae
1291 3214 1488 3282 scripta
1534 3223 1679 3279 sunt,
1711 3211 1856 3267 fodio
1885 3212 2101 3281 quidem
2135 3227 2234 3281 pu-

664 3316 809 3369 teos;
846 3304 937 3359 sed
982 3306 1162 3359 statim
1197 3304 1327 3358 mihi
1375 3303 1667 3359 movebunt
1713 3304 2020 3359 calumnias
2077 3304 2236 3357 amici

662 3398 878 3461 litterae,
904 3405 961 3451 et
994 3396 1389 3450 insidiabuntur
1421 3395 1576 3457 mihi,
1610 3393 1931 3449 inimicitias
1958 3396 2235 3459 continuo,

661 3498 718 3543 et
739 3487 1145 3559 persecutiones
1174 3488 1460 3557 parabunt,
1490 3488 1774 3541 veritatem
1806 3497 2066 3555 negantes
2094 3496 2239 3540 stare

660 3595 819 3652 posse
852 3581 955 3635 nisi
992 3596 1154 3650 super
1184 3589 1439 3634 terram.»
1465 3578 1530 3633 Et
1557 3580 1810 3649 quoniam
1848 3577 2053 3648 perlate
2094 3585 2241 3646 patet

662 3673 766 3727 iste
809 3687 980 3735 error,
1016 3671 1419 3741 multorumque
1458 3687 1705 3727 errorum
1742 3670 1907 3725 veluti
1945 3685 2096 3737 seges
2131 3678 2238 3732 est,

662 3764 866 3818 idcirco
910 3780 940 3818 c
1004 3778 1197 3818 novem
1264 3764 1733 3818 criminationibus
1785 3778 1814 3815 a
1863 3761 2139 3829 Pamphilo
2184 3760 2238 3813 in

664 3855 922 3925 Apologia
954 3857 1214 3923 collectis,
1256 3866 1446 3925 quarta
1476 3866 1531 3911 et
1559 3868 1706 3911 sexta
1738 3870 1803 3911 eo
1842 3856 2117 3924 pertinere
2151 3869 2243 3906 re-

667 3950 966 4017 periuntur.
1016 3947 1349 4017 Theophilus
1394 3963 1632 4018 quoque,
1679 3945 2019 4000 Paschat.t:
2060 3964 2078 3997 ι
2112 3944 2240 4011 Quae

667 4038 814 4092 enim
850 4038 995 4092 illum
1038 4038 1201 4103 ratio,
1246 4039 1443 4109 inquit,
1480 4040 1602 4107 quis
1640 4039 2061 4109 disputationum
2109 4037 2241 4090 ordo

672 4128 943 4196 perduxit,
986 4138 1047 4184 ut
1083 4130 1352 4199 allegoria:
1386 4131 1590 4184 umbris
1621 4140 1677 4185 et
1715 4131 1884 4184 cassis
1916 4112 2241 4198 imaginibus

673 4219 1074 4290 Scripturarum
1100 4218 1312 4274 tolleret
1328 4218 1649 4273 veritatem?
1674 4237 1767 4268 ι-
1788 4237 1804 4269 ι
1819 4217 2107 4271 Veritatem
2128 4217 2210 4270 his
2228 4243 2242 4257 -

675 4311 849 4377 torite,
874 4330 895 4363 ι
931 4310 1380 4381 aitEpiphanius,
1404 4311 1561 4380 epist.
1580 4312 1648 4363 ad
1676 4309 1836 4363 Joim.
1860 4306 2095 4372 Jerosol,
2119 4322 2241 4375 cap.

672 4404 744 4472 2,
780 4424 800 4456 ι
829 4404 1100 4475 allegoria:
1152 4403 1455 4472 depravatis
1487 4402 1765 4456 mendacio
1786 4442 1801 4467 ,
1831 4401 2036 4455 infinita
2082 4398 2243 4454 verba

2335 1951 2488 1999 ram,
2538 1935 2763 1988 alteram
2818 1935 2974 2004 juxta
3020 1933 3388 1999 intellectum;
3437 1933 3600 2003 legem
3639 1947 3736 2003 qua:
3770 1944 3829 1988 est

2332 2027 2467 2100 πρὸς
2485 2028 2546 2080 τὸ
2564 2027 2724 2099 ῥητὸν
2746 2064 2759 2090 ,
2784 2026 2850 2080 ab
2889 2025 3170 2081 Ezechiele
3192 2026 3238 2057 ⁸⁸
3283 2025 3532 2093 appellari
3560 2025 3829 2096 δικαιώματα

2332 2124 2391 2175 οὐ
2427 2120 2586 2183 xm,
2616 2122 2709 2174 καὶ
2740 2119 3137 2192 προστάγματα
3168 2118 3229 2171 οὐ
3260 2118 3432 2171 καλά·
3486 2127 3537 2172 at
3563 2119 3706 2187 legent
3743 2134 3828 2193 qua:

2332 2224 2416 2266 est
2444 2212 2578 2284 πρὸς
2606 2211 2876 2274 διάνοιαν,
2923 2212 2989 2264 ab
3036 2209 3223 2263 eodem
3276 2209 3522 2279 propheta
3559 2207 3829 2280 δικαιώματα

2333 2304 2475 2357 καλά
2501 2344 2516 2369 ,
2549 2313 2604 2358 et
2656 2303 3053 2373 προστάγματα
3100 2299 3242 2352 καλά
3270 2300 3575 2369 nuncupari.
3614 2299 3730 2354 Idem
3764 2301 3831 2354 bo-

2335 2399 2447 2454 mil.
2501 2398 2534 2452 6
2581 2398 2634 2450 in
2666 2394 2876 2458 Genes.,
2936 2411 3087 2450 num.
3138 2396 3191 2449 5.
3242 2415 3261 2447 ι
3307 2394 3434 2460 Quae
3488 2394 3646 2458 nobis,
3681 2394 3826 2461 inquit,

2333 2488 2618 2543 atdilicatio
2641 2488 2744 2541 erit
2767 2486 3079 2557 legentibus
3107 2486 3386 2540 Abraham
3426 2494 3618 2539 tantum
3659 2484 3831 2551 patriar-

2334 2582 2512 2644 cham,
2560 2594 2664 2633 non
2718 2580 2889 2633 solum
2944 2579 3230 2633 mentitum
3278 2592 3397 2631 esse
3448 2576 3691 2629 Abimelcc
3732 2575 3829 2643 regi,

2335 2672 2427 2726 sed
2458 2682 2513 2726 et
2536 2671 2845 2741 pudicitiam
2874 2670 3113 2740 conjugis
3138 2669 3442 2739 prodidisse
3462 2669 3484 2709 ν
3504 2667 3624 2733 Quid
3647 2681 3725 2721 nos
3739 2665 3831 2719 edi-

2334 2764 2460 2818 ﬁcat
2490 2764 2618 2817 tanti
2653 2764 2979 2833 patriarcha:
3004 2778 3156 2826 uxor,
3184 2763 3230 2816 si
3258 2768 3471 2831 putetur
3495 2759 3830 2814 contaminatio-

2335 2858 2495 2912 nibus
2524 2858 2767 2927 exposita
2811 2872 2909 2925 per
2960 2854 3364 2909 conniventiam
3405 2849 3713 2906 maritalem?
3742 2847 3831 2901 Haec

2333 2947 2499 3003 Judaei
2526 2956 2733 3018 putent,
2760 2958 2813 3003 et
2846 2948 2888 3002 si
2926 2946 3017 3016 qui
3045 2961 3167 3001 cum
3198 2945 3284 3000 eis
3329 2954 3453 2998 sunt
3486 2943 3668 2996 'litterte
3695 2939 3827 2999 amici,

2334 3057 2439 3095 non
2491 3042 2730 3107 spiritus.
2774 3058 2791 3092 ι
2851 3040 2916 3094 Ει
2963 3038 3153 3093 bomil.
3215 3037 3285 3092 10
3324 3035 3594 3105 sequenti,
3632 3030 3828 3096 num.l:

2344 3152 2361 3183 ‹
2400 3132 2551 3201 εαξρο
2579 3132 2690 3199 jam
2726 3130 2835 3184 dixi
2870 3131 3011 3199 quod
3039 3131 3091 3183 in
3142 3128 3228 3183 his
3264 3143 3369 3182 non
3405 3124 3626 3181 historiae
3664 3135 3830 3175 narran-

2343 3234 2448 3286 tur,
2496 3225 2589 3277 sed
2640 3223 2897 3293 mysteria
2947 3228 3333 3277 contexuntur.
3373 3237 3391 3268 ι
3437 3216 3647 3271 Humilia
3690 3209 3830 3264 remi

2339 3317 2393 3369 in
2415 3314 2615 3380 E10d.,
2648 3330 2794 3368 num.
2824 3313 2845 3366 l
2882 3332 2894 3367 :
2931 3332 2949 3364 ι
2980 3313 3035 3367 Si
3057 3312 3354 3390 secundum
3381 3308 3604 3365 historia:
3631 3302 3829 3359 narratio-

2341 3423 2463 3462 nem
2502 3405 2845 3474 suscipienda
2873 3412 3204 3472 essentque:
3254 3401 3455 3471 scripta
3493 3406 3635 3460 sunt,
3672 3394 3830 3447 videtur

2340 3498 2441 3550 hoc
2467 3495 2609 3566 quod
2644 3494 2774 3549 dicit
2803 3494 3084 3563 Scriptura
3110 3532 3125 3557 ,
3158 3493 3287 3561 quia
3332 3508 3435 3547 non
3472 3490 3676 3559 fecerunt
3714 3484 3831 3536 obsle-

2341 3589 2494 3641 trices
2540 3587 2824 3641 secundum
2859 3585 2998 3656 quod
3036 3592 3354 3655 prwceperat
3392 3582 3438 3637 ei
3478 3594 3560 3633 res:
3578 3573 3756 3645 dignati
3781 3569 3829 3631 ⁶⁹ι

2340 3691 2486 3733 stare
2513 3693 2617 3732 non
2648 3691 2844 3747 posse;
2881 3695 2900 3727 ι
2936 3682 2990 3731 et
3037 3675 3197 3746 paulo
3248 3682 3374 3745 post
3415 3690 3430 3728 :
3466 3690 3485 3724 ι
3518 3669 3626 3724 Hac
3666 3661 3829 3719 interim

2339 3780 2559 3841 propter
2584 3784 2678 3825 eos
2706 3769 2799 3838 qui
2828 3767 2988 3822 amici
3011 3777 3136 3822 sunt
3163 3766 3375 3831 littera,
3400 3773 3455 3819 et
3480 3776 3575 3817 non
3597 3761 3751 3828 putant
3778 3749 3832 3803 le-

2342 3878 2460 3932 gem
2488 3861 2794 3932 spiritalem
2843 3875 2991 3925 esse,
3040 3868 3095 3914 et
3131 3857 3452 3928 spiritaliter
3485 3846 3828 3917 intelligendam.

2344 3952 2449 4006 Sed
2482 3966 2579 4005 nos
2603 3951 2692 4020 qui
2719 3949 2901 4004 omnia
2932 3965 3051 4019 quae.
3070 3950 3273 4020 scripta
3307 3954 3467 4010 sunt,
3513 3956 3601 3996 non
3629 3951 3708 4007 pro
3731 3946 3833 3987 ηπ·

2344 4043 2650 4099 rationibus
2676 4042 3083 4112 antiquitatum,
3120 4042 3212 4096 sed
3248 4054 3348 4111 pro
3378 4032 3628 4105 disciplina
3646 4036 3692 4083 et
3714 4023 3833 4079 utili-

2344 4142 2455 4188 tate
2500 4143 2686 4187 nostra
2732 4133 3019 4188 didicimus
3065 4134 3304 4203 scripta,
3356 4150 3377 4183 ι
3412 4140 3543 4192 etc.;
3578 4132 3625 4179 et
3659 4116 3831 4175 deinde.

2346 4243 2494 4281 num.
2521 4227 2556 4280 2
2578 4242 2591 4277 :
2617 4224 2793 4290 «Quia
2824 4226 3071 4279 timebant
3102 4226 3402 4279 obstetrices
3444 4221 3618 4280 Deum.
3646 4213 3830 4282 imm“

2346 4318 2441 4371 sibi
2498 4316 2759 4371 domos".
2809 4316 2963 4383 Quod
2992 4316 3193 4370 dictum
3248 4315 3444 4371 nullam
3478 4298 3827 4374 consequimini!

2347 4410 2642 4464 secundum
2708 4407 2944 4462 litteram
2999 4406 3202 4462 habere
3259 4414 3473 4476 potest;
3520 4419 3540 4476 ι
3583 4405 3631 4452 et
3672 4399 3824 4461 Ροειείν

675 4473 999 4566 multiplicat
1021 4514 1038 4550 :
1062 4514 1081 4549 ι
1114 4496 1254 4567 quod
1279 4496 1460 4551 eidem
1482 4494 1669 4563 objicit
1700 4494 1828 4548 liter.
1862 4510 2010 4559 uiv,
2040 4507 2158 4561 cap.
2186 4491 2240 4556 4,
2276 4535 2281 4587 J

2219 4523 2240 4556 η,
2276 4534 2318 4587 D
2351 4518 2500 4555 num.
2530 4501 2566 4555 ὃ
2642 4518 2659 4551 ι
2693 4499 2868 4555 Nolite
2897 4508 3115 4570 putare,
3155 4510 3213 4553 ut
3240 4473 3384 4569 saepe
3415 4473 3825 4587 jam‘disimIISJ-e:

676 4587 967 4657 adjicitque
996 4590 1061 4643 ad
1092 4589 1350 4644 falsarum
1380 4587 1692 4657 opinionum
1736 4586 2044 4655 praesidium
2090 4584 2244 4637 testi-

677 4681 855 4734 monia
893 4682 1250 4750 scriptoribus
1302 4681 1476 4736 sacris
1527 4693 1809 4748 perperam
1863 4677 2037 4729 allicta
2071 4676 2138 4729 ab
2186 4688 2251 4728 eo

676 4770 878 4825 aﬂ'erri.
927 4772 1122 4825 Eadem
1166 4773 1232 4827 de
1274 4789 1435 4827 causa
1484 4772 1629 4825 hunc
1666 4770 1850 4840 culpat
1892 4767 2251 4838 Hieronymus

675 4865 729 4918 in
776 4864 935 4933 epist.
964 4862 1069 4928 61,
1112 4864 1180 4915 ad
1217 4862 1556 4930 Pammaclu,
1607 4879 1728 4932 cap.
1773 4862 1827 4915 5.
1859 4863 1928 4914 At
1974 4862 2026 4913 in
2072 4874 2249 4929 cup.x

675 4954 936 5018 Danielis,
985 4953 1186 5007 nomini
1221 4952 1471 5022 Origenis
1504 4954 1764 5023 pepercit,
1793 4968 1905 5006 rem
1949 4951 2118 5019 ipsum
2154 4965 2249 5005 con

675 5047 869 5116 arguit.
918 5045 1234 5113 Coarguunt
1273 5053 1328 5099 et
1367 5044 1595 5099 Basilius
1624 5047 1773 5100 hom.
1800 5044 1833 5099 9
1878 5044 1935 5095 in
1966 5041 2247 5107 Hexaem.,

675 5148 731 5190 et
760 5136 1181 5208 Clirysostomus
1223 5135 1411 5189 bomil.
1441 5137 1506 5190 15
1532 5136 1585 5189 in
1612 5134 1819 5203 Genes.,
1842 5143 1893 5188 et
1918 5133 2247 5202 Augustinus

677 5225 772 5283 lib.
798 5244 893 5282 xm
932 5228 1004 5281 De
1031 5230 1173 5282 civit.
1205 5228 1321 5295 Dei,
1353 5243 1471 5297 cap.
1494 5228 1582 5289 21,
1609 5239 1663 5281 et
1694 5228 1787 5281 lib.
1820 5243 1914 5281 vui
1952 5225 2025 5279 De
2056 5221 2269 5277 Genes.’

677 5318 748 5372 ad
790 5320 972 5385 litter.,
1021 5336 1139 5391 cap.
1184 5322 1251 5386 i,
1300 5329 1354 5375 et
1403 5320 1726 5373 Anastasius
1778 5320 1984 5373 Sinaita
2038 5318 2130 5371 lib.
2173 5330 2241 5368 vn

675 5412 912 5480 Anagog.
965 5413 1341 5482 contemplat.,
1407 5422 1462 5465 ct
1510 5410 1739 5465 Michael
1802 5409 1996 5481 Glycas
2047 5407 2240 5463 Annal.

676 5511 815 5567 part.
844 5516 918 5564 iv,
964 5511 1017 5555 et
1046 5501 1086 5554 N
1112 5513 1263 5557 celas
1294 5501 1591 5556 Choniatcs
1634 5503 1685 5555 iti
1721 5500 1988 5556 Thesauro
2034 5500 2241 5553 orthod.

749 5594 795 5626 ⁸⁸
832 5595 1026 5651 Ezecli.
1061 5613 1152 5665 xx,
1177 5599 1268 5654 9.5.
1345 5600 1389 5630 ⁶¹⁹
1419 5599 1587 5654 Exod.
1625 5615 1663 5665 I,
1697 5598 1782 5653 ΓΙ.
1862 5598 1907 5630 ⁷⁰
1940 5596 2072 5652 ibid.
2107 5596 2199 5652 2|.

2349 4602 2523 4647 terum
2561 4592 2717 4647 vobis
2774 4590 2984 4646 fabulas
3036 4590 3279 4657 recitari,
3333 4589 3423 4644 sed
3467 4580 3629 4639 doceri
3666 4587 3741 4627 vos
3760 4580 3824 4636 Ρθτ

2349 4683 2483 4748 haec,
2536 4690 2593 4736 ut
2633 4682 2947 4751 agnosmtis
2987 4681 3231 4736 ordinem
3277 4680 3418 4734 vitae.
3470 4694 3490 4729 ι
3536 4664 3729 4727 Humilia

2348 4774 2555 4842 quenti,
2588 4790 2737 4829 num.
2784 4775 2841 4841 2,
2882 4776 2995 4831 haec
3043 4774 3233 4829 scribit
3279 4789 3295 4826 :
3350 4790 3368 4824 ι
3405 4769 3468 4826 Et
3515 4775 3565 4821 ιιι
3608 4771 3718 4848 θηρΔ
3750 4762 3817 4848 ⁰¹ξ¹

2348 4868 2660 4922 ascenderis
2691 4868 2757 4922 ad
2799 4879 3033 4923 montem
3058 4868 3175 4931 Dei,
3211 4875 3265 4921 et
3290 4867 3361 4921 ibi
3382 4853 3659 4918 occurreris
3685 4845 3816 4940 Μοῐξίτ

2355 4959 2407 5013 id
2437 4970 2538 5023 est,
2569 4960 2673 5015 nisi
2703 4960 2979 5015 excelsum
3022 4960 3153 5030 legis
3178 4954 3487 5013 ascenderis
3514 4955 3726 5004 sensum.
3750 4943 3815 4983 ηιεί

2352 5048 2417 5102 ad
2469 5050 2730 5117 spiritalis
2772 5052 3143 5121 intelligentiae
3189 5065 3442 5106 cacumen
3482 5034 3817 5121 evaseris._||0n

2349 5152 2434 5194 est
2465 5157 2528 5196 os
2563 5153 2711 5196 tuum
2752 5116 2998 5212 apertum
3043 5158 3072 5197 a
3115 5144 3359 5199 Domino.
3390 5139 3442 5192 Si
3487 5137 3535 5190 in
3559 5123 3712 5185 humili
3738 5116 3818 5169 loco

2352 5232 2549 5287 littera:
2578 5234 2819 5299 steteris,
2852 5244 2907 5289 et
2929 5234 3172 5290 historia:
3203 5243 3401 5289 textum
3435 5222 3646 5282 Judaicis
3681 5220 3817 5268 narra-

2353 5324 2589 5378 tionibus
2625 5326 2888 5391 innectas,
2923 5340 3028 5379 non
3059 5324 3346 5380 occurristi
3387 5316 3539 5390 Moysi
3570 5314 3612 5366 in
3647 5306 3815 5391 mo‘l‘c'"

2354 5412 2466 5475 Dei,
2494 5427 2591 5467 nec
2620 5429 2682 5468 os
2710 5424 2857 5468 tuum
2894 5416 3109 5482 aperuit
3134 5415 3293 5478 Deus,
3346 5424 3511 5476 neque
3550 5390 3753 5457 instruin
3782 5390 3818 5433 lc

2348 5516 2467 5571 quin
2489 5513 2738 5574 θΡυνιθειι
2766 5513 2816 5559 le
2841 5505 3013 5575 loqui.
3046 5524 3066 5557 ι
3101 5504 3331 5560 Humilia
3365 5500 3422 5555 11
3453 5499 3500 5553 in
3531 5495 3690 5547 librum
3707 5486 3816 5534 θυω-

752 5709 862 5777 (56)
908 5711 980 5763 De
1013 5711 1271 5786 methdO
1315 5728 1474 5779 quam
1508 5715 1572 5767 ad
1616 5713 2046 5786 interpretandas
2093 5710 2404 5780 Scripturas
2435 5712 2532 5768 sibi
2570 5714 2841 5781 propriam
2897 5713 3023 5771 fecit
3070 5712 3341 5786 Origenes,
3387 5708 3494 5763 vide
3518 5693 3813 5758 Prmfationcm

681 5788 914 5829 nOstrum
951 5790 1092 5835 tonio
1120 5780 1366 5849 OrigctiFS
1394 5788 1622 5839 secundo
1667 5791 1728 5852 (ι.
1753 5784 1870 5851 ΧΗ)
1903 5785 2193 5851 pra-lixam.
