4068 6308
382 354 524 414 10ὒὸ

1220 342 1787 418 οιιιοιὶΝιΑΝοιιιιιι
1829 346 1955 418 LIB.
1994 364 2058 429 ιι,
2096 367 2243 421 CAP.
2287 367 2351 432 ιι,
2394 369 2837 436 (3)1251".an

3471 383 3499 436 ‘l
3509 384 3613 438 066

371 480 518 547 dem,
550 496 698 536 nuru.
729 480 787 545 2,
823 480 948 536 talia
980 496 1190 553 quoque
1215 482 1458 538 olfendas
1489 499 1504 537 :
1542 503 1561 536 ι
1592 483 1650 539 Si
1686 486 1808 554 quis
1837 496 1940 552 est,
1972 498 2018 553 Α
2047 486 2313 543 humanas
2342 495 2707 559 supereminet
2736 495 2919 566 leges‘,
2951 507 3005 552 et
3040 512 3166 555 vere
3208 498 3306 554 Dei
3353 499 3436 555 lex
3488 517 3612 557 esse

370 574 464 642 qui
512 573 695 645 legens
748 570 989 646 Moyscm
1031 580 1333 629 nmrmurat
1373 576 1634 631 adversus
1683 591 1841 643 eum,
1885 588 1939 631 et

372 662 617 733 displicet
647 664 693 720 ei
730 665 813 719 lex
845 680 963 733 quae
998 666 1292 719 secundum
1332 666 1568 722 litteram
1602 667 1801 737 scripta
1830 679 1935 737 est,

370 742 511 822 quod
539 755 591 808 in
625 756 807 810 multis
832 772 934 809 non
969 752 1186 810 videtur
1210 774 1432 813 servare
1468 762 1934 830 cnnseqnentiam,

368 847 607 900 ostendit
637 847 689 901 ei
732 840 943 918 Moyses
1008 858 1239 917 petram,
1270 856 1389 919 qua:
1425 863 1506 907 est
1546 852 1826 919 Christus,
1882 867 1934 911 et

370 933 586 991 adducit
606 954 724 992 eum
743 939 806 991 ad
834 938 1024 1006 ipsam,
1053 951 1110 993 ut
1136 940 1258 995 inde
1294 942 1441 996 bibat
1481 954 1537 1026 et
1561 945 1765 1001 reliciat
1788 949 1931 1002 sitim

370 1039 543 1079 suam.
566 1045 583 1076 ι
611 1026 835 1081 llomilia
861 1028 893 1079 5
911 1028 1225 1096 ἰιι’[ιέυἱιὶσ.,
1251 1048 1398 1088 num.
1422 1034 1474 1097 5,
1505 1031 1720 1090 Iudaeos
1750 1038 1932 1107 inepte

364 1127 418 1171 et
446 1117 707 1173 inutiliter
750 1134 999 1175 servasse
1039 1123 1114 1174 ait
1148 1133 1474 1192 praeceptum
1500 1165 1517 1188 ,
1554 1140 1661 1194 quo
1696 1126 1933 1183 immun-

362 1209 550 1262 dorum
589 1218 644 1263 et
673 1211 993 1264 cadaverum
1024 1220 1306 1267 contactus
1332 1215 1671 1283 prohibetur,
1694 1227 1853 1287 atque
1879 1215 1931 1272 id

364 1292 651 1369 allegorice
681 1302 1084 1373 intelligendum
1123 1317 1245 1358 esse
1278 1306 1473 1370 trad'rt,
1507 1309 1645 1376 quod
1671 1317 1725 1362 et
1751 1310 1802 1364 in
1837 1310 1933 1365 ho-

362 1391 603 1445 mil.-7:":
624 1390 862 1457 Levitic.,
914 1409 1061 1452 num.
1090 1395 1125 1449 4
1169 1405 1224 1451 et
1270 1403 1409 1467 seq‘.,
1456 1398 1639 1452 multis
1674 1399 1926 1454 inculcat.

360 1482 624 1539 Praeterea
647 1484 866 1539 homilia
891 1485 1080 1539 eadem
1114 1485 1167 1551 δ’,
1207 1502 1356 1540 num.
1392 1487 1445 1555 8',
1473 1497 1797 1559 praeceptum
1830 1490 1931 1545 Le-

357 1576 501 1630 vitici
548 1590 823 1645 exponens
852 1617 867 1643 ,
900 1576 1041 1646 quod
1077 1592 1174 1647 pro
1230 1588 1454 1647 peccato
1484 1585 1590 1635 nan
1632 1592 1928 1649 spontaneo

358 1670 579 1722 arietem
619 1667 1024 1721 immaculatum
1073 1669 1210 1724 siclo
1241 1680 1431 1724 sancto
1464 1681 1705 1740 emptum
1744 1670 1928 1729 olicrri

350 1759 539 1827 jubet,
595 1757 893 1813 secundum
948 1756 1184 1813 litteram
1226 1762 1521 1817 absurdum
1575 1764 1628 1819 id
1658 1780 1782 1820 esse
1833 1767 1929 1821 de-

2044 581 2310 635 creditur.
2346 599 2363 633 ι
2412 582 2641 637 llomilia
2698 586 2729 639 ϐ
2775 587 2831 639 in
2882 584 3102 655 Isaiam,
3158 605 3306 645 num.
3344 590 3398 656 4,
3428 590 3605 661 aliqua

2044 672 2241 727 asserit
2286 674 2476 728 haberi
2524 676 2575 729 in
2629 676 2968 755 Evan'gelii’s,
3011 682 3135 748 qua:
3176 680 3324 749 juxta
3372 682 3641 737 litteram-

2042 761 2175 817 l'alsa
2202 763 2311 818 sint
2341 774 2399 819 et
2432 768 2739 833 mendacia;
2776 762 2933 839 quale
2966 758 3090 826 illud
3128 772 3432 830 Serva‘toris
3484 790 3608 832 esse

2042 856 2171 910 dicit
2206 872 2220 909 :
2250 856 2308 911 Si
2336 859 2685 922 Crediderilis.
2726 860 2829 916 rt'on
2850 864 3019 917 solum
3045 882 3161 935 qua:
3196 884 3288 935 ego
3314 868 3450 936 [acia
3473 907 3487 934 ,
3516 870 3604 938 {a-

2041 940 2222 1006 cietis,
2274 944 2363 996 sed
2410 955 2457 997 et
2503 948 2707 1016 majora
2752 949 2940 1004 horum
2989 952 3191 1019 facietis
3216 956 3260 985 '”
3304 952 3323 1008 :'
3362 965 3417 1008 at
3449 956 3604 1024 juxta

2042 1030 2340 1098 spiritalem
2376 1047 2618 1104 sensum,
2658 1037 2858 1106 majora
2901 1039 3102 1096 Christi
3150 1044 3405 1111 cperihus
3442 1061 3603 1115 opera

2037 1123 2312 1189 apostolos
2341 1126 2608 1193 edidisse;
2640 1128 2912 1183 Christum
2938 1131 3137 1202 quippe
3163 1135 3406 1189 homines
3442 1152 3461 1187 ι
3483 1151 3605 1190 cor-

2038 1214 2317 1283 porailter,
2354 1237 2373 1270 ι
2426 1220 2579 1300 hos}
2619 1222 2965 1287 spiritualiter
3000 1243 3019 1276 ›
3062 1234 3323 1282 sanasse;
3366 1228 3536 1284 Tomo
3567 1246 3603 1286 ι

2036 1307 2092 1360 in
2113 1304 2293 1373 Joan.,
2323 1326 2469 1366 num.
2497 1313 2552 1377 2,
2590 1316 2876 1369 veritatem
2910 1312 3320 1388 Evangeliorum
3367 1324 3599 1389 servari,

2036 1414 2329 1470 eorumque
2359 1404 2751 1461 disso'nantiam
2782 1408 2914 1463 solvi
2949 1413 3163 1465 nonnisi
3200 1428 3294 1480 per
3321 1414 3602 1485 anago’gvn

2035 1494 2197 1560 posse
2232 1495 2457 1561 scribit;
2480 1498 2533 1551 et
2564 1497 2617 1551 in
2644 1497 2810 1556 Imm.
2849 1516 2913 1565 ιι,
2945 1501 3012 1556 15
3054 1512 3107 1556 et
3136 1518 3276 1571 seq.',
3315 1502 3467 1560 num}
3512 1507 3599 1573 16,

2037 1576 2267 1643 dubitat,
2308 1586 2565 1636 revera‘ne
2596 1588 2984 1661 nunnnnlarios
3017 1600 3070 1643 et
3113 1593 3364 1661 propolas
3401 1597 3601 1665 templo

2034 1673 2338 1727 exturbarit
2369 1674 2639 1742 Christus,
2674 1681 2747 1732 uti
2778 1678 3073 1752 Etiangelia'
3113 1686 3338 1739 narrant
3370 1704 3384 1741 :
3414 1704 3602 1757 quem-

2039 1763 2326 1818 admodum
2378 1767 2657 1823 columbas
2700 1782 2752 1825 et
2789 1781 3026 1829 tttrtures
3055 1791 3153 1845 pro
3182 1777 3402 1834 Christo
3445 1780 3599 1834 obla-

355 1851 551 1913 ρρνηῑι,
592 1858 645 1902 ει
678 1848 744 1901 ad
794 1848 1133 1916 spiritualem
1171 1850 1569 1920 expositionem
1598 1857 1788 1913 trahit,
1818 1856 1929 1913 Ηο-
1959 1858 2003 1913 Β
2034 1861 2138 1917 tos,
2169 1853 2314 1910 aliud
2342 1856 2546 1928 aliquid
2573 1866 2731 1929 Quam
2757 1864 3021 1932 volncrés‘,
3071 1868 3094 1919 ι’
3120 1868 3359 1923 divinum
3389 1872 3599 1927 scilicet

354 1941 501 1994 milia
534 1940 569 1993 4
599 1941 666 1994 ad
699 1942 1012 1993 mandatum
1052 1943 1116 1995 dc
1150 1944 1355 2015 azymis
1376 1986 1392 2010 ,
1424 1960 1541 2015 quae
1568 1948 1815 2018 quisquis
1846 1960 1927 2004 te-

356 2030 563 2101 tigerit,
595 2029 993 2086 sanctilicatnm
1025 2033 1088 2086 iri
1128 2033 1211 2088 lex
1242 2035 1438 2101 sancit,
1470 2037 1549 2092 sic
1588 2038 1666 2092 ait
1691 2056 1840 2098 num.
1873 2040 1930 2096 7.‘

360 2142 378 2173 ι
419 2123 706 2175 Enimvero
745 2121 894 2176 nullo
935 2122 1094 2177 modo
1126 2123 1209 2178 vel
1236 2125 1312 2178 rei
1350 2134 1573 2194 natura,
1606 2128 1689 2182 vel
1727 2131 1928 2186 veritas

356 2214 638 2284 religionis
666 2215 773 2270 hoc
792 2215 1023 2285 recipit;
1057 2226 1111 2269 et
1146 2215 1273 2271 ideo‘
1295 2216 1629 2273 redeundum
1663 2222 1819 2277 nobis
1845 2233 1929 2279 est

354 2308 420 2359 ad
453 2308 826 2377 expositiones
867 2307 1211 2376 evangelicas
1253 2318 1419 2378 atque
1475 2313 1839 2379 apostolicas,
1872 2326 1928 2369 ut

352 2398 438 2451 lex
466 2399 640 2466 possit
688 2398 936 2467 intelligi.
985 2397 1096 2453 Nisi
1153 2400 1298 2453 enim
1342 2400 1586 2456 velamen
1640 2403 1928 2461 abstulerit

353 2489 698 2561 Evangelium
718 2491 783 2545 de
813 2490 952 2545 facie
983 2489 1176 2561 Moysi,
1207 2506 1311 2544 non
1349 2500 1523 2561 potest
1548 2492 1717 2549 videri
1752 2496 1925 2551 vultus

350 2581 605 2648 ejus,nec
640 2598 833 2637 sensus
859 2583 975 2651 ejus
1001 2582 1255 2652 intelligi;
1278 2582 1405 2637 Vide
1423 2588 1552 2653 ergo
1585 2587 1852 2655 quomodo
1873 2588 1922 2640 in

350 2675 591 2730 Ecclesia
644 2676 1011 2744 apostolorum
1073 2676 1323 2744 discipuli
1395 2678 1593 2731 adsunt
1652 2676 1738 2732 his
1802 2694 1922 2748 qua:

348 2765 846 2837 Moysesscripsit,’
895 2777 950 2821 et
990 2766 1285 2821 defendunt
1318 2782 1403 2832 ea,
1440 2768 1584 2837 (ιιιοά
1624 2778 1678 2822 et
1708 2770 1922 2838 impleri

348 2866 577 2927 queant;
606 2868 660 2912 ct
703 2858 1102 2913 rationabiliter
1148 2859 1351 2927 scripta
1404 2869 1531 2915 sunt
1565 2877 1580 2915 :
1609 2856 1922 2917 Iudaeorum

348 2966 477 3006 vero
509 2951 761 3006 doctores
789 2991 805 3015 ,
837 2959 892 3004 et
925 2950 1281 3020 impos‘sibilia
1316 2954 1430 3007 haec
1452 2993 1468 3017 ,
1501 2961 1555 3007 et
1586 2953 1924 3009 irrationabi-

348 3043 441 3109 lia,
464 3051 754 3112 sequentes
787 3042 1022 3097 litteram
1067 3043 1266 3098 faciant
1304 3060 1317 3097 :
1346 3048 1370 3096 ι’
1399 3044 1598 3114 quibus
1621 3046 1923 3102 consimilia

348 3138 615 3191 habentur
656 3136 842 3192 homil.
873 3135 905 3191 9
942 3137 994 3189 in
1026 3135 1209 3202 Jo'szte,
1257 3151 1407 3190 ntnn.
1440 3137 1495 3191 4.
1534 3137 1657 3192 llazc
1700 3138 1921 3207 insuper

2030 1940 2321 2012 q‘uiddam,
2357 1950 2411 2002 et
2460 1949 2693 2006 humana
2746 1959 3204 2027 contemplatione
3251 1964 3529 2031 augustius
3571 1972 3596 2016 ν

2030 2034 2196 2090 fuisse
2219 2038 2702 2105 conjectathomil.
2740 2045 2808 2099 14
2840 2046 2895 2099 in
2942 2046 3073 2102 Luc.
3120 2049 3413 2115 Quemdhm
3460 2069 3598 2123 pra:-

2033 2136 2176 2182 terca
2205 2128 2321 2197 cjus
2355 2131 2529 2187 locum
2560 2127 2617 2187 in
2645 2132 2830 2192 Cenes.
2869 2142 2950 2202 ιιι,
2980 2140 3070 2206 '21,
3107 2151 3311 2199 catenae
3342 2145 3602 2209 all'erunt,’

2032 2219 2085 2273 in
2126 2235 2233 2289 quo
2263 2222 2545 2293 postquam
2580 2228 2764 2282 m'ultis
2793 2230 3048 2286 disseruit
3078 2233 3149 2307 Ide
3201 2228 3433 2292 scorteis
3462 2239 3597 2313 tuni-

2028 2312 2128 2375 cis,
2168 2314 2240 2367 ita
2269 2315 2486 2371 demum
2537 2319 2810 2376 concludit
2853 2324 3134 2379 εΛεκτέον
3160 2329 3239 2380 ὅτι
3288 2326 3349 2381 οὐ
3390 2312 3477 2382 δεῖί
3498 2347 3597 2384 πε-

2029 2402 2303 2482 ριέχεσθαι
2330 2408 2422 2461 τοῦ
2452 2404 2777 2481 γράμματος
2805 2414 2903 2485 τῆς
2944 2400 3182 2489 Γρᾷφῆς,
3222 2418 3297 2483 ὡς
3327 2420 3561 2493 ἀληθοῦς
3576 2414 3601 2454 ’⁷

2026 2493 2115 2571 τὸν
2145 2495 2203 2549 δὲ
2233 2496 2612 2570 κεκρυμμένον
2657 2502 2926 2577 θησαυρὸν
2963 2508 3020 2561 ὲν
3055 2508 3134 2579 τῷ
3176 2510 3463 2583 γράμματι
3502 2512 3603 2584 {qi

2025 2584 2157 2639 τεῒν.
2220 2606 2240 2639 ι
2288 2589 2582 2645 Dicendum
2634 2608 2738 2648 non
2796 2597 3175 2654 adhaerendum
3232 2609 3352 2657 esse
3401 2602 3595 2661 littera:

2027 2675 2339 2747 Scripturae,
2390 2682 2541 2749 quasi
2574 2697 2699 2739 vera
2752 2686 2842 2751 sit,
2874 2690 2967 2742 sed
3015 2691 3287 2745 occultum
3318 2694 3370 2746 in
3411 2694 3590 2751 litt'era

2029 2769 2335 2826 thesaurum
2365 2788 2486 2829 esse
2511 2774 2962 2847 investigandum.
3001 2782 3028 2835 ι’
3056 2783 3294 2854 Denique
3330 2784 3590 2844 Socrates

2025 2864 2428 2928 quantumlibet
2455 2868 2770 2939 Origeniani
2810 2875 3043 2929 nominis
3076 2880 3371 2955 studiosus,
3405 2882 3482 2936 sic
3515 2892 3594 2936 ta-

2024 2957 2369 3046 men-scribit
2398 2959 2488 3046 lib.
2523 2976 2572 3025 v,
2618 2978 2737 3032 cap.
2766 2965 2838 3018 ~21
2875 2982 2889 3019 :
2930 2966 3114 3033 Ὅστις
3151 2964 3481 3046 (Ὡριγένης)
3512 2980 3597 3028 σο-⁷

2025 3041 2122 3111 φὸς
2143 3039 2210 3115 ἦν
2242 3044 2576 3117 διδάσκαλος,
2606 3054 2703 3108 καὶ
2737 3057 2967 3111 κατιδὼν
2999 3060 3081 3114 ὅτι
3110 3062 3171 3115 τὸ
3196 3064 3453 3119 ἀδύνατον
3497 3068 3602 3121 τοῦ·

2023 3132 2185 3222 νόμου
2216 3138 2349 3191 Monii
2360 3141 2494 3204 σέως
2509 3142 2725 3198 ἀσθενεῖ
2750 3147 2882 3218 πρὸς
2903 3143 2963 3202 ’ἐὺ
2984 3148 3215 3222 ⁸ιβρεῑιμμει.
3244 3147 3590 3229 ἀπὸδοθῆναι.

344 3230 747 3284 coni‘mentat'ur
776 3228 960 3281 homil.
1000 3227 1033 3281 5
1060 3230 1114 3281 in
1138 3227 1374 3292 Levitic.,
1406 3244 1557 3282 nnm.
1586 3230 1646 3295 l,
1668 3230 1733 3282 ad
1769 3228 1916 3301 Moy-

2024 3219 2109 3278 τὸν
2148 3230 2277 3298 περὶ
2312 3229 2407 3282 τοῦ
2436 3232 2627 3305 Πάσχα
2653 3213 2806 3304 λόγον
2831 3240 2909 3301 εἰς
2934 3213 3164 3313 θεὶιᾷρίὲιξι
3199 3213 3492 3317 ἀνήγαγεν..
3533 3213 3601 3304 ἔν’

344 3324 421 3375 sis
460 3322 787 3392 praeceptum
813 3321 879 3375 de
911 3321 1085 3376 hostia
1130 3336 1234 3405 pro
1270 3330 1527 3389 peccato,
1562 3322 1703 3389 quod
1741 3326 1916 3376 exstat

340 3412 570 3469 Levitic.
598 3422 672 3479 vr,
704 3414 776 3468 ΞΒ
796 3424 984 3481 etseq.
1012 3431 1026 3468 :
1056 3424 1081 3464 ‹·
1111 3410 1235 3466 [hec
1266 3413 1445 3467 omnia
1480 3413 1582 3467 nisi
1617 3413 1729 3475 alio_
1752 3429 1913 3468 sensu

341 3504 696 3577 accipiamus,
754 3522 916 3576 quam
976 3506 1173 3559 littera:
1223 3514 1403 3558 textus
1451 3507 1734 3571 ostendit,
1775 3507 1917 3561 sicut

340 3614 485 3668 sa‘pe
507 3598 620 3667 ja'm
652 3599 913 3662 diximus,
941 3612 1068 3652 cum
1105 3597 1156 3650 in
1192 3591 1435 3651 Ecclesia
1471 3597 1796 3661 recitantur,
1826 3597 1914 3652 oh-

343 3690 616 3745 Staculum
668 3690 842 3759 magis
881 3698 937 3741 et
984 3687 1391 3742 subversionem
1422 3682 1746 3742 Christianae
1790 3687 1914 3742 reli-

340 3782 512 3849 gioni,
539 3796 698 3850 quam
726 3780 1088 3835 hortationem
1144 3778 1667 3848 aediﬁcationemque
1691 3789 1915 3848 praesta-

343 3876 494 3929 bunt.
534 3884 557 3926 ι
596 3873 756 3929 A‘ddit
785 3872 1125 3941 postmodum
1152 3871 1490 3941 S‘cripturam
1519 3870 1769 3926 constare
1796 3888 1913 3927 cor-

342 3980 497 4035 pore,
529 3966 709 4019 anima
762 3974 817 4020 et
845 3965 1037 4033 spiritu
1060 3982 1084 4031 ;~
1116 3963 1301 4019 littera
1330 3960 1584 4017 nimi'rum
1625 3977 1785 4017 sensu
1819 3964 1910 4037 qui

342 4060 482 4113 intra
521 4058 693 4125 ipsam
728 4056 1174 4127 deprehenditur,
1205 4058 1261 4109 et
1308 4055 1497 4109 umbra
1550 4055 1782 4125 quadam
1829 4071 1912 4111 re-

340 4164 459 4203 rum
505 4147 841 4214 caelestium;
896 4158 1093 4216 corpus
1144 4144 1261 4199 usui
1315 4143 1484 4201 fuisse
1541 4145 1609 4200 iis
1665 4144 1754 4215 qui
1814 4162 1910 4201 nos

338 4250 767 4312 praecesserunt,
806 4240 960 4293 nobis
991 4238 1251 4301 animam,
1283 4238 1536 4307 spiritum
1581 4237 1645 4291 iis
1671 4237 1761 4307 qui
1793 4252 1907 4293 caa-

336 4332 526 4389 lestetn
569 4333 939 4386 hazreditatem
980 4339 1383 4400 consequentur
1429 4345 1453 4379 ελ
1490 4330 1669 4384 multis
1717 4329 1908 4384 deinde

340 4426 637 4494 interjectis
696 4423 791 4489 ait,
851 4402 1108 4480 ιιιιιη.ἐε
1165 4441 1182 4472 ι
1223 4416 1513 4489 Triplicem
1563 4437 1793 4491 namque
1853 4422 1905 4475 in

337 4518 635 4589 Scripturis
659 4514 854 4572 divinis
879 4513 1251 4583 intelligentia
1302 4510 1533 4567 inveniri
1573 4528 1716 4582 saepe
1765 4513 1905 4566 dixi-

2022 3320 2213 3392 Πάσχα
2259 3323 2417 3393 μόνον
2457 3326 2719 3399 ἀληθινὸν
2753 3334 3075 3404 γεγενῆσθαι
3135 3337 3340 3406 λέγων,
3387 3343 3522 3415 ὅπερ
3562 3346 3601 3398 ὀ·

2022 3413 2208 3486 Σωτὴρ
2250 3418 2566 3474 ἐπετέλεσεν
2605 3424 2902 3508 ἐνεργήσας
2946 3428 3087 3481 κατὰ
3136 3430 3245 3482 τῶν
3283 3413 3597 3508 ἀντικειμέέ

2020 3520 2125 3555 νων
2174 3505 2456 3578 δυνάμεων
2505 3510 2593 3565 διὰ
2633 3512 2729 3565 τοῦ
2773 3506 3172 3589 τέροσομιλῆσαι
3224 3522 3302 3593 τῷ
3351 3505 3595 3598 “cupiit,

2018 3587 2263 3668 τροπαίῳ
2292 3599 2467 3671 τούτῳ
2491 3601 2628 3657 κατὰ
2650 3603 2743 3656 τοῦ
2782 3587 3026 3660 διαὸόλου
3061 3587 3419 3682 χρησάμενος.
3460 3587 3589 3683 ῥυιὲ

2022 3685 2102 3739 sic
2143 3685 2533 3757 interpretatur
2577 3692 2916 3761 Epiphanius
2965 3699 3324 3758 Scholasticus
3372 3722 3387 3759 :
3430 3724 3449 3758 ί
3487 3701 3586 3774 ριιῑ

2019 3792 2139 3832 cum
2170 3780 2386 3848 sapiens
2416 3786 2562 3837 esset
2597 3787 2854 3854 magister
2878 3828 2892 3852 ,
2930 3800 2984 3844 et
3015 3790 3394 3852 consideraret
3442 3802 3586 3869 quod

2018 3868 2424 3939 impossibilitas
2470 3874 2719 3932 Mosaicae
2755 3877 2897 3950 legis
2937 3882 3004 3935 ad
3046 3881 3278 3942 litteram
3326 3868 3473 3957 esset
3502 3890 3586 3947 iri-

2018 3957 2192 4023 iirma,
2227 3964 2492 4019 rationem
2518 3964 2738 4024 Paschte
2760 3971 2826 4025 ad
2869 3973 3084 4028 modum
3111 3980 3585 4050 contemplationis

2015 4052 2216 4118 evexit,
2243 4070 2406 4110 unum
2435 4050 2637 4113 PasCha
2662 4059 2997 4120 solummodo
3018 4076 3203 4122 verum
3236 4071 3352 4125 lieri
3376 4073 3581 4142 dicens;

2019 4144 2162 4212 quod
2206 4143 2459 4202 Salvator
2503 4150 2800 4207 celebrarit
2843 4154 3099 4214 adversus
3142 4168 3447 4221 contrarias
3491 4172 3588 4237 ι)οέ

2018 4243 2259 4303 testates',
2308 4239 2433 4293 dum
2487 4239 2701 4296 crucem
2735 4246 3075 4314 susciperet,
3125 4259 3181 4304 et
3239 4253 3341 4310 hoc
3385 4254 3595 4326 tropajo‘

2014 4336 2259 4383 uteretur
2292 4341 2479 4384 contra
2504 4334 2803 4389 diabolum.
2840 4341 2873 4387 ι’
2901 4335 3004 4391 Sed
3040 4341 3291 4407 quoniam
3326 4346 3450 4399 huic
3491 4332 3587 4401 ar.-

2013 4430 2268 4490 gumento
2295 4432 2462 4477 totum
2495 4414 2607 4479 fere
2635 4426 2830 4481 librmn
2866 4445 2915 4481 tv
2938 4431 3077 4500 Περὶ
3098 4431 3299 4501 ἀρχῶν
3322 4451 3349 4489 a
3379 4453 3525 4494 num.
3548 4442 3582 4495 8

2016 4513 2277 4582 usquead
2316 4531 2463 4570 num.
2513 4517 2604 4579 28,
2667 4521 3028 4587 consecrarit,
3076 4532 3341 4582 summam
3385 4534 3585 4601 c‘apitis‘

335 4577 723 4675 mttsumodum,
760 4606 1114 4671 historicum,
1152 4605 1411 4660 moralem
1455 4615 1510 4660 et
1565 4606 1850 4677 mysticum
1887 4622 1902 4659 :

2024 4577 2193 4673 hujus,
2224 4606 2363 4672 quod
2398 4607 2450 4659 in
2488 4577 2780 4677 Philacalia
2812 4577 3572 4693 G’rtccescripturn-habear:

335 4704 479 4758 unde
505 4712 559 4757 et
595 4715 792 4771 corpus
829 4700 1005 4753 inesse
1027 4698 1073 4751 ei
1096 4736 1109 4759 ,
1146 4704 1200 4750 et
1246 4696 1480 4750 animam
1508 4735 1521 4760 ,
1556 4713 1620 4751 ac
1652 4697 1903 4766 Spiritum

337 4793 728 4850 intelleximus.
790 4810 808 4842 ι
864 4790 1280 4859 ApertiSsimum
1342 4802 1469 4843 vero
1512 4786 1655 4857 quod
1705 4788 1905 4857 legitur

339 4888 529 4943 homil.
595 4886 625 4938 7
674 4885 730 4939 in
783 4882 1025 4948 Levitic.,
1077 4898 1236 4936 num;
1293 4881 1326 4935 5
1358 4895 1373 4933 :
1405 4898 1423 4931 ι
1469 4879 1525 4935 Si
1569 4881 1909 4935 assideamus‘

336 4981 563 5041 litterae,
596 4984 650 5031 et
683 4968 975 5031 secundum
1022 4974 1123 5028 hoc
1160 4972 1239 5026 vel
1285 4972 1425 5041 quod
1471 4969 1703 5034 J‘ndwis,
1736 4972 1819 5025 vel
1851 4972 1902 5025 id

335 5070 478 5142 quod
510 5068 667 5137 vulgo
695 5067 927 5130 videtur,
960 5066 1290 5135 accipiamus
1319 5078 1439 5132 quae
1468 5062 1519 5116 in
1554 5062 1672 5131 lege
1701 5064 1900 5131 scripta

336 5168 484 5223 sunt,
508 5142 769 5214 erubesco
800 5158 980 5211 dicere
1020 5166 1072 5209 et
1103 5156 1348 5210 conﬁteri
1370 5195 1384 5219 ,
1412 5155 1539 5224 quia
1580 5154 1717 5209 tales
1756 5153 1904 5223 leges

337 5253 547 5308 dederit
593 5250 751 5305 Deus.
807 5247 1145 5301 Videbantur
1206 5247 1349 5299 enim
1408 5245 1578 5312 magis
1625 5242 1912 5313 elegantes

334 5355 390 5401 et
433 5342 779 5399 rationabiles
838 5339 1113 5392 hominum
1148 5337 1324 5405 leges,
1355 5335 1501 5388 verbi
1556 5335 1765 5405 gratia,
1817 5334 1901 5388 vel

334 5436 723 5500 Romanorum,
759 5432 842 5486 vel
872 5429 1286 5484 Atheniensium
1306 5448 1332 5494 ,ν
1352 5428 1433 5482 vel
1468 5425 1902 5482 Lacedasmonio-

335 5546 474 5586 rum.
516 5527 576 5583 Si
609 5541 738 5580 vero
769 5522 1062 5578 secundum
1092 5521 1236 5574 hanc
1271 5520 1704 5589 intelligentiam,
1742 5533 1901 5588 quant

337 5622 493 5679 docet
515 5616 777 5681 Ecclesia,
801 5613 1099 5683 accipiatur
1121 5610 1215 5666 Dei
1244 5610 1351 5678 lex,
1380 5620 1504 5669 tunc
1525 5609 1688 5681 plane
1714 5623 1901 5670 omnes

511 5816 666 5874 Joan.
701 5827 817 5875 xrv,
862 5809 948 5864 12.

697 5913 965 5971 ΡΑτισιοι.
1011 5906 1123 5967 GP.
1172 5882 1368 5967 XVII.

2014 4693 2119 4747 huc
2152 4694 2354 4750 referre
2377 4712 2556 4766 operte
2584 4701 2816 4769 pretimn
2856 4717 2978 4759 esse
3016 4705 3184 4760 duco.
3214 4707 3449 4767 Primum
3480 4712 3577 4786 igi-

2013 4793 2100 4839 tur
2126 4787 2192 4841 ad
2224 4788 2564 4868 allegoricam
2612 4793 2905 4862 Scriptura:
2944 4797 3443 4868 interpretationem
3493 4811 3579 4862 ad.

2011 4879 2352 4943 struendam,
2380 4862 2688 4937 Judaaorutn
2725 4886 3048 4956 imperitiam
3083 4862 3346 4965 castigat,
3378 4894 3578 4968 qu‘ibus

2010 4971 2297 5039 quominus
2323 4972 2592 5028 Christum
2617 4978 2993 5055 susciperent,
3012 4973 3396 5053 impedimento
3427 4991 3576 5046 l‘uere

2012 5062 2546 5135 diversa'Scripturae
2576 5071 2864 5137 vaticinia,
2880 5090 2997 5144 qua:
3017 5077 3263 5145 quamvis
3287 5079 3576 5152 allegorice

2014 5153 2079 5206 ad
2111 5154 2385 5211 Christum
2426 5160 2781 5230 pertinerent,
2814 5168 3007 5220 eadem
3039 5167 3217 5222 tamen
3239 5168 3395 5238 juxta
3429 5172 3574 5231 litte-

2011 5242 2126 5296 ram
2154 5246 2498 5316 accipientes.
2533 5249 2584 5304 in
2629 5246 2754 5306 Jésu
2801 5253 3019 5310 m'inime‘
3051 5256 3313 5328 completa
3353 5261 3573 5331 putave-

2011 5348 2157 5389 runt.
2188 5338 2351 5417 Addit
2375 5343 2620 5395 eumdem
2656 5343 2950 5413 Scriptura:
2995 5348 3414 5417 interpretanda;
3455 5370 3572 5409 mo-

2012 5428 2135 5482 dum
2170 5412 2596 5499 Valentinianos,
2625 5412 3034 5505 Marcionislas,
3073 5439 3318 5512 aliosque
3337 5442 3571 5500 lucreti-

2010 5527 2102 5573 cos
2145 5520 2477 5590 compulisse
2530 5533 2589 5580 ut
2647 5527 2927 5597 geminum
2976 5529 3324 5589 admitterent
3378 5534 3571 5600 Deum,

1996 5610 2471 5686 jusiumalterum
2523 5618 2706 5675 mundi
2748 5618 2993 5690 opiﬁcem
3025 5661 3040 5690 ,
3091 5623 3289 5682 bonum
3346 5626 3583 5685 alterum

3297 5922 3371 5979 at
