4068 6308
590 362 612 417 1
623 360 723 419 067

1861 353 1919 412 P.
1960 349 2275 413 DANIELIS
2315 346 2547 408 llUliTll

3668 362 3772 417 1063

588 482 787 539 Christi
820 480 1066 547 Patrem;
1103 493 1309 534 necnon
1333 485 1389 534 et
1416 492 1483 532 ex
1513 476 1836 533 orthodoxis
1870 460 2238 548 quosdain,'A
2267 475 2390 531 inde
2419 476 2468 530 ei
2502 480 2831 530 monstraret
2871 487 2884 525 :
2937 480 2993 527 et
3028 468 3174 541 quod
3208 470 3447 544 praecipit
3477 472 3661 549 Moyses
3699 470 3798 535 εις-⁸

590 587 646 630 ιιι
680 575 821 631 male
847 576 914 630 de
951 574 1215 629 Creatore
1256 570 1546 627 sentirem.
1589 568 1891 625 Fatendum
1944 570 2166 641 insuper

561 650 664 722 'ait
704 666 871 720 multa
906 664 1124 734 quidem
1172 662 1441 733 mystica,
1496 670 1551 715 et
1605 660 1792 731 ﬁguris
1841 662 2079 716 involuta
2112 661 2164 715 in

588 759 885 828 Scripturis
912 755 1218 820 contineri;
1250 770 1372 825 quae
1402 762 1580 809 tamen
1613 754 1736 819 illa,
1767 762 1823 809 et
1859 753 2165 821 cuiusmodi

587 851 697 905 si‘nt
731 849 1005 917 ignorari;
1044 856 1156 901 tum
1187 846 1447 902 nonnulla
1492 854 1763 914 recenset,
1805 860 1927 916 quae
1966 855 2172 917 myste-

584 940 680 993 riis
703 948 912 994 scatere
943 938 1015 992 ita
1042 938 1368 1002 contendit,
1394 947 1451 992 ut
1487 937 1683 994 littera:
1727 952 1949 994 sensum
2002 938 2172 993 neuti-

589 1046 751 1101 quam
788 1030 1070 1098 repudiare
1104 1029 1411 1084 videantur.
1465 1027 1582 1083 Non
1624 1030 2011 1099 prophetarum
2067 1044 2171 1083 au-

590 1124 695 1171 tem
727 1116 907 1182 libris,
943 1117 1037 1171 sed
1069 1115 1203 1171 Novi
1230 1118 1393 1172 etiam
1420 1114 1772 1172 Instrumenti
1798 1117 2167 1173 voluminibus

582 1208 827 1265 occultos
852 1218 905 1265 et
930 1208 1239 1265 reconditos
1263 1224 1455 1265 sensus
1507 1211 1686 1266 inesse
1717 1210 1871 1265 dicit.
1905 1209 2039 1264 Cum
2074 1210 2170 1265 ho-

587 1306 732 1358 mine
760 1305 1125 1372 postmodum,
1175 1304 1268 1373 qui
1322 1318 1571 1372 corpore,
1621 1304 1805 1358 anima
1867 1312 1921 1358 et
1974 1303 2168 1374 spiritu

588 1406 821 1459 constat,
856 1394 1195 1465 Seripturam
1247 1395 1476 1462 confert,
1530 1410 1759 1467 corpore
1806 1396 2020 1462 itidem,
2065 1397 2170 1450 hoc

583 1497 666 1544 est
694 1489 967 1543 communi
997 1497 1053 1542 et
1084 1488 1345 1543 historico
1375 1502 1539 1543 sensu
1570 1497 1949 1555 constantem;
1981 1488 2163 1542 anima

584 1594 819 1649 quoque,
844 1578 1171 1653 sublimiori‘~
1204 1594 1397 1650 nempe
1436 1595 1641 1647 sensu;
1687 1596 1751 1636 ac
1797 1580 2015 1635 demum
2060 1580 2169 1649 Spi-

585 1671 719 1734 ritu,
748 1669 875 1739 prof
876 1668 1173 1724 undissimo
1200 1669 1409 1724 scilicet
1428 1684 1591 1724 sensu
1615 1677 1672 1724 et
1696 1670 2161 1725 reconditissimo.

584 1761 725 1815 Tum
756 1760 1035 1830 subjungit
1081 1760 1401 1815 historicum
1453 1760 1742 1830 aliquando
1789 1776 2009 1816 sensum
2052 1776 2163 1816 non

584 1856 836 1927 reperiri,
871 1855 964 1910 sed
996 1854 1231 1908 animam
1283 1852 1456 1908 solum
1496 1861 1550 1907 et
1603 1854 1851 1922 spiritum
1876 1895 1891 1921 ,
1922 1854 1974 1909 id
2020 1855 2160 1924 quod
2194 1830 2238 1886 Β

582 1948 753 2001 variis
786 1945 1027 2016 Apostoli
1067 1945 1200 1999 locis
1230 1943 1527 2014 approbat;
1574 1958 1637 1999 ac
1685 1960 1753 1999 ne
1782 1944 1898 2001 haec
1940 1946 2158 2015 quidem

584 2041 835 2094 omnibus
862 2038 1017 2093 obvia
1057 2052 1202 2102 esse,
1231 2037 1325 2091 sed
1359 2036 1425 2090 iis
1454 2038 1747 2102 duntaxat,
1778 2037 1870 2106 qui
1918 2038 1970 2093 in
2012 2037 2162 2094 Scri-

584 2141 758 2201 pturae
791 2129 1144 2185 meditatione
1174 2128 1382 2183 subacti
1409 2129 1665 2201 diuturno
1706 2131 1887 2185 studio
1936 2129 2161 2185 fuerint.

583 2200 676 2277 λιιι
704 2224 897 2279 deinde
941 2224 1198 2294 mysteria
1249 2200 1573 2278 hominibus
1619 2224 1834 2276 tradere
1885 2222 2160 2278 volentem

587 2316 849 2386 Spiritum
871 2329 1116 2372 sanctum
1140 2358 1154 2384 ,
1184 2330 1245 2370 ea
1288 2314 1534 2370 historici
1560 2328 1754 2371 sensus
1780 2314 2165 2387 integumentis

585 2409 949 2481 implicuisse,
993 2411 1082 2479 qui
1114 2410 1493 2466 reconditioris
1527 2409 1788 2464 doctrinae
1843 2422 2016 2478 penus
2049 2417 2165 2461 tan-

588 2515 702 2560 tum
733 2512 787 2559 et
807 2504 1244 2575 promptuarium
1276 2511 1358 2556 est
1397 2523 1409 2557 :
1450 2517 1610 2571 quem
1642 2515 1709 2554 ne
1743 2500 1865 2570 quis
1887 2499 2164 2554 interioris

583 2610 640 2653 et
664 2596 890 2652 occultae
914 2594 1179 2650 doctrinae
1212 2592 1497 2663 praeceptis
1525 2607 1719 2647 vacare
1745 2601 1983 2662 putaret,
2010 2609 2029 2642 ι
2059 2591 2164 2647 ista

583 2692 651 2744 de
672 2703 836 2743 causa
887 2700 1215 2757 procurasse
1269 2686 1507 2738 divinam
1560 2683 1884 2751 sapientiam
1934 2683 2163 2739 nll'endi-

582 2780 705 2837 cula
735 2780 1007 2849 quaedam,
1038 2777 1118 2833 vel
1163 2776 1596 2847 intercapedines
1640 2775 2010 2846 intelligentia:
2049 2774 2165 2830 fieri

585 2872 927 2937 bistorialis;
983 2870 1335 2940 impossibilia
1391 2870 1638 2940 quaedam
1675 2878 1730 2925 et
1781 2871 2167 2926 inconvenien-

586 2969 716 3021 tiam
760 2961 1139 3036 per'medium
1191 2963 1511 3026 inserendo,
1558 2973 1617 3017 ut
1670 2963 1996 3032 interruptio
2050 2963 2164 3034 ipsa

587 3058 917 3113 narrationis
942 3057 1088 3112 velut
1109 3056 1355 3111 obicibus
1392 3057 1716 3125 quibusdam
1767 3056 1971 3125 legenti
2017 3056 2157 3110 resi-

586 3158 758 3204 steret
783 3147 1031 3216 objectis,
1070 3148 1264 3217 quibus
1300 3146 1673 3217 intelligentiae
1712 3150 1872 3217 hujus
1924 3148 2165 3213 vulgaris

590 3244 700 3298 iter
734 3258 797 3296 ac
832 3241 1119 3295 transitum
1159 3252 1401 3311 negaret,
1440 3261 1463 3294 ι
1497 3253 1549 3296 et
1579 3243 1652 3295 ita
1683 3242 1750 3295 ad
1778 3241 1939 3295 alium
1974 3241 2165 3295 trami-

586 3347 695 3392 tem
717 3336 1000 3392 celsiorem
1017 3350 1209 3404 nempe
1233 3344 1285 3387 et
1305 3334 1719 3388 eminentiorem
1743 3334 2164 3399 diverterenms;

590 3430 757 3484 multa
789 3429 952 3499 igitur
1000 3425 1305 3496 hujusmodi
1344 3427 1530 3481 haberi
1585 3427 1637 3480 in
1683 3425 1993 3495 Scriptura,
2030 3444 2048 3476 ‹
2085 3425 2166 3478 vel

585 3524 768 3575 minus
804 3530 980 3590 gesta,
1014 3518 1099 3572 vel
1140 3533 1260 3586 qua:
1309 3516 1531 3571 omnino
1579 3516 1691 3587 geri
1747 3533 1854 3572 nou
1907 3526 2166 3587 possent;

596 3612 868 3667 interdum
900 3609 1063 3665 etiam
1095 3624 1213 3679 qua:
1253 3618 1467 3679 possent
1510 3608 1726 3677 quidem
1757 3608 1905 3679 geri,
1952 3622 2048 3662 nec
2083 3616 2168 3661 ta-

588 3719 713 3757 men
739 3710 890 3772 gesta
920 3711 1076 3765 sunt;
1108 3721 1127 3755 ι
1161 3702 1428 3771 praecipue
1455 3716 1584 3755 vero
1616 3701 1668 3755 in
1703 3699 1971 3770 Iege,qua2
2002 3699 2167 3753 multa

587 3796 776 3861 habet,
808 3814 831 3845 ς
851 3796 902 3849 in
926 3796 1123 3864 quibits
1142 3794 1286 3847 nulla
1313 3809 1538 3862 prorsus
1563 3792 1700 3847 ratio
1724 3790 1979 3847 utilitatis
1998 3801 2171 3846 osten-

587 3887 761 3951 ditur;
786 3886 1057 3940 interdum
1087 3900 1213 3938 vero
1236 3894 1289 3938 et
1314 3884 1673 3951 impossibilia
1705 3888 2111 3947 decernuntur;
2146 3901 2164 3932 ι

588 3978 683 4032 sed
721 3987 776 4032 et
810 3978 861 4031 in
902 3987 1015 4033 toto
1058 3976 1243 4031 Veteri
1303 3990 1368 4030 ac
1396 3975 1545 4032 Novo
1595 3977 1758 4031 etiam
1795 3976 2166 4032 Testamento.

589 4069 729 4124 llinc
766 4071 948 4123 varias
980 4069 1275 4138 Scriptura:
1326 4069 1499 4137 tangit
1532 4053 1814 4133 historias,
1867 4068 1919 4122 in
1969 4069 2169 4138 quibus

591 4159 840 4215 hlstorici
878 4175 1074 4215 sensus
1113 4161 1395 4215 veritatem
1429 4158 1626 4213 frustra
1665 4159 1864 4228 requiri
1900 4158 2164 4224 allirmat;

588 4254 812 4320 frustra,
843 4245 1078 4323 exempli
1109 4267 1292 4319 causa,
1316 4252 1622 4307 existimari
1680 4259 1792 4306 tres
1840 4252 2054 4320 priores
2101 4251 2169 4305 ab

589 4347 720 4401 orbe
753 4345 979 4400 condito
1019 4346 1136 4401 dics
1166 4344 1335 4399 fuisse
1368 4344 1487 4399 sine
1513 4343 1647 4409 sole,
1693 4341 1818 4396 luna
1857 4351 1911 4397 et
1962 4341 2166 4408 stellis;

590 4439 829 4507 priorem
867 4438 1033 4493 etiam
1061 4438 1181 4493 sine
1210 4437 1373 4505 ccelo,
1403 4437 1553 4506 quod
1592 4447 1754 4505 supra
1775 4431 1886 4501 jam
1920 4432 2165 4489 excussi-

590 4546 743 4586 mus:
769 4532 948 4601 inepte
970 4530 1474 4603 quoqueetinsulse
1491 4529 1636 4584 credi
1659 4528 1824 4581 Deum
1851 4527 1901 4581 in
1918 4525 2169 4597 paradiso
2201 4525 2247 4579 D
2276 4547 2477 4587 morem
2534 4533 2794 4603 Origenes
2858 4552 2963 4590 non
3022 4534 3249 4589 invexit.

591 4620 871 4689 plantasse
897 4623 1142 4689 arbores,
1171 4632 1359 4676 eteam
1388 4635 1510 4692 qute
1540 4618 1664 4674 vita:
1698 4619 1930 4686 dicitur,
1964 4625 2018 4671 et
2047 4630 2167 4687 qua:

589 4713 872 4769 scientiam
910 4712 1038 4767 boni
1069 4722 1124 4768 et
1154 4714 1282 4767 mali
1324 4713 1648 4777 continere;
1683 4710 1853 4765 Deum
1887 4718 2010 4779 post
2052 4722 2167 4762 me-

589 4805 784 4860 ridiem
817 4804 1124 4859 ambulasse
1149 4804 1199 4858 in
1233 4806 1422 4869 horto,
1471 4814 1526 4858 ct
1554 4802 1783 4858 Cainum
1813 4816 1844 4855 a
1900 4799 2043 4855 faeie
2068 4798 2163 4853 Dei

588 4897 845 4964 exivisse,
892 4910 1016 4965 qua:
1059 4910 1090 4948 a
1145 4895 1301 4949 nobis
1348 4894 1460 4949 fere
1504 4904 1737 4949 tractata
1791 4904 1919 4947 sunt
1952 4908 1965 4943 :
1996 4891 2163 4946 multa

588 4987 853 5057 ejusmodi
885 5002 1041 5058 posse
1076 4984 1255 5055 colligi
1303 5000 1333 5040 e
1375 4984 1708 5056 Scripturis,
1759 5003 1779 5037 ‹
1817 5000 1934 5055 (ιιιτρ
1962 4984 2161 5055 scripta

588 5089 713 5133 sunt
773 5081 991 5151 quidem
1044 5090 1300 5149 tanquam
1356 5077 1535 5145 facta,
1586 5096 1690 5134 non
1743 5088 1918 5133 tamen
1967 5092 2162 5132 secun-

589 5170 714 5222 dum
744 5172 1028 5228 historiam
1082 5180 1454 5242 competenter
1496 5180 1552 5224 et
1604 5170 1999 5225 rationabiliter
2047 5168 2162 5223 fieri

592 5261 833 5329 potuisse
860 5265 1130 5321 credenda
1155 5276 1282 5320 sunt
1311 5282 1324 5317 :
1360 5284 1377 5316 ι
1410 5263 1568 5331 hujus
1594 5265 1812 5335 generis
1840 5278 1991 5329 esse,
2017 5262 2160 5331 quod

589 5366 774 5415 narrat
804 5355 1175 5427 Evangelium,
1212 5357 1264 5411 in
1301 5356 1581 5412 excelsum
1613 5368 1851 5413 montem
1886 5371 1914 5409 a
1946 5354 2163 5409 diabolo

587 5453 768 5509 Jesum
798 5464 918 5505 csse
953 5451 1303 5516 subvectum,
1352 5458 1411 5501 ut
1465 5446 1714 5503 universa
1765 5446 1949 5502 mundi
1998 5461 2160 5516 regna

658 5588 704 5619 ⁷⁸
738 5587 907 5643 Exod.
944 5602 1058 5647 xvt,
1080 5585 1172 5642 9.9.
1260 5587 1306 5619 τ³
1334 5586 1374 5642 ll
1407 5586 1565 5643 Esdr.
1597 5599 1718 5654 xm,
1749 5587 1835 5643 19.

594 5656 638 5687 ⁷⁸
665 5655 828 5712 lCor.
854 5674 951 5724 vn,
989 5658 1080 5711 18.

688 5765 750 5781 υ-
778 5768 843 5780 ,-

1911 5584 2120 5654 7‘,Luc.
2150 5600 2203 5652 rt,
2230 5585 2283 5639 4.

2278 569 2552 624 terminari
2578 583 2737 624 omne
2764 566 3127 623 masculinum
3147 608 3162 632 ,
3193 566 3336 636 quod
3381 576 3560 624 octavo
3584 570 3656 625 die
3693 587 3775 627 non

2274 662 2437 718 fuerit
2464 662 2847 718 circumcisum
2884 679 2898 715 :
2929 670 2984 716 et
3034 659 3404 731 tragelaphum
3456 659 3585 716 inter
3623 666 3777 719 munda

2274 754 2548 818 animalia,
2599 753 2864 824 gryphum
2923 752 3067 807 inter
3114 750 3393 806 immunda
3457 752 3653 819 haberi;
3685 773 3778 810 cum

2274 847 2360 903 hic
2390 850 2457 903 ab
2481 847 2704 902 homine
2728 861 2834 902 non
2861 846 3036 916 possit
3059 846 3202 915 capi,
3234 845 3323 900 ille
3343 860 3409 899 ne
3425 859 3539 901 esse
3566 847 3781 916 quidem:

2273 940 2398 995 licet
2437 941 2674 1012 gryphes
2702 949 2757 993 et
2792 938 3138 1007 tragelaphos
3178 947 3234 993 et
3267 952 3386 993 esse
3415 947 3469 992 et
3508 938 3615 1006 capi
3644 942 3786 1008 prodi-

2275 1042 2387 1089 tum
2416 1034 2539 1088 sita
2574 1031 2842 1087 veteribus
2881 1047 2895 1085 :
2938 1029 3181 1085 Sabbato
3233 1029 3364 1084 item
3418 1029 3530 1083 loco
3578 1045 3664 1085 suo
3703 1044 3781 1087 non

2272 1125 2480 1180 moveri
2505 1126 2572 1189 7',
2607 1139 2707 1179 nec
2733 1137 2869 1178 onus
2892 1122 3072 1178 levare
3089 1118 3135 1153 ⁷³
3159 1138 3173 1187 ;
3206 1130 3255 1175 et
3280 1120 3422 1191 quod
3445 1120 3627 1176 habent
3646 1121 3787 1177 Evan-

2272 1219 2409 1289 gelia
2433 1238 2445 1273 :
2470 1236 2487 1269 ‹
2511 1216 2788 1271 Neminem
2818 1216 2871 1269 in
2902 1214 2986 1268 via
3014 1211 3378 1269 salutaveritis
3394 1212 3477 1277 ἠς
3514 1228 3532 1263 ι
3556 1196 3788 1267 duasneu-

2272 1312 2476 1380 tiquam
2545 1309 2825 1363 habendas
2893 1306 3109 1360 tunicas
3159 1311 3277 1360 ‘nec
3344 1303 3685 1358 calceamenta
3724 1306 3787 1371 ";

2272 1404 2548 1458 dexteram
2579 1400 2903 1471 percutienti
2930 1395 3227 1464 maxillam,
3263 1398 3537 1452 sinistram
3560 1412 3665 1451 esse
3685 1413 3779 1468 prte-

2269 1492 2501 1547 bendam
2530 1491 2596 1556 7‘,
2636 1509 2656 1543 ι
2686 1507 2809 1545 cum
2844 1490 3038 1554 omnis,
3065 1490 3257 1559 inquit,
3281 1489 3370 1559 qui
3395 1488 3620 1558 percutit
3640 1490 3788 1545 dextra

2272 1600 2431 1639 manu
2469 1583 2744 1639 sinistram
2777 1584 3049 1654 percutiat
3082 1581 3398 1646 maxillam;
3438 1597 3457 1631 ι
3491 1579 3787 1653 oculum,qut

2269 1679 2340 1734 sit
2363 1677 2724 1732 offensioniet
2763 1676 3060 1741 seandalo,
3084 1676 3384 1730 eruendum
3406 1672 3492 1739 ’7;
3526 1690 3621 1728 non
3666 1675 3790 1729 addu-

2270 1773 2498 1828 cendum
2526 1780 2860 1841 amputatum
2889 1768 3277 1842 prmputium"
3301 1785 3316 1834 ;
3343 1782 3466 1837 qua:
3497 1768 3662 1822 omnia
3688 1785 3713 1821 ιι
3745 1784 3791 1823 se

2267 1866 2426 1922 allata
2453 1880 2573 1920 esse
2606 1864 2816 1930 scribit,
2837 1873 2895 1919 ut
2929 1863 3286 1933 intelligamus
3312 1875 3402 1915 res
3427 1874 3527 1914 non
3549 1859 3700 1913 solum
3724 1874 3788 1913 ra.

2268 1959 2395 2015 tioni
2420 1958 2740 2025 contrarias,
2761 1958 2855 2013 sed
2880 1957 3045 2012 etiam
3073 1971 3192 2025 qua:
3223 1954 3334 2010 ﬁeri
3361 1952 3580 2007 minime
3603 1952 3789 2022 possint,

2266 2052 2319 2108 in
2342 2050 2521 2106 littera
2552 2049 2842 2105 contineri.
2877 2048 3160 2104 Subnectit
3179 2057 3374 2117 postea
3399 2060 3503 2100 non
3526 2046 3789 2099 omnemid-

2267 2143 2415 2199 circo
2439 2144 2682 2198 historiae
2705 2159 2925 2199 sensum
2950 2140 3256 2214 aSpernari,
3281 2155 3406 2195 cum
3445 2157 3467 2191 ς
3496 2138 3651 2193 multo
3673 2137 3793 2208 plura

2267 2239 2394 2304 sint,
2424 2252 2544 2307 qua:
2570 2238 2864 2292 secundum
2899 2236 3187 2291 historiam
3233 2243 3526 2299 constant,
3568 2247 3710 2303 quam
3746 2244 3795 2285 e2

2266 2344 2387 2399 quae
2422 2331 2621 2384 nudum
2653 2344 2872 2384 sensum
2904 2330 3187 2385 continent
3222 2326 3558 2399 spiritalem;
3590 2345 3607 2379 ι
3648 2324 3772 2392 cujus

2267 2422 2412 2476 modi
2438 2422 2687 2477 nonnulla
2707 2432 3115 2487 commemorat,
3134 2432 3262 2491 puta
3283 2421 3535 2489 Decalogi
3557 2430 3796 2490 prmcepta.

2269 2514 2471 2571 Deinde
2501 2531 2627 2572 vero
2657 2516 2881 2570 multam
2927 2515 3292 2571 adhibendam
3341 2515 3419 2570 ait
3449 2515 3733 2570 cautionem
3760 2520 3799 2568 et

2267 2609 2625 2678 diligentiam,
2679 2625 2788 2680 quo
2831 2610 3094 2681 mysticus
3129 2624 3322 2664 sensus
3372 2623 3404 2663 a
3448 2624 3605 2664 sensu
3645 2608 3798 2663 litterae

2268 2702 2644 2768 discernatur;
2690 2713 2799 2757 tum
2852 2714 3036 2757 notam
3085 2702 3224 2757 hanc
3273 2716 3339 2757 ac
3402 2701 3639 2772 regulam
3673 2700 3728 2754 ad
3751 2699 3798 2770 id

2268 2796 2451 2849 utilem
2486 2797 2773 2867 proponit;
2807 2797 3239 2867 quotiescunque
3277 2793 3345 2848 de
3392 2792 3711 2856 Jerusalem,
3736 2793 3797 2844 vel

2267 2865 2599 2951 Judzea,ivel
2626 2865 2857 2953 Israele,
2893 2886 2975 2941 vel
3009 2886 3180 2940 Jaeob
3228 2885 3601 2940 vaticinantur
3639 2880 3798 2952 aliquid

2268 2978 2558 3047 prophetae,
2612 2979 2713 3033 hoc
2770 2994 2835 3034 ex
2874 2978 3041 3047 ipsius
3081 2977 3231 3032 Pauli
3287 2975 3540 3032 instituto
3586 2976 3647 3030 ad
3673 2976 3799 3030 ctele-

2275 3069 2462 3125 lestem
2508 3069 2833 3138 Jerusalem,
2878 3070 2959 3126 vel
3006 3070 3267 3136 Iudaeam,
3326 3071 3415 3127 ve!
3461 3067 3804 3136 lsraelem,vct

2192 3179 2236 3238 α
2269 3160 2436 3217 Jacob
2479 3163 2771 3234 anagogice
2831 3178 2953 3218 esse
2997 3163 3378 3228 referendum;
3426 3173 3477 3218 et
3522 3162 3631 3233 pari
3676 3162 3803 3215 etiam

2270 3253 2430 3307 modo
2451 3267 2785 3324 qutecunque
2815 3255 2880 3308 de
2922 3252 3157 3324 Algypto
3181 3290 3201 3315 τ
3230 3252 3507 3323 Babylone
3526 3292 3542 3318 ,
3598 3253 3726 3325 Tyro
3762 3262 3801 3307 ct

2271 3343 2471 3399 Sidone
2518 3344 2777 3414 prmdicta
2818 3353 2945 3399 sunt
2976 3360 2991 3397 :
3024 3359 3145 3399 eum
3180 3344 3231 3398 in
3266 3345 3411 3399 coelo
3454 3344 3555 3400 loci
3590 3345 3689 3399 sint
3721 3355 3804 3399 ter-

2270 3434 2415 3491 renis
2439 3435 2556 3491 iStis
2582 3439 2957 3506 cognomines,
2992 3451 3056 3491 ac
3089 3436 3329 3491 locormu
3367 3421 3595 3491 istoium
3631 3434 3807 3493 incoic.

2271 3529 2465 3585 anima!
2509 3530 2776 3585 videlicet.
2836 3530 3074 3598 Denique
3128 3528 3310 3585 multis
3380 3530 3709 3601 interposrtis
3747 3530 3805 3580 sic

2270 3620 2542 3675 concludit
2573 3637 2587 3674 :
2629 3638 2647 3670 ι
2683 3618 2819 3675 Sunt
2843 3620 3085 3688 quaedam
3114 3635 3346 3690 quorum
3380 3620 3806 3691 significationem

2269 3706 2486 3777 praprie
2519 3704 2700 3760 nullus
2723 3707 2943 3761 omnino
2977 3718 3157 3777 potest
3194 3710 3447 3763 humana:
3499 3704 3685 3779 lingua:
3722 3721 3808 3761 ser-

2270 3798 2525 3853 monibus
2555 3796 2847 3867 OXplicare,
2884 3799 2977 3853 sed
3003 3798 3332 3867 simpliciore
3357 3799 3533 3870 magis
3556 3798 3810 3859 intellectu,

2269 3905 2435 3961 quam
2482 3890 2608 3945 ullis
2663 3890 2953 3947 verborum
3006 3891 3433 3962 preprietatibus
3481 3893 3808 3949 declarantur.

2269 3982 2353 4035 Ad
2385 3997 2546 4051 quant
2584 3978 2822 4052 regulam
2862 3982 3026 4037 etiam
3060 3983 3370 4038 divinarum
3403 3984 3707 4040 litterarum
3744 3981 3807 4035 in-

2273 4074 2565 4145 telligentia
2595 4075 2877 4130 retinenda
2903 4085 3015 4142 est,
3038 4091 3153 4145 quo
3174 4077 3384 4132 scilicet
3422 4093 3486 4134 ea
3511 4093 3630 4148 quae
3659 4077 3809 4130 dicun-

2272 4174 2375 4232 tur,
2422 4181 2529 4221 non
2567 4181 2664 4236 pro
2691 4166 2929 4220 utilitate
2959 4168 3259 4232 sermonis,
3294 4169 3395 4223 sed
3442 4185 3545 4238 pro
3571 4166 3812 4221 divinitate

2269 4257 2440 4313 sancti
2475 4257 2731 4327 Spiritus,
2780 4258 2870 4327 qui
2907 4272 2999 4313 cas
3046 4259 3320 4315 conscribi
3368 4259 3811 4331 inspiravit,cen-

2268 4359 2513 4405 εοίιιιιιιι.
2546 4369 2565 4402 ι

2338 4440 2422 4495 Ill.
2458 4440 2668 4511 (57°57)
2698 4441 2906 4499 Primus
2934 4440 3073 4498 hunc
3098 4442 3529 4512 interpretanda:
3561 4443 3813 4511 Scriptum

3328 4534 3537 4589 Scribit
3592 4532 3811 4588 Eusebius

2273 4622 2369 4676 lib.
2420 4637 2456 4675 II
2504 4620 2647 4676 Hist.
2695 4623 2903 4689 ecclcs.,
2952 4637 3073 4692 cap.
3105 4623 3192 4688 Π,
3225 4622 3394 4678 tnulta
3459 4624 3731 4679 Philonem
3768 4621 3813 4675 de

2274 4709 2630 4783 Therapeutis
2656 4715 2770 4785 (qui
2815 4725 3007 4770 ascetae
3041 4725 3197 4769 erant
3227 4714 3525 4769 Christiani
3563 4712 3811 4788 Aigyptum

2274 4805 2593 4876 incolentes)
2624 4820 3088 4867 commemorare:
3126 4807 3220 4861 scd
3253 4806 3384 4861 illud
3425 4809 3727 4878 prmeipuc,
3755 4817 3812 4859 to-

2274 4912 2356 4956 tos
2390 4900 2443 4955 in
2483 4901 2831 4955 meditatione
2864 4899 3219 4970 philosophice
3256 4899 3375 4955 dies
3418 4902 3707 4955 traducere
3748 4912 3811 4952 sn-

2276 4994 2428 5045 litum
2462 4990 2627 5046 fuisse
2671 4991 2821 5061 ipsis,
2870 5001 2925 5045 ct
2966 4991 3016 5044 in
3073 4995 3361 5060 praeceptis
3404 4989 3693 5062 sapientiae
3740 4988 3815 5044 sibi

2277 5083 2489 5138 traditis
2538 5082 2826 5151 allegorice
2872 5080 3247 5150 explicandis;
3283 5081 3491 5152 quippe
3546 5084 3637 5152 qui
3687 5080 3813 5135 verba

2273 5173 2650 5228 existimarent
2675 5172 2827 5241 signa
2854 5186 2977 5227 esse
3010 5186 3188 5226 rerum
3214 5171 3553 5240 abditarum,
3579 5188 3695 5243 qua:
3717 5170 3812 5224 alle-

2271 5266 2546 5333 goriarum
2578 5280 2679 5335 ope
2704 5265 2811 5319 sint
2833 5264 3082 5319 erueiidze
3113 5281 3127 5317 :
3160 5274 3324 5334 atque
3348 5267 3491 5321 hanc
3524 5281 3685 5336 porro
3715 5278 3812 5319 con-

2270 5354 2611 5410 suetudinem
2635 5355 3006 5420 'l‘herapeutas
3033 5352 3152 5408 illos
3176 5369 3203 5406 a
3231 5353 3535 5423 majoribus
3557 5355 3816 5426 accepisse,

2269 5447 2316 5499 οἳ
2346 5447 2438 5517 τῆς
2469 5447 2730 5519 αἱρέσεως
2760 5432 2961 5500 τούτὼν
2994 5446 3292 5518 ἀρχηγέται
3323 5449 3613 5519 γενόμενοι
3634 5488 3657 5513 ν
3678 5445 3812 5501 πολλὰ

2361 5588 2629 5647 “Matth.
2674 5604 2730 5655 κ,
2767 5588 2855 5644 ιο.
2931 5590 2979 5621 το
3021 5588 3210 5644 Matth.
3242 5604 3297 5655 v,
3334 5588 3430 5645 se.
3512 5591 3559 5623 τ’
3599 5584 3814 5645 ῑυίάοεοο

662 5767 880 5841 (ιΐξῖδῦτ)Δ
912 5767 1122 5841 Primus
1152 5771 1287 5821 hunc
1312 5770 1720 5838 interpretamur
1760 5768 2046 5841 Scnptura:
2098 5784 2291 5826 morem
2336 5770 2585 5841 Origenes
2624 5785 2721 5824 non
2764 5769 2978 5824 invexit.
3023 5767 3577 5840 Vidc‘Pr'agfationcm
3608 5767 3726 5825 rami
3752 5776 3814 5818 se-

593 5834 773 5900 cundi,
804 5834 902 5891 sub
934 5838 1115 5905 linem,
1154 5841 1385 5895 articulo
1410 5834 1464 5895 δ’.
