4068 6308
340 333 472 415 tos!
564 320 567 325 ’

1181 330 1755 407 GnteENtANoriun
1798 346 1927 403 Lm.
1964 332 2031 414 ιι,
2072 342 2225 400 cap.
2268 328 2334 409 ιι,
2373 327 2650 410 quasi.
2694 328 2834 399 xui.

3460 330 3597 398 ιιι-ιο

342 458 582 545 μνημεῖα
614 462 715 545 τῆς
749 471 808 525 ἐν
856 460 965 537 ἑοῖς
1012 464 1495 545 ἆλληγορουμένοις
1553 474 1693 538 ἰδέας
1738 473 1921 529 ἀπέλι-

2031 486 2048 520 ι
2087 468 2189 539 Qui
2220 477 2275 523 et
2318 468 2540 522 idoneos
2596 483 2720 545 nos_
2745 466 2874 523 fecit
2930 465 3208 545 ministros
3232 446 3365 520 Novi
3396 440 3595 517 T'esm-

340 582 463 618 πον.
493 584 510 617 ι
535 552 637 632 Qui
661 552 1087 634 sectae-ipsorum
1108 578 1355 621 auctores
1379 568 1544 620 multa
1570 578 1917 621 monumenta

341 656 601 711 doctrina:
652 657 703 711 in
749 653 1023 726 allegoriis
1069 660 1260 727 posita:
1316 658 1670 728 reliquerunt.
1723 678 1740 711 ι
1804 657 1918 714 Hoc

340 745 515 817 ipsum
547 742 748 803 clarius
786 736 1064 803 Philonem
1090 747 1173 803 his
1210 751 1391 803 verbis
1423 760 1668 818 repetere
1708 750 1786 804 ait
1820 750 1920 803 ali-

339 839 538 908 quibus
581 839 877 909 interiectis
908 837 1171 893 Eusebius
1208 855 1222 891 :
1275 841 1339 893 At
1372 839 1428 891 δὲ
1479 839 1767 911 ἐξηγήσεις
1809 839 1916 895 τῶν

340 929 500 999 ἱερῶν
550 928 893 1001 Γραμμὰτων
940 940 1177 998 γινονται
1224 930 1409 994 αὐτοῖς
1444 930 1508 983 δι’
1544 930 1807 997 ὑπονοιῶν
1858 932 1916 984 ἐν

338 1019 706 1094 ἀλληγορίαις.
759 1021 979 1074 Ἀπασα
1031 1020 1140 1093 γὰρ
1185 1022 1217 1093 ἡ
1268 1003 1558 1091 νομοθεσίοι
1612 1012 1760 1075 δοκεῖ
1804 1007 1915 1087 τοῖς

338 1111 561 1185 ἀνδράσι
586 1111 793 1175 τούτοις
833 1112 1067 1165 ἐοικέναι
1117 1110 1266 1183 ζώῳ·
1301 1112 1396 1165 καὶ
1429 1111 1589 1183 σῶμα
1627 1114 1723 1183 μὲν
1767 1113 1911 1185 ἔχειν

337 1204 436 1269 τὰς
470 1204 637 1276 ῥητὰς
682 1202 876 1269 λέξεις,
923 1204 1098 1277 ψυχὴν
1138 1204 1194 1257 δὲ
1225 1204 1313 1259 τὸν
1344 1192 1763 1277 ἐναποκείνμενον
1795 1192 1914 1270 ταῖς

338 1297 545 1364 λέξεσιν
581 1296 814 1369 ἀόρατον
839 1280 985 1350 νοῦν.
1021 1316 1038 1347 ι
1067 1298 1496 1367 Interpretantur
1523 1310 1699 1352 autem
1729 1314 1914 1353 sacras

336 1392 644 1460 Scripturas
671 1391 896 1459 ﬁgurate
938 1405 1035 1459 per
1072 1374 1385 1459 allegorias.
1420 1390 1684 1446 Universa
1712 1391 1913 1461 quippe

337 1483 422 1538 lex
454 1483 585 1537 viris
632 1472 739 1536 illis
778 1480 995 1535 animali
1033 1480 1225 1535 similis
1251 1486 1377 1536 esse
1407 1471 1619 1535 videtur
1657 1498 1670 1536 :
1711 1492 1767 1537 et
1800 1497 1916 1535 cor-

335 1590 436 1645 pus
462 1562 683 1644 quid'em
738 1574 853 1643 ipsa
882 1588 1001 1628 esse
1053 1562 1238 1642 verba,
1288 1574 1525 1628 animam
1573 1582 1750 1628 autem
1793 1589 1914 1630 esse

334 1666 742 1722 delitescentem
784 1675 839 1718 et
885 1652 1153 1721 occultum
1206 1681 1463 1730 sensum,
1507 1650 1603 1736 qui
1644 1667 1910 1736 aspectari

336 1772 442 1811 non
466 1765 660 1825 potest.
698 1774 717 1807 ι
754 1744 924 1821 Quam
953 1743 1363 1811 similitudinem
1400 1756 1666 1825 Origenes
1695 1773 1911 1830 quoque

335 1848 636 1918 usurpavit,
690 1856 748 1901 ut
788 1848 1043 1918 superius
1089 1849 1293 1902 dictum
1333 1857 1434 1903 est.
1469 1849 1658 1919 Itaque
1686 1849 1729 1907 si
1763 1864 1911 1908 stare

334 1942 566 1995 velimus
589 1941 639 1994 id
663 1943 804 2010 quod
832 1941 1022 1995 scribit
1058 1943 1122 1994 de
1155 1940 1376 1996 Philone
1411 1940 1637 2003 PhOtius
1667 1947 1788 2001 cod.
1821 1962 1910 2012 ον,

349 2019 543 2115 TIS-0‘5,
575 2029 725 2114 οἶμαι
743 2071 757 2096 ,
782 2033 875 2086 καὶ
905 2035 1012 2099 πᾶς
1039 2034 1066 2086 ὁ
1097 2034 1452 2111 ἀλληγορικὸς
1486 2039 1581 2111 τῆς
1603 2038 1824 2110 Γραερἧς
1853 2040 1911 2093 ἐν

334 2127 405 2194 τῇ
446 2124 740 2195 Ἐκκλησξᾳ
761 2124 1103 2199 λόγος’ἐσχεν
1133 2132 1306 2202 ἀρχὴν
1330 2132 1633 2201 εἰσρυῆναι.
1670 2148 1689 2183 ι
1722 2131 1797 2185 Ex
1824 2146 1910 2195 eo,

336 2216 549 2286 Opinor,
598 2217 780 2275 omnis
828 2216 1114 2291 allegorica
1153 2223 1447 2290 Scriptum:
1490 2222 1912 2291 interpretanda:

338 2309 477 2364 ratio
502 2309 555 2366 in
576 2310 873 2370 Ecclesiam
900 2315 1133 2369 irruendi
1163 2316 1351 2370 habuit
1376 2316 1588 2369 initium
1609 2332 1631 2379 ;-
1655 2335 1674 2368 ›
1699 2326 1753 2371 et
1767 2318 1912 2387 quod

337 2399 415 2457 ait
440 2390 1165 2469 Bellarminus,Testamenti
1191 2404 1403 2461 Veteris
1441 2405 1751 2476 Scripturas
1787 2406 1915 2462 Phi-

341 2497 518 2551 Ionem
543 2498 776 2567 primum
801 2500 1141 2568 exposuisse,
1167 2498 1239 2552 ita
1266 2498 1648 2567 accipiendum
1678 2508 1779 2563 est,
1806 2500 1916 2568 pri-

340 2606 487 2644 mum
517 2605 703 2645 eorum
728 2606 849 2646 esse
880 2589 1178 2655 Philonem,
1206 2605 1435 2661 quorum
1457 2591 1824 2659 expositiones
1857 2592 1912 2647 in

337 2679 746 2736 Testamentum
778 2682 946 2737 Vetus
990 2682 1057 2736 ad
1103 2682 1243 2736 hanc
1275 2690 1485 2735 aetatem
1531 2692 1915 2749 pervenerunt.

336 2773 470 2829 Cum
501 2784 711 2830 veteres
745 2776 1221 2844 ergotherapeuta:
1237 2775 1499 2843 majorum
1519 2790 1740 2830 suorum
1764 2776 1917 2830 insti-

340 2876 450 2921 tuta
467 2876 855 2937 persequentes
870 2866 1211 2938 Scripturam
1240 2868 1547 2939 a'llegoricis
1581 2869 1918 2937 explanatio-

340 2961 497 3015 nibus
517 2960 876 3026 illustrarent,
903 2964 1043 3015 hanc
1067 2961 1133 3014 ab
1155 2960 1259 3015 illis
1280 2962 1727 3016 consuetudinem
1754 2975 1912 3016 acce-

339 3053 481 3117 pisse
506 3053 784 3109 Philonem
815 3053 987 3122 ipsum
1016 3053 1302 3110 verisimile
1317 3064 1422 3120 est,
1450 3052 1601 3121 cujus
1630 3053 1915 3109 luculenta:

2024 561 2338 623 menti,non
2364 559 2579 626 litterae,
2621 542 2720 615 sed,
2749 559 2973 629 spiritus
3008 577 3022 613 :
3058 543 3239 613 littera
3286 555 3429 610 enim
3456 554 3600 608 occi-

2020 652 2116 717 dit,
2175 653 2396 722 spiritus
2446 663 2627 707 autem
2678 648 2959 706 virilicat:
3002 669 3020 701 ι
3054 644 3109 704 et
3161 650 3369 719 reliquo
3421 644 3599 715 capite

2019 758 2084 799 ac
2135 745 2426 814 sequenti,
2481 759 2550 798 ex
2604 757 2712 813 quo
2746 742 2876 797 illud
2924 741 3195 812 praecipue
3244 739 3595 811 usurpabat:

2024 854 2043 887 ι
2088 835 2362 891 llabemus
2400 845 2580 890 autem
2619 837 2933 890 thesaurum
2966 837 3126 887 istum
3159 834 3212 887 in
3242 834 3383 889 vasis
3413 834 3597 889 ﬁctili-

2016 927 2120 983 bus
2162 918 2213 960 "
2244 945 2259 981 :
2308 946 2326 979 ι
2370 936 2423 981 ct
2452 923 2553 982 hoc
2600 932 2764 981 etlam
2800 913 2967 982 eCol.
2995 943 3058 992 ιι,
3095 926 3178 993 l6,
3214 926 3277 981 l7
3309 942 3323 978 :
3367 944 3385 978 ι
3426 926 3595 983 Nemo

2016 1035 2145 1090 ergo
2191 1034 2287 1074 vos
2316 1014 2527 1089 judicet
2564 1018 2615 1072 in
2648 1014 2769 1075 cibo
2808 1028 2898 1073 aut
2935 1014 2987 1073 in
3020 1016 3172 1089 potu,
3220 1013 3312 1073 aut
3346 1018 3400 1073 in~
3444 1029 3596 1089 parte

2016 1113 2118 1166 tliei
2144 1154 2160 1177 ,
2209 1122 2301 1166 aut
2334 1106 2666 1178 neomeuim’,
2705 1111 2798 1166 au‘t
2852 1096 3211 1167 SabbatorUm
3252 1128 3266 1166 :
3303 1115 3425 1181 qua:
3473 1124 3597 1166 sunt

2016 1206 2206 1259 umbra
2235 1194 2565 1269 futurorum,
2593 1219 2791 1274 corpus
2832 1213 3012 1259 autem
3054 1205 3278 1267 Christi,
3311 1224 3328 1256 ι
3367 1203 3596 1273 aliisque

2015 1296 2217 1363 multis,
2246 1310 2365 1365 qua:
2406 1283 2497 1351 lib.
2534 1312 2587 1351 tv
2644 1280 2718 1351 De
2771 1282 2975 1366 princip
3007 1337 3021 1362 ,
3062 1312 3178 1363 cap.
3215 1296 3270 1363 2,
3310 1297 3476 1350 etlib.
3542 1312 3595 1350 tv

2015 1396 2184 1441 contr.
2219 1378 2380 1454 Cela,
2409 1405 2560 1443 num.
2591 1388 2685 1456 44,
2733 1390 3050 1444 recitantur.
3083 1389 3351 1444 Nonnulla
3377 1403 3594 1459 quoque

2014 1462 2276 1549 Joannes,
2312 1469 2570 1537 nonnulla
2602 1484 2763 1539 etiam
2790 1465 3040 1539 Christus
3069 1485 3323 1539 Domitius
3344 1485 3408 1537 ad
3457 1471 3593 1539 alle-

2014 1588 2219 1641 gortam
2274 1576 2536 1628 trahenda
2591 1576 2816 1630 docuit:
2856 1575 3053 1645 quibus
3109 1560 3368 1644 exemplis
3416 1564 3588 1632 fretus

2014 1664 2274 1736 Origenes
2303 1668 2355 1724 in
2387 1667 2677 1740 allegorias
2700 1661 2911 1741 poterat
2943 1682 3261 1732 excurrere,
3292 1669 3335 1726 si
3364 1668 3585 1727 modum

2020 1759 2301 1817 tenuisset.
2349 1761 2419 1817 At
2461 1746 2653 1818 Celsus
2695 1764 2959 1832 ejusmodi
3009 1760 3482 1832 interpretationes
3536 1761 3587 1817 in

2015 1855 2341 1911 calumniam
2381 1856 2657 1923 trahebat,
2679 1872 2800 1911 cum
2834 1858 3038 1913 diceret
3062 1840 3225 1910 multa
3255 1858 3310 1910 in'
3338 1856 3585 1926 Scriptu-

2016 1949 2092 2003 ris
2141 1948 2329 2002 haberi
2359 1948 2633 2003 honestati
2678 1966 2887 2005 morum
2936 1966 3125 2019 parum
3175 1958 3588 2015 consentanea,

2014 2039 2192 2109 iisque
2236 2039 2615 2110 allegoriarum
2664 2050 2981 2111 praetextum
3019 2057 3049 2096 a
3098 2023 3302 2098 Iudaeis
3344 2051 3401 2097 et
3431 2042 3592 2098 Chri-i

2015 2129 2210 2186 stianis
2260 2130 2509 2185 consulto
2545 2132 2789 2195 obtendi,
2820 2148 2942 2187 cum
2990 2148 3203 2188 omnem
3261 2144 3440 2190 tamen
3471 2136 3594 2191 alle-

2016 2224 2221 2292 goriam
2254 2236 2593 2294 respuerent,
2619 2240 2683 2280 ac
2706 2241 2868 2280 mera:
2894 2214 3077 2280 essent
3097 2210 3315 2283 fabulae.
3347 2227 3594 2298 Respon-

2017 2315 2108 2369 det
2142 2314 2403 2385 Origenes
2433 2317 2485 2371 in
2519 2332 2638 2372 eam
2669 2319 3019 2383 sententiam,
3040 2320 3299 2388 quasdam
3337 2320 3593 2377 historias

2017 2404 2335 2462 historicum
2361 2407 2649 2478 complecti
2683 2423 2925 2473 sensum,
2961 2411 3223 2478 quasdam
3260 2410 3439 2465 dedita
3461 2426 3594 2478 ope-

2018 2512 2078 2551 ra
2113 2499 2179 2552 ad
2210 2498 2261 2553 id
2286 2513 2406 2553 esse
2437 2501 2690 2567 scriptas,
2731 2511 2787 2554 ut
2815 2499 3099 2571 allegorice
3131 2501 3593 2570 interpretentur:

2017 2590 2103 2643 cui
2150 2589 2333 2645 multis
2382 2590 2676 2659 Scripturae
2717 2589 2848 2646 locis
2899 2592 3056 2646 ﬁdem
3091 2591 3244 2648 facit.
3281 2593 3417 2648 Tum
3462 2596 3590 2665 quia

2016 2679 2296 2748 adjecerat
2338 2680 2526 2737 Celsus
2553 2684 2895 2752 conscriptas
2938 2684 2991 2737 in
3019 2684 3186 2739 libros
3239 2700 3424 2741 sacros
3454 2687 3588 2742 alle-

2016 2773 2198 2843 gorias
2225 2782 2411 2844 turpes
2456 2789 2576 2829 esse
2600 2784 2655 2829 et
2690 2775 2974 2839 absurdas,
3008 2777 3187 2831 hocin
3219 2776 3466 2833 Philonis
3506 2780 3597 2834 vel

2014 2864 2308 2921 Aristobuli
2336 2870 2757 2922 commentarios
2783 2865 2990 2937 jactum
3036 2870 3346 2938 suspicatur
3389 2869 3585 2939 Orige-

2016 2974 2111 3013 nes
2131 2958 2199 3013 ab
2229 2959 2439 3028 impuro
2463 2959 2706 3029 sophista
2733 2998 2749 3025 ,
2780 2960 3032 3030 quamvis
3066 2968 3230 3014 multa
3261 2962 3384 3015 inde
3412 2962 3596 3018 Graeci

2014 3049 2316 3119 philosophi
2362 3066 2488 3107 suos
2534 3051 2586 3106 in
2635 3066 2765 3106 usus
2811 3052 3181 3122 excerpserint
3217 3072 3243 3108 :-
3265 3052 3587 3110 Numenium

342 3146 393 3200 in
418 3144 751 3215 Scripturatn
776 3145 1041 3216 allegoria:
1070 3153 1379 3215 supersunt.
1401 3144 1743 3200 Aristobulus
1770 3160 1909 3215 quo-

2016 3155 2232 3208 quoque
2256 3140 2677 3212 Pythagoreum,
2700 3142 2969 3214 πολλαχοῦ
2997 3143 3104 3198 τῶν
3140 3148 3589 3218 συγγραμμάτων

337 3251 445 3305 que
471 3235 687 3291 Judmus
721 3235 944 3291 Philone
970 3237 1232 3291 vetustior
1262 3238 1681 3293 commentariis
1713 3239 1828 3293 suis
1856 3238 1910 3293 in

338 3326 761 3381 Pentateuchum
787 3325 1007 3397 Moysis,
1036 3326 1322 3395 allegorias
1339 3327 1657 3382 inseruerat.
1683 3330 1751 3382 At
1780 3327 1913 3383 Por-

338 3419 565 3488 phyrius
610 3420 748 3487 apud
778 3420 1026 3474 eumdem
1095 3418 1384 3473 Eusebium
1436 3419 1529 3473 lib.
1576 3434 1625 3473 Vl
1680 3418 1908 3485 Histor.,

336 3526 457 3581 cap.
495 3511 587 3577 l9,
608 3507 773 3566 refert
798 3509 1086 3582 Origenem
1118 3526 1181 3565 ex
1209 3511 1422 3565 assidua
1454 3494 1713 3566 librorum
1750 3510 1909 3566 Clite-

337 3603 577 3658 remonis
612 3603 829 3668 Stoici,
874 3612 931 3657 et-
973 3602 1196 3657 Coruuti
1241 3602 1602 3668 tractatione,
1655 3604 1908 3658 haustum

336 3694 483 3749 hunc
536 3694 917 3766 allegoriarum
976 3695 1190 3748 modum
1226 3695 1291 3749 ad
1348 3692 1662 3763 Scripturas
1719 3708 1907 3750 sacras

338 3788 699 3842 transtulisse.
735 3778 844 3842 Cur
873 3802 976 3841 non
1003 3798 1058 3841 et
1091 3799 1157 3841 eo
1189 3786 1474 3856 impulsum
1504 3787 1678 3841 dicam
1710 3785 1908 3841 Metro-

335 3880 453 3935 dori
510 3878 864 3950 Lampsaceni
893 3878 1177 3947 exemplo,
1206 3893 1364 3947 quem
1413 3887 1599 3933 narrat
1648 3877 1907 3935 Tatianus

338 3982 515 4027 totum
542 3971 908 4027 Homerum-in
936 3970 1219 4038 aliegorias
1248 3974 1494 4036 traxisse,
1524 3981 1580 4026 et
1606 3970 1908 4026 Heraclidis

334 4056 551 4120 Pontici
570 4065 979 4121 llomericarum
997 4063 1381 4133 allegoriarum
1398 4064 1719 4134 scriptoris?
1744 4061 1912 4132 Equi-

335 4160 457 4214 dem
512 4168 708 4228 prater
758 4159 1037 4228 superiora
1084 4160 1310 4215 Paulum
1365 4158 1635 4228 praecipue
1687 4156 1906 4225 Origeni

320 4262 617 4307 auctorem
642 4250 806 4306 fuisse
827 4266 1045 4314 censeo,
1076 4266 1173 4307 cur
1198 4251 1519 4320 allegoricas
1543 4250 1909 4319 expositiones

337 4355 688 4401 sectaretur:
728 4345 774 4399 is
820 4360 1053 4413 namque
1092 4345 1144 4399 in
1186 4343 1422 4413 Epistola
1465 4341 1530 4395 ad
1564 4340 1785 4397 Galatas
1813 4356 1912 4411 per

335 4437 656 4507 allegoriam
693 4437 834 4491 dicta
853 4435 1059 4500 sciscit,
1088 4451 1208 4505 qua:
1239 4437 1292 4505 in
1324 4435 1601 4505 Scriptura
1635 4434 1702 4488 de
1725 4432 1908 4488 lsaaco

2012 3234 2172 3286 αὐτοῦ
2210 3234 2551 3305 ὲκτιθέμενον
2606 3235 2675 3288 τὰ
2702 3236 2977 3300 Μωῦσέως
3005 3237 3099 3290 καὶ
3119 3238 3228 3291 τῶν
3274 3240 3588 3311 προφητῶν,

2012 3326 2106 3378 καὶ
2130 3326 2229 3377 οὐκ
2261 3324 2538 3389 ἀπιθάνως
2560 3325 2713 3379 aia-cdt-
2745 3327 3196 3397 τροπολογοῦντα.
3253 3330 3429 3398 Atque
3476 3334 3590 3387 lucc

2010 3417 2337 3471 Adamantio
2382 3418 2451 3471 ad
2510 3419 2970 3485 interpretandam
3018 3419 3307 3489 allegorice
3339 3421 3587 3492 Scriptu~

2011 3524 2125 3562 ram
2160 3508 2417 3563 alluxisse
2448 3508 2629 3564 facem
2655 3511 2885 3579 reperio.
2919 3510 3049 3576 Quo.
3084 3528 3205 3566 eum
3245 3514 3409 3567 etiam
3454 3519 3581 3583 per-

2012 3601 2147 3668 pulit
2177 3600 2463 3669 praebitas
2498 3599 2773 3657 Marciane
2806 3604 3020 3658 occasio
3047 3642 3062 3667 ,
3108 3604 3368 3674 pestifero
3417 3607 3590 3661 Interea

2013 3693 2141 3757 tico,
2163 3693 2381 3761 quicum
2400 3695 2674 3763 perpetuis
2708 3695 3109 3750 velitationibus
3137 3695 3585 3754 conﬂictabatur:

2012 3785 2059 3839 is
2091 3784 2234 3838 enim
2260 3798 2391 3838 cum
2426 3784 2714 3855 allegorias
2741 3801 2771 3841 a
2818 3785 3118 3855 Scriptura:
3154 3789 3589 3856 expositionibus

2011 3876 2229 3946 penitus
2258 3877 2596 3942 excluderet,
2633 3878 2750 3945 eius
2773 3879 3118 3948 oppugnandi
3155 3879 3337 3933 studio
3365 3891 3590 3935 contra-‘

2012 3968 2091 4021 ria
2121 3968 2302 4022 omnia
2333 3979 2555 4024 secutus
2587 3979 2694 4033 est,
2725 3970 3106 4041 allegoriisque
3135 3974 3384 4027 consultu
3408 3974 3589 4028 indul-

2010 4059 2109 4114 sit.
2126 4059 2279 4127 Quod
2310 4069 2364 4115 et
2393 4062 2670 4117 adversus
2692 4061 2889 4119 litterae
2934 4072 3232 4121 sectatores
3257 4063 3459 4120 laetum
3511 4068 3582 4122 al)

2010 4165 2077 4205 eo
2105 4152 2380 4222 conjicere
2408 4153 2534 4208 licet
2556 4169 2625 4211 ex
2657 4154 2723 4209 iis
2746 4169 2869 4225 quae
2906 4156 3129 4211 humilia
3167 4157 3342 4222 Μνὶη
3367 4157 3585 4217 Levitis";

2010 4244 2125 4313 ipse
2150 4245 2498 4314 conscripsit.

2080 4334 2169 4388 ιν.
2198 4336 2311 4407 (~58)
2328 4335 2589 4391 Attamen
2606 4339 2917 4394 accuratius
2944 4339 3145 4411 scripta
3171 4340 3288 4410 eius
3314 4341 3587 4398 evolventi

2011 4427 2178 4482 multa
2209 4438 2532 4492 occurrent,
2554 4429 2604 4483 in
2645 4430 2841 4499 quibus
2861 4446 3014 4486 suam
3041 4432 3236 4487 litterae
3264 4433 3582 4502 dignitatem

333 4539 389 4582 et
416 4528 659 4592 lsmaele,
703 4527 805 4581 hoc
833 4542 901 4581 cx
925 4527 1119 4581 ancilla
1153 4538 1314 4593 nato,
1339 4525 1430 4580 illo
1467 4540 1498 4579 e
1527 4524 1719 4587 libera,
1751 4538 1903 4577 com-
1935 4525 1980 4579 D
2011 4526 2210 4582 servat,
2247 4528 2302 4574 et
2340 4520 2407 4574 de
2450 4536 2510 4574 ea
2537 4536 2691 4589 aequa
2722 4538 2784 4577 ac
2818 4532 2968 4577 recta
3000 4523 3224 4587 scribit;
3262 4524 3585 4582 historicum

337 4633 725 4677 memorantur.
747 4619 873 4676 lnde
890 4620 1149 4691 Origenes
1178 4620 1273 4675 lib.
1302 4634 1355 4673 tv
1371 4629 1537 4673 contr.
1567 4615 1730 4681 (ialm,
1754 4632 1905 4671 num.

331 4713 399 4767 44
450 4731 463 4766 :
505 4713 742 4783 Νύμφας
794 4729 851 4766 τε
894 4712 988 4765 καὶ
1029 4708 1414 4783 θεραπαινίδας
1476 4707 1774 4777 ἀνάγεσθαι.
1806 4709 1906 4762 ἐπὶ

332 4806 693 4876 τροπολογίαν
720 4805 1003 4875 οὐχήμεῖς
1028 4803 1370 4873 διδάσκομεν,
1420 4800 1531 4854 ἀλλ’
1561 4799 1767 4854 ἄνωθεν
1796 4800 1907 4853 ἀπὸ

335 4894 513 4963 σοφῶν
552 4894 964 4965 παρειλήφαμεν
986 4911 999 4923 ·
1031 4887 1104 4948 ὧν
1138 4887 1215 4956 εἷς
1249 4909 1332 4957 τις
1377 4891 1584 4961 ἔφασκε
1627 4891 1909 4962 διεγείρων

332 4987 423 5041 τὸν
444 4987 824 5058 ἀκροάτηννὲπὶ
848 4984 1199 5057 τροπολογίας
1216 5002 1231 5017 ο
1259 4982 1459 5052 Λέγετέ
1497 4999 1606 5053 μοι,
1636 4982 1685 5035 οἱ
1703 4979 1799 5034 τὸν
1824 4980 1910 5032 νό-

336 5096 437 5151 μον
467 5076 948 5148 ἁναγινὼσκοντες,
999 5078 1091 5132 τὸν
1122 5077 1285 5148 νόμον
1322 5076 1427 5129 οὐκ
1466 5072 1731 5137 ἀκούετε;
1784 5087 1905 5141 qua:

333 5173 497 5227 verba
531 5173 800 5229 habentur
815 5171 935 5227 Gal.
970 5184 1047 5235 tv,
1071 5169 1165 5225 21.
1195 5169 1383 5237 Itaque
1409 5166 1690 5220 arcessitis
1712 5180 1743 5220 e
1767 5164 1906 5218 Pau-

334 5266 388 5322 lo
418 5265 742 5322 testimoniis
763 5263 1049 5333 allegorias
1081 5276 1206 5318 suas
1235 5260 1377 5316 tueri
1395 5266 1761 5314 consueverat
1781 5255 1905 5312 Ori-

328 5375 529 5434 genes;
580 5358 726 5412 velut
777 5356 869 5411 illo
919 5353 1073 5410 Pauli
1107 5368 1137 5408 e
1168 5352 1202 5413 ,l
1244 5353 1370 5407 Cor.
1399 5367 1458 5416 χ,
1484 5351 1561 5419 4;:
1590 5367 1608 5403 ι
1638 5348 1906 5403 Βιὺθὺιιιιι

326 5463 511 5508 autem
563 5451 631 5505 de
678 5448 903 5519 spiritali
939 5453 1308 5513 consequente
1360 5456 1455 5499 eos
1502 5453 1690 5511 petra;
1748 5450 1902 5510 petra

328 5556 509 5601 autem
544 5552 663 5597 erat
706 5540 994 5597 Christus:
1039 5556 1061 5590 ι
1114 5545 1171 5593 et
1216 5536 1322 5591 isto
1367 5551 1425 5605 e.
1453 5535 1497 5589 Il
1535 5534 1667 5589 Cor.
1712 5549 1794 5601 ιιι,
1826 5534 1859 5587 6
1886 5549 1912 5586 τ

371 5661 445 5691 ἠ
473 5659 518 5713 ll.
549 5656 768 5721 Contr,
797 5655 882 5711 7‘.’

401 5773 513 5845 (7.8)
577 5778 819 5825 Attamen
855 5770 1174 5847 accuratius
1224 5768 1418 5847 scripta
1471 5766 1612 5847 ejus_
1644 5763 1895 5847 evolventi

328 5837 815 5917 nm‘tta‘occurrsnt,
931 5843 1114 5917 quibus
1138 5854 1310 5913 _suam
1342 5840 1549 5915 littere?
1581 5837 1887 5904 dignitatem

2014 4611 2066 4665 in
2097 4610 2362 4680 aliquibus
2392 4612 2679 4666 admittens
2702 4628 2919 4667 sensum
2945 4654 2960 4673 ,
2986 4614 3329 4682 allegoricu‘m
3356 4616 3405 4670 in
3449 4619 3584 4686 plu-‘

2013 4704 2184 4768 ribus,
2219 4704 2273 4757 in
2307 4703 2489 4758 multis
2512 4713 2815 4774 utrumque.
2844 4704 2981 4772 Quid
3005 4706 3254 4763 usitatius
3278 4708 3353 4761 illi
3381 4709 3446 4762 ad
3475 4721 3586 4778 μοι·

2012 4795 2194 4864 pulum
2229 4795 2528 4864 peroranti,
2568 4810 2729 4865 quam
2773 4798 3013 4867 mystice
3036 4799 3366 4867 expositioni
3416 4801 3587 4853 inters

2014 4886 2367 4956 pretationem
2388 4887 2579 4942 litterae
2592 4888 2756 4942 veluti
2775 4887 3184 4944 fundamentum
3201 4880 3589 4946 substernere?

2017 4976 2247 5032 llontilia
2283 4978 2495 5047 quidem
2534 4979 2713 5049 priore
2740 4980 2795 5033 in
2823 4976 3083 5047 Generim,
3115 4997 3262 5036 num.
3298 4982 3368 5034 Η·
3409 4991 3461 5037 et
3495 4984 3581 5050 15,

2014 5085 2232 5125 versum
2263 5070 2333 5127 2-7
2387 5081 2442 5127 et
2482 5070 2575 5134 9.8,
2603 5072 2763 5140 primi
2792 5073 2989 5144 capitis
3024 5074 3353 5139 edisserens,
3387 5075 3454 5129 ab
3485 5086 3590 5131 ex-‘

2012 5164 2327 5233 planatione
2355 5164 2545 5220 littera:
2576 5164 2891 5232 auspicatus
2910 5167 2980 5220 ad
3012 5165 3337 5235 allegoriam
3362 5170 3580 5223 transit.

2011 5254 2515 5326 Homiliasequenti
2554 5272 2702 5311 num.
2742 5258 2795 5323 Ι,
2824 5259 2984 5312 verba
3015 5256 3581 5314 facturusde'fabrica

2012 5340 2151 5403 arcti:
2180 5347 2415 5404 Noetica:
2439 5377 2462 5415 ,
2501 5368 2521 5402 ι
2556 5348 2737 5404 Primo
2765 5351 3004 5406 omnium
3028 5390 3043 5415 ,
3080 5350 3273 5418 inquit,
3302 5351 3592 5405 videamus

2011 5455 2131 5509 mue
2171 5443 2239 5498 de
2280 5451 2353 5497 ea:
2375 5442 2670 5498 secundum
2720 5441 2955 5497 litteram
2983 5440 3314 5507 referuntur,
3341 5452 3397 5497 et
3429 5455 3589 5513 qum-5

2011 5532 2221 5589 stiones
2254 5542 2621 5605 proponeutes
2656 5546 2779 5603 quae
2819 5528 2991 5601 obiici
3030 5546 3061 5586 a
3109 5530 3356 5602 pluribus
3383 5531 3595 5601 solent,-

2006 5771 2198 5847 θεν-ναῖ’,
2232 5772 2337 5847 etc.
2374 5759 2530 5836 Vide.
2551 5761 2929 5819 Przel'ationem
2962 5757 3101 5819 tomi
3133 5763 3305 5847 nostri
3330 5754 3591 5829 satiandi,-

1998 5833 2224 5921 articulo
2262 5834 2333 5904 8..
