4068 6308
523 330 653 428 ιοᾶι

1790 368 1848 422 P.
1894 367 2206 425 DANIEIJS
2246 371 2479 427 llllETll

3608 378 3743 431 {0T1

517 496 680 550 etiam
710 494 1075 550 absolutiones
1099 508 1286 549 earum
1322 507 1388 548 ex
1417 491 1500 547 his
1529 506 1648 561 qua:
1692 491 1847 546 nobis
1895 501 2022 546 sunt
2053 509 2081 543 ει
2114 499 2157 554 Α
2188 502 2245 546 ιιι
2279 495 2575 563 Scriptura:
2605 493 2673 548 de
2711 492 2778 547 iis
2808 492 3122 558 continent,
3153 492 3493 548 observanda
3535 504 3677 549 sunt.
3719 516 3737 548 ι

519 584 816 653 majoribus
834 585 1047 647 tradita,
1070 582 1448 653 requiramus;
1484 592 1541 637 ut
1567 598 1689 637 cum
1717 583 2083 654 hujuscemodi

518 675 869 731 fundamenta
889 676 1183 744 jecerimus
1206 714 1224 741 ,
1256 676 1325 729 ab
1359 675 1603 729 historiae
1635 684 1785 730 textu
1814 676 2087 745 possimus

518 767 811 822 ascendere
834 766 899 820 ad
921 766 1181 835 spiritalis
1208 765 1577 836 intelligentiae
1620 766 1909 837 mysticum
1932 776 1987 821 et
2010 766 2089 820 al-

519 856 812 927 legoricum
844 872 1062 913 sensum
1082 898 1099 923 ,
1125 866 1181 912 et
1207 857 1251 912 si
1277 859 1406 927 quid
1434 858 1489 912 in
1526 859 1606 913 eis
1629 873 1890 914 arcanum
1920 858 2088 913 conti-

518 960 699 1014 netur,
726 950 963 1018 aperire.
1002 968 1021 1001 ι
1052 947 1286 1003 Homilia
1323 947 1355 1001 7
1396 949 1451 1003 in
1501 948 1689 1004 Gcnes.
1723 948 1791 1004 de
1822 948 2009 1005 lsaaco
2034 959 2088 1005 et

519 1039 744 1095 lsmaele
776 1054 961 1110 agens.
1014 1039 1329 1108 Apostolum
1378 1050 1569 1094 narrat
1611 1040 1898 1111 allegorice
1928 1041 2087 1095 inter-

518 1130 831 1201 pretandam
860 1144 1046 1183 eorum
1068 1130 1341 1184 historiam
1363 1131 1672 1196 censuisse;
1706 1141 1816 1185 tttm
1836 1132 1912 1186 ait
1933 1147 2083 1186 num.

516 1222 553 1274 2
584 1240 595 1275 :
635 1240 653 1273 ι
683 1220 819 1287 Quid
848 1234 975 1288 ergo
1002 1221 1026 1274 ‘P
1070 1219 1218 1275 Isaac
1255 1235 1361 1275 non
1388 1229 1471 1295 est
1516 1222 1810 1276 secundum
1864 1237 2083 1278 carnem

520 1314 724 1369 natus?
765 1311 875 1366 Non
912 1328 1033 1367 eum
1074 1312 1283 1383 peperit
1314 1313 1496 1367 Sara?
1532 1312 1647 1369 Non
1682 1324 1764 1369 est
1798 1313 2086 1369 circumci-

520 1423 610 1461 sus
640 1406 664 1458 ?
706 1405 815 1459 lloe
856 1406 1027 1475 ipsum
1054 1404 1193 1474 quod
1224 1404 1437 1459 ludebat
1465 1418 1586 1459 cum
1617 1404 1865 1470 lsmaele,
1894 1420 2000 1460 non
2032 1406 2085 1459 in

520 1512 683 1551 carne
733 1496 997 1550 ludebat?
1032 1495 1145 1549 Hoc
1169 1503 1252 1549 est
1278 1495 1423 1549 enim
1468 1495 1610 1564 quod
1642 1494 1886 1549 mirabile
1920 1504 2003 1549 est
2030 1494 2084 1548 in

519 1587 758 1657 Apostoli
788 1602 975 1652 sensu,
1005 1587 1146 1658 quod
1174 1587 1240 1641 de
1272 1586 1475 1656 quibus
1509 1600 1617 1641 non
1646 1595 1823 1656 potest
1852 1585 2089 1642 dubitari

518 1680 645 1749 quin
680 1679 971 1734 secundum
1001 1693 1217 1733 carnem
1249 1686 1395 1744 gesta
1443 1678 1552 1731 sint
1580 1716 1596 1742 ,
1648 1678 1764 1732 hasc
1806 1677 1895 1732 ille
1954 1678 2089 1733 dicit

519 1787 640 1827 esse
662 1770 947 1841 allegorica
983 1778 1082 1824 :ut
1122 1784 1217 1822 nos
1245 1768 1373 1838 quid
1418 1766 1722 1823 faciendum
1759 1769 1830 1822 sit
1879 1768 1930 1822 in
1978 1783 2084 1823 ete-

519 1863 651 1916 teris
682 1860 1009 1923 noverimus,
1035 1858 1166 1913 etin
1204 1858 1287 1912 his
1328 1858 1593 1922 maxime,
1628 1857 1679 1909 in
1716 1857 1914 1925 quibus
1948 1855 2083 1911 nihil
2114 1834 2156 1890 Β

519 1954 700 2007 divina
728 1952 844 2021 lege
870 1952 1088 2020 dignum
1119 1949 1373 2003 historica
1400 1948 1641 2003 videtur-
1666 1947 1911 2001 indicare
1958 1962 2084 2000 nar-

520 2046 678 2100 ratio.
716 2062 736 2095 ι
769 2042 1000 2097 Homilia
1036 2042 1103 2095 M
1131 2041 1188 2094 in
1232 2040 1397 2094 Leuit.
1423 2054 1574 2093 nttm.
1606 2038 1641 2093 ἓ
1670 2054 1730 2092 :t
1770 2037 1902 2093 Cum
1938 2036 2087 2092 Scri-

521 2146 711 2205 pturas
751 2133 873 2204 quis
909 2132 1061 2204 legit,
1094 2142 1149 2186 et
1178 2131 1407 2184 litteram
1442 2128 1658 2198 quidem
1699 2126 1966 2196 sequitur,
2001 2124 2088 2180 in-

521 2224 791 2280 tellectum
839 2232 1017 2278 autem
1054 2224 1299 2294 repudiat
1328 2219 1627 2291 spiritalem
1656 2257 1671 2285 ,
1715 2217 1805 2273 hic
1857 2227 2085 2272 matrem

520 2315 735 2383 quidem
767 2313 1061 2367 lsraelitam
1099 2311 1290 2375 habet,
1333 2311 1386 2364 id
1424 2317 1509 2365 est
1551 2308 1825 2372 litteram;
1867 2318 2085 2359 sensum

523 2421 667 2471 vero,
700 2405 821 2474 quia
856 2403 1151 2473 spiritalem
1184 2417 1288 2457 non
1332 2402 1577 2471 sequitur
1601 2439 1617 2465 ,
1647 2400 1742 2453 sed
1767 2397 2037 2453 carnalem
2067 2433 2083 2461 ,

522 2498 607 2551 isti
637 2508 720 2552 est
749 2496 1035 2567 Egyptius
1060 2506 1251 2565 pater:
1298 2512 1319 2546 ι
1356 2504 1409 2547 et
1439 2508 1562 2546 mox
1598 2511 1610 2546 :
1648 2508 1672 2543 «ι
1703 2490 1811 2544 Nos
1848 2503 1977 2543 vero
1992 2487 2084 2558 qui

521 2605 585 2643 ex
623 2598 850 2657 utroque
895 2602 1095 2657 genere
1129 2585 1388 2640 Israelita:
1415 2597 1623 2647 sumus,
1659 2591 1715 2637 et
1740 2582 2000 2645 litteram,
2031 2590 2086 2636 et

521 2680 769 2748 spirituum
798 2680 849 2732 itt
880 2678 1179 2746 Scripturis
1210 2676 1411 2732 sanctis
1443 2674 1803 2729 defendimus.
1843 2691 1864 2724 ι
1896 2672 2085 2727 Totam

524 2787 656 2827 vero
689 2772 742 2825 in
778 2772 896 2837 ejus
948 2771 1024 2824 rei
1084 2767 1406 2822 tractatione
1456 2766 1733 2821 homiliam
1789 2765 2083 2827 contrivit,

522 2878 641 2933 qua!
672 2862 958 2916 undecima
977 2871 1058 2915 est
1085 2860 1137 2913 in
1166 2858 1325 2913 Num.
1356 2858 1446 2913 ubi
1478 2858 1543 2912 de
1565 2856 2087 2927 primitiarum'ohlao

524 2955 669 3007 tione
702 2952 983 3021 disputans
1014 2969 1028 3006 :
1063 2968 1088 3001 ι
1125 2951 1274 3005 Hanc
1294 2964 1423 3018 ergo
1448 2950 1642 3020 legem,
1677 2966 1696 3001 ι
1726 2950 1895 3019 inquit
1931 2964 2082 3003 num.

524 3046 579 3107 1,
619 3062 640 3095 α
684 3043 959 3098 observari
997 3044 1158 3095 etiam
1209 3042 1504 3096 secundum
1536 3040 1771 3096 litteram
1795 3081 1810 3107 ,
1861 3041 2003 3095 sicut
2031 3050 2085 3095 et

523 3136 627 3188 alia
656 3133 909 3189 nonnulla
940 3173 955 3197 ,
990 3132 1348 3187 necessarium
1375 3141 1524 3200 puto.
1566 3150 1589 3183 ›
1621 3130 1812 3185 Postea
1854 3131 1933 3186 sic
1966 3130 2082 3185 ait:

530 3244 549 3277 ι
583 3226 718 3282 Sunt
746 3223 842 3293 qui
878 3192 952 3278 ita
980 3222 1191 3286 dicant,
1226 3221 1351 3291 quia
1377 3192 1451 3275 Isi
1503 3220 1704 3291 aliquid
1739 3218 1958 3275 omnino
1986 3220 2083 3274 ob-
2108 3192 2151 3251 ϐ

525 3317 846 3372 servandum
877 3323 957 3369 est
991 3313 1286 3369 secundum
1323 3312 1575 3379 litteram,
1610 3327 1707 3366 cur
1734 3326 1837 3365 non
1866 3319 1924 3366 et
1948 3326 2082 3365 cun-

522 3421 606 3466 cta
638 3408 962 3465 serventur?
998 3406 1055 3461 Si
1084 3422 1218 3462 vero
1235 3406 1302 3460 ad
1332 3404 1625 3475 spiritalem
1652 3403 2079 3474 intelligentiam,

521 3518 639 3571 qua:
665 3503 751 3557 lex
782 3502 1021 3557 continet
1043 3539 1058 3565 ,
1092 3498 1371 3554 referenda
1407 3507 1561 3563 sunt,
1582 3497 1716 3552 nihil
1751 3497 1968 3551 omnino
1996 3510 2083 3548 se-

520 3596 753 3650 cundum
784 3593 1019 3647 litteram
1048 3630 1064 3656 ,
1113 3590 1210 3644 sed
1244 3589 1563 3660 spiritaliter
1588 3589 1785 3645 debent
1828 3587 2080 3641 universa

519 3687 772 3743 discerni.
807 3686 916 3742 Nos
946 3694 1127 3739 autem
1166 3684 1447 3753 utriusque
1492 3681 1812 3737 assertionis
1845 3679 2078 3736 insolen-

518 3778 651 3832 tiam
705 3785 1063 3846 temperantes
1093 3815 1109 3840 ,
1157 3773 1332 3844 qualis
1374 3773 1557 3844 regula
1601 3772 1654 3827 in
1707 3770 2078 3841 hujuscemodi

521 3868 651 3938 legis
681 3868 1022 3923 sermonibus
1052 3867 1390 3922 observanda
1431 3867 1523 3931 sit,
1561 3879 1627 3920 ex
1655 3865 1975 3921 auctoritate
1998 3863 2082 3917 di-

520 3960 766 4012 xinarum
789 3956 1196 4027 Scripturarutn
1227 3955 1471 4026 proferre
1505 3956 1857 4011 tentabimus.
1884 3972 1907 4007 ι
1942 3953 2079 4008 Tum

522 4042 708 4098 haberi
742 4041 875 4097 dicit
909 4043 961 4096 in
990 4042 1268 4112 Scriptura
1302 4043 1481 4113 leges,
1513 4044 1791 4111 mandata,
1818 4042 2081 4113 iustiﬁca-

522 4136 717 4198 tiones,
744 4144 1032 4203 prrecepta,
1063 4133 1371 4187 testimonia
1407 4144 1463 4189 et
1486 4132 1710 4202 judicia,
1749 4150 1781 4189 a
1827 4150 1885 4191 se
1937 4135 2082 4190 invi-

521 4242 636 4281 cem
659 4227 887 4280 discreta
913 4237 968 4279 ct
990 4226 1223 4289 diversa,
1256 4240 1374 4294 qua:
1406 4225 1717 4295 neutiquam
1746 4226 2080 4296 permiscen-

520 4319 582 4372 da
613 4328 663 4370 et
693 4316 1065 4371 confundenda
1101 4315 1209 4369 siut
1234 4356 1251 4381 ,
1281 4315 1408 4370 licet
1451 4315 1565 4370 haec
1610 4315 1791 4369 omnia
1827 4330 2077 4370 nonnun-

521 4427 676 4481 quam
710 4413 871 4468 unico
904 4411 1039 4482 legis
1066 4410 1283 4464 nomine
1328 4409 1699 4478 signiﬁcentur
1736 4427 1749 4464 :
1785 4409 1956 4479 legem
1992 4426 2077 4467 er-

518 4517 583 4571 go
605 4541 621 4567 ,
649 4502 800 4573 juxta
830 4500 1141 4572 Apostolum
1166 4542 1184 4569 ,
1219 4499 1462 4555 umbram
1517 4500 1717 4555 habere
1769 4499 2072 4555 futurorum

520 4595 841 4649 honorum‘m
890 4595 1098 4665 reliqua
1123 4608 1227 4648 non
1258 4594 1383 4649 item
1420 4609 1435 4647 :
1468 4611 1486 4644 ς
1522 4590 1647 4647 llaec
1674 4609 1800 4664 ergo
1836 4593 2081 4663 singula,

520 4699 635 4755 qua:
664 4699 999 4753 nequaquam
1033 4686 1246 4753 penitus
1284 4684 1579 4739 secundum
1620 4683 1858 4737 litteram
1889 4685 2076 4740 obser-

520 4771 688 4826 vanda
713 4771 844 4825 dicit
873 4770 1178 4841 Apostolus,
1207 4772 1386 4826 omnia
1408 4771 1521 4827 fere
1547 4771 1684 4841 apud
1714 4770 1946 4842 Moysem
1973 4776 2072 4831 sub

518 4861 649 4933 legis
678 4862 833 4916 titulo
858 4861 1127 4931 designari
1158 4879 1170 4915 :
1201 4880 1219 4913 ι
1243 4878 1362 4931 qua:
1385 4870 1560 4917 autem
1593 4862 1828 4915 mandati
1857 4864 2073 4920 nomine

518 4963 819 5020 censentur,
849 4966 975 5023 puta
1007 4953 1194 5007 isthzec
1221 4970 1235 5007 :
1269 4972 1286 5004 ι
1314 4953 1429 5008 Non
1459 4954 1689 5020 occides,
1712 4971 1818 5011 non
1863 4957 2073 5011 adulte-

518 5048 650 5101 rium
670 5046 851 5110 l'acies,
870 5061 975 5100 non
1005 5044 1268 5100 iuraberis
1289 5045 1356 5111 ⁸⁸,
1382 5065 1400 5098 ι
1435 5058 1489 5102 et
1518 5048 1718 5119 reliqua
1746 5048 2082 5117 huiusmodi,

517 5138 804 5191 secundum
833 5136 1066 5191 litteram
1105 5150 1224 5191 esse
1273 5137 1642 5204 observanda;
1697 5154 1821 5195 nam
1877 5160 1895 5192 ι
1935 5142 2071 5209 Quid

518 5243 647 5295 opus
675 5237 758 5283 est
788 5229 841 5283 in
872 5228 1185 5299 allegoriam
1211 5242 1470 5298 quaerere,
1497 5245 1618 5284 cum
1646 5231 1874 5287 tediiicet
1900 5233 2068 5288 etiam

516 5317 735 5372 littera?
766 5336 785 5371 ι
825 5318 946 5374 inde
986 5318 1065 5373 sic
1104 5318 1378 5373 concludit
1436 5336 1451 5373 :
1505 5337 1524 5369 ι
1566 5321 1911 5377 Ostendimus
1941 5337 2072 5391 ergo

514 5427 632 5467 esse
650 5410 897 5481 quaedam
924 5425 1041 5480 quas
1089 5411 1308 5465 omnino
1357 5424 1462 5464 non
1510 5420 1638 5464 sunt
1685 5414 1951 5466 servanda
1980 5422 2072 5472 se-

511 5504 745 5560 cundum
777 5502 1013 5557 litteram
1060 5502 1210 5572 legis,
1239 5512 1294 5557 et
1318 5516 1439 5556 esse
1464 5502 1846 5573 quaedamque
1871 5502 2072 5574 allego-

505 5596 606 5677 riae
633 5596 844 5666 penitus
867 5595 1153 5651 immutare
1178 5607 1281 5649 non
1306 5594 1482 5660 debet,
1518 5594 1613 5650 sed
1639 5596 1971 5664 omnimodo,
1995 5598 2067 5653 ita

583 5796 627 5826 '°
659 5795 823 5851 Hebr.
862 5814 914 5863 ς,
952 5800 1001 5850 l.
1093 5800 1320 5879 “'llmn.
1348 5818 1465 5867 χιιι,
1501 5804 1552 5857 9.
1632 5803 1674 5833 "
1702 5802 1899 5858 Cenes.
1926 5820 1989 5871 it,
2015 5804 2103 5858 24.

2188 583 2434 638 Ostendit
2458 582 2801 653 postmodum
2826 583 3005 653 aliqua
3051 586 3343 639 secundum
3374 585 3608 640 litteram
3635 602 3748 641 ser-

2188 675 2360 728 vanda
2395 688 2539 739 esse,
2587 684 2642 729 et
2685 674 3032 743 allegoricum
3061 682 3238 730 tamen
3272 691 3490 731 sensum
3516 678 3747 748 comple-

2188 765 2281 832 cti,
2303 765 2448 821 velut
2489 766 2617 820 illud
2648 782 2663 819 :
2710 784 2729 818 ι
2761 764 2990 838 Propter
3027 766 3129 822 hoc
3176 766 3440 838 relinquet
3466 767 3628 825 homo
3659 785 3749 839 pa-

2188 868 2325 913 trem
2353 867 2408 913 et
2431 867 2682 924 matrem,
2720 866 2775 911 et
2816 858 3112 913 adhaerebit
3156 859 3311 914 uxori
3341 875 3483 924 suae,
3514 872 3569 915 et
3596 872 3752 917 erunt

2188 949 2293 1003 duo
2345 950 2399 1003 in
2440 962 2605 1004 carne
2653 963 2758 1002 una
2782 947 2850 1012 ⁸’,
2889 966 2907 1001 ι
2947 949 3092 1017 quod
3139 949 3292 1019 juxta
3340 948 3658 1019 Apostolum
3702 962 3754 1006 et

2185 1039 2447 1111 mysteria
2485 1039 2746 1103 continet,
2783 1048 2837 1095 et
2864 1039 3156 1095 secundum
3186 1040 3423 1094 litteram
3457 1040 3752 1095 observan-

2186 1128 2316 1184 dum
2345 1137 2454 1184 est.
2487 1127 2542 1182 ln
2590 1128 2693 1183 hoc
2741 1131 2904 1184 etiam
2955 1145 3122 1184 censu
3168 1144 3229 1183 ea
3275 1129 3508 1185 collocat
3541 1146 3663 1200 quae
3691 1133 3753 1186 de

2187 1220 2411 1276 lsmaele
2434 1230 2487 1275 et
2506 1221 2690 1275 lsaaco
2717 1221 2768 1275 itt
2792 1220 3087 1290 Scripturis
3115 1220 3309 1275 tradita
3341 1221 3408 1276 ad
3438 1220 3752 1289 allegoriam

2186 1309 2390 1365 Paulus
2418 1310 2627 1375 retulit,
2668 1319 2723 1365 et
2755 1324 2874 1379 qua
2912 1312 2977 1364 de
3020 1311 3274 1379 primitiis
3297 1310 3588 1366 efferendis
3626 1303 3753 1366 s'au-

2186 1405 2425 1461 ciuntur.
2503 1400 2787 1473 Subiungit
2838 1403 3068 1473 denique
3121 1417 3136 1456 :
3200 1421 3219 1455 ι
3288 1402 3637 1459 Ostendimus
3674 1404 3753 1474 (ut

2186 1495 2397 1564 opinor)
2426 1493 2751 1548 auctoritate
2782 1490 3077 1562 Scriptura:
3106 1493 3324 1559 divinae,
3358 1509 3424 1549 ex
3451 1493 3519 1549 iis
3547 1510 3671 1564 qua:
3698 1494 3749 1546 in

2186 1584 2304 1655 lege
2328 1584 2525 1654 scripta
2558 1592 2707 1647 sunt,
2735 1582 2913 1653 aliqua
2938 1583 3155 1653 penitus
3184 1582 3496 1654 refugienda
3529 1601 3668 1651 esse,
3692 1596 3746 1642 et

2187 1674 2421 1729 cavenda
2462 1687 2530 1727 ne
2559 1672 2854 1728 secundum
2906 1674 3141 1728 litteram
3182 1675 3250 1730 ab
3289 1675 3564 1746 Evangelii
3592 1678 3749 1734 disci-

2188 1764 2328 1834 pultis
2383 1763 2788 1830 observentur;
2831 1766 3073 1833 quaedam
3132 1779 3255 1820 vero
3307 1769 3611 1823 omnimode
3637 1811 3654 1837 ,
3689 1780 3747 1823 ut

2187 1856 2383 1927 scripta
2406 1863 2551 1921 sunt,
2573 1855 2901 1919 obtinenda;
2951 1854 3055 1909 alia
3086 1864 3266 1910 autem
3294 1856 3497 1912 habere
3530 1859 3746 1930 quidem

2184 1947 2475 2003 secundum
2507 1946 2755 2000 litteram
2784 1947 3069 2000 veritatem
3100 1946 3181 2000 sui
3210 1985 3231 2014 ,ς
3280 1947 3521 2018 recipere
3571 1960 3755 2005 tamen

2184 2036 2392 2093 utiliter
2433 2045 2486 2091 et
2518 2036 2839 2092 necessario
2864 2038 3028 2091 etiam
3063 2036 3414 2109 allegoricum
3446 2053 3691 2096 sensum.
3727 2062 3751 2095 ν

2184 2128 2361 2196 Atque
2390 2142 2575 2182 eorum
2630 2128 3016 2182 discretionem
3076 2129 3307 2198 sapienti
3341 2129 3753 2199 Scripturarum

2187 2219 2470 2288 interpreti
2504 2218 2789 2287 permittit.
2826 2218 3048 2273 Constat
3092 2230 3238 2276 certe
3292 2220 3566 2291 plerisque
3617 2223 3750 2279 locis

2185 2322 2406 2363 sensum
2438 2317 2729 2377 utrumque
2768 2307 3053 2363 admittere
3077 2307 3305 2364 Codices
3340 2326 3547 2376 sacros,
3585 2321 3643 2367 ut
3675 2323 3752 2367 te-

2192 2398 2291 2453 stis
2344 2406 2427 2453 est
2483 2397 2597 2468 ipse
2649 2395 2848 2450 Paulus
2893 2393 2914 2448 )
2963 2396 3089 2451 Cor.
3120 2398 3332 2462 x,i,et
3366 2397 3540 2453 Galat.
3564 2414 3639 2465 tv,
3659 2399 3757 2462 24,

2185 2499 2395 2544 constat
2420 2499 2476 2543 et
2502 2489 2655 2553 illud,
2687 2487 2856 2543 solam
2884 2489 2935 2541 in
2977 2488 3252 2543 nonnullis
3295 2487 3605 2559 allegoriam
3632 2506 3753 2546 csso

2186 2581 2591 2652 requirendam;
2615 2580 2875 2651 quidquid
2900 2591 3086 2636 contra
3118 2582 3415 2636 obtendant
3439 2581 3751 2638 scholastici

2184 2680 2428 2747 quidam;
2459 2679 2605 2732 velut
2656 2680 2744 2733 tibi
2786 2678 2855 2732 de
2899 2688 3195 2749 spontaneo
3231 2680 3314 2735 sui
3349 2681 3516 2749 ipsius
3546 2695 3759 2739 castra~

2185 2770 2330 2823 tione
2367 2770 2616 2824 Chrisws
2671 2770 2910 2839 loquitur
2946 2788 2959 2824 :
3001 2782 3162 2842 atque
3208 2774 3259 2827 in
3295 2772 3421 2829 istis»
3446 2789 3634 2829 verum
3668 2788 3753 2830 est

2184 2862 2326 2930 quod
2357 2862 2434 2915 ait
2468 2861 2828 2931 HierOnynttts
2860 2862 3081 2931 Apolug.
3128 2879 3142 2917 t
3179 2865 3232 2917 in
3271 2863 3427 2933 Ruﬁn
3456 2906 3473 2932 ,
3524 2880 3641 2936 cap.
3692 2866 3745 2922 6.

2190 2970 2209 3005 ι
2245 2953 2467 3020 Quando
2491 2954 2611 3009 dieo
2642 2954 2906 3022 tropicam
2956 2956 3365 3024 intelligentiam
3395 2997 3413 3023 ,
3452 2959 3621 3015 doceo
3649 2975 3745 3015 ve-

2184 3061 2299 3101 rum
2333 3060 2437 3101 non
2477 3060 2597 3101 esse
2640 3048 2785 3116 qttod
2820 3046 3039 3112 dicitur,
3094 3050 3186 3101 sed
3241 3049 3538 3119 allegoriae
3565 3050 3759 3106 nubilo-

2185 3138 2493 3207 llguratum.
2536 3154 2560 3190 ι
2585 3138 2697 3193 Non
2746 3138 2909 3192 alium
2944 3151 3126 3195 autem
3167 3140 3289 3195 aliis
3318 3141 3497 3197 inesse
3526 3158 3757 3200 sensum

2186 3245 2343 3300 quam
2373 3230 2688 3287 historicum
2718 3242 2939 3286 censent
2968 3232 3153 3302 aliqui.
3176 3232 3245 3287 At
3277 3232 3536 3304 Origenes
3566 3236 3749 3290 etiam.

2184 3324 2228 3377 si
2262 3324 2404 3377 hunc
2426 3322 2763 3378 solummodo
2793 3322 2846 3377 in
2893 3322 3164 3392 aliquibus
3184 3325 3572 3394 requirendum
3629 3342 3745 3382 esse

2182 3432 2398 3471 sensum
2430 3423 2601 3484 putet,
2647 3430 2716 3469 ne
2747 3418 2860 3469 haec
2888 3416 3102 3484 quidem
3136 3425 3311 3473 tamen
3352 3419 3629 3489 mysteriis
3654 3435 3755 3473 νει-λ

2181 3525 2303 3563 care
2330 3511 2639 3577 existimat;
2680 3510 2837 3580 hujus
2872 3514 3014 3566 enim
3062 3512 3193 3567 illud
3225 3514 3633 3581 pronuntiatum
3663 3523 3744 3567 est

2183 3603 2367 3657 homil.
2405 3605 2429 3657 l
2479 3604 2533 3656 in
2563 3601 2763 3669 Exod.,
2798 3620 2944 3658 num.
2985 3608 3042 3659 4.
3080 3623 3097 3656 t
3140 3604 3251 3675 Ego
3310 3607 3543 3661 credens
3572 3606 3755 3662 verbis

2184 3693 2392 3747 Domini
2425 3694 2526 3748 mei
2577 3692 2704 3749 Jesu
2736 3694 2961 3759 Christi,
3006 3695 3057 3749 in
3108 3695 3222 3766 lege
3251 3704 3305 3749 ct
3333 3697 3614 3766 prophetis
3641 3698 3744 3752 iota

2180 3783 2396 3852 quidem
2433 3800 2638 3850 unum,
2683 3794 2777 3839 aut
2822 3799 2986 3838 unum
3039 3786 3245 3854 apicem
3296 3802 3401 3840 non
3469 3797 3601 3855 puto
3629 3802 3750 3843 esse

2180 3874 2450 3945 mysteriis
2477 3889 2723 3941 vacuum,
2756 3888 2855 3931 nec
2891 3886 3018 3946 puto
3054 3876 3257 3947 aliquid
3284 3879 3472 3933 horum
3508 3880 3741 3935 transire

2178 3980 2358 4038 posse,
2388 3964 2560 4020 donec
2582 3967 2761 4021 omnia
2787 3967 2936 4022 ﬁant.
2977 3985 3007 4020 ν
3031 3966 3183 4025 Unde
3214 3968 3307 4023 lib.
3368 3986 3422 4024 tv
3465 3971 3601 4039 Περὶ
3632 3970 3739 4040 ἁρ-

2179 4055 2322 4126 χῶν,
2376 4070 2536 4109 num,
2577 4055 2647 4110 26
2717 4065 2772 4110 et
2800 4055 2895 4124 27,
2947 4058 3207 4128 pleraque
3256 4058 3546 4129 Scriptura:
3573 4075 3740 4116 sacrae

2181 4148 2441 4218 mysteria
2469 4147 2776 4202 hominibus
2798 4148 3117 4217 lgnorabilia
3134 4166 3253 4206 esse
3273 4152 3435 4207 fatur.
3467 4150 3749 4222 Perpauca'

2178 4239 2392 4308 quidem
2421 4277 2436 4303 ,
2472 4239 2568 4293 sed
2611 4242 2676 4293 ad
2709 4241 3043 4310 purgandum
3075 4242 3359 4313 Origenem
3395 4244 3526 4299 satis
3579 4260 3752 4316 appo--

2177 4327 2277 4381 sita
2332 4328 2551 4396 protulit
2596 4328 2863 4399 Apologia:
2911 4343 3099 4385 auctor
3142 4348 3173 4387 e
3217 4333 3310 4391 lib.
3353 4351 3399 4389 tt
3452 4338 3591 4406 Περὶ
3651 4338 3744 4405 ἀρ-

2177 4415 2334 4486 κῶνν
2349 4433 2468 4488 cap.
2492 4417 2548 4481 2,
2588 4434 2780 4488 magna
2814 4435 2878 4475 ex
2906 4432 3063 4492 parte
3106 4428 3295 4491 petita,
3326 4426 3378 4479 in
3415 4427 3613 4495 quibus
3641 4427 3742 4483 γε·-

2181 4508 2313 4562 teris
2341 4508 2667 4563 Testamenti
2704 4511 2982 4578 historias,
3015 4530 3119 4568 non
3152 4516 3404 4584 lictitias,
3449 4519 3544 4573 sed
3589 4534 3761 4574 veras

2180 4614 2302 4655 esse
2324 4600 2613 4667 praedicatr
2634 4609 2691 4656 et
2716 4604 2784 4659 ab
2809 4605 2876 4660 iis
2905 4609 3215 4662 necessario
3244 4609 3631 4677 admittendas,
3652 4614 3739 4683 qui

2179 4691 2407 4746 salutem
2459 4691 2682 4761 adipisci
2737 4697 2982 4767 cupiunt.
3033 4697 3172 4765 Quid
3230 4702 3373 4769 quod
3425 4702 3751 4759 bistori‘cam-

2178 4796 2339 4852 stepe,
2368 4783 2744 4854 mysticam,“
2777 4788 3032 4843 moralem
3055 4790 3107 4843 in
3141 4788 3419 4861 Scriptura
3451 4796 3738 4865 expositio-

2178 4888 2301 4927 nem
2329 4873 2592 4940 rimatur;
2628 4876 2774 4932 velut
2808 4879 2996 4934 homil.
3029 4880 3095 4934 17
3143 4882 3199 4935 in
3244 4880 3443 4937 Germr
3466 4884 3752 4940 disserens

2179 4965 2246 5019 de
2275 4966 2739 5023 benedictionibus
2779 4971 3251 5039 patriarcharum:
3287 4992 3307 5025 ς
3348 4972 3480 5040 Qute
3519 4990 3629 5041 res,
3657 4976 3739 5030 ln-

2177 5058 2293 5126 quit
2316 5073 2461 5113 num.
2495 5060 2548 5125 l,
2582 5062 2737 5116 nobis
2764 5062 3088 5133 tripartitam
3127 5064 3210 5136 (ut
3238 5067 3290 5120 in
3334 5066 3457 5122 aliis
3487 5067 3749 5128 fecimus);

2178 5148 2567 5217 explanationis
2606 5152 2887 5207 materiam
2919 5155 3140 5225 subiicit
3162 5198 3179 5225 ,
3206 5158 3278 5212 ita
3311 5168 3369 5212 ut
3404 5158 3734 5215 benedictio—

2176 5256 2275 5296 nes
2304 5241 2547 5299 historia:
2594 5244 2768 5300 locum
2814 5259 3051 5315 servent,
3078 5251 3365 5322 prophetia
3392 5266 3524 5308 vero
3552 5254 3738 5325 mysti-

2180 5348 2300 5388 cum
2346 5345 2512 5406 atque
2554 5337 2945 5408 dogmaticum,
2989 5358 3196 5398 morum
3243 5344 3513 5414 correptio
3548 5354 3613 5399 et
3647 5345 3737 5399 ob-

2171 5422 2408 5493 jurgatio
2438 5426 2695 5481 moralem
2723 5428 2920 5499 dirigat
2947 5431 3142 5503 stylum
3171 5451 3184 5487 :
3224 5452 3253 5485 »τ
3275 5442 3438 5502 atque
3472 5430 3747 5501 triplicem-

2180 5511 2315 5567 ltanc
2343 5513 2774 5582 explanationem
2805 5518 2859 5573 in
2894 5520 3096 5591 reliqua
3130 5521 3351 5578 homilia
3378 5520 3732 5592 persequitur.

2177 5601 2305 5669 Quae
2335 5604 2551 5674 quidem
2600 5606 2652 5661 itt
2686 5606 2936 5677 Origenis
2984 5614 3210 5680 gratiam
3244 5612 3313 5683 ab
3356 5609 3730 5682 interpretibus
