4068 6308
364 361 504 417 1075

1206 366 1778 424 ORIGENIANORUM
1816 370 1947 426 LIB.
1988 373 2054 439 Il,
2093 375 2244 431 CAP.
2287 377 2351 441 II,
2393 376 2671 445 QUEST.
2705 373 2844 433 XIV.

3457 384 3595 441 1074

360 476 591 531 contlcta
625 486 682 530 et
712 475 1031 547 interpolata
1080 494 1147 535 ne
1195 495 1424 537 causere
1456 500 1469 537 :
1505 496 1633 538 ecce
1661 484 1807 539 enim
1836 486 1930 539 tibi
1960 490 2008 548 Α
2036 500 2148 542 rem
2179 488 2231 542 in
2264 490 2545 559 propatulo
2564 491 2887 561 positam,et
2905 493 3141 548 omnium
3166 494 3339 551 oculis
3357 496 3595 568 obviam,

364 568 516 625 illum
550 578 695 625 tomo
710 586 779 626 xv
796 573 847 625 in
873 572 1084 636 ΜαιεΙι..
1114 589 1263 629 num.
1304 574 1396 641 15,
1430 578 1709 647 pag.‘672,
1733 579 1932 635 dictum

363 658 468 715 hoc
495 661 697 717 Christi
731 681 745 718 :
785 680 805 713 ι
846 660 902 716 Si
938 663 1017 717 vis
1049 662 1320 731 perfectus
1360 680 1520 730 esse,
1559 670 1726 734 vade,
1762 670 1936 725 vende

362 767 486 821 quae
533 751 725 817 habes,
765 763 821 809 et
853 754 917 808 da
948 753 1273 824 pauperibus
1312 755 1380 821 ⁸³,
1420 776 1439 809 ι
1484 757 1549 811 ad
1596 757 1932 828 allegoriam,

362 853 543 911 spreta
609 843 785 899 littera
856 844 1094 899 converti
1141 855 1411 901 vetantem
1437 850 1466 915 ,'
1511 858 1566 903 et
1603 863 1670 903 ne
1709 850 1836 919 quis
1882 851 1933 905 id

364 941 629 989 attentare
686 934 908 1004 audeat},
948 934 1192 992 historiis
1229 935 1569 992 ethnicorum
1613 938 1931 1008 quibusdam

366 1023 780 1079 absterrentem.

435 1112 499 1168 ν.
535 1112 643 1183 (39)
666 1110 760 1167 His
789 1112 1187 1170 animadversis
1221 1112 1399 1171 facilis
1423 1124 1505 1170 est
1533 1112 1645 1186 jam
1676 1117 1936 1188 dijudica-

361 1203 462 1271 tio,
496 1218 720 1272 aequane
750 1218 982 1261 censura
1011 1205 1299 1274 Origenem
1320 1208 1597 1262 vexaverit
1620 1207 1934 1268 Eustathius

366 1295 761 1360 Antiochenus,
800 1298 893 1367 qui
922 1298 1189 1354 acerrime
1211 1314 1321 1369 pra:
1351 1298 1574 1369 reliquis
1604 1301 1773 1373 ipsius
1801 1304 1935 1359 alle-

360 1387 539 1455 gorias
584 1386 890 1444 insectatus
939 1397 1022 1445 est
1071 1391 1122 1445 in
1176 1390 1525 1463 Diagnostico
1560 1395 1627 1449 de
1653 1394 1934 1467 Engastri-

364 1480 564 1553 mytho.
600 1480 681 1537 Ac
712 1483 945 1555 primum
974 1483 1030 1539 id
1051 1486 1320 1555 queritur,
1339 1502 1463 1543 eum
1497 1498 1693 1545 etetera
1729 1489 1936 1560 allego.

359 1573 457 1628 riis
486 1573 687 1643 alioqui
731 1585 1046 1645 pervertere
1088 1577 1350 1645 solitum,
1377 1580 1508 1637 deos
1542 1580 1663 1636 illos
1694 1593 1832 1651 quos
1869 1587 1933 1639 de

360 1673 505 1719 terra
557 1667 917 1721 ascendentes
947 1667 1130 1724 videre
1182 1684 1244 1726 se
1294 1669 1444 1726 Sauli
1496 1673 1708 1729 dicebat
1745 1672 1936 1746 Pytho-

359 1756 505 1811 nissa
555 1755 576 1812 I
636 1755 782 1828 Reg.
820 1774 1013 1825 xxvm,
1063 1761 1172 1827 15,
1207 1762 1275 1817 ad
1326 1763 1560 1820 litteram
1595 1768 1929 1837 exposuisse.

358 1847 611 1903 Profecto
656 1848 726 1905 de
779 1849 868 1904 illa
919 1849 1194 1909 Samuelis
1239 1856 1557 1912 evocatione
1592 1857 1733 1912 idem
1785 1859 1929 1928 quod

356 1937 622 2010 Origenes
645 1942 861 2011 plurimi
894 1944 1267 2013 tradiderunt,
1314 1956 1373 2001 ut
1401 1948 1645 2006 dicemus
1676 1950 1835 2006 infra.
1870 1953 1927 2007 In

362 2044 430 2086 eo
451 2040 630 2087 autem
682 2036 823 2102 quod
858 2036 1108 2105 angelum
1154 2037 1313 2093 simul
1347 2054 1472 2094 cum
1499 2040 1591 2097 illo
1623 2046 1931 2100 ascendisse

357 2136 511 2180 ratus
541 2135 647 2191 est,
688 2128 981 2184 multorum
1016 2146 1229 2202 quoque
1253 2131 1477 2201 juvatur
1515 2134 1807 2208 sullragiis,
1837 2138 1931 2207 qui

356 2216 575 2285 angelos
606 2217 1002 2291 ψυχοπομποὺς
1036 2224 1329 2279 animabus
1353 2225 1650 2297 adiungunt
1673 2268 1689 2292 .
1743 2245 1931 2299 quem-

358 2310 646 2381 admodum
690 2315 943 2383 superius
992 2318 1348 2375 ostendimus.
1398 2318 1610 2373 Nullam
1664 2336 1794 2392 ergo
1846 2325 1930 2379 sui

359 2402 615 2472 carpendi
646 2417 835 2460 ansam
866 2406 956 2461 hic
981 2408 1200 2463 obtulit.
1228 2410 1504 2466 Diliicilior
1532 2411 1647 2481 ejus
1678 2413 1817 2470 foret
1845 2416 1933 2469 de-

360 2494 572 2562 fensio,
614 2496 659 2551 si
691 2496 743 2551 id
775 2496 1097 2568 objecisset,
1131 2501 1274 2570 quod
1300 2517 1329 2556 a
1362 2502 1547 2558 multis
1575 2504 1742 2574 objici
1770 2506 1927 2575 solet,

354 2588 537 2641 omnia
578 2603 701 2644 eum
748 2589 864 2646 fere
906 2592 959 2648 in
992 2594 1344 2665 allegoricum
1394 2597 1625 2651 traxisse
1668 2612 1886 2654 sensum
1913 2638 1930 2665 ,

356 2688 719 2749 praeterquam
746 2682 877 2738 illud
902 2682 1278 2756 Sospitatoris,
1313 2703 1423 2758 quo
1453 2687 1816 2744 voluntariam
1847 2691 1932 2747 sui

360 2768 545 2839 ipsius,
584 2773 824 2830 cmlestis
868 2777 1017 2847 regni
1051 2778 1417 2848 consequendi
1449 2794 1637 2849 causa,
1662 2782 1933 2839 exsectio-

356 2876 480 2916 nem
524 2865 905 2933 commendat,
952 2875 1008 2923 et
1050 2868 1181 2923 illud
1218 2884 1325 2939 quo
1356 2870 1571 2927 unicam
1607 2875 1930 2931 servandam

361 2956 628 3025 tunicam,
652 2956 953 3026 ahjicienda
988 2959 1378 3028 calceatnenta,
1413 2964 1464 3017 in
1490 2964 1788 3020 crastinum
1810 2980 1935 3022 nen-

364 3046 572 3117 tiquam
621 3051 1068 3122 prospiciendum
1102 3067 1221 3108 esse
1258 3056 1366 3120 ait;
1410 3071 1530 3126 quae
1581 3056 1930 3127 allegoricam

2032 582 2455 636 commentitiam
2483 597 2606 639 esse
2636 598 2700 639 ac
2744 585 2987 640 lictitiam
3018 585 3400 644 aliirmaveriti
3425 590 3595 648 Isaaci

2031 681 2294 742 prazterea
2318 684 2373 729 et
2403 674 2663 731 Rebeccae
2690 691 2777 732 res
2808 688 2985 747 gestas
3010 679 3326 737 immutasse
3350 697 3471 737 eum
3508 698 3595 737 re-

2033 761 2155 816 fert.
2185 763 2343 819 Certe
2373 765 2588 821 bomilia
2614 766 2679 822 10
2705 768 2756 822 in
2784 766 3171 841 Genes.,quam
3200 773 3287 830 hic
3315 776 3597 846 designas-

2034 866 2092 907 se
2120 853 2334 909 videtur
2375 856 2692 914 Eustathius
2715 899 2731 923 ,
2764 860 2814 915 id
2850 862 3013 917 habet
3038 864 3331 931 Origenes,
3363 882 3510 921 num.
3541 866 3597 921 4.

2037 962 2057 996 ‹
2092 944 2246 1014 Saepe
2269 946 2380 1016 jam
2428 949 2535 1005 dixi
2585 951 2726 1021 quod
2757 952 2809 1006 in
2842 952 2925 1008 his
2954 970 3060 1009 non
3095 955 3338 1011 historia:
3372 972 3596 1010 narran-

2035 1046 2144 1103 tur,
2167 1039 2258 1092 sed
2280 1041 2537 1111 mysteria
2569 1052 2971 1101 contexuntur:
3011 1064 3030 1097 ι
3068 1046 3210 1115 quod
3234 1048 3303 1101 ita
3341 1048 3597 1117 intelligo,

2034 1130 2242 1182 narrari
2273 1128 2531 1185 historias
2554 1132 2769 1203 quidem
2789 1172 2805 1199 ,
2829 1135 2923 1189 sed
2954 1150 3059 1189 non
3086 1146 3192 1190 tam
3223 1138 3274 1191 id
3301 1140 3409 1208 agi,
3436 1154 3597 1208 quam

2034 1220 2290 1289 mysteria
2339 1221 2557 1276 contexi
2594 1238 2756 1278 :cum
2800 1234 2854 1279 et
2899 1224 3087 1280 homil.
3125 1227 3192 1281 15
3215 1268 3231 1293 ,
3284 1244 3434 1285 nun).
3466 1229 3518 1293 1,
3545 1229 3600 1282 in

2034 1306 2220 1364 Cenes.
2261 1309 2597 1383 Scripturam
2634 1324 2885 1380 asserat,
2930 1332 3036 1373 non
3074 1327 3279 1373 tantum
3328 1319 3602 1374 historicis

2033 1400 2240 1455 servire
2288 1402 2726 1469 narrationibus,
2776 1415 3035 1474 quantum
3070 1408 3233 1463 rebus
3266 1417 3321 1462 et
3353 1409 3603 1464 sensibus

2036 1491 2301 1561 mysticis.
2340 1492 2433 1548 Sin
2468 1508 2625 1549 secus
2656 1496 2846 1561 sensit,
2870 1496 3138 1551 Eustathii
3164 1497 3439 1567 querelam
3478 1514 3603 1568 pro-

2035 1581 2122 1636 bo.
2162 1580 2376 1638 Dictum
2408 1584 2535 1641 illud
2564 1601 2776 1657 quoque
2809 1589 2876 1643 de
2915 1588 2980 1643 iis
3018 1589 3201 1655 velim,
3231 1606 3351 1660 qua:
3382 1600 3601 1660 peccata

2034 1671 2102 1726 ab
2124 1686 2189 1727 eo
2223 1674 2369 1728 circa
2406 1673 2525 1731 Johi
2572 1677 2853 1732 historiam
2887 1679 3029 1734 idem
3078 1680 3173 1733 ait.
3203 1679 3448 1749 Iniquum
3475 1696 3603 1734 vero

2037 1777 2258 1832 prorsus
2289 1775 2345 1819 et
2369 1766 2607 1837 ineptum
2640 1778 2727 1823 est
2753 1770 2895 1839 quod
2942 1770 3194 1843 subjicit,
3228 1786 3507 1841 perperam
3537 1772 3604 1826 ab

1963 1826 2006 1888 Β
2034 1826 2266 1929 Origene
2298 1826 2564 1913 Lazarum
2584 1900 2600 1925 ,
2634 1826 2790 1929 quem
2816 1826 3603 1932 propter'virtutem'Christus

2031 1949 2324 2021 diligebat,
2362 1950 2416 2007 in
2451 1952 2721 2010 hominem
2751 1956 2988 2023 peccatis
3034 1955 3367 2009 laborantem
3404 1969 3604 2026 anago-

2032 2040 2150 2113 gica
2175 2042 2627 2113 interpretatione
2654 2043 2819 2100 fuisse
2846 2055 3132 2101 mutatum.
3149 2045 3407 2102 Consulat
3433 2045 3603 2101 lector

2035 2142 2241 2188 tomum
2294 2150 2504 2191 xxxvul
2532 2137 2585 2190 in
2607 2134 2792 2203 Joau.,
2821 2153 2969 2193 num.
2998 2138 3032 2193 6
3055 2179 3069 2204 ,
3117 2138 3400 2209 Origenem
3444 2138 3601 2209 culpa

2035 2228 2331 2282 immunem
2368 2230 2665 2299 contperiet
2696 2247 2711 2285 :
2746 2245 2868 2284 nam
2899 2243 3184 2300 postquam
3215 2230 3405 2285 Lazari
3438 2232 3604 2285 histo—

2037 2319 2192 2383 riam,
2221 2319 2377 2388 juxta
2411 2318 2675 2383 litteram,
2711 2318 2827 2374 luse
2855 2320 3163 2386 explicavit,
3206 2320 3308 2375 hac
3340 2329 3603 2387 praeterea

2035 2404 2286 2459 homines
2330 2404 2533 2474 signari
2566 2406 2733 2470 addit,
2772 2407 2865 2475 qui
2895 2408 3136 2476 peccatis
3163 2408 3443 2475 admissis,
3469 2407 3604 2461 ami-

2032 2495 2161 2550 citia
2187 2510 2309 2551 cum
2337 2494 2463 2552 Jesu
2495 2497 2645 2566 prius
2669 2507 2973 2565 contracta,
3002 2500 3092 2568 qui
3130 2501 3323 2554 animae
3350 2499 3459 2556 vita
3492 2510 3597 2562 est.

2031 2586 2325 2653 excidunt,
2360 2597 2415 2643 et
2444 2588 2597 2643 novis
2644 2603 2859 2644 rursum
2896 2592 3081 2658 gratias
3127 2593 3342 2647 auxiliis
3384 2593 3605 2650 excitati

2031 2678 2278 2733 eamdem
2313 2689 2657 2749 recuperant.
2690 2679 2847 2735 Aliud
2875 2690 2959 2736 est
2991 2694 3171 2737 autem
3201 2684 3451 2738 laborare
3478 2698 3606 2755 pec-

2033 2771 2192 2837 catis,
2226 2770 2371 2827 aliud
2421 2772 2658 2829 hominis
2705 2774 2943 2843 peccatis
2979 2773 3273 2830 laborantis
3309 2776 3601 2845 imaginem

2032 2882 2262 2939 gerere;
2297 2877 2629 2937 postremum
2678 2866 2782 2921 hoc
2817 2865 3027 2920 Lazaro
3064 2867 3253 2922 tribuit
3296 2867 3560 2938 Origenes
3584 2910 3601 2938 ,

2033 2959 2188 3029 prius
2205 2975 2336 3015 vero
2364 2959 2610 3014 minime.
2636 2958 2775 3025 Quid
2802 2960 2869 3014 ad
2893 2960 3172 3029 sequentia
3197 2974 3357 3029 porro
3391 2976 3606 3031 respon-

2035 3051 2191 3103 deam
2234 3064 2339 3103 nou
2371 3049 2583 3116 habeo,
2624 3051 2677 3104 in
2718 3050 2915 3119 quibus
2944 3050 3290 3107 insimulatur
3334 3053 3605 3108 Adaman-

358 3153 539 3197 tamen
574 3144 1075 3213 interpretationem
1126 3146 1360 3201 maxime
1408 3148 1649 3202 omnium
1685 3149 1930 3218 postula-
1958 3170 2004 3233 ο
2037 3142 2143 3196 lius
2171 3180 2188 3207 ν
2240 3143 2383 3212 quod
2433 3151 2623 3198 οοηιτα
2668 3142 2947 3213 Ενιιηεειίί
2977 3144 3357 3199 θυοιονίιειιθιη
3391 3143 3605 3203 Ῑυάωοε

356 3234 509 3288 haut.
534 3233 782 3290 Attamen
819 3235 1141 3291 temerarius
1167 3236 1423 3307 juvenilis
1446 3238 1625 3293 aetatis
1655 3239 1808 3294 calor
1837 3254 1933 3295 ex-

355 3325 625 3381 cusationi
673 3335 799 3393 est,
852 3343 962 3398 quo
1015 3329 1232 3399 vigente
1285 3329 1414 3385 talia
1468 3333 1793 3399 attentavit;
1836 3334 1932 3388 sed

353 3417 749 3487 prodeuntibus
772 3421 931 3477 annis
962 3430 1199 3478 mutasse
1243 3424 1529 3479 consilium
1561 3425 1616 3480 id
1646 3426 1777 3480 mihi
1812 3440 1934 3495 per-

356 3508 571 3575 suadet,
598 3510 740 3578 quod
774 3520 1131 3581 spontaneam
1169 3514 1563 3568 castrationem
1592 3515 1934 3572 damnaverit

356 3608 490 3655 tom.
527 3614 597 3655 xv
618 3603 672 3655 in
710 3601 930 3667 Matth.,
954 3618 1105 3657 num.
1128 3603 1184 3670 ‘3,
1216 3620 1343 3676 pag.
1378 3604 1505 3673 655,
1537 3616 1594 3662 ut
1614 3606 1744 3661 alibi
1781 3622 1809 3661 a
1844 3623 1936 3662 no—

356 3689 441 3743 bis
464 3690 809 3747 observatum
839 3700 941 3748 est.
974 3690 1217 3746 Alterum
1267 3693 1321 3748 id
1373 3693 1681 3765 expostulat
1732 3694 1933 3749 Eusta-

356 3782 538 3847 thius,
584 3783 727 3853 quod
761 3783 1073 3854 paradisum
1106 3792 1465 3851 terrestrem,
1515 3794 1572 3839 et
1618 3784 1934 3841 fructiferas

355 3875 596 3943 paradisi
648 3877 875 3933 arbores
913 3877 1206 3950 allegorica
1240 3878 1585 3948 expositione
1608 3878 1931 3936 aboleverit.

358 3964 473 4022 IIoc
505 3968 677 4036 ipsum
711 3968 825 4024 fere
869 3970 1145 4026 criminati
1178 3980 1350 4039 sunt,
1382 3979 1652 4042 quotquot
1676 3971 1932 4044 allegori-

355 4074 452 4115 ras
503 4060 674 4128 ipsius
722 4063 1201 4131 interpretationes
1258 4063 1550 4121 damnasse
1598 4066 1926 4124 notavimus.

356 4154 426 4208 At
465 4155 833 4222 patrocinatur
880 4155 1033 4210 Philo
1075 4154 1313 4225 ludimus,
1344 4171 1376 4213 e
1414 4154 1568 4225 cujus
1605 4158 1759 4215 libris
1791 4161 1933 4231 Περὶ

354 4246 770 4316 κοσμοποιιας,
800 4256 857 4302 et
879 4248 1111 4318 Allegor.
1151 4248 1253 4319 leg.
1285 4252 1339 4315 1,
1377 4266 1530 4306 suam
1566 4251 1633 4305 de
1679 4253 1932 4322 paradiso

354 4336 679 4392 seritentiam
702 4348 994 4413 mutuatus
1042 4349 1145 4396 est.
1196 4339 1390 4396 Futilis
1436 4352 1519 4397 est
1550 4358 1784 4413 sequens
1826 4345 1932 4399 Eu-

355 4428 544 4487 stathii
583 4412 853 4486 cavillatio
898 4431 953 4485 in
983 4431 1247 4487 vocabqu
1302 4431 1493 4503 μῦθος,
1544 4412 1655 4506 quo
1687 4436 1931 4506 paradisi

357 4522 642 4577 historiam
707 4521 972 4593 Origenes
1029 4522 1360 4594 appellavit,
1414 4540 1538 4580 cum
1592 4528 1931 4597 grammatici
1964 4521 2008 4577 D

240 4681 256 4697 θ
356 4616 533 4671 sciant
560 4614 731 4685 μύθου
765 4618 987 4673 nomine
1018 4632 1106 4673 res
1136 4632 1353 4687 quoque
1385 4634 1515 4675 vere
1549 4630 1731 4691 gestas
1760 4622 1930 4692 signi-

354 4705 529 4772 llcari,
582 4708 1039 4777 quemadmodum
1069 4708 1421 4767 historiarum
1466 4714 1684 4768 nomine
1734 4713 1931 4769 fabulae

352 4813 572 4867 quoque
621 4814 1012 4871 nonnunquam
1044 4803 1441 4874 intelliguntur.
1472 4802 1796 4873 Propertius
1833 4807 1930 4867 lib.

355 4906 431 4957 tv,
459 4890 615 4952 Eleg.
651 4893 675 4946 I
706 4911 725 4947 ς
764 4891 1039 4947 Hactenus
1070 4894 1337 4961 historia,
1361 4911 1486 4951 cum
1517 4897 1695 4965 Troja:
1722 4898 1933 4956 fabulas

356 4980 550 5037 fuisset
568 4992 909 5052 persecutus.
935 4985 1117 5056 Pergit
1152 4988 1414 5056 conqueri
1438 4988 1760 5045 Eustathius
1786 4996 1931 5061 quod

355 5069 589 5128 eﬂ'ossos
623 5073 691 5129 ab
716 5075 1029 5133 Abrahamo
1058 5089 1245 5149 puteos
1277 5080 1331 5134 in
1362 5079 1684 5151 allegoriam
1714 5082 1931 5138 deriva-

359 5162 522 5227 verit,
558 5164 650 5233 qui
676 5179 775 5221 sua
817 5175 999 5221 tamen
1026 5178 1187 5224 aetate
1222 5179 1568 5240 supererant.
1613 5168 1809 5225 Veru’m
1847 5172 1931 5231 vel

359 5256 487 5310 illud
515 5266 848 5324 postremum
890 5258 1136 5329 iniquam
1173 5261 1294 5331 ejus
1322 5262 1758 5318 criminationem
1793 5265 1928 5319 satis

358 5346 589 5415 refellit,
642 5365 769 5405 nam
821 5348 1041 5423 Origeni
1072 5354 1166 5422 qui
1198 5362 1282 5408 tot
1330 5354 1387 5410 in
1435 5354 1620 5411 Iudaea
1671 5361 1932 5427 transegit

357 5455 529 5494 auitos
552 5479 567 5503 ,
600 5441 767 5510 ignoti
813 5458 935 5499 esse
978 5458 1085 5500 non
1119 5454 1411 5514 potuerunt
1441 5448 1493 5503 hi
1526 5448 1709 5518 putei;
1748 5458 1929 5511 tamne

360 5549 486 5588 vero
523 5533 747 5603 projecti
801 5536 975 5605 ipsum
1027 5537 1252 5607 pudoris
1300 5537 1471 5595 fuisse
1521 5541 1839 5606 credemus,
1869 5552 1928 5594 ut

462 5652 511 5683 "
538 5652 725 5708 Matth.
756 5669 870 5721 xIx,
892 5654 979 5709 21.

429 5748 541 5809 159)
575 5747 675 5802 His
715 5752 1090 5826 animaduersis
1129 5753 1303 5821 facilis
1341 5763 1417 5809 est
1439 5755 1554 5824 jam
1588 5756 1923 5826 dijudicatio,

360 5833 572 5888 mquam:
603 5835 821 5875 censura
864 5821 1139 5893 Origenem
1186 5821 1453 5881 vexaverit
1481 5821 1786 5883 Eustathius
1818 5828 1925 5881 .Iu-

2035 3236 2314 3306 negaverit
2346 3235 2552 3307 lapides
2585 3236 2636 3290 iu
2675 3236 2949 3291 Christum
2974 3237 3265 3307 'jaciendos
3295 3238 3604 3304 sustulisse,

2035 3341 2259 3397 remque
2290 3327 2356 3380 ad
2392 3326 2746 3397 tropologiam
2796 3327 3089 3383 detorserit
3118 3346 3133 3383 :
3164 3344 3287 3383 nam
3340 3339 3608 3387 vetustate

2032 3417 2335 3472 imminutis
2367 3416 2789 3473 Commentariis
2820 3418 2875 3472 in
2909 3417 3195 3485 Joannem,
3224 3436 3351 3489 pars
3402 3421 3492 3476 illa
3521 3422 3607 3475 in-

2036 3510 2271 3576 tercidit,
2304 3509 2359 3564 in
2399 3524 2506 3580 qua
2536 3510 2650 3565 haec
2682 3510 2961 3582 Evangelii
2988 3514 3229 3567 narratio
3259 3513 3605 3583 explanatur.

2033 3602 2314 3669 Quomodo
2367 3617 2502 3672 ergo
2530 3602 2597 3657 ab
2630 3600 2865 3673 Origene
2906 3613 3127 3673 accepta
3173 3605 3285 3667 sit,
3342 3604 3607 3657 incertum

2032 3704 2134 3751 est.
2170 3696 2408 3767 Denique
2438 3710 2581 3765 aegre
2610 3696 2888 3751 Eustatbio
2926 3705 3012 3751 est
3035 3735 3051 3760 ,
3087 3696 3225 3764 quod
3276 3695 3609 3764 argumentis

2031 3802 2099 3843 ex
2134 3789 2414 3844 nominum
2456 3787 2911 3856 interpretatione
2944 3786 3127 3857 petitis
3152 3826 3169 3852 ,
3218 3787 3269 3840 in
3322 3786 3610 3859 allegorias

2031 3878 2391 3935 Adamantius
2432 3892 2818 3949 nonnunquam
2865 3887 3166 3946 excurrat,
3214 3894 3339 3934 cum
3372 3880 3478 3935 duo
3507 3895 3610 3938 sa-

2032 3969 2258 4042 pissime
2296 3971 2544 4027 homines
2592 3970 2838 4027 moribus
2886 3979 2943 4027 et
2970 3975 3184 4027 ratione
3221 3973 3343 4031 vita:
3389 3975 3609 4042 penitus

2034 4063 2314 4119 discordes
2352 4064 2494 4119 idem
2535 4072 2716 4119 tamen
2765 4079 2963 4119 nomen
3004 4074 3212 4135 gerant.
3244 4063 3315 4118 At
3348 4079 3452 4119 non
3498 4074 3607 4119 tam

2026 4155 2161 4212 inde
2185 4155 2472 4227 allegorias
2492 4155 2781 4226 Origenem
2814 4170 3094 4211 arcessere
3115 4169 3301 4210 verum
3323 4164 3607 4226 est,quam

2033 4248 2251 4304 aliunde
2278 4249 2478 4319 petitas
2516 4248 2618 4303 hoc
2666 4247 2888 4320 insuper
2918 4257 3240 4319 argumento
3270 4287 3286 4313 ,
3314 4256 3609 4318 quantum-

2034 4345 2117 4398 vis
2140 4342 2243 4399 levi
2269 4343 2615 4399 conﬁrmare.

2566 4454 2892 4523 QUESTIO
2933 4453 3048 4511 XIV

2316 4560 2766 4611 ουεετιυκευιλε
2791 4561 3023 4611 ALIQUOT
3049 4560 3196 4607 QUASI
3227 4560 3327 4598 PER

2529 4632 2781 4673 εΑτυιιΑιι
2810 4631 3108 4673 COII‘LEXA.

2034 4731 2077 4786 I.
2118 4731 2390 4797 Quaeritur
2417 4730 2660 4809 Origenis
2684 4732 2949 4809 sententia
2977 4731 3040 4783 de
3070 4728 3271 4809 ligandi
3296 4725 3604 4809 et‘solvends'

2104 4810 2392 4877 potestate_
2432 4797 2794 4877 sacerdotibus
2876 4797 3140 4877 concessa}
3165 4797 3262 4877 AII.
3311 4798 3605 4877 discutitur

2108 4874 2340 4937 eiusdem
2359 4871 2423 4924 de
2447 4870 2784 4923 Eucharistia
2816 4870 3015 4939 Opinio.
3047 4870 3127 4923 III.
3155 4869 3409 4939 Qua'dam
3439 4869 3604 4933 ipsius

2113 4944 2178 4995 de
2210 4943 2549 5019 matrimonio
2578 4942 2827 5019 dogmata
2848 4938 3126 5019 notantur.
3281 4938 3466 5019 Utrum
3494 4952 3606 5019 nta-

2110 5014 2241 5081 gicis
2274 5013 2475 5065 artibus
2521 5005 2706 5079 faverit
2732 5050 2745 5073 ,
2780 5013 3132 5081 exploratur:
3181 5008 3327 5081 V.7et
3380 5010 3443 5059 de
3496 5005 3606 5081 En-

2110 5079 2453 5151 gastrimytho
2482 5082 2609 5151 quid
2646 5083 2925 5151 statuerit;
2956 5080 3040 5138 VI.
3078 5080 3260 5148 ecquid
3291 5084 3354 5132 de
3388 5079 3605 5131 utenda-

2107 5150 2187 5206 cio
2212 5193 2229 5220 ,
2267 5150 2378 5208 VII.
2408 5161 2456 5205 et
2483 5150 2545 5205 de
2573 5150 2950 5220 jurejurando.

2109 5267 2149 5320 I.
2188 5266 2525 5321 Postremum
2553 5267 2693 5320 hanc
2719 5264 3070 5334 qumstionem
3098 5262 3302 5329 aperiet
3330 5260 3507 5314 brevis
3540 5258 3605 5314 de

2038 5359 2376 5412 sacerdotum
2410 5366 2679 5425 potestate
2704 5395 2720 5419 ,
2767 5356 2917 5422 juxta
2955 5351 3207 5421 Origenis
3255 5348 3599 5412 sententiam,

2028 5448 2345 5518 disputatio.
2390 5450 2437 5501 Is
2479 5457 2622 5501 temo
2685 5461 2758 5501 xu
2795 5447 2849 5498 in
2897 5443 3114 5509 Mattio,
3154 5459 3300 5496 num.
3352 5440 3441 5503 14,
3480 5453 3602 5507 pag.

2040 5540 2165 5605 551,
2198 5541 2392 5596 scribit
2426 5550 2746 5610 potestatem
2784 5538 3018 5591 clavium
3064 5535 3266 5590 habere
3295 5533 3600 5603 episcopos,

2039 5754 2329 5813 tioclieuus,
2368 5762 2472 5803 etc.
2504 5748 2635 5804 Vide
2669 5747 2865 5802 iterum
2914 5743 3292 5802 I’rtefationcm
3343 5736 3475 5796 tomi
3518 5752 3593 5792 se-

2036 5824 2218 5891 cundi,
2246 5821 2470 5878 articulo
2497 5821 2553 5873 8.
3585 5853 3593 5859 .
