  <div class='ocr_page' id='page_1' title='image "/cluster/home/n/w/nwhite01/storage/ocr_20150623/17/mdp.39015031604831/543.png"; bbox 0 0 4068 6308; ppageno 0'>
   <div class='ocr_carea' id='block_1_1' title="bbox 539 375 679 436">
    <p class='ocr_par' dir='ltr' id='par_1_1' title="bbox 539 375 679 436">
     <span class='ocr_line' id='line_1_1' title="bbox 539 375 679 436; baseline -0.014 0"><span class='ocrx_word' id='word_1_1' title='bbox 539 375 679 436; x_wconf 72' lang='lat' dir='ltr'><strong>i075</strong></span> 
     </span>
    </p>
   </div>
   <div class='ocr_carea' id='block_1_2' title="bbox 1801 377 2496 441">
    <p class='ocr_par' dir='ltr' id='par_1_2' title="bbox 1801 377 2496 441">
     <span class='ocr_line' id='line_1_2' title="bbox 1801 377 2496 441; baseline -0.001 -5"><span class='ocrx_word' id='word_1_2' title='bbox 1801 377 1862 441; x_wconf 84' lang='lat' dir='ltr'><strong>P.</strong></span> <span class='ocrx_word' id='word_1_3' title='bbox 1901 379 2208 437; x_wconf 77' lang='lat' dir='ltr'><strong>DANIELIS</strong></span> <span class='ocrx_word' id='word_1_4' title='bbox 2248 379 2496 438; x_wconf 83' lang='lat' dir='ltr'><strong>llUETll.</strong></span> 
     </span>
    </p>
   </div>
   <div class='ocr_carea' id='block_1_3' title="bbox 3644 383 3783 438">
    <p class='ocr_par' dir='ltr' id='par_1_3' title="bbox 3644 383 3783 438">
     <span class='ocr_line' id='line_1_3' title="bbox 3644 383 3783 438; baseline 0 0"><span class='ocrx_word' id='word_1_5' title='bbox 3644 383 3783 438; x_wconf 68' lang='lat'><strong>1076</strong></span> 
     </span>
    </p>
   </div>
   <div class='ocr_carea' id='block_1_4' title="bbox 539 489 2098 571">
    <p class='ocr_par' dir='ltr' id='par_1_4' title="bbox 539 497 2098 570">
     <span class='ocr_line' id='line_1_4' title="bbox 539 497 2098 570; baseline 0.002 -15"><span class='ocrx_word' id='word_1_6' title='bbox 539 508 596 555; x_wconf 93' lang='lat' dir='ltr'><strong>et</strong></span> <span class='ocrx_word' id='word_1_7' title='bbox 627 513 746 569; x_wconf 77' lang='lat' dir='ltr'><strong>quae</strong></span> <span class='ocrx_word' id='word_1_8' title='bbox 781 499 849 553; x_wconf 88' lang='lat' dir='ltr'><strong>ab</strong></span> <span class='ocrx_word' id='word_1_9' title='bbox 877 498 1007 569; x_wconf 89' lang='lat' dir='ltr'><strong>ipsis</strong></span> <span class='ocrx_word' id='word_1_10' title='bbox 1038 497 1119 554; x_wconf 99' lang='lat' dir='ltr'><strong>vel</strong></span> <span class='ocrx_word' id='word_1_11' title='bbox 1151 497 1318 570; x_wconf 86' lang='lat' dir='ltr'><strong>ligata</strong></span> <span class='ocrx_word' id='word_1_12' title='bbox 1354 498 1439 556; x_wconf 89' lang='lat' dir='ltr'><strong>vel</strong></span> <span class='ocrx_word' id='word_1_13' title='bbox 1471 499 1644 556; x_wconf 89' lang='lat' dir='ltr'><strong>soluta</strong></span> <span class='ocrx_word' id='word_1_14' title='bbox 1676 509 1804 556; x_wconf 91' lang='lat' dir='ltr'><strong>sunt</strong></span> <span class='ocrx_word' id='word_1_15' title='bbox 1830 503 1885 556; x_wconf 91' lang='lat' dir='ltr'><strong>in</strong></span> <span class='ocrx_word' id='word_1_16' title='bbox 1917 502 2098 566; x_wconf 78' lang='lat' dir='ltr'><strong>terrisl</strong></span> 
     </span>
    </p>
   </div>
   <div class='ocr_carea' id='block_1_5' title="bbox 2202 489 3787 571">
    <p class='ocr_par' dir='ltr' id='par_1_5' title="bbox 2211 489 3787 571">
     <span class='ocr_line' id='line_1_5' title="bbox 2211 489 3787 571; baseline -0.001 -17"><span class='ocrx_word' id='word_1_17' title='bbox 2211 499 2536 570; x_wconf 80' lang='grc' dir='ltr'><strong>Εὑαγγελίου</strong></span> <span class='ocrx_word' id='word_1_18' title='bbox 2562 498 2731 568; x_wconf 78' lang='grc' dir='ltr'><strong>λέγει,</strong></span> <span class='ocrx_word' id='word_1_19' title='bbox 2765 492 2902 571; x_wconf 80' lang='grc' dir='ltr'><strong>πρδς</strong></span> <span class='ocrx_word' id='word_1_20' title='bbox 2934 496 3140 550; x_wconf 65' lang='grc' dir='ltr'><strong>ἐκεῖνον</strong></span> <span class='ocrx_word' id='word_1_21' title='bbox 3161 489 3252 550; x_wconf 73' lang='grc' dir='ltr'>τὸν</span> <span class='ocrx_word' id='word_1_22' title='bbox 3286 493 3522 567; x_wconf 78' lang='grc' dir='ltr'><strong>Πέτρον·</strong></span> <span class='ocrx_word' id='word_1_23' title='bbox 3547 496 3620 560; x_wconf 82' lang='grc' dir='ltr'><strong>ὡς</strong></span> <span class='ocrx_word' id='word_1_24' title='bbox 3645 492 3702 550; x_wconf 78' lang='grc' dir='ltr'><strong>δὲ</strong></span> <span class='ocrx_word' id='word_1_25' title='bbox 3722 496 3787 552; x_wconf 77' lang='grc' dir='ltr'><strong>τδ</strong></span> 
     </span>
    </p>
   </div>
   <div class='ocr_carea' id='block_1_6' title="bbox 539 589 2108 662">
    <p class='ocr_par' dir='ltr' id='par_1_6' title="bbox 539 589 2108 662">
     <span class='ocr_line' id='line_1_6' title="bbox 539 589 2108 662; baseline 0.003 -17"><span class='ocrx_word' id='word_1_26' title='bbox 539 591 703 662; x_wconf 85' lang='lat' dir='ltr'><strong>ligata</strong></span> <span class='ocrx_word' id='word_1_27' title='bbox 729 605 851 646; x_wconf 87' lang='lat' dir='ltr'><strong>esse</strong></span> <span class='ocrx_word' id='word_1_28' title='bbox 883 601 939 644; x_wconf 92' lang='lat' dir='ltr'><strong>et</strong></span> <span class='ocrx_word' id='word_1_29' title='bbox 973 589 1147 644; x_wconf 89' lang='lat' dir='ltr'><strong>soluta</strong></span> <span class='ocrx_word' id='word_1_30' title='bbox 1175 592 1228 644; x_wconf 91' lang='lat' dir='ltr'><strong>in</strong></span> <span class='ocrx_word' id='word_1_31' title='bbox 1259 590 1418 659; x_wconf 76' lang='lat' dir='ltr'><strong>ccelo,</strong></span> <span class='ocrx_word' id='word_1_32' title='bbox 1443 593 1486 648; x_wconf 88' lang='lat' dir='ltr'><strong>si</strong></span> <span class='ocrx_word' id='word_1_33' title='bbox 1517 593 1674 647; x_wconf 92' lang='lat' dir='ltr'><strong>modo</strong></span> <span class='ocrx_word' id='word_1_34' title='bbox 1707 591 1851 648; x_wconf 88' lang='lat' dir='ltr'><strong>Petri</strong></span> <span class='ocrx_word' id='word_1_35' title='bbox 1881 593 2108 650; x_wconf 76' lang='lat' dir='ltr'><strong>virtutes</strong></span> 
     </span>
    </p>
   </div>
   <div class='ocr_carea' id='block_1_7' title="bbox 537 679 2106 756">
    <p class='ocr_par' dir='ltr' id='par_1_7' title="bbox 537 679 2106 756">
     <span class='ocr_line' id='line_1_7' title="bbox 537 679 2106 756; baseline 0.002 -20"><span class='ocrx_word' id='word_1_36' title='bbox 537 681 900 736; x_wconf 79' lang='lat' dir='ltr'><strong>annulentnr:</strong></span> <span class='ocrx_word' id='word_1_37' title='bbox 953 679 1036 734; x_wconf 88' lang='lat' dir='ltr'><strong>sin</strong></span> <span class='ocrx_word' id='word_1_38' title='bbox 1086 689 1430 749; x_wconf 79' lang='lat' dir='ltr'><strong>peccatorum</strong></span> <span class='ocrx_word' id='word_1_39' title='bbox 1489 683 1718 738; x_wconf 82' lang='lat' dir='ltr'><strong>vinculis</strong></span> <span class='ocrx_word' id='word_1_40' title='bbox 1774 683 1975 756; x_wconf 86' lang='lat' dir='ltr'><strong>alligati</strong></span> <span class='ocrx_word' id='word_1_41' title='bbox 2025 693 2106 739; x_wconf 86' lang='lat' dir='ltr'><strong>te-</strong></span> 
     </span>
    </p>
   </div>
   <div class='ocr_carea' id='block_1_8' title="bbox 539 770 2110 841">
    <p class='ocr_par' dir='ltr' id='par_1_8' title="bbox 539 770 2110 841">
     <span class='ocr_line' id='line_1_8' title="bbox 539 770 2110 841; baseline 0.003 -15"><span class='ocrx_word' id='word_1_42' title='bbox 539 785 796 836; x_wconf 82' lang='lat' dir='ltr'><strong>neantur,</strong></span> <span class='ocrx_word' id='word_1_43' title='bbox 833 771 1036 824; x_wconf 79' lang='lat' dir='ltr'><strong>frustra</strong></span> <span class='ocrx_word' id='word_1_44' title='bbox 1067 784 1159 825; x_wconf 88' lang='lat' dir='ltr'><strong>eos</strong></span> <span class='ocrx_word' id='word_1_45' title='bbox 1190 770 1358 841; x_wconf 79' lang='lat' dir='ltr'><strong>ligare</strong></span> <span class='ocrx_word' id='word_1_46' title='bbox 1390 781 1446 827; x_wconf 91' lang='lat' dir='ltr'><strong>et</strong></span> <span class='ocrx_word' id='word_1_47' title='bbox 1486 772 1715 828; x_wconf 89' lang='lat' dir='ltr'><strong>solvere.</strong></span> <span class='ocrx_word' id='word_1_48' title='bbox 1743 772 1896 840; x_wconf 84' lang='lat' dir='ltr'><strong>Quod</strong></span> <span class='ocrx_word' id='word_1_49' title='bbox 1920 774 1962 828; x_wconf 93' lang='lat' dir='ltr'><strong>si</strong></span> <span class='ocrx_word' id='word_1_50' title='bbox 1996 790 2110 830; x_wconf 79' lang='lat' dir='ltr'><strong>me—</strong></span> 
     </span>
    </p>
   </div>
   <div class='ocr_carea' id='block_1_9' title="bbox 535 863 2107 930">
    <p class='ocr_par' dir='ltr' id='par_1_9' title="bbox 535 863 2107 930">
     <span class='ocr_line' id='line_1_9' title="bbox 535 863 2107 930; baseline 0.003 -13"><span class='ocrx_word' id='word_1_51' title='bbox 535 865 656 918; x_wconf 86' lang='lat' dir='ltr'><strong>ritis</strong></span> <span class='ocrx_word' id='word_1_52' title='bbox 691 863 812 917; x_wconf 90' lang='lat' dir='ltr'><strong>licet</strong></span> <span class='ocrx_word' id='word_1_53' title='bbox 841 877 904 916; x_wconf 94' lang='lat' dir='ltr'><strong>ac</strong></span> <span class='ocrx_word' id='word_1_54' title='bbox 944 863 1153 930; x_wconf 83' lang='lat' dir='ltr'><strong>pietate</strong></span> <span class='ocrx_word' id='word_1_55' title='bbox 1199 863 1485 920; x_wconf 77' lang='lat' dir='ltr'><strong>inferiores</strong></span> <span class='ocrx_word' id='word_1_56' title='bbox 1530 863 1706 930; x_wconf 89' lang='lat' dir='ltr'><strong>Petro,</strong></span> <span class='ocrx_word' id='word_1_57' title='bbox 1754 865 2107 921; x_wconf 86' lang='lat' dir='ltr'><strong>nihilominus</strong></span> 
     </span>
    </p>
   </div>
   <div class='ocr_carea' id='block_1_10' title="bbox 534 954 2104 1027">
    <p class='ocr_par' dir='ltr' id='par_1_10' title="bbox 534 954 2104 1027">
     <span class='ocr_line' id='line_1_10' title="bbox 534 954 2104 1027; baseline 0.001 -18"><span class='ocrx_word' id='word_1_58' title='bbox 534 957 756 1027; x_wconf 83' lang='lat' dir='ltr'><strong>ligatum</strong></span> <span class='ocrx_word' id='word_1_59' title='bbox 799 955 864 1009; x_wconf 90' lang='lat' dir='ltr'><strong>iri</strong></span> <span class='ocrx_word' id='word_1_60' title='bbox 913 963 1137 1024; x_wconf 76' lang='lat' dir='ltr'><strong>sperent</strong></span> <span class='ocrx_word' id='word_1_61' title='bbox 1183 955 1235 1008; x_wconf 92' lang='lat' dir='ltr'><strong>in</strong></span> <span class='ocrx_word' id='word_1_62' title='bbox 1284 954 1447 1020; x_wconf 73' lang='lat' dir='ltr'><strong>cmlo,</strong></span> <span class='ocrx_word' id='word_1_63' title='bbox 1498 967 1550 1011; x_wconf 86' lang='lat' dir='ltr'><strong>et</strong></span> <span class='ocrx_word' id='word_1_64' title='bbox 1600 955 1856 1024; x_wconf 91' lang='lat' dir='ltr'><strong>solutum,</strong></span> <span class='ocrx_word' id='word_1_65' title='bbox 1901 971 2021 1024; x_wconf 59' lang='lat' dir='ltr'><strong>quae</strong></span> <span class='ocrx_word' id='word_1_66' title='bbox 2052 957 2104 1010; x_wconf 94' lang='lat' dir='ltr'><strong>in</strong></span> 
     </span>
    </p>
   </div>
   <div class='ocr_carea' id='block_1_11' title="bbox 535 1031 2104 1117">
    <p class='ocr_par' dir='ltr' id='par_1_11' title="bbox 535 1031 2104 1117">
     <span class='ocr_line' id='line_1_11' title="bbox 535 1031 2104 1117; baseline 0.001 -16"><span class='ocrx_word' id='word_1_67' title='bbox 535 1047 696 1101; x_wconf 90' lang='lat' dir='ltr'><strong>terris</strong></span> <span class='ocrx_word' id='word_1_68' title='bbox 745 1031 1035 1117; x_wconf 84' lang='lat' dir='ltr'><strong>ligaveriut</strong></span> <span class='ocrx_word' id='word_1_69' title='bbox 1077 1052 1131 1100; x_wconf 91' lang='lat' dir='ltr'><strong>et</strong></span> <span class='ocrx_word' id='word_1_70' title='bbox 1165 1045 1459 1112; x_wconf 82' lang='lat' dir='ltr'><strong>solverint;</strong></span> <span class='ocrx_word' id='word_1_71' title='bbox 1495 1047 1791 1116; x_wconf 80' lang='lat' dir='ltr'><strong>legitimum</strong></span> <span class='ocrx_word' id='word_1_72' title='bbox 1831 1064 1926 1104; x_wconf 85' lang='lat' dir='ltr'><strong>eos</strong></span> <span class='ocrx_word' id='word_1_73' title='bbox 1955 1048 2104 1103; x_wconf 83' lang='lat' dir='ltr'><strong>Scri-</strong></span> 
     </span>
    </p>
   </div>
   <div class='ocr_carea' id='block_1_12' title="bbox 533 1140 2104 1209">
    <p class='ocr_par' dir='ltr' id='par_1_12' title="bbox 533 1140 2104 1209">
     <span class='ocr_line' id='line_1_12' title="bbox 533 1140 2104 1209; baseline 0.001 -17"><span class='ocrx_word' id='word_1_74' title='bbox 533 1149 815 1208; x_wconf 89' lang='lat' dir='ltr'><strong>pturarum</strong></span> <span class='ocrx_word' id='word_1_75' title='bbox 849 1140 1099 1209; x_wconf 89' lang='lat' dir='ltr'><strong>ignorare</strong></span> <span class='ocrx_word' id='word_1_76' title='bbox 1129 1153 1369 1206; x_wconf 83' lang='lat' dir='ltr'><strong>sensum,</strong></span> <span class='ocrx_word' id='word_1_77' title='bbox 1415 1148 1469 1193; x_wconf 92' lang='lat' dir='ltr'><strong>et</strong></span> <span class='ocrx_word' id='word_1_78' title='bbox 1501 1140 1754 1208; x_wconf 84' lang='lat' dir='ltr'><strong>superbia</strong></span> <span class='ocrx_word' id='word_1_79' title='bbox 1805 1149 2104 1195; x_wconf 68' lang='lat' dir='ltr'><strong>excaecatos</strong></span> 
     </span>
    </p>
   </div>
   <div class='ocr_carea' id='block_1_13' title="bbox 533 1229 2100 1288">
    <p class='ocr_par' dir='ltr' id='par_1_13' title="bbox 533 1229 2100 1288">
     <span class='ocr_line' id='line_1_13' title="bbox 533 1229 2100 1288; baseline 0.002 -5"><span class='ocrx_word' id='word_1_80' title='bbox 533 1247 673 1288; x_wconf 83' lang='lat' dir='ltr'><strong>csse.</strong></span> <span class='ocrx_word' id='word_1_81' title='bbox 711 1230 767 1284; x_wconf 91' lang='lat' dir='ltr'><strong>ln</strong></span> <span class='ocrx_word' id='word_1_82' title='bbox 805 1231 946 1283; x_wconf 88' lang='lat' dir='ltr'><strong>hunc</strong></span> <span class='ocrx_word' id='word_1_83' title='bbox 989 1231 1164 1284; x_wconf 90' lang='lat' dir='ltr'><strong>locum</strong></span> <span class='ocrx_word' id='word_1_84' title='bbox 1214 1240 1444 1285; x_wconf 89' lang='lat' dir='ltr'><strong>annotat</strong></span> <span class='ocrx_word' id='word_1_85' title='bbox 1489 1229 1675 1286; x_wconf 88' lang='lat' dir='ltr'><strong>Sixtus</strong></span> <span class='ocrx_word' id='word_1_86' title='bbox 1707 1231 1966 1288; x_wconf 82' lang='lat' dir='ltr'><strong>Senensis</strong></span> <span class='ocrx_word' id='word_1_87' title='bbox 2007 1232 2100 1287; x_wconf 91' lang='lat' dir='ltr'><strong>lib.</strong></span> 
     </span>
    </p>
   </div>
   <div class='ocr_carea' id='block_1_14' title="bbox 533 1321 2102 1392">
    <p class='ocr_par' dir='ltr' id='par_1_14' title="bbox 533 1321 2102 1392">
     <span class='ocr_line' id='line_1_14' title="bbox 533 1321 2102 1392; baseline 0.001 -16"><span class='ocrx_word' id='word_1_88' title='bbox 533 1339 584 1376; x_wconf 73' lang='lat' dir='ltr'><strong>vi</strong></span> <span class='ocrx_word' id='word_1_89' title='bbox 618 1340 705 1380; x_wconf 85' lang='lat' dir='ltr'><strong>an.</strong></span> <span class='ocrx_word' id='word_1_90' title='bbox 754 1323 844 1385; x_wconf 85' lang='lat'><strong>70,</strong></span> <span class='ocrx_word' id='word_1_91' title='bbox 877 1321 1115 1376; x_wconf 78' lang='lat' dir='ltr'><strong>alludere</strong></span> <span class='ocrx_word' id='word_1_92' title='bbox 1145 1321 1429 1392; x_wconf 86' lang='lat' dir='ltr'><strong>Origenem</strong></span> <span class='ocrx_word' id='word_1_93' title='bbox 1467 1324 1532 1377; x_wconf 88' lang='lat' dir='ltr'><strong>ad</strong></span> <span class='ocrx_word' id='word_1_94' title='bbox 1573 1339 1816 1378; x_wconf 91' lang='lat' dir='ltr'><strong>errorem</strong></span> <span class='ocrx_word' id='word_1_95' title='bbox 1857 1323 1924 1378; x_wconf 91' lang='lat' dir='ltr'><strong>ab</strong></span> <span class='ocrx_word' id='word_1_96' title='bbox 1961 1322 2102 1378; x_wconf 85' lang='lat' dir='ltr'><strong>lins—</strong></span> 
     </span>
    </p>
   </div>
   <div class='ocr_carea' id='block_1_15' title="bbox 536 1414 2102 1483">
    <p class='ocr_par' dir='ltr' id='par_1_15' title="bbox 536 1414 2102 1483">
     <span class='ocr_line' id='line_1_15' title="bbox 536 1414 2102 1483; baseline 0.001 -16"><span class='ocrx_word' id='word_1_97' title='bbox 536 1414 656 1468; x_wconf 90' lang='lat' dir='ltr'><strong>sitis</strong></span> <span class='ocrx_word' id='word_1_98' title='bbox 710 1415 1050 1482; x_wconf 86' lang='lat' dir='ltr'><strong>postmodum</strong></span> <span class='ocrx_word' id='word_1_99' title='bbox 1109 1423 1521 1483; x_wconf 88' lang='lat' dir='ltr'><strong>propngnatum,</strong></span> <span class='ocrx_word' id='word_1_100' title='bbox 1565 1414 1657 1482; x_wconf 89' lang='lat' dir='ltr'><strong>qui</strong></span> <span class='ocrx_word' id='word_1_101' title='bbox 1707 1428 1856 1483; x_wconf 72' lang='lat' dir='ltr'><strong>papa:</strong></span> <span class='ocrx_word' id='word_1_102' title='bbox 1893 1422 1949 1468; x_wconf 89' lang='lat' dir='ltr'><strong>et</strong></span> <span class='ocrx_word' id='word_1_103' title='bbox 1985 1414 2102 1482; x_wconf 85' lang='lat' dir='ltr'><strong>epi-</strong></span> 
     </span>
    </p>
   </div>
   <div class='ocr_carea' id='block_1_16' title="bbox 535 1505 2105 1587">
    <p class='ocr_par' dir='ltr' id='par_1_16' title="bbox 535 1505 2105 1587">
     <span class='ocr_line' id='line_1_16' title="bbox 535 1505 2105 1587; baseline -0.002 -25"><span class='ocrx_word' id='word_1_104' title='bbox 535 1521 822 1575; x_wconf 80' lang='lat' dir='ltr'><strong>Scoporum</strong></span> <span class='ocrx_word' id='word_1_105' title='bbox 847 1515 1170 1576; x_wconf 89' lang='lat' dir='ltr'><strong>potestatem</strong></span> <span class='ocrx_word' id='word_1_106' title='bbox 1207 1520 1270 1558; x_wconf 78' lang='lat' dir='ltr'><strong>ex</strong></span> <span class='ocrx_word' id='word_1_107' title='bbox 1305 1521 1513 1559; x_wconf 90' lang='lat' dir='ltr'><strong>morum</strong></span> <span class='ocrx_word' id='word_1_108' title='bbox 1551 1505 1842 1561; x_wconf 81' lang='lat' dir='ltr'><strong>sanctitate</strong></span> <span class='ocrx_word' id='word_1_109' title='bbox 1869 1508 2105 1587; x_wconf 86' lang='lat' dir='ltr'><strong>pendere</strong></span> 
     </span>
    </p>
   </div>
   <div class='ocr_carea' id='block_1_17' title="bbox 531 1597 2101 1670">
    <p class='ocr_par' dir='ltr' id='par_1_17' title="bbox 531 1597 2101 1670">
     <span class='ocr_line' id='line_1_17' title="bbox 531 1597 2101 1670; baseline 0.001 -19"><span class='ocrx_word' id='word_1_110' title='bbox 531 1598 818 1664; x_wconf 73' lang='lat' dir='ltr'><strong>volebant,</strong></span> <span class='ocrx_word' id='word_1_111' title='bbox 861 1609 919 1652; x_wconf 95' lang='lat' dir='ltr'><strong>ut</strong></span> <span class='ocrx_word' id='word_1_112' title='bbox 951 1600 1382 1670; x_wconf 88' lang='lat' dir='ltr'><strong>quotiescunque</strong></span> <span class='ocrx_word' id='word_1_113' title='bbox 1431 1597 1706 1667; x_wconf 84' lang='lat' dir='ltr'><strong>peccando</strong></span> <span class='ocrx_word' id='word_1_114' title='bbox 1738 1597 1929 1654; x_wconf 77' lang='lat' dir='ltr'><strong>flerent</strong></span> <span class='ocrx_word' id='word_1_115' title='bbox 1957 1600 2101 1653; x_wconf 88' lang='lat' dir='ltr'><strong>Petri</strong></span> 
     </span>
    </p>
   </div>
   <div class='ocr_carea' id='block_1_18' title="bbox 533 1681 2102 1760">
    <p class='ocr_par' dir='ltr' id='par_1_18' title="bbox 533 1681 2102 1760">
     <span class='ocr_line' id='line_1_18' title="bbox 533 1681 2102 1760; baseline 0.001 -17"><span class='ocrx_word' id='word_1_116' title='bbox 533 1689 844 1758; x_wconf 71' lang='lat' dir='ltr'><strong>dissimiles,</strong></span> <span class='ocrx_word' id='word_1_117' title='bbox 873 1706 978 1743; x_wconf 90' lang='lat' dir='ltr'><strong>una</strong></span> <span class='ocrx_word' id='word_1_118' title='bbox 1011 1699 1330 1760; x_wconf 88' lang='lat' dir='ltr'><strong>potestatem</strong></span> <span class='ocrx_word' id='word_1_119' title='bbox 1365 1690 1534 1758; x_wconf 91' lang='lat' dir='ltr'><strong>ipsius</strong></span> <span class='ocrx_word' id='word_1_120' title='bbox 1561 1690 1876 1744; x_wconf 88' lang='lat' dir='ltr'><strong>amitterent</strong></span> <span class='ocrx_word' id='word_1_121' title='bbox 1904 1709 1918 1759; x_wconf 93' lang='lat'><strong>;</strong></span> <span class='ocrx_word' id='word_1_122' title='bbox 1952 1681 2102 1744; x_wconf 77' lang='lat' dir='ltr'><strong>dam-</strong></span> 
     </span>
    </p>
   </div>
   <div class='ocr_carea' id='block_1_19' title="bbox 533 1782 2094 1852">
    <p class='ocr_par' dir='ltr' id='par_1_19' title="bbox 533 1782 2094 1852">
     <span class='ocr_line' id='line_1_19' title="bbox 533 1782 2094 1852; baseline 0.004 -18"><span class='ocrx_word' id='word_1_123' title='bbox 533 1792 829 1852; x_wconf 75' lang='lat' dir='ltr'><strong>natumque</strong></span> <span class='ocrx_word' id='word_1_124' title='bbox 863 1783 1002 1837; x_wconf 90' lang='lat' dir='ltr'><strong>hunc</strong></span> <span class='ocrx_word' id='word_1_125' title='bbox 1030 1798 1147 1837; x_wconf 90' lang='lat' dir='ltr'><strong>esse</strong></span> <span class='ocrx_word' id='word_1_126' title='bbox 1179 1799 1206 1836; x_wconf 89' lang='lat' dir='ltr'><strong>a</strong></span> <span class='ocrx_word' id='word_1_127' title='bbox 1244 1782 1560 1848; x_wconf 85' lang='lat' dir='ltr'><strong>Tridentina</strong></span> <span class='ocrx_word' id='word_1_128' title='bbox 1589 1785 1814 1852; x_wconf 78' lang='lat' dir='ltr'><strong>synodo,</strong></span> <span class='ocrx_word' id='word_1_129' title='bbox 1844 1800 1978 1840; x_wconf 90' lang='lat' dir='ltr'><strong>sess.</strong></span> <span class='ocrx_word' id='word_1_130' title='bbox 2009 1786 2094 1846; x_wconf 79' lang='grc' dir='ltr'><strong>Η,</strong></span> 
     </span>
    </p>
   </div>
   <div class='ocr_carea' id='block_1_20' title="bbox 2209 587 3786 663">
    <p class='ocr_par' dir='ltr' id='par_1_20' title="bbox 2209 587 3786 663">
     <span class='ocr_line' id='line_1_20' title="bbox 2209 587 3786 663; baseline 0 -19"><span class='ocrx_word' id='word_1_131' title='bbox 2209 590 2432 663; x_wconf 81' lang='grc' dir='ltr'>Πνεῦμα</span> <span class='ocrx_word' id='word_1_132' title='bbox 2461 590 2623 645; x_wconf 76' lang='grc' dir='ltr'><strong>αὑτοῦ</strong></span> <span class='ocrx_word' id='word_1_133' title='bbox 2671 591 2933 653; x_wconf 82' lang='grc' dir='ltr'><strong>διδάσκει,</strong></span> <span class='ocrx_word' id='word_1_134' title='bbox 2968 587 3106 658; x_wconf 80' lang='grc' dir='ltr'><strong>πρὸς</strong></span> <span class='ocrx_word' id='word_1_135' title='bbox 3134 587 3312 642; x_wconf 80' lang='grc' dir='ltr'>πάντα</span> <span class='ocrx_word' id='word_1_136' title='bbox 3349 587 3440 641; x_wconf 80' lang='grc' dir='ltr'><strong>τὸν</strong></span> <span class='ocrx_word' id='word_1_137' title='bbox 3491 590 3786 659; x_wconf 76' lang='grc' dir='ltr'>γενόμενον</span> 
     </span>
    </p>
   </div>
   <div class='ocr_carea' id='block_1_21' title="bbox 2207 680 3786 755">
    <p class='ocr_par' dir='ltr' id='par_1_21' title="bbox 2207 680 3786 755">
     <span class='ocr_line' id='line_1_21' title="bbox 2207 680 3786 755; baseline -0.001 -18"><span class='ocrx_word' id='word_1_138' title='bbox 2207 685 2387 747; x_wconf 82' lang='grc' dir='ltr'><strong>ὁποῖος</strong></span> <span class='ocrx_word' id='word_1_139' title='bbox 2417 685 2446 737; x_wconf 84' lang='grc' dir='ltr'>ὁ</span> <span class='ocrx_word' id='word_1_140' title='bbox 2472 682 2675 755; x_wconf 79' lang='grc' dir='ltr'><strong>Πέτρος</strong></span> <span class='ocrx_word' id='word_1_141' title='bbox 2702 684 2926 746; x_wconf 73' lang='grc' dir='ltr'><strong>ἐκεῖνος.</strong></span> <span class='ocrx_word' id='word_1_142' title='bbox 2961 680 3266 736; x_wconf 88' lang='lat' dir='ltr'><strong>Ostendnnt</strong></span> <span class='ocrx_word' id='word_1_143' title='bbox 3296 681 3434 736; x_wconf 88' lang='lat' dir='ltr'><strong>idem</strong></span> <span class='ocrx_word' id='word_1_144' title='bbox 3465 690 3516 736; x_wconf 92' lang='lat' dir='ltr'><strong>et</strong></span> <span class='ocrx_word' id='word_1_145' title='bbox 3556 685 3786 749; x_wconf 82' lang='lat' dir='ltr'><strong>Sequen-</strong></span> 
     </span>
    </p>
   </div>
   <div class='ocr_carea' id='block_1_22' title="bbox 2209 771 3788 844">
    <p class='ocr_par' dir='ltr' id='par_1_22' title="bbox 2209 771 3788 844">
     <span class='ocr_line' id='line_1_22' title="bbox 2209 771 3788 844; baseline -0.003 -14"><span class='ocrx_word' id='word_1_146' title='bbox 2209 775 2302 840; x_wconf 89' lang='lat' dir='ltr'><strong>tia,</strong></span> <span class='ocrx_word' id='word_1_147' title='bbox 2345 777 2399 829; x_wconf 91' lang='lat' dir='ltr'><strong>in</strong></span> <span class='ocrx_word' id='word_1_148' title='bbox 2433 773 2630 844; x_wconf 87' lang='lat' dir='ltr'><strong>quibus</strong></span> <span class='ocrx_word' id='word_1_149' title='bbox 2661 783 2846 843; x_wconf 90' lang='lat' dir='ltr'><strong>portas</strong></span> <span class='ocrx_word' id='word_1_150' title='bbox 2893 771 3050 825; x_wconf 91' lang='lat' dir='ltr'><strong>inl&#39;eri</strong></span> <span class='ocrx_word' id='word_1_151' title='bbox 3090 785 3210 825; x_wconf 91' lang='lat' dir='ltr'><strong>esse</strong></span> <span class='ocrx_word' id='word_1_152' title='bbox 3253 781 3510 842; x_wconf 84' lang='lat' dir='ltr'><strong>peccata,</strong></span> <span class='ocrx_word' id='word_1_153' title='bbox 3548 771 3788 826; x_wconf 62' lang='lat' dir='ltr'><strong>hereses</strong></span> 
     </span>
    </p>
   </div>
   <div class='ocr_carea' id='block_1_23' title="bbox 2205 861 3784 934">
    <p class='ocr_par' dir='ltr' id='par_1_23' title="bbox 2205 861 3784 934">
     <span class='ocr_line' id='line_1_23' title="bbox 2205 861 3784 934; baseline -0.001 -14"><span class='ocrx_word' id='word_1_154' title='bbox 2205 880 2330 920; x_wconf 85' lang='lat' dir='ltr'><strong>esse</strong></span> <span class='ocrx_word' id='word_1_155' title='bbox 2370 869 2661 932; x_wconf 72' lang='lat' dir='ltr'><strong>daemones,</strong></span> <span class='ocrx_word' id='word_1_156' title='bbox 2711 879 2876 934; x_wconf 87' lang='lat' dir='ltr'><strong>regna</strong></span> <span class='ocrx_word' id='word_1_157' title='bbox 2913 861 3176 917; x_wconf 66' lang='lat' dir='ltr'><strong>caelorum</strong></span> <span class='ocrx_word' id='word_1_158' title='bbox 3206 864 3436 918; x_wconf 81' lang='lat' dir='ltr'><strong>virtutes</strong></span> <span class='ocrx_word' id='word_1_159' title='bbox 3471 879 3595 918; x_wconf 87' lang='lat' dir='ltr'><strong>esse</strong></span> <span class='ocrx_word' id='word_1_160' title='bbox 3631 863 3784 919; x_wconf 86' lang='lat' dir='ltr'><strong>dicit.</strong></span> 
     </span>
    </p>
   </div>
   <div class='ocr_carea' id='block_1_24' title="bbox 2205 953 3786 1025">
    <p class='ocr_par' dir='ltr' id='par_1_24' title="bbox 2205 953 3786 1025">
     <span class='ocr_line' id='line_1_24' title="bbox 2205 953 3786 1025; baseline -0.001 -15"><span class='ocrx_word' id='word_1_161' title='bbox 2205 955 2396 1011; x_wconf 87' lang='lat' dir='ltr'><strong>Priore</strong></span> <span class='ocrx_word' id='word_1_162' title='bbox 2429 965 2632 1022; x_wconf 84' lang='lat' dir='ltr'><strong>autem,</strong></span> <span class='ocrx_word' id='word_1_163' title='bbox 2665 969 2828 1025; x_wconf 83' lang='lat' dir='ltr'><strong>quem</strong></span> <span class='ocrx_word' id='word_1_164' title='bbox 2861 953 3220 1019; x_wconf 80' lang='lat' dir='ltr'><strong>laudavimus,</strong></span> <span class='ocrx_word' id='word_1_165' title='bbox 3248 954 3383 1018; x_wconf 88' lang='lat' dir='ltr'><strong>loco,</strong></span> <span class='ocrx_word' id='word_1_166' title='bbox 3421 954 3548 1008; x_wconf 90' lang='lat' dir='ltr'><strong>llcet</strong></span> <span class='ocrx_word' id='word_1_167' title='bbox 3585 954 3786 1022; x_wconf 78' lang='lat' dir='ltr'><strong>ligandi</strong></span> 
     </span>
    </p>
   </div>
   <div class='ocr_carea' id='block_1_25' title="bbox 2205 1045 3787 1122">
    <p class='ocr_par' dir='ltr' id='par_1_25' title="bbox 2205 1045 3787 1122">
     <span class='ocr_line' id='line_1_25' title="bbox 2205 1045 3787 1122; baseline -0.002 -19"><span class='ocrx_word' id='word_1_168' title='bbox 2205 1055 2259 1103; x_wconf 88' lang='lat' dir='ltr'><strong>et</strong></span> <span class='ocrx_word' id='word_1_169' title='bbox 2295 1046 2532 1111; x_wconf 86' lang='lat' dir='ltr'><strong>solvendi</strong></span> <span class='ocrx_word' id='word_1_170' title='bbox 2577 1054 2895 1116; x_wconf 89' lang='lat' dir='ltr'><strong>potestatem</strong></span> <span class='ocrx_word' id='word_1_171' title='bbox 2962 1045 3212 1100; x_wconf 86' lang='lat' dir='ltr'><strong>omnibus</strong></span> <span class='ocrx_word' id='word_1_172' title='bbox 3256 1046 3489 1110; x_wconf 80' lang='lat' dir='ltr'><strong>tribuat,</strong></span> <span class='ocrx_word' id='word_1_173' title='bbox 3550 1046 3787 1122; x_wconf 75' lang='lat' dir='ltr'><strong>quicun~</strong></span> 
     </span>
    </p>
   </div>
   <div class='ocr_carea' id='block_1_26' title="bbox 2206 1135 3786 1210">
    <p class='ocr_par' dir='ltr' id='par_1_26' title="bbox 2206 1135 3786 1210">
     <span class='ocr_line' id='line_1_26' title="bbox 2206 1135 3786 1210; baseline 0.001 -18"><span class='ocrx_word' id='word_1_174' title='bbox 2206 1153 2312 1210; x_wconf 90' lang='lat' dir='ltr'><strong>que</strong></span> <span class='ocrx_word' id='word_1_175' title='bbox 2351 1147 2435 1193; x_wconf 87' lang='lat' dir='ltr'><strong>ter</strong></span> <span class='ocrx_word' id='word_1_176' title='bbox 2487 1144 2779 1210; x_wconf 83' lang='lat' dir='ltr'><strong>peccantes</strong></span> <span class='ocrx_word' id='word_1_177' title='bbox 2833 1135 3228 1206; x_wconf 87' lang='lat' dir='ltr'><strong>corripueriut;</strong></span> <span class='ocrx_word' id='word_1_178' title='bbox 3285 1137 3548 1205; x_wconf 86' lang='lat' dir='ltr'><strong>peculiari</strong></span> <span class='ocrx_word' id='word_1_179' title='bbox 3603 1148 3786 1193; x_wconf 90' lang='lat' dir='ltr'><strong>tamen</strong></span> 
     </span>
    </p>
   </div>
   <div class='ocr_carea' id='block_1_27' title="bbox 2205 1211 3788 1299">
    <p class='ocr_par' dir='ltr' id='par_1_27' title="bbox 2205 1211 3788 1299">
     <span class='ocr_line' id='line_1_27' title="bbox 2205 1211 3788 1299; baseline -0.001 -14"><span class='ocrx_word' id='word_1_180' title='bbox 2205 1216 2390 1297; x_wconf 85' lang='lat' dir='ltr'><strong>modo,</strong></span> <span class='ocrx_word' id='word_1_181' title='bbox 2418 1211 2732 1299; x_wconf 16' lang='lat' dir='ltr'><strong>et&#39;pleniorl</strong></span> <span class='ocrx_word' id='word_1_182' title='bbox 2776 1238 3071 1297; x_wconf 87' lang='lat' dir='ltr'><strong>potestate,</strong></span> <span class='ocrx_word' id='word_1_183' title='bbox 3109 1241 3172 1281; x_wconf 87' lang='lat' dir='ltr'><strong>ac</strong></span> <span class='ocrx_word' id='word_1_184' title='bbox 3217 1227 3414 1297; x_wconf 77' lang='lat' dir='ltr'><strong>potiori</strong></span> <span class='ocrx_word' id='word_1_185' title='bbox 3457 1229 3582 1298; x_wconf 86' lang='lat' dir='ltr'><strong>jure</strong></span> <span class='ocrx_word' id='word_1_186' title='bbox 3622 1229 3788 1284; x_wconf 85' lang='lat' dir='ltr'><strong>Petro</strong></span> 
     </span>
    </p>
   </div>
   <div class='ocr_carea' id='block_1_28' title="bbox 2205 1319 3786 1390">
    <p class='ocr_par' dir='ltr' id='par_1_28' title="bbox 2205 1319 3786 1390">
     <span class='ocr_line' id='line_1_28' title="bbox 2205 1319 3786 1390; baseline 0 -14"><span class='ocrx_word' id='word_1_187' title='bbox 2205 1323 2256 1376; x_wconf 90' lang='lat' dir='ltr'><strong>id</strong></span> <span class='ocrx_word' id='word_1_188' title='bbox 2288 1336 2609 1390; x_wconf 87' lang='lat' dir='ltr'><strong>concessum</strong></span> <span class='ocrx_word' id='word_1_189' title='bbox 2640 1319 2807 1375; x_wconf 81' lang='lat' dir='ltr'><strong>fuisse</strong></span> <span class='ocrx_word' id='word_1_190' title='bbox 2828 1320 2960 1387; x_wconf 83' lang='lat' dir='ltr'><strong>vult,</strong></span> <span class='ocrx_word' id='word_1_191' title='bbox 2987 1336 3110 1374; x_wconf 90' lang='lat' dir='ltr'><strong>cum</strong></span> <span class='ocrx_word' id='word_1_192' title='bbox 3143 1321 3196 1379; x_wconf 87' lang='lat' dir='ltr'><strong>in</strong></span> <span class='ocrx_word' id='word_1_193' title='bbox 3223 1336 3329 1374; x_wconf 93' lang='lat' dir='ltr'><strong>uno</strong></span> <span class='ocrx_word' id='word_1_194' title='bbox 3349 1321 3614 1375; x_wconf 82' lang='lat' dir='ltr'><strong>duntaxat</strong></span> <span class='ocrx_word' id='word_1_195' title='bbox 3643 1323 3786 1377; x_wconf 68' lang='lat' dir='ltr'><strong>caalo</strong></span> 
     </span>
    </p>
   </div>
   <div class='ocr_carea' id='block_1_29' title="bbox 2203 1411 3783 1482">
    <p class='ocr_par' dir='ltr' id='par_1_29' title="bbox 2203 1411 3783 1482">
     <span class='ocr_line' id='line_1_29' title="bbox 2203 1411 3783 1482; baseline 0.001 -15"><span class='ocrx_word' id='word_1_196' title='bbox 2203 1413 2419 1468; x_wconf 87' lang='lat' dir='ltr'><strong>solvere</strong></span> <span class='ocrx_word' id='word_1_197' title='bbox 2453 1413 2575 1466; x_wconf 89' lang='lat' dir='ltr'><strong>illos</strong></span> <span class='ocrx_word' id='word_1_198' title='bbox 2612 1421 2663 1466; x_wconf 88' lang='lat' dir='ltr'><strong>et</strong></span> <span class='ocrx_word' id='word_1_199' title='bbox 2694 1412 2861 1482; x_wconf 81' lang='lat' dir='ltr'><strong>ligare</strong></span> <span class='ocrx_word' id='word_1_200' title='bbox 2893 1426 3050 1481; x_wconf 84' lang='lat' dir='ltr'><strong>posse</strong></span> <span class='ocrx_word' id='word_1_201' title='bbox 3081 1411 3330 1478; x_wconf 80' lang='lat' dir='ltr'><strong>aliirmet,</strong></span> <span class='ocrx_word' id='word_1_202' title='bbox 3357 1413 3573 1468; x_wconf 87' lang='lat' dir='ltr'><strong>Petrum</strong></span> <span class='ocrx_word' id='word_1_203' title='bbox 3601 1426 3783 1470; x_wconf 90' lang='lat' dir='ltr'><strong>autem</strong></span> 
     </span>
    </p>
   </div>
   <div class='ocr_carea' id='block_1_30' title="bbox 2204 1501 3782 1575">
    <p class='ocr_par' dir='ltr' id='par_1_30' title="bbox 2204 1501 3782 1575">
     <span class='ocr_line' id='line_1_30' title="bbox 2204 1501 3782 1575; baseline 0.004 -19"><span class='ocrx_word' id='word_1_204' title='bbox 2204 1503 2256 1556; x_wconf 88' lang='lat' dir='ltr'><strong>in</strong></span> <span class='ocrx_word' id='word_1_205' title='bbox 2297 1502 2571 1557; x_wconf 86' lang='lat' dir='ltr'><strong>omnibus.</strong></span> <span class='ocrx_word' id='word_1_206' title='bbox 2603 1501 2760 1555; x_wconf 83' lang='lat' dir='ltr'><strong>Adde</strong></span> <span class='ocrx_word' id='word_1_207' title='bbox 2793 1502 3010 1555; x_wconf 86' lang='lat' dir='ltr'><strong>easdem</strong></span> <span class='ocrx_word' id='word_1_208' title='bbox 3047 1503 3185 1571; x_wconf 86' lang='lat' dir='ltr'><strong>apud</strong></span> <span class='ocrx_word' id='word_1_209' title='bbox 3227 1501 3418 1558; x_wconf 80' lang='lat' dir='ltr'><strong>Patres</strong></span> <span class='ocrx_word' id='word_1_210' title='bbox 3445 1519 3588 1575; x_wconf 69' lang='lat' dir='ltr'><strong>smpe</strong></span> <span class='ocrx_word' id='word_1_211' title='bbox 3627 1506 3782 1562; x_wconf 86' lang='lat' dir='ltr'><strong>locu-</strong></span> 
     </span>
    </p>
   </div>
   <div class='ocr_carea' id='block_1_31' title="bbox 2202 1593 3780 1666">
    <p class='ocr_par' dir='ltr' id='par_1_31' title="bbox 2202 1593 3780 1666">
     <span class='ocr_line' id='line_1_31' title="bbox 2202 1593 3780 1666; baseline 0.004 -20"><span class='ocrx_word' id='word_1_212' title='bbox 2202 1593 2378 1647; x_wconf 91' lang='lat' dir='ltr'><strong>tiones</strong></span> <span class='ocrx_word' id='word_1_213' title='bbox 2417 1607 2734 1658; x_wconf 86' lang='lat' dir='ltr'><strong>occurrere,</strong></span> <span class='ocrx_word' id='word_1_214' title='bbox 2773 1607 2892 1661; x_wconf 64' lang='lat' dir='ltr'><strong>quae</strong></span> <span class='ocrx_word' id='word_1_215' title='bbox 2919 1594 2984 1646; x_wconf 87' lang='lat' dir='ltr'><strong>ad</strong></span> <span class='ocrx_word' id='word_1_216' title='bbox 3015 1604 3214 1647; x_wconf 90' lang='lat' dir='ltr'><strong>rectam</strong></span> <span class='ocrx_word' id='word_1_217' title='bbox 3249 1594 3430 1648; x_wconf 88' lang='lat' dir='ltr'><strong>itidem</strong></span> <span class='ocrx_word' id='word_1_218' title='bbox 3461 1597 3780 1666; x_wconf 82' lang='lat' dir='ltr'><strong>interpreta-</strong></span> 
     </span>
    </p>
   </div>
   <div class='ocr_carea' id='block_1_32' title="bbox 2205 1684 3776 1759">
    <p class='ocr_par' dir='ltr' id='par_1_32' title="bbox 2205 1684 3776 1759">
     <span class='ocr_line' id='line_1_32' title="bbox 2205 1684 3776 1759; baseline 0.003 -19"><span class='ocrx_word' id='word_1_219' title='bbox 2205 1687 2400 1740; x_wconf 85' lang='lat' dir='ltr'><strong>tionem</strong></span> <span class='ocrx_word' id='word_1_220' title='bbox 2435 1687 2748 1740; x_wconf 71' lang='lat' dir='ltr'><strong>revocanda:</strong></span> <span class='ocrx_word' id='word_1_221' title='bbox 2782 1695 2929 1749; x_wconf 86' lang='lat' dir='ltr'><strong>sunt.</strong></span> <span class='ocrx_word' id='word_1_222' title='bbox 2976 1684 3208 1741; x_wconf 72' lang='lat' dir='ltr'><strong>lrenteus</strong></span> <span class='ocrx_word' id='word_1_223' title='bbox 3266 1687 3361 1741; x_wconf 93' lang='lat' dir='ltr'><strong>lib.</strong></span> <span class='ocrx_word' id='word_1_224' title='bbox 3427 1704 3500 1755; x_wconf 86' lang='lat' dir='ltr'><strong>tv,</strong></span> <span class='ocrx_word' id='word_1_225' title='bbox 3533 1705 3649 1759; x_wconf 88' lang='lat' dir='ltr'><strong>cap.</strong></span> <span class='ocrx_word' id='word_1_226' title='bbox 3679 1691 3776 1759; x_wconf 75' lang='lat'><strong>20,</strong></span> 
     </span>
    </p>
   </div>
   <div class='ocr_carea' id='block_1_33' title="bbox 2209 1779 3779 1850">
    <p class='ocr_par' dir='ltr' id='par_1_33' title="bbox 2209 1779 3779 1850">
     <span class='ocr_line' id='line_1_33' title="bbox 2209 1779 3779 1850; baseline 0.005 -19"><span class='ocrx_word' id='word_1_227' title='bbox 2209 1799 2227 1831; x_wconf 85' lang='grc' dir='ltr'><strong>ι</strong></span> <span class='ocrx_word' id='word_1_228' title='bbox 2271 1779 2472 1835; x_wconf 82' lang='lat' dir='ltr'><strong>Omnes</strong></span> <span class='ocrx_word' id='word_1_229' title='bbox 2492 1780 2621 1850; x_wconf 87' lang='lat' dir='ltr'><strong>justi</strong></span> <span class='ocrx_word' id='word_1_230' title='bbox 2648 1781 3041 1834; x_wconf 89' lang='lat' dir='ltr'><strong>sacerdotalem</strong></span> <span class='ocrx_word' id='word_1_231' title='bbox 3070 1781 3269 1837; x_wconf 89' lang='lat' dir='ltr'><strong>habent</strong></span> <span class='ocrx_word' id='word_1_232' title='bbox 3297 1785 3565 1838; x_wconf 82' lang='lat' dir='ltr'><strong>ordinem.</strong></span> <span class='ocrx_word' id='word_1_233' title='bbox 3598 1805 3615 1836; x_wconf 78' lang='grc' dir='ltr'><strong>ι</strong></span> <span class='ocrx_word' id='word_1_234' title='bbox 3645 1785 3779 1839; x_wconf 88' lang='lat' dir='ltr'><strong>Ter-</strong></span> 
     </span>
    </p>
   </div>
   <div class='ocr_carea' id='block_1_34' title="bbox 532 1856 3777 1951">
    <p class='ocr_par' dir='ltr' id='par_1_34' title="bbox 532 1856 3777 1951">
     <span class='ocr_line' id='line_1_34' title="bbox 532 1856 3777 1951; baseline 0.004 -31"><span class='ocrx_word' id='word_1_235' title='bbox 532 1886 654 1927; x_wconf 85' lang='lat' dir='ltr'><strong>can.</strong></span> <span class='ocrx_word' id='word_1_236' title='bbox 699 1873 788 1935; x_wconf 79' lang='lat' dir='ltr'><strong>to,</strong></span> <span class='ocrx_word' id='word_1_237' title='bbox 821 1873 904 1926; x_wconf 88' lang='lat' dir='ltr'><strong>his</strong></span> <span class='ocrx_word' id='word_1_238' title='bbox 933 1872 1146 1927; x_wconf 80' lang='lat' dir='ltr'><strong>verbis:</strong></span> <span class='ocrx_word' id='word_1_239' title='bbox 1204 1891 1222 1923; x_wconf 76' lang='grc' dir='ltr'><strong>ι</strong></span> <span class='ocrx_word' id='word_1_240' title='bbox 1263 1872 1318 1926; x_wconf 90' lang='lat' dir='ltr'><strong>Si</strong></span> <span class='ocrx_word' id='word_1_241' title='bbox 1357 1873 1476 1940; x_wconf 90' lang='lat' dir='ltr'><strong>quis</strong></span> <span class='ocrx_word' id='word_1_242' title='bbox 1527 1861 1739 1927; x_wconf 81' lang='lat' dir='ltr'><strong>dixerit</strong></span> <span class='ocrx_word' id='word_1_243' title='bbox 1788 1877 2098 1932; x_wconf 87' lang='lat' dir='ltr'><strong>sacerdotes</strong></span> <span class='ocrx_word' id='word_1_244' title='bbox 2130 1856 2174 1913; x_wconf 75' lang='grc' dir='ltr'><strong>Β</strong></span> <span class='ocrx_word' id='word_1_245' title='bbox 2207 1871 2460 1926; x_wconf 89' lang='lat' dir='ltr'><strong>tullianus</strong></span> <span class='ocrx_word' id='word_1_246' title='bbox 2511 1873 2601 1928; x_wconf 88' lang='lat' dir='ltr'><strong>lib.</strong></span> <span class='ocrx_word' id='word_1_247' title='bbox 2659 1872 2735 1926; x_wconf 88' lang='lat' dir='ltr'><strong>De</strong></span> <span class='ocrx_word' id='word_1_248' title='bbox 2811 1873 3174 1927; x_wconf 75' lang='lat' dir='ltr'><strong>exhortatione</strong></span> <span class='ocrx_word' id='word_1_249' title='bbox 3210 1875 3499 1939; x_wconf 76' lang='lat' dir='ltr'><strong>castitatis,</strong></span> <span class='ocrx_word' id='word_1_250' title='bbox 3543 1893 3665 1946; x_wconf 90' lang='lat' dir='ltr'><strong>cap.</strong></span> <span class='ocrx_word' id='word_1_251' title='bbox 3721 1879 3777 1951; x_wconf 73' lang='grc' dir='ltr'><strong>τ,</strong></span> 
     </span>
    </p>
   </div>
   <div class='ocr_carea' id='block_1_35' title="bbox 535 1964 2100 2041">
    <p class='ocr_par' dir='ltr' id='par_1_35' title="bbox 535 1964 2100 2041">
     <span class='ocr_line' id='line_1_35' title="bbox 535 1964 2100 2041; baseline 0.005 -26"><span class='ocrx_word' id='word_1_252' title='bbox 535 1965 623 2032; x_wconf 85' lang='lat' dir='ltr'><strong>qui</strong></span> <span class='ocrx_word' id='word_1_253' title='bbox 664 1964 715 2018; x_wconf 94' lang='lat' dir='ltr'><strong>in</strong></span> <span class='ocrx_word' id='word_1_254' title='bbox 764 1975 989 2032; x_wconf 87' lang='lat' dir='ltr'><strong>peccato</strong></span> <span class='ocrx_word' id='word_1_255' title='bbox 1024 1964 1236 2018; x_wconf 89' lang='lat' dir='ltr'><strong>mortali</strong></span> <span class='ocrx_word' id='word_1_256' title='bbox 1277 1974 1426 2032; x_wconf 89' lang='lat' dir='ltr'><strong>sunt,</strong></span> <span class='ocrx_word' id='word_1_257' title='bbox 1465 1975 1790 2041; x_wconf 86' lang='lat' dir='ltr'><strong>potestatem</strong></span> <span class='ocrx_word' id='word_1_258' title='bbox 1819 1967 2019 2036; x_wconf 82' lang='lat' dir='ltr'><strong>ligandi</strong></span> <span class='ocrx_word' id='word_1_259' title='bbox 2046 1978 2100 2022; x_wconf 90' lang='lat' dir='ltr'><strong>et</strong></span> 
     </span>
    </p>
   </div>
   <div class='ocr_carea' id='block_1_36' title="bbox 529 2055 2102 2122">
    <p class='ocr_par' dir='ltr' id='par_1_36' title="bbox 529 2055 2102 2122">
     <span class='ocr_line' id='line_1_36' title="bbox 529 2055 2102 2122; baseline 0.002 -11"><span class='ocrx_word' id='word_1_260' title='bbox 529 2055 773 2111; x_wconf 70' lang='lat' dir='ltr'><strong>Solvendi</strong></span> <span class='ocrx_word' id='word_1_261' title='bbox 813 2073 916 2112; x_wconf 93' lang='lat' dir='ltr'><strong>non</strong></span> <span class='ocrx_word' id='word_1_262' title='bbox 971 2056 1106 2110; x_wconf 82' lang='lat' dir='ltr'><strong>habe</strong></span> <span class='ocrx_word' id='word_1_263' title='bbox 1125 2071 1202 2120; x_wconf 91' lang='lat' dir='ltr'><strong>rc,</strong></span> <span class='ocrx_word' id='word_1_264' title='bbox 1236 2057 1520 2111; x_wconf 85' lang='lat' dir='ltr'><strong>anathema</strong></span> <span class='ocrx_word' id='word_1_265' title='bbox 1573 2069 1711 2113; x_wconf 89' lang='lat' dir='ltr'><strong>esto.</strong></span> <span class='ocrx_word' id='word_1_266' title='bbox 1769 2061 2102 2122; x_wconf 66' lang='lat' dir='ltr'><strong>pAssentior</strong></span> 
     </span>
    </p>
   </div>
   <div class='ocr_carea' id='block_1_37' title="bbox 533 2148 2098 2221">
    <p class='ocr_par' dir='ltr' id='par_1_37' title="bbox 533 2148 2098 2221">
     <span class='ocr_line' id='line_1_37' title="bbox 533 2148 2098 2221; baseline 0.005 -21"><span class='ocrx_word' id='word_1_267' title='bbox 533 2148 711 2211; x_wconf 82' lang='lat' dir='ltr'><strong>Sixto,</strong></span> <span class='ocrx_word' id='word_1_268' title='bbox 759 2157 811 2204; x_wconf 88' lang='lat' dir='ltr'><strong>et</strong></span> <span class='ocrx_word' id='word_1_269' title='bbox 840 2163 1068 2216; x_wconf 89' lang='lat' dir='ltr'><strong>peccare</strong></span> <span class='ocrx_word' id='word_1_270' title='bbox 1097 2150 1186 2203; x_wconf 90' lang='lat' dir='ltr'><strong>aio</strong></span> <span class='ocrx_word' id='word_1_271' title='bbox 1215 2149 1527 2220; x_wconf 88' lang='lat' dir='ltr'><strong>Origenem,</strong></span> <span class='ocrx_word' id='word_1_272' title='bbox 1564 2161 1727 2221; x_wconf 88' lang='lat' dir='ltr'><strong>atque</strong></span> <span class='ocrx_word' id='word_1_273' title='bbox 1757 2152 1896 2216; x_wconf 88' lang='lat' dir='ltr'><strong>hanc</strong></span> <span class='ocrx_word' id='word_1_274' title='bbox 1928 2155 2098 2208; x_wconf 88' lang='lat' dir='ltr'><strong>videri</strong></span> 
     </span>
    </p>
   </div>
   <div class='ocr_carea' id='block_1_38' title="bbox 530 2241 2098 2313">
    <p class='ocr_par' dir='ltr' id='par_1_38' title="bbox 530 2241 2098 2313">
     <span class='ocr_line' id='line_1_38' title="bbox 530 2241 2098 2313; baseline 0.004 -19"><span class='ocrx_word' id='word_1_275' title='bbox 530 2241 780 2310; x_wconf 82' lang='lat' dir='ltr'><strong>amplecti</strong></span> <span class='ocrx_word' id='word_1_276' title='bbox 825 2243 1094 2308; x_wconf 69' lang='lat' dir='ltr'><strong>hmresim,</strong></span> <span class='ocrx_word' id='word_1_277' title='bbox 1138 2243 1190 2298; x_wconf 93' lang='lat' dir='ltr'><strong>in</strong></span> <span class='ocrx_word' id='word_1_278' title='bbox 1221 2259 1322 2313; x_wconf 91' lang='lat' dir='ltr'><strong>qna</strong></span> <span class='ocrx_word' id='word_1_279' title='bbox 1368 2245 1560 2300; x_wconf 87' lang='lat' dir='ltr'><strong>deinde</strong></span> <span class='ocrx_word' id='word_1_280' title='bbox 1591 2247 1788 2299; x_wconf 83' lang='lat' dir='ltr'><strong>versati</strong></span> <span class='ocrx_word' id='word_1_281' title='bbox 1840 2255 1961 2300; x_wconf 89' lang='lat' dir='ltr'><strong>sunt</strong></span> <span class='ocrx_word' id='word_1_282' title='bbox 1993 2248 2098 2301; x_wconf 87' lang='lat' dir='ltr'><strong>Do-</strong></span> 
     </span>
    </p>
   </div>
   <div class='ocr_carea' id='block_1_39' title="bbox 531 2336 2099 2409">
    <p class='ocr_par' dir='ltr' id='par_1_39' title="bbox 531 2336 2099 2409">
     <span class='ocr_line' id='line_1_39' title="bbox 531 2336 2099 2409; baseline 0.003 -23"><span class='ocrx_word' id='word_1_283' title='bbox 531 2336 767 2402; x_wconf 82' lang='lat' dir='ltr'><strong>natistae,</strong></span> <span class='ocrx_word' id='word_1_284' title='bbox 800 2349 920 2389; x_wconf 91' lang='lat' dir='ltr'><strong>cum</strong></span> <span class='ocrx_word' id='word_1_285' title='bbox 953 2350 981 2388; x_wconf 90' lang='lat' dir='ltr'><strong>a</strong></span> <span class='ocrx_word' id='word_1_286' title='bbox 1013 2338 1352 2407; x_wconf 72' lang='lat' dir='ltr'><strong>sacerdotum</strong></span> <span class='ocrx_word' id='word_1_287' title='bbox 1383 2337 1666 2404; x_wconf 83' lang='lat' dir='ltr'><strong>sanctitate</strong></span> <span class='ocrx_word' id='word_1_288' title='bbox 1689 2337 1944 2409; x_wconf 68' lang='lat' dir='ltr'><strong>Ecclesite</strong></span> <span class='ocrx_word' id='word_1_289' title='bbox 2003 2353 2099 2408; x_wconf 90' lang='lat' dir='ltr'><strong>po-</strong></span> 
     </span>
    </p>
   </div>
   <div class='ocr_carea' id='block_1_40' title="bbox 528 2430 2099 2500">
    <p class='ocr_par' dir='ltr' id='par_1_40' title="bbox 528 2430 2099 2500">
     <span class='ocr_line' id='line_1_40' title="bbox 528 2430 2099 2500; baseline 0.002 -19"><span class='ocrx_word' id='word_1_290' title='bbox 528 2433 779 2492; x_wconf 74' lang='lat' dir='ltr'><strong>tesiatem</strong></span> <span class='ocrx_word' id='word_1_291' title='bbox 811 2431 1234 2500; x_wconf 69' lang='lat' dir='ltr'><strong>suspenderunt,</strong></span> <span class='ocrx_word' id='word_1_292' title='bbox 1293 2430 1546 2485; x_wconf 85' lang='lat' dir='ltr'><strong>Attamen</strong></span> <span class='ocrx_word' id='word_1_293' title='bbox 1599 2432 1936 2485; x_wconf 83' lang='lat' dir='ltr'><strong>commodam</strong></span> <span class='ocrx_word' id='word_1_294' title='bbox 1984 2432 2099 2491; x_wconf 68' lang='lat' dir='ltr'><strong>lucc</strong></span> 
     </span>
    </p>
   </div>
   <div class='ocr_carea' id='block_1_41' title="bbox 528 2517 2097 2599">
    <p class='ocr_par' dir='ltr' id='par_1_41' title="bbox 528 2517 2097 2599">
     <span class='ocr_line' id='line_1_41' title="bbox 528 2517 2097 2599; baseline 0.002 -28"><span class='ocrx_word' id='word_1_295' title='bbox 528 2527 757 2599; x_wconf 86' lang='lat' dir='ltr'><strong>possunt</strong></span> <span class='ocrx_word' id='word_1_296' title='bbox 809 2520 1313 2598; x_wconf 83' lang='lat' dir='ltr'><strong>interpretationem</strong></span> <span class='ocrx_word' id='word_1_297' title='bbox 1361 2521 1671 2588; x_wconf 82' lang='lat' dir='ltr'><strong>admittere.</strong></span> <span class='ocrx_word' id='word_1_298' title='bbox 1723 2517 1967 2588; x_wconf 74' lang='lat' dir='ltr'><strong>Frustra,</strong></span> <span class='ocrx_word' id='word_1_299' title='bbox 2011 2520 2097 2574; x_wconf 87' lang='lat' dir='ltr'><strong>in-</strong></span> 
     </span>
    </p>
   </div>
   <div class='ocr_carea' id='block_1_42' title="bbox 529 2593 2096 2684">
    <p class='ocr_par' dir='ltr' id='par_1_42' title="bbox 529 2593 2096 2684">
     <span class='ocr_line' id='line_1_42' title="bbox 529 2593 2096 2684; baseline 0.003 -22"><span class='ocrx_word' id='word_1_300' title='bbox 529 2593 670 2678; x_wconf 85' lang='lat' dir='ltr'><strong>quit,</strong></span> <span class='ocrx_word' id='word_1_301' title='bbox 705 2610 902 2681; x_wconf 84' lang='lat' dir='ltr'><strong>ligandi</strong></span> <span class='ocrx_word' id='word_1_302' title='bbox 947 2593 1030 2665; x_wconf 79' lang='lat' dir='ltr'><strong>vel</strong></span> <span class='ocrx_word' id='word_1_303' title='bbox 1073 2612 1314 2667; x_wconf 88' lang='lat' dir='ltr'><strong>solvendi</strong></span> <span class='ocrx_word' id='word_1_304' title='bbox 1352 2621 1671 2682; x_wconf 78' lang='lat' dir='ltr'><strong>potestatem</strong></span> <span class='ocrx_word' id='word_1_305' title='bbox 1703 2611 1804 2667; x_wconf 90' lang='lat' dir='ltr'><strong>sibi</strong></span> <span class='ocrx_word' id='word_1_306' title='bbox 1840 2622 2096 2684; x_wconf 79' lang='lat' dir='ltr'><strong>arrogant</strong></span> 
     </span>
    </p>
   </div>
   <div class='ocr_carea' id='block_1_43' title="bbox 529 2699 2095 2779">
    <p class='ocr_par' dir='ltr' id='par_1_43' title="bbox 529 2699 2095 2779">
     <span class='ocr_line' id='line_1_43' title="bbox 529 2699 2095 2779; baseline 0.003 -28"><span class='ocrx_word' id='word_1_307' title='bbox 529 2699 792 2779; x_wconf 73' lang='lat' dir='ltr'><strong>episcopi,</strong></span> <span class='ocrx_word' id='word_1_308' title='bbox 829 2716 946 2769; x_wconf 76' lang='lat' dir='ltr'><strong>qua:</strong></span> <span class='ocrx_word' id='word_1_309' title='bbox 999 2700 1162 2754; x_wconf 90' lang='lat' dir='ltr'><strong>Petro</strong></span> <span class='ocrx_word' id='word_1_310' title='bbox 1198 2701 1468 2770; x_wconf 73' lang='lat' dir='ltr'><strong>prmcipue</strong></span> <span class='ocrx_word' id='word_1_311' title='bbox 1524 2717 1780 2755; x_wconf 90' lang='lat' dir='ltr'><strong>concessa</strong></span> <span class='ocrx_word' id='word_1_312' title='bbox 1835 2710 1938 2763; x_wconf 90' lang='lat' dir='ltr'><strong>est,</strong></span> <span class='ocrx_word' id='word_1_313' title='bbox 1992 2701 2095 2757; x_wconf 90' lang='lat' dir='ltr'><strong>nisi</strong></span> 
     </span>
    </p>
   </div>
   <div class='ocr_carea' id='block_1_44' title="bbox 529 2789 2092 2860">
    <p class='ocr_par' dir='ltr' id='par_1_44' title="bbox 529 2789 2092 2860">
     <span class='ocr_line' id='line_1_44' title="bbox 529 2789 2092 2860; baseline 0.003 -18"><span class='ocrx_word' id='word_1_314' title='bbox 529 2789 718 2842; x_wconf 89' lang='lat' dir='ltr'><strong>eadem</strong></span> <span class='ocrx_word' id='word_1_315' title='bbox 750 2804 853 2857; x_wconf 90' lang='lat' dir='ltr'><strong>qua</strong></span> <span class='ocrx_word' id='word_1_316' title='bbox 889 2790 1080 2842; x_wconf 87' lang='lat' dir='ltr'><strong>Petrus</strong></span> <span class='ocrx_word' id='word_1_317' title='bbox 1130 2789 1416 2844; x_wconf 86' lang='lat' dir='ltr'><strong>sanctitate</strong></span> <span class='ocrx_word' id='word_1_318' title='bbox 1455 2800 1509 2845; x_wconf 91' lang='lat' dir='ltr'><strong>et</strong></span> <span class='ocrx_word' id='word_1_319' title='bbox 1537 2793 1794 2860; x_wconf 60' lang='lat' dir='ltr'><strong>aequitate</strong></span> <span class='ocrx_word' id='word_1_320' title='bbox 1827 2790 2092 2846; x_wconf 75' lang='lat' dir='ltr'><strong>ﬂoreant:</strong></span> 
     </span>
    </p>
   </div>
   <div class='ocr_carea' id='block_1_45' title="bbox 529 2878 2092 2950">
    <p class='ocr_par' dir='ltr' id='par_1_45' title="bbox 529 2878 2092 2950">
     <span class='ocr_line' id='line_1_45' title="bbox 529 2878 2092 2950; baseline 0.003 -18"><span class='ocrx_word' id='word_1_321' title='bbox 529 2879 632 2933; x_wconf 87' lang='lat' dir='ltr'><strong>hoc</strong></span> <span class='ocrx_word' id='word_1_322' title='bbox 668 2889 771 2941; x_wconf 90' lang='lat' dir='ltr'><strong>est,</strong></span> <span class='ocrx_word' id='word_1_323' title='bbox 817 2878 916 2932; x_wconf 92' lang='lat' dir='ltr'><strong>nisi</strong></span> <span class='ocrx_word' id='word_1_324' title='bbox 951 2880 1192 2933; x_wconf 87' lang='lat' dir='ltr'><strong>eamdem</strong></span> <span class='ocrx_word' id='word_1_325' title='bbox 1233 2895 1392 2947; x_wconf 91' lang='lat' dir='ltr'><strong>quam</strong></span> <span class='ocrx_word' id='word_1_326' title='bbox 1441 2879 1632 2936; x_wconf 85' lang='lat' dir='ltr'><strong>Petrus</strong></span> <span class='ocrx_word' id='word_1_327' title='bbox 1679 2883 1988 2950; x_wconf 79' lang='lat' dir='ltr'><strong>a-quitatem</strong></span> <span class='ocrx_word' id='word_1_328' title='bbox 2041 2883 2092 2937; x_wconf 90' lang='lat' dir='ltr'><strong>in</strong></span> 
     </span>
    </p>
   </div>
   <div class='ocr_carea' id='block_1_46' title="bbox 529 2968 2096 3048">
    <p class='ocr_par' dir='ltr' id='par_1_46' title="bbox 529 2968 2096 3048">
     <span class='ocr_line' id='line_1_46' title="bbox 529 2968 2096 3048; baseline 0.002 -26"><span class='ocrx_word' id='word_1_329' title='bbox 529 2968 787 3036; x_wconf 75' lang='lat' dir='ltr'><strong>solvendo</strong></span> <span class='ocrx_word' id='word_1_330' title='bbox 822 2979 874 3021; x_wconf 92' lang='lat' dir='ltr'><strong>et</strong></span> <span class='ocrx_word' id='word_1_331' title='bbox 906 2968 1124 3036; x_wconf 83' lang='lat' dir='ltr'><strong>ligando</strong></span> <span class='ocrx_word' id='word_1_332' title='bbox 1157 2970 1468 3024; x_wconf 85' lang='lat' dir='ltr'><strong>adhibeant.</strong></span> <span class='ocrx_word' id='word_1_333' title='bbox 1502 2971 1634 3026; x_wconf 91' lang='lat' dir='ltr'><strong>Cum</strong></span> <span class='ocrx_word' id='word_1_334' title='bbox 1665 2986 1795 3048; x_wconf 85' lang='lat' dir='ltr'><strong>ergo</strong></span> <span class='ocrx_word' id='word_1_335' title='bbox 1826 2983 1933 3028; x_wconf 89' lang='lat' dir='ltr'><strong>tam</strong></span> <span class='ocrx_word' id='word_1_336' title='bbox 1968 2988 2096 3028; x_wconf 85' lang='lat' dir='ltr'><strong>san-</strong></span> 
     </span>
    </p>
   </div>
   <div class='ocr_carea' id='block_1_47' title="bbox 528 3059 2096 3133">
    <p class='ocr_par' dir='ltr' id='par_1_47' title="bbox 528 3059 2096 3133">
     <span class='ocr_line' id='line_1_47' title="bbox 528 3059 2096 3133; baseline 0.003 -20"><span class='ocrx_word' id='word_1_337' title='bbox 528 3069 614 3128; x_wconf 81' lang='lat' dir='ltr'><strong>cte</strong></span> <span class='ocrx_word' id='word_1_338' title='bbox 650 3059 771 3126; x_wconf 80' lang='lat' dir='ltr'><strong>jure</strong></span> <span class='ocrx_word' id='word_1_339' title='bbox 821 3076 917 3114; x_wconf 93' lang='lat' dir='ltr'><strong>suo</strong></span> <span class='ocrx_word' id='word_1_340' title='bbox 967 3061 1158 3116; x_wconf 87' lang='lat' dir='ltr'><strong>Petrus</strong></span> <span class='ocrx_word' id='word_1_341' title='bbox 1204 3071 1465 3130; x_wconf 84' lang='lat' dir='ltr'><strong>uteretur,</strong></span> <span class='ocrx_word' id='word_1_342' title='bbox 1513 3072 1570 3115; x_wconf 93' lang='lat' dir='ltr'><strong>ut</strong></span> <span class='ocrx_word' id='word_1_343' title='bbox 1605 3079 1696 3119; x_wconf 91' lang='lat' dir='ltr'><strong>eos</strong></span> <span class='ocrx_word' id='word_1_344' title='bbox 1746 3072 1954 3133; x_wconf 88' lang='lat' dir='ltr'><strong>tantum</strong></span> <span class='ocrx_word' id='word_1_345' title='bbox 1987 3065 2096 3118; x_wconf 82' lang='lat' dir='ltr'><strong>cri-</strong></span> 
     </span>
    </p>
   </div>
   <div class='ocr_carea' id='block_1_48' title="bbox 530 3151 2094 3225">
    <p class='ocr_par' dir='ltr' id='par_1_48' title="bbox 530 3151 2094 3225">
     <span class='ocr_line' id='line_1_48' title="bbox 530 3151 2094 3225; baseline 0.005 -23"><span class='ocrx_word' id='word_1_346' title='bbox 530 3151 765 3210; x_wconf 87' lang='lat' dir='ltr'><strong>minibus</strong></span> <span class='ocrx_word' id='word_1_347' title='bbox 795 3151 1048 3217; x_wconf 82' lang='lat' dir='ltr'><strong>solveret,</strong></span> <span class='ocrx_word' id='word_1_348' title='bbox 1084 3152 1176 3222; x_wconf 87' lang='lat' dir='ltr'><strong>qui</strong></span> <span class='ocrx_word' id='word_1_349' title='bbox 1225 3152 1278 3205; x_wconf 93' lang='lat' dir='ltr'><strong>id</strong></span> <span class='ocrx_word' id='word_1_350' title='bbox 1324 3153 1638 3223; x_wconf 74' lang='lat' dir='ltr'><strong>ptenitentia</strong></span> <span class='ocrx_word' id='word_1_351' title='bbox 1677 3169 1774 3208; x_wconf 89' lang='lat' dir='ltr'><strong>sua</strong></span> <span class='ocrx_word' id='word_1_352' title='bbox 1813 3163 1867 3209; x_wconf 93' lang='lat' dir='ltr'><strong>et</strong></span> <span class='ocrx_word' id='word_1_353' title='bbox 1897 3155 2094 3225; x_wconf 87' lang='lat' dir='ltr'><strong>pietate</strong></span> 
     </span>
    </p>
   </div>
   <div class='ocr_carea' id='block_1_49' title="bbox 2213 1958 3778 2037">
    <p class='ocr_par' dir='ltr' id='par_1_49' title="bbox 2213 1958 3778 2037">
     <span class='ocr_line' id='line_1_49' title="bbox 2213 1958 3778 2037; baseline 0.008 -25"><span class='ocrx_word' id='word_1_354' title='bbox 2213 1979 2232 2012; x_wconf 79' lang='grc' dir='ltr'><strong>ι</strong></span> <span class='ocrx_word' id='word_1_355' title='bbox 2268 1958 2463 2015; x_wconf 79' lang='lat' dir='ltr'><strong>Nonne</strong></span> <span class='ocrx_word' id='word_1_356' title='bbox 2497 1971 2550 2014; x_wconf 90' lang='lat' dir='ltr'><strong>et</strong></span> <span class='ocrx_word' id='word_1_357' title='bbox 2587 1962 2706 2016; x_wconf 88' lang='lat' dir='ltr'><strong>laici</strong></span> <span class='ocrx_word' id='word_1_358' title='bbox 2744 1963 3057 2017; x_wconf 87' lang='lat' dir='ltr'><strong>sacerdotes</strong></span> <span class='ocrx_word' id='word_1_359' title='bbox 3085 1966 3312 2019; x_wconf 82' lang='lat' dir='ltr'><strong>smnus?</strong></span> <span class='ocrx_word' id='word_1_360' title='bbox 3344 1964 3620 2037; x_wconf 83' lang='lat' dir='ltr'><strong>Scriptum</strong></span> <span class='ocrx_word' id='word_1_361' title='bbox 3663 1981 3778 2025; x_wconf 88' lang='lat' dir='ltr'><strong>est:</strong></span> 
     </span>
    </p>
   </div>
   <div class='ocr_carea' id='block_1_50' title="bbox 2211 2053 3780 2125">
    <p class='ocr_par' dir='ltr' id='par_1_50' title="bbox 2211 2053 3780 2125">
     <span class='ocr_line' id='line_1_50' title="bbox 2211 2053 3780 2125; baseline 0.006 -19"><span class='ocrx_word' id='word_1_362' title='bbox 2211 2053 2446 2124; x_wconf 83' lang='lat' dir='ltr'><strong>Regnum</strong></span> <span class='ocrx_word' id='word_1_363' title='bbox 2485 2071 2688 2125; x_wconf 84' lang='lat' dir='ltr'><strong>quoque</strong></span> <span class='ocrx_word' id='word_1_364' title='bbox 2742 2071 2867 2120; x_wconf 76' lang='lat' dir='ltr'><strong>nos,</strong></span> <span class='ocrx_word' id='word_1_365' title='bbox 2915 2066 2962 2109; x_wconf 84' lang='lat' dir='ltr'><strong>et</strong></span> <span class='ocrx_word' id='word_1_366' title='bbox 3013 2057 3310 2112; x_wconf 74' lang='lat' dir='ltr'><strong>sacerdows</strong></span> <span class='ocrx_word' id='word_1_367' title='bbox 3357 2058 3493 2125; x_wconf 83' lang='lat' dir='ltr'><strong>Deo,</strong></span> <span class='ocrx_word' id='word_1_368' title='bbox 3535 2072 3585 2114; x_wconf 87' lang='lat' dir='ltr'><strong>et</strong></span> <span class='ocrx_word' id='word_1_369' title='bbox 3626 2059 3780 2115; x_wconf 80' lang='lat' dir='ltr'><strong>Patri</strong></span> 
     </span>
    </p>
   </div>
   <div class='ocr_carea' id='block_1_51' title="bbox 2205 2145 3783 2219">
    <p class='ocr_par' dir='ltr' id='par_1_51' title="bbox 2205 2145 3783 2219">
     <span class='ocr_line' id='line_1_51' title="bbox 2205 2145 3783 2219; baseline 0.006 -21"><span class='ocrx_word' id='word_1_370' title='bbox 2205 2161 2301 2198; x_wconf 75' lang='lat' dir='ltr'><strong>suo</strong></span> <span class='ocrx_word' id='word_1_371' title='bbox 2332 2147 2472 2213; x_wconf 79' lang='lat' dir='ltr'><strong>fecit.</strong></span> <span class='ocrx_word' id='word_1_372' title='bbox 2505 2165 2523 2197; x_wconf 78' lang='grc' dir='ltr'><strong>ι</strong></span> <span class='ocrx_word' id='word_1_373' title='bbox 2553 2145 2848 2216; x_wconf 75' lang='lat' dir='ltr'><strong>Gregorius</strong></span> <span class='ocrx_word' id='word_1_374' title='bbox 2906 2145 3180 2217; x_wconf 84' lang='lat' dir='ltr'><strong>Nyssenus</strong></span> <span class='ocrx_word' id='word_1_375' title='bbox 3203 2148 3296 2206; x_wconf 88' lang='lat' dir='ltr'><strong>lib.</strong></span> <span class='ocrx_word' id='word_1_376' title='bbox 3330 2149 3406 2204; x_wconf 83' lang='lat' dir='ltr'><strong>De</strong></span> <span class='ocrx_word' id='word_1_377' title='bbox 3429 2153 3783 2219; x_wconf 78' lang='lat' dir='ltr'><strong>perfectione:</strong></span> 
     </span>
    </p>
   </div>
   <div class='ocr_carea' id='block_1_52' title="bbox 2205 2237 3784 2315">
    <p class='ocr_par' dir='ltr' id='par_1_52' title="bbox 2205 2237 3784 2315">
     <span class='ocr_line' id='line_1_52' title="bbox 2205 2237 3784 2315; baseline 0.007 -27"><span class='ocrx_word' id='word_1_378' title='bbox 2205 2237 2303 2290; x_wconf 81' lang='grc' dir='ltr'><strong>Διὰ</strong></span> <span class='ocrx_word' id='word_1_379' title='bbox 2331 2237 2520 2291; x_wconf 83' lang='grc' dir='ltr'><strong>τούτου</strong></span> <span class='ocrx_word' id='word_1_380' title='bbox 2561 2238 2654 2292; x_wconf 60' lang='grc' dir='ltr'><strong>καὶ⁸</strong></span> <span class='ocrx_word' id='word_1_381' title='bbox 2683 2239 2791 2292; x_wconf 79' lang='grc' dir='ltr'><strong>τῶν</strong></span> <span class='ocrx_word' id='word_1_382' title='bbox 2829 2239 3086 2292; x_wconf 80' lang='grc' dir='ltr'><strong>τοιούτων</strong></span> <span class='ocrx_word' id='word_1_383' title='bbox 3127 2241 3300 2314; x_wconf 81' lang='grc' dir='ltr'>πέτρα</span> <span class='ocrx_word' id='word_1_384' title='bbox 3337 2243 3430 2296; x_wconf 76' lang='grc' dir='ltr'><strong>καὶ</strong></span> <span class='ocrx_word' id='word_1_385' title='bbox 3463 2247 3628 2315; x_wconf 77' lang='grc' dir='ltr'>ἡμεῖς</span> <span class='ocrx_word' id='word_1_386' title='bbox 3663 2247 3784 2299; x_wconf 74' lang='grc' dir='ltr'><strong>ἐσό-</strong></span> 
     </span>
    </p>
   </div>
   <div class='ocr_carea' id='block_1_53' title="bbox 2208 2328 3785 2409">
    <p class='ocr_par' dir='ltr' id='par_1_53' title="bbox 2208 2328 3785 2409">
     <span class='ocr_line' id='line_1_53' title="bbox 2208 2328 3785 2409; baseline 0.006 -28"><span class='ocrx_word' id='word_1_387' title='bbox 2208 2328 2366 2400; x_wconf 84' lang='grc' dir='ltr'>μεθα,</span> <span class='ocrx_word' id='word_1_388' title='bbox 2407 2328 2747 2400; x_wconf 82' lang='grc' dir='ltr'><strong>μιμούμενοι,</strong></span> <span class='ocrx_word' id='word_1_389' title='bbox 2799 2329 2984 2394; x_wconf 81' lang='grc' dir='ltr'>καθώς</span> <span class='ocrx_word' id='word_1_390' title='bbox 3029 2333 3140 2385; x_wconf 77' lang='grc' dir='ltr'><strong>ἐστι</strong></span> <span class='ocrx_word' id='word_1_391' title='bbox 3172 2333 3413 2399; x_wconf 79' lang='grc' dir='ltr'><strong>δυνατὸν,</strong></span> <span class='ocrx_word' id='word_1_392' title='bbox 3451 2337 3509 2388; x_wconf 88' lang='grc' dir='ltr'>ὲν</span> <span class='ocrx_word' id='word_1_393' title='bbox 3549 2338 3616 2408; x_wconf 81' lang='grc' dir='ltr'><strong>τῇ</strong></span> <span class='ocrx_word' id='word_1_394' title='bbox 3657 2355 3785 2409; x_wconf 86' lang='grc' dir='ltr'><strong>τρε-</strong></span> 
     </span>
    </p>
   </div>
   <div class='ocr_carea' id='block_1_54' title="bbox 2205 2420 3786 2496">
    <p class='ocr_par' dir='ltr' id='par_1_54' title="bbox 2205 2420 3786 2496">
     <span class='ocr_line' id='line_1_54' title="bbox 2205 2420 3786 2496; baseline 0.01 -29"><span class='ocrx_word' id='word_1_395' title='bbox 2205 2423 2312 2490; x_wconf 85' lang='grc' dir='ltr'><strong>πτῇ</strong></span> <span class='ocrx_word' id='word_1_396' title='bbox 2339 2420 2496 2489; x_wconf 66' lang='grc' dir='ltr'><strong>φύσει</strong></span> <span class='ocrx_word' id='word_1_397' title='bbox 2526 2421 2586 2473; x_wconf 82' lang='grc' dir='ltr'><strong>τὺ</strong></span> <span class='ocrx_word' id='word_1_398' title='bbox 2620 2420 2886 2496; x_wconf 79' lang='grc' dir='ltr'><strong>ἄτρεπτον</strong></span> <span class='ocrx_word' id='word_1_399' title='bbox 2927 2423 3020 2475; x_wconf 83' lang='grc' dir='ltr'><strong>καὶ</strong></span> <span class='ocrx_word' id='word_1_400' title='bbox 3065 2425 3416 2494; x_wconf 81' lang='grc' dir='ltr'><strong>ἀμετάθετον.</strong></span> <span class='ocrx_word' id='word_1_401' title='bbox 3448 2446 3466 2478; x_wconf 83' lang='grc' dir='ltr'><strong>ι</strong></span> <span class='ocrx_word' id='word_1_402' title='bbox 3514 2427 3618 2481; x_wconf 87' lang='lat' dir='ltr'><strong>Per</strong></span> <span class='ocrx_word' id='word_1_403' title='bbox 3672 2431 3786 2494; x_wconf 65' lang='lat' dir='ltr'><strong>haec</strong></span> 
     </span>
    </p>
   </div>
   <div class='ocr_carea' id='block_1_55' title="bbox 2203 2497 3780 2586">
    <p class='ocr_par' dir='ltr' id='par_1_55' title="bbox 2203 2497 3780 2586">
     <span class='ocr_line' id='line_1_55' title="bbox 2203 2497 3780 2586; baseline 0.008 -22"><span class='ocrx_word' id='word_1_404' title='bbox 2203 2520 2258 2565; x_wconf 92' lang='lat' dir='ltr'><strong>et</strong></span> <span class='ocrx_word' id='word_1_405' title='bbox 2286 2499 2380 2565; x_wconf 81' lang='lat' dir='ltr'><strong>his</strong></span> <span class='ocrx_word' id='word_1_406' title='bbox 2405 2513 2598 2566; x_wconf 85' lang='lat' dir='ltr'><strong>similia</strong></span> <span class='ocrx_word' id='word_1_407' title='bbox 2634 2497 2731 2568; x_wconf 83' lang='lat' dir='ltr'><strong>nos</strong></span> <span class='ocrx_word' id='word_1_408' title='bbox 2764 2529 2980 2584; x_wconf 79' lang='lat' dir='ltr'><strong>quoque</strong></span> <span class='ocrx_word' id='word_1_409' title='bbox 3023 2528 3171 2586; x_wconf 87' lang='lat' dir='ltr'><strong>petra</strong></span> <span class='ocrx_word' id='word_1_410' title='bbox 3223 2518 3448 2583; x_wconf 90' lang='lat' dir='ltr'><strong>erimus,</strong></span> <span class='ocrx_word' id='word_1_411' title='bbox 3482 2519 3780 2583; x_wconf 88' lang='lat' dir='ltr'><strong>imitantes.</strong></span> 
     </span>
    </p>
   </div>
   <div class='ocr_carea' id='block_1_56' title="bbox 2203 2600 3783 2680">
    <p class='ocr_par' dir='ltr' id='par_1_56' title="bbox 2203 2600 3783 2680">
     <span class='ocr_line' id='line_1_56' title="bbox 2203 2600 3783 2680; baseline 0.009 -27"><span class='ocrx_word' id='word_1_412' title='bbox 2203 2603 2381 2672; x_wconf 86' lang='lat' dir='ltr'><strong>quoad</strong></span> <span class='ocrx_word' id='word_1_413' title='bbox 2425 2600 2540 2668; x_wconf 87' lang='lat' dir='ltr'><strong>ejus</strong></span> <span class='ocrx_word' id='word_1_414' title='bbox 2588 2603 2701 2657; x_wconf 77' lang='lat' dir='ltr'><strong>fieri</strong></span> <span class='ocrx_word' id='word_1_415' title='bbox 2751 2615 2948 2674; x_wconf 89' lang='lat' dir='ltr'><strong>potest,</strong></span> <span class='ocrx_word' id='word_1_416' title='bbox 2992 2607 3046 2661; x_wconf 93' lang='lat' dir='ltr'><strong>in</strong></span> <span class='ocrx_word' id='word_1_417' title='bbox 3096 2608 3342 2662; x_wconf 82' lang='lat' dir='ltr'><strong>mutabili</strong></span> <span class='ocrx_word' id='word_1_418' title='bbox 3385 2619 3598 2676; x_wconf 89' lang='lat' dir='ltr'><strong>natura,</strong></span> <span class='ocrx_word' id='word_1_419' title='bbox 3637 2615 3783 2680; x_wconf 88' lang='lat' dir='ltr'><strong>quod</strong></span> 
     </span>
    </p>
   </div>
   <div class='ocr_carea' id='block_1_57' title="bbox 2202 2696 3780 2760">
    <p class='ocr_par' dir='ltr' id='par_1_57' title="bbox 2202 2696 3780 2760">
     <span class='ocr_line' id='line_1_57' title="bbox 2202 2696 3780 2760; baseline 0.008 -13"><span class='ocrx_word' id='word_1_420' title='bbox 2202 2706 2457 2747; x_wconf 83' lang='lat' dir='ltr'><strong>constans</strong></span> <span class='ocrx_word' id='word_1_421' title='bbox 2491 2704 2545 2748; x_wconf 92' lang='lat' dir='ltr'><strong>et</strong></span> <span class='ocrx_word' id='word_1_422' title='bbox 2581 2696 2921 2751; x_wconf 87' lang='lat' dir='ltr'><strong>immutabile</strong></span> <span class='ocrx_word' id='word_1_423' title='bbox 2953 2709 3057 2753; x_wconf 90' lang='lat' dir='ltr'><strong>est.</strong></span> <span class='ocrx_word' id='word_1_424' title='bbox 3097 2718 3116 2752; x_wconf 79' lang='grc' dir='ltr'><strong>ι</strong></span> <span class='ocrx_word' id='word_1_425' title='bbox 3140 2701 3460 2756; x_wconf 88' lang='lat' dir='ltr'><strong>Ambrosius</strong></span> <span class='ocrx_word' id='word_1_426' title='bbox 3485 2701 3780 2760; x_wconf 82' lang='lat' dir='ltr'><strong>Comment.</strong></span> 
     </span>
    </p>
   </div>
   <div class='ocr_carea' id='block_1_58' title="bbox 2200 2781 3782 2854">
    <p class='ocr_par' dir='ltr' id='par_1_58' title="bbox 2200 2781 3782 2854">
     <span class='ocr_line' id='line_1_58' title="bbox 2200 2781 3782 2854; baseline 0.008 -18"><span class='ocrx_word' id='word_1_427' title='bbox 2200 2781 2255 2836; x_wconf 88' lang='lat' dir='ltr'><strong>iu</strong></span> <span class='ocrx_word' id='word_1_428' title='bbox 2291 2781 2419 2836; x_wconf 84' lang='lat' dir='ltr'><strong>an.</strong></span> <span class='ocrx_word' id='word_1_429' title='bbox 2452 2799 2504 2838; x_wconf 70' lang='grc' dir='ltr'><strong>ιιι</strong></span> <span class='ocrx_word' id='word_1_430' title='bbox 2543 2801 2558 2838; x_wconf 88' lang='lat'><strong>:</strong></span> <span class='ocrx_word' id='word_1_431' title='bbox 2591 2801 2610 2835; x_wconf 82' lang='grc' dir='ltr'><strong>ι</strong></span> <span class='ocrx_word' id='word_1_432' title='bbox 2641 2784 2743 2853; x_wconf 84' lang='lat' dir='ltr'><strong>Qui</strong></span> <span class='ocrx_word' id='word_1_433' title='bbox 2785 2801 3000 2842; x_wconf 89' lang='lat' dir='ltr'><strong>carnem</strong></span> <span class='ocrx_word' id='word_1_434' title='bbox 3047 2790 3256 2854; x_wconf 89' lang='lat' dir='ltr'><strong>vicerit,</strong></span> <span class='ocrx_word' id='word_1_435' title='bbox 3283 2788 3542 2846; x_wconf 70' lang='lat' dir='ltr'><strong>Ecclesia:</strong></span> <span class='ocrx_word' id='word_1_436' title='bbox 3588 2791 3782 2848; x_wconf 80' lang='lat' dir='ltr'><strong>funda-</strong></span> 
     </span>
    </p>
   </div>
   <div class='ocr_carea' id='block_1_59' title="bbox 2201 2878 3778 2951">
    <p class='ocr_par' dir='ltr' id='par_1_59' title="bbox 2201 2878 3778 2951">
     <span class='ocr_line' id='line_1_59' title="bbox 2201 2878 3778 2951; baseline 0.006 -22"><span class='ocrx_word' id='word_1_437' title='bbox 2201 2885 2440 2930; x_wconf 88' lang='lat' dir='ltr'><strong>tnentum</strong></span> <span class='ocrx_word' id='word_1_438' title='bbox 2475 2887 2578 2938; x_wconf 90' lang='lat' dir='ltr'><strong>est,</strong></span> <span class='ocrx_word' id='word_1_439' title='bbox 2612 2887 2667 2930; x_wconf 93' lang='lat' dir='ltr'><strong>et</strong></span> <span class='ocrx_word' id='word_1_440' title='bbox 2696 2878 2742 2931; x_wconf 92' lang='lat' dir='ltr'><strong>si</strong></span> <span class='ocrx_word' id='word_1_441' title='bbox 2775 2881 2977 2948; x_wconf 64' lang='lat' dir='ltr'><strong>aequari</strong></span> <span class='ocrx_word' id='word_1_442' title='bbox 3009 2878 3170 2935; x_wconf 91' lang='lat' dir='ltr'><strong>Petro</strong></span> <span class='ocrx_word' id='word_1_443' title='bbox 3201 2897 3306 2935; x_wconf 90' lang='lat' dir='ltr'><strong>non</strong></span> <span class='ocrx_word' id='word_1_444' title='bbox 3343 2894 3544 2951; x_wconf 84' lang='lat' dir='ltr'><strong>potest,</strong></span> <span class='ocrx_word' id='word_1_445' title='bbox 3580 2885 3778 2938; x_wconf 88' lang='lat' dir='ltr'><strong>imitari</strong></span> 
     </span>
    </p>
   </div>
   <div class='ocr_carea' id='block_1_60' title="bbox 2199 2970 3778 3048">
    <p class='ocr_par' dir='ltr' id='par_1_60' title="bbox 2199 2970 3778 3048">
     <span class='ocr_line' id='line_1_60' title="bbox 2199 2970 3778 3048; baseline 0.008 -27"><span class='ocrx_word' id='word_1_446' title='bbox 2199 2981 2405 3039; x_wconf 80' lang='lat' dir='ltr'><strong>poteSt:</strong></span> <span class='ocrx_word' id='word_1_447' title='bbox 2428 2989 2448 3022; x_wconf 77' lang='grc' dir='ltr'><strong>ι</strong></span> <span class='ocrx_word' id='word_1_448' title='bbox 2473 2970 2703 3024; x_wconf 88' lang='lat' dir='ltr'><strong>deinde:</strong></span> <span class='ocrx_word' id='word_1_449' title='bbox 2743 2991 2760 3023; x_wconf 86' lang='grc' dir='ltr'><strong>ι</strong></span> <span class='ocrx_word' id='word_1_450' title='bbox 2789 2971 2978 3040; x_wconf 79' lang='lat' dir='ltr'><strong>Magna</strong></span> <span class='ocrx_word' id='word_1_451' title='bbox 3013 2983 3192 3027; x_wconf 88' lang='lat' dir='ltr'><strong>autem</strong></span> <span class='ocrx_word' id='word_1_452' title='bbox 3227 2974 3432 3030; x_wconf 82' lang='lat' dir='ltr'><strong>Christi</strong></span> <span class='ocrx_word' id='word_1_453' title='bbox 3457 2980 3653 3047; x_wconf 84' lang='lat' dir='ltr'><strong>gratia,</strong></span> <span class='ocrx_word' id='word_1_454' title='bbox 3687 2979 3778 3048; x_wconf 85' lang='lat' dir='ltr'><strong>qui</strong></span> 
     </span>
    </p>
   </div>
   <div class='ocr_carea' id='block_1_61' title="bbox 2199 3061 3774 3138">
    <p class='ocr_par' dir='ltr' id='par_1_61' title="bbox 2199 3061 3774 3138">
     <span class='ocr_line' id='line_1_61' title="bbox 2199 3061 3774 3138; baseline 0.008 -24"><span class='ocrx_word' id='word_1_455' title='bbox 2199 3061 2376 3115; x_wconf 90' lang='lat' dir='ltr'><strong>omnia</strong></span> <span class='ocrx_word' id='word_1_456' title='bbox 2427 3076 2592 3130; x_wconf 86' lang='lat' dir='ltr'><strong>prope</strong></span> <span class='ocrx_word' id='word_1_457' title='bbox 2616 3063 2875 3116; x_wconf 86' lang='lat' dir='ltr'><strong>vocabula</strong></span> <span class='ocrx_word' id='word_1_458' title='bbox 2912 3079 3006 3117; x_wconf 88' lang='lat' dir='ltr'><strong>sua</strong></span> <span class='ocrx_word' id='word_1_459' title='bbox 3031 3065 3304 3135; x_wconf 85' lang='lat' dir='ltr'><strong>discipulis</strong></span> <span class='ocrx_word' id='word_1_460' title='bbox 3334 3067 3463 3138; x_wconf 89' lang='lat' dir='ltr'><strong>ipsis</strong></span> <span class='ocrx_word' id='word_1_461' title='bbox 3492 3072 3709 3124; x_wconf 87' lang='lat' dir='ltr'><strong>donavit</strong></span> <span class='ocrx_word' id='word_1_462' title='bbox 3755 3090 3774 3127; x_wconf 87' lang='lat'><strong>:</strong></span> 
     </span>
    </p>
   </div>
   <div class='ocr_carea' id='block_1_62' title="bbox 2205 3154 3777 3234">
    <p class='ocr_par' dir='ltr' id='par_1_62' title="bbox 2205 3154 3777 3234">
     <span class='ocr_line' id='line_1_62' title="bbox 2205 3154 3777 3234; baseline 0.008 -28"><span class='ocrx_word' id='word_1_463' title='bbox 2205 3154 2312 3224; x_wconf 72' lang='lat' dir='ltr'><strong>Ic&#39;go</strong></span> <span class='ocrx_word' id='word_1_464' title='bbox 2346 3171 2480 3220; x_wconf 73' lang='lat' dir='ltr'><strong>tum,</strong></span> <span class='ocrx_word' id='word_1_465' title='bbox 2512 3155 2704 3224; x_wconf 88' lang='lat' dir='ltr'><strong>inquit,</strong></span> <span class='ocrx_word' id='word_1_466' title='bbox 2726 3158 2820 3212; x_wconf 72' lang='lat' dir='ltr'><strong>lux</strong></span> <span class='ocrx_word' id='word_1_467' title='bbox 2847 3160 3030 3212; x_wconf 81' lang='lat' dir='ltr'><strong>mundi</strong></span> <span class='ocrx_word' id='word_1_468' title='bbox 3057 3159 3216 3225; x_wconf 72' lang='lat'><strong>“°”;</strong></span> <span class='ocrx_word' id='word_1_469' title='bbox 3248 3173 3303 3214; x_wconf 86' lang='lat' dir='ltr'><strong>et</strong></span> <span class='ocrx_word' id='word_1_470' title='bbox 3345 3162 3397 3216; x_wconf 86' lang='lat' dir='ltr'><strong>id</strong></span> <span class='ocrx_word' id='word_1_471' title='bbox 3429 3172 3631 3227; x_wconf 87' lang='lat' dir='ltr'><strong>tamen,</strong></span> <span class='ocrx_word' id='word_1_472' title='bbox 3666 3180 3777 3234; x_wconf 86' lang='lat' dir='ltr'><strong>quo</strong></span> 
     </span>
    </p>
   </div>
   <div class='ocr_carea' id='block_1_63' title="bbox 530 3215 3777 3330">
    <p class='ocr_par' dir='ltr' id='par_1_63' title="bbox 530 3215 3777 3330">
     <span class='ocr_line' id='line_1_63' title="bbox 530 3215 3777 3330; baseline 0.005 -34"><span class='ocrx_word' id='word_1_473' title='bbox 530 3252 714 3304; x_wconf 85' lang='lat' dir='ltr'><strong>essent</strong></span> <span class='ocrx_word' id='word_1_474' title='bbox 743 3243 1043 3314; x_wconf 66' lang='lat' dir='ltr'><strong>promeriti,</strong></span> <span class='ocrx_word' id='word_1_475' title='bbox 1080 3245 1224 3299; x_wconf 91' lang='lat' dir='ltr'><strong>solos</strong></span> <span class='ocrx_word' id='word_1_476' title='bbox 1267 3244 1463 3299; x_wconf 81' lang='lat' dir='ltr'><strong>noxios</strong></span> <span class='ocrx_word' id='word_1_477' title='bbox 1497 3245 1728 3314; x_wconf 87' lang='lat' dir='ltr'><strong>ligaret;</strong></span> <span class='ocrx_word' id='word_1_478' title='bbox 1765 3247 1808 3301; x_wconf 93' lang='lat' dir='ltr'><strong>si</strong></span> <span class='ocrx_word' id='word_1_479' title='bbox 1843 3247 1966 3330; x_wconf 86' lang='lat' dir='ltr'><strong>quis</strong></span> <span class='ocrx_word' id='word_1_480' title='bbox 1993 3248 2100 3318; x_wconf 83' lang='lat' dir='ltr'><strong>opi-</strong></span> <span class='ocrx_word' id='word_1_481' title='bbox 2125 3215 2166 3272; x_wconf 62' lang='grc' dir='ltr'>Ο</span> <span class='ocrx_word' id='word_1_482' title='bbox 2203 3250 2316 3318; x_wconf 90' lang='lat' dir='ltr'><strong>ipse</strong></span> <span class='ocrx_word' id='word_1_483' title='bbox 2366 3249 2661 3319; x_wconf 83' lang='lat' dir='ltr'><strong>gloriatur,</strong></span> <span class='ocrx_word' id='word_1_484' title='bbox 2709 3252 2990 3318; x_wconf 91' lang='lat' dir='ltr'><strong>discipulis</strong></span> <span class='ocrx_word' id='word_1_485' title='bbox 3036 3268 3233 3307; x_wconf 89' lang='lat' dir='ltr'><strong>nomen</strong></span> <span class='ocrx_word' id='word_1_486' title='bbox 3271 3253 3513 3319; x_wconf 89' lang='lat' dir='ltr'><strong>indulsit,</strong></span> <span class='ocrx_word' id='word_1_487' title='bbox 3553 3256 3777 3312; x_wconf 87' lang='lat' dir='ltr'><strong>dicens:</strong></span> 
     </span>
    </p>
   </div>
   <div class='ocr_carea' id='block_1_64' title="bbox 529 3326 2098 3410">
    <p class='ocr_par' dir='ltr' id='par_1_64' title="bbox 529 3326 2098 3410">
     <span class='ocr_line' id='line_1_64' title="bbox 529 3326 2098 3410; baseline 0.003 -20"><span class='ocrx_word' id='word_1_488' title='bbox 529 3326 925 3406; x_wconf 32' lang='lat' dir='ltr'><strong>scopus‘Petro</strong></span> <span class='ocrx_word' id='word_1_489' title='bbox 953 3336 1235 3396; x_wconf 84' lang='lat' dir='ltr'><strong>dissimilis</strong></span> <span class='ocrx_word' id='word_1_490' title='bbox 1286 3346 1556 3410; x_wconf 90' lang='lat' dir='ltr'><strong>potestate</strong></span> <span class='ocrx_word' id='word_1_491' title='bbox 1608 3337 1834 3394; x_wconf 91' lang='lat' dir='ltr'><strong>abutens</strong></span> <span class='ocrx_word' id='word_1_492' title='bbox 1865 3326 1960 3394; x_wconf 84' lang='lat' dir='ltr'><strong>sua</strong></span> <span class='ocrx_word' id='word_1_493' title='bbox 2017 3341 2098 3394; x_wconf 86' lang='lat' dir='ltr'><strong>in-</strong></span> 
     </span>
    </p>
   </div>
   <div class='ocr_carea' id='block_1_65' title="bbox 529 3425 2097 3498">
    <p class='ocr_par' dir='ltr' id='par_1_65' title="bbox 529 3425 2097 3498">
     <span class='ocr_line' id='line_1_65' title="bbox 529 3425 2097 3498; baseline 0.001 -18"><span class='ocrx_word' id='word_1_494' title='bbox 529 3435 712 3480; x_wconf 83' lang='lat' dir='ltr'><strong>sontes</strong></span> <span class='ocrx_word' id='word_1_495' title='bbox 765 3425 1035 3494; x_wconf 81' lang='lat' dir='ltr'><strong>ligaverit,</strong></span> <span class='ocrx_word' id='word_1_496' title='bbox 1076 3426 1326 3497; x_wconf 87' lang='lat' dir='ltr'><strong>indignos</strong></span> <span class='ocrx_word' id='word_1_497' title='bbox 1356 3426 1596 3494; x_wconf 84' lang='lat' dir='ltr'><strong>solverit,</strong></span> <span class='ocrx_word' id='word_1_498' title='bbox 1650 3442 1754 3482; x_wconf 89' lang='lat' dir='ltr'><strong>non</strong></span> <span class='ocrx_word' id='word_1_499' title='bbox 1792 3427 2016 3498; x_wconf 86' lang='lat' dir='ltr'><strong>perinde</strong></span> <span class='ocrx_word' id='word_1_500' title='bbox 2045 3429 2097 3483; x_wconf 93' lang='lat' dir='ltr'><strong>in</strong></span> 
     </span>
    </p>
   </div>
   <div class='ocr_carea' id='block_1_66' title="bbox 529 3517 2098 3590">
    <p class='ocr_par' dir='ltr' id='par_1_66' title="bbox 529 3517 2098 3590">
     <span class='ocr_line' id='line_1_66' title="bbox 529 3517 2098 3590; baseline 0.003 -21"><span class='ocrx_word' id='word_1_501' title='bbox 529 3517 670 3572; x_wconf 70' lang='lat' dir='ltr'><strong>cmlo</strong></span> <span class='ocrx_word' id='word_1_502' title='bbox 724 3533 782 3572; x_wconf 91' lang='lat' dir='ltr'><strong>se</strong></span> <span class='ocrx_word' id='word_1_503' title='bbox 837 3533 923 3571; x_wconf 87' lang='lat' dir='ltr'><strong>res</strong></span> <span class='ocrx_word' id='word_1_504' title='bbox 978 3517 1219 3572; x_wconf 88' lang='lat' dir='ltr'><strong>habebit.</strong></span> <span class='ocrx_word' id='word_1_505' title='bbox 1275 3517 1529 3573; x_wconf 83' lang='lat' dir='ltr'><strong>Subsidia</strong></span> <span class='ocrx_word' id='word_1_506' title='bbox 1579 3525 1663 3574; x_wconf 86' lang='lat' dir='ltr'><strong>est</strong></span> <span class='ocrx_word' id='word_1_507' title='bbox 1698 3519 1916 3590; x_wconf 83' lang='lat' dir='ltr'><strong>Origeni</strong></span> <span class='ocrx_word' id='word_1_508' title='bbox 1954 3520 2098 3575; x_wconf 87' lang='lat' dir='ltr'><strong>istud</strong></span> 
     </span>
    </p>
   </div>
   <div class='ocr_carea' id='block_1_67' title="bbox 529 3608 2100 3682">
    <p class='ocr_par' dir='ltr' id='par_1_67' title="bbox 529 3608 2100 3682">
     <span class='ocr_line' id='line_1_67' title="bbox 529 3608 2100 3682; baseline 0.003 -20"><span class='ocrx_word' id='word_1_509' title='bbox 529 3608 842 3682; x_wconf 85' lang='lat' dir='ltr'><strong>llieronymi</strong></span> <span class='ocrx_word' id='word_1_510' title='bbox 889 3611 982 3667; x_wconf 93' lang='lat' dir='ltr'><strong>lib.</strong></span> <span class='ocrx_word' id='word_1_511' title='bbox 1019 3627 1079 3666; x_wconf 87' lang='grc' dir='ltr'><strong>ιιι</strong></span> <span class='ocrx_word' id='word_1_512' title='bbox 1144 3612 1198 3664; x_wconf 85' lang='lat' dir='ltr'><strong>in</strong></span> <span class='ocrx_word' id='word_1_513' title='bbox 1238 3610 1430 3664; x_wconf 77' lang='lat' dir='ltr'><strong>Matth.</strong></span> <span class='ocrx_word' id='word_1_514' title='bbox 1471 3627 1580 3676; x_wconf 80' lang='lat' dir='ltr'><strong>xw,</strong></span> <span class='ocrx_word' id='word_1_515' title='bbox 1616 3612 1704 3669; x_wconf 77' lang='grc'><strong>19.</strong></span> <span class='ocrx_word' id='word_1_516' title='bbox 1747 3629 1766 3664; x_wconf 81' lang='grc' dir='ltr'><strong>ι</strong></span> <span class='ocrx_word' id='word_1_517' title='bbox 1803 3611 1971 3666; x_wconf 92' lang='lat' dir='ltr'><strong>lstum</strong></span> <span class='ocrx_word' id='word_1_518' title='bbox 2019 3612 2100 3666; x_wconf 78' lang='lat' dir='ltr'><strong>lo-</strong></span> 
     </span>
    </p>
   </div>
   <div class='ocr_carea' id='block_1_68' title="bbox 527 3701 2100 3776">
    <p class='ocr_par' dir='ltr' id='par_1_68' title="bbox 527 3701 2100 3776">
     <span class='ocr_line' id='line_1_68' title="bbox 527 3701 2100 3776; baseline 0.003 -20"><span class='ocrx_word' id='word_1_519' title='bbox 527 3717 653 3756; x_wconf 90' lang='lat' dir='ltr'><strong>cum</strong></span> <span class='ocrx_word' id='word_1_520' title='bbox 691 3703 926 3773; x_wconf 91' lang='lat' dir='ltr'><strong>episc0pi</strong></span> <span class='ocrx_word' id='word_1_521' title='bbox 972 3714 1026 3758; x_wconf 91' lang='lat' dir='ltr'><strong>et</strong></span> <span class='ocrx_word' id='word_1_522' title='bbox 1057 3701 1356 3776; x_wconf 85' lang='lat' dir='ltr'><strong>presbyteri</strong></span> <span class='ocrx_word' id='word_1_523' title='bbox 1406 3718 1510 3756; x_wconf 91' lang='lat' dir='ltr'><strong>non</strong></span> <span class='ocrx_word' id='word_1_524' title='bbox 1567 3703 1950 3772; x_wconf 84' lang='lat' dir='ltr'><strong>intelligentes,</strong></span> <span class='ocrx_word' id='word_1_525' title='bbox 2001 3705 2100 3760; x_wconf 88' lang='lat' dir='ltr'><strong>ali-</strong></span> 
     </span>
    </p>
   </div>
   <div class='ocr_carea' id='block_1_69' title="bbox 530 3782 2100 3865">
    <p class='ocr_par' dir='ltr' id='par_1_69' title="bbox 530 3782 2100 3865">
     <span class='ocr_line' id='line_1_69' title="bbox 530 3782 2100 3865; baseline 0.006 -21"><span class='ocrx_word' id='word_1_526' title='bbox 530 3794 658 3861; x_wconf 79' lang='lat' dir='ltr'><strong>quid</strong></span> <span class='ocrx_word' id='word_1_527' title='bbox 687 3794 790 3848; x_wconf 88' lang='lat' dir='ltr'><strong>sibi</strong></span> <span class='ocrx_word' id='word_1_528' title='bbox 839 3794 905 3848; x_wconf 93' lang='lat' dir='ltr'><strong>de</strong></span> <span class='ocrx_word' id='word_1_529' title='bbox 942 3782 1337 3849; x_wconf 70' lang='lat' dir='ltr'><strong>Pharismorum</strong></span> <span class='ocrx_word' id='word_1_530' title='bbox 1369 3804 1652 3850; x_wconf 80' lang='lat' dir='ltr'><strong>assumunt</strong></span> <span class='ocrx_word' id='word_1_531' title='bbox 1696 3797 2006 3865; x_wconf 87' lang='lat' dir='ltr'><strong>supercilio,</strong></span> <span class='ocrx_word' id='word_1_532' title='bbox 2039 3806 2100 3854; x_wconf 91' lang='lat' dir='ltr'><strong>ut</strong></span> 
     </span>
    </p>
   </div>
   <div class='ocr_carea' id='block_1_70' title="bbox 528 3873 2100 3958">
    <p class='ocr_par' dir='ltr' id='par_1_70' title="bbox 528 3873 2100 3958">
     <span class='ocr_line' id='line_1_70' title="bbox 528 3873 2100 3958; baseline 0.004 -22"><span class='ocrx_word' id='word_1_533' title='bbox 528 3873 614 3940; x_wconf 74' lang='lat' dir='ltr'><strong>vel</strong></span> <span class='ocrx_word' id='word_1_534' title='bbox 644 3887 899 3942; x_wconf 90' lang='lat' dir='ltr'><strong>damnent</strong></span> <span class='ocrx_word' id='word_1_535' title='bbox 930 3888 1266 3952; x_wconf 86' lang='lat' dir='ltr'><strong>innocentes,</strong></span> <span class='ocrx_word' id='word_1_536' title='bbox 1309 3889 1393 3958; x_wconf 86' lang='lat' dir='ltr'><strong>vel</strong></span> <span class='ocrx_word' id='word_1_537' title='bbox 1431 3888 1643 3943; x_wconf 86' lang='lat' dir='ltr'><strong>solvere</strong></span> <span class='ocrx_word' id='word_1_538' title='bbox 1685 3903 1744 3945; x_wconf 89' lang='lat' dir='ltr'><strong>se</strong></span> <span class='ocrx_word' id='word_1_539' title='bbox 1792 3891 1982 3955; x_wconf 61' lang='lat' dir='ltr'><strong>noxios</strong></span> <span class='ocrx_word' id='word_1_540' title='bbox 2012 3904 2100 3943; x_wconf 89' lang='lat' dir='ltr'><strong>ar-</strong></span> 
     </span>
    </p>
   </div>
   <div class='ocr_carea' id='block_1_71' title="bbox 530 3977 2096 4048">
    <p class='ocr_par' dir='ltr' id='par_1_71' title="bbox 530 3977 2096 4048">
     <span class='ocr_line' id='line_1_71' title="bbox 530 3977 2096 4048; baseline 0.002 -16"><span class='ocrx_word' id='word_1_541' title='bbox 530 3977 820 4042; x_wconf 89' lang='lat' dir='ltr'><strong>bitrentur,</strong></span> <span class='ocrx_word' id='word_1_542' title='bbox 849 3993 971 4033; x_wconf 92' lang='lat' dir='ltr'><strong>cum</strong></span> <span class='ocrx_word' id='word_1_543' title='bbox 1003 3979 1142 4048; x_wconf 87' lang='lat' dir='ltr'><strong>apud</strong></span> <span class='ocrx_word' id='word_1_544' title='bbox 1178 3981 1342 4033; x_wconf 90' lang='lat' dir='ltr'><strong>Deum</strong></span> <span class='ocrx_word' id='word_1_545' title='bbox 1397 3994 1501 4033; x_wconf 91' lang='lat' dir='ltr'><strong>non</strong></span> <span class='ocrx_word' id='word_1_546' title='bbox 1535 3980 1805 4034; x_wconf 88' lang='lat' dir='ltr'><strong>sententia</strong></span> <span class='ocrx_word' id='word_1_547' title='bbox 1839 3982 2096 4043; x_wconf 78' lang='lat' dir='ltr'><strong>sacerdo-</strong></span> 
     </span>
    </p>
   </div>
   <div class='ocr_carea' id='block_1_72' title="bbox 529 4070 2095 4138">
    <p class='ocr_par' dir='ltr' id='par_1_72' title="bbox 529 4070 2095 4138">
     <span class='ocr_line' id='line_1_72' title="bbox 529 4070 2095 4138; baseline 0.004 -19"><span class='ocrx_word' id='word_1_548' title='bbox 529 4079 664 4132; x_wconf 89' lang='lat' dir='ltr'><strong>tum,</strong></span> <span class='ocrx_word' id='word_1_549' title='bbox 715 4070 810 4125; x_wconf 89' lang='lat' dir='ltr'><strong>sed</strong></span> <span class='ocrx_word' id='word_1_550' title='bbox 860 4084 1074 4123; x_wconf 85' lang='lat' dir='ltr'><strong>reorum</strong></span> <span class='ocrx_word' id='word_1_551' title='bbox 1127 4070 1237 4123; x_wconf 86' lang='lat' dir='ltr'><strong>vita</strong></span> <span class='ocrx_word' id='word_1_552' title='bbox 1285 4081 1580 4138; x_wconf 60' lang='lat' dir='ltr'><strong>quaeratur.</strong></span> <span class='ocrx_word' id='word_1_553' title='bbox 1627 4090 1645 4122; x_wconf 81' lang='grc' dir='ltr'><strong>ι</strong></span> <span class='ocrx_word' id='word_1_554' title='bbox 1694 4071 1896 4127; x_wconf 76' lang='grc' dir='ltr'><strong>Νοιιίοε</strong></span> <span class='ocrx_word' id='word_1_555' title='bbox 1947 4073 2095 4134; x_wconf 86' lang='lat' dir='ltr'><strong>dicit,</strong></span> 
     </span>
    </p>
   </div>
   <div class='ocr_carea' id='block_1_73' title="bbox 528 4159 2099 4230">
    <p class='ocr_par' dir='ltr' id='par_1_73' title="bbox 528 4159 2099 4230">
     <span class='ocr_line' id='line_1_73' title="bbox 528 4159 2099 4230; baseline 0.003 -19"><span class='ocrx_word' id='word_1_556' title='bbox 528 4159 620 4226; x_wconf 90' lang='lat' dir='ltr'><strong>qui</strong></span> <span class='ocrx_word' id='word_1_557' title='bbox 653 4160 811 4215; x_wconf 73' lang='lat' dir='ltr'><strong>noxis</strong></span> <span class='ocrx_word' id='word_1_558' title='bbox 839 4159 1107 4230; x_wconf 89' lang='lat' dir='ltr'><strong>impliciti,</strong></span> <span class='ocrx_word' id='word_1_559' title='bbox 1145 4160 1286 4213; x_wconf 93' lang='lat' dir='ltr'><strong>nulla</strong></span> <span class='ocrx_word' id='word_1_560' title='bbox 1320 4161 1586 4214; x_wconf 89' lang='lat' dir='ltr'><strong>scelerum</strong></span> <span class='ocrx_word' id='word_1_561' title='bbox 1619 4164 1953 4230; x_wconf 72' lang='lat' dir='ltr'><strong>pmttitndine</strong></span> <span class='ocrx_word' id='word_1_562' title='bbox 1987 4173 2099 4217; x_wconf 89' lang='lat' dir='ltr'><strong>tan-</strong></span> 
     </span>
    </p>
   </div>
   <div class='ocr_carea' id='block_1_74' title="bbox 527 4237 1950 4320">
    <p class='ocr_par' dir='ltr' id='par_1_74' title="bbox 527 4237 1950 4320">
     <span class='ocr_line' id='line_1_74' title="bbox 527 4237 1950 4320; baseline 0.006 -22"><span class='ocrx_word' id='word_1_563' title='bbox 527 4237 756 4320; x_wconf 77' lang='lat' dir='ltr'><strong>guntur:</strong></span> <span class='ocrx_word' id='word_1_564' title='bbox 790 4249 987 4317; x_wconf 88' lang='lat' dir='ltr'><strong>alioqui</strong></span> <span class='ocrx_word' id='word_1_565' title='bbox 1023 4263 1179 4302; x_wconf 92' lang='lat' dir='ltr'><strong>nemo</strong></span> <span class='ocrx_word' id='word_1_566' title='bbox 1209 4249 1344 4303; x_wconf 89' lang='lat' dir='ltr'><strong>solvi</strong></span> <span class='ocrx_word' id='word_1_567' title='bbox 1379 4259 1554 4318; x_wconf 87' lang='lat' dir='ltr'><strong>potest</strong></span> <span class='ocrx_word' id='word_1_568' title='bbox 1589 4252 1688 4305; x_wconf 89' lang='lat' dir='ltr'><strong>nisi</strong></span> <span class='ocrx_word' id='word_1_569' title='bbox 1735 4253 1950 4307; x_wconf 82' lang='lat' dir='ltr'><strong>noxius.</strong></span> 
     </span>
    </p>
   </div>
   <div class='ocr_carea' id='block_1_75' title="bbox 597 4339 2093 4410">
    <p class='ocr_par' dir='ltr' id='par_1_75' title="bbox 597 4339 2093 4410">
     <span class='ocr_line' id='line_1_75' title="bbox 597 4339 2093 4410; baseline 0.001 -14"><span class='ocrx_word' id='word_1_570' title='bbox 597 4341 807 4396; x_wconf 83' lang='lat' dir='ltr'><strong>Asserit</strong></span> <span class='ocrx_word' id='word_1_571' title='bbox 845 4351 1102 4410; x_wconf 71' lang='lat' dir='ltr'><strong>praeterea</strong></span> <span class='ocrx_word' id='word_1_572' title='bbox 1146 4339 1405 4408; x_wconf 80' lang='lat' dir='ltr'><strong>Origenes</strong></span> <span class='ocrx_word' id='word_1_573' title='bbox 1447 4351 1594 4396; x_wconf 91' lang='lat' dir='ltr'><strong>torno</strong></span> <span class='ocrx_word' id='word_1_574' title='bbox 1651 4358 1749 4397; x_wconf 70' lang='grc' dir='ltr'><strong>χιιι</strong></span> <span class='ocrx_word' id='word_1_575' title='bbox 1792 4344 1845 4396; x_wconf 83' lang='lat' dir='ltr'><strong>in</strong></span> <span class='ocrx_word' id='word_1_576' title='bbox 1879 4343 2093 4409; x_wconf 61' lang='lat' dir='ltr'><strong>Matth,</strong></span> 
     </span>
    </p>
   </div>
   <div class='ocr_carea' id='block_1_76' title="bbox 526 4433 2096 4507">
    <p class='ocr_par' dir='ltr' id='par_1_76' title="bbox 526 4433 2096 4507">
     <span class='ocr_line' id='line_1_76' title="bbox 526 4433 2096 4507; baseline 0.002 -19"><span class='ocrx_word' id='word_1_577' title='bbox 526 4451 676 4488; x_wconf 92' lang='lat' dir='ltr'><strong>num.</strong></span> <span class='ocrx_word' id='word_1_578' title='bbox 725 4435 814 4497; x_wconf 74' lang='lat' dir='ltr'><strong>3i,</strong></span> <span class='ocrx_word' id='word_1_579' title='bbox 865 4450 990 4504; x_wconf 87' lang='lat' dir='ltr'><strong>pag.</strong></span> <span class='ocrx_word' id='word_1_580' title='bbox 1030 4433 1154 4499; x_wconf 80' lang='grc'><strong>613,</strong></span> <span class='ocrx_word' id='word_1_581' title='bbox 1203 4433 1404 4503; x_wconf 81' lang='lat' dir='ltr'><strong>ligandi</strong></span> <span class='ocrx_word' id='word_1_582' title='bbox 1456 4443 1511 4488; x_wconf 91' lang='lat' dir='ltr'><strong>et</strong></span> <span class='ocrx_word' id='word_1_583' title='bbox 1559 4434 1800 4490; x_wconf 84' lang='lat' dir='ltr'><strong>solvendi</strong></span> <span class='ocrx_word' id='word_1_584' title='bbox 1852 4447 2096 4507; x_wconf 76' lang='lat' dir='ltr'><strong>potesta-</strong></span> 
     </span>
    </p>
   </div>
   <div class='ocr_carea' id='block_1_77' title="bbox 2210 3335 3751 3413">
    <p class='ocr_par' dir='ltr' id='par_1_77' title="bbox 2210 3335 3751 3413">
     <span class='ocr_line' id='line_1_77' title="bbox 2210 3335 3751 3413; baseline 0.006 -22"><span class='ocrx_word' id='word_1_585' title='bbox 2210 3338 2310 3393; x_wconf 77' lang='lat' dir='ltr'><strong>Vos</strong></span> <span class='ocrx_word' id='word_1_586' title='bbox 2341 3335 2466 3394; x_wconf 74' lang='lat' dir='ltr'><strong>estis</strong></span> <span class='ocrx_word' id='word_1_587' title='bbox 2494 3341 2587 3394; x_wconf 74' lang='lat' dir='ltr'><strong>lux</strong></span> <span class='ocrx_word' id='word_1_588' title='bbox 2629 3341 2814 3394; x_wconf 84' lang='lat' dir='ltr'><strong>mundi</strong></span> <span class='ocrx_word' id='word_1_589' title='bbox 2838 3342 2883 3373; x_wconf 76' lang='lat'><strong>&quot;‘</strong></span> <span class='ocrx_word' id='word_1_590' title='bbox 2913 3357 2924 3393; x_wconf 94' lang='lat'>:</span> <span class='ocrx_word' id='word_1_591' title='bbox 2966 3339 3075 3410; x_wconf 86' lang='lat' dir='ltr'><strong>Ego</strong></span> <span class='ocrx_word' id='word_1_592' title='bbox 3115 3360 3231 3396; x_wconf 76' lang='lat' dir='ltr'><strong>sum</strong></span> <span class='ocrx_word' id='word_1_593' title='bbox 3275 3347 3428 3413; x_wconf 80' lang='lat' dir='ltr'><strong>panis</strong></span> <span class='ocrx_word' id='word_1_594' title='bbox 3483 3347 3629 3400; x_wconf 75' lang='lat' dir='ltr'><strong>vicus</strong></span> <span class='ocrx_word' id='word_1_595' title='bbox 3665 3348 3751 3412; x_wconf 83' lang='grc'>⁸⁷;</span> 
     </span>
    </p>
   </div>
   <div class='ocr_carea' id='block_1_78' title="bbox 2200 3431 3780 3508">
    <p class='ocr_par' dir='ltr' id='par_1_78' title="bbox 2200 3431 3780 3508">
     <span class='ocr_line' id='line_1_78' title="bbox 2200 3431 3780 3508; baseline 0.004 -22"><span class='ocrx_word' id='word_1_596' title='bbox 2200 3442 2252 3486; x_wconf 88' lang='lat' dir='ltr'><strong>et</strong></span> <span class='ocrx_word' id='word_1_597' title='bbox 2285 3449 2298 3484; x_wconf 90' lang='lat'>:</span> <span class='ocrx_word' id='word_1_598' title='bbox 2331 3431 2442 3486; x_wconf 77' lang='lat' dir='ltr'><strong>Nos</strong></span> <span class='ocrx_word' id='word_1_599' title='bbox 2470 3450 2647 3488; x_wconf 73' lang='lat' dir='ltr'><strong>omnes</strong></span> <span class='ocrx_word' id='word_1_600' title='bbox 2677 3450 2810 3486; x_wconf 80' lang='lat' dir='ltr'><strong>unus</strong></span> <span class='ocrx_word' id='word_1_601' title='bbox 2844 3435 2994 3503; x_wconf 73' lang='lat' dir='ltr'><strong>panis</strong></span> <span class='ocrx_word' id='word_1_602' title='bbox 3033 3453 3212 3489; x_wconf 73' lang='lat' dir='ltr'><strong>summ</strong></span> <span class='ocrx_word' id='word_1_603' title='bbox 3241 3437 3286 3468; x_wconf 82' lang='grc'>⁸⁸</span> <span class='ocrx_word' id='word_1_604' title='bbox 3321 3455 3334 3490; x_wconf 92' lang='lat'><strong>:</strong></span> <span class='ocrx_word' id='word_1_605' title='bbox 3374 3436 3486 3508; x_wconf 85' lang='lat' dir='ltr'><strong>Ego</strong></span> <span class='ocrx_word' id='word_1_606' title='bbox 3514 3456 3632 3493; x_wconf 82' lang='lat' dir='ltr'><strong>sum</strong></span> <span class='ocrx_word' id='word_1_607' title='bbox 3659 3441 3780 3494; x_wconf 70' lang='lat' dir='ltr'><strong>vitis</strong></span> 
     </span>
    </p>
   </div>
   <div class='ocr_carea' id='block_1_79' title="bbox 2199 3521 3776 3596">
    <p class='ocr_par' dir='ltr' id='par_1_79' title="bbox 2199 3521 3776 3596">
     <span class='ocr_line' id='line_1_79' title="bbox 2199 3521 3776 3596; baseline 0.003 -19"><span class='ocrx_word' id='word_1_608' title='bbox 2199 3539 2320 3577; x_wconf 85' lang='lat' dir='ltr'><strong>vera</strong></span> <span class='ocrx_word' id='word_1_609' title='bbox 2347 3523 2413 3595; x_wconf 71' lang='grc'><strong>⁸⁵³)</strong></span> <span class='ocrx_word' id='word_1_610' title='bbox 2441 3543 2453 3588; x_wconf 86' lang='grc'>;</span> <span class='ocrx_word' id='word_1_611' title='bbox 2487 3533 2539 3577; x_wconf 90' lang='lat' dir='ltr'><strong>et</strong></span> <span class='ocrx_word' id='word_1_612' title='bbox 2579 3523 2669 3577; x_wconf 91' lang='lat' dir='ltr'><strong>tibi</strong></span> <span class='ocrx_word' id='word_1_613' title='bbox 2702 3524 2869 3578; x_wconf 89' lang='lat' dir='ltr'><strong>dicit:</strong></span> <span class='ocrx_word' id='word_1_614' title='bbox 2905 3521 3148 3578; x_wconf 82' lang='lat' dir='ltr'><strong>Plantavi</strong></span> <span class='ocrx_word' id='word_1_615' title='bbox 3182 3535 3228 3579; x_wconf 89' lang='lat' dir='ltr'><strong>te</strong></span> <span class='ocrx_word' id='word_1_616' title='bbox 3259 3526 3408 3579; x_wconf 82' lang='lat' dir='ltr'><strong>vitem</strong></span> <span class='ocrx_word' id='word_1_617' title='bbox 3451 3527 3776 3596; x_wconf 76' lang='lat' dir='ltr'><strong>fructuosam</strong></span> 
     </span>
    </p>
   </div>
   <div class='ocr_carea' id='block_1_80' title="bbox 2200 3615 3772 3687">
    <p class='ocr_par' dir='ltr' id='par_1_80' title="bbox 2200 3615 3772 3687">
     <span class='ocr_line' id='line_1_80' title="bbox 2200 3615 3772 3687; baseline 0.003 -19"><span class='ocrx_word' id='word_1_618' title='bbox 2200 3631 2400 3669; x_wconf 81' lang='lat' dir='ltr'><strong>onmem</strong></span> <span class='ocrx_word' id='word_1_619' title='bbox 2435 3633 2608 3670; x_wconf 80' lang='lat' dir='ltr'><strong>verant</strong></span> <span class='ocrx_word' id='word_1_620' title='bbox 2637 3617 2701 3668; x_wconf 74' lang='grc'><strong>’⁸.</strong></span> <span class='ocrx_word' id='word_1_621' title='bbox 2735 3615 2895 3669; x_wconf 88' lang='lat' dir='ltr'><strong>Petra</strong></span> <span class='ocrx_word' id='word_1_622' title='bbox 2927 3625 3010 3669; x_wconf 87' lang='lat' dir='ltr'><strong>est</strong></span> <span class='ocrx_word' id='word_1_623' title='bbox 3036 3615 3285 3672; x_wconf 87' lang='lat' dir='ltr'><strong>Christus</strong></span> <span class='ocrx_word' id='word_1_624' title='bbox 3337 3617 3614 3687; x_wconf 83' lang='lat' dir='ltr'><strong>(bibebant</strong></span> <span class='ocrx_word' id='word_1_625' title='bbox 3638 3622 3772 3673; x_wconf 76' lang='lat' dir='ltr'><strong>enim</strong></span> 
     </span>
    </p>
   </div>
   <div class='ocr_carea' id='block_1_81' title="bbox 2200 3709 3773 3784">
    <p class='ocr_par' dir='ltr' id='par_1_81' title="bbox 2200 3709 3773 3784">
     <span class='ocr_line' id='line_1_81' title="bbox 2200 3709 3773 3784; baseline 0.003 -23"><span class='ocrx_word' id='word_1_626' title='bbox 2200 3709 2265 3762; x_wconf 84' lang='lat' dir='ltr'><strong>de</strong></span> <span class='ocrx_word' id='word_1_627' title='bbox 2297 3709 2523 3784; x_wconf 80' lang='lat' dir='ltr'><strong>spiritali</strong></span> <span class='ocrx_word' id='word_1_628' title='bbox 2556 3718 2798 3778; x_wconf 79' lang='lat' dir='ltr'><strong>sequente</strong></span> <span class='ocrx_word' id='word_1_629' title='bbox 2835 3719 3028 3778; x_wconf 83' lang='lat' dir='ltr'><strong>petra;</strong></span> <span class='ocrx_word' id='word_1_630' title='bbox 3065 3718 3214 3776; x_wconf 85' lang='lat' dir='ltr'><strong>petra</strong></span> <span class='ocrx_word' id='word_1_631' title='bbox 3251 3720 3426 3761; x_wconf 83' lang='lat' dir='ltr'><strong>autent</strong></span> <span class='ocrx_word' id='word_1_632' title='bbox 3463 3720 3579 3764; x_wconf 84' lang='lat' dir='ltr'><strong>erat</strong></span> <span class='ocrx_word' id='word_1_633' title='bbox 3619 3710 3773 3766; x_wconf 83' lang='lat' dir='ltr'><strong>Chri-</strong></span> 
     </span>
    </p>
   </div>
   <div class='ocr_carea' id='block_1_82' title="bbox 2199 3794 3771 3868">
    <p class='ocr_par' dir='ltr' id='par_1_82' title="bbox 2199 3794 3771 3868">
     <span class='ocr_line' id='line_1_82' title="bbox 2199 3794 3771 3868; baseline -0.001 -17"><span class='ocrx_word' id='word_1_634' title='bbox 2199 3808 2310 3851; x_wconf 76' lang='lat' dir='ltr'><strong>stus</strong></span> <span class='ocrx_word' id='word_1_635' title='bbox 2341 3797 2446 3868; x_wconf 80' lang='lat' dir='ltr'><strong>&quot;)z</strong></span> <span class='ocrx_word' id='word_1_636' title='bbox 2480 3798 2641 3851; x_wconf 89' lang='lat' dir='ltr'><strong>etiam</strong></span> <span class='ocrx_word' id='word_1_637' title='bbox 2662 3797 2926 3866; x_wconf 87' lang='lat' dir='ltr'><strong>discipulo</strong></span> <span class='ocrx_word' id='word_1_638' title='bbox 2957 3811 3054 3850; x_wconf 89' lang='lat' dir='ltr'><strong>suo</strong></span> <span class='ocrx_word' id='word_1_639' title='bbox 3084 3794 3238 3861; x_wconf 89' lang='lat' dir='ltr'><strong>hujus</strong></span> <span class='ocrx_word' id='word_1_640' title='bbox 3271 3795 3518 3850; x_wconf 89' lang='lat' dir='ltr'><strong>vocabuli</strong></span> <span class='ocrx_word' id='word_1_641' title='bbox 3545 3799 3771 3864; x_wconf 82' lang='lat' dir='ltr'><strong>gratiam</strong></span> 
     </span>
    </p>
   </div>
   <div class='ocr_carea' id='block_1_83' title="bbox 2201 3885 3773 3958">
    <p class='ocr_par' dir='ltr' id='par_1_83' title="bbox 2201 3885 3773 3958">
     <span class='ocr_line' id='line_1_83' title="bbox 2201 3885 3773 3958; baseline -0.001 -16"><span class='ocrx_word' id='word_1_642' title='bbox 2201 3905 2305 3943; x_wconf 91' lang='lat' dir='ltr'><strong>non</strong></span> <span class='ocrx_word' id='word_1_643' title='bbox 2343 3887 2580 3958; x_wconf 89' lang='lat' dir='ltr'><strong>negavit,</strong></span> <span class='ocrx_word' id='word_1_644' title='bbox 2621 3898 2680 3942; x_wconf 93' lang='lat' dir='ltr'><strong>ut</strong></span> <span class='ocrx_word' id='word_1_645' title='bbox 2715 3898 2770 3943; x_wconf 92' lang='lat' dir='ltr'><strong>et</strong></span> <span class='ocrx_word' id='word_1_646' title='bbox 2819 3888 2936 3957; x_wconf 91' lang='lat' dir='ltr'><strong>ipse</strong></span> <span class='ocrx_word' id='word_1_647' title='bbox 2976 3887 3046 3941; x_wconf 92' lang='lat' dir='ltr'><strong>sit</strong></span> <span class='ocrx_word' id='word_1_648' title='bbox 3076 3885 3289 3953; x_wconf 91' lang='lat' dir='ltr'><strong>Petrus,</strong></span> <span class='ocrx_word' id='word_1_649' title='bbox 3325 3888 3468 3956; x_wconf 90' lang='lat' dir='ltr'><strong>quod</strong></span> <span class='ocrx_word' id='word_1_650' title='bbox 3509 3889 3574 3942; x_wconf 90' lang='lat' dir='ltr'><strong>de</strong></span> <span class='ocrx_word' id='word_1_651' title='bbox 3621 3900 3773 3956; x_wconf 80' lang='lat' dir='ltr'><strong>petra</strong></span> 
     </span>
    </p>
   </div>
   <div class='ocr_carea' id='block_1_84' title="bbox 2200 3979 3771 4044">
    <p class='ocr_par' dir='ltr' id='par_1_84' title="bbox 2200 3979 3771 4044">
     <span class='ocr_line' id='line_1_84' title="bbox 2200 3979 3771 4044; baseline -0.002 -9"><span class='ocrx_word' id='word_1_652' title='bbox 2200 3983 2397 4036; x_wconf 88' lang='lat' dir='ltr'><strong>habeat</strong></span> <span class='ocrx_word' id='word_1_653' title='bbox 2453 3981 2782 4036; x_wconf 89' lang='lat' dir='ltr'><strong>soliditatem</strong></span> <span class='ocrx_word' id='word_1_654' title='bbox 2843 3979 3197 4044; x_wconf 69' lang='lat' dir='ltr'><strong>constantiae,</strong></span> <span class='ocrx_word' id='word_1_655' title='bbox 3257 3980 3378 4033; x_wconf 84' lang='lat' dir='ltr'><strong>lidei</strong></span> <span class='ocrx_word' id='word_1_656' title='bbox 3435 3980 3771 4033; x_wconf 71' lang='lat' dir='ltr'><strong>[inuitatum</strong></span> 
     </span>
    </p>
   </div>
   <div class='ocr_carea' id='block_1_85' title="bbox 2203 4073 3771 4143">
    <p class='ocr_par' dir='ltr' id='par_1_85' title="bbox 2203 4073 3771 4143">
     <span class='ocr_line' id='line_1_85' title="bbox 2203 4073 3771 4143; baseline 0.001 -16"><span class='ocrx_word' id='word_1_657' title='bbox 2203 4075 2422 4128; x_wconf 85' lang='lat' dir='ltr'><strong>Enitere</strong></span> <span class='ocrx_word' id='word_1_658' title='bbox 2455 4089 2583 4143; x_wconf 85' lang='lat' dir='ltr'><strong>ergo</strong></span> <span class='ocrx_word' id='word_1_659' title='bbox 2619 4083 2677 4127; x_wconf 92' lang='lat' dir='ltr'><strong>ut</strong></span> <span class='ocrx_word' id='word_1_660' title='bbox 2711 4083 2766 4128; x_wconf 90' lang='lat' dir='ltr'><strong>et</strong></span> <span class='ocrx_word' id='word_1_661' title='bbox 2805 4082 2859 4126; x_wconf 93' lang='lat' dir='ltr'><strong>tu</strong></span> <span class='ocrx_word' id='word_1_662' title='bbox 2887 4083 3037 4143; x_wconf 88' lang='lat' dir='ltr'><strong>petra</strong></span> <span class='ocrx_word' id='word_1_663' title='bbox 3079 4075 3172 4128; x_wconf 92' lang='lat' dir='ltr'><strong>sis.</strong></span> <span class='ocrx_word' id='word_1_664' title='bbox 3209 4093 3227 4126; x_wconf 77' lang='grc' dir='ltr'><strong>ι</strong></span> <span class='ocrx_word' id='word_1_665' title='bbox 3267 4073 3619 4140; x_wconf 79' lang='lat' dir='ltr'><strong>Augustinus,</strong></span> <span class='ocrx_word' id='word_1_666' title='bbox 3672 4073 3771 4129; x_wconf 89' lang='lat' dir='ltr'><strong>lib.</strong></span> 
     </span>
    </p>
   </div>
   <div class='ocr_carea' id='block_1_86' title="bbox 2201 4160 3776 4233">
    <p class='ocr_par' dir='ltr' id='par_1_86' title="bbox 2201 4160 3776 4233">
     <span class='ocr_line' id='line_1_86' title="bbox 2201 4160 3776 4233; baseline 0 -17"><span class='ocrx_word' id='word_1_667' title='bbox 2201 4182 2236 4220; x_wconf 93' lang='grc' dir='ltr'><strong>ιι</strong></span> <span class='ocrx_word' id='word_1_668' title='bbox 2296 4165 2496 4230; x_wconf 68' lang='grc' dir='ltr'><strong>ρυωεε.</strong></span> <span class='ocrx_word' id='word_1_669' title='bbox 2522 4181 2729 4233; x_wconf 79' lang='lat' dir='ltr'><strong>evang.,</strong></span> <span class='ocrx_word' id='word_1_670' title='bbox 2777 4180 2900 4233; x_wconf 87' lang='lat' dir='ltr'><strong>cap.</strong></span> <span class='ocrx_word' id='word_1_671' title='bbox 2929 4165 3021 4230; x_wconf 62' lang='lat'><strong>40,</strong></span> <span class='ocrx_word' id='word_1_672' title='bbox 3059 4184 3077 4216; x_wconf 83' lang='grc' dir='ltr'><strong>ι</strong></span> <span class='ocrx_word' id='word_1_673' title='bbox 3121 4165 3488 4219; x_wconf 86' lang='lat' dir='ltr'><strong>Sacerdotium</strong></span> <span class='ocrx_word' id='word_1_674' title='bbox 3520 4178 3650 4217; x_wconf 82' lang='lat' dir='ltr'><strong>vero</strong></span> <span class='ocrx_word' id='word_1_675' title='bbox 3673 4160 3776 4218; x_wconf 74' lang='lat' dir='ltr'><strong>Ja-</strong></span> 
     </span>
    </p>
   </div>
   <div class='ocr_carea' id='block_1_87' title="bbox 2198 4251 3777 4324">
    <p class='ocr_par' dir='ltr' id='par_1_87' title="bbox 2198 4251 3777 4324">
     <span class='ocr_line' id='line_1_87' title="bbox 2198 4251 3777 4324; baseline -0.001 -15"><span class='ocrx_word' id='word_1_676' title='bbox 2198 4257 2434 4309; x_wconf 77' lang='lat' dir='ltr'><strong>da-orum</strong></span> <span class='ocrx_word' id='word_1_677' title='bbox 2469 4270 2630 4309; x_wconf 92' lang='lat' dir='ltr'><strong>nemo</strong></span> <span class='ocrx_word' id='word_1_678' title='bbox 2665 4254 2780 4310; x_wconf 79' lang='lat' dir='ltr'><strong>fere</strong></span> <span class='ocrx_word' id='word_1_679' title='bbox 2827 4254 3065 4309; x_wconf 81' lang='lat' dir='ltr'><strong>ﬁdelium</strong></span> <span class='ocrx_word' id='word_1_680' title='bbox 3104 4256 3316 4310; x_wconf 90' lang='lat' dir='ltr'><strong>dubitat</strong></span> <span class='ocrx_word' id='word_1_681' title='bbox 3351 4255 3569 4324; x_wconf 80' lang='lat' dir='ltr'><strong>ligarant</strong></span> <span class='ocrx_word' id='word_1_682' title='bbox 3607 4251 3777 4308; x_wconf 72' lang='lat' dir='ltr'><strong>fuisse</strong></span> 
     </span>
    </p>
   </div>
   <div class='ocr_carea' id='block_1_88' title="bbox 2197 4344 3779 4416">
    <p class='ocr_par' dir='ltr' id='par_1_88' title="bbox 2197 4344 3779 4416">
     <span class='ocr_line' id='line_1_88' title="bbox 2197 4344 3779 4416; baseline -0.003 -15"><span class='ocrx_word' id='word_1_683' title='bbox 2197 4346 2484 4401; x_wconf 87' lang='lat' dir='ltr'><strong>sacerdotii</strong></span> <span class='ocrx_word' id='word_1_684' title='bbox 2522 4345 2754 4416; x_wconf 79' lang='lat' dir='ltr'><strong>regalis,</strong></span> <span class='ocrx_word' id='word_1_685' title='bbox 2802 4346 2945 4415; x_wconf 91' lang='lat' dir='ltr'><strong>quod</strong></span> <span class='ocrx_word' id='word_1_686' title='bbox 2991 4354 3076 4400; x_wconf 85' lang='lat' dir='ltr'><strong>est</strong></span> <span class='ocrx_word' id='word_1_687' title='bbox 3124 4347 3176 4399; x_wconf 92' lang='lat' dir='ltr'><strong>in</strong></span> <span class='ocrx_word' id='word_1_688' title='bbox 3209 4344 3471 4408; x_wconf 67' lang='lat' dir='ltr'><strong>Ecclesia,</strong></span> <span class='ocrx_word' id='word_1_689' title='bbox 3506 4358 3615 4413; x_wconf 83' lang='lat' dir='ltr'><strong>quo</strong></span> <span class='ocrx_word' id='word_1_690' title='bbox 3650 4358 3779 4397; x_wconf 71' lang='lat' dir='ltr'><strong>cono</strong></span> 
     </span>
    </p>
   </div>
   <div class='ocr_carea' id='block_1_89' title="bbox 2196 4434 3770 4506">
    <p class='ocr_par' dir='ltr' id='par_1_89' title="bbox 2196 4434 3770 4506">
     <span class='ocr_line' id='line_1_89' title="bbox 2196 4434 3770 4506; baseline -0.004 -12"><span class='ocrx_word' id='word_1_691' title='bbox 2196 4449 2489 4494; x_wconf 86' lang='lat' dir='ltr'><strong>sccrantur</strong></span> <span class='ocrx_word' id='word_1_692' title='bbox 2546 4453 2734 4493; x_wconf 90' lang='lat' dir='ltr'><strong>omnes</strong></span> <span class='ocrx_word' id='word_1_693' title='bbox 2788 4436 3128 4506; x_wconf 87' lang='lat' dir='ltr'><strong>pertinentes</strong></span> <span class='ocrx_word' id='word_1_694' title='bbox 3178 4439 3242 4490; x_wconf 85' lang='lat' dir='ltr'><strong>ad</strong></span> <span class='ocrx_word' id='word_1_695' title='bbox 3301 4451 3501 4504; x_wconf 85' lang='lat' dir='ltr'><strong>corpus</strong></span> <span class='ocrx_word' id='word_1_696' title='bbox 3550 4434 3770 4500; x_wconf 83' lang='lat' dir='ltr'><strong>Christi,</strong></span> 
     </span>
    </p>
   </div>
   <div class='ocr_carea' id='block_1_90' title="bbox 527 4526 3773 4609">
    <p class='ocr_par' dir='ltr' id='par_1_90' title="bbox 527 4526 3773 4609">
     <span class='ocr_line' id='line_1_90' title="bbox 527 4526 3773 4609; baseline 0 -31"><span class='ocrx_word' id='word_1_697' title='bbox 527 4533 635 4578; x_wconf 78' lang='lat' dir='ltr'><strong>tem</strong></span> <span class='ocrx_word' id='word_1_698' title='bbox 664 4526 917 4580; x_wconf 87' lang='lat' dir='ltr'><strong>onmibns</strong></span> <span class='ocrx_word' id='word_1_699' title='bbox 943 4542 971 4578; x_wconf 92' lang='lat' dir='ltr'><strong>a</strong></span> <span class='ocrx_word' id='word_1_700' title='bbox 1007 4526 1226 4590; x_wconf 80' lang='lat' dir='ltr'><strong>Christo</strong></span> <span class='ocrx_word' id='word_1_701' title='bbox 1259 4526 1428 4584; x_wconf 82' lang='lat' dir='ltr'><strong>fuisse</strong></span> <span class='ocrx_word' id='word_1_702' title='bbox 1477 4542 1816 4595; x_wconf 87' lang='lat' dir='ltr'><strong>concessam,</strong></span> <span class='ocrx_word' id='word_1_703' title='bbox 1866 4529 2095 4598; x_wconf 87' lang='lat' dir='ltr'><strong>quicun-</strong></span> <span class='ocrx_word' id='word_1_704' title='bbox 2125 4555 2169 4609; x_wconf 70' lang='grc' dir='ltr'><strong>Ι)</strong></span> <span class='ocrx_word' id='word_1_705' title='bbox 2197 4531 2393 4585; x_wconf 91' lang='lat' dir='ltr'><strong>snnnni</strong></span> <span class='ocrx_word' id='word_1_706' title='bbox 2427 4539 2482 4584; x_wconf 92' lang='lat' dir='ltr'><strong>et</strong></span> <span class='ocrx_word' id='word_1_707' title='bbox 2512 4531 2632 4584; x_wconf 36' lang='lat' dir='ltr'><strong>veri.</strong></span> <span class='ocrx_word' id='word_1_708' title='bbox 2653 4529 2912 4600; x_wconf 88' lang='lat' dir='ltr'><strong>principis</strong></span> <span class='ocrx_word' id='word_1_709' title='bbox 2946 4528 3314 4584; x_wconf 88' lang='lat' dir='ltr'><strong>saeerdotmn.</strong></span> <span class='ocrx_word' id='word_1_710' title='bbox 3355 4527 3489 4582; x_wconf 83' lang='lat' dir='ltr'><strong>Nam</strong></span> <span class='ocrx_word' id='word_1_711' title='bbox 3539 4542 3684 4581; x_wconf 87' lang='lat' dir='ltr'><strong>nunc</strong></span> <span class='ocrx_word' id='word_1_712' title='bbox 3722 4535 3773 4580; x_wconf 86' lang='lat' dir='ltr'><strong>et</strong></span> 
     </span>
    </p>
   </div>
   <div class='ocr_carea' id='block_1_91' title="bbox 525 4616 2086 4687">
    <p class='ocr_par' dir='ltr' id='par_1_91' title="bbox 525 4616 2086 4687">
     <span class='ocr_line' id='line_1_91' title="bbox 525 4616 2086 4687; baseline 0.006 -22"><span class='ocrx_word' id='word_1_713' title='bbox 525 4629 630 4681; x_wconf 85' lang='lat' dir='ltr'><strong>que</strong></span> <span class='ocrx_word' id='word_1_714' title='bbox 659 4616 846 4670; x_wconf 78' lang='lat' dir='ltr'><strong>noxios</strong></span> <span class='ocrx_word' id='word_1_715' title='bbox 881 4626 963 4670; x_wconf 91' lang='lat' dir='ltr'><strong>ter</strong></span> <span class='ocrx_word' id='word_1_716' title='bbox 1010 4619 1481 4687; x_wconf 84' lang='lat' dir='ltr'><strong>reprehenderint.</strong></span> <span class='ocrx_word' id='word_1_717' title='bbox 1512 4619 1586 4672; x_wconf 90' lang='lat' dir='ltr'><strong>Ita</strong></span> <span class='ocrx_word' id='word_1_718' title='bbox 1637 4629 1783 4673; x_wconf 78' lang='lat' dir='ltr'><strong>tonio</strong></span> <span class='ocrx_word' id='word_1_719' title='bbox 1809 4635 1908 4685; x_wconf 77' lang='lat' dir='ltr'><strong>nt,</strong></span> <span class='ocrx_word' id='word_1_720' title='bbox 1940 4637 2086 4674; x_wconf 90' lang='lat' dir='ltr'><strong>num.</strong></span> 
     </span>
    </p>
   </div>
   <div class='ocr_carea' id='block_1_92' title="bbox 525 4705 2088 4781">
    <p class='ocr_par' dir='ltr' id='par_1_92' title="bbox 525 4705 2088 4781">
     <span class='ocr_line' id='line_1_92' title="bbox 525 4705 2088 4781; baseline 0.004 -23"><span class='ocrx_word' id='word_1_721' title='bbox 525 4705 614 4772; x_wconf 66' lang='lat'><strong>10,</strong></span> <span class='ocrx_word' id='word_1_722' title='bbox 649 4720 770 4774; x_wconf 88' lang='lat' dir='ltr'><strong>pag.</strong></span> <span class='ocrx_word' id='word_1_723' title='bbox 818 4705 942 4770; x_wconf 67' lang='grc'><strong>524,</strong></span> <span class='ocrx_word' id='word_1_724' title='bbox 991 4722 1203 4766; x_wconf 85' lang='lat' dir='ltr'><strong>otnnem</strong></span> <span class='ocrx_word' id='word_1_725' title='bbox 1255 4710 1455 4766; x_wconf 88' lang='lat' dir='ltr'><strong>Christi</strong></span> <span class='ocrx_word' id='word_1_726' title='bbox 1511 4711 1830 4781; x_wconf 87' lang='lat' dir='ltr'><strong>discipulum</strong></span> <span class='ocrx_word' id='word_1_727' title='bbox 1883 4721 2088 4781; x_wconf 88' lang='lat' dir='ltr'><strong>petram</strong></span> 
     </span>
    </p>
   </div>
   <div class='ocr_carea' id='block_1_93' title="bbox 523 4801 2086 4873">
    <p class='ocr_par' dir='ltr' id='par_1_93' title="bbox 523 4801 2086 4873">
     <span class='ocr_line' id='line_1_93' title="bbox 523 4801 2086 4873; baseline 0.004 -20"><span class='ocrx_word' id='word_1_728' title='bbox 523 4813 643 4854; x_wconf 80' lang='lat' dir='ltr'><strong>esse</strong></span> <span class='ocrx_word' id='word_1_729' title='bbox 684 4801 757 4863; x_wconf 86' lang='lat' dir='ltr'><strong>ait</strong></span> <span class='ocrx_word' id='word_1_730' title='bbox 799 4815 959 4868; x_wconf 85' lang='lat' dir='ltr'><strong>super</strong></span> <span class='ocrx_word' id='word_1_731' title='bbox 1009 4817 1167 4872; x_wconf 88' lang='lat' dir='ltr'><strong>quam</strong></span> <span class='ocrx_word' id='word_1_732' title='bbox 1219 4803 1460 4864; x_wconf 85' lang='lat' dir='ltr'><strong>Ecclesia</strong></span> <span class='ocrx_word' id='word_1_733' title='bbox 1512 4805 1712 4860; x_wconf 88' lang='lat' dir='ltr'><strong>Christi</strong></span> <span class='ocrx_word' id='word_1_734' title='bbox 1758 4805 2086 4873; x_wconf 74' lang='lat' dir='ltr'><strong>aediﬁcatur;</strong></span> 
     </span>
    </p>
   </div>
   <div class='ocr_carea' id='block_1_94' title="bbox 523 4890 2086 4970">
    <p class='ocr_par' dir='ltr' id='par_1_94' title="bbox 523 4890 2086 4970">
     <span class='ocr_line' id='line_1_94' title="bbox 523 4890 2086 4970; baseline 0.005 -26"><span class='ocrx_word' id='word_1_735' title='bbox 523 4890 645 4950; x_wconf 73' lang='lat' dir='ltr'><strong>caeli</strong></span> <span class='ocrx_word' id='word_1_736' title='bbox 674 4890 857 4951; x_wconf 83' lang='lat' dir='ltr'><strong>claves</strong></span> <span class='ocrx_word' id='word_1_737' title='bbox 892 4892 1146 4962; x_wconf 79' lang='lat' dir='ltr'><strong>perlectis</strong></span> <span class='ocrx_word' id='word_1_738' title='bbox 1170 4896 1472 4966; x_wconf 84' lang='lat' dir='ltr'><strong>quibusque</strong></span> <span class='ocrx_word' id='word_1_739' title='bbox 1513 4895 1708 4970; x_wconf 80' lang='lat' dir='ltr'><strong>tribui;</strong></span> <span class='ocrx_word' id='word_1_740' title='bbox 1736 4906 1791 4950; x_wconf 93' lang='lat' dir='ltr'><strong>et</strong></span> <span class='ocrx_word' id='word_1_741' title='bbox 1830 4913 2086 4966; x_wconf 62' lang='lat' dir='ltr'><strong>quaecun-</strong></span> 
     </span>
    </p>
   </div>
   <div class='ocr_carea' id='block_1_95' title="bbox 522 4983 2090 5059">
    <p class='ocr_par' dir='ltr' id='par_1_95' title="bbox 522 4983 2090 5059">
     <span class='ocr_line' id='line_1_95' title="bbox 522 4983 2090 5059; baseline 0.004 -24"><span class='ocrx_word' id='word_1_742' title='bbox 522 4999 627 5051; x_wconf 83' lang='lat' dir='ltr'><strong>que</strong></span> <span class='ocrx_word' id='word_1_743' title='bbox 661 4983 876 5038; x_wconf 81' lang='lat' dir='ltr'><strong>tandem</strong></span> <span class='ocrx_word' id='word_1_744' title='bbox 921 4984 1083 5040; x_wconf 84' lang='lat' dir='ltr'><strong>Petro</strong></span> <span class='ocrx_word' id='word_1_745' title='bbox 1118 4987 1385 5055; x_wconf 89' lang='lat' dir='ltr'><strong>pollicitus</strong></span> <span class='ocrx_word' id='word_1_746' title='bbox 1434 4998 1520 5043; x_wconf 87' lang='lat' dir='ltr'><strong>est</strong></span> <span class='ocrx_word' id='word_1_747' title='bbox 1571 4987 1820 5048; x_wconf 87' lang='lat' dir='ltr'><strong>Christus</strong></span> <span class='ocrx_word' id='word_1_748' title='bbox 1867 4992 2090 5059; x_wconf 85' lang='lat' dir='ltr'><strong>adeptu-</strong></span> 
     </span>
    </p>
   </div>
   <div class='ocr_carea' id='block_1_96' title="bbox 522 5075 2086 5149">
    <p class='ocr_par' dir='ltr' id='par_1_96' title="bbox 522 5075 2086 5149">
     <span class='ocr_line' id='line_1_96' title="bbox 522 5075 2086 5149; baseline 0.006 -25"><span class='ocrx_word' id='word_1_749' title='bbox 522 5087 662 5139; x_wconf 84' lang='lat' dir='ltr'><strong>rum,</strong></span> <span class='ocrx_word' id='word_1_750' title='bbox 701 5077 948 5146; x_wconf 87' lang='lat' dir='ltr'><strong>quisquis</strong></span> <span class='ocrx_word' id='word_1_751' title='bbox 976 5075 1136 5131; x_wconf 90' lang='lat' dir='ltr'><strong>Petro</strong></span> <span class='ocrx_word' id='word_1_752' title='bbox 1165 5076 1395 5132; x_wconf 87' lang='lat' dir='ltr'><strong>similem</strong></span> <span class='ocrx_word' id='word_1_753' title='bbox 1437 5095 1495 5134; x_wconf 90' lang='lat' dir='ltr'><strong>se</strong></span> <span class='ocrx_word' id='word_1_754' title='bbox 1524 5080 1853 5149; x_wconf 71' lang='lat' dir='ltr'><strong>praestiterit.</strong></span> <span class='ocrx_word' id='word_1_755' title='bbox 1891 5080 2086 5135; x_wconf 87' lang='lat' dir='ltr'><strong>Verum</strong></span> 
     </span>
    </p>
   </div>
   <div class='ocr_carea' id='block_1_97' title="bbox 524 5167 2088 5241">
    <p class='ocr_par' dir='ltr' id='par_1_97' title="bbox 524 5167 2088 5241">
     <span class='ocr_line' id='line_1_97' title="bbox 524 5167 2088 5241; baseline 0.005 -25"><span class='ocrx_word' id='word_1_756' title='bbox 524 5168 819 5232; x_wconf 83' lang='lat' dir='ltr'><strong>posteriora</strong></span> <span class='ocrx_word' id='word_1_757' title='bbox 857 5168 972 5223; x_wconf 69' lang='lat' dir='ltr'><strong>hzec</strong></span> <span class='ocrx_word' id='word_1_758' title='bbox 1003 5167 1294 5237; x_wconf 85' lang='lat' dir='ltr'><strong>allegorice</strong></span> <span class='ocrx_word' id='word_1_759' title='bbox 1324 5167 1463 5222; x_wconf 90' lang='lat' dir='ltr'><strong>dicta</strong></span> <span class='ocrx_word' id='word_1_760' title='bbox 1494 5185 1635 5235; x_wconf 89' lang='lat' dir='ltr'><strong>esse,</strong></span> <span class='ocrx_word' id='word_1_761' title='bbox 1673 5186 1776 5224; x_wconf 93' lang='lat' dir='ltr'><strong>non</strong></span> <span class='ocrx_word' id='word_1_762' title='bbox 1818 5172 2088 5241; x_wconf 84' lang='lat' dir='ltr'><strong>dogmati-</strong></span> 
     </span>
    </p>
   </div>
   <div class='ocr_carea' id='block_1_98' title="bbox 520 5255 2092 5330">
    <p class='ocr_par' dir='ltr' id='par_1_98' title="bbox 520 5255 2092 5330">
     <span class='ocr_line' id='line_1_98' title="bbox 520 5255 2092 5330; baseline 0.003 -21"><span class='ocrx_word' id='word_1_763' title='bbox 520 5270 606 5318; x_wconf 86' lang='lat' dir='ltr'><strong>ce,</strong></span> <span class='ocrx_word' id='word_1_764' title='bbox 659 5255 785 5311; x_wconf 88' lang='lat' dir='ltr'><strong>illud</strong></span> <span class='ocrx_word' id='word_1_765' title='bbox 831 5259 1034 5313; x_wconf 85' lang='lat' dir='ltr'><strong>evincit</strong></span> <span class='ocrx_word' id='word_1_766' title='bbox 1077 5259 1221 5328; x_wconf 84' lang='lat' dir='ltr'><strong>quod</strong></span> <span class='ocrx_word' id='word_1_767' title='bbox 1269 5259 1583 5313; x_wconf 71' lang='lat' dir='ltr'><strong>subesttEi</strong></span> <span class='ocrx_word' id='word_1_768' title='bbox 1612 5277 1697 5324; x_wconf 71' lang='grc' dir='ltr'><strong>τις</strong></span> <span class='ocrx_word' id='word_1_769' title='bbox 1737 5261 1883 5330; x_wconf 75' lang='grc' dir='ltr'><strong>λέγει</strong></span> <span class='ocrx_word' id='word_1_770' title='bbox 1932 5260 2092 5314; x_wconf 85' lang='grc' dir='ltr'><strong>τοῦτο</strong></span> 
     </span>
    </p>
   </div>
   <div class='ocr_carea' id='block_1_99' title="bbox 520 5347 2092 5426">
    <p class='ocr_par' dir='ltr' id='par_1_99' title="bbox 520 5347 2092 5426">
     <span class='ocr_line' id='line_1_99' title="bbox 520 5347 2092 5426; baseline 0.006 -26"><span class='ocrx_word' id='word_1_771' title='bbox 520 5350 616 5421; x_wconf 79' lang='grc' dir='ltr'><strong>(Σὺ</strong></span> <span class='ocrx_word' id='word_1_772' title='bbox 651 5347 748 5418; x_wconf 64' lang='lat' dir='ltr'><strong>sib</strong></span> <span class='ocrx_word' id='word_1_773' title='bbox 777 5353 1008 5421; x_wconf 79' lang='grc' dir='ltr'><strong>Χριστὸς</strong></span> <span class='ocrx_word' id='word_1_774' title='bbox 1030 5357 1058 5409; x_wconf 81' lang='grc' dir='ltr'><strong>ὁ</strong></span> <span class='ocrx_word' id='word_1_775' title='bbox 1083 5355 1215 5419; x_wconf 82' lang='grc' dir='ltr'><strong>Υἱὸς</strong></span> <span class='ocrx_word' id='word_1_776' title='bbox 1246 5354 1341 5408; x_wconf 82' lang='grc' dir='ltr'><strong>τοῦ</strong></span> <span class='ocrx_word' id='word_1_777' title='bbox 1369 5351 1507 5407; x_wconf 79' lang='grc' dir='ltr'><strong>Θεοῦ</strong></span> <span class='ocrx_word' id='word_1_778' title='bbox 1553 5353 1649 5407; x_wconf 83' lang='grc' dir='ltr'><strong>τοῦ</strong></span> <span class='ocrx_word' id='word_1_779' title='bbox 1685 5354 1922 5426; x_wconf 79' lang='grc' dir='ltr'><strong>ζῶντος)</strong></span> <span class='ocrx_word' id='word_1_780' title='bbox 1951 5353 2092 5426; x_wconf 78' lang='grc' dir='ltr'><strong>πρὸς</strong></span> 
     </span>
    </p>
   </div>
   <div class='ocr_carea' id='block_1_100' title="bbox 519 5430 2091 5518">
    <p class='ocr_par' dir='ltr' id='par_1_100' title="bbox 519 5430 2091 5518">
     <span class='ocr_line' id='line_1_100' title="bbox 519 5430 2091 5518; baseline 0.006 -25"><span class='ocrx_word' id='word_1_781' title='bbox 519 5442 679 5496; x_wconf 80' lang='grc' dir='ltr'>αὑτὸν</span> <span class='ocrx_word' id='word_1_782' title='bbox 729 5443 1052 5516; x_wconf 81' lang='grc' dir='ltr'><strong>(Χριστὸν),</strong></span> <span class='ocrx_word' id='word_1_783' title='bbox 1109 5446 1169 5500; x_wconf 70' lang='grc' dir='ltr'><strong>οὗ</strong></span> <span class='ocrx_word' id='word_1_784' title='bbox 1196 5430 1414 5518; x_wconf 49' lang='grc' dir='ltr'><strong>’σαρκὸς</strong></span> <span class='ocrx_word' id='word_1_785' title='bbox 1464 5445 1558 5497; x_wconf 69' lang='grc' dir='ltr'><strong>καὶ</strong></span> <span class='ocrx_word' id='word_1_786' title='bbox 1611 5446 1840 5517; x_wconf 78' lang='grc' dir='ltr'><strong>αἵματος</strong></span> <span class='ocrx_word' id='word_1_787' title='bbox 1883 5448 2091 5502; x_wconf 83' lang='grc' dir='ltr'><strong>ἀποκα-</strong></span> 
     </span>
    </p>
   </div>
   <div class='ocr_carea' id='block_1_101' title="bbox 517 5525 2170 5610">
    <p class='ocr_par' dir='ltr' id='par_1_101' title="bbox 517 5525 2170 5610">
     <span class='ocr_line' id='line_1_101' title="bbox 517 5525 2170 5610; baseline 0.006 -26"><span class='ocrx_word' id='word_1_788' title='bbox 517 5531 798 5602; x_wconf 76' lang='grc' dir='ltr'><strong>λυψάντων</strong></span> <span class='ocrx_word' id='word_1_789' title='bbox 842 5535 1012 5607; x_wconf 76' lang='grc' dir='ltr'><strong>αὐτῷ,</strong></span> <span class='ocrx_word' id='word_1_790' title='bbox 1048 5537 1186 5592; x_wconf 72' lang='grc' dir='ltr'><strong>ἀλλὰ</strong></span> <span class='ocrx_word' id='word_1_791' title='bbox 1217 5525 1311 5591; x_wconf 68' lang='grc' dir='ltr'><strong>τοῦ</strong></span> <span class='ocrx_word' id='word_1_792' title='bbox 1335 5539 1394 5590; x_wconf 82' lang='grc' dir='ltr'><strong>ἐν</strong></span> <span class='ocrx_word' id='word_1_793' title='bbox 1416 5539 1528 5601; x_wconf 78' lang='grc' dir='ltr'><strong>τοῖς</strong></span> <span class='ocrx_word' id='word_1_794' title='bbox 1562 5537 1810 5610; x_wconf 69' lang='grc' dir='ltr'><strong>οὐρανοῖς</strong></span> <span class='ocrx_word' id='word_1_795' title='bbox 1855 5540 2079 5610; x_wconf 85' lang='grc' dir='ltr'><strong>Πατρὸς.</strong></span> <span class='ocrx_word' id='word_1_796' title='bbox 2167 5569 2170 5572; x_wconf 80' lang='lat'><strong><em>~</em></strong></span> 
     </span>
    </p>
   </div>
   <div class='ocr_carea' id='block_1_102' title="bbox 517 5624 2093 5703">
    <p class='ocr_par' dir='ltr' id='par_1_102' title="bbox 517 5624 2093 5703">
     <span class='ocr_line' id='line_1_102' title="bbox 517 5624 2093 5703; baseline 0.008 -28"><span class='ocrx_word' id='word_1_797' title='bbox 517 5624 765 5694; x_wconf 61' lang='grc' dir='ltr'><strong>τεύξεται</strong></span> <span class='ocrx_word' id='word_1_798' title='bbox 805 5625 914 5680; x_wconf 87' lang='grc' dir='ltr'><strong>τῶν</strong></span> <span class='ocrx_word' id='word_1_799' title='bbox 963 5629 1290 5700; x_wconf 83' lang='grc' dir='ltr'><strong>εἰρημένων,</strong></span> <span class='ocrx_word' id='word_1_800' title='bbox 1333 5629 1409 5694; x_wconf 82' lang='grc' dir='ltr'>ὡς</span> <span class='ocrx_word' id='word_1_801' title='bbox 1467 5629 1565 5701; x_wconf 84' lang='grc' dir='ltr'>μὲν</span> <span class='ocrx_word' id='word_1_802' title='bbox 1620 5628 1682 5682; x_wconf 80' lang='grc' dir='ltr'><strong>τὸ</strong></span> <span class='ocrx_word' id='word_1_803' title='bbox 1718 5629 1951 5703; x_wconf 84' lang='grc' dir='ltr'>γράμμα</span> <span class='ocrx_word' id='word_1_804' title='bbox 1997 5632 2093 5687; x_wconf 79' lang='grc' dir='ltr'><strong>τοῦ</strong></span> 
     </span>
    </p>
   </div>
   <div class='ocr_carea' id='block_1_103' title="bbox 588 5741 2098 5829">
    <p class='ocr_par' dir='ltr' id='par_1_103' title="bbox 588 5741 2098 5829">
     <span class='ocr_line' id='line_1_103' title="bbox 588 5741 2098 5829; baseline -0.009 1"><span class='ocrx_word' id='word_1_805' title='bbox 735 5743 889 5829; x_wconf 68' lang='grc' dir='ltr'><strong>³Ἶῖ¹¹ἔ⁶</strong></span> <span class='ocrx_word' id='word_1_806' title='bbox 925 5760 1042 5812; x_wconf 71' lang='lat' dir='ltr'><strong>“&quot;t</strong></span> <span class='ocrx_word' id='word_1_807' title='bbox 1076 5747 1170 5829; x_wconf 59' lang='lat'><strong>&#39;2&#39;.</strong></span> <span class='ocrx_word' id='word_1_808' title='bbox 1236 5746 1525 5829; x_wconf 40' lang='lat' dir='ltr'><strong>“.l&#39;afih-</strong></span> <span class='ocrx_word' id='word_1_809' title='bbox 1567 5763 1618 5811; x_wconf 68' lang='grc' dir='ltr'><strong>ν’</strong></span> <span class='ocrx_word' id='word_1_810' title='bbox 1654 5747 1743 5829; x_wconf 66' lang='grc' dir='ltr'><strong>Μ’,ζ</strong></span> <span class='ocrx_word' id='word_1_811' title='bbox 1817 5750 1862 5781; x_wconf 85' lang='grc'><strong><em>⁸⁷</em></strong></span> <span class='ocrx_word' id='word_1_812' title='bbox 1892 5750 2046 5818; x_wconf 59' lang='grc' dir='ltr'><strong>ἔφη,</strong></span> <span class='ocrx_word' id='word_1_813' title='bbox 2084 5768 2098 5803; x_wconf 68' lang='lat' dir='ltr'><strong>t</strong></span> 
     </span>
    </p>
   </div>
   <div class='ocr_carea' id='block_1_104' title="bbox 2202 5741 3366 5829">
    <p class='ocr_par' dir='ltr' id='par_1_104' title="bbox 2202 5751 3366 5829">
     <span class='ocr_line' id='line_1_104' title="bbox 2202 5751 3366 5829; baseline 0.002 -21"><span class='ocrx_word' id='word_1_814' title='bbox 2202 5752 2292 5820; x_wconf 70' lang='grc'><strong>41.</strong></span> <span class='ocrx_word' id='word_1_815' title='bbox 2370 5753 2414 5786; x_wconf 79' lang='grc'><strong>⁸⁸</strong></span> <span class='ocrx_word' id='word_1_816' title='bbox 2446 5751 2462 5816; x_wconf 87' lang='grc' dir='ltr'><strong>ι</strong></span> <span class='ocrx_word' id='word_1_817' title='bbox 2497 5754 2623 5820; x_wconf 77' lang='lat' dir='ltr'><strong>Cor.</strong></span> <span class='ocrx_word' id='word_1_818' title='bbox 2680 5767 2732 5829; x_wconf 69' lang='grc' dir='ltr'><strong>κ,</strong></span> <span class='ocrx_word' id='word_1_819' title='bbox 2778 5754 2842 5822; x_wconf 70' lang='grc'><strong>17</strong></span> <span class='ocrx_word' id='word_1_820' title='bbox 2938 5754 2982 5787; x_wconf 78' lang='grc'><strong><em>⁸³</em></strong></span> <span class='ocrx_word' id='word_1_821' title='bbox 3013 5753 3278 5822; x_wconf 73' lang='lat' dir='ltr'><strong>Joan..\v,</strong></span> <span class='ocrx_word' id='word_1_822' title='bbox 3319 5753 3366 5810; x_wconf 89' lang='lat' dir='ltr'><strong>l.</strong></span> 
     </span>
    </p>
   </div>
   <div class='ocr_carea' id='block_1_105' title="bbox 522 5812 1768 5886">
    <p class='ocr_par' dir='ltr' id='par_1_105' title="bbox 522 5812 1768 5886">
     <span class='ocr_line' id='line_1_105' title="bbox 522 5812 1768 5886; baseline 0.007 -24"><span class='ocrx_word' id='word_1_823' title='bbox 522 5823 583 5876; x_wconf 84' lang='lat' dir='ltr'><strong>tl,</strong></span> <span class='ocrx_word' id='word_1_824' title='bbox 610 5812 699 5865; x_wconf 72' lang='grc'><strong>21.</strong></span> <span class='ocrx_word' id='word_1_825' title='bbox 777 5815 821 5845; x_wconf 68' lang='grc' dir='ltr'><strong>ἰ</strong></span> <span class='ocrx_word' id='word_1_826' title='bbox 851 5819 869 5867; x_wconf 91' lang='grc' dir='ltr'><strong>Ι</strong></span> <span class='ocrx_word' id='word_1_827' title='bbox 902 5829 1028 5880; x_wconf 60' lang='lat' dir='ltr'><strong>Cur.</strong></span> <span class='ocrx_word' id='word_1_828' title='bbox 1064 5832 1117 5878; x_wconf 61' lang='grc' dir='ltr'><strong>δ,</strong></span> <span class='ocrx_word' id='word_1_829' title='bbox 1144 5816 1199 5882; x_wconf 63' lang='grc'><strong>4,</strong></span> <span class='ocrx_word' id='word_1_830' title='bbox 1275 5819 1320 5862; x_wconf 70' lang='grc'><strong>⁵³</strong></span> <span class='ocrx_word' id='word_1_831' title='bbox 1355 5817 1374 5885; x_wconf 65' lang='grc' dir='ltr'><strong>ι</strong></span> <span class='ocrx_word' id='word_1_832' title='bbox 1419 5818 1565 5886; x_wconf 66' lang='lat' dir='ltr'><strong>i’etr,</strong></span> <span class='ocrx_word' id='word_1_833' title='bbox 1608 5835 1666 5886; x_wconf 80' lang='lat' dir='ltr'><strong>tt,</strong></span> <span class='ocrx_word' id='word_1_834' title='bbox 1715 5820 1768 5884; x_wconf 76' lang='lat'><strong>9.</strong></span> 
     </span>
    </p>
   </div>
   <div class='ocr_carea' id='block_1_106' title="bbox 2197 4622 3851 4694">
    <p class='ocr_par' dir='ltr' id='par_1_106' title="bbox 2197 4622 3851 4694">
     <span class='ocr_line' id='line_1_106' title="bbox 2197 4622 3851 4694; baseline -0.004 -15"><span class='ocrx_word' id='word_1_835' title='bbox 2197 4638 2388 4679; x_wconf 85' lang='lat' dir='ltr'><strong>omnes</strong></span> <span class='ocrx_word' id='word_1_836' title='bbox 2429 4631 2748 4689; x_wconf 77' lang='lat' dir='ltr'><strong>unguntur,</strong></span> <span class='ocrx_word' id='word_1_837' title='bbox 2805 4625 2949 4694; x_wconf 80' lang='lat' dir='ltr'><strong>quod</strong></span> <span class='ocrx_word' id='word_1_838' title='bbox 3012 4634 3139 4679; x_wconf 92' lang='lat' dir='ltr'><strong>tunc</strong></span> <span class='ocrx_word' id='word_1_839' title='bbox 3190 4622 3408 4690; x_wconf 82' lang='lat' dir='ltr'><strong>regibus</strong></span> <span class='ocrx_word' id='word_1_840' title='bbox 3462 4631 3674 4674; x_wconf 83' lang='lat' dir='ltr'><strong>tantum</strong></span> <span class='ocrx_word' id='word_1_841' title='bbox 3722 4629 3772 4673; x_wconf 88' lang='lat' dir='ltr'><strong>et</strong></span> <span class='ocrx_word' id='word_1_842' title='bbox 3839 4670 3851 4690; x_wconf 68' lang='grc'><strong>,</strong></span> 
     </span>
    </p>
   </div>
   <div class='ocr_carea' id='block_1_107' title="bbox 2197 4710 3771 4784">
    <p class='ocr_par' dir='ltr' id='par_1_107' title="bbox 2197 4710 3771 4784">
     <span class='ocr_line' id='line_1_107' title="bbox 2197 4710 3771 4784; baseline -0.004 -14"><span class='ocrx_word' id='word_1_843' title='bbox 2197 4715 2568 4770; x_wconf 87' lang='lat' dir='ltr'><strong>sacerdotibus</strong></span> <span class='ocrx_word' id='word_1_844' title='bbox 2622 4717 2806 4770; x_wconf 88' lang='lat' dir='ltr'><strong>liebat.</strong></span> <span class='ocrx_word' id='word_1_845' title='bbox 2865 4716 2928 4769; x_wconf 88' lang='lat' dir='ltr'><strong>Et</strong></span> <span class='ocrx_word' id='word_1_846' title='bbox 2960 4715 3102 4784; x_wconf 90' lang='lat' dir='ltr'><strong>quod</strong></span> <span class='ocrx_word' id='word_1_847' title='bbox 3155 4715 3229 4768; x_wconf 85' lang='lat' dir='ltr'><strong>ait</strong></span> <span class='ocrx_word' id='word_1_848' title='bbox 3273 4713 3461 4766; x_wconf 83' lang='lat' dir='ltr'><strong>l’etrns</strong></span> <span class='ocrx_word' id='word_1_849' title='bbox 3500 4714 3569 4765; x_wconf 84' lang='lat' dir='ltr'><strong>ad</strong></span> <span class='ocrx_word' id='word_1_850' title='bbox 3615 4710 3771 4765; x_wconf 82' lang='lat' dir='ltr'><strong>Chri—</strong></span> 
     </span>
    </p>
   </div>
   <div class='ocr_carea' id='block_1_108' title="bbox 2196 4803 3771 4878">
    <p class='ocr_par' dir='ltr' id='par_1_108' title="bbox 2196 4803 3771 4878">
     <span class='ocr_line' id='line_1_108' title="bbox 2196 4803 3771 4878; baseline -0.004 -16"><span class='ocrx_word' id='word_1_851' title='bbox 2196 4809 2432 4862; x_wconf 89' lang='lat' dir='ltr'><strong>stianum</strong></span> <span class='ocrx_word' id='word_1_852' title='bbox 2482 4808 2739 4878; x_wconf 89' lang='lat' dir='ltr'><strong>p0pnlnm</strong></span> <span class='ocrx_word' id='word_1_853' title='bbox 2797 4807 3086 4862; x_wconf 85' lang='lat' dir='ltr'><strong>scribens:</strong></span> <span class='ocrx_word' id='word_1_854' title='bbox 3136 4803 3328 4875; x_wconf 76' lang='lat' dir='ltr'><strong>Regale</strong></span> <span class='ocrx_word' id='word_1_855' title='bbox 3379 4806 3771 4867; x_wconf 75' lang='lat' dir='ltr'><strong>sacerdotium;</strong></span> 
     </span>
    </p>
   </div>
   <div class='ocr_carea' id='block_1_109' title="bbox 2200 4896 3767 4969">
    <p class='ocr_par' dir='ltr' id='par_1_109' title="bbox 2200 4896 3767 4969">
     <span class='ocr_line' id='line_1_109' title="bbox 2200 4896 3767 4969; baseline -0.004 -15"><span class='ocrx_word' id='word_1_856' title='bbox 2200 4909 2496 4968; x_wconf 88' lang='lat' dir='ltr'><strong>utrumque</strong></span> <span class='ocrx_word' id='word_1_857' title='bbox 2532 4915 2727 4954; x_wconf 87' lang='lat' dir='ltr'><strong>nomen</strong></span> <span class='ocrx_word' id='word_1_858' title='bbox 2780 4900 2854 4954; x_wconf 91' lang='lat' dir='ltr'><strong>illi</strong></span> <span class='ocrx_word' id='word_1_859' title='bbox 2889 4897 3085 4969; x_wconf 90' lang='lat' dir='ltr'><strong>populo</strong></span> <span class='ocrx_word' id='word_1_860' title='bbox 3125 4896 3419 4953; x_wconf 87' lang='lat' dir='ltr'><strong>convenire</strong></span> <span class='ocrx_word' id='word_1_861' title='bbox 3455 4897 3767 4959; x_wconf 79' lang='lat' dir='ltr'><strong>declaravit,</strong></span> 
     </span>
    </p>
   </div>
   <div class='ocr_carea' id='block_1_110' title="bbox 2193 4987 3769 5059">
    <p class='ocr_par' dir='ltr' id='par_1_110' title="bbox 2193 4987 3769 5059">
     <span class='ocr_line' id='line_1_110' title="bbox 2193 4987 3769 5059; baseline -0.001 -17"><span class='ocrx_word' id='word_1_862' title='bbox 2193 5004 2302 5058; x_wconf 93' lang='lat' dir='ltr'><strong>quo</strong></span> <span class='ocrx_word' id='word_1_863' title='bbox 2354 4988 2442 5043; x_wconf 89' lang='lat' dir='ltr'><strong>illa</strong></span> <span class='ocrx_word' id='word_1_864' title='bbox 2483 4990 2666 5043; x_wconf 88' lang='lat' dir='ltr'><strong>unctio</strong></span> <span class='ocrx_word' id='word_1_865' title='bbox 2711 4990 3040 5059; x_wconf 87' lang='lat' dir='ltr'><strong>pertinebat.</strong></span> <span class='ocrx_word' id='word_1_866' title='bbox 3088 5004 3112 5040; x_wconf 73' lang='grc' dir='ltr'><strong>ι</strong></span> <span class='ocrx_word' id='word_1_867' title='bbox 3172 4987 3398 5058; x_wconf 78' lang='lat' dir='ltr'><strong>Ligandi</strong></span> <span class='ocrx_word' id='word_1_868' title='bbox 3450 5003 3673 5058; x_wconf 88' lang='lat' dir='ltr'><strong>quoque</strong></span> <span class='ocrx_word' id='word_1_869' title='bbox 3720 4996 3769 5041; x_wconf 89' lang='lat' dir='ltr'><strong>et</strong></span> 
     </span>
    </p>
   </div>
   <div class='ocr_carea' id='block_1_111' title="bbox 2195 5079 3767 5151">
    <p class='ocr_par' dir='ltr' id='par_1_111' title="bbox 2195 5079 3767 5151">
     <span class='ocr_line' id='line_1_111' title="bbox 2195 5079 3767 5151; baseline -0.002 -16"><span class='ocrx_word' id='word_1_870' title='bbox 2195 5080 2440 5136; x_wconf 89' lang='lat' dir='ltr'><strong>solvendi</strong></span> <span class='ocrx_word' id='word_1_871' title='bbox 2477 5090 2801 5151; x_wconf 87' lang='lat' dir='ltr'><strong>potestatem</strong></span> <span class='ocrx_word' id='word_1_872' title='bbox 2839 5097 3028 5137; x_wconf 92' lang='lat' dir='ltr'><strong>eorum</strong></span> <span class='ocrx_word' id='word_1_873' title='bbox 3059 5081 3322 5147; x_wconf 77' lang='lat' dir='ltr'><strong>omnium,</strong></span> <span class='ocrx_word' id='word_1_874' title='bbox 3360 5079 3452 5150; x_wconf 92' lang='lat' dir='ltr'><strong>qui</strong></span> <span class='ocrx_word' id='word_1_875' title='bbox 3483 5087 3767 5150; x_wconf 86' lang='lat' dir='ltr'><strong>peccantes</strong></span> 
     </span>
    </p>
   </div>
   <div class='ocr_carea' id='block_1_112' title="bbox 2195 5161 3767 5244">
    <p class='ocr_par' dir='ltr' id='par_1_112' title="bbox 2195 5161 3767 5244">
     <span class='ocr_line' id='line_1_112' title="bbox 2195 5161 3767 5244; baseline 0.001 -18"><span class='ocrx_word' id='word_1_876' title='bbox 2195 5173 2394 5231; x_wconf 78' lang='lat' dir='ltr'><strong>fratres</strong></span> <span class='ocrx_word' id='word_1_877' title='bbox 2425 5161 2898 5244; x_wconf 82' lang='lat' dir='ltr'><strong>objurgationibus</strong></span> <span class='ocrx_word' id='word_1_878' title='bbox 2933 5176 3230 5239; x_wconf 83' lang='lat' dir='ltr'><strong>incessunt,</strong></span> <span class='ocrx_word' id='word_1_879' title='bbox 3276 5187 3626 5228; x_wconf 87' lang='lat' dir='ltr'><strong>communem</strong></span> <span class='ocrx_word' id='word_1_880' title='bbox 3655 5185 3767 5227; x_wconf 72' lang='lat' dir='ltr'><strong>esse</strong></span> 
     </span>
    </p>
   </div>
   <div class='ocr_carea' id='block_1_113' title="bbox 2195 5263 3763 5336">
    <p class='ocr_par' dir='ltr' id='par_1_113' title="bbox 2195 5263 3763 5336">
     <span class='ocr_line' id='line_1_113' title="bbox 2195 5263 3763 5336; baseline 0 -21"><span class='ocrx_word' id='word_1_881' title='bbox 2195 5263 2382 5318; x_wconf 87' lang='lat' dir='ltr'><strong>volunt</strong></span> <span class='ocrx_word' id='word_1_882' title='bbox 2436 5266 2774 5336; x_wconf 86' lang='lat' dir='ltr'><strong>Augustinus</strong></span> <span class='ocrx_word' id='word_1_883' title='bbox 2818 5267 2884 5321; x_wconf 85' lang='lat' dir='ltr'><strong>de</strong></span> <span class='ocrx_word' id='word_1_884' title='bbox 2928 5267 3099 5322; x_wconf 91' lang='lat' dir='ltr'><strong>verbo</strong></span> <span class='ocrx_word' id='word_1_885' title='bbox 3149 5265 3385 5329; x_wconf 88' lang='lat' dir='ltr'><strong>Domini,</strong></span> <span class='ocrx_word' id='word_1_886' title='bbox 3438 5264 3629 5319; x_wconf 91' lang='lat' dir='ltr'><strong>bomil.</strong></span> <span class='ocrx_word' id='word_1_887' title='bbox 3681 5277 3763 5328; x_wconf 79' lang='lat' dir='ltr'><strong>xv,</strong></span> 
     </span>
    </p>
   </div>
   <div class='ocr_carea' id='block_1_114' title="bbox 2195 5354 3765 5430">
    <p class='ocr_par' dir='ltr' id='par_1_114' title="bbox 2195 5354 3765 5430">
     <span class='ocr_line' id='line_1_114' title="bbox 2195 5354 3765 5430; baseline 0.001 -20"><span class='ocrx_word' id='word_1_888' title='bbox 2195 5354 2635 5430; x_wconf 81' lang='lat' dir='ltr'><strong>&#39;l‘heophylactus</strong></span> <span class='ocrx_word' id='word_1_889' title='bbox 2663 5361 2718 5412; x_wconf 85' lang='lat' dir='ltr'><strong>in</strong></span> <span class='ocrx_word' id='word_1_890' title='bbox 2762 5358 2957 5416; x_wconf 77' lang='lat' dir='ltr'><strong>Matth.</strong></span> <span class='ocrx_word' id='word_1_891' title='bbox 3005 5373 3162 5424; x_wconf 78' lang='lat' dir='ltr'><strong>xvnt,</strong></span> <span class='ocrx_word' id='word_1_892' title='bbox 3218 5357 3306 5423; x_wconf 74' lang='grc'><strong>18,</strong></span> <span class='ocrx_word' id='word_1_893' title='bbox 3344 5366 3400 5412; x_wconf 89' lang='lat' dir='ltr'><strong>et</strong></span> <span class='ocrx_word' id='word_1_894' title='bbox 3447 5357 3765 5413; x_wconf 74' lang='lat' dir='ltr'><strong>Anastasius</strong></span> 
     </span>
    </p>
   </div>
   <div class='ocr_carea' id='block_1_115' title="bbox 2195 5445 2777 5518">
    <p class='ocr_par' dir='ltr' id='par_1_115' title="bbox 2195 5445 2777 5518">
     <span class='ocr_line' id='line_1_115' title="bbox 2195 5445 2777 5518; baseline 0.002 -15"><span class='ocrx_word' id='word_1_895' title='bbox 2195 5445 2434 5503; x_wconf 85' lang='lat' dir='ltr'><strong>Nicenus</strong></span> <span class='ocrx_word' id='word_1_896' title='bbox 2465 5459 2658 5518; x_wconf 77' lang='lat' dir='ltr'><strong>quaest.</strong></span> <span class='ocrx_word' id='word_1_897' title='bbox 2687 5449 2777 5504; x_wconf 84' lang='lat' dir='ltr'><strong>6i.</strong></span> 
     </span>
    </p>
   </div>
   <div class='ocr_carea' id='block_1_116' title="bbox 2269 5539 3764 5614">
    <p class='ocr_par' dir='ltr' id='par_1_116' title="bbox 2269 5539 3764 5614">
     <span class='ocr_line' id='line_1_116' title="bbox 2269 5539 3764 5614; baseline 0.003 -20"><span class='ocrx_word' id='word_1_898' title='bbox 2269 5540 2331 5595; x_wconf 92' lang='lat' dir='ltr'><strong>ll.</strong></span> <span class='ocrx_word' id='word_1_899' title='bbox 2368 5539 2574 5608; x_wconf 80' lang='lat' dir='ltr'><strong>Magnis</strong></span> <span class='ocrx_word' id='word_1_900' title='bbox 2605 5558 2735 5598; x_wconf 84' lang='lat' dir='ltr'><strong>vero</strong></span> <span class='ocrx_word' id='word_1_901' title='bbox 2762 5553 2816 5599; x_wconf 90' lang='lat' dir='ltr'><strong>et</strong></span> <span class='ocrx_word' id='word_1_902' title='bbox 2847 5545 3092 5614; x_wconf 75' lang='lat' dir='ltr'><strong>repetitis</strong></span> <span class='ocrx_word' id='word_1_903' title='bbox 3125 5543 3512 5600; x_wconf 86' lang='lat' dir='ltr'><strong>controversiis</strong></span> <span class='ocrx_word' id='word_1_904' title='bbox 3545 5551 3764 5598; x_wconf 77' lang='lat' dir='ltr'><strong>vexatus</strong></span> 
     </span>
    </p>
   </div>
   <div class='ocr_carea' id='block_1_117' title="bbox 2197 5633 3752 5706">
    <p class='ocr_par' dir='ltr' id='par_1_117' title="bbox 2197 5633 3752 5706">
     <span class='ocr_line' id='line_1_117' title="bbox 2197 5633 3752 5706; baseline -0.001 -18"><span class='ocrx_word' id='word_1_905' title='bbox 2197 5643 2280 5688; x_wconf 91' lang='lat' dir='ltr'><strong>est</strong></span> <span class='ocrx_word' id='word_1_906' title='bbox 2337 5633 2426 5688; x_wconf 90' lang='lat' dir='ltr'><strong>ille</strong></span> <span class='ocrx_word' id='word_1_907' title='bbox 2474 5633 2726 5706; x_wconf 77' lang='lat' dir='ltr'><strong>Origenis</strong></span> <span class='ocrx_word' id='word_1_908' title='bbox 2771 5636 2839 5691; x_wconf 91' lang='lat' dir='ltr'><strong>de</strong></span> <span class='ocrx_word' id='word_1_909' title='bbox 2875 5635 3215 5696; x_wconf 81' lang='lat' dir='ltr'><strong>Eucharistia</strong></span> <span class='ocrx_word' id='word_1_910' title='bbox 3262 5635 3433 5702; x_wconf 90' lang='lat' dir='ltr'><strong>locus,</strong></span> <span class='ocrx_word' id='word_1_911' title='bbox 3470 5649 3630 5704; x_wconf 87' lang='lat' dir='ltr'><strong>quem</strong></span> <span class='ocrx_word' id='word_1_912' title='bbox 3679 5634 3752 5688; x_wconf 74' lang='lat' dir='ltr'><strong>bit</strong></span> 
     </span>
    </p>
   </div>
   <div class='ocr_carea' id='block_1_118' title="bbox 3467 5747 3733 5815">
    <p class='ocr_par' dir='ltr' id='par_1_118' title="bbox 3467 5747 3733 5815">
     <span class='ocr_line' id='line_1_118' title="bbox 3467 5747 3733 5815; baseline -0.011 0"><span class='ocrx_word' id='word_1_913' title='bbox 3467 5749 3514 5784; x_wconf 87' lang='lat'><strong>’°</strong></span> <span class='ocrx_word' id='word_1_914' title='bbox 3562 5747 3733 5815; x_wconf 63' lang='lat' dir='ltr'><strong>teretia</strong></span> 
     </span>
    </p>
   </div>
  </div>
