4068 6308
313 337 444 389 1077

1156 335 1728 393 ORlGENlANORUM
1765 335 1898 392 LIB.
1939 334 2000 402 ιι,
2042 336 2191 391 CAP.
2234 335 2296 399 ll,
2339 332 2616 401 QU/EST.
2655 333 2795 388 XIV.

3423 335 3558 390 1078

312 470 456 516 tomo
487 476 540 515 ιι
578 461 632 516 in
669 462 888 528 Matth.,
923 475 1072 517 num.
1106 460 1193 527 14,
1225 477 1348 531 pag.
1381 461 1514 529 498,
1550 462 1889 516 exhibemus.
1921 463 1966 518 A
1993 458 2185 515 fuisset
2213 468 2500 526 uacturus,
2529 458 2575 513 si
2601 456 2937 526 sumpsisset.
2965 457 3197 512 Materia
3223 465 3401 511 autem
3434 472 3562 512 con-

206 609 224 622 _
311 554 535 610 Summa
568 555 713 611 illius
762 556 878 611 haec
906 564 1024 611 est:
1069 553 1368 620 Quemdam
1413 553 1608 621 objicit
1658 552 1760 606 sibi
1803 552 1886 606 di-

311 659 545 713 centem,
583 664 704 704 cum
750 649 904 716 juxta
943 647 1139 703 Christi
1180 646 1612 716 pronuntiatum,
1650 645 1792 714 quod
1834 644 1884 698 in

309 755 375 795 os
413 741 610 807 intrat,
645 741 922 796 hominem
973 755 1078 795 non
1135 739 1403 808 inquinet,
1443 739 1518 793 ita
1546 739 1689 809 quod
1732 737 1786 791 in
1825 752 1922 793 os.

313 832 518 899 intrat,
577 833 850 887 hominem
891 839 1142 886 sanctum
1174 846 1280 886 non
1310 830 1545 897 efﬁcere,
1577 830 1704 886 licet
1732 843 1888 886 secus

316 924 385 979 de
427 940 567 996 pane
608 925 807 980 Christi
851 922 1215 994 simpliciores
1266 926 1528 978 sentiant.
1577 923 1887 994 Respondet

314 1017 602 1088 Origenes,
623 1017 1079 1088 quemadmodum
1113 1031 1220 1071 non
1253 1015 1406 1070 cibus
1434 1015 1680 1070 edentem
1713 1015 1887 1084 inqui-

313 1118 430 1174 nat,
467 1113 560 1167 sed
584 1113 699 1182 ejus
727 1111 1060 1168 conscientia
1092 1111 1184 1180 qui
1214 1126 1334 1166 cum
1361 1110 1699 1166 dubitatione
1735 1122 1888 1162 com-

315 1205 466 1271 edit;
506 1213 561 1260 et
608 1205 1056 1274 quemadmodum
1105 1204 1320 1274 impuro
1364 1203 1571 1258 homini
1628 1200 1886 1256 mundum

315 1296 450 1351 nihil
487 1305 591 1363 est,
623 1313 728 1352 non
754 1312 820 1352 ex
848 1311 931 1364 se,
965 1299 1058 1353 sed
1102 1306 1323 1369 propter
1362 1295 1558 1366 impuri
1603 1293 1764 1364 hujus
1794 1295 1889 1346 ho-

317 1390 479 1445 minis
512 1391 944 1459 immunditiam;
989 1393 1062 1446 ita
1096 1393 1239 1462 quod
1275 1406 1372 1458 per
1399 1389 1622 1445 verbum
1671 1388 1786 1454 Dei,
1834 1395 1890 1440 et

316 1499 532 1554 precem
566 1469 942 1541 consecratum
995 1494 1099 1552 est,
1135 1500 1240 1540 non
1293 1499 1365 1540 ΘΚ
1411 1497 1470 1538 se
1515 1481 1887 1536 comedentem

315 1576 530 1633 cﬂicere
558 1588 828 1644 sanctum,
879 1577 1121 1644 alioquin
1163 1585 1218 1630 et
1261 1576 1309 1630 ei
1358 1574 1449 1643 qui
1499 1572 1734 1643 peccatis
1783 1569 1891 1641 pol-

319 1669 463 1724 lutus
496 1669 749 1735 comedit,
783 1670 1133 1724 sanctitatem
1169 1668 1493 1722 collaturqu
1527 1684 1542 1733 ;
1595 1665 1690 1721 sed
1719 1679 1784 1717 ex
1824 1677 1889 1718 eo

318 1767 435 1814 tum
467 1760 888 1815 emolumentum
933 1760 1091 1829 capi,-
1120 1775 1239 1814 cum
1293 1773 1427 1828 pura
1463 1766 1642 1812 mente
1706 1765 1761 1810 et
1802 1755 1884 1808 in-

318 1857 471 1918 tegra
504 1849 835 1903 conscientia
885 1849 1188 1918 accipitur:
1242 1863 1418 1918 neque
1465 1847 1788 1902 abstinendo

318 1937 424 1993 hoc
475 1953 614 2008 pane
655 1938 738 1992 vel
783 1939 1033 1994 eumdem
1076 1940 1433 2002 comedendo,
1477 1952 1543 1991 ex
1583 1936 1894 1992 hacabsti-

321 2032 507 2087 nentia
540 2032 624 2086 vel
665 2047 782 2098 esu,
833 2033 976 2087 bono
1011 2033 1193 2101 aliquo
1242 2047 1342 2087 nos
1382 2031 1626 2086 fraudari
1673 2031 1757 2085 vel
1807 2046 1896 2084 au-

323 2124 460 2193 geri,
505 2124 599 2179 sed
640 2125 713 2178 ita
747 2125 1015 2180 duntaxat
1053 2126 1096 2179 si
1130 2125 1213 2179 vel
1244 2140 1472 2193 nequam
1510 2125 1590 2178 vel
1623 2123 1775 2192 probi
1823 2124 1896 2178 si-

321 2231 462 2282 mus,
505 2216 715 2271 dicente
759 2216 926 2272 Paulo
971 2218 992 2270 Ι
1029 2216 1155 2273 Cor.
1184 2233 1302 2283 vut,
1339 2217 1372 2271 8
1405 2234 1420 2271 :
1457 2215 1641 2286 Neque
1683 2217 1894 2270 enimsi

317 2308 836 2373 manducaverimus,
869 2309 1298 2375 abundabimus;
1335 2325 1496 2378 neque
1524 2310 1569 2362 si
1603 2324 1704 2362 non
1745 2325 1897 2362 man-

321 2398 712 2464 ducaverimus,
738 2397 1058 2466 deﬁciamus.
1085 2397 1373 2470 Subjuugit
1401 2409 1685 2468 praeterea,
1710 2413 1897 2467 quem-

320 2483 610 2544 admodum
640 2489 695 2544 in
725 2499 972 2546 ventrem
997 2489 1324 2557 demittitur,
1353 2491 1492 2558 quod
1529 2491 1695 2544 intrat
1728 2491 1779 2546 in
1812 2506 1892 2556 os,

322 2595 387 2634 ac
421 2581 622 2635 deinde
665 2579 884 2649 ejicitur
918 2582 971 2636 in
1005 2595 1324 2646 secessum;
1371 2581 1442 2635 ita
1486 2596 1675 2650 panem
1713 2597 1897 2637 conse-

319 2681 554 2739 cratum,
588 2672 886 2728 secundum
918 2674 972 2729 id
999 2675 1143 2743 quod
1177 2674 1400 2728 materia
1420 2684 1738 2729 concretum
1770 2675 1896 2730 huic

319 2763 496 2829 inest,
551 2765 602 2819 in
658 2773 905 2820 ventrem
951 2765 1188 2831 demitti,
1226 2775 1280 2821 et
1318 2766 1436 2834 ejici
1487 2767 1538 2820 in
1585 2781 1894 2832 secessum,

320 2855 416 2910 sed
451 2869 548 2924 per
579 2856 944 2922 precationem
976 2872 1096 2925 quae
1133 2857 1209 2911 illi
1263 2856 1512 2921 accessit,
1534 2857 1719 2911 utilem
1746 2874 1897 2912 com-

319 2947 500 3003 edenti
549 2946 689 3002 eﬂlci
737 2963 835 3018 pro
900 2947 1015 3015 ejus
1067 2949 1188 3003 tidei
1243 2949 1527 3018 portione;
1588 2965 1687 3004 nec
1742 2951 1896 3020 panis

323 3040 631 3107 materiam,
667 3040 762 3095 sed
793 3041 1058 3110 prolatum
1093 3056 1262 3111 super
1298 3057 1362 3096 eo
1397 3057 1726 3108 sermonem,
1770 3058 1895 3097 eum

1825 1846 1892 1898 ab
1924 1814 1966 1868 Β

1989 563 2141 608 stans
2170 553 2259 607 illa
2300 553 2457 622 panis
2487 567 2632 622 pars,
2672 567 2834 620 quam
2887 551 2941 604 in
2990 565 3264 606 secessum
3308 550 3428 619 ejici
3461 551 3558 616 ait,

1988 663 2052 704 ea
2110 655 2234 701 sunt
2282 645 2585 700 accidentia
2640 644 2882 699 materiae
2940 643 3097 712 panis
3138 645 3451 699 inhaerentia
3506 653 3564 698 et

1988 740 2102 810 ejus
2131 740 2376 810 propria,
2411 753 2530 808 qua:
2561 746 2814 807 corrupta
2844 751 2873 790 a
2921 736 3218 801 stomacho,
3261 745 3316 790 et
3362 737 3416 790 in
3459 751 3559 789 no-

1987 848 2108 887 vam
2138 847 2403 888 conversa
2432 830 2816 894 substantiam,
2843 829 2924 884 vel
2959 827 3012 881 in
3043 843 3313 883 secessum
3342 828 3557 891 abeunt,

1989 925 2074 980 vel
2102 925 2325 980 humani
2359 925 2605 995 corporis
2635 923 2868 978 formam
2902 921 3152 976 induunt.
3183 920 3558 974 Precationem

1990 1032 2117 1072 vero
2151 1018 2321 1085 illam,
2358 1032 2479 1087 quae
2530 1032 2723 1088 panem
2763 1014 3170 1071 comedentibus
3217 1013 3399 1067 utilem
3447 1012 3561 1065 eiii-4-

1991 1113 2083 1178 cit,
2116 1120 2170 1167 et
2208 1124 2511 1167 sermonem
2548 1125 2711 1179 super
2740 1124 2878 1179 pane
2927 1107 3219 1177 prolatum,
3252 1106 3379 1174 quid
3415 1105 3561 1159 aliud

1987 1220 2108 1261 esse
2140 1203 2339 1269 dicam,
2374 1217 2539 1273 quam
2568 1203 2792 1272 mystica
2829 1201 2916 1255 illa
2953 1201 3138 1264 verba,
3185 1197 3382 1268 quibus
3407 1197 3563 1268 panis

1990 1304 2380 1361 consecratur,
2429 1305 2484 1348 et
2531 1309 2651 1363 qua:
2692 1293 2858 1364 εὐχήν
2911 1307 2975 1348 ac
3009 1291 3294 1362 mysticam
3343 1305 3562 1360 precem

1991 1389 2236 1442 nonnulli
2280 1387 2472 1443 Patres
2519 1386 2827 1456 appellant?
2881 1385 3006 1455 quia
3054 1384 3443 1455 precationem,
3496 1383 3564 1438 li-

1992 1490 2078 1536 cet
2132 1496 2238 1535 non
2288 1495 2630 1550 expressam,
2683 1479 2984 1545 involvunt,
3042 1494 3144 1548 qua
3203 1479 3367 1532 Deum
3413 1487 3565 1545 rogat

1991 1575 2246 1630 sacerdos
2277 1584 2338 1628 ut
2375 1574 2599 1644 prolatis
2647 1589 2678 1628 a
2710 1589 2766 1628 se
2799 1572 3042 1642 mysticis
3072 1571 3253 1624 verbis
3301 1571 3442 1624 idem
3486 1569 3565 1623 ef-

1991 1660 2160 1726 ﬁciat,
2214 1661 2355 1730 quod
2397 1661 2574 1716 elTecit
2627 1661 2777 1726 olim,
2817 1676 2938 1715 cum
2993 1661 3183 1716 eadem
3216 1662 3329 1730 ipse
3357 1659 3564 1729 prol‘er-

1994 1763 2099 1810 ret.
2135 1754 2313 1822 Atque
2364 1769 2457 1824 per
2506 1755 2622 1809 haec
2659 1770 2780 1809 cum
2827 1755 2984 1823 panis
3026 1753 3079 1807 in
3133 1769 3329 1822 corpus
3361 1753 3564 1807 Christi

1997 1845 2267 1901 eiliciatur
2325 1847 2628 1909 conversio,
2686 1846 3057 1900 comedentem
3118 1845 3416 1898 accidentia
3474 1843 3564 1898 illa

1997 1937 2219 1992 minime
2258 1935 2469 2005 juvant,
2516 1937 2610 1991 sed
2653 1952 2749 2007 per
2789 1938 3011 2007 mystica
3058 1937 3146 1991 illa
3188 1937 3352 1992 verba
3384 1937 3462 2002 ﬁt,
3510 1946 3568 1989 ut

1995 2044 2090 2084 esu
2139 2028 2386 2098 corporis
2423 2028 2623 2084 Christi
2659 2029 2997 2098 adjuvemur.
3043 2027 3306 2099 ~l‘ypicum
3337 2029 3569 2098 denique

1997 2133 2050 2179 et
2082 2123 2438 2194 symbolicum
2482 2139 2678 2194 corpus
2720 2123 2974 2192 appellat,
3007 2123 3092 2178 vel
3122 2125 3263 2193 quod
3312 2123 3412 2177 sub
3442 2136 3566 2190 spc-

1998 2213 2083 2269 cie
2115 2223 2168 2269 et
2215 2215 2572 2270 similitudine
2617 2216 2774 2286 panis
2807 2215 3136 2280 delitescat;
3178 2225 3233 2269 et
3272 2231 3396 2268 cum
3445 2228 3570 2268 cor-

1998 2324 2100 2378 pus
2138 2308 2338 2363 Christi
2370 2308 2545 2377 reipsa
2579 2309 2672 2372 sit,
2704 2318 2828 2378 typo
2877 2317 2932 2363 et
2976 2307 3220 2378 symbolo
3251 2305 3404 2376 panis
3450 2319 3572 2359 esse

2000 2399 2278 2456 videatur:
2331 2400 2475 2470 quod
2529 2400 2670 2454 idem
2719 2409 2801 2455 est
2855 2414 2919 2454 ac
2974 2400 3019 2454 si
3063 2396 3458 2454 sacramentale
3486 2397 3570 2451 di-

1996 2492 2191 2557 xisset,
2224 2492 2350 2561 quia
2399 2507 2505 2546 non
2559 2493 2759 2546 nudum
2812 2491 3016 2547 Christi
3062 2490 3424 2561 contingimus
3451 2503 3573 2543 cor-

1996 2600 2120 2654 pus,
2163 2585 2255 2639 sed
2290 2584 2390 2638 sub
2426 2583 2688 2654 symbolis
2721 2584 3047 2638 involutum.
3095 2582 3438 2651 Quapropter
3481 2581 3575 2636 ho-

1998 2677 2144 2732 milia
2189 2678 2220 2730 7
2254 2677 2307 2730 in
2346 2675 2537 2741 Let-it.,
2572 2692 2720 2731 num.
2776 2675 2832 2740 5,
2889 2675 2967 2730 sic
3031 2674 3251 2729 disserit
3302 2673 3573 2726 Adaman-

1999 2771 2103 2824 tius
2131 2792 2142 2825 :
2182 2789 2200 2822 ‹
2248 2769 2340 2825 Est
2367 2777 2418 2824 et
2448 2769 2501 2823 in
2535 2768 2683 2823 Novo
2717 2766 3064 2823 Testamento
3093 2766 3295 2830 littera,
3326 2780 3444 2833 quae
3482 2779 3577 2819 oc-

1997 2860 2141 2916 cidat
2175 2876 2324 2925 eum,
2358 2861 2447 2930 qui
2507 2875 2614 2914 non
2669 2858 2984 2928 spiritaliter
3028 2873 3148 2928 quae
3191 2857 3447 2913 dicuntur
3475 2857 3573 2910 ad-

1996 2956 2245 3009 verterit.
2283 2955 2340 3012 Si
2378 2955 2523 3009 enim
2565 2953 2862 3009 secundum
2917 2952 3151 3007 litteram
3185 2950 3433 3017 sequaris
3468 2949 3573 3003 hoc

2001 3049 2176 3118 ipsum
2205 3049 2346 3117 quod
2374 3048 2576 3102 dictum
2606 3054 2687 3101 est
2722 3046 2766 3077 ³³
2792 3061 2806 3097 :
2850 3043 2971 3098 Nisi
2987 3042 3428 3097 manducaveritis
3451 3056 3572 3094 car-

313 3132 531 3202 iuvare.
567 3133 660 3203 qui
709 3148 814 3186 non
862 3133 1081 3203 indigne
1126 3132 1302 3203 ἰρευηι
1353 3133 1610 3188 Comedil-
1650 3133 1896 3204 Denique
1924 3153 1969 3214 ρ
2002 3158 2119 3196 nem
2162 3158 2352 3208 meam,
2393 3151 2440 3206 ej
2488 3140 2718 3193 biberitis
2761 3138 3069 3207 sanguinem
3114 3152 3332 3201 meum;
3381 3134 3573 3188 occidit

323 3239 516 3296 panem
550 3224 723 3290 illum,
773 3224 1008 3295 typicum
1058 3234 1112 3279 et
1160 3223 1518 3294 symbolicum
1557 3240 1754 3295 corpus
1801 3241 1893 3295 ap-

324 3316 508 3384 pellat.
559 3314 784 3384 Reliqua
829 3314 897 3370 ad
944 3331 1098 3371 esum
1150 3315 1394 3383 corporis
1430 3315 1633 3371 Christi
1675 3316 1895 3386 spirita-

321 3407 430 3462 lem
475 3407 779 3476 pertinent,
836 3423 944 3462 non
995 3407 1438 3462 sacramentalem
1482 3399 1541 3464 ut
1591 3409 1892 3476 superiora,

323 3508 513 3553 contra
564 3513 724 3567 quam
770 3498 1023 3567 Opinatus
1068 3507 1149 3553 est
1189 3497 1508 3554 Vincentius
1551 3498 1898 3554 Bellovacen-

324 3590 422 3655 sis,
458 3589 669 3659 Specul.
710 3588 1021 3654 doctrinaL,
1074 3588 1172 3642 lib.
1217 3604 1372 3656 xvtu,
1421 3605 1537 3659 cap.
1575 3590 1666 3655 4‘5,
1711 3589 1899 3660 Orige-

323 3698 448 3737 uem
484 3682 585 3736 hac
629 3682 695 3737 de
743 3696 908 3736 causa
951 3681 1225 3736 immerito
1258 3681 1550 3752 castigans.
1590 3682 1788 3737 Facilis
1817 3691 1899 3736 est

324 3774 429 3830 loci
462 3774 621 3844 hujus
642 3776 794 3843 juxta
821 3771 1072 3828 Ecclesia:
1104 3773 1404 3828 doctrinam
1433 3774 1734 3842 expositio:
1773 3790 1896 3828 nam

323 3877 388 3923 ut
417 3882 485 3922 ex
521 3866 770 3936 corporis
810 3864 1014 3920 Christi
1043 3879 1139 3920 esu
1170 3865 1540 3935 adjumentum
1569 3867 1692 3935 quis
1720 3868 1900 3935 capiat

325 3977 434 4018 non
460 3975 586 4016 esus
614 3961 730 4028 ipse
754 3957 973 4024 suﬂicit,
1006 3959 1101 4014 sed
1131 3958 1342 4027 integra
1371 3968 1630 4029 praeterea
1664 3969 1718 4015 et
1759 3961 1901 4017 inta-

328 4055 534 4109 minata
591 4066 745 4106 mens
813 4050 1146 4119 requiritur,
1192 4050 1430 4119 alioquin
1473 4049 1741 4120 judicium
1795 4052 1896 4107 sibi

328 4153 622 4207 manducat
675 4160 730 4204 et
777 4148 941 4213 bibit,
981 4149 1071 4218 qui
1127 4149 1283 4204 noxis
1327 4148 1561 4217 pollutus
1595 4149 1663 4204 ad
1711 4149 1899 4204 altaris

328 4249 731 4297 sacramentum
775 4239 1002 4292 accedit.
1064 4238 1248 4308 Itaque
1296 4252 1401 4291 non
1433 4252 1501 4292 ex
1546 4252 1604 4293 se
1636 4238 1809 4294 solum
1845 4247 1902 4293 et

329 4335 653 4404 simpliciter
681 4334 863 4388 edenti
914 4332 1259 4387 sanctitatem
1295 4332 1526 4398 confert,
1575 4334 1670 4388 sed
1707 4335 1812 4401 ita,
1854 4336 1901 4390 si

329 4427 401 4482 ab
430 4426 624 4481 edente
657 4435 805 4480 certa
851 4424 984 4479 ﬁdes
1031 4433 1086 4478 et
1121 4439 1288 4493 purus
1332 4425 1544 4481 animus
1601 4426 1897 4482 adhibean-

2001 3233 2114 3285 hwc
2147 3231 2346 3285 littera.
2384 3249 2401 3283 ι
2438 3229 2768 3300 Spiritaliter
2797 3229 2912 3283 huic
2955 3227 3186 3295 intelligi
3229 3227 3400 3293 jubet,
3449 3225 3575 3294 quia

2001 3319 2474 3376 sacramentaliter
2502 3333 2726 3373 carnem
2771 3332 2923 3372 suam
2979 3317 3294 3371 manuue-ari
3347 3325 3403 3370 et
3449 3332 3576 3370 san-

2003 3410 2219 3480 guinem
2267 3425 2422 3464 suum
2454 3409 2566 3463 bibi
2596 3408 2770 3464 sancit
2814 3408 3087 3470 Christus,
3133 3421 3238 3459 non
3269 3421 3377 3475 quo
3415 3406 3576 3461 modo

2003 3513 2197 3554 carnes
2236 3499 2371 3553 alias
2418 3499 2668 3554 dentibus
2716 3497 3163 3553 comminuimus.
3201 3496 3311 3551 Nec
3345 3511 3575 3565 respon-

2005 3591 2174 3646 sionis
2234 3591 2392 3660 hujus
2457 3593 2620 3646 robur
2669 3591 2916 3662 infringit
2979 3589 3291 3645 Edmundus
3343 3587 3580 3642 Alberti-

2008 3699 2108 3737 nus
2159 3683 2297 3754 (ω),
2344 3699 2466 3738 cum
2503 3684 2578 3737 ait
2629 3699 2828 3753 negare
2874 3683 2982 3738 illic
3035 3682 3320 3750 Origeuem
3364 3679 3577 3735 comedi

2008 3790 2226 3830 carnem
2260 3775 2460 3830 Christi
2491 3777 2786 3831 secundum
2813 3776 3085 3841 litteram;
3115 3773 3361 3844 quisquis
3397 3781 3576 3826 autem

2008 3870 2243 3923 comedit
2275 3870 2477 3923 Christi
2520 3885 2738 3924 carnem
2759 3912 2774 3935 ,
2817 3869 2945 3924 licet
2978 3885 3082 3924 non
3115 3868 3169 3921 iu
3209 3867 3426 3937 propria
3457 3882 3580 3934 spe-

2008 3963 2092 4017 cie
2121 3970 2178 4016 et
2226 3962 2396 4031 ﬁgura
2438 3963 2708 4025 comedat,
2756 3962 2956 4016 Christi
3012 3971 3190 4015 tamen
3236 3974 3454 4014 carnem
3495 3974 3581 4012 se-

2008 4053 2242 4108 cundum
2280 4054 2513 4108 litteram
2555 4055 2862 4108 comedere.
2912 4054 3126 4108 luiicior
3168 4052 3308 4107 enim
3360 4065 3579 4104 carnem

2007 4147 2211 4204 Christi
2246 4161 2367 4201 eum
2407 4147 2694 4201 comedere
2746 4148 3041 4202 secundum
3081 4146 3354 4210 litteram,
3397 4145 3486 4213 qui
3520 4143 3581 4196 ιΙ-

2009 4238 2113 4292 lam
2148 4253 2254 4292 non
2295 4238 2348 4290 in
2381 4242 2598 4306 propria
2639 4238 2821 4306 specie
2853 4247 2906 4291 et
2940 4240 3109 4306 ligura
3144 4236 3379 4290 comedit
3403 4254 3417 4288 :
3441 4233 3578 4288 'nam

2002 4321 2291 4384 comedere
2337 4328 2634 4382 secundum
2668 4328 2905 4382 litteram
2929 4367 2943 4392 ,
2979 4326 3108 4381 illud
3145 4337 3252 4394 est,
3293 4326 3366 4380 ita
3397 4338 3582 4378 come-

2010 4425 2160 4487 dere,
2201 4421 2473 4491 quomodo
2516 4421 2790 4476 esculenta
2839 4422 3123 4476 comedere
3175 4418 3579 4483 consuevimus,

332 4527 437 4572 tur.
471 4515 732 4571 Similiter
758 4515 920 4569 homo
953 4513 1057 4569 hoc
1104 4513 1385 4569 abstinens
1429 4526 1792 4583 sacramento,
1821 4515 1982 4578 velD
2009 4514 2264 4569 nimirum
2311 4514 2391 4568 ori
2448 4514 2657 4569 inserta
2723 4513 2972 4592 dentibus
3016 4510 3350 4580 permolere,
3399 4510 3582 4579 lingua

328 4609 474 4681 quod
519 4607 754 4663 nondum
780 4605 882 4660 sibi
912 4605 987 4672 sit,
1005 4605 1139 4661 satis
1164 4607 1442 4674 probatus,
1477 4607 1561 4662 vel
1591 4607 1732 4676 quod
1771 4623 1902 4662 non-

329 4703 456 4756 dum
471 4701 675 4772 justam
695 4698 1190 4768 attigeritaetatem,
1209 4698 1296 4752 vel
1326 4699 1429 4752 alia
1453 4700 1646 4768 quavis
1664 4699 1901 4770 legitima

328 4795 396 4848 de
412 4809 597 4857 causa,
622 4790 1008 4846 detrimentum
1037 4804 1103 4844 ex
1126 4790 1229 4845 hac
1261 4790 1582 4846 abstinentia
1597 4807 1699 4846 non
1718 4793 1861 4862 capit
1884 4811 1899 4860 ;

329 4885 440 4939 imo
491 4899 591 4940 nec
633 4883 775 4937 bouo
823 4881 1004 4951 aliquo
1058 4882 1183 4938 inde
1224 4883 1429 4953 privari
1479 4886 1560 4938 ait
1603 4883 1899 4955 Origenes;

330 4977 476 5046 quod
517 4977 592 5030 ita
644 4975 922 5045 intelligo:
972 4990 1094 5031 cum
1131 4977 1293 5031 homo
1340 4975 1582 5031 nondum
1631 4977 1732 5030 sibi
1769 4978 1905 5034 satis

329 5069 612 5140 probatus,
644 5067 726 5121 vel
760 5066 989 5137 alicujus
1019 5068 1266 5124 criminis
1307 5068 1410 5123 sibi
1455 5068 1731 5135 conscius,
1760 5069 1806 5122 si
1837 5068 1905 5123 ad

332 5163 520 5217 altaris
558 5172 962 5218 sacramentum
1008 5163 1261 5228 accedat,
1305 5160 1568 5231 judicium
1615 5162 1717 5216 sibi
1753 5178 1906 5216 man-

332 5255 495 5309 ducet
535 5263 591 5310 et
632 5254 804 5320 bibat,
851 5263 1016 5324 atque
1053 5269 1122 5309 ex
1153 5254 1258 5310 hoc
1288 5268 1387 5309 esu
1419 5262 1476 5308 et
1504 5263 1632 5322 potu
1674 5263 1904 5310 mortem

333 5348 529 5402 animae
579 5362 690 5402 suae
747 5348 1088 5412 consciscat,
1137 5347 1334 5400 nedum
1382 5345 1618 5400 fructum
1667 5346 1902 5417 aliquem

312 5443 461 5498 'inde
508 5443 790 5514 percipiat,
819 5443 1068 5514 sequitur
1096 5451 1153 5495 ut
1196 5439 1241 5496 si
1268 5442 1384 5496 haec
1423 5440 1783 5497 reformidans
1819 5457 1908 5497 sa-

333 5546 616 5591 cramento
643 5537 935 5601 abstineat,
964 5535 1107 5590 bono
1133 5534 1316 5605 aliquo
1347 5549 1452 5590 non
1487 5535 1908 5604 privetur,'dum

336 5640 442 5679 non
489 5626 652 5682 sumit
706 5641 904 5695 corpus
952 5625 1191 5694 Christi;
1255 5641 1378 5681 cum
1440 5625 1638 5680 malum
1697 5635 1902 5680 tantum

405 5717 454 5752 ⁸³
489 5715 647 5773 Joan.
677 5734 753 5786 v1,
785 5718 876 5774 5i.

2011 4622 2252 4671 versare,
2282 4606 2463 4675 palato
2491 4601 2970 4680 degustare,_gula
3001 4605 3242 4671 sorbere,
3281 4604 3335 4658 in
3380 4602 3584 4658 ventri-

2010 4698 2190 4753 culum
2213 4696 2450 4751 demissa
2475 4710 2840 4765 concoquere,
2879 4695 3147 4750 intestinis
3173 4702 3396 4764 excepta
3436 4709 3466 4747 a
3503 4693 3587 4746 ia:-

2011 4793 2163 4848 cibus
2195 4805 2518 4857 secernere,
2564 4799 2614 4844 et
2657 4789 2710 4842 in
2753 4789 3000 4858 corporis
3039 4788 3354 4843 alimentum
3395 4785 3582 4840 distri--

2010 4886 2200 4940 buere.
2238 4883 2350 4940 Hac
2392 4887 2602 4938 ratione
2647 4900 2769 4938 cum
2799 4881 3004 4938 Christi
3050 4897 3179 4937 caro
3211 4879 3522 4949 neutiquam
3553 4895 3584 4933 a

2013 4977 2171 5031 nobis
2205 4976 2554 5041 comedatur,
2607 4989 2711 5030 non
2760 4975 3064 5029 comeditur
3107 4973 3348 5043 profecto
3394 4985 3588 5025 secun-

2013 5069 2140 5124 dum
2184 5069 2441 5134 litteram,
2473 5070 2566 5124 sed
2598 5067 3087 5124 sacramentaliter.
3122 5065 3217 5120 Vel
3255 5062 3588 5119 eucharisti-

2014 5177 2137 5218 cum
2181 5176 2374 5231 panem
2424 5171 2651 5216 eatenus
2697 5159 2931 5230 appellat
2969 5158 3232 5227 Origenes
3264 5169 3460 5224 corpus
3510 5163 3592 5224 ty-

2013 5256 2193 5326 picum
2229 5263 2282 5307 et
2313 5253 2688 5324 symbolicum,
2731 5268 2838 5307 non
2883 5257 3153 5320 quatenus
3187 5249 3429 5302 absentis
3468 5259 3587 5298 cor-

2014 5347 2160 5417 poris
2186 5341 2387 5400 Christi
2413 5355 2572 5416 typus
2598 5354 2760 5401 estet
2790 5343 3118 5416 symbolum,
3153 5340 3296 5412 quod
3337 5338 3451 5393 vult
3479 5337 3590 5390 Ed-

2016 5441 2246 5495 mundus
2269 5439 2602 5506 Albertinus,
2636 5439 2836 5509 aliique
2859 5451 2983 5492 cum
3012 5449 3076 5490 eo
3108 5431 3457 5490 heterodoxi:
3493 5431 3588 5484 sed

2015 5545 2321 5605 quatenus,
2355 5549 2478 5588 cum
2524 5533 2700 5603 reipsa
2744 5532 2823 5587 sit
2861 5545 3057 5600 corpus
3101 5528 3324 5594 Christi,
3355 5525 3586 5580 aliaru’m

2020 5642 2198 5681 rerum
2234 5634 2392 5697 typus
2420 5637 2502 5681 est
2529 5636 2584 5682 et
2615 5626 2938 5698 symbolum,
2965 5632 3093 5696 puta
3122 5622 3204 5678 sui
3234 5620 3402 5692 ipsius
3432 5627 3588 5673 extra

411 5809 522 5883 (40)
557 5811 786 5904 Albert.,
822 5811 896 5870 De
920 5829 1145 5870 sacram.
1179 5811 1414 5870 Eur/car.
1447 5812 1634 5888 lib._u,
1659 5813 1710 5871 iu
1734 5812 1921 5870 Etiam.
1961 5810 2163 5871 testim.
2190 5809 2434 5880 Origeu.,
2467 5825 2585 5881 cap.
2625 5809 2648 5864 1
