4068 6308
319 354 450 411 1081

1163 358 1733 416 ORIGENIANORUM
1774 360 1905 419 LIB.
1944 360 2012 427 11,
2056 361 2207 417 CAP.
2252 363 2317 427 ll,
2361 361 2638 430 QUAEST.
2675 359 2815 416 XIV.

3430 364 3566 416 loss
3616 418 3627 435 ,

314 476 400 521 est
446 468 795 525 nutritorium
826 468 1153 535 animarum,
1190 470 1422 525 Verbum
1450 472 1519 527 de
1562 472 1675 527 Deo
1703 473 1881 527 Verbo
1910 480 1958 534 Α
1983 473 2202 529 edocuit
2230 492 2242 529 :
2272 474 2365 529 sed
2402 483 2459 528 tu
2492 472 2583 542 qui
2604 474 2672 527 ad
2710 472 2983 528 Christum
3017 472 3234 542 venisti,
3260 476 3589 553 pontiﬁeetnj

314 560 650 629 procedens,
690 570 745 615 et
777 560 935 631 panis
977 561 1043 615 de
1099 574 1239 629 pane
1292 560 1531 627 caelesti,
1570 580 1590 612 ο
1622 571 1756 627 etc.,
1805 562 1893 617 cui

313 651 619 705 consimilia
654 652 895 721 reperire
926 658 1007 705 est
1036 650 1221 704 homil.
1255 648 1285 702 7
1331 652 1385 705 in
1418 650 1609 715 Levit.,
1656 668 1805 706 num.
1834 653 1891 719 ὅ,

316 744 383 797 ab
436 743 747 801 Hermanno
784 743 957 798 Bodio
1008 743 1062 796 in
1108 741 1458 798 Collectaueis
1502 745 1767 800 adversus
1802 761 1894 800 ca-

317 832 577 887 tholicam
614 833 916 886 doctrinam
958 840 1252 901 usurpata:
1303 848 1426 886 nam
1465 834 1509 887 si
1546 834 1701 903 juxta
1749 836 1895 891 litte-

317 939 435 978 ram
496 925 549 980 id
589 925 915 979 sumendum
965 933 1256 993 putamus,
1309 936 1369 979 ut
1416 930 1736 982 smneudum
1779 930 1894 984 vult

317 1022 548 1084 martyr,
587 1010 856 1078 quomodo
896 1013 1053 1082 panis
1104 1012 1195 1066 ille
1242 1014 1335 1083 qui
1382 1018 1622 1070 cinnami
1672 1018 1892 1073 Christo

310 1102 528 1158 oblatus
583 1110 701 1163 est,
761 1101 971 1161 fractus
1045 1112 1102 1156 et
1164 1102 1445 1171 discipulis
1532 1106 1889 1170 distributus,

308 1205 585 1263 quemque
629 1207 788 1245 suum
834 1206 957 1246 esse
997 1207 1197 1262 corpus
1231 1194 1371 1248 dixit
1429 1196 1701 1261 Christus,
1758 1198 1891 1252 nihil

308 1282 457 1337 aliud
509 1291 593 1341 est
644 1297 851 1352 quam,
902 1284 1108 1337 rerbum
1156 1286 1450 1339 animarum
1505 1288 1889 1355 nutritorium,

307 1374 453 1438 quod
477 1375 751 1428 contendit
778 1372 1015 1427 Badius?
1044 1374 1326 1440 Quomodo
1352 1376 1505 1444 partis
1550 1377 1660 1442 ille,
1697 1392 1891 1433 secun-

308 1464 437 1518 dum
476 1464 528 1518 id
549 1465 693 1533 quod
726 1479 792 1517 ex
822 1465 1048 1519 materia
1088 1474 1405 1525 concretum
1450 1466 1631 1531 habet,
1668 1469 1719 1522 in
1758 1484 1889 1524 ven-

310 1564 448 1611 trem
486 1555 618 1621 abit,
654 1563 711 1608 et
750 1555 803 1608 in
855 1570 1126 1611 secessum
1162 1554 1402 1622 ejicitur,
1449 1568 1507 1611 ut
1537 1574 1605 1613 ex
1638 1558 1889 1628 Origenis

310 1652 459 1701 tomo
508 1659 566 1698 st
614 1645 668 1706 iu
712 1644 932 1710 Haltlt.,
979 1661 1129 1701 num.
1179 1645 1268 1714 ut,
1305 1646 1568 1713 objecisse
1598 1647 1885 1719 Martyrem

308 1752 475 1809 supra
497 1738 830 1809 notavimus,
865 1738 909 1793 si
937 1738 1091 1808 panis
1116 1739 1205 1795 ille
1234 1756 1254 1791 ι
1281 1739 1518 1794 Verbum
1564 1750 1647 1797 est
1676 1743 1882 1797 anima-

1996 579 2213 628 verum,
2246 563 2339 632 qui
2367 565 2629 632 sanguine
2655 578 2755 617 suo
2782 562 2947 619 Deum
2975 564 3068 617 tibi
3103 566 3391 635 propitium
3416 565 3561 633 fecit,

1990 664 2046 712 et
2102 654 2473 710 reconciliavit
2520 664 2571 708 te
2621 655 2795 720 Patri,
2844 671 2950 711 non
2986 657 3193 712 lmreas
3223 658 3274 711 in
3305 659 3565 728 sanguine

1990 746 2199 809 carnis,
2226 748 2318 800 sed
2342 748 2491 801 disce
2518 746 2703 815 potius
2746 748 3069 817 sanguinem
3108 748 3292 813 Verbi,
3338 760 3392 803 et
3437 750 3562 804 audi

1991 836 2164 906 ipsum
2191 837 2286 890 tibi
2325 837 2613 903 dicentem,
2658 838 2781 907 quia
2812 839 2893 891 hic
2933 839 3147 907 sanguis
3180 855 3322 895 meus
3343 850 3438 904 est,
3471 840 3563 910 qui

1987 944 2082 996 pro
2129 929 2268 982 vobis
2305 930 2603 998 e/I‘undetur
2637 929 2696 983 in
2715 930 3065 983 remissionem
3086 939 3413 994 peccatorum
3430 931 3498 984 ".
3535 949 3554 981 ι

1992 1018 2189 1087 Agitur
2227 1017 2331 1073 hoc
2370 1019 2487 1073 loco
2522 1020 2587 1074 de
2621 1018 2905 1074 sacriﬁciis
2934 1017 3202 1086 Mosaicis,
3243 1035 3363 1089 quae
3394 1020 3562 1089 ﬁgura

1989 1117 2148 1161 erant
2176 1110 2367 1164 mortis
2398 1110 2598 1165 Christi
2633 1128 2651 1165 :
2678 1110 2886 1165 idcirco
2935 1125 3039 1165 non
3081 1111 3389 1166 haerendum
3426 1114 3561 1167 scri-

1988 1198 2070 1255 bit
2108 1200 2373 1271 Origenes
2398 1202 2451 1257 in
2480 1202 2737 1271 sanguine
2762 1202 2962 1266 carnis,
3000 1202 3101 1256 hoc
3145 1211 3227 1256 cst
3255 1203 3306 1256 in
3344 1203 3560 1262 sacriﬁ-

1989 1280 2090 1347 ciis
2113 1294 2441 1349 Testamenti
2480 1293 2711 1360 Veteris,
2733 1294 2824 1349 sed
2861 1304 3092 1349 mentem
3132 1295 3200 1348 ad
3246 1296 3559 1365 sanguinem

1990 1382 2215 1451 Christi,
2257 1396 2312 1440 et
2346 1386 2678 1440 sacriﬁcium
2717 1402 2868 1441 nova:
2911 1385 3043 1457 legis
3071 1401 3191 1442 esse
3228 1388 3559 1456 erigendam.

1989 1475 2124 1541 Quis
2150 1477 2236 1531 hic
2269 1478 2593 1533 cavillatioui
2634 1478 2827 1533 locus?

2060 1568 2341 1638 Sumptum
2366 1585 2395 1627 c
2419 1570 2556 1624 libro
2577 1587 2673 1625 vnt
2697 1582 2878 1626 contra
2900 1569 3036 1627 Cels.
3068 1587 3216 1627 num.
3245 1571 3334 1635 δῖ,
3354 1581 3561 1641 postre-

1988 1675 2132 1716 mum
2161 1662 2412 1730 Origenis
2458 1664 2820 1718 testimonium
2860 1664 2940 1720 sic
2968 1680 3026 1720 se
3066 1665 3261 1720 habet:
3291 1665 3476 1735 Ἡμεῖς
3502 1664 3561 1717 δὲ

1986 1751 2063 1821 τῷ
2092 1751 2183 1805 τοῦ
2216 1752 2415 1815 παντὸς
2443 1752 2766 1825 Δημιουργῷ
2802 1753 3264 1826 εὐχαριστοῦντες,
3295 1755 3389 1807 καὶ
3434 1754 3560 1818 τοὺς

310 1847 431 1885 rum
460 1831 812 1893 nutritorium
834 1831 857 1885 ?
877 1850 895 1883 ι
920 1830 1079 1886 Certe
1108 1841 1216 1887 tota
1234 1832 1349 1887 haec
1377 1831 1628 1903 Origenis
1654 1834 1720 1890 de
1742 1851 1880 1906 pane

1988 1846 2106 1913 μετ’
2158 1844 2508 1915 εὐχαριστίας
2559 1846 2654 1899 καὶ
2698 1847 2862 1919 εὐχῆς
2920 1846 3020 1917 τῆς
3069 1848 3159 1900 ἐπὶ
3202 1849 3314 1911 τοῖς
3359 1845 3560 1901 δοθεῖσι

310 1922 405 1976 illo
463 1922 771 1983 dissertatio
835 1931 1050 1978 tractat.
1096 1922 1165 1983 '55
1230 1923 1287 1977 in
1343 1923 1537 1981 Matth.
1590 1925 1877 1995 allegorica

308 2023 415 2071 est.
464 2011 575 2067 Nec
622 2012 852 2070 .validius
910 2023 1013 2078 est,
1047 2016 1189 2085 quod
1230 2014 1358 2069 hinc
1401 2015 1600 2085 colligit
1652 2026 1875 2086 martyr,

310 2118 509 2170 corpus
526 2105 727 2159 Christi
745 2120 863 2160 esse
893 2121 1105 2173 panem,
1132 2122 1255 2162 cum
1273 2107 1554 2176 scripserit
1574 2105 1832 2176 Origenes
1860 2124 1874 2161 :

315 2216 335 2248 ι
369 2195 528 2265 Panis
562 2197 683 2258 iste.
711 2214 868 2265 quem
902 2198 1042 2252 Deus
1075 2196 1309 2252 Verbum
1340 2214 1536 2268 corpus
1566 2215 1719 2254 suum
1759 2215 1879 2259 esse

317 2287 535 2343 fatetur.
567 2306 589 2345 ι
618 2288 779 2342 Panis
832 2289 975 2343 enim
1027 2287 1225 2342 dicitur
1257 2302 1456 2357 corpus
1489 2289 1711 2356 Christi,
1751 2292 1877 2361 quia

310 2381 467 2449 panis
494 2381 633 2446 luit,
666 2391 719 2436 et
744 2396 886 2435 nunc
930 2394 1148 2450 quoque
1172 2395 1294 2439 cum
1323 2395 1520 2450 corpus
1544 2381 1746 2436 Christi
1771 2392 1873 2449 est,

306 2473 467 2551 panis
511 2473 744 2541 speciem
782 2475 939 2543 gerit.
985 2470 1122 2539 Hinc
1163 2472 1463 2543 appellatur
1512 2475 1674 2540 etiam
1715 2476 1877 2549 ἄρτος

309 2564 687 2634 ἁγιαζόμενος,
753 2576 806 2619 et
858 2575 1200 2619 consecratus
1237 2566 1431 2645 panis,
1484 2566 1589 2631 hoc
1650 2575 1769 2632 est,
1820 2575 1878 2621 ttt

212 2660 227 2671 '
308 2655 389 2709 sic
444 2655 653 2725 loquar,
717 2656 872 2726 panis
935 2654 1474 2721 transsubstantiatus
1562 2656 1615 2715 in
1678 2671 1875 2726 corpus

300 2746 529 2805 Christi.

377 2839 730 2909 Apertissima
774 2856 899 2894 vero
930 2840 1033 2896 loci
1079 2840 1221 2894 tertii
1253 2840 1544 2907 sententia,
1577 2850 1635 2895 ut
1666 2842 1868 2896 frustra

297 2945 427 2987 eam
460 2946 711 3000 perversa
737 2932 1095 3001 explicatione
1121 2947 1473 3001 corrumpere
1505 2931 1712 3002 Martyr
1742 2948 1874 2987 cou-

304 3025 508 3080 tendat.
541 3021 685 3092 Talis
716 3024 804 3079 ille
831 3036 912 3079 est
944 3023 1125 3079 homil.
1154 3025 1187 3081 9
1231 3025 1287 3082 in
1339 3023 1528 3087 Levit.,
1560 3041 1712 3079 num.
1746 3025 1812 3081 l0
1856 3042 1870 3080 :

310 3133 331 3173 ι
365 3115 514 3171 llitus
548 3117 762 3185 quidem
787 3118 923 3185 apud
943 3126 1148 3172 veteres
1164 3117 1557 3186 propitiationis
1582 3132 1682 3187 pro
1711 3117 1876 3185 homi-

1985 1935 2427 2006 προσαγομένους
2478 1936 2674 2007 ἄρτους
2702 1939 2974 2011 ἐσθίομεν,
3032 1940 3191 2012 σῶμα
3235 1939 3560 2009 γενομένους

1983 2025 2071 2079 διὰ
2094 2026 2193 2098 τὴν
2222 2026 2387 2097 εὐχὴν
2413 2028 2565 2096 ἅγιόν
2596 2046 2667 2093 τι,
2695 2032 2787 2083 καὶ
2815 2030 3037 2100 ἁγιάζον
3068 2032 3191 2095 τοὺς
3231 2032 3348 2102 μεθ’
3376 2029 3558 2100 ὑγιοῦς

1985 2118 2297 2190 προθέσεως
2333 2120 2482 2191 αὑτῴ
2525 2122 2858 2193 χρωμένους.
2897 2142 2916 2175 ‹
2955 2122 3063 2177 Nos
3098 2140 3225 2179 vero
3260 2125 3347 2194 qui
3404 2124 3559 2191 hujus

1986 2210 2365 2265 universitatis
2391 2210 2673 2265 Couditori
2705 2212 2908 2281 gratias
2937 2213 3169 2282 agimus,
3221 2229 3341 2267 cum
3386 2215 3559 2281 preci-

1984 2299 2086 2354 bus
2122 2306 2178 2354 et
2212 2300 2513 2368 gratiarum
2543 2300 2760 2356 actione
2791 2302 3007 2357 oblatos
3033 2303 3241 2358 edimus
3278 2319 3444 2371 panes
3464 2305 3555 2372 qui

1986 2400 2207 2461 propter
2239 2391 2543 2446 orationem
2582 2391 2717 2445 ﬁunt
2759 2408 2956 2461 corpus
2994 2392 3261 2462 quoddam
3311 2404 3556 2448 sanctum

1982 2483 2129 2551 quod
2178 2497 2311 2536 sano
2372 2484 2649 2551 proposito
2704 2484 3160 2538 manducantibus
3216 2483 3555 2537 sanctitatem

1983 2575 2233 2645 largitur.
2260 2594 2280 2627 ι
2313 2574 2527 2630 Celsum
2559 2574 2753 2630 refellit
2793 2575 3082 2645 Origenes,
3113 2575 3203 2644 qui
3248 2575 3408 2629 rebus
3437 2574 3557 2628 uni-

1982 2666 2158 2721 versis
2192 2665 2478 2735 prazfectos
2511 2680 2628 2719 esse
2678 2667 2949 2721 daemones
2996 2680 3245 2728 ccnsens,
3299 2680 3556 2733 quiecun-

1981 2772 2090 2827 que
2117 2758 2185 2810 ad
2219 2756 2418 2808 victum
2455 2765 2772 2824 comparant
2811 2755 3082 2819 homines,
3116 2768 3447 2822 qumcunque
3471 2751 3554 2807 vel

1981 2849 2189 2904 edendo
2232 2849 2313 2903 vel
2362 2849 2595 2907 bibendo
2644 2855 3001 2913 consumunt,
3068 2845 3285 2915 fruges,
3334 2846 3550 2908 vinum,

1981 2940 2180 2996 baccas
2212 2941 2494 3004 arborum,
2529 2955 2723 3008 aquam
2754 2978 2771 3004 ,
2807 2948 2863 2992 et
2894 2939 3064 3008 ipsqu
3097 2950 3312 3006 quoque
3347 2949 3550 3000 aerem,

1983 3046 2013 3085 a
2041 3031 2374 3091 damonibus
2419 3032 2667 3098 accipere
2694 3030 3105 3094 arbitrabatur;
3156 3027 3452 3095 multisque
3499 3027 3552 3081 in

1983 3124 2318 3176 contrariam
2356 3122 2604 3177 adductis
2637 3122 2958 3175 sententiam
2986 3161 3003 3187 ,
3033 3120 3310 3175 concludit
3336 3120 3548 3191 tandem

303 3207 463 3262 nibus
506 3208 596 3278 qui
656 3208 816 3263 ﬁebat
858 3208 923 3262 ad
979 3208 1181 3275 Deum,
1221 3208 1453 3279 qualiter
1506 3209 1877 3272 celebraretur
1902 3192 1945 3250 (ἶ
1982 3209 2337 3270 Adamantius
2378 3226 2545 3281 panes
2582 3212 2673 3280 qui
2723 3213 2876 3266 nobis
2919 3212 2987 3265 ad
3030 3213 3182 3267 e'sum
3225 3210 3547 3275 oﬁ‘ertmtur,

379 3348 425 3383 "
459 3348 646 3405 Matth.
675 3366 822 3415 xxvi,
855 3349 945 3403 9.8.

308 3490 522 3553 .videtis,
555 3488 749 3557 inquit,
790 3488 943 3556 panis
971 3497 1049 3544 est
1074 3498 1129 3544 et
1160 3489 1321 3557 calix,
1355 3491 1497 3560 quod
1537 3491 1688 3545 vobis
1710 3491 1873 3548 etiam

305 3562 447 3616 oculi
497 3560 660 3615 vestri
720 3562 1023 3613 renuntiant
1054 3578 1066 3614 :
1100 3562 1240 3629 quod
1289 3571 1466 3615 autem
1514 3562 1644 3615 ﬁdes
1692 3571 1871 3616 vestra

307 3631 540 3701 postulat
564 3631 895 3701 instruenda,
928 3630 1081 3697 panis
1121 3641 1203 3701 est
1232 3646 1428 3699 corpus
1473 3630 1699 3701 Christi.
1728 3631 1869 3687 calix

309 3698 525 3771 sanguis
556 3698 779 3771 Christi.
821 3699 1065 3771 Breviter
1108 3698 1337 3768 quidem
1376 3701 1476 3756 hoc
1524 3700 1723 3755 dictum
1765 3712 1868 3769 est,

306 3769 452 3838 quod
489 3773 609 3823 ﬁdei
652 3770 789 3838 [orte
835 3769 1062 3823 sullieiat
1095 3788 1109 3824 :
1140 3771 1235 3824 sed
1278 3771 1412 3824 ﬁdes
1461 3772 1867 3827 instructionem

308 3837 600 3895 desiderat.
651 3837 790 3892 Dicit
816 3840 958 3894 enim
998 3839 1263 3909 Pmpheta
1299 3858 1314 3897 :
1348 3838 1474 3895 Nisi
1509 3841 1867 3906 credideritis,

306 3927 413 3977 non
444 3910 830 3979 intelligetis....
861 3909 1041 3965 Potest
1068 3910 1209 3965 enim
1241 3910 1290 3963 in
1336 3912 1520 3965 animo
1548 3911 1863 3979 cujusquam

308 3981 561 4049 cogitatio
589 3979 706 4050 talis
744 3980 1042 4050 suboriri...
1080 3980 1349 4047 quomodo
1373 3991 1455 4035 est
1483 3983 1635 4050 panis
1676 3996 1872 4050 corpus

306 4048 462 4116 eius?
486 4059 538 4101 et
566 4048 728 4119 calix,
749 4049 850 4119 _vel
888 4052 1025 4116 quod
1072 4051 1232 4103 habet
1270 4050 1431 4115 calix,
1474 4048 1745 4119 quomodo
1776 4048 1863 4105 est

256 4170 259 4171 ν
305 4119 529 4190 sanguis
557 4117 884 4197 ejus?_lst:_t,
936 4119 1168 4197 l_'_rat_res_._
1202 4119 1326 4174 ideo
1378 4117 1864 4197 dicuntur__sacra-

310 4188 510 4251 ntetita,
552 4188 673 4256 quia
717 4191 765 4242 iu
796 4189 875 4243 eis
904 4188 1043 4260 aliud
1084 4190 1312 4260 videtur,
1345 4190 1484 4244 aliud
1531 4190 1861 4260 intelligitur.

309 4260 462 4327 Quod
503 4260 733 4319 videtur,
789 4258 1022 4327 speciem
1075 4259 1245 4383 {labet
1312 4260 1642 4330 corporalem
1678 4258 1865 4327 {quod

312 4329 648 4383 intelligitur.
675 4327 906 4382 fructum
942 4330 1081 4383 habe
1136 4331 1459 4383 sniritalem.
1488 4332 1696 4383 Cornus
1735 4345 1865 4383 emo

312 4327 906 4410 httelIigitur,_fructu_t_u
942 4327 1459 4410 habci‘spiritalem.
1488 4332 1696 4410 corpus
1735 4345 1867 4401 ergo

305 4398 505 4455 Christi
545 4398 587 4453 si
621 4398 697 4467 vis
741 4398 1056 4465 intelligere,
1099 4400 1407 4467 Apostolum
1437 4400 1560 4455 audi
1600 4398 1864 4453 ilicettteitt

309 4469 554 4524 ﬁdelibus
588 4483 602 4523 :
642 4466 742 4521 Vos
778 4479 951 4521 autem
976 4472 1094 4523 estis
1124 4466 1311 4538 corpus
1339 4470 1533 4535 Christi
1560 4478 1609 4523 et
1637 4471 1866 4527 membra

309 4523 362 4611 il
390 4540 512 4599 Cor.
547 4554 644 4610 xli,
678 4538 803 4609 27).
834 4538 891 4611 Si
919 4555 1048 4605 ergo
1083 4523 1172 4593 vos
1193 4523 1323 4594 estis
1348 4527 1541 4609 corpus
1577 4523 1778 4611 Christi
1818 4549 1874 4594 et
1902 4523 1947 4577 Β

308 4609 572 4673 ntemhra,
628 4609 941 4678 mysterium
993 4619 1228 4663 vestrum
1270 4611 1321 4663 in
1370 4626 1554 4664 mensa
1596 4609 1875 4664 Dominica

308 4682 563 4751 positum,
585 4690 708 4733 est:
748 4680 1079 4751 mysterium
1106 4688 1340 4733 vestrum
1391 4680 1665 4751 accipitis._
1697 4681 1779 4733 Ad
1822 4682 1873 4734 id

305 4749 449 4819 quod
471 4750 622 4813 estis,
653 4751 820 4802 Amen
852 4749 1218 4819 reSpontletis,
1250 4758 1302 4802 et
1335 4749 1705 4817 respondendo
1738 4754 1869 4803 sub-

307 4818 566 4873 scribitis.
602 4819 770 4879 Audis
820 4818 994 4886 enim},
1044 4834 1240 4886 corpus
1283 4819 1517 4887 Christi;
1557 4830 1609 4872 et
1651 4834 1873 4887 respou-

308 4890 424 4951 des,
454 4889 647 4959 Amen.
702 4889 1173 4959 EstoAmemhrum
1206 4891 1465 4959 corporis
1522 4889 1751 4950 Christi,
1816 4899 1875 4943 ut

310 4958 600 5028 verumsit
625 4975 799 5010 amen.
832 4955 1010 5028 Quare
1044 4974 1172 5028 ergo
1202 4958 1254 5012 in
1289 4955 1464 5027 pane?
1510 4959 1652 5012 Nihil
1692 4961 1779 5019 hic
1806 4959 1873 5014 de

312 5037 499 5080 nostro
527 5026 814 5079 alieramus
845 5045 858 5080 :
892 5027 1062 5095 ipsum
1110 5026 1425 5097 Apostdlum
1457 5028 1748 5082 identidem
1777 5044 1876 5093 au-

311 5099 546 5167 diamus,
589 5098 677 5163 qui
731 5112 851 5167 cum
904 5099 969 5148 de
1016 5098 1116 5149 isto
1154 5108 1495 5152 sacramento
1543 5098 1869 5167 loqueretur,

309 5174 384 5217 att
412 5179 425 5217 :
462 5164 609 5229 Unus
648 5166 824 5232 panis,
851 5181 1010 5218 unum
1036 5184 1221 5233 corpus
1266 5168 1413 5221 multi
1446 5164 1625 5221 sumus
1654 5166 1706 5234 (1
1746 5168 1868 5224 Cor.

312 5250 366 5298 ι,
414 5236 475 5287 17
504 5235 557 5305 );
607 5234 913 5305 intelligite_
950 5245 1003 5287 et
1048 5241 1305 5304 gaudete;
1369 5240 1581 5303 unitas,
1640 5239 1869 5305 veritas,

310 5302 516 5373 pietas,
559 5302 813 5357 charitas.
874 5302 1020 5358 Unus
1053 5302 1203 5372 panis
1238 5325 1250 5361 :
1287 5302 1408 5373 uuis
1457 5317 1540 5361 est
1566 5302 1691 5361 iste
1734 5302 1869 5369 unus

311 5374 511 5442 panis?
544 5373 715 5433 Unum
741 5389 935 5441 corpus
967 5376 1138 5426 tnulti.
1171 5376 1410 5429 Recohte
1436 5379 1557 5444 quia
1591 5377 1741 5445 panis
1763 5393 1869 5431 non

311 5446 384 5498 sit
410 5446 475 5499 de
512 5459 622 5497 uno
647 5458 832 5509 grano.
868 5446 961 5496 sed
992 5445 1057 5497 de
1103 5446 1301 5503 multis.
1330 5445 1557 5511 Quando
1592 5448 1870 5513 exorciza-

311 5514 531 5579 bamini,
561 5514 711 5581 quasi
752 5513 1118 5585 rmolebatniui,
1166 5516 1388 5585 Quando
1434 5517 1683 5584 baptizati
1714 5520 1868 5579 estis.

311 5585 465 5653 quasi
485 5584 761 5656 conspersi
786 5584 938 5656 estis.
956 5583 1200 5656 Quando
1209 5583 1457 5656 Spiritus
1488 5583 1663 5641 sancti
1691 5588 1865 5656 ignem

313 5652 618 5726 accepistis,
647 5652 797 5726 quasi
832 5654 982 5726 cocti
998 5657 1149 5726 estis.
1180 5652 1366 5708 Esiote
1391 5657 1533 5726 quod
1570 5652 1786 5724 videtis,
1814 5665 1869 5711 et

314 5725 539 5794 accipite
572 5725 712 5794 quod
751 5722 902 5794 estis.
945 5722 1362 5794 llocApostolus
1407 5722 1474 5781 de
1507 5742 1644 5794 pane
1690 5722 1863 5781 dixit:

316 5790 446 5863 lani
472 5795 538 5856 de
561 5790 730 5862 calice
762 5792 889 5875 quid
923 5790 1337 5877 itttelliget'entus
1356 5835 1371 5864 ,
1403 5790 1563 5862 etiam
1608 5812 1714 5863 non
1780 5797 1866 5861 tli-

1980 3500 2148 3555 ctum,
2173 3489 2309 3546 satis
2332 3488 2587 3543 ostendit.
2619 3482 2766 3543 Sicut
2791 3482 2943 3543 'enim
2977 3494 3034 3544 ut
3068 3483 3138 3544 sit
3171 3484 3381 3558 species
3414 3482 3546 3543 visi.

1979 3560 2103 3614 bilis
2155 3560 2331 3630 panis,
2385 3559 2549 3630 multa
2594 3575 2760 3630 grana
2783 3558 2843 3630 iu
2895 3576 3055 3613 unum
3097 3571 3547 3628 consperguntur,

1980 3629 2235 3698 tanquam
2267 3630 2393 3683 illud
2429 3629 2543 3687 ﬁat,
2574 3629 2715 3698 quod
2762 3629 2828 3684 de
2870 3630 3115 3683 ﬁdelibus
3150 3631 3222 3683 ait
3263 3631 3545 3698 Scriptura

1978 3711 2165 3755 sancta
2216 3716 2231 3753 :
2280 3698 2427 3763 Erat!
2464 3698 2574 3752 illis
2618 3700 2795 3760 anima
2852 3716 2977 3763 una,
3035 3711 3085 3754 et
3130 3716 3220 3753 cor
3282 3716 3443 3753 unum
3489 3701 3548 3755 in

1975 3769 2143 3824 Deum
2172 3770 2329 3837 (Act.
2364 3783 2437 3833 tv,
2471 3768 2616 3837 52):
2662 3770 2739 3823 sic
2778 3770 2920 3823 etde
2949 3770 3092 3823 vino.
3126 3769 3361 3832 Fratres,
3396 3784 3546 3824 reco-

1975 3770 2329 3893 Deum‘SAet.
2364 3783 2437 3850 tv,
2471 3770 2616 3837 52):
2662 3770 2739 3823 sic
2778 3770 2920 3823 etde
2949 3770 3092 3823 vino.
3126 3770 3361 3832 Fratres,
3396 3784 3540 3824 reco-

1946 3839 2067 3903 ltte
2086 3856 2154 3893 un
2199 3855 2228 3892 e
2249 3841 2307 3894 ht
2336 3854 2540 3892 vinum.
2559 3837 2737 3902 Grana
2763 3839 2927 3891 multa
2954 3840 3188 3907 pendent
3208 3841 3275 3893 ad
3305 3841 3540 3903 botrum,

1972 3910 2066 3963 sed
2093 3910 2269 3979 liquor
2301 3924 2595 3978 granorum
2635 3909 2687 3961 in
2721 3910 2927 3962 unitate
2970 3911 3338 3964 confunditur.
3386 3908 3461 3961 lta
3488 3921 3544 3963 et

1973 3979 2237 4041 Dominus
2269 3979 2514 4033 Christus
2547 3992 2643 4032 nos
2670 3979 3028 4048 signiﬁcavit,
3080 3996 3175 4033 nos
3215 3984 3280 4033 ad
3321 3993 3380 4032 se
3419 3991 3543 4046 per-

1973 4050 2147 4121 tinere
2193 4050 2401 4114 voluit;
2446 4048 2760 4121 mysterium
2807 4050 2957 4121 pacis
2985 4061 3039 4103 et
3076 4050 3298 4103 unitatis
3330 4057 3543 4121 nostra

1974 4118 2027 4173 in
2064 4134 2160 4177 sua
2205 4136 2390 4175 mensa
2440 4116 2836 4175 consecravit.»
2886 4116 2999 4174 Hoc
3045 4130 3248 4173 tantum
3287 4118 3543 4177 dilferuut

1970 4189 2305 4257 Augustinus
2362 4198 2415 4243 et
2464 4186 2748 4260 Origenes,
2804 4190 2944 4258 quod
3006 4189 3143 4243 alter
3183 4191 3538 4260 symbolicam

1936 4262 2213 4328 “mysterii
2263 4260 2620 4313 Eucharistici
2669 4259 3117 4326 signiﬁcationem
3155 4259 3221 4311 ad
3275 4260 3537 4319 unitatem

1977 4328 2210 4383 ﬁdelium
2236 4331 2289 4383 itt
2318 4344 2423 4383 uno
2455 4331 2753 4396 eodemque
2780 4330 2981 4383 Christi
3015 4344 3241 4398 corpore
3284 4332 3540 4398 mystico,

1975 4399 2114 4457 alter
2140 4415 2265 4453 vero
2291 4399 2355 4452 ad
2377 4399 2596 4452 verbum
2626 4398 2719 4460 Dei
2754 4399 3027 4452 deﬂectat.
3085 4396 3537 4467 Uterque‘ipsam

1974 4470 2296 4523 sacramenti
2350 4480 2597 4533 naturam
2643 4468 2886 4522 ﬁdelibus
2924 4470 3056 4527 satis
3101 4466 3281 4529 notam
3318 4466 3533 4521 nonnisi

1975 4538 2167 4593 leviter
2188 4549 2242 4593 et
2276 4539 2427 4607 quasi
2461 4540 2510 4591 in
2554 4538 2778 4593 transitu
2827 4538 3254 4607 attingit,iunice
3298 4544 3535 4605 attentus

1976 4610 2043 4663 ad
2090 4606 2350 4681 mysticas
2393 4610 2632 4662 rationes
2684 4609 3021 4681 aperiendas.
3074 4606 3168 4669 llis
3219 4608 3533 4681 prwtttissis,

1976 4680 2103 4747 quid
2128 4676 2193 4733 ad
2218 4693 2435 4733 causam
2463 4693 2617 4731 suam
2648 4677 3076 4731 conﬁrmandam
3107 4693 3173 4737 ex
3210 4681 3310 4733 hac
3338 4676 3534 4747 Origeé

1976 4749 2061 4819 nis
2093 4748 2344 4819 allegoria
2388 4761 2577 4819 eruere
2617 4757 2835 4819 queunt
2861 4748 3171 4811 heterodoxi
3205 4764 3307 4805 non
3358 4750 3531 4819 video,

1976 4818 2033 4871 Si
2056 4816 2317 4873 enitn'hic
2346 4818 2666 4873 excludatur
2710 4817 2934 4884 quilibet
2966 4833 3157 4875 sensus
3184 4829 3378 4886 pra-ter
3410 4816 3538 4872 allec

1974 4890 2240 4957 goricum,
2274 4888 2577 4959 excluditur
2601 4888 2844 4959 profecto
2883 4887 3531 4959 Calvinianustleﬁgura,

1938 5024 1943 5029 ι
1975 4954 2121 5030 ῐγρο,
2173 4960 2376 5030 virtute
2401 4967 2455 5012 et
2484 4954 2720 5021 ellicacia
2753 4960 2995 5030 corporis
3032 4958 3257 5013 Christi.
3288 4954 3533 5030 NSivegi

1974 5012 2121 5082 a'li'us'
2155 5012 2474 5098 supponitur
2520 5012 2749 5093 sensus,
2800 5012 2987 5097 ut'ique
3048 5012 3238 5081 sensus
3275 5012 3533 5098 litteralis

1974 5096 2393 5161 Catholicorum,
2426 5112 2584 5167 quem
2628 5101 2763 5153 satis
2786 5096 2931 5153 clare
2962 5099 3213 5167 exprimit
3260 5096 3531 5167 Adaman-

1975 5169 2083 5221 tius
2127 5168 2305 5223 verbis
2339 5166 2499 5221 modo
2548 5168 2764 5233 citatis;
2820 5185 2924 5221 non
2957 5182 3147 5221 sensus
3189 5166 3531 5220 Calvinisno-x

1974 5253 2119 5303 rum,
2176 5236 2331 5304 cujus
2383 5238 2453 5291 ibi
2497 5252 2563 5291 ne
2614 5240 2894 5293 minimum
2946 5239 3162 5306 quidem
3226 5235 3530 5304 vestigium.

1970 5308 2146 5363 Alium
2180 5324 2336 5377 porro
2364 5321 2578 5361 sensum
2625 5317 2819 5377 pra-ter
2862 5307 3203 5377 allegoricum
3230 5309 3303 5362 de
3352 5307 3529 5430 Xerbo

1973 5378 2068 5430 Dei
2120 5381 2405 5430 agnovisse
2461 5377 2745 5430 Oritrenem
2794 5376 2960 5430 liuuet
3006 5392 3071 5430 ex
3118 5376 3306 5430 homil.
3396 5377 3430 5430 6
3477 5377 3528 5430 itt

1973 5378 2068 5447 Dei
2120 5376 2405 5447 agnovisse
2461 5376 2745 5446 Origenem
2794 5376 3071 5445 liquet’ex
3118 5376 3430 5447 homil.]6
3477 5377 3528 5447 iu

1972 5446 2141 5502 Num.
2161 5445 2197 5499 ἰ
2217 5449 2405 5502 Bibere
2435 5445 2685 5512 dicimur,
2720 5449 2887 5515 inquit
2913 5489 2928 5512 ,
2961 5448 3272 5515 sanguinem
3306 5445 3528 5513 Christi,

1970 5532 2075 5571 non
2112 5518 2283 5573 solum
2314 5529 2778 5573 sacramentorum
2827 5519 2956 5580 ritu,
2983 5519 3076 5575 sed
3104 5531 3159 5571 et
3184 5533 3307 5573 cum
3332 5532 3531 5570 sermo:

1970 5602 2067 5657 nes
2100 5588 2219 5656 eius
2250 5589 2559 5657 recipimus,
2586 5589 2857 5657 inquibus
2896 5588 3002 5641 vita
3028 5588 3275 5643 consistit
3310 5587 3449 5641 sicut
3479 5599 3533 5639 et

1972 5655 2086 5725 ipse
2116 5655 2247 5727 dicit
2278 5677 2293 5712 :
2337 5655 2505 5711 Verba
2532 5675 2650 5725 qua:
2680 5655 2882 5713 iocatus
2920 5674 3056 5723 sum,
3086 5660 3304 5727 spiritus
3337 5666 3389 5713 et
3428 5657 3531 5720 sitq

1968 5724 2085 5781 sum
2116 5724 2307 5801 (quit.
2338 5745 2411 5797 vt,
2437 5724 2551 5799 64),
2582 5746 2603 5780 ι
