4068 6308
615 334 754 390 1083

1885 331 1946 388 Ρ.
1986 324 2306 386 DANIELIS
2343 323 2580 382 HUETII

3671 323 3787 390 ¹ιιιειι

613 447 959 504 Christianos
995 447 1328 504 daemonibus
1373 453 1624 517 acceptos
1669 460 1772 501 non
1822 448 2066 511 referre,
2107 446 2198 500 sed
2227 449 2274 506 Α
2303 441 2384 496 da:
2409 456 2537 495 vero
2575 442 2642 495 ad
2686 435 3219 503 condemnationem;
3272 435 3344 489 ita
3383 440 3440 488 ut
3475 442 3585 503 post
3619 436 3786 494 ollulam

616 541 727 594 Deo
755 556 931 596 rerum
951 540 1244 605 conditori,
1271 554 1472 608 eosque
1497 556 1618 594 cum
1648 539 1944 610 gratiarum
1976 541 2188 594 actione

609 632 888 700 recipere;
952 642 1166 698 ac'per
1220 631 1583 700 precationem
1657 647 1853 702 corpus
1920 632 2188 701 quoddam

2291 530 2664 600 ingrederetur
2693 530 2744 586 in
2773 530 2920 584 illum
2951 527 3196 584 Satanas.
3241 524 3504 592 Caeterum
3538 529 3790 586 considere-

2292 631 2378 677 tur
2407 621 2495 678 hic
2517 623 2673 691 panis
2702 631 2754 677 et
2785 622 2886 676 hoc
2912 620 3162 691 poculum
3193 633 3222 672 a
3251 616 3644 686 simplicioribus
3671 619 3787 690 juxu

612 704 862 777 sanctum
896 725 1044 791 ipsos
1076 721 1234 787 ciiici,
1268 734 1486 778 sanctos
1517 724 1756 781 elﬁciens
1785 725 2093 794 quicunque
2123 739 2188 779 eo
2289 715 2713 768 communiorcm
2770 711 3184 782 intelligentiam
3241 711 3306 764 de
3359 709 3707 780 Eucharistia,
3750 714 3788 770 id

613 829 734 866 cum
760 826 895 866 sano
921 815 1200 882 preposito
1233 825 1480 870 utuntur.
1529 815 1608 870 Ad
1643 817 2040 872 Eucharistiam
2083 816 2185 870 mi-

611 906 756 959 nime
779 903 896 957 hinc
932 903 1184 959 videntur
1216 907 1507 976 pertinere.
1535 907 1689 974 Quod
1732 917 1787 963 et
1831 908 1947 976 ipse
1984 908 2184 963 fatetur

608 994 942 1050 Albcrtiuus.
991 995 1143 1062 Quod
1191 998 1234 1052 si
1283 999 1407 1067 quis
1440 1005 1621 1054 tamen
1671 1000 2025 1065 contradicat,
2078 1015 2182 1054 non

611 1084 880 1138 assentiar
927 1085 1108 1150 modo,
1147 1086 1240 1138 sed
1281 1085 1532 1141 Ecclesia:
1565 1088 1726 1141 etiam
1758 1088 2058 1143 doctrinam
2100 1089 2185 1144 his

609 1174 922 1229 conﬁrmari
951 1176 1306 1244 pertendom;
1337 1191 1506 1245 panes
1529 1180 1731 1249 quippe
1763 1181 1838 1234 ait
1865 1196 1962 1250 per
1991 1196 2184 1246 preca-

608 1267 834 1332 tionem,
885 1283 986 1338 per
1013 1269 1241 1340 mystica
1279 1270 1534 1326 nimirum
1582 1273 1778 1340 verba,
1809 1289 2005 1344 corpus
2047 1274 2182 1330 elIici

603 1369 879 1426 sanctum,
919 1369 973 1415 et
996 1371 1218 1416 sanctos
1249 1361 1504 1427 eliiciens,
1535 1366 1625 1434 qui
1659 1381 1780 1420 cum
1825 1381 1958 1423 sano
1988 1383 2184 1437 propo-

607 1451 713 1505 sito
741 1466 810 1506 eo
844 1462 1108 1520 utuntur;
1135 1467 1329 1524 corpus
1355 1453 1601 1510 videlicet
1636 1455 1859 1511 Christi.

680 1542 906 1614 Martyri
933 1545 1371 1600 succenturiatus
1401 1549 1580 1616 prodit
1616 1549 1666 1601 in
1709 1565 1943 1618 pugnam
1987 1549 2182 1604 Alher-

603 1635 752 1691 tinus
812 1636 886 1690 De
937 1647 1256 1696 sacrament.
1316 1639 1549 1694 Euchar.
1609 1640 1702 1695 lib.
1761 1655 1826 1705 ιι,
1888 1641 1940 1696 in
1985 1643 2178 1698 Exam.

607 1728 810 1783 restim.
854 1727 1076 1798 Origen.
1126 1732 1468 1802 recoctisque
1511 1731 1718 1801 aliquot
1765 1735 2085 1790 testimoniis
2114 1750 2178 1789 ex

600 1816 840 1887 Origene
881 1819 994 1884 jam
1037 1829 1165 1874 ante
1213 1835 1241 1874 a
1286 1820 1522 1892 Martyre
1557 1823 1909 1893 depromptis.
1945 1835 2181 1894 quatuor

606 1908 844 1963 indidem
889 1911 1054 1978 petita
1091 1913 1157 1966 de
1183 1927 1282 1965 suo
1311 1912 1484 1976 addit,
1531 1913 1593 1965 ad
1638 1914 1895 1968 trutinam
1939 1925 2178 1972 nostram

607 2000 934 2054 revocanda.
1001 2000 1158 2055 Prius
1208 2002 1442 2056 habetur
1501 2012 1632 2058 tom.
1684 2019 1830 2058 xxxii
1889 2006 1942 2060 in
1990 2005 2178 2074 Joan.,

603 2104 759 2145 num.
789 2090 872 2154 16,
907 2091 996 2145 ubi
1033 2091 1100 2146 de
1136 2091 1299 2147 offula
1327 2091 1477 2149 Iudae
1516 2110 1545 2148 a
1573 2094 1700 2150 Jesu
1734 2108 1981 2166 porrecta
2009 2101 2179 2157 disse-

603 2195 754 2247 rens,
783 2182 890 2236 vim
925 2184 972 2236 ci
999 2185 1286 2253 quamdam
1331 2201 1396 2240 ac
1429 2188 1683 2242 virtutem
1721 2204 1751 2242 a
1785 2188 2004 2246 Christo
2041 2192 2179 2246 indi-

603 2281 713 2325 tam
757 2270 923 2329 fuisse
957 2275 1092 2340 vult,
1146 2290 1267 2345 qua:
1321 2276 1473 2333 Judae
1523 2281 1670 2335 utilis
1722 2297 1842 2337 esse
1892 2285 2174 2353 potuisset,

597 2365 707 2418 nisi
733 2364 913 2420 oll‘ulre
941 2370 1308 2436 praevertisset
1331 2368 1583 2437 Satanas,
1610 2382 1664 2427 et
1691 2387 1758 2427 ne
1794 2374 2030 2429 benelica
2061 2376 2177 2444 cjus

597 2455 654 2510 vi
691 2455 962 2527 frueretur
992 2460 1260 2528 proditor,
1292 2471 1560 2532 occupato
1605 2464 1776 2534 ipsius
1812 2466 1978 2522 corde
2005 2468 2176 2538 impe-

597 2549 842 2604 divisset.
883 2550 1020 2604 Tum
1063 2553 1114 2606 id
1143 2554 1357 2622 gemino
1394 2555 1626 2611 illustrat
1652 2558 1951 2627 exemplo,
1993 2562 2176 2630 priore

599 2642 842 2710 corporis
867 2653 921 2697 et
947 2645 1229 2713 sanguinis
1255 2646 1479 2712 Christi,
1523 2663 1643 2718 qua:
1683 2662 1779 2718 pro
1814 2650 1928 2717 ejus
1975 2651 2175 2722 pietate

597 2732 684 2786 vel
722 2734 960 2803 nequitia
1013 2739 1106 2805 qui
1159 2738 1421 2808 suscipit,
1473 2741 1622 2794 utilia
1677 2751 1806 2796 sunt
1848 2742 1932 2798 vel
1981 2746 2171 2812 noxia;

597 2824 773 2880 altero
826 2826 980 2896 panis
1030 2826 1174 2882 illius
1220 2831 1527 2888 communis
1560 2847 1665 2901 quo
1707 2834 1924 2900 alimur,
1975 2838 2174 2906 quique

597 2931 697 2986 pro
721 2918 1058 2974 comedentis
1078 2919 1263 2975 habitu
1292 2923 1374 2977 vel
1399 2924 1688 2979 sanitatem
1719 2925 1928 2982 confert
1951 2943 2014 2984 ac
2035 2929 2176 2999 vigo-

598 3025 736 3076 rem,
779 3011 823 3064 si
857 3011 1051 3066 valenti
1093 3027 1368 3082 corpore;
1397 3016 1478 3070 vel
1523 3016 1802 3083 morbum,
1843 3021 1887 3073 si
1934 3020 2171 3076 febricu-

2286 816 2392 870 est,
2418 805 2484 860 de
2511 805 2806 876 gratiarum
2839 805 3052 859 actione
3086 820 3100 857 :
3137 813 3194 856 at
3223 800 3316 872 qui
3348 799 3505 854 altius
3530 801 3633 856 haec
3665 803 3788 860 intel-

2287 895 2454 965 ligere
2501 894 2808 959 didicerint,
2865 893 3210 949 considerent
3269 891 3374 947 hoc
3437 892 3621 948 dictum
3664 894 3790 953 fuisse

2281 989 2432 1058 juxta
2478 988 2797 1045 diviniorem
2833 987 3252 1056 promissionem
3287 986 3448 1039 etiam
3486 985 3548 1040 de
3576 986 3726 1058 Λόγῳ,
3752 1001 3792 1046 et

2289 1078 2470 1136 Verbo
2517 1080 2765 1135 veritatis
2798 1079 3113 1134 alimentum
3149 1077 3370 1132 uberius
3398 1087 3676 1147 praestante,
3701 1091 3792 1134 tan-

2285 1187 2448 1242 quam
2482 1174 2528 1228 si
2553 1173 2799 1243 exemplo
2836 1172 3071 1227 dicerem
3102 1183 3318 1240 panem,
3365 1170 3503 1238 quod
3541 1171 3600 1224 ad
3639 1185 3792 1239 corpus

2283 1264 2500 1331 attinet,
2547 1263 2860 1318 alimentum
2892 1263 3224 1318 uberrimum
3253 1270 3608 1331 praestantem,
3636 1262 3790 1322 febrim

2283 1357 2582 1426 subjectam
2633 1370 2866 1427 augere,
2919 1371 3039 1410 cum
3103 1365 3293 1411 contra
3347 1355 3531 1409 bonam
3588 1364 3792 1428 corporis

2284 1450 2656 1506 habitudinem
2705 1449 2772 1504 ad
2833 1451 3119 1504 sanitatem
3174 1446 3463 1502 reducat.»
3509 1447 3574 1502 Ex
3610 1448 3682 1504 bis
3725 1453 3793 1506 sic

2283 1543 2638 1598 ratiocinatur
2710 1541 3024 1597 Albertinus
3085 1562 3098 1598 :
3158 1538 3332 1596 Oll'ula
3391 1536 3527 1593 Judte
3580 1553 3790 1607 porrecta

2279 1634 2518 1704 ejusdem
2551 1644 2668 1691 erat
2691 1635 2902 1704 generis
2943 1648 3006 1687 ac
3047 1632 3445 1687 cucharisticus
3495 1634 3638 1702 panis,
3661 1635 3788 1703 juxta

2283 1727 2565 1795 Origenem
2589 1745 2602 1781 :
2625 1727 2854 1798 Ψωμίον
2881 1726 3140 1797 ὁμογενὲς
3171 1721 3240 1797 ἦν
3273 1725 3354 1796 τῷ
3379 1724 3566 1778 δοθέντι
3599 1726 3675 1779 καὶ
3697 1729 3790 1791 τοῖς

2285 1819 2636 1882 ἀποστόλοις·
2692 1819 2841 1888 atqui
2893 1816 3056 1874 olIula
3110 1818 3201 1873 illa
3266 1833 3448 1873 merus
3497 1817 3586 1872 fuit
3632 1819 3789 1887 panis:

2283 1928 2462 1967 merus
2523 1913 2686 1982 igitur
2723 1921 2777 1965 et
2815 1910 2924 1965 ille.
2967 1910 3308 1966 Attendisset
3351 1926 3475 1966 vero
3513 1911 3695 1966 subtilis
3724 1911 3792 1966 ille

2281 2005 2582 2075 disputator
2623 2019 2742 2074 quae
2782 2005 2847 2059 [in
2899 2003 3202 2073 exemplum
3259 2013 3609 2066 assumuntur,
3659 2004 3702 2058 in
3741 2018 3790 2060 eo

2282 2096 2478 2152 debere
2514 2096 2806 2151 convenire
2853 2094 3006 2164 cujus
3049 2111 3211 2150 causa
3249 2095 3542 2151 instituitur
3567 2110 3790 2165 compara-

2281 2188 2377 2252 tio,
2410 2189 2719 2256 discrepare
2747 2202 2906 2257 posse
2947 2190 3000 2240 in
3041 2187 3163 2242 aliis
3185 2227 3200 2252 ,
3257 2187 3363 2242 hoc
3387 2196 3470 2242 est
3500 2187 3671 2256 partim
3700 2201 3789 2240 esse

2281 2278 2539 2349 ὁμογενῆ,
2579 2278 2772 2348 partim
2824 2277 3151 2348 ἑτερογενῆ·
3180 2276 3278 2331 hic
3319 2286 3489 2332 autem
3525 2275 3705 2330 institui
3741 2277 3790 2330 ab

2285 2369 2518 2442 Origene
2562 2369 3022 2438 comparationem
3067 2368 3249 2423 ull‘ula:
3292 2366 3442 2424 Judaa
3491 2367 3662 2424 oblata:
3696 2381 3787 2421 cum

2279 2479 2418 2535 pane
2442 2463 2826 2528 euchariSIico,
2860 2477 2964 2517 non
3005 2464 3070 2516 ad
3111 2462 3487 2530 explicandam
3523 2462 3659 2532 panis
3678 2458 3789 2514 lude

2279 2555 2512 2627 porrecti
2558 2565 2830 2620 naturam,
2867 2555 2960 2611 sed
3011 2557 3076 2609 ad
3123 2554 3506 2609 declarandum
3543 2553 3646 2623 ejus
3692 2551 3788 2608 elic-

2279 2659 2449 2714 ctum,
2487 2663 2551 2701 ac
2579 2649 2686 2701 vim
2711 2647 2931 2717 juvandi
2970 2645 3055 2701 vel
3081 2645 3310 2701 nocendi
3357 2661 3451 2717 pro
3470 2646 3698 2702 sumentis
3720 2647 3788 2700 ha-

2278 2741 2390 2796 bitu
2422 2759 2436 2795 :
2473 2749 2632 2810 atque
2664 2741 2734 2794 ita
2775 2754 2896 2794 esse
2941 2738 3200 2811 ὁμογενῆ,
3229 2738 3409 2808 quoad
3445 2738 3578 2792 illam
3603 2737 3787 2791 ellieien-

2277 2837 2432 2902 tiam,
2478 2835 2545 2890 de
2596 2849 2700 2904 qua
2743 2833 2844 2888 hoc
2873 2831 2992 2888 loco
3033 2832 3334 2902 quaeritur;
3386 2830 3649 2902 ἑτερογενῆ
3693 2843 3788 2883 vero

2275 2928 2450 2997 quoad
2493 2934 2773 2989 naturam,
2823 2924 2887 2978 de
2923 2938 3027 2993 qua
3085 2922 3227 2976 nulla
3287 2923 3491 2992 penitus
3537 2921 3614 2976 hic
3651 2920 3787 2975 habita

2276 3029 2360 3074 est
2376 3018 2682 3086 disputatio.
2703 3014 2940 3070 Fimbria
2961 3016 3126 3069 vestis
3148 3011 3356 3069 Christi
3380 3028 3494 3083 qua:
3517 3009 3787 3084 αἱμορῤοοῦο

595 3099 713 3155 loso
754 3116 817 3156 ac
853 3102 1068 3156 infirmo
1111 3116 1370 3174 exceptus
1405 3109 1494 3161 sit.
1543 3108 1719 3164 Locus
1766 3113 1837 3164 ita
1874 3124 2168 3183 conceptus
2201 3148 2244 3206 ο
2278 3127 2376 3165 σαν
2427 3106 2660 3170 sanavit,
2715 3121 2782 3162 ex
2834 3114 3086 3160 contactu
3145 3105 3291 3161 sacri
3347 3105 3578 3175 corporis
3625 3101 3785 3158 Christi

595 3199 678 3245 est
710 3210 724 3246 :
751 3191 861 3245 Kal.
905 3192 1046 3248 οὕτω
1092 3197 1136 3249 δ’
1182 3197 1249 3250 ἂν
1299 3201 1400 3252 οὐκ
1447 3201 1726 3266 ἀπιθάνως
1763 3205 1841 3267 είς
1872 3205 1963 3258 τὸν
2009 3205 2174 3262 τόπον

593 3281 822 3351 λέγοιτο,
847 3285 1033 3355 ὥσπερ
1054 3291 1086 3340 ὁ
1107 3289 1365 3356 ἀναξίως
1385 3292 1604 3347 ἐσθίων
1618 3293 1724 3346 τὸν
1737 3293 1918 3362 ἄρτον
1939 3297 2044 3350 τοῦ
2064 3302 2178 3352 Κυ-

587 3372 748 3442 ρίου,
769 3375 807 3443 ii
828 3375 1018 3429 πίνων
1043 3378 1228 3432 αὑτοῦ
1251 3377 1316 3431 τὸ
1352 3379 1659 3448 ποτήριον,
1683 3385 1769 3449 είς
1792 3383 1968 3452 κρῖμα
1991 3383 2179 3437 ἐσθίει

595 3465 694 3518 καὶ
714 3465 894 3530 πίνει,
918 3466 1020 3539 τῆς
1054 3469 1181 3539 μιᾶς
1205 3471 1262 3523 ὲν
1279 3469 1356 3541 τῷ
1379 3473 1528 3544 ἄρτῳ
1547 3473 1852 3545 κρείττονος
1873 3475 2175 3546 δυνάμεως,

593 3561 690 3617 καὶ
730 3562 788 3615 ὲν
815 3559 892 3632 τῷ
923 3563 1555 3638 ποτηρίῳ,ὑποκειμένῃ
1590 3567 1687 3637 μὲν
1729 3568 1964 3622 διαθέσει
1994 3570 2178 3641 κρείτ-

591 3669 727 3715 τονι,
753 3654 1184 3728 ἐνεργαζομένης
1203 3657 1263 3709 τὸ
1286 3658 1491 3728 βέλτιον
1509 3676 1522 3688 ο
1542 3659 1742 3730 χείρονι
1766 3661 1823 3714 δὲ
1847 3661 2179 3734 ἐμποιούσης

593 3743 656 3796 τὸ
679 3747 852 3815 κρῖμα
875 3763 888 3776 ·
923 3746 1064 3800 οὕτω
1092 3748 1152 3801 τὸ
1185 3748 1292 3802 ἀπὸ
1317 3749 1411 3802 τοῦ
1449 3750 1624 3822 Ἰησοῦ
1658 3751 1869 3822 ψωμίον
1915 3753 2178 3824 ὁμογενὲς

593 3831 663 3905 ἦν
707 3835 786 3906 τῷ
825 3837 1028 3892 δοθέντι
1072 3840 1166 3897 xci.
1207 3843 1320 3904 τοῖς
1367 3842 1574 3907 λοιποῖς
1623 3844 1944 3907 ἀποστόλοις
1973 3846 2029 3896 ἐν
2061 3843 2172 3916 τῷ·

595 3922 838 3987 Λάϐετε,
872 3925 1105 3996 φάγετε,
1129 3927 1243 3982 ἀλλ’
1267 3930 1494 3992 ἐκείνοις
1530 3933 1628 4004 μὲν
1661 3936 1742 3999 είς
1777 3935 2069 4006 σωτηρίαν,
2098 3935 2178 4006 τῷ

593 4012 655 4064 δὲ
699 4013 870 4084 Ἰούδᾳ
911 4018 992 4080 εἰς
1029 4021 1222 4089 κρῖμα,
1258 4021 1334 4083 ὼς
1371 4023 1512 4076 κατά
1550 4024 1611 4077 τὸ
1641 4025 1856 4096 ψωμίον
1897 4025 2176 4101 εἰσεληλυα

596 4104 748 4160 θὲναι
781 4109 859 4172 είς
892 4111 1050 4164 αὑτὸν
1085 4111 1175 4170 τὸν
1204 4113 1467 4168 Σατανᾶν.
1498 4115 1742 4175 Νοείσθω
1763 4118 1863 4172 δὲὸ
1890 4120 2052 4193 ἄρτος
2085 4123 2178 4176 καὶ

592 4199 656 4253 τὸ
691 4205 946 4274 ποτήριον
980 4207 1091 4268 τοῖς
1134 4206 1232 4276 μὲν
1265 4207 1654 4280 ἁπλουστέροις
1696 4212 1836 4268 κατὰ
1877 4212 1974 4284 τὴν
2005 4232 2179 4268 κοινο-

591 4293 760 4364 τέραν
795 4296 1042 4370 περὶτῆς
1073 4299 1434 4370 Εὐχαριστίας
1470 4301 1729 4372 ὲκδοχήν·
1763 4306 1876 4368 τοῖς
1912 4305 1969 4358 δὲ
2011 4305 2176 4376 βαθύ-

592 4398 752 4454 τερον
780 4386 997 4442 ἀκούειν
1029 4389 1392 4462 μεμαθηκόσι,
1438 4392 1577 4444 κατά
1612 4392 1708 4464 τὴν
1741 4393 2036 4467 θειοτέραν,
2083 4396 2176 4448 καὶ

2279 3202 2533 3255 virtutem
2559 3205 2925 3262 contraxerat,
2963 3195 3150 3251 itidem
3184 3205 3245 3251 ut
3279 3195 3435 3252 oiiula
3475 3212 3502 3248 a
3527 3194 3638 3249 Jesu
3670 3191 3787 3248 ludar

2277 3300 2547 3362 porrecta.
2586 3287 2838 3344 Fimbriae
2859 3296 3162 3351 contactus,
3205 3301 3310 3358 pro
3353 3286 3600 3357 tangentis
3633 3284 3787 3354 pietate

2278 3384 2362 3437 vel
2405 3381 2676 3452 nequitia,
2713 3380 2856 3434 utilis
2893 3394 3012 3434 esse
3044 3386 3294 3450 poterat,
3342 3380 3427 3434 vel
3465 3377 3653 3432 noxius.
3693 3371 3785 3428 Pari

2277 3489 2408 3545 ergo
2441 3473 2562 3542 jure
2586 3471 2811 3526 fimbrias
2840 3479 3146 3526 contactum
3166 3485 3291 3524 cum
3324 3470 3476 3540 panis
3499 3460 3787 3523 eucharistici

2278 3585 2372 3625 esu
2400 3581 2717 3637 comparare
2740 3565 3005 3636 Origenes
3030 3563 3244 3633 potuit;
3275 3569 3496 3630 utraque
3521 3559 3647 3613 enim
3671 3555 3715 3608 in
3739 3567 3788 3606 eo

2278 3659 2695 3723 conveniebant,
2725 3657 2866 3728 quod
2897 3671 2996 3726 pro
3027 3655 3302 3722 tangentis
3335 3662 3388 3708 et
3415 3650 3606 3707 edentis
3640 3645 3787 3702 habitu

2279 3752 2511 3809 salubris
2536 3751 2620 3806 vel
2649 3751 2905 3804 damnosa
2938 3761 3059 3802 esse
3087 3755 3376 3816 poterant;
3418 3745 3468 3798 in
3491 3741 3598 3796 aliis
3621 3739 3788 3793 discre-

2280 3840 2500 3910 pabant.‘
2529 3837 2588 3892 id
2619 3837 2663 3892 si
2692 3836 2929 3899 fecisset,
2959 3845 3192 3904 utraque
3212 3849 3349 3890 sane
3382 3833 3548 3888 dicere
3575 3826 3790 3899 potuisset

2278 3931 2539 4004 ὁμογενῆ,
2589 3943 2782 4000 nempe
2826 3927 3000 3998 quoad
3046 3926 3189 3980 illam
3232 3927 3344 3981 vim
3383 3936 3437 3980 et
3471 3918 3786 3981 eliicientiam;

2279 4041 2388 4080 non
2426 4022 2604 4094 quoad
2652 4029 2924 4077 naturam.
2974 4019 3117 4074 Idem
3164 4018 3318 4074 dicas
3354 4017 3418 4072 de
3449 4013 3584 4070 oifula
3614 4006 3786 4064 eucha-

2280 4116 2464 4172 ristico
2492 4115 2615 4184 pani
2653 4113 2973 4168 assimilata.
3018 4110 3232 4178 Alioqui
3279 4126 3400 4166 cum
3443 4106 3627 4164 ollulam
3659 4098 3789 4155 luds:

2278 4219 2582 4280 porrectam
2617 4207 2740 4276 pani
2774 4205 2848 4261 illi
2886 4221 2992 4276 quo
3028 4205 3196 4259 vitam
3230 4203 3570 4263 sustinemus,
3594 4192 3786 4250 similem

2279 4317 2399 4357 esse
2433 4301 2570 4355 dixit
2611 4299 2895 4368 Origenes,
2925 4298 3030 4352 hoc
3064 4305 3149 4351 est
3173 4295 3430 4368 ὁμογενῆ,
3476 4293 3523 4346 in
3551 4303 3606 4344 eo
3631 4294 3787 4351 nempe

2280 4394 2420 4462 quod
2448 4403 2506 4447 ut
2529 4392 2614 4446 illa
2641 4393 2866 4454 animae,
2897 4389 2976 4444 sic
3007 4389 3096 4444 ille
3135 4388 3349 4458 corpori
3380 4401 3472 4457 pro
3512 4373 3785 4438 comedentis

593 4481 724 4550 περὶ
751 4480 845 4534 τοῦ
879 4483 1148 4555 τροφίμου
1187 4485 1286 4556 τῆς
1325 4485 1584 4556 ἀληθείας
1613 4486 1782 4556 Λόγου
1806 4488 2138 4557 ἐπαγγελίαν
2157 4508 2170 4521 ο

2207 4495 2250 4550 D
2282 4485 2470 4540 habitu
2511 4483 2676 4538 robur
2707 4481 2999 4537 conciliare
3030 4489 3229 4549 potest,
3263 4479 3343 4534 vel
3391 4475 3649 4536 morbum;
3686 4479 3784 4520 con-

583 4569 672 4630 di;
703 4571 750 4621 εί
775 4573 832 4622 ὲν
859 4575 1256 4647 παραδείγματι
1283 4575 1489 4645 ἔλεγον,
1518 4577 1597 4630 ὅτι
1631 4579 1723 4630 καὶ
1751 4579 1779 4630 ὁ
1801 4579 1940 4631 κατά
1969 4578 2030 4630 τὸ
2063 4595 2168 4633 σω-

599 4661 826 4731 ματικὸν
867 4667 1276 4737 τροφιμώτατος
1316 4669 1480 4741 ἄρτος
1524 4669 1756 4742 πυρετὸν
1807 4670 1905 4741 μὲν
1949 4670 2170 4724 ὑποκεί-

581 4743 757 4825 ’μενον
811 4753 998 4820 αὔξει,
1058 4762 1136 4822 είς
1184 4761 1368 4828 ὑγείαν
1429 4763 1486 4816 δὲ
1545 4763 1640 4835 τὴν
1695 4762 1905 4828 εὐεξίαν
1955 4764 2166 4834 ἀνάγει.

581 4864 620 4897 -ι
646 4845 878 4901 Proinde
902 4848 1042 4902 haud
1089 4850 1379 4905 absurdum
1413 4854 1463 4906 in
1503 4855 1752 4922 praesenti
1806 4855 1925 4910 loco
1959 4855 2169 4910 dicere-

596 4946 703 5003 tur,
753 4941 894 5009 quod
944 4942 1135 5011 ut.qui
1168 4942 1383 5014 indigne
1419 4962 1605 5014 panem
1649 4945 1860 4999 Domini
1913 4947 2167 5014 comedit,

595 5030 673 5083 rel
731 5032 945 5086 calicem
1006 5033 1121 5104 ejus
1169 5033 1330 5098 bibit,
1386 5036 1443 5090 t'n
1475 5038 1744 5106 judicium
1793 5039 2075 5094 manduca:
2119 5051 2172 5095 et

595 5119 721 5172 bibit
751 5122 832 5186 ";
866 5124 917 5177 in
944 5138 1084 5193 pane
1118 5134 1172 5180 et
1218 5125 1389 5182 calice
1433 5142 1536 5181 una
1571 5131 1771 5184 virtute
1810 5130 2170 5199 praestantiori

595 5222 855 5278 operante
881 5213 1079 5269 bonum
1107 5216 1158 5269 iu
1183 5215 1324 5270 bono
1345 5216 1881 5283 aliectu'constituto,
1898 5221 1953 5274 in
1977 5219 2166 5275 affectu

597 5316 728 5354 vero
774 5304 913 5358 malo
945 5317 1204 5375 operante
1246 5311 1785 5380 cornlenmatiouem;
1835 5314 1914 5369 sic
1948 5311 2166 5368 ollulam

595 5411 624 5448 a
652 5394 778 5449 Jesu
805 5398 984 5451 datam
1015 5401 1259 5468 ejusdem
1287 5402 1501 5471 generis
1526 5401 1692 5459 luisse
1719 5420 1842 5460 cum
1867 5419 1930 5461 ea
1949 5445 1964 5470 ,
2004 5420 2165 5476 quam

593 5486 750 5543 Jesus
796 5489 943 5543 dedit
972 5493 1180 5548 caeteris
1227 5494 1509 5563 apostolis,
1561 5495 1689 5550 dum
1735 5497 1984 5553 diceret:
2015 5499 2168 5551 Acci-

577 5580 722 5649 pite,
757 5581 1010 5635 comedite
1044 5583 1126 5650 ";
1161 5585 1251 5640 sed
1289 5585 1397 5644 illis
1426 5587 1644 5658 quidem
1687 5587 1755 5644 ad
1790 5589 2038 5660 salutem,
2073 5588 2166 5646 Ju-

669 5779 714 5812 ⁹⁷
757 5779 929 5837 lCur.
963 5799 1037 5849 xu,
1063 5782 1152 5837 ‘29.
1229 5784 1272 5816 “3
1307 5784 1492 5843 Matth.
1527 5804 1672 5854 xm,
1708 5788 1798 5845 26.

2280 4579 2493 4632 clndam
2519 4576 2705 4646 utique
2729 4575 2918 4630 eadem
2942 4575 3142 4629 virtute
3167 4572 3367 4644 poilere
3395 4580 3573 4640 panem
3589 4568 3782 4617 nostrum

2280 4685 2387 4740 quo
2421 4669 2714 4735 vescimur,
2747 4684 2812 4723 ac
2836 4667 3056 4724 ollulam
3089 4665 3256 4730 illam,
3285 4663 3368 4719 cui
3391 4657 3681 4732 peculiarem
3702 4648 3780 4701 vim

2279 4771 2530 4817 contactu
2567 4777 2665 4817 suo
2691 4760 2942 4816 Christus
2978 4758 3172 4813 indidit
3205 4774 3218 4812 :
3251 4755 3390 4826 quod
3425 4759 3502 4807 est
3524 4741 3779 4802 absurdum.

2278 4852 2416 4920 Quid
2458 4853 2504 4907 si
2540 4862 2796 4921 praeterea
2829 4849 3045 4904 oli‘ulam
3074 4849 3218 4903 illam
3258 4846 3420 4901 fuisse
3449 4852 3622 4912 panem
3650 4833 3776 4930 ipsum

2277 4943 2698 4998 eueharisticum
2761 4938 2913 4994 Judae
2957 4949 3269 5008 porrectum
3325 4933 3594 5003 Origenem
3635 4928 3777 4978 existi-

2277 5051 2455 5090 masse
2504 5033 2783 5089 dicamus?
2837 5032 3085 5088 Profecto
3145 5032 3289 5117 locus
3348 5029 3446 5083 iste
3505 5015 3775 5117 contrarium

2275 5129 2408 5184 nihii
2473 5129 2634 5184 habet
2687 5127 2813 5182 huic
2874 5105 3411 5195 sententiae,'quam
3472 5127 3524 5173 et
3593 5105 3775 5202 Cyrillus

2272 5221 2328 5274 in
2353 5220 2515 5275 Joan.
2557 5234 2634 5283 vr,
2664 5226 2715 5274 et
2749 5216 3072 5272 Anastasius
3100 5216 3306 5272 Sinaita
3341 5210 3486 5268 Orat.
3531 5205 3597 5259 De
3628 5207 3775 5294 ινηιξπξ

2273 5308 2506 5380 amplexi
2570 5317 2716 5363 sunt.
2760 5307 2814 5362 Id
2851 5308 2896 5362 si
2959 5307 3064 5373 sit,
3112 5307 3268 5378 plane
3309 5299 3579 5374 ὁμογενεῖς
3620 5289 3774 5345 iuerint

2275 5401 2676 5457 eucharisticus
2745 5401 2902 5472 panis
2957 5410 3013 5457 et
3065 5398 3226 5455 offula
3271 5395 3416 5452 Judae
3463 5391 3699 5463 partem.
3733 5380 3772 5427 ⁸⁸

2271 5493 2450 5564 quoad
2485 5490 2824 5548 ellicientiam
2845 5531 2862 5558 ,
2895 5502 2950 5547 et
2979 5489 3154 5562 quoad
3187 5496 3450 5543 naturam.
3519 5568 3548 5574 η
3617 5562 3642 5574 Α.

2342 5586 2534 5645 Parem
2577 5587 2966 5658 propemodum
3015 5582 3384 5640 adhibebimus
3419 5565 3770 5642 explicationem
