4068 6308
343 346 479 404 1085

1179 345 1749 404 ORIGENIANORUM
1786 346 1914 403 LIB.
1955 347 2021 412 Π,
2061 345 2212 403 CAP.
2252 346 2316 411 Il,
2357 346 2635 414 QUAEST.
2675 346 2818 401 XIV.

3431 339 3567 396 £086

344 461 447 516 loci
472 444 694 517 alterius
709 477 774 518 ex
804 461 989 524 homilp.
1012 461 1045 516 7
1068 463 1121 517 in
1146 460 1331 526 Leuit,
1358 463 1707 532 num.l,quo
1731 464 1904 530 agitur
1931 468 1974 525 Α
2010 463 2177 517 fuisse
2220 454 2398 517 vinum
2448 478 2555 533 quo
2601 462 2849 517 Christus
2892 458 3151 515 abstinuit
3198 477 3249 513 in
3297 468 3570 528 postrema

337 551 405 606 de
446 563 712 631 praecepto
735 555 957 627 Aaroni,
983 565 1038 610 et
1073 553 1445 609 sacerdotibus
1486 555 1703 619 tradito,
1739 569 1806 608 ne
1834 554 1899 607 ad

338 641 511 697 altare
546 647 817 699 accessuri
861 646 1043 699 viuum
1091 644 1353 703 biberent.
1404 647 1669 713 Quoniam
1722 656 1901 699 autem

322 726 423 789 lex
451 745 532 789 est
560 740 747 791 umbra
796 740 1093 791 mturorum
1132 738 1480 802 bonorum”,
1501 739 1627 807 quid
1660 738 1762 791 hac
1790 736 1904 806 lege

335 828 675 899 signiﬁcetur
717 839 1077 899 perscrutans
1132 828 1399 898 Origenes
1440 829 1710 883 Christum
1762 830 1904 882 hunc

335 934 460 975 esse
500 920 814 981 Pontiﬂcem
845 919 1060 973 censuit
1092 958 1106 985 ,
1150 923 1461 974 sacerdotes
1500 920 1804 989 apostolos,
1850 928 1905 975 et

333 1012 611 1073 Christum
650 1002 861 1081 quidem
898 1027 1021 1065 cum
1072 1012 1136 1064 ad
1189 1012 1389 1076 altare,
1439 1027 1660 1066 crucem
1712 1026 1903 1082 nempe

329 1114 480 1164 esset
511 1116 857 1166 accessurus,
901 1103 953 1155 in
988 1116 1236 1170 suprema
1271 1116 1425 1156 cmna
1455 1103 1638 1156 vinum
1686 1104 1901 1172 quidem

336 1209 444 1247 non
489 1193 692 1247 bibisse
718 1194 956 1263 putavit,
986 1192 1347 1271 hisinductus
1379 1193 1558 1247 verbis
1590 1193 1754 1248 Marci
1788 1210 1898 1258 xw,

326 1282 405 1349 25
435 1303 449 1340 :
476 1287 637 1339 Amen
668 1287 783 1338 dico
811 1286 973 1348 vobis,
1026 1285 1147 1355 quia
1175 1285 1287 1354 jam
1338 1302 1441 1339 non
1491 1286 1662 1340 bibam
1711 1288 1774 1339 de
1804 1288 1899 1340 hoc

328 1379 587 1449 genimiue
618 1378 760 1442 vitis,
794 1395 954 1447 usque
976 1378 1028 1430 in
1052 1380 1186 1431 diem
1217 1378 1388 1442 illum,
1415 1395 1531 1431 cum
1562 1380 1694 1432 illud
1728 1381 1897 1433 bibam

329 1486 521 1524 nouunt
562 1471 613 1524 in
646 1486 801 1539 regno
828 1467 1007 1524 Patris
1037 1471 1133 1523 mei
1170 1487 1188 1523 :
1219 1471 1491 1539 apostolos
1538 1487 1662 1527 vero
1688 1472 1898 1530 bibisse

328 1564 540 1628 vinum,
557 1563 683 1631 quia
706 1563 940 1616 nondum
959 1563 1023 1615 ad
1046 1562 1215 1616 altare
1236 1564 1414 1617 crucis
1430 1573 1583 1617 erant
1603 1565 1895 1620 accessuri.

329 1658 409 1711 En
440 1658 533 1711 tibi
559 1659 671 1725 ipsa
692 1658 854 1711 verba
882 1674 894 1710 :
919 1654 1237 1711 «Videamus
1258 1658 1525 1735 quomodo
1545 1659 1595 1711 id
1619 1672 1744 1712 vero
1765 1658 1895 1712 Pon-

330 1748 464 1802 tilici
491 1748 708 1803 Christo
738 1748 963 1803 Domino
985 1760 1171 1803 nostro
1188 1790 1203 1814 ,
1226 1759 1281 1802 et
1302 1749 1672 1804 sacerdotibus
1693 1750 1811 1819 ejus
1837 1766 1900 1804 ac

2005 570 2178 619 ccena,
2222 556 2348 609 vino
2389 556 2532 625 quod
2577 569 2697 609 cum
2742 553 3043 623 publicanis
3095 561 3149 605 et
3195 552 3567 621 peccatoribus

2005 647 2160 700 bibit.
2192 646 2514 717 Respondeo
2543 647 2674 701 satis
2706 645 2869 699 fuisse
2915 644 3155 714 Origeni,
3186 654 3331 698 recte
3360 643 3567 697 institui

2004 753 2161 805 posse
2190 740 2646 807 comparationem
2665 737 2847 790 vinum
2868 737 3009 792 inter
3030 738 3282 801 Aaronis,
3307 746 3361 791 et
3386 737 3569 790 vinum

2003 845 2032 882 a
2066 830 2282 884 Christo
2309 833 2422 886 sive
2450 838 2666 900 epotum
2700 832 2751 884 in
2778 830 2900 883 vita:
2931 833 3158 885 decursu
3185 846 3306 884 cum
3334 830 3573 899 publica-

2005 922 2087 976 nis
2125 930 2181 975 et
2210 924 2610 992 peccatoribus,
2645 924 2759 979 sive
2792 939 2896 977 non
2927 933 3138 992 potum,
3171 922 3265 975 sed
3298 922 3575 991 discipulis

2007 1012 2262 1066 traditum
2296 1014 2347 1067 in
2379 1013 2567 1069 ultima
2598 1028 2773 1069 cinna.
2812 1013 2945 1067 Nam
2981 1014 3227 1083 quamvis
3263 1014 3365 1067 hoc
3392 1014 3572 1081 specie

2005 1111 2213 1157 tantum
2248 1112 2391 1159 esset
2437 1106 2643 1171 viuum,
2680 1121 2868 1162 revera
2901 1115 3046 1161 esset
3074 1105 3274 1160 Christi
3314 1105 3569 1173 sanguis;

2007 1193 2135 1248 illud
2162 1210 2293 1249 vero
2320 1205 2375 1251 et
2403 1198 2585 1267 specie
2614 1206 2671 1252 et
2694 1213 2754 1252 re
2785 1199 2967 1252 vinum
2998 1206 3161 1261 esset,
3194 1212 3298 1250 non
3324 1196 3377 1250 in
3408 1210 3474 1250 eo
3500 1198 3574 1251 si-

2003 1286 2361 1341 militudinem
2388 1289 2659 1359 quaesivit,
2688 1289 2771 1344 vel
2803 1304 3043 1359 quaerere
3078 1290 3264 1343 debuit
3288 1290 3569 1359 Origenes,

2002 1378 2143 1448 quod
2175 1389 2484 1450 utrumque,
2514 1383 2699 1435 vinum
2726 1389 2871 1435 esset
2898 1380 2982 1434 vel
3015 1394 3092 1445 re,
3127 1380 3207 1433 vel
3240 1383 3441 1450 specie,
3473 1381 3569 1434 sed

2004 1470 2057 1525 in
2086 1486 2150 1527 eo
2185 1476 2326 1541 quod
2360 1473 2449 1525 illo
2481 1488 2800 1528 accessurus
2828 1472 2893 1525 ad
2921 1472 3090 1527 altare
3116 1472 3364 1526 Christus
3403 1472 3572 1526 absti-

2003 1563 2202 1629 nuerit,
2229 1562 2355 1616 illud
2381 1578 2484 1617 non
2510 1578 2827 1619 accessurus
2853 1566 2919 1619 ad
2941 1565 3110 1617 altare
3138 1564 3364 1618 biberit:
3388 1579 3575 1633 quem-

2001 1655 2286 1709 admodum
2315 1653 2525 1709 Veteris
2542 1654 2873 1711 Testamenti
2902 1656 3025 1709 vino
3060 1656 3407 1710 abstinebant
3435 1673 3574 1726 pnn-

2004 1746 2179 1802 tiﬁces
2213 1756 2268 1801 et
2296 1747 2601 1803 sacerdmes
2629 1747 2900 1802 accessuri
2933 1747 2999 1800 ad
3034 1745 3226 1810 altare,
3273 1748 3412 1803 idem
3445 1764 3574 1803 vero

330 1840 478 1904 ﬁliis,
499 1840 696 1903 nostris
717 1856 845 1895 vero
863 1841 1115 1911 apostolis
1138 1841 1400 1910 possimus
1417 1841 1898 1909 aptare,etc.Quae-
2004 1856 2108 1895 non
2139 1840 2409 1895 accessuri
2442 1839 2508 1893 ad
2544 1839 2714 1893 altare
2743 1840 3019 1895 bibebant.

332 1938 501 1989 rimus
535 1949 661 2014 ergo
699 1936 966 2012 quomodo
1002 1936 1259 1992 Dominus
1302 1945 1356 1991 et
1400 1936 1646 1991 Salvator
1690 1948 1894 2005 noster,

329 2031 422 2099 qui
446 2037 526 2082 est
548 2041 707 2082 verus
737 2027 1006 2097 Pontifex,
1032 2044 1155 2083 cum
1182 2028 1461 2099 discipulis
1491 2029 1623 2092 suis,
1656 2028 1745 2097 qui
1778 2037 1903 2083 sunt

330 2105 445 2173 veri
486 2120 791 2173 sacerdotes
820 2159 836 2183 ,
877 2129 1167 2188 antequam
1198 2120 1418 2173 accedat
1468 2120 1532 2173 ad
1565 2120 1736 2173 altare
1768 2118 1898 2190 EDei,

330 2206 482 2262 bibat
501 2210 719 2273 vinum;
749 2224 871 2261 cum
895 2222 1022 2263 vero
1044 2209 1303 2263 accedere
1325 2208 1570 2277 cmperit,
1602 2223 1707 2263 non
1735 2208 1900 2263 bibat.

332 2303 568 2358 Venerat
597 2304 647 2357 in
675 2303 821 2359 hunc
854 2305 1108 2358 mundum
1146 2302 1415 2370 Salvator,
1450 2312 1506 2355 ut
1537 2318 1632 2371 pro
1663 2303 1902 2368 peccatis

330 2397 532 2451 nostris
570 2410 790 2450 carnem
837 2411 987 2450 suam
1023 2395 1243 2451 oll'erret
1296 2393 1532 2449 hostiam
1579 2394 1707 2449 Deo.
1751 2393 1901 2449 Hanc

322 2486 640 2565 priusquam
670 2485 907 2551 offerret,
941 2486 1081 2541 inter
1113 2486 1573 2556 dispensationem
1609 2501 1789 2540 moras
1818 2484 1901 2540 vi-

326 2592 458 2637 num
496 2579 709 2633 bibebat
752 2597 765 2633 :
806 2579 1043 2650 denique
1087 2580 1372 2635 dicebatur
1406 2579 1565 2631 homo
1611 2592 1800 2642 vorax,
1846 2588 1902 2632 et

325 2670 440 2723 vini
471 2680 707 2740 potator,
730 2672 943 2726 amicus
969 2670 1379 2749 publicanorum
1408 2679 1462 2724 et
1484 2678 1829 2741 peccatorum
1856 2668 1896 2724 ⁸.

322 2757 428 2815 Ubi
464 2776 591 2815 vero
623 2772 834 2831 tempus
869 2762 1084 2816 advenit
1125 2762 1305 2817 crucis
1335 2777 1467 2828 suae,
1495 2770 1551 2816 et
1582 2776 1901 2817 accessurus

323 2860 443 2903 erat
484 2852 549 2903 ad
588 2850 763 2905 altare
803 2852 891 2904 ubi
932 2844 1237 2904 immolaret
1275 2851 1503 2905 hostiam
1551 2850 1732 2904 carnis
1771 2864 1901 2914 suae,

323 2942 622 3011 Accipiens,
655 2942 851 3010 inquit,
900 2942 1135 3007 calicem,
1167 2941 1426 2994 benedixit
1466 2949 1512 2994 et
1560 2940 1701 2993 dedit
1735 2942 1899 2995 disci-

318 3034 466 3109 palis
516 3035 645 3098 suis,
685 3034 861 3087 dicens
898 3049 913 3086 :
948 3032 1180 3101 Accipite
1209 3042 1256 3086 et
1297 3032 1452 3085 bibite
1483 3048 1548 3085 ea:
1569 3033 1664 3086 hoc
1685 3034 1729 3088 ².
1768 3031 1896 3100 Vos,

321 3125 520 3195 inquit,
562 3127 748 3191 bibite,
781 3126 871 3195 qui
904 3126 1065 3179 modo
1100 3127 1372 3180 accessuri
1415 3138 1519 3179 nou
1547 3126 1679 3180 estis
1713 3126 1779 3180 ad
1813 3128 1891 3179 al-
1929 3155 1971 3211 ο

324 3229 462 3273 tare.
503 3218 619 3287 lpse
646 3226 822 3273 autem
854 3230 1107 3288 tanquam
1140 3232 1463 3272 accessurus
1493 3218 1558 3271 ad
1592 3218 1783 3282 altare,
1816 3218 1897 3272 di-

324 3311 403 3364 cit
430 3310 494 3363 de
520 3324 578 3363 se
602 3327 617 3363 :
647 3310 807 3362 Amen
836 3312 954 3363 dico
983 3310 1147 3375 vobis,
1181 3310 1304 3378 quia
1333 3324 1433 3360 non
1458 3307 1628 3360 bibam
1658 3307 1721 3360 de
1746 3323 1899 3376 gene-

325 3404 529 3457 ratione
573 3404 690 3455 vitis
737 3402 917 3472 hujus,
952 3418 1216 3472 usquequo
1264 3402 1435 3453 bibam
1466 3400 1600 3452 illud
1637 3402 1898 3455 vobiscum

327 3510 514 3550 novum
548 3496 601 3548 in
623 3511 778 3563 regno
801 3495 977 3547 Putris
1018 3494 1207 3548 rnei‘.»
1249 3492 1386 3547 Hinc
1420 3494 1730 3552 Albertinus
1762 3493 1897 3547 elﬁci

327 3596 482 3659 putat
522 3586 723 3641 Christi
776 3583 1067 3654 discipulos
1115 3600 1322 3638 merum
1369 3586 1553 3639 vinum
1604 3585 1658 3645 in
1713 3584 1902 3638 ultima

326 3694 484 3734 caena
535 3678 756 3743 bibisse,
793 3678 1241 3754 quemadmodum
1293 3678 1473 3731 Aaron
1509 3686 1562 3731 et
1591 3679 1902 3731 sacerdotes

328 3773 400 3825 ad
430 3769 600 3825 altare
624 3788 727 3825 non
754 3769 1025 3825 accessuri
1050 3783 1255 3823 merum
1278 3770 1457 3823 vinum
1483 3768 1767 3834 bibebant;
1803 3782 1901 3822 nec

329 3879 528 3934 capere
558 3880 614 3918 se
648 3863 777 3917 dicit
809 3863 936 3930 quid
962 3871 1148 3916 contra
1176 3877 1448 3931 opponere
1473 3861 1762 3931 possimus.
1795 3859 1900 3915 Re-

326 3957 567 4026 spondeo
595 3972 725 4011 vero
748 3955 1059 4025 Origenem,
1085 3969 1206 4008 cum
1232 3954 1563 4009 existimavit
1587 3963 1741 4007 vetus
1769 3952 1898 4006 illud

327 4047 556 4102 Levitici
595 4057 942 4117 praeceptum,
985 4060 1091 4115 quo
1135 4045 1375 4115 pontiﬁci
1424 4055 1480 4099 et
1526 4043 1897 4099 sacerdotibus

332 4141 403 4200 ad
438 4139 607 4194 altare
649 4140 948 4193 accessuris
1000 4138 1122 4192 vino
1166 4138 1610 4200 interdicebatur,
1652 4136 1899 4189 umbram

326 4243 518 4292 eorum
557 4231 723 4285 fuisse
762 4246 878 4299 qua:
908 4230 1123 4284 Christo
1163 4238 1216 4284 et
1249 4228 1504 4298 apostolis
1530 4228 1893 4296 contigerunt,

329 4325 548 4396 quando
593 4325 681 4379 ille
715 4326 780 4377 ad
816 4324 985 4377 altare
1014 4322 1192 4377 crucis
1223 4335 1542 4375 accessurus
1572 4320 1701 4374 vino
1732 4318 1898 4372 absti-

329 4418 471 4483 nuit,
504 4416 559 4470 bi
590 4431 719 4470 vero
753 4416 987 4469 nondum
1019 4413 1085 4466 ad
1114 4412 1293 4466 crucis
1322 4409 1489 4463 altare
1517 4409 1781 4464 accessuri
1821 4408 1900 4461 vi-

2073 1932 2257 1986 Tenue
2302 1945 2432 1985 vero
2476 1939 2530 1984 et
2573 1929 2845 1984 inﬁrmum
2882 1932 3027 1986 tertii
3064 1931 3164 1987 loci
3195 1930 3379 1998 robur,
3411 1947 3574 2002 quem

2003 2039 2033 2079 e
2073 2023 2301 2095 Prologo
2350 2025 2405 2077 in
2457 2022 2733 2076 Canticum
2776 2022 2979 2092 profert
3029 2024 3362 2080 Albertinus.
3411 2022 3469 2079 In
3512 2039 3577 2078 co

2005 2118 2238 2173 hominis
2296 2118 2608 2182 exterioris,
2665 2116 2912 2184 corporis
2974 2117 3241 2183 nimirum,
3298 2120 3573 2188 proprium

2003 2210 2287 2279 quemdam
2328 2224 2448 2263 esse
2482 2207 2659 2263 cibum
2696 2206 2890 2261 scribit
2920 2206 3203 2279 Origenes,
3251 2224 3575 2280 corporeum

2005 2302 2210 2355 scilicet
2260 2309 2313 2355 et
2356 2310 2628 2355 terrenum
2677 2316 2691 2353 :
2743 2301 3023 2356 interioris
3064 2317 3192 2358 vero
3240 2302 3474 2358 hominis
3518 2314 3576 2359 et

2004 2390 2300 2460 spiritualis
2348 2394 2623 2461 proprium
2674 2406 2888 2462 quoque
2942 2406 3063 2447 esse
3107 2394 3327 2455 cibum;
3381 2410 3576 2463 panem

2006 2481 2406 2550 nempevivum
2439 2482 2530 2551 qui
2573 2482 2641 2536 de
2672 2481 2812 2535 male
2844 2482 3144 2537 descendit.
3191 2482 3296 2538 Sed
3336 2485 3450 2553 ipsa
3485 2501 3577 2539 re-

2003 2583 2247 2642 petamus
2273 2575 2437 2628 verba
2469 2589 2586 2643 qua
2609 2581 2823 2627 exstant
2848 2587 2967 2642 pag.
3005 2573 3110 2628 28:
3141 2592 3161 2626 ι
3197 2576 3289 2630 Est
3323 2578 3581 2630 materia-

2004 2664 2069 2718 lis
2099 2665 2255 2732 hujus
2288 2665 2547 2729 hominis,
2581 2664 2673 2735 qui
2702 2673 2757 2718 et
2781 2667 3021 2719 exterior
3051 2665 3373 2736 appellatur,
3395 2667 3574 2731 cibus,

2002 2765 2266 2826 potusque
2295 2765 2502 2809 natura:
2524 2770 2633 2809 sua:
2656 2764 2917 2824 cognatus
2933 2770 3226 2826 corporeus
3246 2758 3346 2813 iste
3368 2758 3579 2813 scilicet

2002 2858 2056 2902 et
2105 2857 2374 2902 terrenus.
2426 2848 2688 2903 Similiter
2728 2857 2906 2902 autem
2947 2859 3003 2903 et
3043 2849 3302 2920 spiritalis
3343 2850 3578 2906 hominis

2005 2939 2194 3009 ipsius,
2233 2939 2324 3007 qui
2374 2950 2428 2994 et
2472 2940 2701 2995 interior
2742 2942 2962 3006 dicitur,
3000 2950 3082 2995 est
3116 2942 3366 3011 pr0prius
3401 2943 3577 3011 cibus,

2002 3034 2060 3078 ut
2092 3024 2243 3092 panis
2277 3023 2361 3077 ille
2400 3024 2552 3079 vivus
2587 3026 2677 3093 qui
2711 3026 2779 3080 de
2818 3026 2958 3081 cuclo
2991 3025 3338 3081 descendit‘.
3386 3027 3493 3081 Sed
3528 3038 3582 3084 et

2004 3127 2163 3184 potus
2213 3115 2300 3169 ille
2338 3125 2417 3170 est
2461 3131 2529 3170 ex
2577 3117 2667 3171 illa
2696 3132 2837 3186 aqua
2881 3133 3044 3187 quam
3096 3118 3363 3188 promittit
3395 3118 3575 3183 Jesus,

2004 3208 2229 3263 dicens:
2271 3209 2585 3277 Quicunque
2630 3210 2816 3263 biberit
2860 3226 2924 3263 ea:
2965 3214 3065 3264 hac
3105 3228 3244 3278 aqua
3291 3229 3448 3281 quam
3484 3231 3578 3283 ego

2003 3301 2071 3353 do
2101 3300 2169 3366 ei,
2207 3317 2311 3353 non
2347 3302 2486 3354 sitiet
2511 3302 2564 3354 in
2596 3314 2848 3354 wternum
2877 3302 2919 3355 ⁸.
2966 3302 3057 3356 Sic
3088 3318 3217 3371 ergo
3263 3320 3359 3374 per
3396 3308 3577 3359 omnia

2004 3390 2299 3446 similitudo
2323 3392 2540 3461 quidem
2565 3393 2946 3446 vocabulorum
2973 3395 3265 3448 secundum
3290 3404 3580 3466 utrumque

2002 3482 2272 3535 hominem
2308 3481 2555 3552 ponitur;
2584 3496 2762 3534 rerum
2795 3496 2923 3535 vero
2953 3484 3256 3554 proprietas
3286 3485 3576 3553 unicuique

1999 3571 2233 3627 discreta
2262 3584 2533 3637 versatur,
2566 3581 2622 3626 et
2663 3575 2996 3642 corruptibili
3027 3575 3403 3644 corruptibilia
3437 3592 3576 3646 pra:-

2002 3665 2237 3732 beutur;
2288 3665 2685 3736 incorruptibili
2732 3682 2861 3720 vero
2906 3667 3337 3736 iucorruptibilia
3382 3682 3580 3737 propo-

2002 3766 2221 3811 nuntur.
2249 3756 2400 3813 Unde
2425 3761 2695 3815 acciditut
2715 3760 3071 3830 simpliciores
3092 3760 3308 3829 quidam
3334 3760 3580 3814 nescien-

2004 3855 2083 3900 tes
2110 3846 2439 3918 distinguere
2465 3864 2529 3904 ac
2551 3863 2834 3905 secernere
2857 3865 2978 3920 qua:
3002 3850 3113 3905 sint
3152 3864 3273 3919 quae
3330 3849 3382 3904 in
3424 3850 3577 3904 Scri-

2005 3938 2177 4009 pturis
2232 3940 2427 3996 divinis
2466 3941 2712 3997 interiori
2745 3943 2967 4006 homini,
3003 3957 3122 4011 qua:
3154 3957 3284 3995 vero
3322 3942 3576 3997 exteriori

2000 4033 2301 4101 deputanda
2349 4034 2478 4100 sint,
2534 4034 2916 4089 vocabulorum
2962 4034 3403 4089 similitudinibus
3454 4034 3577 4089 falsi

2000 4125 2065 4177 ad
2112 4125 2319 4194 ineptas
2362 4128 2620 4194 quasdam
2653 4126 2860 4181 fabulas
2907 4138 2962 4181 et
2993 4127 3244 4196 ligineu'ta
3294 4128 3474 4181 inania
3518 4142 3577 4181 se

2000 4217 2350 4284 contulerint,
2384 4231 2441 4273 ut
2470 4220 2632 4274 etiam
2662 4231 2780 4289 post
2810 4221 3259 4274 resurrectionem
3293 4222 3429 4275 cibis
3454 4235 3578 4274 cor-

2000 4309 2274 4379 poralibus
2306 4311 2560 4365 utendum
2593 4312 2897 4378 crederent,
2929 4320 3218 4381 potumque
3251 4312 3573 4366 sumendum

2002 4417 2106 4456 non
2152 4402 2324 4456 solum
2356 4417 2422 4456 ex
2457 4403 2544 4455 illa
2576 4402 2684 4456 vite
2721 4418 2846 4457 vera
2898 4413 2952 4457 et
3002 4404 3215 4456 vivente
3254 4401 3307 4456 itt
3357 4402 3574 4468 saecula,

330 4526 459 4573 num
491 4511 761 4577 biberunt,
788 4509 837 4562 id
863 4508 962 4561 sibi
986 4505 1235 4568 voluisse,
1263 4503 1442 4556 vinum
1466 4501 1698 4555 Aaronis
1732 4511 1786 4554 et
1815 4515 1902 4555 sa-
1931 4497 1976 4553 D
2007 4509 2192 4547 verum
2225 4500 2279 4547 et
2308 4507 2374 4547 ex
2406 4492 2487 4546 his
2518 4492 2713 4546 vitibus
2730 4504 2782 4546 et
2804 4492 3067 4546 fructibus
3098 4491 3249 4559 ligni.
3288 4512 3307 4545 ι
3339 4492 3574 4548 Tantum

280 4614 283 4625 λ
330 4608 610 4663 cerdotum
656 4606 708 4659 in
761 4617 824 4656 eo
865 4599 1097 4672 ὁμογενῆ
1145 4598 1311 4652 fuisse
1360 4595 1726 4650 eucharistieo
1770 4593 1899 4647 vino

330 4700 532 4756 Christi
584 4708 638 4753 et
679 4694 1067 4767 apostolorum,
1111 4692 1257 4767 quod
1301 4699 1529 4757 utroque
1561 4686 1902 4742 abstinerent

329 4795 425 4862 qui
473 4788 746 4845 accessuri
786 4794 940 4841 erant
971 4786 1038 4837 ad
1073 4784 1266 4845 altare,
1310 4783 1378 4837 ab
1411 4783 1477 4837 iis
1510 4797 1639 4836 vero
1669 4781 1757 4851 qui
1795 4794 1900 4835 non

331 4892 513 4937 essent
540 4880 811 4935 accessuri
842 4878 908 4931 ad
934 4878 1102 4931 altare
1132 4889 1419 4944 utrumque
1450 4876 1760 4939 biberetur;
1794 4887 1900 4942 qua

333 4979 400 5030 de
440 4990 496 5027 re
536 4972 742 5028 scilicet
785 4971 885 5025 hoc
930 4970 1047 5023 loco
1092 4969 1400 5038 agebatur;
1454 4967 1507 5019 in
1558 4965 1684 5024 aliis
1721 4973 1899 5018 autem

334 5067 501 5122 fuisse
526 5063 833 5135 ἑτερογενῆ,
857 5077 919 5116 ac
950 5061 1004 5114 in
1035 5076 1099 5113 eo
1131 5060 1397 5128 praecipue
1421 5057 1562 5125 quod
1592 5054 1820 5110 Aaronis
1846 5060 1901 5107 et

334 5136 701 5215 sacerdotum,
736 5140 942 5220 viuum,
991 5167 1195 5206 merum
1235 5160 1379 5205 esset
1425 5150 1651 5214 vinum;
1700 5145 1899 5200 Christi

332 5267 465 5309 vero
492 5259 547 5307 et
572 5248 980 5319 discipulorum,
1011 5244 1188 5313 specie
1214 5244 1494 5302 duntaxat,
1528 5239 1748 5308 Urgebit
1776 5251 1901 5291 vero

331 5342 528 5413 aliquis
561 5317 745 5394 dicens
790 5336 935 5391 nulla
972 5335 1058 5391 hic
1098 5343 1223 5387 nota
1260 5331 1514 5401 distingui
1553 5330 1734 5382 vinum
1769 5317 1947 5382 illud“

327 5421 475 5508 quod
508 5450 627 5488 cum
658 5429 957 5500 publicanis
985 5437 1038 5482 et
1066 5424 1439 5495 peccatoribus
1491 5420 1709 5477 bibebat
1740 5419 1901 5474 Citri-

327 5539 472 5591 stus,
504 5524 571 5586 ab
602 5539 667 5579 eo
700 5523 823 5575 vino
854 5534 961 5589 quo
1001 5518 1054 5572 in
1075 5516 1262 5569 ultima
1302 5527 1455 5569 ecetra
1488 5508 1900 5573 abstinuit,rsed

326 5632 620 5689 utrumque
651 5614 845 5687 opponi
892 5612 1020 5667 vino
1065 5607 1320 5672 Aaronis,
1353 5621 1417 5661 ac
1458 5603 1686 5676 proinde
1722 5599 1899 5656 sitniic

398 5742 442 5774 "
472 5741 635 5795 llebt‘.
666 5757 716 5805 κ,
750 5740 800 5795 l.
910 5740 923 5769 ‘
967 5736 1152 5792 Matth.
1194 5750 1270 5799 xl,
1306 5732 1390 5788 l9.

328 5851 413 5905 tv.
462 5835 546 5898 lii.

1471 5729 1487 5762 ί
1516 5728 1702 5792 Matth.
1737 5743 1879 5792 sum,
1908 5724 1999 5788 23:
2045 5723 2064 5756 ³
2093 5722 2260 5786 Marc.
2299 5739 2412 5792 xlv,
2450 5722 2541 5788 25.

2006 4586 2158 4640 abest
2194 4596 2249 4641 ut
2288 4587 2412 4641 hinc
2449 4586 2647 4654 aliquid
2676 4602 2772 4655 pro
2801 4601 2898 4641 sua
2932 4601 3093 4640 causa
3126 4587 3381 4658 colligere
3408 4591 3578 4658 possit

2006 4677 2340 4742 Albertinus,
2372 4686 2430 4731 ut
2459 4677 2541 4732 vel
2573 4678 2738 4748 ipsius
2764 4675 3005 4747 opinioni
3033 4680 3366 4732 contrarium
3395 4680 3446 4733 id
3483 4694 3578 4747 po-

2009 4769 2115 4822 tius
2146 4779 2199 4821 et
2228 4768 2594 4822 adversarium
2636 4769 2740 4833 sit;
2774 4768 2855 4822 vel
2887 4777 3035 4823 certe
3075 4785 3173 4839 pro
3203 4781 3390 4825 neutra
3426 4781 3578 4841 parte

2006 4870 2225 4931 pugnet.
2261 4861 2463 4931 Duplex
2488 4861 2751 4930 siquidem
2778 4862 2951 4928 cibus,
2983 4863 3177 4933 duplex
3201 4878 3327 4918 esus
3354 4864 3575 4917 interio-

2008 4957 2083 5011 ris
2112 4955 2346 5011 hominis
2375 4954 2592 5025 iutelligi
2624 4964 2845 5024 potest:
2876 4957 2958 5011 vel
2988 4972 3114 5011 esus
3142 4955 3573 5019 sacramentalis,

2004 5065 2131 5103 cum
2162 5049 2361 5103 Christi
2398 5063 2592 5116 corpus
2625 5063 2720 5102 ore
2764 5048 3086 5118 recipimus;
3118 5047 3199 5100 vel
3248 5046 3404 5111 alter,
3452 5061 3572 5100 cuin

1964 5172 1967 5177 -
2008 5139 2243 5195 Verbum
2275 5155 2492 5193 carnem
2513 5139 2714 5194 factum
2744 5141 2846 5194 [Ide
2865 5138 3313 5208 apprehendimus
3340 5145 3393 5190 et
3423 5152 3576 5191 com-

2002 5233 2237 5297 edimus,
2278 5246 2507 5301 quorum
2552 5243 2777 5300 uterque
2824 5231 2999 5300 capite
3048 5228 3271 5283 Joannis
3303 5240 3455 5284 sexto
3480 5244 3575 5283 ex-

2007 5328 2255 5399 ponitur;
2290 5329 2376 5381 hic
2403 5326 2616 5396 quidem
2656 5340 2686 5379 a
2718 5340 2873 5379 versu
2908 5325 2970 5381 51
3018 5326 3082 5378 ad
3117 5326 3229 5378 luec
3259 5328 3418 5379 verba
3449 5339 3575 5378 ver-

2009 5434 2101 5473 sus
2128 5416 2238 5471 52:
2275 5416 2339 5470 Et
2362 5420 2515 5486 panis
2552 5430 2702 5485 quem
2732 5430 2823 5482 ego
2866 5416 3039 5480 dabo;
3084 5414 3172 5468 ille
3211 5428 3338 5467 vero
3381 5414 3448 5467 ab
3493 5413 3577 5466 his

1956 5542 1963 5549 ι
2007 5507 2188 5562 verbis
2227 5508 2293 5562 ad
2333 5522 2550 5562 versum
2594 5505 2683 5560 59.
2731 5504 2787 5559 Si
2816 5518 2940 5557 esus
2964 5504 3055 5558 ille
3099 5502 3438 5571 intelligitur,
3468 5516 3576 5570 quo

2008 5597 2241 5655 Verbum
2271 5614 2491 5655 carnem
2530 5600 2732 5654 factum
2764 5599 2869 5655 ﬁde
2898 5597 3250 5664 comedimus,
3290 5594 3418 5666 quid
3453 5595 3578 5651 inde

2667 5720 2686 5754 "
2726 5719 2879 5781 Joan.
2929 5735 3007 5789 vt,
3035 5717 3231 5785 “,51.
3354 5715 3377 5749 ‘
3416 5711 3574 5775 Joan.
