4068 6308
579 343 720 400 1087

1850 347 1911 404 Ρ.
1952 341 2269 398 DANIELIS
2302 342 2532 398 HUETII

3688 342 3833 398 1088

574 459 793 516 efﬁcere
823 459 995 529 possit
1020 459 1355 524 Albertinus,
1387 475 1490 515 non
1522 461 1695 519 video.
1732 462 1987 518 Fatcmur
2005 465 2147 518 enim
2178 466 2224 522 Δ
2252 471 2333 517 est
2368 462 2612 531 corporis
2642 470 2824 535 typum
2853 474 2916 514 ac
2945 457 3269 530 symbolum.
3298 457 3431 526 Quis
3469 467 3659 513 autem
3704 472 3834 512 cum

576 552 811 608 Verbum
846 567 1065 608 carnem
1093 551 1320 619 factum,
1350 563 1617 622 quatenus
1648 556 1753 611 ﬁde
1799 558 2153 627 apprehendi—

575 653 664 699 tur
691 654 745 700 et
775 644 1098 709 comeditur,
1133 645 1330 699 anima:
1361 647 1635 717 proprium
1661 664 1784 703 esse
1812 650 2012 712 cibum,
2046 666 2149 704 non

574 739 838 805 corporis.
885 734 955 788 Et
1003 750 1068 789 ne
1113 734 1238 804 quid
1290 736 1651 802 dissimulem,
1702 740 1847 793 hunc
1895 753 2017 794 esse
2047 738 2151 794 loci

571 825 903 881 intellectum
933 840 1149 880 censeo.
1183 827 1279 880 Sin
1308 841 1439 881 vero
1470 842 1598 883 esus
1633 830 2039 885 sacramentalis
2064 831 2152 886 hic

572 914 926 984 signiﬁcatur,
968 929 1068 970 suo
1111 915 1217 970 sibi
1262 916 1444 987 gladio
1469 916 1754 989 jugulatur
1801 921 2148 988 Alberlinus;

570 1004 903 1081 nanqcibum
934 1004 1083 1060 illum
1109 1005 1372 1061 vocabulo
1397 1016 1600 1064 tantum
1621 1025 1746 1064 cum
1773 1011 1909 1065 cibis
1932 1009 2151 1079 reliquis

570 1098 859 1152 convenire
904 1098 980 1152 ait
1020 1084 1303 1168 Origenes,
1342 1115 1494 1154 suam
1537 1117 1665 1156 vero
1716 1116 2150 1173 unumquemque

566 1187 957 1256 pr0prietatem
1002 1202 1260 1255 servare;
1308 1189 1431 1246 illos
1479 1193 1775 1261 corrumpi,
1827 1195 1971 1248 hunc
2014 1195 2150 1250 inte-

570 1294 725 1348 grum
762 1293 1022 1335 manere:
1067 1280 1146 1335 sic
1185 1296 1284 1337 nos
1327 1295 1518 1350 panem
1568 1284 1983 1339 eucharisticum
2023 1300 2147 1339 cum

569 1370 695 1424 aliis
741 1372 970 1439 panibus
1014 1373 1278 1427 vocabulo
1324 1373 1619 1431 convenire
1664 1376 1917 1443 dicimus,
1970 1379 2148 1447 reipsa

568 1463 915 1533 discrepare;
946 1463 1043 1519 hos
1071 1466 1369 1536 corrumpi,
1396 1482 1597 1538 corpus
1622 1483 1753 1524 vero
1772 1469 1999 1536 Christi,
2027 1486 2148 1527 cor-

570 1557 747 1626 ruptis
773 1557 1165 1626 accidentibus,
1194 1558 1565 1629 incorruptum
1598 1577 1818 1618 manere
1843 1582 1856 1617 :
1884 1574 1938 1619 et
1960 1580 2151 1634 quam-

568 1647 654 1703 vis
688 1662 942 1717 corpore,
977 1648 1164 1703 itidem
1210 1660 1269 1704 ut
1309 1650 1401 1707 alii
1442 1666 1609 1720 panes
1649 1655 1978 1725 excipiatur,
2025 1657 2146 1712 illos

575 1747 754 1794 tamen
788 1741 840 1795 in
884 1740 1199 1795 alimentum
1239 1742 1486 1811 corporis
1516 1744 1750 1811 mutari;
1787 1747 1887 1803 hoc
1927 1749 2144 1817 animm,

572 1827 816 1882 interiori
841 1828 1049 1882 scilicet
1076 1828 1283 1884 homini
1306 1844 1371 1885 ac
1398 1831 1650 1901 spiritali,
1679 1833 1991 1891 alimoniam
2018 1842 2147 1896 sub-

574 1916 907 1983 ministrare,
940 1918 1311 1977 accidentibus
1343 1921 1605 1977 duntaxat
1632 1938 1827 1993 corpus
1852 1926 2142 1996 alentibus,

570 2021 857 2082 postquam
886 2011 938 2067 in
971 2028 1163 2066 novam
1194 2012 1550 2070 substantiam
1575 2031 1839 2074 conversa
1866 2030 2009 2075 sunt.
2043 2021 2145 2089 Qui

572 2117 703 2160 vero
726 2105 841 2161 hazc
867 2106 1146 2162 sententia‘
1166 2122 1279 2163 sua:
1299 2110 1784 2165 accommodabunt
1806 2113 2143 2180 heterodoxi,

570 2210 695 2251 cum
729 2212 922 2267 panem
950 2198 1369 2255 eucharisticum
1402 2200 1620 2257 nomine
1657 2210 1866 2258 tantum
1896 2221 2017 2260 cum
2047 2222 2144 2277 pa-

574 2285 733 2342 nibus
774 2287 996 2359 reliquis
1022 2293 1313 2347 convenire
1344 2302 1555 2348 asserat
1589 2294 1887 2365 Origenes;
1917 2296 1991 2351 illi
2034 2313 2143 2355 non

571 2382 789 2436 nomine
814 2382 1013 2445 solum,
1038 2384 1133 2439 sed
1160 2386 1336 2455 reipsa
1362 2385 1580 2458 penitus
1602 2388 1892 2444 convenire
1919 2389 2097 2445 dicant
2126 2409 2141 2450 :

572 2471 714 2527 hunc
747 2474 961 2541 animai,
991 2474 1228 2531 hominis
1255 2491 1451 2545 nempe
1476 2478 1737 2548 spiritalis
1764 2491 1818 2536 et
1848 2480 2142 2551 interioris,

569 2564 827 2633 pabulum
872 2580 992 2622 esse
1042 2566 1223 2622 tradat
1273 2567 1574 2639 Origenes;
1620 2570 1738 2626 illos
1774 2588 1972 2643 corpus
2000 2574 2145 2631 alere

570 2655 889 2711 heterodoxi
929 2667 1162 2726 putent:
1200 2658 1302 2714 hos
1331 2675 1621 2729 corporeos
1656 2671 1712 2716 et
1758 2672 2000 2720 terrenos
2046 2682 2145 2736 ap-

569 2745 732 2815 pellet
766 2745 1048 2815 Origenes,
1092 2757 1151 2802 ut
1182 2749 1250 2803 ab
1283 2748 1374 2804 illo
1408 2752 1706 2819 distinguat
1752 2755 1843 2823 qui
1885 2757 2144 2824 spiritalis

569 2845 676 2902 est,
721 2837 982 2908 mysticus
1014 2848 1071 2894 et
1105 2843 1552 2911 sacramentalis;
1588 2845 1905 2903 heterodoxi
1934 2865 2063 2905 vero
2090 2860 2145 2906 et

570 2928 715 2983 hunc
744 2937 800 2982 et
836 2929 954 2985 illos
984 2930 1141 3001 plane
1179 2946 1474 3003 corporeos
1520 2947 1574 2992 et
1603 2947 1848 2996 terrenos
1878 2956 2001 2998 esse
2048 2944 2143 3000 de-

568 3022 837 3077 cernant?
1400 3072 1403 3077 λ

643 3109 901 3166 Ultimum
926 3112 1125 3179 locum,
1144 3116 1401 3188 quoniam
1424 3133 1488 3173 ex
1520 3118 1743 3192 Dialogo
1765 3123 1828 3176 de
1850 3126 2141 3183 orthodoxa

566 3200 695 3279 ﬁde,
741 3204 929 3270 spurio
959 3205 1159 3275 quippe
1192 3205 1361 3275 libro,
1399 3218 1455 3263 et
1484 3209 1732 3281 Origenis
1774 3230 1969 3271 nomen
2008 3219 2146 3275 falso

570 3308 682 3360 pra-
718 3310 777 3349 se
802 3294 1009 3351 ferente
1049 3296 1249 3367 petitus
1273 3310 1380 3367 est,
1408 3316 1509 3358 nec
1539 3306 1606 3359 ad
1637 3306 1742 3362 hoc
1788 3310 2021 3378 pertinet
2059 3313 2145 3367 in.-

569 3385 837 3453 stitutum,
868 3390 1248 3457 prmtermitto.

637 3476 875 3547 Lepidus
920 3495 1053 3536 vero
1079 3490 1162 3538 est
1211 3483 1549 3555 Albertinus,
1585 3505 1707 3545 cum
1740 3492 2004 3551 adversus
2034 3493 2146 3555 Bu-

569 3569 843 3640 lengerum
895 3573 1175 3643 disputat,
1231 3579 1324 3647 qui
1374 3590 1543 3641 contr.
1598 3580 1825 3638 Casaub.
1882 3594 2023 3654 part.
2081 3602 2144 3654 It,

565 3659 727 3715 diatr.
753 3662 804 3726 5,
836 3677 957 3732 pag.
994 3665 1116 3731 167,
1148 3669 1471 3725 catholicmn
1499 3672 1566 3728 de
1588 3673 1926 3731 Eucharistia
1951 3678 2144 3749 dogma

536 3798 539 3799 ν
568 3751 892 3811 defendebat
914 3757 1016 3811 hoc
1042 3756 1290 3829 Origenis
1322 3765 1634 3823 testimonio
1663 3785 1677 3821 :
1720 3769 1833 3829 Καὶ
1855 3769 1966 3843 γὰρ
1993 3773 2021 3825 ὁ
2044 3772 2145 3844 ἄρ-

565 3860 661 3897 του
699 3846 962 3917 μετέχων,
991 3850 1087 3903 τοῦ
1119 3850 1366 3925 σώματος
1393 3856 1599 3927 Κυρίου
1629 3861 2053 3934 μεταλαμϐάνειο
2084 3866 2143 3919 οὐ

566 3935 678 4006 γὰρ
712 3938 1053 4034 προοέχομτν
1082 3945 1146 4013 τῇ
1185 3944 1343 4012 φύσει
1375 3963 1483 4001 των
1528 3950 1801 4021 αἰσθητῶς
1852 3956 2148 4034 προκειμέ-

566 4042 695 4089 νων,
752 4026 865 4080 ἀλλ’
914 4030 1190 4101 ἀνάγομεν
1237 4036 1336 4107 τὴν
1381 4038 1559 4113 ψυχὴν
1613 4041 1701 4095 διὰ
1749 4044 1985 4110 πίστεως
2052 4026 2146 4103 ἐπὶ

566 4114 743 4214 ξδ-τοῦ
767 4118 940 4214 Aci-you
980 4121 1157 4214 σῶμα.
1208 4125 1280 4177 υὺ
1324 4126 1429 4194 γὰρ
1474 4124 1613 4182 εἶπεν
1654 4131 1820 4187 Τοῦτό
1846 4137 1962 4188 ἐστι
2005 4136 2143 4214 σύμ-

566 4205 737 4302 βολον·
769 4210 927 4279 ἀλλὰ,
961 4213 1142 4268 Τοῦτό
1159 4215 1292 4271 ἐστι
1314 4217 1382 4271 τὸ
1414 4219 1607 4289 σῶμα,
1631 4223 1933 4291 δεικτικῶς.
1964 4229 2051 4282 ἵνα,
2070 4205 2144 4302 μὴ

564 4300 764 4375 νομίσῃ
781 4320 868 4366 τις
886 4303 1054 4360 τύπον
1082 4303 1241 4371 εἶναι,
1271 4327 1292 4362 ι
1322 4308 1454 4363 Nam
1482 4313 1574 4380 qui
1597 4314 1656 4367 fit
1676 4317 1830 4385 panis
1855 4300 2143 4390 particeps,

562 4406 759 4463 corpus
787 4395 986 4452 Christi
1028 4400 1358 4470 participat:
1398 4418 1497 4459 nec
1526 4408 1673 4460 enim
1712 4410 2044 4468 attendimus
2075 4414 2144 4470 ad

2259 553 2555 608 crediderit
2596 560 2705 606 tam
2752 549 3046 621 pugnantia
3094 536 3421 616 scripsisse?
3464 547 3619 603 Absit
3667 548 3838 619 igitur

2252 656 2285 695 a
2328 642 2483 697 nobis
2517 649 2667 695 tanta
2695 639 2985 710 supinitas,
3032 645 3093 693 ut
3123 638 3287 693 verba
3326 637 3441 694 haec
3472 638 3663 693 nescio
3696 637 3838 694 unde

2254 747 2490 804 sumpta,
2536 743 2795 801 tanquam
2835 731 3086 801 Origenis
3119 732 3349 803 genuina
3396 732 3784 803 suscipiamus.
3811 750 3832 783 ι

2250 826 2392 882 Alibi
2442 836 2622 881 tamen
2665 824 2977 881 Albertinus
3022 825 3186 881 citata
3226 825 3471 895 quaedam
3528 824 3597 879 ab
3641 824 3836 879 eodem

2252 917 2555 987 Bulengero
2602 917 2721 972 loca
2761 916 3034 986 Origenis,
3074 931 3194 986 qua:
3237 930 3415 970 causa:
3442 931 3553 970 suae
3595 916 3839 970 credidit

2250 1019 2576 1079 Opportuna,
2623 1024 2723 1078 pro
2770 1009 3043 1077 germanis
3090 1008 3348 1063 admisit:
3397 1026 3415 1058 ι
3476 1006 3568 1062 Sic
3598 1007 3754 1062 enim
3787 1018 3840 1061 et

2252 1099 2537 1170 Origenes,
2574 1119 2593 1153 ι
2645 1100 2823 1171 inquit
2864 1100 2959 1156 lib.
3007 1115 3069 1164 ιι,
3109 1115 3231 1171 cap.
3274 1100 3330 1166 5,
3387 1119 3406 1151 ι
3447 1115 3478 1154 a
3525 1098 3839 1169 Bulengero

2252 1192 2454 1247 relatus
2480 1192 2559 1246 ait
2596 1202 2776 1246 contra
2804 1190 3175 1246 Casaubonum
3203 1191 3341 1247 Dial.
3385 1191 3437 1254 3,
3480 1206 3531 1261 p.
3568 1192 3675 1246 166
3712 1211 3724 1245 :
3759 1192 3839 1246 Τὰ

2250 1285 2343 1338 ἐπὶ
2390 1284 2484 1338 τοῦ
2526 1283 2745 1354 λογικοῦ
2790 1284 2947 1355 ἡμῶν
2987 1283 3371 1356 θυσιαστηρίου
3436 1283 3839 1355 ἐπιτελούμενα

2247 1375 2468 1446 ἁγιάζει
2491 1376 2587 1448 τὴν
2612 1376 2911 1448 τράπεζαν,
2941 1377 3126 1432 καὶτὰ
3156 1380 3213 1431 ὲν
3240 1378 3377 1448 αὑτῇ
3419 1377 3608 1450 σκεύη.
3658 1378 3836 1434 Ἀντί-

2249 1489 2397 1529 τυπα
2416 1473 2526 1546 γάρ
2548 1474 2654 1527 εισι
2682 1471 2778 1527 τοῦ
2808 1471 3137 1527 Δεσποτικοῦ
3161 1471 3431 1544 σώματος.
3464 1492 3483 1525 ‹
3513 1474 3645 1541 Quae
3672 1490 3839 1544 super

2250 1563 2498 1620 rationali
2565 1564 2723 1619 altari
2794 1574 2986 1621 nostro
3050 1563 3431 1636 perﬁciuntur,
3485 1563 3837 1619 sanctiﬁcant

2248 1673 2516 1726 mensam,
2557 1668 2612 1713 et
2645 1672 2768 1713 vasa
2801 1660 2932 1728 quae
2959 1657 3013 1711 in
3042 1657 3159 1727 ipsa
3192 1664 3341 1712 sunt.
3386 1656 3638 1728 Antitypa
3678 1657 3831 1711 enim

2250 1758 2376 1805 sunt
2406 1749 2673 1805 Dominici
2711 1750 2980 1820 corporis.
3011 1767 3031 1802 ›
3063 1749 3360 1805 Commoda
3393 1764 3529 1805 sane
3569 1760 3620 1803 et
3648 1748 3832 1805 facilis

2253 1841 2563 1911 disputandi
2600 1843 2766 1909 ratio;
2799 1842 2845 1897 si
2876 1857 2997 1912 quae
3023 1840 3350 1897 catholicam
3382 1856 3604 1899 causam
3634 1841 3834 1909 juvant

2254 1930 2584 1996 testimonia,
2609 1946 2710 2001 pro
2734 1931 2888 1987 falsis
2908 1946 2995 1999 ea,
3020 1930 3216 2001 spnriis
3252 1945 3317 1986 ac
3358 1930 3569 1986 ﬁctitiis
3592 1931 3829 1987 habere:

2252 2021 2298 2077 si
2344 2037 2464 2092 qua:
2508 2021 2762 2077 videntur
2805 2021 2981 2077 eidem
3023 2022 3322 2086 contraria,
3370 2022 3456 2078 his
3484 2022 3633 2079 haud
3675 2037 3832 2077 secus

2253 2130 2317 2171 ac
2341 2114 2598 2187 legitimis
2621 2126 2675 2172 et
2704 2116 2953 2188 genuinis
2983 2116 3081 2170 uti.
3120 2115 3218 2172 Vel
3251 2116 3400 2185 prior
3424 2131 3560 2172 sane
3588 2116 3833 2171 solvatur

2252 2208 2425 2273 locus,
2449 2208 2534 2263 vel
2565 2216 2867 2279 postremus
2895 2224 3000 2265 non
3051 2209 3383 2276 intentetur;
3419 2225 3586 2281 quem
3616 2225 3718 2264 nos
3750 2218 3830 2264 ta-

2252 2315 2375 2356 men
2403 2300 2590 2356 itidcm
2612 2300 2916 2370 excipimus
2937 2311 2995 2356 ut
3017 2302 3206 2369 alium,
3230 2302 3281 2356 in
3300 2317 3408 2373 quo
3433 2302 3832 2358 eucharisticus

2256 2393 2412 2464 panis
2450 2407 2651 2465 corpus
2692 2392 2929 2466 typicum
2961 2401 3018 2448 et
3062 2392 3422 2465 symbolicum
3465 2392 3776 2465 appellatur
3816 2412 3829 2446 :

2254 2501 2376 2540 nam
2398 2486 2687 2546 ἀντίτυπον
2729 2484 3061 2540 Δεσποτικοῦ
3096 2484 3365 2557 σώματος,
3396 2485 3540 2539 idem
3574 2494 3661 2540 est
3695 2498 3760 2539 ac
3790 2483 3830 2539 si

2251 2590 2652 2636 sacramentum
2696 2580 2944 2650 corporis
2991 2579 3199 2635 Christi
3245 2579 3507 2651 appellet.
3555 2578 3828 2634 Praeterea

2251 2687 2360 2727 non
2387 2672 2518 2729 satis
2546 2682 2771 2743 apparet
2797 2688 2866 2727 an
2914 2673 2981 2728 de
3024 2686 3164 2744 pane
3201 2682 3258 2728 et
3294 2674 3424 2728 vino
3464 2672 3829 2728 eucharistieo

2252 2764 2362 2822 illic
2387 2775 2512 2836 agat
2540 2765 2821 2838 Origenes,
2845 2774 2907 2821 ut
2932 2765 3047 2821 vult
3071 2765 3405 2822 Albertinus.
3427 2765 3518 2821 Ait
3539 2766 3683 2821 enim
3708 2778 3829 2836 qua

2257 2874 2279 2910 ι
2311 2858 2667 2927 perﬁciuntur
2710 2872 2878 2927 super
2914 2857 3076 2914 altari
3118 2867 3308 2914 nostro
3350 2858 3624 2925 rationali,
3658 2878 3677 2912 ι
3727 2858 3829 2914 hoc

2251 2956 2336 3003 est
2387 2946 2443 3002 in
2469 2946 2652 3002 animo
2678 2956 2886 3013 nostro,
2924 2965 2945 3001 ι
2978 2961 3221 3003 mensam
3251 2958 3306 3003 et
3330 2963 3463 3004 vasa
3489 2964 3609 3017 quae
3634 2949 3686 3003 in
3714 2949 3828 3020 ipsa

2249 3048 2375 3092 sunt
2400 3038 2761 3107 sanctiﬁcare,
2798 3058 2818 3091 ι
2850 3041 2951 3095 hoc
2974 3048 3059 3094 est
3084 3040 3322 3094 animum
3355 3048 3413 3094 et
3465 3040 3631 3095 animi
3662 3039 3829 3096 faculo

2254 3139 2409 3185 tates.
2440 3128 2555 3189 Non
2584 3131 2741 3186 video
2771 3146 2867 3185 cur
2899 3131 3015 3187 haec
3041 3131 3106 3184 ad
3135 3146 3285 3187 esum
3314 3131 3492 3201 potius
3517 3146 3828 3187 sacramen-

2254 3221 2411 3277 talem
2462 3220 2744 3277 referenda
2791 3222 2923 3288 sint,
2971 3238 3134 3293 quam
3171 3225 3237 3277 ad
3285 3237 3406 3277 eum
3439 3238 3547 3293 quo
3596 3221 3826 3279 Verbum

2250 3328 2471 3370 carnem
2507 3315 2710 3370 factum
2744 3315 2849 3371 ﬁde
2892 3316 3243 3371 comedimus.
3279 3315 3457 3384 Atque
3495 3324 3554 3369 ut
3584 3315 3676 3370 hic
3704 3330 3827 3369 esus

2248 3414 2333 3462 est
2360 3406 2654 3465 ἀντίτυπον
2692 3407 3103 3464 sacramentalis
3129 3422 3275 3473 esus,
3320 3409 3393 3463 ita
3441 3408 3678 3464 Verbum
3725 3410 3827 3463 ﬁde

2249 3499 2670 3569 apprehensum,
2706 3510 2761 3556 et
2790 3509 2847 3556 ut
2873 3501 2945 3556 ita
2975 3501 3152 3556 dicam
3185 3500 3589 3567 manducatum,
3614 3504 3827 3558 ἀντιτυο

2249 3606 2352 3644 πον
2390 3600 2476 3646 est
2519 3591 2781 3646 Dominici
2825 3591 3093 3663 corporis.
3132 3589 3322 3648 Priore
3362 3608 3493 3649 vero
3542 3594 3662 3650 loco
3702 3611 3824 3651 cum

2247 3698 2446 3754 corpus
2471 3683 2673 3741 Christi
2702 3686 2778 3740 ait
2797 3701 2904 3741 non
2932 3699 3051 3740 esse
3084 3693 3291 3755 typum,
3319 3686 3401 3742 sic
3428 3687 3691 3758 intelligo,
3722 3704 3825 3745 non

2247 3791 2369 3832 esse
2399 3792 2606 3832 merum
2634 3786 2819 3849 typum
2850 3787 2904 3831 et
2945 3777 3157 3850 signum
3193 3779 3311 3835 sine
3344 3794 3403 3833 re
3442 3780 3679 3851 signata,
3710 3795 3826 3851 qua

2248 3868 2486 3939 vulgaris
2524 3876 2611 3923 est
2646 3868 2755 3940 typi
2791 3869 2977 3936 notio;
3022 3870 3116 3926 sed
3146 3884 3252 3925 non
3298 3881 3459 3942 negat
3492 3886 3612 3926 esse
3645 3883 3824 3944 typum

2247 3974 2313 4015 ac
2359 3961 2573 4030 signum
2622 3960 2846 4017 alterius
2892 3962 3127 4031 generis,
3179 3978 3371 4033 nempe
3418 3977 3474 4017 re
3523 3964 3826 4034 signiﬁcata

2247 4051 2619 4120 conjunctum.
2650 4054 2825 4124 Atque
2856 4053 2971 4110 haec
3002 4053 3054 4108 in
3080 4056 3369 4124 praesentia
3400 4054 3687 4113 sufﬁciant.
3716 4055 3824 4122 Qui

2249 4144 2400 4214 plura
2468 4145 2629 4213 volet,
2667 4145 3049 4201 Bellarminum
3110 4148 3355 4204 consulat
3390 4149 3479 4203 lib.
3520 4164 3558 4203 ιι
3593 4148 3668 4202 De
3707 4148 3823 4203 Eu-

2246 4238 2465 4298 charist,
2495 4253 2617 4309 cap.
2646 4238 2702 4303 8,
2735 4239 2824 4294 ubi
2855 4254 2961 4297 non
2991 4240 3151 4296 allata
3182 4241 3357 4296 solum
3384 4258 3411 4295 a
3440 4240 3676 4313 Martyre
3704 4242 3825 4298 Ori-

2247 4328 2403 4399 genis
2427 4331 2650 4401 exponit
2684 4331 3012 4399 testimonia,
3047 4334 3142 4390 sed
3175 4334 3406 4405 plurima
3432 4351 3652 4406 quoque
3684 4336 3823 4405 ejus-

2247 4424 2369 4478 dem
2401 4424 2615 4490 recitat,
2649 4425 2845 4494 quibus
2875 4435 3024 4482 recte
3055 4427 3120 4483 de
3176 4438 3516 4484 sacramento
3566 4428 3823 4484 Euchario

565 4491 813 4585 ¹¹ξ¹ί¹¹ν³¹¹¹
836 4501 1042 4590 .reru'"
1080 4490 1412 4590 δείξεξδίηιθιξ
1451 4497 1874 4590 Proposiial'um.
1910 4503 2001 4556 sed
2034 4504 2137 4559 eri;
2170 4518 2215 4575 D
2243 4514 2362 4570 stis:
2396 4516 2634 4571 sensisse
2666 4490 2919 4573 creditus
2949 4528 3032 4573 est
3068 4536 3083 4573 :
3115 4528 3169 4574 et
3196 4534 3293 4574 nos
3327 4534 3544 4590 quoque
3575 4520 3823 4576 nonnulla

562 4575 741 4642 gimus
761 4578 999 4635 animam
1027 4598 1124 4653 per
1150 4583 1310 4644 fidem
1341 4586 1409 4640 ad
1437 4603 1633 4657 corpus
1662 4588 1845 4648 Verbi.
1874 4592 2007 4649 Nam
2037 4612 2140 4653 non

564 4667 754 4735 dixit;
791 4668 903 4726 lloc
954 4685 1037 4728 est
1086 4674 1427 4748 Symbolum,
1479 4683 1594 4750 sed,
1643 4682 1757 4738 Hoc
1801 4697 1875 4740 est
1931 4675 2174 4757 corpus,‘

562 4760 1017 4827 ostensive,utne
1044 4768 1165 4836 quis
1203 4780 1351 4838 putet
1373 4781 1555 4843 typum
1594 4788 1766 4830 esse.»
1796 4775 1914 4831 Non
1945 4780 2140 4835 nodum

528 4902 529 4905 η
561 4850 724 4907 solvit
750 4854 1067 4912 Albertinus
1111 4861 1250 4931 (4,3),
1289 4865 1381 4918 sed
1412 4878 1560 4922 secat
1592 4867 1694 4922 hac
1738 4872 2129 4939 responsione:

569 4964 587 4995 σ
624 4945 874 5005 Fictitius
908 4950 1057 5005 locus
1094 4964 1197 5017 est,
1246 4970 1312 5010 ac
1354 4956 1584 5014 Graeculi
1623 4960 1762 5017 forte
1793 4963 2021 5033 alicujus
2051 4980 2138 5019 re-

562 5042 839 5107 ceutioris,
888 5041 1105 5114 Origeni
1150 5044 1284 5103 falso
1313 5047 1522 5106 aﬁictus
1564 5069 1579 5107 :
1624 5050 1956 5124 Bulengerus
1993 5056 2136 5110 enim

564 5129 788 5198 ipsemet
836 5135 1006 5191 alium
1057 5136 1283 5195 adduxit
1326 5156 1390 5194 ex
1434 5143 1622 5198 eodem
1656 5143 1886 5215 Origene
1934 5145 2136 5214 locum,

564 5222 654 5275 ubi
688 5226 843 5292 plane
872 5229 922 5281 in
956 5233 1289 5289 contrarium
1322 5233 1397 5287 ait
1429 5236 1495 5290 de
1525 5251 1663 5306 pane
1691 5247 1747 5292 et
1776 5238 1902 5294 vino
1930 5240 2138 5294 Eucha-

565 5314 753 5369 ristico
774 5315 860 5375 illa
886 5322 1127 5393 antitypa
1156 5338 1277 5381 esse
1304 5325 1847 5398 Dominicijcorporis,
1871 5330 2140 5393 ἀντιτυπά

563 5408 672 5461 εἰσι
703 5408 798 5462 τοῦ
838 5412 1169 5475 Δεσποτικοῠ
1202 5416 1472 5499 σώματος,
1509 5418 1974 5485 Quemadmodum
2006 5436 2060 5479 et
2088 5426 2138 5480 in

564 5500 683 5558 loco
731 5518 798 5558 ex
849 5504 1242 5563 Commentario
1288 5512 1341 5564 in
1392 5510 1705 5571 Matt/meum
1747 5529 1910 5585 supra
1951 5518 2140 5585 citato,

565 5607 758 5662 panem
791 5609 951 5652 vocat
980 5614 1176 5668 corpus
1228 5602 1464 5673 typicum
1511 5613 1567 5660 et
1609 5607 1991 5675 symbolicum,
2041 5611 2140 5669 hoc

636 5689 657 5720 ⁶
690 5691 1035 5763 Μίιιιιι.ικνι,
1062 5696 1152 5750 26.

638 5780 753 5847 (42)
796 5785 1058 5842 Albcrtin.
1091 5787 1163 5844 De
1197 5809 1421 5853 sacram.
1456 5791 1621 5851 Ettt‘lt.
1656 5795 1747 5852 lib.
1773 5811 1832 5864 ιι,
1872 5815 1985 5869 cap.
2017 5798 2071 5861 2.

2248 4608 2323 4661 ad
2344 4616 2473 4664 tom.
2497 4625 2552 4666 ιι
2604 4608 2827 4682 Origen.
2849 4611 2906 4665 in
2924 4611 3144 4680 Matth.,
3171 4628 3318 4667 nunt.
3344 4612 3432 4680 14,
3453 4628 3622 4685 super
3639 4613 3823 4671 eodem

2250 4709 2573 4767 argumento
2599 4701 2971 4758 observamus.

2320 4789 2406 4851 lll.
2449 4791 2531 4847 Ab
2564 4792 2922 4850 Eucharistite
2950 4804 3291 4851 sacramento
3324 4798 3738 4868 pregrediamur
3763 4799 3819 4853 ad

2249 4891 2649 4935 sacramentum
2683 4883 3033 4950 matrimonii,
3069 4885 3212 4940 circa
3247 4887 3389 4954 quod
3417 4902 3447 4940 a
3488 4889 3817 4943 communio-

2249 4971 2398 5027 ribus
2454 4971 2712 5028 Ecclesia:
2763 4976 3028 5042 dogmatis
3082 4974 3341 5046 Origenes
3392 4978 3445 5031 in
3499 4981 3815 5047 quibusdam

2242 5064 2445 5119 abiisse
2467 5064 2697 5120 videtur.
2722 5065 2961 5121 Primum
2990 5067 3137 5123 hom.
3172 5068 3231 5126 il
3267 5071 3320 5121 in
3342 5067 3567 5134 λεγειν..
3598 5087 3748 5126 ιιιιιη.
3772 5071 3816 5136 5,

2244 5170 2298 5226 p.
2334 5156 2461 5222 191,
2504 5172 2835 5229 quaecunque
2873 5174 2942 5217 ex
2999 5160 3145 5215 coitu
3190 5170 3243 5215 et
3280 5159 3551 5233 voluptate
3615 5163 3818 5234 proﬁri-

2239 5257 2485 5315 Scuntur,
2528 5251 2845 5322 purgatione
2889 5252 3131 5324 indigere
3182 5256 3257 5308 ait
3294 5273 3307 5309 :
3344 5265 3398 5310 et
3434 5266 3568 5311 tom.
3629 5272 3738 5315 xvn
3768 5257 3816 5309 in

2249 5340 2472 5408 Matt/2.,
2510 5361 2655 5399 num.
2699 5345 2790 5412 εδ,
2842 5361 2962 5417 pag.
3006 5348 3132 5413 827,
3167 5349 3567 5418 quodammodo
3599 5350 3817 5420 pollutos

2247 5447 2369 5488 esse
2396 5436 2526 5500 vult,
2561 5437 2869 5506 quicunque
2912 5439 3157 5495 venereis
3183 5449 3405 5494 utuntur
3430 5456 3445 5494 :
3494 5455 3562 5497 ne
3591 5456 3683 5496 eas
3711 5440 3816 5513 qni-

2248 5526 2370 5582 dem
2426 5529 2730 5599 voluptates
2785 5532 3085 5601 excipiens,
3138 5548 3370 5601 quarum
3417 5533 3813 5589 matrimonium

2247 5616 2516 5682 licentiam
2555 5622 2704 5681 facit.
2741 5621 2943 5681 Deinde
3003 5624 3141 5683 libro
3174 5639 3213 5683 ιι
3248 5624 3302 5683 in
3338 5623 3513 5695 Epist.
3542 5624 3614 5681 ad
3645 5622 3811 5687 Rana,
