4068 6308
301 342 321 396 Ι
331 341 434 398 089

1141 340 1704 398 ORIGENIANORUM
1745 343 1870 399 LIB.
1914 342 1980 407 ll,
2019 343 2169 397 CAP.
2209 341 2273 407 11,
2311 340 2586 407 ΟυίΕΞΤ.
2629 340 2770 397 XIV.

3398 346 3533 412 toan

305 473 451 510 num.
491 456 577 521 l5,
625 470 746 526 pag.
795 451 900 508 λοι
931 496 946 519 ,
993 453 1428 509 incircumcisum
1472 457 1722 524 appellat,
1774 457 1864 526 qui
1893 461 1942 517 Α
1969 469 2074 508 non
2105 462 2322 523 propter
2351 453 2717 522 generationis
2757 453 3024 520 ordinem,
3060 454 3368 522 nuptiarum
3405 459 3531 511 ado‘

295 547 564 601 concessis
591 545 922 600 matrimonii
945 543 1068 612 jure
1100 544 1464 613 volup-tatibus
1498 547 1860 618 intemperan-

295 637 400 690 tius
431 637 706 704 abutitur;
741 635 1119 691 circumcisum
1160 650 1312 703 vero,
1365 654 1384 688 ι
1419 637 1462 690 si
1509 638 1636 706 quis
1666 638 1718 692 in
1756 638 1858 692 hu-

293 725 585 793 inscemodi
620 726 833 795 negotio
862 724 1134 795 legitimis,
1164 734 1218 781 et
1249 737 1510 795 quantum
1555 729 1857 798 posteritati

292 818 484 873 sullicit
530 827 710 872 utatur
758 816 968 873 (-lliciis.
1006 835 1025 868 ι
1078 816 1134 870 ln
1177 833 1284 886 quo
1317 827 1674 888 praiterquam
1721 835 1856 890 que—

291 914 471 965 renda:
515 909 710 964 sobolis
742 908 934 978 gratia,
968 923 1314 977 congressum
1355 924 1569 964 omnem
1603 911 1860 982 conjuga-

292 1001 396 1053 lem
433 1001 639 1055 videtur
684 1012 959 1068 respuere,
1003 1000 1166 1053 etiam
1202 1001 1349 1054 illum
1386 1001 1478 1068 qui
1519 1009 1577 1053 ut
1615 1004 1854 1056 debitum

290 1090 552 1155 redditur,
590 1089 670 1143 vel
699 1090 924 1144 vitanda:
953 1089 1264 1144 tentationis
1295 1104 1458 1144 causa
1491 1103 1853 1160 perpetratur.

290 1180 398 1234 Sed
428 1179 541 1234 hac
564 1194 774 1248 quoque
803 1181 855 1234 in
887 1194 1016 1234 voce
1048 1197 1066 1231 ι
1104 1180 1357 1249 legitimis
1392 1199 1414 1232 ι
1440 1183 1858 1252 contineripos-

291 1288 479 1327 sumus
526 1274 887 1342 respondere;
939 1271 1023 1324 vel
1067 1272 1442 1327 circumcisum
1469 1275 1682 1343 quidem
1733 1290 1854 1329 eum

295 1382 420 1422 esse
463 1366 554 1435 qui
597 1365 944 1435 procreandze
977 1373 1180 1418 tantum
1222 1365 1287 1418 ad
1328 1365 1526 1420 cultum
1558 1367 1648 1421 Dei
1689 1367 1856 1436 prolis

295 1470 456 1511 causa
486 1465 666 1510 actum
702 1455 1034 1524 conjugalem
1062 1465 1310 1522 exercet;
1349 1466 1404 1510 at
1426 1472 1532 1510 non
1561 1456 1854 1512 incircumo

289 1547 480 1610 cisum,
509 1545 598 1613 qui
630 1543 763 1598 alios
792 1552 1047 1613 przeterea
1098 1546 1233 1599 lines
1260 1556 1490 1615 spectat,
1515 1547 1607 1599 sed
1647 1547 1738 1615 qui
1773 1547 1854 1602 in-

291 1645 656 1706 temperanter
690 1649 748 1688 se
784 1635 941 1704 gerit.
991 1633 1354 1706 Hieronymus
1381 1647 1527 1690 certe
1557 1636 1652 1689 lib.
1706 1652 1747 1690 tr
1796 1639 1852 1691 in

288 1725 461 1796 Epist.
488 1727 574 1779 -αά
618 1725 836 1794 Ερὴεδη
874 1739 993 1795 cap.
1025 1725 1094 1790 5,
1138 1727 1374 1794 reliquos
1413 1741 1598 1782 omnes
1641 1729 1850 1783 videtur

287 1818 591 1889 improbare
621 1819 776 1883 lines,
805 1833 970 1871 unum
1001 1818 1142 1872 hunc.
1174 1818 1477 1880 admittere,
1506 1833 1612 1887 quo
1636 1819 1848 1874 soboles

285 1910 647 1980 comparanda
703 1910 1033 1981 proponitur.
1090 1928 1108 1961 ι
1166 1909 1254 1975 Si,
1327 1909 1538 1980 inquit,
1593 1911 1664 1965 ita
1713 1927 1848 1966 uxor

285 2000 614 2070 subjicienda
650 2001 764 2054 viro
790 2010 892 2066 est,
921 2009 979 2054 ut
1009 1999 1224 2056 Christo
1267 2001 1544 2067 Ecclesia;
1585 2002 1726 2057 inter
1763 2003 1846 2058 vi-

286 2107 404 2146 rum
434 2101 487 2144 et
532 2085 751 2146 uxorem
778 2092 882 2145 erit
921 2101 1102 2153 sancta
1135 2089 1459 2160 conjunctio,
1491 2100 1544 2147 et
1573 2109 1845 2162 nunquam

285 2182 526 2251 corporis
556 2183 789 2236 servient
818 2182 1194 2252 passionibus:
1228 2201 1247 2234 ι
1281 2182 1578 2238 Corinthiis
1609 2200 1758 2250 vero,
1791 2195 1848 2240 u-t

286 2275 534 2341 infirmis,
574 2275 800 2330 necdum
834 2275 1000 2329 solida
1050 2277 1248 2346 pietate
1293 2277 1561 2332 roboratis
1606 2290 1846 2333 mutuam

285 2366 448 2420 debiti
479 2366 796 2420 solutionem
824 2381 919 2435 per
945 2367 1353 2434 συγκατάὅασεν
1379 2378 1434 2421 et
1463 2367 1844 2438 indulgentiam

285 2457 508 2512 Paulum
540 2458 871 2512 concessisse
916 2459 1081 2522 dicit;
1133 2467 1190 2511 at
1223 2458 1496 2527 Ephesiis,
1535 2468 1594 2513 ut
1637 2471 1760 2528 pote
1793 2461 1844 2514 in

283 2549 480 2604 Christi
512 2549 753 2604 doctrina
783 2551 1207 2620 provectioribns
1233 2550 1537 2618 ademisse;
1559 2552 1848 2620 unicuique

285 2650 462 2696 tamen
487 2642 565 2694 vel
591 2643 867 2712 Ephesios,
903 2642 980 2695 vel
1003 2642 1308 2697 Corinthios
1336 2643 1572 2698 annulari
1599 2643 1679 2698 las
1705 2659 1844 2698 esse.

281 2733 346 2788 Et
386 2734 544 2803 paulo
595 2745 757 2805 posti:
799 2752 816 2785 ι
859 2732 1175 2788 Liberorum
1216 2749 1370 2803 ergo,
1396 2743 1452 2787 ut
1483 2735 1736 2797 diximus,
1789 2736 1840 2788 in

282 2827 625 2881 matrimonio
652 2841 811 2896 opera
841 2840 1094 2880 concessa
1122 2835 1265 2880 sunt.
1297 2825 1612 2895 Voluptates
1639 2835 1842 2890 autem,

283 2935 399 2988 quae
426 2920 489 2972 de
528 2918 867 2972 meretricum
891 2917 1174 2987 capiuntur
1201 2916 1557 2986 amplexibus,
1594 2917 1646 2970 in
1681 2932 1846 2972 uxore

284 3013 570 3065 damnata}.
605 3009 713 3064 Hoc
740 3009 932 3080 legens
965 3008 1141 3063 omnis
1165 3009 1249 3062 vir
1279 3019 1332 3062 et
1357 3023 1513 3075 uxor,
1549 3009 1848 3078 intelligant

285 3101 388 3155 sibi
421 3113 541 3171 post
577 3109 891 3171 conceptum
923 3101 1092 3170 magis
1120 3100 1354 3156 orationi
1385 3116 1545 3171 quam
1577 3100 1846 3155 connubio

281 3193 644 3246 serviendum.
687 3191 750 3245 Et
779 3191 920 3260 quod
957 3191 1009 3245 iu
1045 3189 1365 3245 animalibus
1406 3199 1459 3243 et
1502 3191 1690 3244 bestiis
1730 3191 1853 3261 ipso

281 3293 490 3337 natura:
537 3281 658 3351 jure
707 3283 1073 3351 praescriptum
1122 3290 1238 3346 est,
1294 3290 1353 3334 ut
1400 3292 1736 3350 praegnantes
1781 3283 1847 3336 ad

281 3385 491 3442 partum
523 3388 688 3441 usque
721 3388 825 3426 non
867 3382 1079 3434 coeant,
1113 3373 1216 3426 hoc
1249 3371 1301 3425 in
1339 3371 1642 3425 hominibus
1671 3373 1848 3427 sciant

281 3464 508 3520 arbitrio
543 3464 884 3527 derelictum,
915 3474 974 3516 ut
1005 3477 1211 3515 merces
1241 3472 1385 3515 esset
1412 3478 1478 3514 ex
1521 3462 1844 3516 abstinentia

281 3557 636 3626 voluptatum.
674 3575 692 3607 ι
733 3556 810 3609 Eo
846 3555 1107 3608 accedunt
1147 3555 1245 3609 ista
1281 3553 1557 3622 Epiphanii
1592 3555 1720 3607 liter.
1755 3556 1845 3619 65,

282 3664 403 3717 cap.
428 3650 479 3716 4,
510 3649 566 3702 '0
591 3649 780 3719 σεμνὸς
797 3648 853 3700 δὲ
881 3647 1053 3718 γάμος
1078 3647 1415 3700 παιδοποιίαν
1436 3647 1534 3699 οὐκ
1560 3648 1636 3710 εἰς
1660 3648 1847 3718 αἰσχύ·

279 3759 378 3811 νην
423 3742 488 3793 τὰ
519 3743 580 3794 ἐκ
613 3740 744 3793 Θεοῦ
789 3739 963 3802 καλῶς
987 3740 1312 3807 κεκτισμένα
1351 3737 1699 3809 ἀπαγορεύει·
1732 3738 1843 3789 ἀλλ’

278 3833 404 3888 οὔτε
434 3833 604 3896 ἄλλως
643 3833 1070 3903 μεταχειρίζεται
1102 3832 1198 3901 τῆς
1235 3830 1328 3882 τοῦ
1349 3830 1526 3900 γάμου
1567 3832 1846 3895 κοινωνίας

280 3925 380 3997 τὴν
411 3927 473 3977 ἐκ
511 3923 643 3976 Θεοῦ
676 3923 1012 3994 τεταγμένην
1047 3923 1297 3994 ἁγωγήν.-
1339 3941 1358 3974 ι
1397 3921 1711 3993 Neutiquam
1751 3924 1846 3978 ho-

281 4014 556 4071 norabiles
597 4015 792 4084 nuptiae
838 4015 906 4068 ad
953 4014 1303 4083 ignominiam
1335 4015 1611 4069 trahentes
1660 4031 1777 4086 qua:
1815 4031 1844 4069 a

284 4108 394 4162 Deo
430 4108 644 4161 condita
682 4115 826 4172 sunt,
865 4105 1155 4160 liberorum
1190 4106 1619 4174 procreationem
1659 4107 1842 4176 prohi-

283 4199 412 4253 bent
441 4215 456 4264 ;
490 4199 582 4253 sed
610 4213 708 4253 nec
737 4197 891 4251 aliter
923 4206 1182 4267 usurpant
1210 4197 1464 4266 nuptialis
1513 4197 1846 4265 conjunctio-

283 4289 368 4343 nis
421 4291 636 4344 modum
684 4304 713 4343 a
764 4288 873 4343 Deo
912 4289 1234 4342 institutum.
1276 4307 1303 4340 ι·
1358 4287 1689 4356 Astipulatur
1731 4290 1842 4342 Au-

282 4381 528 4453 gustinus
553 4380 689 4435 libro
724 4379 801 4435 De
826 4381 956 4435 bona
978 4378 1264 4450 conjugali,
1290 4394 1408 4449 cap.
1438 4379 1491 4432 7.
1535 4398 1552 4432 ι
1579 4379 1839 4444 Reddere,

1963 543 2275 599 lescentulis
2302 544 2476 598 vincla
2507 546 2836 600 tribuantur.
2873 565 2896 598 ›

2033 635 2147 690 Hoc
2174 636 2428 705 amplius,
2466 635 2656 690 scribit
2687 635 2946 707 Origenes
2979 637 3164 692 homil.
3198 637 3230 692 6
3259 639 3312 692 in
3339 638 3532 706 Num,

1964 743 2116 782 num.
2145 728 2200 791 5,
2241 728 2449 782 actibus
2476 727 2844 798 conjugalibus
2868 727 3126 796 Spiritum
3155 741 3398 784 sanctum
3424 747 3530 786 non

1962 816 2174 872 adesse.
2208 817 2379 872 Verba
2411 817 2526 872 haec
2561 826 2720 872 sunt:
2775 835 2794 868 ι
2835 817 3114 874 Conmibia
3149 819 3364 887 quidem
3395 819 3531 889 legi-

1963 909 2092 961 tima
2139 918 2326 962 carent
2366 909 2577 978 quidem
2617 919 2870 979 peccato;
2917 925 3017 964 nec
3072 919 3248 963 tamen
3292 919 3533 978 tempore

1961 998 2051 1051 illo
2073 1013 2180 1066 quo
2213 997 2522 1068 coniugales
2563 1008 2717 1054 actus
2751 1009 3009 1070 geruntur
3039 1002 3322 1070 przesentia
3353 1001 3530 1055 sancti

1961 1089 2197 1156 Spiritus
2242 1091 2478 1157 dabitur,
2527 1092 2736 1146 etiamsi
2783 1092 3044 1160 propheta
3091 1107 3215 1146 esse
3260 1093 3528 1161 videatur,

1957 1181 2046 1250 qui
2092 1181 2265 1234 ollicio
2313 1183 2684 1252 generationis
2727 1182 3065 1249 obsequitur.
3126 1202 3143 1235 ι
3196 1185 3266 1240 At
3312 1195 3529 1240 constat

1957 1279 2135 1324 tamen
2164 1280 2342 1324 actum
2365 1271 2527 1338 hunc,
2554 1272 2596 1326 si
2625 1274 2978 1342 suscipienda:
3003 1273 3166 1344 prolis
3183 1290 3343 1330 causa
3370 1286 3527 1332 exer-

1955 1371 2166 1425 ceatur,
2196 1361 2278 1415 vel
2306 1362 2468 1416 debiti
2495 1363 2773 1428 reddendi,
2801 1364 2924 1433 quia
2959 1364 3106 1419 aliud
3135 1375 3217 1420 est
3249 1368 3528 1436 religionis

1954 1465 2109 1518 opus,
2177 1449 2320 1503 aliud
2367 1450 2615 1517 justitize,
2663 1461 2906 1506 sanctum
2959 1468 3077 1508 csse
3131 1466 3185 1509 et
3243 1456 3409 1524 pium,
3460 1473 3524 1511 ac

1954 1541 2181 1610 proinde
2235 1541 2467 1608 Spiritus
2511 1542 2681 1596 sancti
2733 1543 2975 1597 subsidio
3015 1554 3068 1598 et
3105 1561 3207 1613 ope
3252 1549 3519 1601 exerceri.

1953 1631 2290 1686 Contradicit
2318 1632 2665 1686 nihilominus
2698 1635 2902 1690 Auctor
2933 1634 3122 1703 Operi:
3146 1639 3434 1707 imperfecti
3467 1640 3524 1694 in

1955 1721 2147 1775 Matth.
2200 1737 2239 1785 l,
2293 1722 2378 1785 18,
2432 1725 2613 1791 aitque
2657 1726 3052 1780 matrimonium
3100 1728 3196 1781 etsi
3249 1731 3520 1784 utentibus

1951 1828 2164 1879 poenam
2211 1828 2314 1866 non
2361 1812 2572 1878 inferat,
2621 1816 2920 1870 mercedem
2985 1826 3161 1871 tamen
3217 1833 3320 1872 non
3384 1830 3522 1888 prata

1952 1914 2116 1959 stare.

2021 2016 2301 2074 Postremo
2349 2017 2570 2073 iteratas
2617 2019 2851 2087 nuptias,
2894 2036 2997 2075 non
3041 2022 3193 2090 quasi
3232 2021 3525 2079 damnosas

1951 2107 2166 2177 penitus
2194 2123 2258 2162 ac
2295 2109 2514 2176 noxias,
2551 2110 2644 2164 sed
2679 2109 2831 2178 quasi
2877 2114 2962 2180 pio
2991 2121 3044 2166 ct
3081 2113 3385 2170 Christiano
3417 2117 3516 2170 ho-

1953 2197 2095 2252 mine
2137 2198 2382 2270 indignas
2421 2199 2773 2255 Adamantius
2811 2204 3100 2258 traduxit:
3139 2207 3279 2273 quod
3321 2208 3524 2262 merito

1952 2289 2219 2344 criminati
2261 2300 2389 2345 sunt
2432 2291 2942 2362 Magdeburgenses,
2976 2293 3129 2348 Cent.
3165 2296 3218 2360 5,
3252 2311 3372 2364 cap.
3425 2297 3513 2352 10.

1958 2397 1976 2430 ι
2009 2379 2161 2434 Nunc
2191 2396 2341 2446 vero,
2379 2399 2400 2432 ι
2454 2382 2626 2451 inquit
2660 2382 2848 2438 homil.
2893 2384 2960 2438 l7
2989 2383 3044 2437 iu
3090 2382 3248 2451 Luc.,
3274 2403 3294 2436 ‹
3341 2395 3396 2439 et
3427 2401 3515 2440 se-

1953 2471 2162 2536 cundae,
2189 2479 2242 2524 et
2278 2471 2470 2536 tertiae,
2501 2481 2555 2527 et
2581 2482 2788 2542 quarta:
2819 2475 3037 2542 nuptiae,
3077 2483 3136 2527 ut
3171 2474 3237 2529 de
3273 2474 3519 2544 pluribus

1955 2570 2180 2624 taceam,
2229 2563 2594 2632 reperiuntur,
2639 2574 2693 2619 et
2723 2581 2831 2620 non
2876 2568 3185 2635 ignoramus
3226 2566 3368 2636 quod
3410 2566 3516 2623 tale

1952 2648 2259 2718 conjugium
2294 2651 2472 2718 ejiciet
2508 2667 2605 2705 nos
2638 2652 2704 2707 de
2737 2668 2901 2723 regno
2933 2652 3054 2708 Dei.-
3083 2671 3104 2706 ›
3161 2653 3229 2708 Et
3274 2655 3514 2710 deinde:

1956 2759 1975 2792 ι
2015 2740 2086 2794 De
2113 2751 2253 2794 cmtn
2282 2740 2671 2810 primitivorum
2724 2743 3301 2814 immaculatorumque
3331 2745 3520 2800 Eccle-

1953 2833 2063 2892 size.
2103 2849 2220 2903 quae
2249 2849 2353 2889 non
2385 2833 2542 2888 habet
2585 2835 2871 2899 maculam,
2905 2850 3076 2904 neque
3108 2851 3291 2904 rugam
3323 2837 3382 2870 ⁶⁶
3409 2834 3518 2904 eji-

1952 2924 2123 2978 cietur
2145 2925 2408 2992 digamus,
2430 2939 2533 2978 non
2566 2939 2673 2994 quo
2703 2925 2752 2978 in
2779 2935 3034 2980 aeternum
3067 2929 3305 2980 mittatur
3333 2926 3517 2981 incen-

1953 3013 2124 3079 dium,
2157 3014 2252 3067 sed
2298 3028 2405 3082 quo
2454 3025 2665 3083 partem
2703 3030 2806 3070 non
2838 3016 3115 3070 habeat'in
3149 3031 3312 3085 regno
3345 3017 3460 3072 Dei.
3491 3036 3510 3070 ι

1954 3099 2088 3158 Tum
2113 3119 2273 3159 mox:
2309 3122 2328 3156 ι
2362 3105 2495 3160 Puto
2521 3106 2662 3160 enim
2699 3120 3100 3176 monogamum,
3141 3117 3195 3162 et
3225 3107 3513 3177 virginem,

1947 3204 2000 3248 et
2028 3209 2148 3247 eum
2190 3194 2282 3264 qui
2310 3194 2362 3248 in
2388 3193 2706 3249 castimonia
2736 3203 3067 3262 perseverat,
3093 3209 3213 3248 esse
3236 3194 3301 3248 de
3329 3195 3516 3249 Eccle-

1948 3285 2026 3339 sia
2056 3285 2184 3350 Dei;
2216 3299 2338 3338 eum
2373 3299 2498 3338 vero
2526 3284 2618 3354 qui
2648 3285 2718 3338 sit
2747 3286 3010 3354 digamns,
3041 3284 3162 3338 licet
3188 3284 3382 3338 bonam
3420 3285 3514 3338 ha-

1946 3375 2071 3429 beat
2104 3375 2590 3439 conversationem,
2635 3383 2690 3428 et
2731 3376 2941 3430 czeteris
2974 3375 3262 3429 virtutibus
3290 3374 3512 3444 polleat,

1949 3474 2124 3520 tamen
2147 3481 2249 3519 non
2276 3480 2394 3520 esse
2417 3465 2482 3520 de
2499 3465 2762 3531 Ecclesia,
2792 3474 2847 3519 et
2866 3466 2930 3519 de
2947 3479 3010 3518 eo
3033 3480 3258 3519 numero
3290 3465 3380 3533 qui
3400 3479 3505 3518 non

1948 3557 2106 3612 habet
2127 3572 2308 3626 rugam
2327 3566 2416 3609 aut
2436 3555 2721 3620 maculam,
2740 3564 2830 3609 aut
2851 3555 3050 3624 aliquid
3071 3555 3373 3610 istiusmodi
3390 3571 3404 3620 ;
3420 3555 3512 3609 sed

1945 3663 2062 3703 esse
2084 3649 2149 3703 de
2177 3647 2411 3703 secundo
2438 3647 2628 3716 gradu,
2651 3655 2704 3700 et
2732 3647 2795 3701 de
2817 3647 2902 3700 his
2924 3650 3012 3716 qui
3043 3647 3294 3701 invocant
3319 3664 3512 3702 nomen

1947 3730 2179 3804 Domini,
2225 3748 2279 3793 et
2321 3739 2410 3808 qui
2466 3737 2741 3792 salvantur
2789 3737 3005 3807 quidem
3048 3737 3100 3792 in
3142 3738 3358 3794 nomine
3386 3737 3512 3794 δεδι

1945 3831 2173 3898 Christi;
2215 3845 2552 3899 nequaquam
2607 3839 2781 3882 tamen
2841 3839 3167 3884 coronantur
3222 3830 3290 3884 ab
3341 3845 3426 3883 eo.
3490 3848 3509 3881 ι

1945 3921 2079 3976 llinc
2120 3921 2336 3977 homilia
2381 3921 2447 3975 l9
2489 3921 2545 3972 in
2579 3918 2799 3984 Jerem.,
2865 3935 3014 3973 num.
3060 3919 3116 3985 4,
3165 3935 3268 3974 non
3313 3931 3516 3977 aaterno

1945 4014 2159 4083 quidem
2203 4010 2557 4067 addicendnm
2594 4011 2755 4064 tradit
2789 4011 3049 4080 supplicio
3076 4011 3384 4081 digamum,
3420 4017 3512 4066 sed

1943 4105 2257 4174 participem
2280 4104 2466 4158 salutis
2489 4102 2713 4168 alicujus
2739 4102 2997 4165 futurum,
3022 4117 3124 4156 non
3153 4112 3326 4156 tamen
3355 4112 3515 4157 tante

1943 4196 2233 4261 felicitatis,
2280 4203 2492 4263 quantae
2547 4194 2634 4262 qui
2689 4209 2854 4263 purus
2905 4192 3118 4248 vixerit.
3166 4192 3334 4248 Tomo
3380 4208 3514 4261 quo-

1943 4301 2047 4355 que
2075 4301 2144 4339 xx
2199 4287 2252 4339 in
2287 4283 2474 4351 10am,
2518 4300 2663 4338 num.
2700 4283 2787 4349 10,
2837 4284 2888 4338 in
2925 4298 2989 4337 eo
3036 4285 3343 4353 neutiquam
3395 4285 3515 4338 imi-

1946 4373 2162 4428 tandum
2195 4373 2561 4428 Abrahamum
2598 4372 2937 4441 pronuntiat,
2965 4372 3107 4442 quod
3152 4372 3358 4427 ancillae
3386 4389 3515 4427 con-

282 4475 480 4545 inquit,
546 4474 780 4528 debitum
841 4472 1119 4543 conjugale
1172 4471 1370 4526 nullius
1427 4481 1510 4525 est
1571 4471 1840 4537 criminis;
1876 4464 2228 4555 “cubuerit,
2257 4473 2311 4518 et
2358 4463 2618 4518 defuncta:
2647 4464 2799 4518 uxori
2830 4463 2987 4516 aliam
3028 4464 3077 4516 in
3123 4473 3398 4519 senectute
3425 4481 3516 4519 su-

284 4568 503 4635 exigere
532 4577 709 4620 autem
741 4565 879 4619 ultra
911 4564 1200 4634 generandi
1244 4564 1642 4627 necessitatem,
1675 4560 1845 4630 culpa:

283 4659 506 4713 venialis
537 4676 550 4711 :
590 4676 607 4709 ι
640 4657 782 4727 quod
826 4657 984 4710 iterat
1017 4670 1138 4722 cap.
1189 4653 1262 4708 10·
1282 4664 1332 4706 et
1362 4653 1450 4716 ll,
1482 4661 1535 4706 et
1558 4651 1654 4708 lib.
1707 4666 1721 4704 ι
1776 4651 1846 4705 De

284 4745 432 4819 rtttpl.
461 4761 508 4804 et
540 4750 862 4816 concupisc.,
894 4762 1012 4816 cap.
1051 4746 1138 4798 14.
1173 4744 1508 4814 Astipnlatnr
1548 4754 1598 4797 et
1635 4743 1846 4812 supple-

283 4853 522 4898 mentum
559 4841 790 4896 Summa:
809 4839 869 4894 S.
906 4838 1114 4892 Thomw
1157 4848 1346 4907 quaest.
1384 4838 1475 4899 49,
1518 4853 1575 4889 a.—
1601 4837 1652 4891 5.
1693 4836 1843 4903 Quod

286 4945 464 4990 autem
492 4934 657 5004 jactat
697 4931 1022 5000 TheOpbilus
1062 4929 1256 4984 Pasch.
1297 4929 1332 4982 2
1375 4940 1428 4982 et
1476 4930 1531 4994 5,
1563 4929 1842 4998 Origenem

292 5047 312 5080 ι
352 5027 693 5082 honorabiles
715 5024 1100 5079 condemnasse
1122 5025 1357 5095 nuptias,
1392 5041 1412 5074 ι
1448 5039 1551 5078 non
1581 5023 1630 5076 iul
1652 5038 1714 5076 ex
1735 5022 1848 5091 ejus

285 5117 491 5182 verbis,
519 5115 610 5171 sed
643 5130 712 5170 ex
739 5115 992 5168 doctrina:
1020 5113 1182 5181 ipsius
1213 5111 1596 5180 consequentia
1626 5112 1800 5181 arguit
1831 5132 1845 5166 :

285 5210 364 5265 sic
394 5209 536 5262 enim
570 5206 953 5260 ratiocinatur:
983 5204 1036 5258 Si
1064 5206 1113 5257 in
1143 5219 1387 5272 corpora,
1414 5203 1492 5258 sic
1516 5210 1765 5271 tanquam
1793 5203 1844 5256 in

285 5299 576 5370 ergastula,
605 5297 958 5352 detruduntur
989 5294 1183 5348 animze
1215 5295 1408 5358 noxizr,
1433 5309 1535 5347 non
1569 5308 1688 5348 esse
1717 5293 1846 5347 illud

291 5411 310 5446 ι
336 5390 508 5444 cubile
536 5387 958 5450 immaculatum,
981 5403 1000 5438 ›
1030 5399 1126 5439 nec
1151 5401 1168 5435 ι
1196 5383 1537 5438 honorabiles
1561 5384 1795 5451 nuptias,
1822 5400 1840 5433 ι

286 5498 405 5554 quae
467 5477 760 5534 lormandis
813 5473 1148 5546 corporibus,
1202 5489 1265 5528 ac
1317 5474 1508 5527 animis
1560 5472 1844 5541 puniendis

286 5587 504 5645 operam
540 5570 690 5632 dant,
728 5582 876 5635 cum.
905 5582 923 5616 ι
956 5573 1176 5634 propter
1211 5577 1396 5632 poenas
1429 5563 1754 5625 animarum,
1792 5568 1845 5613 et

359 5799 380 5830 ⁸
420 5802 433 5818 ’
468 5799 662 5863 prcs.
705 5812 752 5855 Υ,
785 5794 870 5846 27.

1948 4553 2336 4627 perinduxerit.
2383 4551 2632 4607 Profecto
2663 4569 2765 4607 non
2803 4551 3174 4619 Montanistaz,
3214 4553 3354 4606 inter
3380 4568 3516 4622 quos

1949 4645 2328 4710 Tertullianus,
2357 4658 2455 4697 nec
2495 4641 2778 4696 Novatiani
2810 4640 2982 4695 solum
3015 4639 3114 4695 hac
3146 4642 3395 4711 Opinione
3435 4644 3516 4696 in-

1949 4738 2072 4794 lecti
2101 4745 2242 4800 sunt,
2267 4737 2359 4791 sed
2391 4735 2643 4789 nonnulla
2671 4734 2832 4788 etiam
2859 4731 3013 4801 hujus
3034 4734 3210 4787 ah‘inia
3240 4749 3306 4788 ex
3330 4737 3517 4790 ortho-

1950 4830 2101 4884 doxis
2130 4828 2480 4896 scriptoribus
2507 4825 2682 4879 allerri
2716 4824 2907 4891 solent,
2936 4842 3053 4895 qua:
3085 4827 3135 4880 in
3168 4826 3514 4881 Decretorum

1949 4931 2100 4991 parte
2127 4936 2183 4986 tt,
2215 4936 2363 4974 cans.
2395 4920 2485 4982 51,
2518 4927 2708 4987 quaest.
2742 4916 2791 4984 l,
2820 4932 2940 4970 can.
2974 4915 3028 4982 8,
3070 4919 3102 4972 9
3126 4928 3181 4973 et
3213 4919 3299 4982 10,
3339 4918 3517 4972 retulit

1951 5013 2255 5067 Gratianus.
2288 5009 2441 5063 Prior
2479 5010 2628 5063 locus
2661 5015 2744 5063 est
2787 5022 2849 5062 ex
2884 5006 3302 5062 Neocaesariensi
3331 5008 3515 5062 conci-

1950 5103 2040 5169 lio,
2079 5118 2183 5171 quo
2219 5121 2236 5152 ι
2276 5100 2629 5154 secundarum
2664 5100 2968 5168 nuptiarum
3027 5099 3293 5152 connubio
3332 5117 3350 5149 »
3393 5114 3516 5168 pre-

1951 5196 2133 5266 sbyter
2165 5194 2424 5246 interesse
2459 5190 2797 5261 prohibetur,
2832 5205 2952 5244 cum
2998 5188 3294 5258 praesertim
3319 5191 3532 5259 nuptiis;

1949 5286 2207 5357 ejusmodi
2239 5285 2550 5353 pmnitentia
2583 5282 2778 5351 imponi
2815 5282 3001 5336 soleat.
3043 5279 3143 5334 Ubi
3176 5297 3295 5348 pro,
3329 5298 3359 5333 «-
3388 5297 3518 5336 con-

1950 5376 2132 5439 nubio,
2167 5394 2184 5424 ι
2219 5374 2496 5436 legendum
2529 5381 2632 5435 est,
2666 5391 2682 5422 ‹
2714 5371 2992 5434 convivio;
3031 5387 3048 5419 ι
3081 5370 3159 5424 sic
3181 5369 3323 5423 enim
3362 5373 3520 5438 paulo

1954 5475 2071 5536 post
2124 5465 2394 5518 habetur:
2446 5483 2463 5513 ι
2503 5463 2634 5530 Quis
2669 5463 2772 5517 erit
2818 5462 3119 5531 presbyter,
3167 5460 3256 5528 qui
3300 5471 3523 5529 propter

1951 5558 2254 5614 convivium
2301 5556 2403 5612 illis
2445 5556 2744 5610 consentiat
2796 5552 3034 5623 nuptiis?
3068 5571 3085 5604 ι
3127 5551 3202 5606 Ita
3243 5551 3436 5622 legitur
3464 5551 3533 5607 in'
