4068 6308
558 339 694 404 1091

1838 341 1902 401 P.
1935 332 2253 399 DANIELIS
2290 326 2531 398 unum

3676 326 3829 397 {093

561 462 697 533 ipsis
724 459 938 518 concilii
961 457 1379 530 exemplaribus,
1406 474 1474 516 ex
1502 458 1694 515 Graeco
1727 458 2145 533 εΠρεσσὺτερον
2172 465 2218 522 Α
2249 461 2423 531 patria
2464 460 2675 515 illorum
2699 455 2930 520 dialecto
2956 455 3224 528 signiﬁcat
3251 442 3458 528 ﬂagris.
3490 471 3519 509 ι·
3544 450 3826 528 ι)ηείρυί

472 538 485 559 ’
560 557 643 620 εἰς
688 553 903 627 γάμους
954 551 1327 623 διγαμούντων
1373 553 1449 624 μὴ
1503 553 1805 607 ἑστιᾶσθαι.
1864 553 2016 620 Quod
2062 554 2142 609 sic

562 647 740 702 reddit
784 645 1072 715 Dionysius
1103 642 1343 712 Exiguus
1386 660 1402 698 :
1448 661 1469 695 ι
1514 643 1811 715 Presbyter
1839 642 1894 697 in
1943 645 2142 715 nuptiis

560 738 682 806 ejus
710 737 801 808 qui
837 736 973 790 duas
1013 749 1213 789 uxores
1239 734 1417 799 ducit,
1463 745 1556 790 Sen
1600 735 1849 808 digamus
1892 735 2138 802 eﬂicitnr,

564 845 631 884 ne
660 829 1001 883 convivetur.
1041 846 1061 879 ι
1096 826 1248 880 Alter
1286 825 1442 881 locus
1477 835 1560 881 est
1593 832 1660 880 ex’
1702 836 1924 882 auclo‘re
1955 816 2142 896 Operi:

563 919 878 987 imperfecti,
911 919 1099 975 ltomil.
1147 913 1294 973 331'):
1330 917 1544 983 Matth"
1576 915 1665 985 19',
1696 933 1803 988 quo
1834 919 2144 974 decernitur

563 1013 772 1069 licitum
816 1026 937 1068 esse
978 1012 1273 1068 secundum
1313 1011 1556 1081 Apostoli
1587 1022 1912 1082 praeceptum
1942 1027 2142 1068 secun-

559 1105 658 1162 das
689 1106 841 1161 adire
886 1106 1123 1175 nuptias,
1165 1120 1186 1156 ι
1229 1102 1523 1159 secundum
1564 1112 1744 1157 autem
1781 1103 2026 1158 veritatis
2056 1118 2145 1157 ra-

561 1198 789 1260 tionem,
832 1206 963 1252 vere
989 1196 1403 1251 fornicationem
1447 1208 1567 1250 esse
1599 1204 1613 1249 :
1642 1194 1736 1250 sed
1770 1201 1891 1249 cu't'n
1920 1195 2145 1263 permit-

564 1295 715 1342 tente
764 1284 876 1341 Deo
928 1284 1143 1355 publice
1208 1293 1264 1340 et
1319 1283 1542 1340 licenter
1590 1283 1972 1349 ccmmittitur,
2027 1284 2142 1340 lleri

563 1377 846 1434 honeSIam
902 1378 1337 1434 fornicationem.
1376 1397 1392 1430 ι
1425 1370 1666 1433 Tertium
1703 1379 1917 1433 demum
1955 1393 2147 1450 suppe-

560 1470 699 1526 ditat
738 1470 1107 1542 Hieronymus
1165 1471 1261 1525 lib.
1293 1486 1307 1524 I
1360 1470 1416 1524 in
1451 1469 1749 1536 Jou'inian.,
1779 1482 1902 1541 c‘ap.
1949 1471 2004 1536 8,
2038 1485 2145 1541 quo

561 1564 831 1619 secundas
875 1564 1091 1635 nuptias
1126 1562 1210 1618 vix
1241 1562 1546 1633 nuptiarum
1589 1564 1814 1618 nomine
1840 1564 2142 1631 donandas,

561 1664 620 1714 e‘t
649 1657 738 1712 vix
764 1659 1100 1711 excusandas
1129 1656 1335 1730 delinit.
1368 1656 1437 1709 At
1470 1656 1522 1711 id
1565 1672 1670 1711 non
1703 1664 1812 1710 tam
1845 1657 1910 1710 ad
1943 1671 2034 1711 eas
2058 1673 2145 1712 re-

562 1749 889 1820 pudiandus,
917 1762 1076 1818 quam
1108 1749 1174 1802 ad
1208 1747 1568 1803 extollendam
1605 1747 1888 1802 viduarum
1919 1749 2144 1803 castita-

561 1845 673 1893 tem
706 1838 910 1893 dictum
964 1836 1251 1905 respondet
1304 1833 1615 1898 Gratianus,
1664 1841 1721 1889 et
1769 1849 1837 1889 ex
1863 1833 1994 1896 aliis
2025 1833 2142 1903 ejus

563 1927 894 1982 testimoniis
947 1927 1230 1996 approbat.
1285 1925 1391 1981 Tot
1447 1940 1577 1981 vero
1635 1936 1809 1982 scatet
1863 1927 2143 1983 erroribus

565 2017 757 2086 Operis
792 2018 1086 2088 ἕωμεν-[εειί
1122 2018 1380 2088 scriptor,
1411 2028 1470 2073 ut
1507 2018 1561 2073 in
1597 2017 1922 2087 dogmaticis
1954 2019 2142 2089 dispu-

564 2110 861 2166 tationibus
907 2110 1131 2165 minime
1177 2110 1249 2165 sit
1291 2104 1610 2165 audiendus.
1653 2108 2143 2166 Neocaesariensem

565 2209 749 2256 autem
779 2201 1039 2271 synodum
1087 2200 1156 2254 de
1187 2199 1430 2270 pluribus
1471 2198 1632 2253 simul
1663 2198 1845 2254 ductis
1883 2197 2144 2253 uxoribus

566 2305 728 2363 agere
769 2290 1014 2346 nonnulli
1061 2291 1387 2359 respondent
1443 2306 1459 2344 :
1513 2303 1675 2359 quam
1733 2288 2144 2360 responsionem

563 2381 798 2454 probare
832 2395 936 2435 non
972 2391 1213 2451 possum.
1245 2378 1423 2434 Malim
1459 2377 1614 2434 fateri
1665 2379 1828 2435 talem
1862 2378 2028 2436 luisse
2073 2394 2137 2434 ea

565 2481 725 2528 aetate
768 2471 1026 2529 Ecclesiae
1075 2471 1421 2528 severitatem
1461 2480 1518 2527 et
1554 2471 1810 2541 rigorem,
1865 2480 1924 2526 ut
1970 2471 2145 2527 licitas

570 2563 717 2631 licet,
758 2564 994 2636 aliquam
1031 2572 1210 2631 tamen
1235 2561 1645 2617 incontinentiae
1679 2561 1915 2629 speciem
1947 2576 2058 2631 pra:
2085 2578 2145 2618 se

565 2654 803 2710 ferentes
851 2643 1066 2725 nuptias
1115 2651 1406 2719 secundas,
1460 2666 1566 2705 non
1610 2650 1926 2707 celebritate
1968 2651 2144 2707 solum

564 2760 777 2811 carere,
813 2745 974 2817 eique
1016 2745 1391 2815 presbyterum
1438 2743 1665 2799 omnino
1701 2757 1811 2800 non
1856 2744 2141 2811 interesse,

565 2838 660 2894 sed
685 2836 1017 2910 poenitentiae
1041 2836 1205 2892 etiam
1229 2835 1571 2906 impcsiticne
1596 2836 1828 2906 quodam
1852 2838 2013 2892 modo
2043 2851 2143 2892 no-

568 2940 735 2986 tatam
765 2945 887 2989 esse
919 2927 1098 2983 vellet.

642 3020 735 3081 IV.
787 3019 1117 3090 Theophilus
1174 3017 1588 3085 Alexandrinus,
1629 3017 1826 3074 Pasch.
1882 3020 1922 3074 Ξ
1987 3019 2145 3090 epist.

567 3113 858 3184 Origenem
887 3119 1146 3166 causatur
1169 3109 1392 3181 magicis
1420 3110 1630 3165 artibus
1652 3111 2011 3180 patrocinium
2041 3111 2139 3167 tri-

2242 561 2417 609 autem
2461 555 2600 607 inter
2640 552 2996 622 philosophia:
3025 558 3278 620 parentes
3312 550 3448 622 Magi
3481 557 3830 605 commemo—

2242 654 2429 697 rantur
2470 659 2499 696 a
2534 637 2751 697 Laertic
2784 642 2836 695 in
2881 630 3119 696 Promm.
3164 639 3392 712 Magiam
3434 654 3566 710 ergo
3611 637 3667 694 si
3714 643 3826 692 rctn

2241 742 2348 784 non
2397 729 2591 783 malam
2621 744 2742 784 esse
2786 727 3250 798 dixitOrigenes,
3279 729 3508 798 perinde
3548 737 3635 783 est
3658 744 3745 789 _ac
3786 730 3828 783 si

2244 823 2643 895 phil'os0pltiam
2685 839 2796 879 rem
2846 840 2950 879 non
2994 824 3188 878 malam
3233 822 3450 878 dixerit.
3502 822 3629 876 Pari
3669 817 3832 875 modo

2244 916 2617 986 accipiendum
2664 923 2746 970 est
2802 915 2943 986 quod
2999 916 3071 969 ait
3137 915 3233 970 lib.
3282 922 3356 970 vn
3418 925 3605 968 contra
3662 911 3831 974 Ce‘ls.,

2244 1021 2393 1061 num.
2428 994 2481 1071 5,
2522 1015 2693 1061 artem
2731 1005 3152 1078 rtpovasrtx‘ipi
3184 1007 3417 1060 medium
3457 1003 3669 1075 aliquid
3711 1017 3833 1057 esse

2244 1110 2299 1154 et
2341 1090 2651 1153 indili‘erens
2695 1118 2708 1152 :
2758 1116 2881 1154 nam
2927 1101 2971 1155 si
3016 1117 3082 1156 ex
3149 1104 3435 1154 causarum
3492 1096 3833 1153 naturalium

2244 1190 2580 1260 inspectione
2607 1191 3005 1258 proﬁciscatur,
3039 1189 3323 1246 laudabilis
3353 1200 3468 1255 est;
3496 1192 3580 1244 sin
3614 1205 3684 1244 ex
3720 1188 3836 1244 dae.

2246 1300 2465 1340 monum
2509 1285 2735 1350 te‘chnis,
2760 1286 3130 1354 Vituperanda.
3167 1285 3224 1339 '0
3250 1285 3422 1354 Λόγος
3442 1283 3507 1356 δὴ
3541 1285 3713 1356 αἱρεῖ,
3752 1284 3827 1338 in.

2244 1379 2379 1449 quit,
2405 1365 2563 1448 φαῦλ’
2588 1376 2723 1433 ἄττα
2746 1374 2985 1450 νομίζειν
3005 1373 3142 1448 εἶναι
3164 1378 3230 1432 τὰ
3245 1378 3468 1432 τοιαῦτα
3490 1377 3833 1450 (πνεύματα)

2244 1470 2310 1541 τῇ
2340 1470 2718 1540 προγνωστικῇ
2744 1468 2992 1540 δυνάμει,
3029 1468 3168 1542 μέσῃ
3200 1466 3533 1539 τυγχανούσῃ
3562 1469 3643 1530 εἰς
3675 1465 3836 1521 ἀπά-

2245 1574 2343 1630 την
2385 1556 2686 1631 ἀνθρώπων
2730 1556 3016 1630 χρώμενα,
3057 1558 3151 1612 καὶ
3201 1554 3336 1630 πρὸς
3380 1554 3443 1609 τὸ
3481 1554 3834 1629 περισπᾶσαι

2245 1648 2440 1712 αὐτοὺς
2479 1638 2588 1701 citi-:6
2634 1646 2728 1701 τοῦ
2784 1647 2942 1713 Θεοῦ,
2980 1648 3075 1700 καὶ
3113 1648 3212 1719 τῆς
3252 1642 3498 1718 καθαρᾶς
3537 1638 3613 1710 εἷς
3653 1632 3833 1701 αὐτὸν

2245 1738 2544 1803 εὐσεϐείαςζ
2578 1738 2814 1809 Magicas
2838 1754 2969 1809 ergo
3009 1747 3157 1794 artes
3180 1778 3193 1802 ,
3227 1743 3347 1807 qua
3377 1738 3676 1791 dminc‘num
3715 1731 3830 1791 l'af-

2174 1807 2217 1868 Β
2246 1829 2401 1885 laciis
2425 1807 2888 1896 administrantur,
2910 1807 3190 1899 improbat
3213 1836 3266 1883 et
3295 1816 3467 1895 reficit
3493 1847 3506 1883 :
3541 1829 3632 1883 sed
3658 1828 3835 1883 multo

2249 1911 2412 1978 etiam
2450 1918 2704 1976 disertius
2745 1922 2846 1975 sub
2889 1913 3051 1975 line'm
3092 1920 3464 1975 antecedentis
3494 1919 3643 1985 libri,
3677 1924 3832 1978 num'.

2250 2014 2354 2079 80;
2386 2014 2456 2069 ibi
2485 2014 2679 2083 quippe
2704 2012 2917 2067 Celsum
2942 2008 3204 2083 coarguit,
3234 2012 3324 2082 qui
3356 2007 3539 2083 Magos
3564 1999 3833 2066 ἔνθεωτᾶ-

2247 2121 2375 2169 τους
2408 2105 2789 2175 appellaverat,
2842 2094 3061 2174 ἀφ’ὗν,
3096 2106 3285 2175 inquit,
3318 2089 3715 2175 ἡπαρῶνυμος
3742 2104 3832 2157 τοῦ

2250 2197 2435 2263 ἔθνους
2479 2195 2657 2251 αὐτῶν
2708 2194 2916 2267 μαγεία
2947 2185 3041 2249 καῖ
3082 2198 3194 2259 τοῖς
3231 2196 3436 2259 λοιποῖς
3463 2196 3703 2260 ἔθνεσιν,
3746 2184 3833 2250 ἐπὶ

2249 2286 2513 2360 διαφθορᾷ
2550 2288 2644 2341 καὶ
2676 2277 2878 2359 όλέθρῳ
2915 2286 3023 2340 τῶν
3055 2286 3351 2358 χρωμένων
3381 2287 3543 2360 αὐτῇ,
3581 2287 3832 2359 ἐπιδεδή-

2255 2378 2533 2453 μηκενοἐι
2561 2379 2743 2436 ltotnil.
2784 2379 2846 2432 15
2890 2379 2946 2432 in
2987 2378 3182 2442 Num,
3218 2395 3366 2433 num.
3400 2380 3433 2434 5
3468 2397 3482 2431 :
3520 2397 3542 2431 ι
3584 2377 3699 2435 Nec
3732 2380 3833 2434 mi-

2252 2474 2406 2540 reris,
2451 2472 2496 2526 si
2528 2480 2612 2526 est
2645 2470 2699 2525 in
2738 2470 2944 2542 magica
2975 2479 3091 2525 arte
3122 2470 3226 2523 tale
3258 2469 3457 2539 aliquid
3488 2487 3501 2524 :
3530 2485 3656 2526 esse
3687 2471 3828 2525 enim

2253 2564 2395 2620 hanc
2442 2572 2612 2618 artem
2649 2561 2897 2633 designat
2941 2562 3104 2617 etiam
3148 2560 3452 2632 Scriptura,
3496 2560 3592 2616 sed
3643 2560 3727 2616 uti
3768 2568 3829 2617 ea

2254 2654 2519 2725 prohibet.
2552 2652 2687 2708 Nam
2714 2664 2769 2709 et
2802 2655 3072 2709 daemones
3103 2650 3380 2723 Scriptura
3408 2667 3528 2708 esse
3555 2653 3831 2726 designat,

2253 2745 2346 2802 sed
2386 2746 2491 2800 ccli
2524 2761 2618 2801 eos
2645 2756 2699 2800 et
2723 2745 2940 2800 exorari
2969 2755 3136 2802 vetat.
3165 2742 3336 2802 Recte
3362 2746 3689 2816 ergoetiam
3719 2759 3832 2801 ma-

2254 2837 2371 2908 gica
2419 2838 2495 2892 uti
2544 2838 2814 2907 prohibet,
2869 2839 2996 2908 quia
3044 2836 3320 2907 Magorum
3370 2837 3608 2893 ministri
3649 2834 3830 2908 angeli

2254 2936 2379 2984 sunt
2422 2929 2655 3000 refugae,
2687 2937 2742 2984 et
2775 2929 3001 3001 spiritus
3045 2928 3294 3001 maligni,
3321 2937 3376 2984 et
3422 2929 3692 2985 daemonia
3726 2932 3829 2984 im-

2254 3021 2475 3078 munda.
2509 3040 2527 3073 ι
2569 3020 2798 3091 Reliqua
2830 3031 2937 3076 ucn
2971 3021 3150 3079 minus
3200 3015 3433 3076 dilucida
3469 3021 3703 3077 vitandae
3747 3036 3834 3077 sae

2261 3113 2458 3168 tietatis
2490 3129 2650 3169 causa
2681 3106 3051 3184 praetermitto.
3080 3100 3339 3168 Tracta‘tu
3362 3114 3525 3168 etiam
3553 3105 3609 3168 in
3632 3102 3830 3168 ﬂaui.

564 3177 769 3263 lauisse.
817 3202 991 3258 Verba
1039 3203 1153 3258 haec
1198 3177 1419 3257 adducit
1473 3218 1504 3258 e
1554 3177 1774 3273 scriptis
1827 3203 2078 3276 Origenis
2128 3177 2223 3259 τε
2259 3192 2543 3260 tricesimo
2573 3177 2784 3274 quinto,
2838 3221 2987 3260 num.
3036 3196 3161 3272 “0',
3203 3219 3325 3275 pag.
3373 3202 3499 3273 9W,
3550 3205 3830 3262 Judaicum

573 3316 596 3353 ι
635 3298 741 3353 Ars
790 3297 999 3366 magica
1039 3309 1145 3349 non
1196 3296 1326 3349 mihi
1362 3294 1578 3350 videtur
1622 3294 1850 3364 alicujus
1900 3297 1976 3351 rei
2017 3295 2148 3351 sub-

569 3388 819 3447 sis-tentis
861 3387 1179 3443 vocabulum
1229 3404 1245 3440 :
1286 3387 1379 3442 sed
1419 3387 1529 3442 etsi
1556 3387 1650 3453 sit,
1694 3398 1800 3443 non
1843 3397 1924 3443 est
1966 3387 2149 3458 operis

570 3480 721 3548 mali,
767 3494 835 3536 ne
887 3478 1014 3549 quid
1064 3479 1268 3534 habere
1317 3478 1489 3547 possit
1527 3483 1878 3551 contemptui.
1941 3499 1961 3533 ι
2011 3479 2148 3536 Tum

572 3573 741 3630 multa
785 3571 1045 3627 adversus
1078 3586 1201 3624 eum
1232 3570 1469 3626 oratorie
1497 3580 1819 3643 eXaggerat;
1856 3584 1942 3626 res
1977 3581 2151 3627 atten-

571 3666 681 3720 tius
753 3665 1110 3734 introspicere
1182 3666 1403 3734 insuper
1466 3663 1649 3718 babet.
1720 3660 2008 3734 Urigenem
2075 3665 2150 3719 ait

569 3755 793 3828 Elymaz,
820 3754 1025 3811 iamne:
1050 3766 1102 3811 et
1155 3754 1409 3811 Manibra:
1438 3757 1701 3812 fautorem
1736 3766 1892 3825 esse;
1920 3756 2148 3812 deletam

571 3846 741 3902 fuisse
786 3847 1020 3901 adrentu
1067 3846 1276 3902 Christi
1322 3848 1716 3914 i'dclclatriam,
1757 3865 1877 3918 qua:
1920 3860 1988 3903 ex
2035 3859 2153 3905 arte

571 3938 783 4006 magica
839 3937 1081 4006 profecta
1135 3947 1212 4001 et,
1269 3954 1331 3993 ac
1374 3940 1603 3994 deletam
1653 3940 1879 4010 proinde
1921 3942 2151 4012 magiam

573 4028 790 4096 ipsam;
819 4026 1031 4097 aliaque
1057 4027 1321 4097 ejusmodi
1345 4029 1572 4098 plurima
1595 4031 1853 4103 congerit.
1884 4030 2149 4100 Quocirca

574 4128 877 4192 anonymus
904 4122 1042 4190 apud
1074 4119 1340 4188 Photiutn,
1376 4120 1495 4176 cod.
1521 4127 1688 4190 cxvii,
1726 4123 1867 4180 inter
1897 4126 2155 4183 erimina-

575 4211 753 4266 tiones
797 4210 851 4264 in
885 4209 1176 4281 Origenem
1221 4209 1290 4264 ab
1328 4210 1658 4268 adversariis
1705 4210 1970 4271 conﬂatas
2013 4217 2154 4272 hanc

576 4317 719 4358 ncnc
747 4301 864 4359 loco
894 4312 1136 4358 recenset
1178 4318 1193 4355 :
1228 4302 1310 4356 ὅτι
1349 4302 1412 4357 οὐ
1441 4300 1608 4358 κακδν
1636 4307 1675 4377 ἡ
1703 4306 1876 4377 μαγὶα
1894 4323 1909 4337 ⁸
1956 4308 2154 4363 malam

576 4412 682 4450 non
713 4408 823 4450 esse
861 4396 1113 4465 magiam.
1159 4394 1536 4452 Meminissent
1565 4406 1911 4455 accusatores
1950 4398 2026 4455 illi
2057 4400 2157 4456 du-

576 4486 775 4556 plicem
832 4496 951 4542 esse
999 4487 1255 4558 magiam,
1311 4497 1364 4543 ul
1416 4499 1566 4545 recte
1612 4506 1678 4546 ex
1717 4482 2068 4565 Hieronymo,
2101 4504 2154 4551 et

576 4574 791 4634 Iustino
850 4580 1078 4649 probant
1115 4579 1300 4636 Sixtus
1340 4580 1433 4639 lib.
1483 4597 1559 4647 vr,
1597 4593 1782 4640 annct.
1812 4584 1867 4651 8,
1899 4595 1953 4641 et
1977 4584 2155 4642 Gene-

579 4667 808 4724 brardus
827 4667 1045 4725 cauea.
1073 4687 1191 4743 cap.
1226 4673 1283 4740 li,
1313 4672 1558 4736 alteram,
1584 4680 1702 4745 quae
1726 4690 1793 4730 ex
1819 4677 2156 4734 naturalibus

580 4759 762 4816 causis
806 4768 863 4814 et‘
909 4761 1186 4831 principiis
1236 4779 1324 4819 res
1373 4765 1633 4836 praevidet
1683 4777 1741 4822 et
1783 4770 2050 4837 praedicit,
2099 4768 2167 4824 et

582 4862 966 4922 nonnunquam
993 4854 1152 4908 etiam
1191 4852 1374 4923 elIicit,
1408 4872 1528 4926 qua:
1559 4859 1774 4929 proprie
1812 4860 2152 4930 philosophia

582 4954 698 5010 est;
732 4943 982 5010 alteram,
1016 4953 1136 5016 quas
1163 4944 1463 5000 daemonum
1495 4963 1597 5019 cpe
1624 4957 1680 5003 et
1707 4949 1947 5006 subsidio
1973 4939 2153 5018 utens,

586 5036 874 5109 praestigiis
915 5035 1160 5093 homines
1200 5031 1341 5093 l‘allit
1374 5046 1430 5093 et
1472 5040 1703 5096 deludit.
1732 5033 1916 5114 Magos
1952 5042 2098 5111 illos,
2122 5058 2155 5099 a

586 5128 779 5197 quibus
822 5129 998 5201 magia
1035 5124 1176 5185 dicta
1223 5136 1338 5194 est,
1390 5131 1619 5187 deorum
1671 5123 2022 5206 religionibus
2057 5135 2159 5189 ad-

585 5219 786 5286 dictos,
825 5235 1019 5276 nomen
1050 5221 1230 5277 ihde'a
1263 5223 1435 5291 patria
1463 5223 1695 5280 dialecto
1725 5227 1951 5282 sortitos
1988 5226 2160 5282 refert

582 5309 916 5395 Porphyrius
948 5314 1044 5370 lib.
1078 5330 1161 5381 ιιι,
1197 5308 1334 5385 Πὲρὶ
1371 5305 1660 5386 ἐμψύχων
1686 5308 1964 5388 ἁζτεοχῆςί
1988 5316 2156 5391 Παρὰ

587 5403 688 5477 μέν
724 5420 788 5474 γε
817 5407 931 5469 τοῖς
962 5406 1219 5479 Πέρσαις,
1255 5410 1447 5479 inquit,
1477 5411 1526 5462 οἱ
1557 5411 1684 5483 περὶ
1712 5404 1773 5464 το
1799 5411 1953 5465 Θεῖον
1977 5410 2154 5481 σοφοὶ,

584 5498 680 5551 καὶ
732 5494 899 5549 αὑτοῦ
966 5497 1293 5569 θεράποντες
1312 5541 1327 5565 ,
1383 5501 1562 5570 Μάγοι
1621 5492 1718 5573 μὲν
1767 5502 2123 5574 ὀνομάζονται
2142 5516 2157 5532 ⁸

584 5589 739 5642 τοῦτο
769 5589 877 5661 γὰρ
912 5590 1053 5643 κατὰ
1081 5591 1179 5661 τὴν
1208 5592 1499 5665 ἐπιχώριον
1538 5593 1812 5648 διάλεκτον
1844 5584 2096 5666 σημαίνει
2134 5594 2163 5646 ὁ

583 5681 790 5748 Μάγος.
825 5700 845 5732 ι
877 5682 1033 5748 Apud
1065 5680 1280 5750 Persas,
1309 5687 1399 5753 qui
1445 5701 1624 5741 rerum
1656 5687 1959 5741 divinarum
1998 5686 2162 5756 periti

584 5782 731 5838 sunt,
762 5774 1001 5857 deosque
1021 5773 1240 5843 colunt,
1282 5775 1418 5849 Magi
1452 5788 1830 5851 nuncupantur
1877 5779 1971 5837 :id
2014 5780 2161 5836 enim

2257 3311 2378 3353 esse
2407 3295 2536 3350 dicit
2578 3294 2829 3364 adjurare
2856 3295 3114 3350 daemonia
3134 3335 3152 3362 ,
3192 3310 3365 3366 neque
3393 3298 3690 3350 secundum
3736 3311 3828 3373 pc-

2259 3397 2511 3443 testatem
2562 3401 2593 3440 a
2658 3386 2873 3443 Christo
2948 3402 3292 3453 concessam;
3364 3402 3472 3458 quo
3537 3387 3831 3458 signiﬁcari

2256 3478 2370 3533 vult
2397 3477 2458 3534 S.
2502 3476 2739 3534 Thomas
2779 3476 2899 3546 2-2,
2934 3485 3127 3548 quiest.
3155 3474 3245 3545 90',
3279 3494 3331 3531 a.
3365 3477 3434 3545 2,-
3456 3478 3834 3548 ἱιιόιιῇιιηιίο-

2256 3571 2341 3625 nis
2371 3585 2562 3642 genus,
2596 3570 2739 3641 quod
2771 3568 2956 3652 ﬁther
2985 3586 3194 3642 preces,
3223 3560 3536 3636 sacriﬁcia,»
3557 3580 3612 3626 et
3642 3570 3834 3625 Vetit‘as

2256 3661 2649 3725 caeremonias;
2678 3674 2784 3715 non
2806 3660 3032 3714 alterum
3071 3657 3216 3726 illud,
3242 3661 3385 3730 quod
3421 3661 3479 3715 lit
3504 3660 3829 3731 potestati’oe,

2255 3759 2313 3804 ut
2347 3751 2584 3820 loquitur
2605 3748 2863 3814 Thomas,
2886 3761 2941 3804 et
2971 3760 3077 3821 quo
3110 3749 3345 3805 Ecclesia
3378 3751 3454 3804 uti
3480 3750 3637 3805 solet.
3670 3748 3835 3806 Libro

2257 3841 2418 3895 etiam
2452 3853 2511 3894 tu
2566 3839 2706 3910 Περὶ
2740 3838 2963 3911 ἀρχῶν,
2997 3854 3112 3911 cap.
3152 3840 3208 3906 3,
3244 3856 3393 3894 num.
3422 3841 3455 3894 5
3481 3849 3535 3896 et
3565 3839 3619 3907 ι,
3667 3841 3738 3894 ita
3763 3838 3835 3897 de

2255 3933 2432 4003 magia
2462 3931 2699 3999 disserit,
2729 3943 2788 3987 ut
2824 3948 2931 4003 pro
2955 3936 3116 3989 noxia
3142 3942 3198 3990 et
3224 3933 3531 4005 perniciosa
3566 3935 3703 3989 hanc
3739 3934 3832 4005 ip—

2256 4042 2374 4083 sum
2403 4026 2653 4082 habuisse
2684 4032 2918 4080 constet.

2329 4118 2389 4174 V.
2422 4118 2551 4186 Quae
2571 4130 2709 4173 ~cnm
2747 4119 2818 4172 ita
2851 4129 2920 4173 se'
2952 4117 3210 4181 habeant,
3260 4117 3429 4173 miror
3459 4110 3510 4174 id
3539 4118 3836 4190 scripsisse

2257 4214 2593 4269 Eustathium
2623 4212 3016 4267 Antiochenum
3044 4230 3057 4266 :
3097 4198 3288 4265 Ἀλλ”ὁ
3312 4204 3514 4283 κομψὸς
3548 4200 3835 4285 Ὠρίγένης

2256 4296 2694 4375 εἰδωλολατρείας
2719 4302 2946 4376 ὄργανα,
2976 4301 3068 4356 καὶ
3095 4304 3519 4375 νεκρομαντείας
3548 4304 3833 4375 εὑρήματα

2255 4397 2334 4470 τῷ
2371 4397 2471 4468 τῆς
2512 4386 2834 4466 Ἐκκλησίας
2873 4394 3041 4449 θέλων
3084 4397 3507 4470 ὲπεισκυκλῆσαι
3549 4397 3695 4471 χορῷ
3740 4397 3830 4451 τοῦ

2259 4489 2404 4544 θείου
2430 4478 2825 4559 καταψεύδεται
2848 4488 3201 4561 Γράμματος.
3246 4508 3264 4542 ι
3300 4489 3404 4544 Sed
3429 4498 3695 4546 venustus
3717 4487 3834 4546 Ori-

2261 4599 2424 4654 genes
2458 4582 2777 4638 idololatriae
2808 4582 3166 4638 instrumenta
3190 4624 3205 4648 ,
3247 4592 3302 4638 et
3329 4585 3722 4640 necromantia:
3752 4586 3829 4640 in-

2262 4680 2418 4727 Venta
2466 4671 2517 4725 in
2548 4670 2806 4727 Ecclesia:
2837 4662 3062 4726 chorum
3106 4672 3363 4728 inducere
3404 4672 3623 4740 volens,
3655 4670 3711 4730 in
3750 4690 3832 4730 sa-

2262 4757 2410 4819 cram
2431 4762 2772 4833 Scripturam
2796 4762 3107 4817 mentitur.»
3129 4756 3306 4819 Locus
3334 4763 3563 4821 habetur
3586 4767 3641 4821 i'n
3659 4767 3832 4825 libello

2262 4853 2340 4909 De
2372 4854 2814 4925 eitg'tuli‘t'ntylho,
2847 4868 3005 4925 quem
3055 4853 3357 4911 lncnbravit
3382 4857 3450 4913 ad
3490 4857 3545 4914 id
3582 4860 3825 4932 rejicien-

2263 4954 2391 5009 dum
2421 4952 2675 5026 Origenis
2701 4954 2918 5023 dogma,
2955 4967 3063 5022 quo
3089 4954 3321 5008 animam
3356 4954 3527 5028 ipsam
3566 4956 3832 5016 Samuelis

2261 5062 2289 5101 a
2319 5044 2646 5118 Pythonissa
2685 5050 2784 5115 per
2818 5035 3221 5101 incantamenta
3258 5056 3540 5102 evocatam
3575 5049 3828 5109 decrevit.

2259 5137 2460 5192 Eadem
2510 5138 2575 5192 de
2620 5147 2782 5191 causa
2818 5134 3085 5206 peculiari
3115 5135 3255 5192 libro
3297 5135 3587 5209 Origenetn
3632 5132 3833 5197 Metho-

2260 5230 2383 5285 dius
2419 5220 2615 5303 Tyrius
2662 5225 2880 5293 refellit,
2912 5234 2971 5280 ut
3012 5236 3202 5283 auctor
3233 5229 3321 5284 est
3349 5226 3712 5303 Hieronymus
3762 5232 3831 5287 De

2260 5323 2442 5388 script.
2473 5321 2680 5386 eccles.~,
2721 5334 2845 5389 cap.
2894 5307 2982 5374 94".
3022 5317 3176 5375 Hunc
3197 5323 3361 5375 etiam
3392 5332 3543 5378 notat
3574 5339 3827 5389 errorem,

2263 5427 2555 5483 suppresso
2595 5412 2719 5467 licet
2759 5404 3011 5482 Grigcnis
3056 5411 3294 5477 nomine,
3319 5404 3615 5483 Gregorius
3636 5405 3827 5486 Nysse-

2266 5520 2371 5558 nus
2411 5502 2462 5556 in
2508 5501 2745 5572 Epistula
2787 5502 2853 5556 ad
2889 5491 3251 5556 Theodosium
3282 5501 3346 5555 de
3373 5491 3717 5574 Pytltonissa.
3758 5508 3831 5559 Ac

2264 5587 2578 5650 Eustathius
2607 5593 2846 5664 quidem,
2882 5594 3035 5665 cujus
3072 5595 3269 5652 librum
3307 5587 3419 5652 Leo
3462 5599 3692 5652 Allatius
3718 5598 3830 5651 edi-

2265 5687 2362 5753 dit,
2402 5685 2567 5740 variis
2614 5685 2914 5741 rationibus
2973 5687 3260 5743 ostendere
3301 5698 3529 5744 conatur
3575 5704 3679 5745 non
3737 5690 3828 5745 Sa-

2266 5777 2523 5847 muelem,
2560 5776 2900 5836 Samuelisvc
2922 5779 3157 5836 animam
3198 5772 3538 5850 Pythonissaa
3574 5784 3826 5841 carmini-
