  <div class='ocr_page' id='page_1' title='image "/cluster/home/n/w/nwhite01/storage/ocr_20150623/17/mdp.39015031604831/552.png"; bbox 0 0 4068 6308; ppageno 0'>
   <div class='ocr_carea' id='block_1_1' title="bbox 303 354 435 411">
    <p class='ocr_par' dir='ltr' id='par_1_1' title="bbox 303 354 435 411">
     <span class='ocr_line' id='line_1_1' title="bbox 303 354 435 411; baseline 0 -1"><span class='ocrx_word' id='word_1_1' title='bbox 303 354 435 411; x_wconf 72' lang='grc'><strong>1095</strong></span> 
     </span>
    </p>
   </div>
   <div class='ocr_carea' id='block_1_2' title="bbox 1400 352 2575 424">
    <p class='ocr_par' dir='ltr' id='par_1_2' title="bbox 1400 352 2575 424">
     <span class='ocr_line' id='line_1_2' title="bbox 1400 352 2575 424; baseline 0.001 -13"><span class='ocrx_word' id='word_1_2' title='bbox 1400 353 1975 417; x_wconf 80' lang='lat' dir='ltr'><strong>ORIGENIANORUM</strong></span> <span class='ocrx_word' id='word_1_3' title='bbox 2016 360 2147 415; x_wconf 79' lang='lat' dir='ltr'><strong>LIB.</strong></span> <span class='ocrx_word' id='word_1_4' title='bbox 2185 352 2277 424; x_wconf 44' lang='lat' dir='ltr'><strong>Il,&quot;</strong></span> <span class='ocrx_word' id='word_1_5' title='bbox 2294 355 2446 412; x_wconf 84' lang='lat' dir='ltr'><strong>CAP.</strong></span> <span class='ocrx_word' id='word_1_6' title='bbox 2483 354 2575 412; x_wconf 77' lang='lat' dir='ltr'><strong>Ill.</strong></span> 
     </span>
    </p>
   </div>
   <div class='ocr_carea' id='block_1_3' title="bbox 3409 357 3547 413">
    <p class='ocr_par' dir='ltr' id='par_1_3' title="bbox 3409 357 3547 413">
     <span class='ocr_line' id='line_1_3' title="bbox 3409 357 3547 413; baseline 0 -1"><span class='ocrx_word' id='word_1_7' title='bbox 3409 357 3547 413; x_wconf 63' lang='lat'><strong>1091</strong></span> 
     </span>
    </p>
   </div>
   <div class='ocr_carea' id='block_1_4' title="bbox 302 460 3593 547">
    <p class='ocr_par' dir='ltr' id='par_1_4' title="bbox 302 460 3593 547">
     <span class='ocr_line' id='line_1_4' title="bbox 302 460 3593 547; baseline 0.001 -24"><span class='ocrx_word' id='word_1_8' title='bbox 302 470 403 523; x_wconf 91' lang='lat' dir='ltr'><strong>bus</strong></span> <span class='ocrx_word' id='word_1_9' title='bbox 432 467 596 524; x_wconf 81' lang='lat' dir='ltr'><strong>fuisse</strong></span> <span class='ocrx_word' id='word_1_10' title='bbox 636 469 953 539; x_wconf 74' lang='lat' dir='ltr'><strong>excitatam,</strong></span> <span class='ocrx_word' id='word_1_11' title='bbox 984 470 1079 527; x_wconf 88' lang='lat' dir='ltr'><strong>sed</strong></span> <span class='ocrx_word' id='word_1_12' title='bbox 1113 460 1433 538; x_wconf 68' lang='lat' dir='ltr'><strong>daemonem,</strong></span> <span class='ocrx_word' id='word_1_13' title='bbox 1474 476 1557 531; x_wconf 87' lang='lat' dir='ltr'><strong>vel</strong></span> <span class='ocrx_word' id='word_1_14' title='bbox 1596 479 1819 546; x_wconf 74' lang='lat' dir='ltr'><strong>pliasma</strong></span> <span class='ocrx_word' id='word_1_15' title='bbox 1842 495 1872 533; x_wconf 89' lang='lat' dir='ltr'><strong>a</strong></span> <span class='ocrx_word' id='word_1_16' title='bbox 1901 487 1949 545; x_wconf 80' lang='grc' dir='ltr'><strong>Α</strong></span> <span class='ocrx_word' id='word_1_17' title='bbox 1977 481 2083 536; x_wconf 89' lang='lat' dir='ltr'><strong>lam</strong></span> <span class='ocrx_word' id='word_1_18' title='bbox 2123 478 2429 547; x_wconf 75' lang='lat' dir='ltr'><strong>refragatur</strong></span> <span class='ocrx_word' id='word_1_19' title='bbox 2460 473 2794 545; x_wconf 78' lang='lat' dir='ltr'><strong>Augustinus</strong></span> <span class='ocrx_word' id='word_1_20' title='bbox 2838 471 2893 527; x_wconf 91' lang='lat' dir='ltr'><strong>in</strong></span> <span class='ocrx_word' id='word_1_21' title='bbox 2941 471 3081 529; x_wconf 89' lang='lat' dir='ltr'><strong>libro</strong></span> <span class='ocrx_word' id='word_1_22' title='bbox 3118 472 3199 528; x_wconf 81' lang='lat' dir='ltr'><strong>De</strong></span> <span class='ocrx_word' id='word_1_23' title='bbox 3243 473 3542 535; x_wconf 82' lang='lat' dir='ltr'><strong>mendacio,</strong></span> <span class='ocrx_word' id='word_1_24' title='bbox 3588 512 3593 517; x_wconf 81' lang='lat'><strong>.</strong></span> 
     </span>
    </p>
   </div>
   <div class='ocr_carea' id='block_1_5' title="bbox 303 560 1870 636">
    <p class='ocr_par' dir='ltr' id='par_1_5' title="bbox 303 560 1870 636">
     <span class='ocr_line' id='line_1_5' title="bbox 303 560 1870 636; baseline 0.008 -24"><span class='ocrx_word' id='word_1_25' title='bbox 303 560 547 615; x_wconf 68' lang='lat' dir='ltr'><strong>daemone</strong></span> <span class='ocrx_word' id='word_1_26' title='bbox 593 562 907 617; x_wconf 82' lang='lat' dir='ltr'><strong>conﬁctum.</strong></span> <span class='ocrx_word' id='word_1_27' title='bbox 957 561 1243 633; x_wconf 87' lang='lat' dir='ltr'><strong>Sigillatim</strong></span> <span class='ocrx_word' id='word_1_28' title='bbox 1300 563 1414 619; x_wconf 68' lang='lat' dir='ltr'><strong>haec</strong></span> <span class='ocrx_word' id='word_1_29' title='bbox 1461 569 1734 636; x_wconf 90' lang='lat' dir='ltr'><strong>persequi,</strong></span> <span class='ocrx_word' id='word_1_30' title='bbox 1764 586 1870 625; x_wconf 92' lang='lat' dir='ltr'><strong>non</strong></span> 
     </span>
    </p>
   </div>
   <div class='ocr_carea' id='block_1_6' title="bbox 301 654 1871 730">
    <p class='ocr_par' dir='ltr' id='par_1_6' title="bbox 301 654 1871 730">
     <span class='ocr_line' id='line_1_6' title="bbox 301 654 1871 730; baseline 0.008 -24"><span class='ocrx_word' id='word_1_31' title='bbox 301 663 388 706; x_wconf 90' lang='lat' dir='ltr'><strong>est</strong></span> <span class='ocrx_word' id='word_1_32' title='bbox 426 654 523 708; x_wconf 90' lang='lat' dir='ltr'><strong>otii</strong></span> <span class='ocrx_word' id='word_1_33' title='bbox 564 656 762 720; x_wconf 77' lang='lat' dir='ltr'><strong>nostri,</strong></span> <span class='ocrx_word' id='word_1_34' title='bbox 790 671 889 712; x_wconf 91' lang='lat' dir='ltr'><strong>nec</strong></span> <span class='ocrx_word' id='word_1_35' title='bbox 921 656 1153 709; x_wconf 90' lang='lat' dir='ltr'><strong>instituti</strong></span> <span class='ocrx_word' id='word_1_36' title='bbox 1185 672 1199 709; x_wconf 92' lang='lat'><strong>:</strong></span> <span class='ocrx_word' id='word_1_37' title='bbox 1233 656 1367 710; x_wconf 80' lang='lat' dir='ltr'><strong>satis</strong></span> <span class='ocrx_word' id='word_1_38' title='bbox 1415 657 1580 713; x_wconf 87' lang='lat' dir='ltr'><strong>habet</strong></span> <span class='ocrx_word' id='word_1_39' title='bbox 1608 658 1871 730; x_wconf 80' lang='lat' dir='ltr'><strong>Origenes</strong></span> 
     </span>
    </p>
   </div>
   <div class='ocr_carea' id='block_1_7' title="bbox 304 745 1875 819">
    <p class='ocr_par' dir='ltr' id='par_1_7' title="bbox 304 745 1875 819">
     <span class='ocr_line' id='line_1_7' title="bbox 304 745 1875 819; baseline 0.007 -22"><span class='ocrx_word' id='word_1_40' title='bbox 304 745 543 810; x_wconf 62' lang='lat' dir='ltr'><strong>prasidii</strong></span> <span class='ocrx_word' id='word_1_41' title='bbox 579 747 634 802; x_wconf 90' lang='lat' dir='ltr'><strong>in</strong></span> <span class='ocrx_word' id='word_1_42' title='bbox 666 745 886 801; x_wconf 83' lang='lat' dir='ltr'><strong>Patrum</strong></span> <span class='ocrx_word' id='word_1_43' title='bbox 924 745 1131 815; x_wconf 84' lang='lat' dir='ltr'><strong>aliquot</strong></span> <span class='ocrx_word' id='word_1_44' title='bbox 1159 762 1450 814; x_wconf 87' lang='lat' dir='ltr'><strong>consensu,</strong></span> <span class='ocrx_word' id='word_1_45' title='bbox 1477 764 1614 819; x_wconf 87' lang='lat' dir='ltr'><strong>quos</strong></span> <span class='ocrx_word' id='word_1_46' title='bbox 1637 750 1746 808; x_wconf 85' lang='lat' dir='ltr'><strong>Leo</strong></span> <span class='ocrx_word' id='word_1_47' title='bbox 1781 754 1875 807; x_wconf 85' lang='lat' dir='ltr'><strong>Al-</strong></span> 
     </span>
    </p>
   </div>
   <div class='ocr_carea' id='block_1_8' title="bbox 307 833 1875 910">
    <p class='ocr_par' dir='ltr' id='par_1_8' title="bbox 307 833 1875 910">
     <span class='ocr_line' id='line_1_8' title="bbox 307 833 1875 910; baseline 0.006 -21"><span class='ocrx_word' id='word_1_48' title='bbox 307 833 470 892; x_wconf 83' lang='lat' dir='ltr'><strong>Iatius</strong></span> <span class='ocrx_word' id='word_1_49' title='bbox 505 836 559 891; x_wconf 92' lang='lat' dir='ltr'><strong>in</strong></span> <span class='ocrx_word' id='word_1_50' title='bbox 601 846 940 907; x_wconf 81' lang='lat' dir='ltr'><strong>syntagmate</strong></span> <span class='ocrx_word' id='word_1_51' title='bbox 967 835 1045 892; x_wconf 86' lang='lat' dir='ltr'><strong>De</strong></span> <span class='ocrx_word' id='word_1_52' title='bbox 1073 839 1514 907; x_wconf 77' lang='lat' dir='ltr'><strong>engastrimylho,</strong></span> <span class='ocrx_word' id='word_1_53' title='bbox 1542 854 1666 910; x_wconf 87' lang='lat' dir='ltr'><strong>cap.</strong></span> <span class='ocrx_word' id='word_1_54' title='bbox 1692 843 1745 906; x_wconf 84' lang='lat'><strong>7,</strong></span> <span class='ocrx_word' id='word_1_55' title='bbox 1786 859 1875 898; x_wconf 92' lang='lat' dir='ltr'><strong>re-</strong></span> 
     </span>
    </p>
   </div>
   <div class='ocr_carea' id='block_1_9' title="bbox 304 926 1873 1004">
    <p class='ocr_par' dir='ltr' id='par_1_9' title="bbox 304 926 1873 1004">
     <span class='ocr_line' id='line_1_9' title="bbox 304 926 1873 1004; baseline 0.008 -26"><span class='ocrx_word' id='word_1_56' title='bbox 304 934 492 981; x_wconf 82' lang='lat' dir='ltr'><strong>censet</strong></span> <span class='ocrx_word' id='word_1_57' title='bbox 521 926 757 982; x_wconf 81' lang='lat' dir='ltr'><strong>:Justini</strong></span> <span class='ocrx_word' id='word_1_58' title='bbox 805 927 859 981; x_wconf 93' lang='lat' dir='ltr'><strong>in</strong></span> <span class='ocrx_word' id='word_1_59' title='bbox 887 928 972 982; x_wconf 83' lang='lat' dir='ltr'><strong>bis</strong></span> <span class='ocrx_word' id='word_1_60' title='bbox 1004 928 1203 998; x_wconf 87' lang='lat' dir='ltr'><strong>dialog.</strong></span> <span class='ocrx_word' id='word_1_61' title='bbox 1248 946 1363 984; x_wconf 86' lang='lat' dir='ltr'><strong>cum</strong></span> <span class='ocrx_word' id='word_1_62' title='bbox 1398 933 1619 1003; x_wconf 75' lang='lat' dir='ltr'><strong>Tryph.;</strong></span> <span class='ocrx_word' id='word_1_63' title='bbox 1652 934 1873 1004; x_wconf 88' lang='lat' dir='ltr'><strong>Sulpicii</strong></span> 
     </span>
    </p>
   </div>
   <div class='ocr_carea' id='block_1_10' title="bbox 304 1017 1876 1085">
    <p class='ocr_par' dir='ltr' id='par_1_10' title="bbox 304 1017 1876 1085">
     <span class='ocr_line' id='line_1_10' title="bbox 304 1017 1876 1085; baseline 0.006 -13"><span class='ocrx_word' id='word_1_64' title='bbox 304 1017 497 1074; x_wconf 84' lang='lat' dir='ltr'><strong>Severi</strong></span> <span class='ocrx_word' id='word_1_65' title='bbox 524 1021 723 1074; x_wconf 76' lang='lat' dir='ltr'><strong>Hister.</strong></span> <span class='ocrx_word' id='word_1_66' title='bbox 756 1036 921 1085; x_wconf 75' lang='lat' dir='ltr'><strong>sacr.,</strong></span> <span class='ocrx_word' id='word_1_67' title='bbox 955 1020 1054 1075; x_wconf 88' lang='lat' dir='ltr'><strong>lib.</strong></span> <span class='ocrx_word' id='word_1_68' title='bbox 1094 1036 1136 1083; x_wconf 80' lang='grc' dir='ltr'><strong>ι.</strong></span> <span class='ocrx_word' id='word_1_69' title='bbox 1174 1031 1231 1076; x_wconf 91' lang='lat' dir='ltr'><strong>et</strong></span> <span class='ocrx_word' id='word_1_70' title='bbox 1258 1026 1530 1080; x_wconf 80' lang='lat' dir='ltr'><strong>Anastasii</strong></span> <span class='ocrx_word' id='word_1_71' title='bbox 1582 1027 1876 1083; x_wconf 83' lang='lat' dir='ltr'><strong>Antioche-</strong></span> 
     </span>
    </p>
   </div>
   <div class='ocr_carea' id='block_1_11' title="bbox 306 1109 1877 1189">
    <p class='ocr_par' dir='ltr' id='par_1_11' title="bbox 306 1109 1877 1189">
     <span class='ocr_line' id='line_1_11' title="bbox 306 1109 1877 1189; baseline 0.006 -26"><span class='ocrx_word' id='word_1_72' title='bbox 306 1110 365 1163; x_wconf 89' lang='lat' dir='ltr'><strong>ni</strong></span> <span class='ocrx_word' id='word_1_73' title='bbox 400 1110 456 1165; x_wconf 76' lang='lat' dir='ltr'><strong>in</strong></span> <span class='ocrx_word' id='word_1_74' title='bbox 500 1109 740 1180; x_wconf 77' lang='grc' dir='ltr'><strong>Ὀδηγῷ,</strong></span> <span class='ocrx_word' id='word_1_75' title='bbox 774 1120 966 1180; x_wconf 69' lang='lat' dir='ltr'><strong>quaest.</strong></span> <span class='ocrx_word' id='word_1_76' title='bbox 1001 1112 1123 1178; x_wconf 75' lang='grc'><strong>112,</strong></span> <span class='ocrx_word' id='word_1_77' title='bbox 1152 1123 1206 1168; x_wconf 89' lang='lat' dir='ltr'><strong>et</strong></span> <span class='ocrx_word' id='word_1_78' title='bbox 1232 1130 1417 1171; x_wconf 90' lang='lat' dir='ltr'><strong>eorum</strong></span> <span class='ocrx_word' id='word_1_79' title='bbox 1448 1126 1703 1186; x_wconf 74' lang='lat' dir='ltr'><strong>praeterea</strong></span> <span class='ocrx_word' id='word_1_80' title='bbox 1739 1133 1877 1189; x_wconf 87' lang='lat' dir='ltr'><strong>quos</strong></span> 
     </span>
    </p>
   </div>
   <div class='ocr_carea' id='block_1_12' title="bbox 304 1198 1873 1278">
    <p class='ocr_par' dir='ltr' id='par_1_12' title="bbox 304 1198 1873 1278">
     <span class='ocr_line' id='line_1_12' title="bbox 304 1198 1873 1278; baseline 0.006 -25"><span class='ocrx_word' id='word_1_81' title='bbox 304 1198 494 1254; x_wconf 85' lang='lat' dir='ltr'><strong>laudat</strong></span> <span class='ocrx_word' id='word_1_82' title='bbox 538 1198 893 1257; x_wconf 86' lang='lat' dir='ltr'><strong>Bellarminus</strong></span> <span class='ocrx_word' id='word_1_83' title='bbox 946 1201 1039 1258; x_wconf 88' lang='lat' dir='ltr'><strong>lib.</strong></span> <span class='ocrx_word' id='word_1_84' title='bbox 1090 1219 1144 1257; x_wconf 82' lang='lat' dir='ltr'><strong>tv</strong></span> <span class='ocrx_word' id='word_1_85' title='bbox 1190 1204 1266 1258; x_wconf 83' lang='lat' dir='ltr'><strong>De</strong></span> <span class='ocrx_word' id='word_1_86' title='bbox 1323 1204 1550 1271; x_wconf 73' lang='lat' dir='ltr'><strong>Christo,</strong></span> <span class='ocrx_word' id='word_1_87' title='bbox 1618 1223 1737 1278; x_wconf 89' lang='lat' dir='ltr'><strong>cap.</strong></span> <span class='ocrx_word' id='word_1_88' title='bbox 1784 1210 1873 1264; x_wconf 82' lang='grc'><strong>11.</strong></span> 
     </span>
    </p>
   </div>
   <div class='ocr_carea' id='block_1_13' title="bbox 307 1293 1871 1368">
    <p class='ocr_par' dir='ltr' id='par_1_13' title="bbox 307 1293 1871 1368">
     <span class='ocr_line' id='line_1_13' title="bbox 307 1293 1871 1368; baseline 0.003 -20"><span class='ocrx_word' id='word_1_89' title='bbox 307 1293 409 1349; x_wconf 86' lang='lat' dir='ltr'><strong>His</strong></span> <span class='ocrx_word' id='word_1_90' title='bbox 439 1294 574 1349; x_wconf 88' lang='lat' dir='ltr'><strong>addc</strong></span> <span class='ocrx_word' id='word_1_91' title='bbox 606 1293 1111 1364; x_wconf 86' lang='lat' dir='ltr'><strong>antiquissimorum</strong></span> <span class='ocrx_word' id='word_1_92' title='bbox 1154 1296 1501 1352; x_wconf 87' lang='lat' dir='ltr'><strong>rabbinorum</strong></span> <span class='ocrx_word' id='word_1_93' title='bbox 1539 1296 1871 1368; x_wconf 76' lang='lat' dir='ltr'><strong>suffragium,</strong></span> 
     </span>
    </p>
   </div>
   <div class='ocr_carea' id='block_1_14' title="bbox 302 1385 1873 1455">
    <p class='ocr_par' dir='ltr' id='par_1_14' title="bbox 302 1385 1873 1455">
     <span class='ocr_line' id='line_1_14' title="bbox 302 1385 1873 1455; baseline 0.002 -16"><span class='ocrx_word' id='word_1_94' title='bbox 302 1386 401 1455; x_wconf 82' lang='lat' dir='ltr'><strong>qui</strong></span> <span class='ocrx_word' id='word_1_95' title='bbox 450 1385 669 1440; x_wconf 87' lang='lat' dir='ltr'><strong>tradunt</strong></span> <span class='ocrx_word' id='word_1_96' title='bbox 706 1394 1041 1440; x_wconf 88' lang='lat' dir='ltr'><strong>mortuorum</strong></span> <span class='ocrx_word' id='word_1_97' title='bbox 1098 1387 1333 1451; x_wconf 90' lang='lat' dir='ltr'><strong>animas,</strong></span> <span class='ocrx_word' id='word_1_98' title='bbox 1365 1388 1411 1441; x_wconf 87' lang='lat' dir='ltr'><strong>si</strong></span> <span class='ocrx_word' id='word_1_99' title='bbox 1451 1397 1577 1442; x_wconf 86' lang='lat' dir='ltr'><strong>ante</strong></span> <span class='ocrx_word' id='word_1_100' title='bbox 1616 1405 1811 1443; x_wconf 87' lang='lat' dir='ltr'><strong>annum</strong></span> <span class='ocrx_word' id='word_1_101' title='bbox 1843 1405 1873 1442; x_wconf 89' lang='lat' dir='ltr'><strong>a</strong></span> 
     </span>
    </p>
   </div>
   <div class='ocr_carea' id='block_1_15' title="bbox 300 1479 1874 1551">
    <p class='ocr_par' dir='ltr' id='par_1_15' title="bbox 300 1479 1874 1551">
     <span class='ocr_line' id='line_1_15' title="bbox 300 1479 1874 1551; baseline 0.002 -18"><span class='ocrx_word' id='word_1_102' title='bbox 300 1488 479 1533; x_wconf 87' lang='lat' dir='ltr'><strong>morte</strong></span> <span class='ocrx_word' id='word_1_103' title='bbox 524 1479 854 1547; x_wconf 76' lang='lat' dir='ltr'><strong>praeteritum</strong></span> <span class='ocrx_word' id='word_1_104' title='bbox 903 1489 1221 1543; x_wconf 82' lang='lat' dir='ltr'><strong>evocentur,</strong></span> <span class='ocrx_word' id='word_1_105' title='bbox 1266 1496 1375 1549; x_wconf 91' lang='lat' dir='ltr'><strong>quo</strong></span> <span class='ocrx_word' id='word_1_106' title='bbox 1423 1490 1666 1551; x_wconf 85' lang='lat' dir='ltr'><strong>tempore</strong></span> <span class='ocrx_word' id='word_1_107' title='bbox 1699 1483 1874 1536; x_wconf 83' lang='lat' dir='ltr'><strong>excita</strong></span> 
     </span>
    </p>
   </div>
   <div class='ocr_carea' id='block_1_16' title="bbox 304 1569 1875 1644">
    <p class='ocr_par' dir='ltr' id='par_1_16' title="bbox 304 1569 1875 1644">
     <span class='ocr_line' id='line_1_16' title="bbox 304 1569 1875 1644; baseline 0.001 -19"><span class='ocrx_word' id='word_1_108' title='bbox 304 1569 410 1626; x_wconf 81' lang='lat' dir='ltr'><strong>fuit</strong></span> <span class='ocrx_word' id='word_1_109' title='bbox 456 1570 729 1626; x_wconf 84' lang='lat' dir='ltr'><strong>Samuelis</strong></span> <span class='ocrx_word' id='word_1_110' title='bbox 756 1571 960 1636; x_wconf 77' lang='lat' dir='ltr'><strong>animo,</strong></span> <span class='ocrx_word' id='word_1_111' title='bbox 982 1572 1153 1627; x_wconf 90' lang='lat' dir='ltr'><strong>videri</strong></span> <span class='ocrx_word' id='word_1_112' title='bbox 1181 1572 1396 1641; x_wconf 89' lang='lat' dir='ltr'><strong>quidem</strong></span> <span class='ocrx_word' id='word_1_113' title='bbox 1429 1574 1496 1629; x_wconf 90' lang='lat' dir='ltr'><strong>ab</strong></span> <span class='ocrx_word' id='word_1_114' title='bbox 1516 1574 1875 1644; x_wconf 86' lang='lat' dir='ltr'><strong>engastrimy-</strong></span> 
     </span>
    </p>
   </div>
   <div class='ocr_carea' id='block_1_17' title="bbox 304 1662 1874 1734">
    <p class='ocr_par' dir='ltr' id='par_1_17' title="bbox 304 1662 1874 1734">
     <span class='ocr_line' id='line_1_17' title="bbox 304 1662 1874 1734; baseline 0 -14"><span class='ocrx_word' id='word_1_115' title='bbox 304 1665 426 1729; x_wconf 84' lang='lat' dir='ltr'><strong>tbo,</strong></span> <span class='ocrx_word' id='word_1_116' title='bbox 455 1678 562 1718; x_wconf 91' lang='lat' dir='ltr'><strong>non</strong></span> <span class='ocrx_word' id='word_1_117' title='bbox 590 1662 799 1729; x_wconf 88' lang='lat' dir='ltr'><strong>audiri;</strong></span> <span class='ocrx_word' id='word_1_118' title='bbox 839 1663 1011 1719; x_wconf 80' lang='lat' dir='ltr'><strong>audiri</strong></span> <span class='ocrx_word' id='word_1_119' title='bbox 1045 1662 1113 1718; x_wconf 89' lang='lat' dir='ltr'><strong>ab</strong></span> <span class='ocrx_word' id='word_1_120' title='bbox 1146 1679 1211 1719; x_wconf 91' lang='lat' dir='ltr'><strong>eo</strong></span> <span class='ocrx_word' id='word_1_121' title='bbox 1245 1665 1334 1734; x_wconf 85' lang='lat' dir='ltr'><strong>qui</strong></span> <span class='ocrx_word' id='word_1_122' title='bbox 1366 1665 1584 1719; x_wconf 86' lang='lat' dir='ltr'><strong>oracula</strong></span> <span class='ocrx_word' id='word_1_123' title='bbox 1625 1665 1874 1732; x_wconf 87' lang='lat' dir='ltr'><strong>scitatur,</strong></span> 
     </span>
    </p>
   </div>
   <div class='ocr_carea' id='block_1_18' title="bbox 298 1755 1605 1823">
    <p class='ocr_par' dir='ltr' id='par_1_18' title="bbox 298 1755 1605 1823">
     <span class='ocr_line' id='line_1_18' title="bbox 298 1755 1605 1823; baseline -0.002 -10"><span class='ocrx_word' id='word_1_124' title='bbox 298 1772 411 1813; x_wconf 84' lang='lat' dir='ltr'><strong>non</strong></span> <span class='ocrx_word' id='word_1_125' title='bbox 440 1756 610 1811; x_wconf 82' lang='lat' dir='ltr'><strong>videri</strong></span> <span class='ocrx_word' id='word_1_126' title='bbox 635 1772 651 1822; x_wconf 90' lang='lat'><strong>;</strong></span> <span class='ocrx_word' id='word_1_127' title='bbox 686 1755 753 1809; x_wconf 89' lang='lat' dir='ltr'><strong>ab</strong></span> <span class='ocrx_word' id='word_1_128' title='bbox 791 1755 913 1811; x_wconf 86' lang='lat' dir='ltr'><strong>aliis</strong></span> <span class='ocrx_word' id='word_1_129' title='bbox 940 1771 1039 1811; x_wconf 90' lang='lat' dir='ltr'><strong>nec</strong></span> <span class='ocrx_word' id='word_1_130' title='bbox 1064 1757 1262 1823; x_wconf 90' lang='lat' dir='ltr'><strong>audiri,</strong></span> <span class='ocrx_word' id='word_1_131' title='bbox 1288 1772 1388 1813; x_wconf 92' lang='lat' dir='ltr'><strong>nec</strong></span> <span class='ocrx_word' id='word_1_132' title='bbox 1411 1756 1605 1811; x_wconf 81' lang='lat' dir='ltr'><strong>videri.</strong></span> 
     </span>
    </p>
   </div>
   <div class='ocr_carea' id='block_1_19' title="bbox 1975 564 3545 635">
    <p class='ocr_par' dir='ltr' id='par_1_19' title="bbox 1975 564 3545 635">
     <span class='ocr_line' id='line_1_19' title="bbox 1975 564 3545 635; baseline -0.006 -9"><span class='ocrx_word' id='word_1_133' title='bbox 1975 571 2042 625; x_wconf 92' lang='lat' dir='ltr'><strong>ad</strong></span> <span class='ocrx_word' id='word_1_134' title='bbox 2093 569 2462 631; x_wconf 85' lang='lat' dir='ltr'><strong>Consentium,</strong></span> <span class='ocrx_word' id='word_1_135' title='bbox 2491 581 2609 635; x_wconf 91' lang='lat' dir='ltr'><strong>cap.</strong></span> <span class='ocrx_word' id='word_1_136' title='bbox 2632 566 2690 631; x_wconf 73' lang='lat'><strong>2,</strong></span> <span class='ocrx_word' id='word_1_137' title='bbox 2721 574 2775 620; x_wconf 90' lang='lat' dir='ltr'><strong>et</strong></span> <span class='ocrx_word' id='word_1_138' title='bbox 2823 565 2877 619; x_wconf 93' lang='lat' dir='ltr'><strong>in</strong></span> <span class='ocrx_word' id='word_1_139' title='bbox 2915 564 3153 633; x_wconf 83' lang='lat' dir='ltr'><strong>Epistula</strong></span> <span class='ocrx_word' id='word_1_140' title='bbox 3192 566 3426 635; x_wconf 89' lang='lat' dir='ltr'><strong>quada&#39;m</strong></span> <span class='ocrx_word' id='word_1_141' title='bbox 3476 566 3545 617; x_wconf 89' lang='lat' dir='ltr'><strong>ad</strong></span> 
     </span>
    </p>
   </div>
   <div class='ocr_carea' id='block_1_20' title="bbox 1975 656 3540 732">
    <p class='ocr_par' dir='ltr' id='par_1_20' title="bbox 1975 656 3540 732">
     <span class='ocr_line' id='line_1_20' title="bbox 1975 656 3540 732; baseline -0.006 -15"><span class='ocrx_word' id='word_1_142' title='bbox 1975 661 2385 732; x_wconf 85' lang='lat' dir='ltr'><strong>Hieronymum,</strong></span> <span class='ocrx_word' id='word_1_143' title='bbox 2425 659 2584 728; x_wconf 84' lang='lat' dir='ltr'><strong>eique</strong></span> <span class='ocrx_word' id='word_1_144' title='bbox 2636 656 3012 712; x_wconf 86' lang='lat' dir='ltr'><strong>assentiuntur</strong></span> <span class='ocrx_word' id='word_1_145' title='bbox 3058 656 3286 727; x_wconf 82' lang='lat' dir='ltr'><strong>theologi</strong></span> <span class='ocrx_word' id='word_1_146' title='bbox 3333 670 3540 719; x_wconf 90' lang='lat' dir='ltr'><strong>omnes,</strong></span> 
     </span>
    </p>
   </div>
   <div class='ocr_carea' id='block_1_21' title="bbox 1976 747 3541 823">
    <p class='ocr_par' dir='ltr' id='par_1_21' title="bbox 1976 747 3541 823">
     <span class='ocr_line' id='line_1_21' title="bbox 1976 747 3541 823; baseline -0.005 -15"><span class='ocrx_word' id='word_1_147' title='bbox 1976 751 2255 823; x_wconf 82' lang='lat' dir='ltr'><strong>quodlibet</strong></span> <span class='ocrx_word' id='word_1_148' title='bbox 2328 751 2707 816; x_wconf 78' lang='lat' dir='ltr'><strong>mendacium,</strong></span> <span class='ocrx_word' id='word_1_149' title='bbox 2778 748 3177 804; x_wconf 84' lang='lat' dir='ltr'><strong>simulationem</strong></span> <span class='ocrx_word' id='word_1_150' title='bbox 3243 747 3541 817; x_wconf 84' lang='lat' dir='ltr'><strong>quamlibet</strong></span> 
     </span>
    </p>
   </div>
   <div class='ocr_carea' id='block_1_22' title="bbox 1978 840 3151 917">
    <p class='ocr_par' dir='ltr' id='par_1_22' title="bbox 1978 840 3151 917">
     <span class='ocr_line' id='line_1_22' title="bbox 1978 840 3151 917; baseline -0.006 -19"><span class='ocrx_word' id='word_1_151' title='bbox 1978 845 2318 907; x_wconf 80' lang='lat' dir='ltr'><strong>damnantes,</strong></span> <span class='ocrx_word' id='word_1_152' title='bbox 2344 851 2401 897; x_wconf 88' lang='lat' dir='ltr'><strong>et</strong></span> <span class='ocrx_word' id='word_1_153' title='bbox 2428 841 2637 917; x_wconf 79' lang='lat' dir='ltr'><strong>peccati</strong></span> <span class='ocrx_word' id='word_1_154' title='bbox 2667 853 2793 894; x_wconf 84' lang='lat' dir='ltr'><strong>nuta</strong></span> <span class='ocrx_word' id='word_1_155' title='bbox 2834 840 3151 893; x_wconf 81' lang='lat' dir='ltr'><strong>allicientes.</strong></span> 
     </span>
    </p>
   </div>
   <div class='ocr_carea' id='block_1_23' title="bbox 2046 1000 3555 1071">
    <p class='ocr_par' dir='ltr' id='par_1_23' title="bbox 2046 1000 3555 1071">
     <span class='ocr_line' id='line_1_23' title="bbox 2046 1000 3555 1071; baseline -0.003 -14"><span class='ocrx_word' id='word_1_156' title='bbox 2046 1002 2158 1059; x_wconf 81' lang='lat' dir='ltr'><strong>VII.</strong></span> <span class='ocrx_word' id='word_1_157' title='bbox 2180 1002 2280 1069; x_wconf 89' lang='lat' dir='ltr'><strong>Qui</strong></span> <span class='ocrx_word' id='word_1_158' title='bbox 2310 1017 2442 1060; x_wconf 84' lang='lat' dir='ltr'><strong>vero</strong></span> <span class='ocrx_word' id='word_1_159' title='bbox 2466 1002 2806 1057; x_wconf 88' lang='lat' dir='ltr'><strong>mendacium</strong></span> <span class='ocrx_word' id='word_1_160' title='bbox 2845 1016 2947 1055; x_wconf 92' lang='lat' dir='ltr'><strong>non</strong></span> <span class='ocrx_word' id='word_1_161' title='bbox 2973 1015 3354 1071; x_wconf 84' lang='lat' dir='ltr'><strong>usquequaque</strong></span> <span class='ocrx_word' id='word_1_162' title='bbox 3394 1000 3555 1053; x_wconf 70' lang='lat' dir='ltr'><strong>dam—</strong></span> 
     </span>
    </p>
   </div>
   <div class='ocr_carea' id='block_1_24' title="bbox 1976 1092 3542 1166">
    <p class='ocr_par' dir='ltr' id='par_1_24' title="bbox 1976 1092 3542 1166">
     <span class='ocr_line' id='line_1_24' title="bbox 1976 1092 3542 1166; baseline -0.005 -14"><span class='ocrx_word' id='word_1_163' title='bbox 1976 1107 2070 1153; x_wconf 84' lang='lat' dir='ltr'><strong>nat</strong></span> <span class='ocrx_word' id='word_1_164' title='bbox 2117 1097 2394 1166; x_wconf 77' lang='lat' dir='ltr'><strong>Origenes,</strong></span> <span class='ocrx_word' id='word_1_165' title='bbox 2444 1096 2583 1150; x_wconf 90' lang='lat' dir='ltr'><strong>idem</strong></span> <span class='ocrx_word' id='word_1_166' title='bbox 2621 1093 2972 1164; x_wconf 85' lang='lat' dir='ltr'><strong>jurejurando</strong></span> <span class='ocrx_word' id='word_1_167' title='bbox 3014 1093 3229 1163; x_wconf 83' lang='lat' dir='ltr'><strong>penitus</strong></span> <span class='ocrx_word' id='word_1_168' title='bbox 3269 1092 3542 1147; x_wconf 84' lang='lat' dir='ltr'><strong>interdicit</strong></span> 
     </span>
    </p>
   </div>
   <div class='ocr_carea' id='block_1_25' title="bbox 1981 1188 3544 1259">
    <p class='ocr_par' dir='ltr' id='par_1_25' title="bbox 1981 1188 3544 1259">
     <span class='ocr_line' id='line_1_25' title="bbox 1981 1188 3544 1259; baseline -0.001 -14"><span class='ocrx_word' id='word_1_169' title='bbox 1981 1200 2139 1246; x_wconf 85' lang='lat' dir='ltr'><strong>tract.</strong></span> <span class='ocrx_word' id='word_1_170' title='bbox 2177 1190 2243 1244; x_wconf 81' lang='grc'><strong>55</strong></span> <span class='ocrx_word' id='word_1_171' title='bbox 2281 1190 2333 1244; x_wconf 85' lang='lat' dir='ltr'><strong>in</strong></span> <span class='ocrx_word' id='word_1_172' title='bbox 2380 1190 2598 1255; x_wconf 83' lang='lat' dir='ltr'><strong>Malth.,</strong></span> <span class='ocrx_word' id='word_1_173' title='bbox 2636 1207 2783 1243; x_wconf 90' lang='lat' dir='ltr'><strong>num.</strong></span> <span class='ocrx_word' id='word_1_174' title='bbox 2823 1189 2942 1254; x_wconf 81' lang='grc' dir='ltr'><strong>ΗΟ,</strong></span> <span class='ocrx_word' id='word_1_175' title='bbox 2975 1205 3098 1259; x_wconf 84' lang='lat' dir='ltr'><strong>pag.</strong></span> <span class='ocrx_word' id='word_1_176' title='bbox 3135 1188 3270 1253; x_wconf 85' lang='lat' dir='ltr'><strong>9I0,</strong></span> <span class='ocrx_word' id='word_1_177' title='bbox 3311 1190 3381 1241; x_wconf 88' lang='lat' dir='ltr'><strong>ita</strong></span> <span class='ocrx_word' id='word_1_178' title='bbox 3430 1189 3544 1243; x_wconf 80' lang='lat' dir='ltr'><strong>dis-</strong></span> 
     </span>
    </p>
   </div>
   <div class='ocr_carea' id='block_1_26' title="bbox 1978 1280 3541 1350">
    <p class='ocr_par' dir='ltr' id='par_1_26' title="bbox 1978 1280 3541 1350">
     <span class='ocr_line' id='line_1_26' title="bbox 1978 1280 3541 1350; baseline 0.001 -17"><span class='ocrx_word' id='word_1_179' title='bbox 1978 1294 2170 1349; x_wconf 86' lang='lat' dir='ltr'><strong>putans</strong></span> <span class='ocrx_word' id='word_1_180' title='bbox 2208 1300 2220 1335; x_wconf 88' lang='lat'><strong>:</strong></span> <span class='ocrx_word' id='word_1_181' title='bbox 2256 1299 2274 1333; x_wconf 78' lang='lat' dir='ltr'><strong>t</strong></span> <span class='ocrx_word' id='word_1_182' title='bbox 2321 1280 2508 1335; x_wconf 82' lang='lat' dir='ltr'><strong>Simile</strong></span> <span class='ocrx_word' id='word_1_183' title='bbox 2537 1290 2627 1335; x_wconf 86' lang='lat' dir='ltr'><strong>est</strong></span> <span class='ocrx_word' id='word_1_184' title='bbox 2668 1282 2809 1335; x_wconf 90' lang='lat' dir='ltr'><strong>enim</strong></span> <span class='ocrx_word' id='word_1_185' title='bbox 2851 1283 2992 1350; x_wconf 87' lang='lat' dir='ltr'><strong>quod</strong></span> <span class='ocrx_word' id='word_1_186' title='bbox 3036 1282 3165 1335; x_wconf 88' lang='lat' dir='ltr'><strong>dicit</strong></span> <span class='ocrx_word' id='word_1_187' title='bbox 3210 1281 3261 1334; x_wconf 92' lang='lat' dir='ltr'><strong>in</strong></span> <span class='ocrx_word' id='word_1_188' title='bbox 3302 1281 3541 1348; x_wconf 65' lang='lat' dir='ltr'><strong>Evangeo</strong></span> 
     </span>
    </p>
   </div>
   <div class='ocr_carea' id='block_1_27' title="bbox 1978 1370 3545 1441">
    <p class='ocr_par' dir='ltr' id='par_1_27' title="bbox 1978 1370 3545 1441">
     <span class='ocr_line' id='line_1_27' title="bbox 1978 1370 3545 1441; baseline -0.002 -17"><span class='ocrx_word' id='word_1_189' title='bbox 1978 1371 2049 1427; x_wconf 91' lang='lat' dir='ltr'><strong>lio</strong></span> <span class='ocrx_word' id='word_1_190' title='bbox 2081 1371 2340 1428; x_wconf 87' lang='lat' dir='ltr'><strong>Dominus</strong></span> <span class='ocrx_word' id='word_1_191' title='bbox 2385 1372 2538 1441; x_wconf 89' lang='lat' dir='ltr'><strong>ipse:</strong></span> <span class='ocrx_word' id='word_1_192' title='bbox 2575 1371 2687 1441; x_wconf 83' lang='lat' dir='ltr'><strong>Ego</strong></span> <span class='ocrx_word' id='word_1_193' title='bbox 2718 1382 2892 1424; x_wconf 77' lang='lat' dir='ltr'><strong>autem</strong></span> <span class='ocrx_word' id='word_1_194' title='bbox 2938 1370 3054 1424; x_wconf 85' lang='lat' dir='ltr'><strong>dico</strong></span> <span class='ocrx_word' id='word_1_195' title='bbox 3092 1387 3193 1423; x_wconf 87' lang='lat' dir='ltr'><strong>non</strong></span> <span class='ocrx_word' id='word_1_196' title='bbox 3214 1371 3403 1440; x_wconf 76' lang='lat' dir='ltr'><strong>jurare</strong></span> <span class='ocrx_word' id='word_1_197' title='bbox 3428 1386 3545 1424; x_wconf 77' lang='lat' dir='ltr'><strong>out-</strong></span> 
     </span>
    </p>
   </div>
   <div class='ocr_carea' id='block_1_28' title="bbox 1978 1466 3538 1536">
    <p class='ocr_par' dir='ltr' id='par_1_28' title="bbox 1978 1466 3538 1536">
     <span class='ocr_line' id='line_1_28' title="bbox 1978 1466 3538 1536; baseline -0.003 -14"><span class='ocrx_word' id='word_1_198' title='bbox 1978 1468 2161 1529; x_wconf 85' lang='lat' dir='ltr'><strong>nino&quot;,</strong></span> <span class='ocrx_word' id='word_1_199' title='bbox 2183 1477 2235 1521; x_wconf 90' lang='lat' dir='ltr'><strong>et</strong></span> <span class='ocrx_word' id='word_1_200' title='bbox 2271 1481 2375 1521; x_wconf 87' lang='lat' dir='ltr'><strong>non</strong></span> <span class='ocrx_word' id='word_1_201' title='bbox 2405 1468 2654 1536; x_wconf 86' lang='lat' dir='ltr'><strong>adjurare</strong></span> <span class='ocrx_word' id='word_1_202' title='bbox 2686 1466 2925 1522; x_wconf 89' lang='lat' dir='ltr'><strong>omnino.</strong></span> <span class='ocrx_word' id='word_1_203' title='bbox 2955 1468 3011 1520; x_wconf 91' lang='lat' dir='ltr'><strong>Si</strong></span> <span class='ocrx_word' id='word_1_204' title='bbox 3061 1466 3203 1520; x_wconf 91' lang='lat' dir='ltr'><strong>enim</strong></span> <span class='ocrx_word' id='word_1_205' title='bbox 3223 1466 3405 1534; x_wconf 79' lang='lat' dir='ltr'><strong>jurare</strong></span> <span class='ocrx_word' id='word_1_206' title='bbox 3435 1482 3538 1519; x_wconf 91' lang='lat' dir='ltr'><strong>non</strong></span> 
     </span>
    </p>
   </div>
   <div class='ocr_carea' id='block_1_29' title="bbox 1979 1557 3543 1628">
    <p class='ocr_par' dir='ltr' id='par_1_29' title="bbox 1979 1557 3543 1628">
     <span class='ocr_line' id='line_1_29' title="bbox 1979 1557 3543 1628; baseline -0.002 -16"><span class='ocrx_word' id='word_1_207' title='bbox 1979 1559 2125 1623; x_wconf 86' lang='lat' dir='ltr'><strong>licet,</strong></span> <span class='ocrx_word' id='word_1_208' title='bbox 2160 1569 2421 1628; x_wconf 87' lang='lat' dir='ltr'><strong>quantum</strong></span> <span class='ocrx_word' id='word_1_209' title='bbox 2455 1560 2521 1612; x_wconf 88' lang='lat' dir='ltr'><strong>ad</strong></span> <span class='ocrx_word' id='word_1_210' title='bbox 2554 1558 2920 1628; x_wconf 79' lang='lat' dir='ltr'><strong>evangelicum</strong></span> <span class='ocrx_word' id='word_1_211' title='bbox 2971 1557 3169 1616; x_wconf 80' lang='lat' dir='ltr'><strong>Christi</strong></span> <span class='ocrx_word' id='word_1_212' title='bbox 3205 1558 3543 1621; x_wconf 81' lang='lat' dir='ltr'><strong>mandatum,</strong></span> 
     </span>
    </p>
   </div>
   <div class='ocr_carea' id='block_1_30' title="bbox 1977 1645 3545 1716">
    <p class='ocr_par' dir='ltr' id='par_1_30' title="bbox 1977 1645 3545 1716">
     <span class='ocr_line' id='line_1_30' title="bbox 1977 1645 3545 1716; baseline 0 -15"><span class='ocrx_word' id='word_1_213' title='bbox 1977 1663 2166 1701; x_wconf 89' lang='lat' dir='ltr'><strong>verum</strong></span> <span class='ocrx_word' id='word_1_214' title='bbox 2213 1655 2297 1701; x_wconf 86' lang='lat' dir='ltr'><strong>est</strong></span> <span class='ocrx_word' id='word_1_215' title='bbox 2338 1648 2466 1716; x_wconf 83' lang='lat' dir='ltr'><strong>quia</strong></span> <span class='ocrx_word' id='word_1_216' title='bbox 2517 1662 2616 1701; x_wconf 90' lang='lat' dir='ltr'><strong>nec</strong></span> <span class='ocrx_word' id='word_1_217' title='bbox 2668 1645 2921 1714; x_wconf 84' lang='lat' dir='ltr'><strong>adjurare</strong></span> <span class='ocrx_word' id='word_1_218' title='bbox 2963 1647 3191 1701; x_wconf 91' lang='lat' dir='ltr'><strong>alterum</strong></span> <span class='ocrx_word' id='word_1_219' title='bbox 3252 1646 3435 1700; x_wconf 72' lang='lat' dir='ltr'><strong>licet.)</strong></span> <span class='ocrx_word' id='word_1_220' title='bbox 3481 1645 3545 1701; x_wconf 80' lang='lat' dir='ltr'><strong>In</strong></span> 
     </span>
    </p>
   </div>
   <div class='ocr_carea' id='block_1_31' title="bbox 1979 1738 3545 1810">
    <p class='ocr_par' dir='ltr' id='par_1_31' title="bbox 1979 1738 3545 1810">
     <span class='ocr_line' id='line_1_31' title="bbox 1979 1738 3545 1810; baseline -0.001 -16"><span class='ocrx_word' id='word_1_221' title='bbox 1979 1739 2167 1794; x_wconf 88' lang='lat' dir='ltr'><strong>eadem</strong></span> <span class='ocrx_word' id='word_1_222' title='bbox 2204 1739 2356 1793; x_wconf 81' lang='lat' dir='ltr'><strong>fuere</strong></span> <span class='ocrx_word' id='word_1_223' title='bbox 2402 1740 2672 1793; x_wconf 89' lang='lat' dir='ltr'><strong>sententia</strong></span> <span class='ocrx_word' id='word_1_224' title='bbox 2710 1739 3062 1802; x_wconf 77' lang='lat' dir='ltr'><strong>Athanasius,</strong></span> <span class='ocrx_word' id='word_1_225' title='bbox 3095 1738 3545 1810; x_wconf 70' lang='lat' dir='ltr'><strong>Cbrysostomus,</strong></span> 
     </span>
    </p>
   </div>
   <div class='ocr_carea' id='block_1_32' title="bbox 374 1827 3545 1921">
    <p class='ocr_par' dir='ltr' id='par_1_32' title="bbox 374 1827 3545 1921">
     <span class='ocr_line' id='line_1_32' title="bbox 374 1827 3545 1921; baseline -0.003 -17"><span class='ocrx_word' id='word_1_226' title='bbox 374 1847 465 1904; x_wconf 81' lang='grc' dir='ltr'><strong>γι.</strong></span> <span class='ocrx_word' id='word_1_227' title='bbox 506 1846 863 1919; x_wconf 76' lang='lat' dir='ltr'><strong>Hieronymus</strong></span> <span class='ocrx_word' id='word_1_228' title='bbox 898 1848 993 1903; x_wconf 90' lang='lat' dir='ltr'><strong>lib.</strong></span> <span class='ocrx_word' id='word_1_229' title='bbox 1021 1863 1038 1903; x_wconf 83' lang='grc' dir='ltr'>ι</span> <span class='ocrx_word' id='word_1_230' title='bbox 1063 1848 1281 1918; x_wconf 68' lang='grc' dir='ltr'><strong>Αροιος.</strong></span> <span class='ocrx_word' id='word_1_231' title='bbox 1321 1852 1378 1903; x_wconf 84' lang='lat' dir='ltr'><strong>in</strong></span> <span class='ocrx_word' id='word_1_232' title='bbox 1438 1849 1645 1918; x_wconf 77' lang='lat' dir='ltr'><strong>Ruﬁn.,</strong></span> <span class='ocrx_word' id='word_1_233' title='bbox 1669 1865 1795 1921; x_wconf 87' lang='lat' dir='ltr'><strong>cap.</strong></span> <span class='ocrx_word' id='word_1_234' title='bbox 1817 1851 1870 1917; x_wconf 82' lang='grc'><strong>4,</strong></span> <span class='ocrx_word' id='word_1_235' title='bbox 1906 1848 1950 1903; x_wconf 75' lang='grc' dir='ltr'><strong>Β</strong></span> <span class='ocrx_word' id='word_1_236' title='bbox 1977 1828 2328 1921; x_wconf 51' lang='lat' dir='ltr'><strong>Epiphanius.</strong></span> <span class='ocrx_word' id='word_1_237' title='bbox 2361 1828 2614 1921; x_wconf 60' lang='lat' dir='ltr'><strong>Hilarius.</strong></span> <span class='ocrx_word' id='word_1_238' title='bbox 2643 1827 2838 1897; x_wconf 75' lang='lat' dir='ltr'><strong>aliique</strong></span> <span class='ocrx_word' id='word_1_239' title='bbox 2870 1828 3197 1895; x_wconf 70' lang='lat' dir='ltr'><strong>cmplures.</strong></span> <span class='ocrx_word' id='word_1_240' title='bbox 3234 1843 3370 1897; x_wconf 76' lang='lat' dir='ltr'><strong>quos</strong></span> <span class='ocrx_word' id='word_1_241' title='bbox 3411 1828 3545 1882; x_wconf 53' lang='lat' dir='ltr'><strong>citat</strong></span> 
     </span>
    </p>
   </div>
   <div class='ocr_carea' id='block_1_33' title="bbox 303 1939 1876 2013">
    <p class='ocr_par' dir='ltr' id='par_1_33' title="bbox 303 1939 1876 2013">
     <span class='ocr_line' id='line_1_33' title="bbox 303 1939 1876 2013; baseline 0.002 -18"><span class='ocrx_word' id='word_1_242' title='bbox 303 1939 557 2011; x_wconf 85' lang='lat' dir='ltr'><strong>Origenis</strong></span> <span class='ocrx_word' id='word_1_243' title='bbox 598 1940 776 1995; x_wconf 89' lang='lat' dir='ltr'><strong>locum</strong></span> <span class='ocrx_word' id='word_1_244' title='bbox 820 1940 979 1996; x_wconf 76' lang='lat' dir='ltr'><strong>all‘ert</strong></span> <span class='ocrx_word' id='word_1_245' title='bbox 1022 1956 1053 1996; x_wconf 91' lang='lat' dir='ltr'><strong>e</strong></span> <span class='ocrx_word' id='word_1_246' title='bbox 1102 1941 1197 1997; x_wconf 91' lang='lat' dir='ltr'><strong>lib.</strong></span> <span class='ocrx_word' id='word_1_247' title='bbox 1241 1958 1295 1997; x_wconf 82' lang='lat' dir='ltr'><strong>vt</strong></span> <span class='ocrx_word' id='word_1_248' title='bbox 1363 1941 1647 2008; x_wconf 82' lang='lat' dir='ltr'><strong>Slromal.,</strong></span> <span class='ocrx_word' id='word_1_249' title='bbox 1680 1943 1733 1997; x_wconf 93' lang='lat' dir='ltr'><strong>in</strong></span> <span class='ocrx_word' id='word_1_250' title='bbox 1769 1958 1876 2013; x_wconf 91' lang='lat' dir='ltr'><strong>quo</strong></span> 
     </span>
    </p>
   </div>
   <div class='ocr_carea' id='block_1_34' title="bbox 303 2027 1876 2102">
    <p class='ocr_par' dir='ltr' id='par_1_34' title="bbox 303 2027 1876 2102">
     <span class='ocr_line' id='line_1_34' title="bbox 303 2027 1876 2102; baseline 0.004 -21"><span class='ocrx_word' id='word_1_251' title='bbox 303 2029 453 2099; x_wconf 82' lang='lat' dir='ltr'><strong>juxta</strong></span> <span class='ocrx_word' id='word_1_252' title='bbox 523 2027 760 2084; x_wconf 83' lang='lat' dir='ltr'><strong>Platonis</strong></span> <span class='ocrx_word' id='word_1_253' title='bbox 818 2030 1141 2086; x_wconf 89' lang='lat' dir='ltr'><strong>sententiam</strong></span> <span class='ocrx_word' id='word_1_254' title='bbox 1209 2032 1429 2087; x_wconf 89' lang='lat' dir='ltr'><strong>mentiri</strong></span> <span class='ocrx_word' id='word_1_255' title='bbox 1491 2047 1876 2102; x_wconf 88' lang='lat' dir='ltr'><strong>nonnunquam</strong></span> 
     </span>
    </p>
   </div>
   <div class='ocr_carea' id='block_1_35' title="bbox 306 2117 1875 2194">
    <p class='ocr_par' dir='ltr' id='par_1_35' title="bbox 306 2117 1875 2194">
     <span class='ocr_line' id='line_1_35' title="bbox 306 2117 1875 2194; baseline 0.005 -23"><span class='ocrx_word' id='word_1_256' title='bbox 306 2119 474 2172; x_wconf 86' lang='lat' dir='ltr'><strong>licere</strong></span> <span class='ocrx_word' id='word_1_257' title='bbox 526 2117 789 2177; x_wconf 77' lang='lat' dir='ltr'><strong>defendit.</strong></span> <span class='ocrx_word' id='word_1_258' title='bbox 841 2118 989 2174; x_wconf 91' lang='lat' dir='ltr'><strong>ldem</strong></span> <span class='ocrx_word' id='word_1_259' title='bbox 1040 2120 1213 2175; x_wconf 89' lang='lat' dir='ltr'><strong>visum</strong></span> <span class='ocrx_word' id='word_1_260' title='bbox 1267 2131 1350 2176; x_wconf 91' lang='lat' dir='ltr'><strong>est</strong></span> <span class='ocrx_word' id='word_1_261' title='bbox 1408 2123 1509 2192; x_wconf 91' lang='lat' dir='ltr'><strong>ipsi</strong></span> <span class='ocrx_word' id='word_1_262' title='bbox 1552 2122 1875 2194; x_wconf 80' lang='lat' dir='ltr'><strong>Hieronymo</strong></span> 
     </span>
    </p>
   </div>
   <div class='ocr_carea' id='block_1_36' title="bbox 305 2209 1870 2283">
    <p class='ocr_par' dir='ltr' id='par_1_36' title="bbox 305 2209 1870 2283">
     <span class='ocr_line' id='line_1_36' title="bbox 305 2209 1870 2283; baseline 0.004 -21"><span class='ocrx_word' id='word_1_263' title='bbox 305 2209 756 2266; x_wconf 79' lang='lat' dir='ltr'><strong>Iib.tCommenz.</strong></span> <span class='ocrx_word' id='word_1_264' title='bbox 797 2211 851 2265; x_wconf 75' lang='lat' dir='ltr'><strong>in</strong></span> <span class='ocrx_word' id='word_1_265' title='bbox 894 2210 1068 2281; x_wconf 84' lang='lat' dir='ltr'><strong>Epist.</strong></span> <span class='ocrx_word' id='word_1_266' title='bbox 1110 2212 1180 2266; x_wconf 86' lang='lat' dir='ltr'><strong>ad</strong></span> <span class='ocrx_word' id='word_1_267' title='bbox 1237 2210 1439 2279; x_wconf 57' lang='lat' dir='ltr'><strong>Calan,</strong></span> <span class='ocrx_word' id='word_1_268' title='bbox 1476 2230 1597 2283; x_wconf 85' lang='lat' dir='ltr'><strong>cap.</strong></span> <span class='ocrx_word' id='word_1_269' title='bbox 1635 2215 1693 2279; x_wconf 71' lang='grc'><strong>2,</strong></span> <span class='ocrx_word' id='word_1_270' title='bbox 1727 2230 1870 2270; x_wconf 88' lang='lat' dir='ltr'><strong>vers.</strong></span> 
     </span>
    </p>
   </div>
   <div class='ocr_carea' id='block_1_37' title="bbox 306 2301 1873 2374">
    <p class='ocr_par' dir='ltr' id='par_1_37' title="bbox 306 2301 1873 2374">
     <span class='ocr_line' id='line_1_37' title="bbox 306 2301 1873 2374; baseline 0.004 -19"><span class='ocrx_word' id='word_1_271' title='bbox 306 2301 397 2367; x_wconf 81' lang='lat' dir='ltr'><strong>ll,</strong></span> <span class='ocrx_word' id='word_1_272' title='bbox 438 2301 729 2372; x_wconf 87' lang='lat' dir='ltr'><strong>multisque</strong></span> <span class='ocrx_word' id='word_1_273' title='bbox 759 2304 1068 2374; x_wconf 81' lang='lat' dir='ltr'><strong>Opinionem</strong></span> <span class='ocrx_word' id='word_1_274' title='bbox 1108 2320 1260 2359; x_wconf 90' lang='lat' dir='ltr'><strong>suam</strong></span> <span class='ocrx_word' id='word_1_275' title='bbox 1305 2306 1567 2363; x_wconf 80' lang='lat' dir='ltr'><strong>defendit.</strong></span> <span class='ocrx_word' id='word_1_276' title='bbox 1601 2306 1788 2361; x_wconf 79' lang='lat' dir='ltr'><strong>Visum</strong></span> <span class='ocrx_word' id='word_1_277' title='bbox 1820 2307 1873 2361; x_wconf 90' lang='lat' dir='ltr'><strong>id</strong></span> 
     </span>
    </p>
   </div>
   <div class='ocr_carea' id='block_1_38' title="bbox 301 2394 1867 2465">
    <p class='ocr_par' dir='ltr' id='par_1_38' title="bbox 301 2394 1867 2465">
     <span class='ocr_line' id='line_1_38' title="bbox 301 2394 1867 2465; baseline 0.005 -20"><span class='ocrx_word' id='word_1_278' title='bbox 301 2408 519 2463; x_wconf 87' lang='lat' dir='ltr'><strong>quoque</strong></span> <span class='ocrx_word' id='word_1_279' title='bbox 566 2394 951 2465; x_wconf 82' lang='lat' dir='ltr'><strong>Cbrysostomo</strong></span> <span class='ocrx_word' id='word_1_280' title='bbox 974 2396 1068 2451; x_wconf 90' lang='lat' dir='ltr'><strong>lib.</strong></span> <span class='ocrx_word' id='word_1_281' title='bbox 1113 2412 1131 2450; x_wconf 87' lang='grc' dir='ltr'>ι</span> <span class='ocrx_word' id='word_1_282' title='bbox 1173 2396 1250 2451; x_wconf 83' lang='lat' dir='ltr'><strong>De</strong></span> <span class='ocrx_word' id='word_1_283' title='bbox 1290 2398 1607 2463; x_wconf 79' lang='lat' dir='ltr'><strong>sacerdotio,</strong></span> <span class='ocrx_word' id='word_1_284' title='bbox 1633 2407 1687 2452; x_wconf 89' lang='lat' dir='ltr'><strong>et</strong></span> <span class='ocrx_word' id='word_1_285' title='bbox 1732 2398 1867 2453; x_wconf 84' lang='lat' dir='ltr'><strong>Cas-</strong></span> 
     </span>
    </p>
   </div>
   <div class='ocr_carea' id='block_1_39' title="bbox 304 2484 1876 2559">
    <p class='ocr_par' dir='ltr' id='par_1_39' title="bbox 304 2484 1876 2559">
     <span class='ocr_line' id='line_1_39' title="bbox 304 2484 1876 2559; baseline -0.001 -19"><span class='ocrx_word' id='word_1_286' title='bbox 304 2484 459 2540; x_wconf 86' lang='lat' dir='ltr'><strong>siano</strong></span> <span class='ocrx_word' id='word_1_287' title='bbox 483 2485 578 2540; x_wconf 90' lang='lat' dir='ltr'><strong>lib.</strong></span> <span class='ocrx_word' id='word_1_288' title='bbox 614 2502 727 2542; x_wconf 77' lang='lat' dir='ltr'><strong>xvn</strong></span> <span class='ocrx_word' id='word_1_289' title='bbox 766 2486 985 2555; x_wconf 62' lang='grc' dir='ltr'><strong>σαπείη</strong></span> <span class='ocrx_word' id='word_1_290' title='bbox 1005 2502 1125 2559; x_wconf 90' lang='lat' dir='ltr'><strong>cap.</strong></span> <span class='ocrx_word' id='word_1_291' title='bbox 1153 2487 1186 2543; x_wconf 94' lang='lat'><strong>8</strong></span> <span class='ocrx_word' id='word_1_292' title='bbox 1217 2497 1272 2543; x_wconf 93' lang='lat' dir='ltr'><strong>et</strong></span> <span class='ocrx_word' id='word_1_293' title='bbox 1298 2488 1383 2552; x_wconf 83' lang='lat' dir='ltr'><strong>l7,</strong></span> <span class='ocrx_word' id='word_1_294' title='bbox 1411 2498 1468 2543; x_wconf 93' lang='lat' dir='ltr'><strong>et</strong></span> <span class='ocrx_word' id='word_1_295' title='bbox 1508 2503 1622 2558; x_wconf 91' lang='lat' dir='ltr'><strong>seq.</strong></span> <span class='ocrx_word' id='word_1_296' title='bbox 1652 2487 1758 2543; x_wconf 87' lang='lat' dir='ltr'><strong>Sed</strong></span> <span class='ocrx_word' id='word_1_297' title='bbox 1781 2502 1876 2558; x_wconf 90' lang='lat' dir='ltr'><strong>pa-</strong></span> 
     </span>
    </p>
   </div>
   <div class='ocr_carea' id='block_1_40' title="bbox 1983 1916 3544 1988">
    <p class='ocr_par' dir='ltr' id='par_1_40' title="bbox 1983 1916 3544 1988">
     <span class='ocr_line' id='line_1_40' title="bbox 1983 1916 3544 1988; baseline 0.001 -16"><span class='ocrx_word' id='word_1_298' title='bbox 1983 1918 2172 1973; x_wconf 75' lang='lat' dir='ltr'><strong>Sixtus</strong></span> <span class='ocrx_word' id='word_1_299' title='bbox 2201 1917 2459 1972; x_wconf 89' lang='lat' dir='ltr'><strong>Senensis</strong></span> <span class='ocrx_word' id='word_1_300' title='bbox 2488 1916 2585 1970; x_wconf 90' lang='lat' dir='ltr'><strong>lib.</strong></span> <span class='ocrx_word' id='word_1_301' title='bbox 2620 1931 2694 1984; x_wconf 78' lang='grc' dir='ltr'><strong>γε,</strong></span> <span class='ocrx_word' id='word_1_302' title='bbox 2726 1927 2913 1971; x_wconf 74' lang='lat' dir='ltr'><strong>aunot.</strong></span> <span class='ocrx_word' id='word_1_303' title='bbox 2938 1917 3028 1980; x_wconf 71' lang='lat'><strong>26,</strong></span> <span class='ocrx_word' id='word_1_304' title='bbox 3053 1932 3347 1988; x_wconf 85' lang='lat' dir='ltr'><strong>eorumque</strong></span> <span class='ocrx_word' id='word_1_305' title='bbox 3386 1934 3544 1974; x_wconf 89' lang='lat' dir='ltr'><strong>secu-</strong></span> 
     </span>
    </p>
   </div>
   <div class='ocr_carea' id='block_1_41' title="bbox 1982 2004 3547 2077">
    <p class='ocr_par' dir='ltr' id='par_1_41' title="bbox 1982 2004 3547 2077">
     <span class='ocr_line' id='line_1_41' title="bbox 1982 2004 3547 2077; baseline -0.001 -14"><span class='ocrx_word' id='word_1_306' title='bbox 1982 2018 2066 2064; x_wconf 89' lang='lat' dir='ltr'><strong>tus</strong></span> <span class='ocrx_word' id='word_1_307' title='bbox 2089 2017 2169 2063; x_wconf 92' lang='lat' dir='ltr'><strong>est</strong></span> <span class='ocrx_word' id='word_1_308' title='bbox 2195 2007 2501 2077; x_wconf 88' lang='lat' dir='ltr'><strong>opinionem</strong></span> <span class='ocrx_word' id='word_1_309' title='bbox 2539 2004 2813 2076; x_wconf 73' lang='lat' dir='ltr'><strong>Pelagius,</strong></span> <span class='ocrx_word' id='word_1_310' title='bbox 2849 2016 2906 2060; x_wconf 93' lang='lat' dir='ltr'><strong>ut</strong></span> <span class='ocrx_word' id='word_1_311' title='bbox 2952 2007 3018 2060; x_wconf 91' lang='lat' dir='ltr'><strong>ab</strong></span> <span class='ocrx_word' id='word_1_312' title='bbox 3047 2009 3347 2077; x_wconf 80' lang='lat' dir='ltr'><strong>Augustino</strong></span> <span class='ocrx_word' id='word_1_313' title='bbox 3377 2009 3547 2061; x_wconf 63' lang='lat' dir='ltr'><strong>tradi-c</strong></span> 
     </span>
    </p>
   </div>
   <div class='ocr_carea' id='block_1_42' title="bbox 1982 2099 3547 2171">
    <p class='ocr_par' dir='ltr' id='par_1_42' title="bbox 1982 2099 3547 2171">
     <span class='ocr_line' id='line_1_42' title="bbox 1982 2099 3547 2171; baseline 0 -15"><span class='ocrx_word' id='word_1_314' title='bbox 1982 2111 2067 2156; x_wconf 90' lang='lat' dir='ltr'><strong>tur</strong></span> <span class='ocrx_word' id='word_1_315' title='bbox 2101 2102 2153 2155; x_wconf 91' lang='lat' dir='ltr'><strong>in</strong></span> <span class='ocrx_word' id='word_1_316' title='bbox 2180 2101 2329 2156; x_wconf 84' lang='lat' dir='ltr'><strong>calce</strong></span> <span class='ocrx_word' id='word_1_317' title='bbox 2358 2101 2522 2171; x_wconf 79' lang='lat' dir='ltr'><strong>epist.</strong></span> <span class='ocrx_word' id='word_1_318' title='bbox 2545 2099 2635 2166; x_wconf 86' lang='lat'><strong>89,</strong></span> <span class='ocrx_word' id='word_1_319' title='bbox 2665 2109 2720 2154; x_wconf 88' lang='lat' dir='ltr'><strong>et</strong></span> <span class='ocrx_word' id='word_1_320' title='bbox 2759 2100 3056 2154; x_wconf 88' lang='lat' dir='ltr'><strong>recentium</strong></span> <span class='ocrx_word' id='word_1_321' title='bbox 3088 2102 3547 2157; x_wconf 79' lang='lat' dir='ltr'><strong>heterodoxorum</strong></span> 
     </span>
    </p>
   </div>
   <div class='ocr_carea' id='block_1_43' title="bbox 1982 2192 3547 2263">
    <p class='ocr_par' dir='ltr' id='par_1_43' title="bbox 1982 2192 3547 2263">
     <span class='ocr_line' id='line_1_43' title="bbox 1982 2192 3547 2263; baseline 0.001 -16"><span class='ocrx_word' id='word_1_322' title='bbox 1982 2208 2174 2263; x_wconf 78' lang='lat' dir='ltr'><strong>magna</strong></span> <span class='ocrx_word' id='word_1_323' title='bbox 2232 2208 2354 2261; x_wconf 86' lang='lat' dir='ltr'><strong>pars</strong></span> <span class='ocrx_word' id='word_1_324' title='bbox 2388 2206 2402 2244; x_wconf 89' lang='lat'><strong>:</strong></span> <span class='ocrx_word' id='word_1_325' title='bbox 2435 2206 2557 2246; x_wconf 90' lang='lat' dir='ltr'><strong>cum</strong></span> <span class='ocrx_word' id='word_1_326' title='bbox 2612 2206 2643 2246; x_wconf 92' lang='lat' dir='ltr'><strong>e</strong></span> <span class='ocrx_word' id='word_1_327' title='bbox 2710 2192 2982 2246; x_wconf 87' lang='lat' dir='ltr'><strong>contrario</strong></span> <span class='ocrx_word' id='word_1_328' title='bbox 3034 2201 3279 2247; x_wconf 89' lang='lat' dir='ltr'><strong>sanctum</strong></span> <span class='ocrx_word' id='word_1_329' title='bbox 3332 2208 3448 2248; x_wconf 90' lang='lat' dir='ltr'><strong>esse</strong></span> <span class='ocrx_word' id='word_1_330' title='bbox 3491 2204 3547 2248; x_wconf 83' lang='lat' dir='ltr'><strong>et</strong></span> 
     </span>
    </p>
   </div>
   <div class='ocr_carea' id='block_1_44' title="bbox 1983 2281 3550 2355">
    <p class='ocr_par' dir='ltr' id='par_1_44' title="bbox 1983 2281 3550 2355">
     <span class='ocr_line' id='line_1_44' title="bbox 1983 2281 3550 2355; baseline 0 -17"><span class='ocrx_word' id='word_1_331' title='bbox 1983 2285 2111 2339; x_wconf 91' lang='lat' dir='ltr'><strong>utile</strong></span> <span class='ocrx_word' id='word_1_332' title='bbox 2149 2284 2542 2353; x_wconf 84' lang='lat' dir='ltr'><strong>jurameutum,</strong></span> <span class='ocrx_word' id='word_1_333' title='bbox 2568 2281 2652 2353; x_wconf 92' lang='lat' dir='ltr'><strong>pie</strong></span> <span class='ocrx_word' id='word_1_334' title='bbox 2684 2284 2842 2338; x_wconf 88' lang='lat' dir='ltr'><strong>modo</strong></span> <span class='ocrx_word' id='word_1_335' title='bbox 2872 2293 2928 2340; x_wconf 90' lang='lat' dir='ltr'><strong>et</strong></span> <span class='ocrx_word' id='word_1_336' title='bbox 2957 2286 3270 2355; x_wconf 88' lang='lat' dir='ltr'><strong>prudenter,</strong></span> <span class='ocrx_word' id='word_1_337' title='bbox 3310 2296 3365 2339; x_wconf 90' lang='lat' dir='ltr'><strong>et</strong></span> <span class='ocrx_word' id='word_1_338' title='bbox 3393 2283 3550 2354; x_wconf 78' lang='lat' dir='ltr'><strong>ﬂagi-</strong></span> 
     </span>
    </p>
   </div>
   <div class='ocr_carea' id='block_1_45' title="bbox 1983 2369 3551 2442">
    <p class='ocr_par' dir='ltr' id='par_1_45' title="bbox 1983 2369 3551 2442">
     <span class='ocr_line' id='line_1_45' title="bbox 1983 2369 3551 2442; baseline -0.001 -12"><span class='ocrx_word' id='word_1_339' title='bbox 1983 2384 2130 2431; x_wconf 88' lang='lat' dir='ltr'><strong>tante</strong></span> <span class='ocrx_word' id='word_1_340' title='bbox 2178 2375 2503 2430; x_wconf 88' lang='lat' dir='ltr'><strong>nceessitate</strong></span> <span class='ocrx_word' id='word_1_341' title='bbox 2564 2374 2919 2442; x_wconf 81' lang='lat' dir='ltr'><strong>adhibeatur,</strong></span> <span class='ocrx_word' id='word_1_342' title='bbox 2977 2376 3242 2431; x_wconf 86' lang='lat' dir='ltr'><strong>catholica</strong></span> <span class='ocrx_word' id='word_1_343' title='bbox 3302 2369 3551 2430; x_wconf 74' lang='lat' dir='ltr'><strong>Ecclesia</strong></span> 
     </span>
    </p>
   </div>
   <div class='ocr_carea' id='block_1_46' title="bbox 1983 2466 2296 2523">
    <p class='ocr_par' dir='ltr' id='par_1_46' title="bbox 1983 2466 2296 2523">
     <span class='ocr_line' id='line_1_46' title="bbox 1983 2466 2296 2523; baseline -0.003 -1"><span class='ocrx_word' id='word_1_344' title='bbox 1983 2466 2296 2523; x_wconf 86' lang='lat' dir='ltr'><strong>constituat.</strong></span> 
     </span>
    </p>
   </div>
   <div class='ocr_carea' id='block_1_47' title="bbox 1612 2760 2245 2851">
    <p class='ocr_par' dir='ltr' id='par_1_47' title="bbox 1612 2760 2245 2851">
     <span class='ocr_line' id='line_1_47' title="bbox 1612 2760 2245 2851; baseline -0.008 0"><span class='ocrx_word' id='word_1_345' title='bbox 1612 2760 1988 2851; x_wconf 88' lang='lat' dir='ltr'><strong>CAPUT</strong></span> <span class='ocrx_word' id='word_1_346' title='bbox 2060 2761 2245 2847; x_wconf 86' lang='lat' dir='ltr'><strong>III.</strong></span> 
     </span>
    </p>
   </div>
   <div class='ocr_carea' id='block_1_48' title="bbox 1209 2950 2641 3032">
    <p class='ocr_par' dir='ltr' id='par_1_48' title="bbox 1209 2950 2641 3032">
     <span class='ocr_line' id='line_1_48' title="bbox 1209 2950 2641 3032; baseline -0.002 -15"><span class='ocrx_word' id='word_1_347' title='bbox 1209 2954 1520 3016; x_wconf 84' lang='lat' dir='ltr'><strong>Generale</strong></span> <span class='ocrx_word' id='word_1_348' title='bbox 1561 2950 1966 3032; x_wconf 74' lang='lat' dir='ltr'><strong>Origeniaute</strong></span> <span class='ocrx_word' id='word_1_349' title='bbox 2006 2950 2311 3015; x_wconf 68' lang='lat' dir='ltr'><strong>doctrinas</strong></span> <span class='ocrx_word' id='word_1_350' title='bbox 2352 2967 2641 3014; x_wconf 77' lang='lat' dir='ltr'><strong>examen.</strong></span> 
     </span>
    </p>
   </div>
   <div class='ocr_carea' id='block_1_49' title="bbox 316 3190 3551 3285">
    <p class='ocr_par' dir='ltr' id='par_1_49' title="bbox 316 3190 3551 3285">
     <span class='ocr_line' id='line_1_49' title="bbox 316 3190 3551 3285; baseline -0.007 -15"><span class='ocrx_word' id='word_1_351' title='bbox 316 3215 363 3270; x_wconf 84' lang='grc'><strong>1.</strong></span> <span class='ocrx_word' id='word_1_352' title='bbox 399 3211 593 3285; x_wconf 82' lang='lat' dir='ltr'><strong>Iniqua</strong></span> <span class='ocrx_word' id='word_1_353' title='bbox 627 3214 735 3282; x_wconf 77' lang='lat' dir='ltr'><strong>fere</strong></span> <span class='ocrx_word' id='word_1_354' title='bbox 781 3228 875 3285; x_wconf 82' lang='lat' dir='ltr'><strong>pro</strong></span> <span class='ocrx_word' id='word_1_355' title='bbox 920 3208 1168 3285; x_wconf 80' lang='lat' dir='ltr'><strong>Origene,</strong></span> <span class='ocrx_word' id='word_1_356' title='bbox 1204 3209 1281 3264; x_wconf 73' lang='lat' dir='ltr'><strong>vel</strong></span> <span class='ocrx_word' id='word_1_357' title='bbox 1328 3219 1508 3264; x_wconf 78' lang='lat' dir='ltr'><strong>contra</strong></span> <span class='ocrx_word' id='word_1_358' title='bbox 1531 3207 1825 3285; x_wconf 80' lang='lat' dir='ltr'><strong>_0rigenem</strong></span> <span class='ocrx_word' id='word_1_359' title='bbox 1863 3205 2094 3285; x_wconf 70' lang='lat' dir='ltr'><strong>judicia.</strong></span> <span class='ocrx_word' id='word_1_360' title='bbox 2123 3203 2186 3257; x_wconf 93' lang='grc'><strong>11.</strong></span> <span class='ocrx_word' id='word_1_361' title='bbox 2230 3200 2763 3285; x_wconf 56' lang='lat' dir='ltr'><strong>Recensenlurjpaius</strong></span> <span class='ocrx_word' id='word_1_362' title='bbox 2794 3197 3114 3285; x_wconf 70' lang='lat' dir='ltr'><strong>defensores.</strong></span> <span class='ocrx_word' id='word_1_363' title='bbox 3148 3192 3232 3249; x_wconf 91' lang='lat' dir='ltr'><strong>III.</strong></span> <span class='ocrx_word' id='word_1_364' title='bbox 3266 3193 3437 3249; x_wconf 81' lang='lat' dir='ltr'><strong>Multa</strong></span> <span class='ocrx_word' id='word_1_365' title='bbox 3477 3190 3551 3279; x_wconf 66' lang='lat' dir='ltr'><strong>ar!</strong></span> 
     </span>
    </p>
   </div>
   <div class='ocr_carea' id='block_1_50' title="bbox 382 3269 3557 3354">
    <p class='ocr_par' dir='ltr' id='par_1_50' title="bbox 382 3269 3557 3354">
     <span class='ocr_line' id='line_1_50' title="bbox 382 3269 3557 3354; baseline -0.008 -13"><span class='ocrx_word' id='word_1_366' title='bbox 382 3269 691 3354; x_wconf 54' lang='lat' dir='ltr'><strong>Orig&#39;enia&#39;ni</strong></span> <span class='ocrx_word' id='word_1_367' title='bbox 732 3269 954 3335; x_wconf 73' lang='lat' dir='ltr'><strong>nominis</strong></span> <span class='ocrx_word' id='word_1_368' title='bbox 995 3269 1385 3354; x_wconf 55' lang='lat' dir='ltr'><strong>oppugnatores</strong></span> <span class='ocrx_word' id='word_1_369' title='bbox 1422 3269 1767 3354; x_wconf 46' lang='lat' dir='ltr'><strong>confulaidos</strong></span> <span class='ocrx_word' id='word_1_370' title='bbox 1815 3269 2097 3354; x_wconf 46' lang='lat' dir='ltr'><strong>gener-aliut</strong></span> <span class='ocrx_word' id='word_1_371' title='bbox 2124 3284 2510 3354; x_wconf 72' lang='lat' dir='ltr'><strong>proponuntur.</strong></span> <span class='ocrx_word' id='word_1_372' title='bbox 2549 3270 2733 3354; x_wconf 57' lang='lat' dir='ltr'><strong>Mutila</strong></span> <span class='ocrx_word' id='word_1_373' title='bbox 2783 3269 3208 3354; x_wconf 50' lang='lat' dir='ltr'><strong>Oﬁlllllﬁlll‘loniln:</strong></span> <span class='ocrx_word' id='word_1_374' title='bbox 3245 3276 3557 3354; x_wconf 53' lang='lat' dir='ltr'><strong>repugnari-1</strong></span> 
     </span>
    </p>
   </div>
   <div class='ocr_carea' id='block_1_51' title="bbox 377 3335 3558 3421">
    <p class='ocr_par' dir='ltr' id='par_1_51' title="bbox 377 3335 3558 3421">
     <span class='ocr_line' id='line_1_51' title="bbox 377 3335 3558 3421; baseline -0.008 -12"><span class='ocrx_word' id='word_1_375' title='bbox 377 3335 1073 3421; x_wconf 23' lang='lat' dir='ltr'><strong>IVvibrigenistaruni</strong></span> <span class='ocrx_word' id='word_1_376' title='bbox 1118 3335 1563 3421; x_wconf 46' lang='lat' dir='ltr'><strong>errores__(_)_riger&#39;ti</strong></span> <span class='ocrx_word' id='word_1_377' title='bbox 1595 3335 1903 3421; x_wconf 43' lang='lat' dir='ltr'><strong>afficlify.</strong></span> <span class='ocrx_word' id='word_1_378' title='bbox 1952 3335 2162 3421; x_wconf 45' lang='lat' dir='ltr'><strong>Ruﬁni;</strong></span> <span class='ocrx_word' id='word_1_379' title='bbox 2172 3335 2469 3421; x_wconf 66' lang='lat' dir='ltr'><strong>interpretis</strong></span> <span class='ocrx_word' id='word_1_380' title='bbox 2509 3340 2769 3421; x_wconf 48' lang='lat' dir='ltr'><strong>perﬁdia;</strong></span> <span class='ocrx_word' id='word_1_381' title='bbox 2806 3338 2895 3421; x_wconf 46' lang='lat' dir='ltr'><strong>vi.</strong></span> <span class='ocrx_word' id='word_1_382' title='bbox 2929 3336 3149 3417; x_wconf 58' lang='lat' dir='ltr'><strong>l’alrttm</strong></span> <span class='ocrx_word' id='word_1_383' title='bbox 3181 3336 3331 3416; x_wconf 69' lang='lat' dir='ltr'><strong>[uisis</strong></span> <span class='ocrx_word' id='word_1_384' title='bbox 3374 3335 3558 3388; x_wconf 81' lang='lat' dir='ltr'><strong>crimi-</strong></span> 
     </span>
    </p>
   </div>
   <div class='ocr_carea' id='block_1_52' title="bbox 377 3406 3558 3492">
    <p class='ocr_par' dir='ltr' id='par_1_52' title="bbox 377 3406 3558 3492">
     <span class='ocr_line' id='line_1_52' title="bbox 377 3406 3558 3492; baseline -0.008 -13"><span class='ocrx_word' id='word_1_385' title='bbox 377 3406 539 3479; x_wconf 55' lang='lat' dir='ltr'><strong>nisi;</strong></span> <span class='ocrx_word' id='word_1_386' title='bbox 567 3406 916 3492; x_wconf 10' lang='lat' dir='ltr'><strong>iaﬁppetil&#39;ornm</strong></span> <span class='ocrx_word' id='word_1_387' title='bbox 946 3420 1273 3492; x_wconf 61' lang='lat' dir='ltr'><strong>exemplum;</strong></span> <span class='ocrx_word' id='word_1_388' title='bbox 1314 3417 1421 3471; x_wconf 86' lang='grc' dir='ltr'><strong>γιι.</strong></span> <span class='ocrx_word' id='word_1_389' title='bbox 1447 3406 1743 3492; x_wconf 70' lang='lat' dir='ltr'><strong>Pliilocalia</strong></span> <span class='ocrx_word' id='word_1_390' title='bbox 1772 3406 1803 3468; x_wconf 75' lang='grc' dir='ltr'><em>ὰ</em></span> <span class='ocrx_word' id='word_1_391' title='bbox 1826 3406 2073 3492; x_wconf 52' lang='lat' dir='ltr'><strong>gregario</strong></span> <span class='ocrx_word' id='word_1_392' title='bbox 2123 3412 2399 3492; x_wconf 80' lang='lat' dir='ltr'><strong>Theologo,</strong></span> <span class='ocrx_word' id='word_1_393' title='bbox 2444 3422 2487 3463; x_wconf 74' lang='lat' dir='ltr'><strong>et</strong></span> <span class='ocrx_word' id='word_1_394' title='bbox 2510 3406 2721 3492; x_wconf 59' lang='lat' dir='ltr'><strong>Basilio</strong></span> <span class='ocrx_word' id='word_1_395' title='bbox 2753 3424 2818 3461; x_wconf 79' lang='lat' dir='ltr'><strong>ea:</strong></span> <span class='ocrx_word' id='word_1_396' title='bbox 2852 3406 3558 3492; x_wconf 36' lang='grc' dir='ltr'><strong>ρνὶθεηὶειεσίὶριξξ,επεν-ν</strong></span> 
     </span>
    </p>
   </div>
   <div class='ocr_carea' id='block_1_53' title="bbox 378 3472 3559 3561">
    <p class='ocr_par' dir='ltr' id='par_1_53' title="bbox 378 3472 3559 3561">
     <span class='ocr_line' id='line_1_53' title="bbox 378 3472 3559 3561; baseline -0.007 -14"><span class='ocrx_word' id='word_1_397' title='bbox 566 3472 1279 3561; x_wconf 27' lang='grc' dir='ltr'><strong>ῨῙ-ΙῖωᾸλίιρὸέξςιέίξρξίυὲ</strong></span> <span class='ocrx_word' id='word_1_398' title='bbox 1324 3489 1801 3561; x_wconf 66' lang='lat' dir='ltr'><strong>interpretationes.</strong></span> <span class='ocrx_word' id='word_1_399' title='bbox 1856 3472 1952 3539; x_wconf 57' lang='lat' dir='ltr'><strong>IX:</strong></span> <span class='ocrx_word' id='word_1_400' title='bbox 1997 3482 2241 3561; x_wconf 43' lang='lat' dir='ltr'><strong>Frustra.</strong></span> <span class='ocrx_word' id='word_1_401' title='bbox 2280 3472 2542 3560; x_wconf 61' lang='lat' dir='ltr'><strong>lih&#39;reseon</strong></span> <span class='ocrx_word' id='word_1_402' title='bbox 2595 3478 2714 3544; x_wconf 79' lang='lat' dir='ltr'><strong>fons</strong></span> <span class='ocrx_word' id='word_1_403' title='bbox 2745 3472 3006 3561; x_wconf 58' lang='lat' dir='ltr'><strong>qpellalus</strong></span> <span class='ocrx_word' id='word_1_404' title='bbox 3037 3483 3133 3526; x_wconf 85' lang='lat' dir='ltr'><strong>esl.</strong></span> <span class='ocrx_word' id='word_1_405' title='bbox 3172 3472 3239 3526; x_wconf 86' lang='lat' dir='ltr'><strong>X.</strong></span> <span class='ocrx_word' id='word_1_406' title='bbox 3272 3473 3559 3555; x_wconf 69' lang='lat' dir='ltr'><strong>Librorum</strong></span> 
     </span>
    </p>
   </div>
   <div class='ocr_carea' id='block_1_54' title="bbox 377 3543 3558 3633">
    <p class='ocr_par' dir='ltr' id='par_1_54' title="bbox 377 3543 3558 3633">
     <span class='ocr_line' id='line_1_54' title="bbox 377 3543 3558 3633; baseline -0.008 -15"><span class='ocrx_word' id='word_1_407' title='bbox 377 3543 541 3632; x_wconf 62' lang='lat' dir='ltr'><strong>ipsiits</strong></span> <span class='ocrx_word' id='word_1_408' title='bbox 585 3543 909 3633; x_wconf 38' lang='lat' dir='ltr'><strong>depravatio].</strong></span> <span class='ocrx_word' id='word_1_409' title='bbox 942 3559 1032 3613; x_wconf 93' lang='lat' dir='ltr'><strong>XI.</strong></span> <span class='ocrx_word' id='word_1_410' title='bbox 1070 3543 1244 3633; x_wconf 63' lang='lat' dir='ltr'><strong>Illita</strong></span> <span class='ocrx_word' id='word_1_411' title='bbox 1277 3543 1475 3633; x_wconf 60' lang='lat' dir='ltr'><strong>quoque</strong></span> <span class='ocrx_word' id='word_1_412' title='bbox 1503 3559 1575 3633; x_wconf 70' lang='lat' dir='ltr'><strong>all</strong></span> <span class='ocrx_word' id='word_1_413' title='bbox 1603 3558 1770 3633; x_wconf 69' lang='lat' dir='ltr'><strong>ipsum</strong></span> <span class='ocrx_word' id='word_1_414' title='bbox 1822 3552 2278 3633; x_wconf 65' lang='lat' dir='ltr'><strong>excusantlummin</strong></span> <span class='ocrx_word' id='word_1_415' title='bbox 2317 3543 2633 3633; x_wconf 41' lang='lat' dir='ltr'><strong>Iuniversum‘</strong></span> <span class='ocrx_word' id='word_1_416' title='bbox 2687 3543 3024 3625; x_wconf 70' lang='lat' dir='ltr'><strong>adducunlur</strong></span> <span class='ocrx_word' id='word_1_417' title='bbox 3062 3560 3079 3595; x_wconf 92' lang='lat'><em>:</em></span> <span class='ocrx_word' id='word_1_418' title='bbox 3105 3553 3352 3633; x_wconf 42' lang='lat' dir='ltr'><strong>perpetua</strong></span> <span class='ocrx_word' id='word_1_419' title='bbox 3386 3543 3558 3633; x_wconf 67' lang='lat' dir='ltr'><strong>ipsius</strong></span> 
     </span>
    </p>
   </div>
   <div class='ocr_carea' id='block_1_55' title="bbox 379 3612 3561 3701">
    <p class='ocr_par' dir='ltr' id='par_1_55' title="bbox 379 3612 3561 3701">
     <span class='ocr_line' id='line_1_55' title="bbox 379 3612 3561 3701; baseline -0.008 -15"><span class='ocrx_word' id='word_1_420' title='bbox 379 3612 432 3701; x_wconf 58' lang='lat' dir='ltr'><strong>iit</strong></span> <span class='ocrx_word' id='word_1_421' title='bbox 480 3612 1137 3701; x_wconf 12' lang='lat' dir='ltr'><strong>proponendisisenlentiis</strong></span> <span class='ocrx_word' id='word_1_422' title='bbox 1182 3612 1476 3701; x_wconf 58' lang='lat' dir='ltr'><strong>limitatio;</strong></span> <span class='ocrx_word' id='word_1_423' title='bbox 1526 3612 2102 3701; x_wconf 37' lang='lat' dir='ltr'><strong>ejtt-stlentmocleu‘ia,‘</strong></span> <span class='ocrx_word' id='word_1_424' title='bbox 2144 3619 2259 3674; x_wconf 86' lang='lat' dir='ltr'><strong>XII.</strong></span> <span class='ocrx_word' id='word_1_425' title='bbox 2286 3619 2577 3701; x_wconf 35' lang='lat' dir='ltr'><strong>IGonsl‘ana</strong></span> <span class='ocrx_word' id='word_1_426' title='bbox 2631 3622 2897 3701; x_wconf 56' lang='lat' dir='ltr'><strong>Irwreseoir</strong></span> <span class='ocrx_word' id='word_1_427' title='bbox 2944 3612 3234 3701; x_wconf 67' lang='lat' dir='ltr'><strong>insectandi</strong></span> <span class='ocrx_word' id='word_1_428' title='bbox 3278 3614 3561 3692; x_wconf 65' lang='lat' dir='ltr'><strong>studium:</strong></span> 
     </span>
    </p>
   </div>
   <div class='ocr_carea' id='block_1_56' title="bbox 379 3683 3549 3765">
    <p class='ocr_par' dir='ltr' id='par_1_56' title="bbox 379 3683 3549 3765">
     <span class='ocr_line' id='line_1_56' title="bbox 379 3683 3549 3765; baseline -0.008 -6"><span class='ocrx_word' id='word_1_429' title='bbox 379 3683 517 3759; x_wconf 68' lang='lat' dir='ltr'><strong>XIII.</strong></span> <span class='ocrx_word' id='word_1_430' title='bbox 558 3683 740 3758; x_wconf 42' lang='lat' dir='ltr'><strong>li&#39;imia</strong></span> <span class='ocrx_word' id='word_1_431' title='bbox 796 3704 853 3755; x_wconf 84' lang='lat' dir='ltr'><strong>in</strong></span> <span class='ocrx_word' id='word_1_432' title='bbox 918 3701 1191 3752; x_wconf 80' lang='lat' dir='ltr'><strong>scribendo</strong></span> <span class='ocrx_word' id='word_1_433' title='bbox 1243 3683 1510 3765; x_wconf 73' lang='lat' dir='ltr'><strong>festinatio</strong></span> <span class='ocrx_word' id='word_1_434' title='bbox 1529 3683 1720 3765; x_wconf 49' lang='lat' dir='ltr'><strong>leV.</strong></span> <span class='ocrx_word' id='word_1_435' title='bbox 1763 3683 2088 3762; x_wconf 67' lang='lat' dir='ltr'><strong>Tlieologicre</strong></span> <span class='ocrx_word' id='word_1_436' title='bbox 2113 3692 2423 3765; x_wconf 72' lang='lat' dir='ltr'><strong>quwslitmes</strong></span> <span class='ocrx_word' id='word_1_437' title='bbox 2459 3689 2624 3752; x_wconf 75' lang='lat' dir='ltr'><strong>ipsius</strong></span> <span class='ocrx_word' id='word_1_438' title='bbox 2657 3686 3255 3765; x_wconf 60' lang='lat' dir='ltr'><strong>temporibusmiiomlum</strong></span> <span class='ocrx_word' id='word_1_439' title='bbox 3286 3683 3416 3760; x_wconf 61' lang='lat' dir='ltr'><strong>salis</strong></span> <span class='ocrx_word' id='word_1_440' title='bbox 3452 3696 3549 3765; x_wconf 54' lang='grc' dir='ltr'><strong>εει</strong></span> 
     </span>
    </p>
   </div>
   <div class='ocr_carea' id='block_1_57' title="bbox 378 3749 3562 3841">
    <p class='ocr_par' dir='ltr' id='par_1_57' title="bbox 378 3749 3562 3841">
     <span class='ocr_line' id='line_1_57' title="bbox 378 3749 3562 3841; baseline -0.009 -14"><span class='ocrx_word' id='word_1_441' title='bbox 761 3749 852 3841; x_wconf 70' lang='lat' dir='ltr'><strong>per</strong></span> <span class='ocrx_word' id='word_1_442' title='bbox 907 3749 1625 3841; x_wconf 41' lang='lat' dir='ltr'><strong>signabitMunati“.</strong></span> <span class='ocrx_word' id='word_1_443' title='bbox 1676 3749 2297 3841; x_wconf 37' lang='lat' dir='ltr'><strong>[flumjanden‘t‘l&#39;emere</strong></span> <span class='ocrx_word' id='word_1_444' title='bbox 2354 3749 2615 3841; x_wconf 65' lang='lat' dir='ltr'><strong>dictorum</strong></span> <span class='ocrx_word' id='word_1_445' title='bbox 2665 3749 3405 3841; x_wconf 34' lang='lat' dir='ltr'><strong>pghituilzfXYl.inaurea?</strong></span> <span class='ocrx_word' id='word_1_446' title='bbox 3444 3749 3562 3841; x_wconf 44' lang='lat' dir='ltr'><strong>Ilii:</strong></span> 
     </span>
    </p>
   </div>
   <div class='ocr_carea' id='block_1_58' title="bbox 374 3816 3555 3952">
    <p class='ocr_par' dir='ltr' id='par_1_58' title="bbox 374 3816 3555 3952">
     <span class='ocr_line' id='line_1_58' title="bbox 374 3816 3555 3952; baseline -0.008 -55"><span class='ocrx_word' id='word_1_447' title='bbox 374 3816 1623 3913; x_wconf 43' lang='lat' dir='ltr'><strong>’rép&#39;r&#39;e/éiidu&quot;iiiébiiynié&#39;,&quot;Simile;</strong></span> <span class='ocrx_word' id='word_1_448' title='bbox 1676 3816 1992 3902; x_wconf 63' lang='lat' dir='ltr'><strong>inscriptum</strong></span> <span class='ocrx_word' id='word_1_449' title='bbox 2044 3830 2297 3900; x_wconf 79' lang='lat' dir='ltr'><strong>Origenis</strong></span> <span class='ocrx_word' id='word_1_450' title='bbox 2354 3827 2621 3952; x_wconf 67' lang='grc' dir='ltr'><strong>Αροιοῧὶίε</strong></span> <span class='ocrx_word' id='word_1_451' title='bbox 2665 3816 2955 3891; x_wconf 74' lang='grc' dir='ltr'><strong>ῬαηιρΙιὶιί</strong></span> <span class='ocrx_word' id='word_1_452' title='bbox 3000 3836 3204 3901; x_wconf 77' lang='lat' dir='ltr'><strong>nomen.</strong></span> <span class='ocrx_word' id='word_1_453' title='bbox 3262 3819 3421 3873; x_wconf 72' lang='lat' dir='ltr'><strong>XVII.</strong></span> <span class='ocrx_word' id='word_1_454' title='bbox 3481 3816 3555 3872; x_wconf 75' lang='lat' dir='ltr'><strong>Iit</strong></span> 
     </span>
     <span class='ocr_line' id='line_1_59' title="bbox 379 3890 3555 3952; baseline -0.003 0"><span class='ocrx_word' id='word_1_455' title='bbox 379 3914 557 3952; x_wconf 72' lang='grc' dir='ltr'><strong>..ηιιιῑε</strong></span> <span class='ocrx_word' id='word_1_456' title='bbox 612 3928 850 3952; x_wconf 67' lang='lat' dir='ltr'><strong>morr/nep</strong></span> <span class='ocrx_word' id='word_1_457' title='bbox 904 3909 1180 3952; x_wconf 71' lang='grc' dir='ltr'><strong>ηνῑηρηρηι</strong></span> <span class='ocrx_word' id='word_1_458' title='bbox 1236 3909 1500 3952; x_wconf 73' lang='lat' dir='ltr'><strong>fatendum</strong></span> <span class='ocrx_word' id='word_1_459' title='bbox 1542 3915 1638 3952; x_wconf 76' lang='lat' dir='ltr'><strong>est.</strong></span> <span class='ocrx_word' id='word_1_460' title='bbox 1698 3902 1887 3952; x_wconf 81' lang='lat' dir='ltr'><strong>XVIII.</strong></span> <span class='ocrx_word' id='word_1_461' title='bbox 1932 3904 2295 3952; x_wconf 85' lang='lat' dir='ltr'><strong>Ononumero</strong></span> <span class='ocrx_word' id='word_1_462' title='bbox 2338 3898 2458 3951; x_wconf 83' lang='lat' dir='ltr'><strong>libri</strong></span> <span class='ocrx_word' id='word_1_463' title='bbox 2561 3896 2751 3952; x_wconf 77' lang='lat' dir='ltr'><strong>riqenis</strong></span> <span class='ocrx_word' id='word_1_464' title='bbox 2781 3892 3003 3946; x_wconf 81' lang='lat' dir='ltr'><strong>habendi</strong></span> <span class='ocrx_word' id='word_1_465' title='bbox 3048 3899 3173 3952; x_wconf 72' lang='lat' dir='ltr'><strong>sint,</strong></span> <span class='ocrx_word' id='word_1_466' title='bbox 3227 3890 3555 3952; x_wconf 71' lang='lat' dir='ltr'><strong>disputatur.</strong></span> 
     </span>
    </p>
   </div>
   <div class='ocr_carea' id='block_1_59' title="bbox 379 3898 2458 3981">
    <p class='ocr_par' dir='ltr' id='par_1_59' title="bbox 379 3898 2458 3981">
     <span class='ocr_line' id='line_1_60' title="bbox 379 3898 2458 3981; baseline -0.008 -15"><span class='ocrx_word' id='word_1_467' title='bbox 379 3898 557 3967; x_wconf 71' lang='lat' dir='ltr'><strong>inullis</strong></span> <span class='ocrx_word' id='word_1_468' title='bbox 611 3898 850 3981; x_wconf 62' lang='lat' dir='ltr'><strong>peccasse</strong></span> <span class='ocrx_word' id='word_1_469' title='bbox 904 3898 1184 3978; x_wconf 66' lang='lat' dir='ltr'><strong>Origeneni</strong></span> <span class='ocrx_word' id='word_1_470' title='bbox 1233 3898 1638 3981; x_wconf 7' lang='lat' dir='ltr'><strong>[alend&#39;um&#39;gesn</strong></span> <span class='ocrx_word' id='word_1_471' title='bbox 1698 3898 1887 3958; x_wconf 83' lang='lat' dir='ltr'><strong>XVIII.</strong></span> <span class='ocrx_word' id='word_1_472' title='bbox 1932 3898 2295 3968; x_wconf 69' lang='lat' dir='ltr'><strong>Quonuntero</strong></span> <span class='ocrx_word' id='word_1_473' title='bbox 2338 3898 2458 3951; x_wconf 83' lang='lat' dir='ltr'><strong>libri</strong></span> 
     </span>
    </p>
   </div>
   <div class='ocr_carea' id='block_1_60' title="bbox 398 3978 1840 4048">
    <p class='ocr_par' dir='ltr' id='par_1_60' title="bbox 398 3978 1840 4048">
     <span class='ocr_line' id='line_1_61' title="bbox 398 3978 1840 4048; baseline -0.008 -11"><span class='ocrx_word' id='word_1_474' title='bbox 398 3983 537 4039; x_wconf 82' lang='lat' dir='ltr'><strong>XIX.</strong></span> <span class='ocrx_word' id='word_1_475' title='bbox 566 3978 637 4037; x_wconf 80' lang='lat' dir='ltr'><strong>Et</strong></span> <span class='ocrx_word' id='word_1_476' title='bbox 665 3995 840 4035; x_wconf 80' lang='lat' dir='ltr'><strong>utrum</strong></span> <span class='ocrx_word' id='word_1_477' title='bbox 866 3981 1002 4034; x_wconf 82' lang='lat' dir='ltr'><strong>inter</strong></span> <span class='ocrx_word' id='word_1_478' title='bbox 1032 3980 1301 4033; x_wconf 74' lang='lat' dir='ltr'><strong>Itazrelicos</strong></span> <span class='ocrx_word' id='word_1_479' title='bbox 1325 3979 1589 4048; x_wconf 81' lang='lat' dir='ltr'><strong>ponendus</strong></span> <span class='ocrx_word' id='word_1_480' title='bbox 1618 3978 1728 4045; x_wconf 79' lang='lat' dir='ltr'><strong>ipse</strong></span> <span class='ocrx_word' id='word_1_481' title='bbox 1750 3982 1840 4027; x_wconf 77' lang='lat' dir='ltr'><strong>ut.</strong></span> 
     </span>
    </p>
   </div>
   <div class='ocr_carea' id='block_1_61' title="bbox 2561 3890 3557 3967">
    <p class='ocr_par' dir='ltr' id='par_1_61' title="bbox 2561 3890 3557 3967">
     <span class='ocr_line' id='line_1_62' title="bbox 2561 3890 3557 3967; baseline -0.005 -20"><span class='ocrx_word' id='word_1_482' title='bbox 2561 3896 2751 3967; x_wconf 79' lang='lat' dir='ltr'><strong>rigenis</strong></span> <span class='ocrx_word' id='word_1_483' title='bbox 2781 3890 3003 3946; x_wconf 75' lang='lat' dir='ltr'><strong>habendi</strong></span> <span class='ocrx_word' id='word_1_484' title='bbox 3048 3893 3173 3953; x_wconf 73' lang='lat' dir='ltr'><strong>sint,</strong></span> <span class='ocrx_word' id='word_1_485' title='bbox 3227 3890 3557 3959; x_wconf 69' lang='lat' dir='ltr'><strong>disputatur.</strong></span> 
     </span>
    </p>
   </div>
   <div class='ocr_carea' id='block_1_62' title="bbox 378 4272 3558 4369">
    <p class='ocr_par' dir='ltr' id='par_1_62' title="bbox 378 4272 3558 4369">
     <span class='ocr_line' id='line_1_63' title="bbox 378 4272 3558 4369; baseline -0.008 -14"><span class='ocrx_word' id='word_1_486' title='bbox 378 4300 421 4356; x_wconf 94' lang='lat' dir='ltr'><strong>I.</strong></span> <span class='ocrx_word' id='word_1_487' title='bbox 459 4298 613 4369; x_wconf 86' lang='lat' dir='ltr'><strong>Quod</strong></span> <span class='ocrx_word' id='word_1_488' title='bbox 651 4300 716 4355; x_wconf 90' lang='lat' dir='ltr'><strong>de</strong></span> <span class='ocrx_word' id='word_1_489' title='bbox 754 4296 989 4367; x_wconf 88' lang='lat' dir='ltr'><strong>Origene</strong></span> <span class='ocrx_word' id='word_1_490' title='bbox 1036 4291 1395 4363; x_wconf 81' lang='lat' dir='ltr'><strong>Origenisque</strong></span> <span class='ocrx_word' id='word_1_491' title='bbox 1460 4286 1726 4359; x_wconf 82' lang='lat' dir='ltr'><strong>dogmatis</strong></span> <span class='ocrx_word' id='word_1_492' title='bbox 1779 4284 1868 4357; x_wconf 43' lang='lat' dir='ltr'><strong>j&#39;n-</strong></span> <span class='ocrx_word' id='word_1_493' title='bbox 1897 4294 1939 4353; x_wconf 65' lang='grc' dir='ltr'><strong>(ζ</strong></span> <span class='ocrx_word' id='word_1_494' title='bbox 1976 4294 2229 4355; x_wconf 88' lang='lat' dir='ltr'><strong>tanquam</strong></span> <span class='ocrx_word' id='word_1_495' title='bbox 2259 4280 2324 4339; x_wconf 89' lang='lat' dir='ltr'><strong>de</strong></span> <span class='ocrx_word' id='word_1_496' title='bbox 2355 4274 2617 4337; x_wconf 77' lang='lat' dir='ltr'><strong>Ecclesiae</strong></span> <span class='ocrx_word' id='word_1_497' title='bbox 2645 4277 2911 4349; x_wconf 86' lang='lat' dir='ltr'><strong>propudio</strong></span> <span class='ocrx_word' id='word_1_498' title='bbox 2945 4291 3008 4333; x_wconf 87' lang='lat' dir='ltr'><strong>ac</strong></span> <span class='ocrx_word' id='word_1_499' title='bbox 3034 4274 3227 4339; x_wconf 82' lang='lat' dir='ltr'><strong>vibice,</strong></span> <span class='ocrx_word' id='word_1_500' title='bbox 3262 4272 3340 4329; x_wconf 92' lang='lat' dir='ltr'><strong>sic</strong></span> <span class='ocrx_word' id='word_1_501' title='bbox 3388 4272 3463 4327; x_wconf 81' lang='lat' dir='ltr'><strong>de</strong></span> <span class='ocrx_word' id='word_1_502' title='bbox 3484 4282 3558 4329; x_wconf 79' lang='lat' dir='ltr'><strong>eo</strong></span> 
     </span>
    </p>
   </div>
   <div class='ocr_carea' id='block_1_63' title="bbox 306 4377 1880 4451">
    <p class='ocr_par' dir='ltr' id='par_1_63' title="bbox 306 4377 1880 4451">
     <span class='ocr_line' id='line_1_64' title="bbox 306 4377 1880 4451; baseline -0.011 0"><span class='ocrx_word' id='word_1_503' title='bbox 306 4399 558 4451; x_wconf 85' lang='lat' dir='ltr'><strong>ctabatur</strong></span> <span class='ocrx_word' id='word_1_504' title='bbox 584 4392 751 4447; x_wconf 91' lang='lat' dir='ltr'><strong>olim:</strong></span> <span class='ocrx_word' id='word_1_505' title='bbox 779 4387 885 4445; x_wconf 88' lang='lat' dir='ltr'><strong>Ubi</strong></span> <span class='ocrx_word' id='word_1_506' title='bbox 937 4385 1095 4450; x_wconf 90' lang='lat' dir='ltr'><strong>bene,</strong></span> <span class='ocrx_word' id='word_1_507' title='bbox 1125 4398 1282 4438; x_wconf 92' lang='lat' dir='ltr'><strong>nemo</strong></span> <span class='ocrx_word' id='word_1_508' title='bbox 1324 4380 1550 4445; x_wconf 77' lang='lat' dir='ltr'><strong>melius;</strong></span> <span class='ocrx_word' id='word_1_509' title='bbox 1587 4379 1674 4434; x_wconf 90' lang='lat' dir='ltr'><strong>ubi</strong></span> <span class='ocrx_word' id='word_1_510' title='bbox 1718 4377 1880 4445; x_wconf 88' lang='lat' dir='ltr'><strong>male,</strong></span> 
     </span>
    </p>
   </div>
   <div class='ocr_carea' id='block_1_64' title="bbox 315 4471 1878 4556">
    <p class='ocr_par' dir='ltr' id='par_1_64' title="bbox 315 4471 1878 4556">
     <span class='ocr_line' id='line_1_65' title="bbox 315 4471 1878 4556; baseline -0.011 -14"><span class='ocrx_word' id='word_1_511' title='bbox 315 4500 475 4542; x_wconf 83' lang='lat' dir='ltr'><strong>nemo</strong></span> <span class='ocrx_word' id='word_1_512' title='bbox 504 4485 693 4556; x_wconf 87' lang='lat' dir='ltr'><strong>pejus;</strong></span> <span class='ocrx_word' id='word_1_513' title='bbox 723 4482 864 4537; x_wconf 87' lang='lat' dir='ltr'><strong>idem</strong></span> <span class='ocrx_word' id='word_1_514' title='bbox 899 4476 1281 4550; x_wconf 84' lang='lat' dir='ltr'><strong>propemodum</strong></span> <span class='ocrx_word' id='word_1_515' title='bbox 1314 4488 1459 4529; x_wconf 91' lang='lat' dir='ltr'><strong>nunc</strong></span> <span class='ocrx_word' id='word_1_516' title='bbox 1494 4474 1559 4529; x_wconf 90' lang='lat' dir='ltr'><strong>de</strong></span> <span class='ocrx_word' id='word_1_517' title='bbox 1582 4486 1669 4536; x_wconf 91' lang='lat' dir='ltr'><strong>eo,</strong></span> <span class='ocrx_word' id='word_1_518' title='bbox 1707 4471 1878 4540; x_wconf 89' lang='lat' dir='ltr'><strong>iisque</strong></span> 
     </span>
    </p>
   </div>
   <div class='ocr_carea' id='block_1_65' title="bbox 316 4562 1878 4647">
    <p class='ocr_par' dir='ltr' id='par_1_65' title="bbox 316 4562 1878 4647">
     <span class='ocr_line' id='line_1_66' title="bbox 316 4562 1878 4647; baseline -0.012 -11"><span class='ocrx_word' id='word_1_519' title='bbox 316 4580 511 4637; x_wconf 90' lang='lat' dir='ltr'><strong>merito</strong></span> <span class='ocrx_word' id='word_1_520' title='bbox 551 4579 656 4634; x_wconf 92' lang='lat' dir='ltr'><strong>dici</strong></span> <span class='ocrx_word' id='word_1_521' title='bbox 694 4581 890 4647; x_wconf 89' lang='lat' dir='ltr'><strong>potest,</strong></span> <span class='ocrx_word' id='word_1_522' title='bbox 922 4572 1015 4641; x_wconf 91' lang='lat' dir='ltr'><strong>qui</strong></span> <span class='ocrx_word' id='word_1_523' title='bbox 1061 4571 1127 4625; x_wconf 92' lang='lat' dir='ltr'><strong>de</strong></span> <span class='ocrx_word' id='word_1_524' title='bbox 1160 4562 1329 4638; x_wconf 87' lang='lat' dir='ltr'><strong>ipsius</strong></span> <span class='ocrx_word' id='word_1_525' title='bbox 1370 4566 1613 4621; x_wconf 87' lang='lat' dir='ltr'><strong>doctrina</strong></span> <span class='ocrx_word' id='word_1_526' title='bbox 1656 4572 1878 4619; x_wconf 90' lang='lat' dir='ltr'><strong>senten-</strong></span> 
     </span>
    </p>
   </div>
   <div class='ocr_carea' id='block_1_66' title="bbox 310 4655 1878 4736">
    <p class='ocr_par' dir='ltr' id='par_1_66' title="bbox 310 4655 1878 4736">
     <span class='ocr_line' id='line_1_67' title="bbox 310 4655 1878 4736; baseline -0.011 -7"><span class='ocrx_word' id='word_1_527' title='bbox 310 4676 440 4729; x_wconf 82' lang='lat' dir='ltr'><strong>tiam</strong></span> <span class='ocrx_word' id='word_1_528' title='bbox 489 4670 656 4725; x_wconf 90' lang='lat' dir='ltr'><strong>tulere</strong></span> <span class='ocrx_word' id='word_1_529' title='bbox 702 4665 854 4724; x_wconf 87' lang='lat' dir='ltr'><strong>:Ubi</strong></span> <span class='ocrx_word' id='word_1_530' title='bbox 895 4667 1032 4721; x_wconf 87' lang='lat' dir='ltr'><strong>bene</strong></span> <span class='ocrx_word' id='word_1_531' title='bbox 1070 4661 1365 4736; x_wconf 84' lang='lat' dir='ltr'><strong>accipitur,</strong></span> <span class='ocrx_word' id='word_1_532' title='bbox 1395 4658 1663 4713; x_wconf 85' lang='lat' dir='ltr'><strong>neminem</strong></span> <span class='ocrx_word' id='word_1_533' title='bbox 1689 4655 1878 4726; x_wconf 80' lang='lat' dir='ltr'><strong>_accipi</strong></span> 
     </span>
    </p>
   </div>
   <div class='ocr_carea' id='block_1_67' title="bbox 312 4748 1875 4830">
    <p class='ocr_par' dir='ltr' id='par_1_67' title="bbox 312 4748 1875 4830">
     <span class='ocr_line' id='line_1_68' title="bbox 312 4748 1875 4830; baseline -0.012 -10"><span class='ocrx_word' id='word_1_534' title='bbox 312 4766 528 4830; x_wconf 89' lang='lat' dir='ltr'><strong>melius,</strong></span> <span class='ocrx_word' id='word_1_535' title='bbox 569 4762 840 4816; x_wconf 90' lang='lat' dir='ltr'><strong>neminem</strong></span> <span class='ocrx_word' id='word_1_536' title='bbox 886 4754 1178 4825; x_wconf 82' lang='lat' dir='ltr'><strong>majoribus</strong></span> <span class='ocrx_word' id='word_1_537' title='bbox 1219 4751 1401 4807; x_wconf 79' lang='lat' dir='ltr'><strong>extolli</strong></span> <span class='ocrx_word' id='word_1_538' title='bbox 1442 4748 1749 4820; x_wconf 65' lang='lat' dir='ltr'><strong>praeconiis,</strong></span> <span class='ocrx_word' id='word_1_539' title='bbox 1789 4761 1875 4802; x_wconf 89' lang='lat' dir='ltr'><strong>ne-</strong></span> 
     </span>
    </p>
   </div>
   <div class='ocr_carea' id='block_1_68' title="bbox 314 4838 1872 4913">
    <p class='ocr_par' dir='ltr' id='par_1_68' title="bbox 314 4838 1872 4913">
     <span class='ocr_line' id='line_1_69' title="bbox 314 4838 1872 4913; baseline -0.01 -2"><span class='ocrx_word' id='word_1_540' title='bbox 314 4857 475 4913; x_wconf 89' lang='lat' dir='ltr'><strong>minis</strong></span> <span class='ocrx_word' id='word_1_541' title='bbox 513 4853 814 4909; x_wconf 86' lang='lat' dir='ltr'><strong>doctrinam</strong></span> <span class='ocrx_word' id='word_1_542' title='bbox 882 4846 1187 4910; x_wconf 85' lang='lat' dir='ltr'><strong>acrioribus</strong></span> <span class='ocrx_word' id='word_1_543' title='bbox 1228 4842 1423 4899; x_wconf 86' lang='lat' dir='ltr'><strong>studiis</strong></span> <span class='ocrx_word' id='word_1_544' title='bbox 1481 4839 1737 4905; x_wconf 80' lang='lat' dir='ltr'><strong>defendi;</strong></span> <span class='ocrx_word' id='word_1_545' title='bbox 1781 4838 1872 4895; x_wconf 90' lang='lat' dir='ltr'><strong>ubi</strong></span> 
     </span>
    </p>
   </div>
   <div class='ocr_carea' id='block_1_69' title="bbox 316 4930 1881 5011">
    <p class='ocr_par' dir='ltr' id='par_1_69' title="bbox 316 4930 1881 5011">
     <span class='ocr_line' id='line_1_70' title="bbox 316 4930 1881 5011; baseline -0.013 -6"><span class='ocrx_word' id='word_1_546' title='bbox 316 4948 479 5011; x_wconf 85' lang='lat' dir='ltr'><strong>male,</strong></span> <span class='ocrx_word' id='word_1_547' title='bbox 508 4944 711 5001; x_wconf 90' lang='lat' dir='ltr'><strong>duriori</strong></span> <span class='ocrx_word' id='word_1_548' title='bbox 754 4942 1021 4996; x_wconf 87' lang='lat' dir='ltr'><strong>neminem</strong></span> <span class='ocrx_word' id='word_1_549' title='bbox 1057 4946 1111 4992; x_wconf 89' lang='lat' dir='ltr'><strong>et</strong></span> <span class='ocrx_word' id='word_1_550' title='bbox 1142 4933 1410 5006; x_wconf 87' lang='lat' dir='ltr'><strong>asperiori</strong></span> <span class='ocrx_word' id='word_1_551' title='bbox 1456 4947 1684 4988; x_wconf 86' lang='lat' dir='ltr'><strong>censura</strong></span> <span class='ocrx_word' id='word_1_552' title='bbox 1721 4930 1881 4985; x_wconf 80' lang='lat' dir='ltr'><strong>defri-</strong></span> 
     </span>
    </p>
   </div>
   <div class='ocr_carea' id='block_1_70' title="bbox 312 5022 1874 5097">
    <p class='ocr_par' dir='ltr' id='par_1_70' title="bbox 312 5022 1874 5097">
     <span class='ocr_line' id='line_1_71' title="bbox 312 5022 1874 5097; baseline -0.013 -1"><span class='ocrx_word' id='word_1_553' title='bbox 312 5041 446 5097; x_wconf 88' lang='lat' dir='ltr'><strong>cari.</strong></span> <span class='ocrx_word' id='word_1_554' title='bbox 486 5031 636 5094; x_wconf 74' lang='lat' dir='ltr'><strong>Adeo</strong></span> <span class='ocrx_word' id='word_1_555' title='bbox 676 5045 917 5090; x_wconf 82' lang='lat' dir='ltr'><strong>extrema</strong></span> <span class='ocrx_word' id='word_1_556' title='bbox 944 5033 1145 5096; x_wconf 90' lang='lat' dir='ltr'><strong>omnia,</strong></span> <span class='ocrx_word' id='word_1_557' title='bbox 1175 5046 1281 5085; x_wconf 89' lang='lat' dir='ltr'><strong>non</strong></span> <span class='ocrx_word' id='word_1_558' title='bbox 1310 5028 1363 5082; x_wconf 90' lang='lat' dir='ltr'><strong>in</strong></span> <span class='ocrx_word' id='word_1_559' title='bbox 1411 5027 1521 5081; x_wconf 86' lang='lat' dir='ltr'><strong>vita</strong></span> <span class='ocrx_word' id='word_1_560' title='bbox 1559 5023 1757 5089; x_wconf 90' lang='lat' dir='ltr'><strong>solum,</strong></span> <span class='ocrx_word' id='word_1_561' title='bbox 1780 5022 1874 5077; x_wconf 91' lang='lat' dir='ltr'><strong>sed</strong></span> 
     </span>
    </p>
   </div>
   <div class='ocr_carea' id='block_1_71' title="bbox 312 5107 1877 5203">
    <p class='ocr_par' dir='ltr' id='par_1_71' title="bbox 312 5107 1877 5203">
     <span class='ocr_line' id='line_1_72' title="bbox 312 5107 1877 5203; baseline -0.013 -16"><span class='ocrx_word' id='word_1_562' title='bbox 312 5141 435 5203; x_wconf 89' lang='lat' dir='ltr'><strong>post</strong></span> <span class='ocrx_word' id='word_1_563' title='bbox 482 5138 708 5184; x_wconf 89' lang='lat' dir='ltr'><strong>mortem</strong></span> <span class='ocrx_word' id='word_1_564' title='bbox 758 5126 917 5180; x_wconf 88' lang='lat' dir='ltr'><strong>etiam</strong></span> <span class='ocrx_word' id='word_1_565' title='bbox 964 5125 1048 5178; x_wconf 85' lang='lat' dir='ltr'><strong>vir</strong></span> <span class='ocrx_word' id='word_1_566' title='bbox 1088 5120 1177 5178; x_wconf 89' lang='lat' dir='ltr'><strong>ille</strong></span> <span class='ocrx_word' id='word_1_567' title='bbox 1216 5129 1473 5189; x_wconf 83' lang='lat' dir='ltr'><strong>expertus</strong></span> <span class='ocrx_word' id='word_1_568' title='bbox 1521 5126 1641 5183; x_wconf 88' lang='lat' dir='ltr'><strong>est;</strong></span> <span class='ocrx_word' id='word_1_569' title='bbox 1693 5107 1877 5171; x_wconf 87' lang='lat' dir='ltr'><strong>nescio</strong></span> 
     </span>
    </p>
   </div>
   <div class='ocr_carea' id='block_1_72' title="bbox 318 5204 1878 5294">
    <p class='ocr_par' dir='ltr' id='par_1_72' title="bbox 318 5204 1878 5294">
     <span class='ocr_line' id='line_1_73' title="bbox 318 5204 1878 5294; baseline -0.013 -17"><span class='ocrx_word' id='word_1_570' title='bbox 318 5237 423 5294; x_wconf 80' lang='lat' dir='ltr'><strong>qua</strong></span> <span class='ocrx_word' id='word_1_571' title='bbox 482 5220 577 5275; x_wconf 87' lang='lat' dir='ltr'><strong>I&#39;ati</strong></span> <span class='ocrx_word' id='word_1_572' title='bbox 636 5226 863 5288; x_wconf 81' lang='lat' dir='ltr'><strong>urgente</strong></span> <span class='ocrx_word' id='word_1_573' title='bbox 906 5212 1226 5284; x_wconf 85' lang='lat' dir='ltr'><strong>pertinacia,</strong></span> <span class='ocrx_word' id='word_1_574' title='bbox 1290 5220 1346 5264; x_wconf 93' lang='lat' dir='ltr'><strong>et</strong></span> <span class='ocrx_word' id='word_1_575' title='bbox 1394 5221 1694 5279; x_wconf 87' lang='lat' dir='ltr'><strong>perpaucos</strong></span> <span class='ocrx_word' id='word_1_576' title='bbox 1733 5204 1878 5259; x_wconf 84' lang='lat' dir='ltr'><strong>Ada-</strong></span> 
     </span>
    </p>
   </div>
   <div class='ocr_carea' id='block_1_73' title="bbox 314 5298 1877 5376">
    <p class='ocr_par' dir='ltr' id='par_1_73' title="bbox 314 5298 1877 5376">
     <span class='ocr_line' id='line_1_74' title="bbox 314 5298 1877 5376; baseline -0.014 -6"><span class='ocrx_word' id='word_1_577' title='bbox 314 5314 575 5371; x_wconf 87' lang='lat' dir='ltr'><strong>mantium</strong></span> <span class='ocrx_word' id='word_1_578' title='bbox 611 5311 751 5369; x_wconf 86' lang='lat' dir='ltr'><strong>inter</strong></span> <span class='ocrx_word' id='word_1_579' title='bbox 797 5307 1073 5376; x_wconf 90' lang='lat' dir='ltr'><strong>ipsiusque</strong></span> <span class='ocrx_word' id='word_1_580' title='bbox 1104 5298 1442 5358; x_wconf 88' lang='lat' dir='ltr'><strong>adversarios</strong></span> <span class='ocrx_word' id='word_1_581' title='bbox 1473 5298 1675 5355; x_wconf 77' lang='lat' dir='ltr'><strong>medias</strong></span> <span class='ocrx_word' id='word_1_582' title='bbox 1702 5305 1877 5351; x_wconf 80' lang='lat' dir='ltr'><strong>secta-</strong></span> 
     </span>
    </p>
   </div>
   <div class='ocr_carea' id='block_1_74' title="bbox 310 5388 1874 5481">
    <p class='ocr_par' dir='ltr' id='par_1_74' title="bbox 310 5388 1874 5481">
     <span class='ocr_line' id='line_1_75' title="bbox 310 5388 1874 5481; baseline -0.016 -14"><span class='ocrx_word' id='word_1_583' title='bbox 310 5413 356 5468; x_wconf 93' lang='lat' dir='ltr'><strong>ri</strong></span> <span class='ocrx_word' id='word_1_584' title='bbox 389 5419 571 5481; x_wconf 84' lang='lat' dir='ltr'><strong>partes</strong></span> <span class='ocrx_word' id='word_1_585' title='bbox 611 5406 866 5477; x_wconf 88' lang='lat' dir='ltr'><strong>patiente.</strong></span> <span class='ocrx_word' id='word_1_586' title='bbox 910 5401 1058 5456; x_wconf 85' lang='lat' dir='ltr'><strong>Alios</strong></span> <span class='ocrx_word' id='word_1_587' title='bbox 1106 5399 1322 5468; x_wconf 87' lang='lat' dir='ltr'><strong>quidem</strong></span> <span class='ocrx_word' id='word_1_588' title='bbox 1377 5407 1484 5449; x_wconf 86' lang='lat' dir='ltr'><strong>tam</strong></span> <span class='ocrx_word' id='word_1_589' title='bbox 1524 5388 1707 5462; x_wconf 86' lang='lat' dir='ltr'><strong>inique</strong></span> <span class='ocrx_word' id='word_1_590' title='bbox 1747 5403 1874 5459; x_wconf 84' lang='lat' dir='ltr'><strong>erga</strong></span> 
     </span>
    </p>
   </div>
   <div class='ocr_carea' id='block_1_75' title="bbox 313 5480 1879 5571">
    <p class='ocr_par' dir='ltr' id='par_1_75' title="bbox 313 5480 1879 5571">
     <span class='ocr_line' id='line_1_76' title="bbox 313 5480 1879 5571; baseline -0.015 -14"><span class='ocrx_word' id='word_1_591' title='bbox 313 5480 486 5571; x_wconf 77' lang='lat' dir='ltr'><strong>ipsum</strong></span> <span class='ocrx_word' id='word_1_592' title='bbox 530 5500 794 5554; x_wconf 83' lang='lat' dir='ltr'><strong>animatos</strong></span> <span class='ocrx_word' id='word_1_593' title='bbox 829 5494 1034 5560; x_wconf 77' lang='lat' dir='ltr'><strong>videas,</strong></span> <span class='ocrx_word' id='word_1_594' title='bbox 1065 5498 1124 5544; x_wconf 93' lang='lat' dir='ltr'><strong>ut</strong></span> <span class='ocrx_word' id='word_1_595' title='bbox 1158 5490 1213 5544; x_wconf 89' lang='lat' dir='ltr'><strong>in</strong></span> <span class='ocrx_word' id='word_1_596' title='bbox 1244 5488 1571 5543; x_wconf 83' lang='lat' dir='ltr'><strong>nefariorum</strong></span> <span class='ocrx_word' id='word_1_597' title='bbox 1619 5498 1684 5537; x_wconf 89' lang='lat' dir='ltr'><strong>ac</strong></span> <span class='ocrx_word' id='word_1_598' title='bbox 1712 5480 1879 5551; x_wconf 81' lang='lat' dir='ltr'><strong>pesti-</strong></span> 
     </span>
    </p>
   </div>
   <div class='ocr_carea' id='block_1_76' title="bbox 317 5580 1875 5649">
    <p class='ocr_par' dir='ltr' id='par_1_76' title="bbox 317 5580 1875 5649">
     <span class='ocr_line' id='line_1_77' title="bbox 317 5580 1875 5649; baseline -0.014 -2"><span class='ocrx_word' id='word_1_599' title='bbox 317 5596 557 5649; x_wconf 80' lang='lat' dir='ltr'><strong>ferorum</strong></span> <span class='ocrx_word' id='word_1_600' title='bbox 609 5587 983 5644; x_wconf 66' lang='lat' dir='ltr'><strong>haereticorum</strong></span> <span class='ocrx_word' id='word_1_601' title='bbox 1036 5597 1201 5638; x_wconf 88' lang='lat' dir='ltr'><strong>censu</strong></span> <span class='ocrx_word' id='word_1_602' title='bbox 1247 5580 1532 5649; x_wconf 81' lang='lat' dir='ltr'><strong>Origenem</strong></span> <span class='ocrx_word' id='word_1_603' title='bbox 1566 5582 1792 5647; x_wconf 87' lang='lat' dir='ltr'><strong>ponant,</strong></span> <span class='ocrx_word' id='word_1_604' title='bbox 1821 5581 1875 5626; x_wconf 91' lang='lat' dir='ltr'><strong>et</strong></span> 
     </span>
    </p>
   </div>
   <div class='ocr_carea' id='block_1_77' title="bbox 1987 4368 3556 4430">
    <p class='ocr_par' dir='ltr' id='par_1_77' title="bbox 1987 4368 3556 4430">
     <span class='ocr_line' id='line_1_78' title="bbox 1987 4368 3556 4430; baseline -0.01 0"><span class='ocrx_word' id='word_1_605' title='bbox 1987 4373 2329 4430; x_wconf 88' lang='lat' dir='ltr'><strong>statuendum</strong></span> <span class='ocrx_word' id='word_1_606' title='bbox 2377 4387 2498 4427; x_wconf 90' lang='lat' dir='ltr'><strong>esse</strong></span> <span class='ocrx_word' id='word_1_607' title='bbox 2532 4370 2695 4425; x_wconf 89' lang='lat' dir='ltr'><strong>velint</strong></span> <span class='ocrx_word' id='word_1_608' title='bbox 2737 4387 2750 4422; x_wconf 92' lang='lat'>:</span> <span class='ocrx_word' id='word_1_609' title='bbox 2786 4368 2873 4422; x_wconf 90' lang='lat' dir='ltr'><strong>alii</strong></span> <span class='ocrx_word' id='word_1_610' title='bbox 2927 4377 3111 4422; x_wconf 81' lang='lat' dir='ltr'><strong>contra</strong></span> <span class='ocrx_word' id='word_1_611' title='bbox 3161 4375 3268 4418; x_wconf 90' lang='lat' dir='ltr'><strong>tam</strong></span> <span class='ocrx_word' id='word_1_612' title='bbox 3312 4378 3461 4417; x_wconf 66' lang='lat' dir='ltr'><strong>caeco</strong></span> <span class='ocrx_word' id='word_1_613' title='bbox 3499 4372 3556 4416; x_wconf 87' lang='lat' dir='ltr'><strong>et</strong></span> 
     </span>
    </p>
   </div>
   <div class='ocr_carea' id='block_1_78' title="bbox 1986 4450 3559 4521">
    <p class='ocr_par' dir='ltr' id='par_1_78' title="bbox 1986 4450 3559 4521">
     <span class='ocr_line' id='line_1_79' title="bbox 1986 4450 3559 4521; baseline -0.011 -3"><span class='ocrx_word' id='word_1_614' title='bbox 1986 4460 2172 4519; x_wconf 80' lang='lat' dir='ltr'><strong>eﬂ&#39;reni</strong></span> <span class='ocrx_word' id='word_1_615' title='bbox 2233 4462 2409 4517; x_wconf 90' lang='lat' dir='ltr'><strong>studio</strong></span> <span class='ocrx_word' id='word_1_616' title='bbox 2452 4461 2506 4515; x_wconf 91' lang='lat' dir='ltr'><strong>in</strong></span> <span class='ocrx_word' id='word_1_617' title='bbox 2565 4473 2687 4513; x_wconf 89' lang='lat' dir='ltr'><strong>eum</strong></span> <span class='ocrx_word' id='word_1_618' title='bbox 2743 4456 3013 4521; x_wconf 82' lang='lat' dir='ltr'><strong>feruntur,</strong></span> <span class='ocrx_word' id='word_1_619' title='bbox 3062 4461 3121 4506; x_wconf 90' lang='lat' dir='ltr'><strong>ut</strong></span> <span class='ocrx_word' id='word_1_620' title='bbox 3164 4450 3346 4506; x_wconf 86' lang='lat' dir='ltr'><strong>omnia</strong></span> <span class='ocrx_word' id='word_1_621' title='bbox 3385 4450 3559 4519; x_wconf 78' lang='lat' dir='ltr'><strong>ipsius</strong></span> 
     </span>
    </p>
   </div>
   <div class='ocr_carea' id='block_1_79' title="bbox 1988 4544 3557 4621">
    <p class='ocr_par' dir='ltr' id='par_1_79' title="bbox 1988 4544 3557 4621">
     <span class='ocr_line' id='line_1_80' title="bbox 1988 4544 3557 4621; baseline -0.009 -10"><span class='ocrx_word' id='word_1_622' title='bbox 1988 4556 2125 4611; x_wconf 74' lang='lat' dir='ltr'><strong>facta</strong></span> <span class='ocrx_word' id='word_1_623' title='bbox 2170 4570 2232 4609; x_wconf 92' lang='lat' dir='ltr'><strong>ac</strong></span> <span class='ocrx_word' id='word_1_624' title='bbox 2255 4556 2400 4609; x_wconf 88' lang='lat' dir='ltr'><strong>dicta</strong></span> <span class='ocrx_word' id='word_1_625' title='bbox 2449 4551 2584 4607; x_wconf 92' lang='lat' dir='ltr'><strong>tueri</strong></span> <span class='ocrx_word' id='word_1_626' title='bbox 2608 4550 2782 4621; x_wconf 90' lang='lat' dir='ltr'><strong>parati</strong></span> <span class='ocrx_word' id='word_1_627' title='bbox 2817 4548 2948 4612; x_wconf 89' lang='lat' dir='ltr'><strong>sint,</strong></span> <span class='ocrx_word' id='word_1_628' title='bbox 2978 4558 3079 4600; x_wconf 89' lang='lat' dir='ltr'><strong>nec</strong></span> <span class='ocrx_word' id='word_1_629' title='bbox 3113 4544 3271 4599; x_wconf 77' lang='lat' dir='ltr'><strong>aliter</strong></span> <span class='ocrx_word' id='word_1_630' title='bbox 3301 4544 3557 4613; x_wconf 74' lang='lat' dir='ltr'><strong>dogmata</strong></span> 
     </span>
    </p>
   </div>
   <div class='ocr_carea' id='block_1_80' title="bbox 1986 4638 3264 4719">
    <p class='ocr_par' dir='ltr' id='par_1_80' title="bbox 1986 4638 3264 4719">
     <span class='ocr_line' id='line_1_81' title="bbox 1986 4638 3264 4719; baseline -0.01 -16"><span class='ocrx_word' id='word_1_631' title='bbox 1986 4649 2125 4719; x_wconf 88' lang='lat' dir='ltr'><strong>ejus,</strong></span> <span class='ocrx_word' id='word_1_632' title='bbox 2153 4662 2312 4718; x_wconf 90' lang='lat' dir='ltr'><strong>quam</strong></span> <span class='ocrx_word' id='word_1_633' title='bbox 2348 4653 2406 4700; x_wconf 89' lang='lat' dir='ltr'><strong>ut</strong></span> <span class='ocrx_word' id='word_1_634' title='bbox 2429 4643 2625 4714; x_wconf 78' lang='grc' dir='ltr'><strong>κυρίας</strong></span> <span class='ocrx_word' id='word_1_635' title='bbox 2662 4640 2822 4707; x_wconf 73' lang='grc' dir='ltr'><strong>δόξας</strong></span> <span class='ocrx_word' id='word_1_636' title='bbox 2848 4638 3264 4709; x_wconf 81' lang='lat' dir='ltr'><strong>amplectantur.</strong></span> 
     </span>
    </p>
   </div>
   <div class='ocr_carea' id='block_1_81' title="bbox 2515 4755 2892 4824">
    <p class='ocr_par' dir='ltr' id='par_1_81' title="bbox 2515 4755 2892 4824">
     <span class='ocr_line' id='line_1_82' title="bbox 2515 4755 2892 4824; baseline -0.011 -15"><span class='ocrx_word' id='word_1_637' title='bbox 2515 4755 2661 4809; x_wconf 85' lang='lat' dir='ltr'><strong>Unus</strong></span> <span class='ocrx_word' id='word_1_638' title='bbox 2688 4756 2892 4824; x_wconf 83' lang='lat' dir='ltr'><strong>utrique</strong></span> 
     </span>
    </p>
   </div>
   <div class='ocr_carea' id='block_1_82' title="bbox 2270 4819 3306 4893">
    <p class='ocr_par' dir='ltr' id='par_1_82' title="bbox 2270 4819 3306 4893">
     <span class='ocr_line' id='line_1_83' title="bbox 2270 4819 3306 4893; baseline -0.008 -11"><span class='ocrx_word' id='word_1_639' title='bbox 2270 4827 2455 4893; x_wconf 82' lang='lat' dir='ltr'><strong>Error,</strong></span> <span class='ocrx_word' id='word_1_640' title='bbox 2487 4830 2577 4879; x_wconf 82' lang='lat' dir='ltr'><strong>sed</strong></span> <span class='ocrx_word' id='word_1_641' title='bbox 2609 4825 2770 4878; x_wconf 80' lang='lat' dir='ltr'><strong>variis</strong></span> <span class='ocrx_word' id='word_1_642' title='bbox 2797 4819 2973 4875; x_wconf 71' lang='lat' dir='ltr'><strong>illudi:</strong></span> <span class='ocrx_word' id='word_1_643' title='bbox 2997 4821 3230 4890; x_wconf 77' lang='lat' dir='ltr'><strong>partibus</strong></span> <span class='ocrx_word' id='word_1_644' title='bbox 3260 4819 3306 4873; x_wconf 80' lang='grc'><strong>⁸.</strong></span> 
     </span>
    </p>
   </div>
   <div class='ocr_carea' id='block_1_83' title="bbox 1986 4911 3555 4993">
    <p class='ocr_par' dir='ltr' id='par_1_83' title="bbox 1986 4911 3555 4993">
     <span class='ocr_line' id='line_1_84' title="bbox 1986 4911 3555 4993; baseline -0.008 -16"><span class='ocrx_word' id='word_1_645' title='bbox 1986 4921 2247 4993; x_wconf 85' lang='lat' dir='ltr'><strong>Equidem</strong></span> <span class='ocrx_word' id='word_1_646' title='bbox 2276 4930 2517 4974; x_wconf 71' lang='lat' dir='ltr'><strong>extrema</strong></span> <span class='ocrx_word' id='word_1_647' title='bbox 2544 4918 2658 4972; x_wconf 80' lang='lat' dir='ltr'><strong>haec</strong></span> <span class='ocrx_word' id='word_1_648' title='bbox 2692 4917 2851 4980; x_wconf 85' lang='lat' dir='ltr'><strong>inter,</strong></span> <span class='ocrx_word' id='word_1_649' title='bbox 2888 4914 3122 4969; x_wconf 85' lang='lat' dir='ltr'><strong>medium</strong></span> <span class='ocrx_word' id='word_1_650' title='bbox 3151 4911 3426 4981; x_wconf 90' lang='lat' dir='ltr'><strong>quoddam</strong></span> <span class='ocrx_word' id='word_1_651' title='bbox 3452 4914 3555 4965; x_wconf 76' lang='lat' dir='ltr'><strong>iter</strong></span> 
     </span>
    </p>
   </div>
   <div class='ocr_carea' id='block_1_84' title="bbox 1989 5001 3555 5079">
    <p class='ocr_par' dir='ltr' id='par_1_84' title="bbox 1989 5001 3555 5079">
     <span class='ocr_line' id='line_1_85' title="bbox 1989 5001 3555 5079; baseline -0.01 -10"><span class='ocrx_word' id='word_1_652' title='bbox 1989 5016 2276 5069; x_wconf 86' lang='lat' dir='ltr'><strong>tenendum</strong></span> <span class='ocrx_word' id='word_1_653' title='bbox 2322 5022 2471 5078; x_wconf 89' lang='lat' dir='ltr'><strong>puto,</strong></span> <span class='ocrx_word' id='word_1_654' title='bbox 2504 5009 2547 5064; x_wconf 93' lang='lat' dir='ltr'><strong>si</strong></span> <span class='ocrx_word' id='word_1_655' title='bbox 2592 5008 2715 5079; x_wconf 89' lang='lat' dir='ltr'><strong>quis</strong></span> <span class='ocrx_word' id='word_1_656' title='bbox 2759 5020 2944 5076; x_wconf 66' lang='lat' dir='ltr'><strong>aequus</strong></span> <span class='ocrx_word' id='word_1_657' title='bbox 2973 5020 3113 5072; x_wconf 82' lang='lat' dir='ltr'><strong>esse,</strong></span> <span class='ocrx_word' id='word_1_658' title='bbox 3144 5019 3243 5059; x_wconf 88' lang='lat' dir='ltr'><strong>nec</strong></span> <span class='ocrx_word' id='word_1_659' title='bbox 3281 5016 3405 5057; x_wconf 89' lang='lat' dir='ltr'><strong>sese</strong></span> <span class='ocrx_word' id='word_1_660' title='bbox 3438 5001 3555 5071; x_wconf 82' lang='lat' dir='ltr'><strong>ipse</strong></span> 
     </span>
    </p>
   </div>
   <div class='ocr_carea' id='block_1_85' title="bbox 1982 5091 3552 5165">
    <p class='ocr_par' dir='ltr' id='par_1_85' title="bbox 1982 5091 3552 5165">
     <span class='ocr_line' id='line_1_86' title="bbox 1982 5091 3552 5165; baseline -0.01 -4"><span class='ocrx_word' id='word_1_661' title='bbox 1982 5107 2172 5161; x_wconf 79' lang='lat' dir='ltr'><strong>fallere</strong></span> <span class='ocrx_word' id='word_1_662' title='bbox 2212 5103 2358 5159; x_wconf 87' lang='lat' dir='ltr'><strong>velit.</strong></span> <span class='ocrx_word' id='word_1_663' title='bbox 2407 5100 2709 5156; x_wconf 82' lang='lat' dir='ltr'><strong>Fatendum</strong></span> <span class='ocrx_word' id='word_1_664' title='bbox 2744 5107 2827 5152; x_wconf 88' lang='lat' dir='ltr'><strong>est</strong></span> <span class='ocrx_word' id='word_1_665' title='bbox 2875 5112 3016 5164; x_wconf 66' lang='lat' dir='ltr'><strong>saepe</strong></span> <span class='ocrx_word' id='word_1_666' title='bbox 3061 5106 3316 5165; x_wconf 88' lang='lat' dir='ltr'><strong>peccasse</strong></span> <span class='ocrx_word' id='word_1_667' title='bbox 3362 5091 3552 5163; x_wconf 84' lang='lat' dir='ltr'><strong>Orige-</strong></span> 
     </span>
    </p>
   </div>
   <div class='ocr_carea' id='block_1_86' title="bbox 1980 5184 3550 5264">
    <p class='ocr_par' dir='ltr' id='par_1_86' title="bbox 1980 5184 3550 5264">
     <span class='ocr_line' id='line_1_87' title="bbox 1980 5184 3550 5264; baseline -0.01 -11"><span class='ocrx_word' id='word_1_668' title='bbox 1980 5215 2126 5264; x_wconf 92' lang='lat' dir='ltr'><strong>nem,</strong></span> <span class='ocrx_word' id='word_1_669' title='bbox 2156 5206 2209 5253; x_wconf 90' lang='lat' dir='ltr'><strong>et</strong></span> <span class='ocrx_word' id='word_1_670' title='bbox 2248 5197 2299 5251; x_wconf 92' lang='lat' dir='ltr'><strong>in</strong></span> <span class='ocrx_word' id='word_1_671' title='bbox 2345 5195 2635 5249; x_wconf 82' lang='lat' dir='ltr'><strong>damnosos</strong></span> <span class='ocrx_word' id='word_1_672' title='bbox 2675 5205 2889 5247; x_wconf 89' lang='lat' dir='ltr'><strong>errores</strong></span> <span class='ocrx_word' id='word_1_673' title='bbox 2934 5188 3221 5251; x_wconf 88' lang='lat' dir='ltr'><strong>incidisse;</strong></span> <span class='ocrx_word' id='word_1_674' title='bbox 3268 5185 3321 5239; x_wconf 91' lang='lat' dir='ltr'><strong>in</strong></span> <span class='ocrx_word' id='word_1_675' title='bbox 3366 5184 3550 5239; x_wconf 84' lang='lat' dir='ltr'><strong>multis</strong></span> 
     </span>
    </p>
   </div>
   <div class='ocr_carea' id='block_1_87' title="bbox 1978 5280 3546 5348">
    <p class='ocr_par' dir='ltr' id='par_1_87' title="bbox 1978 5280 3546 5348">
     <span class='ocr_line' id='line_1_88' title="bbox 1978 5280 3546 5348; baseline -0.011 -2"><span class='ocrx_word' id='word_1_676' title='bbox 1978 5292 2115 5346; x_wconf 76' lang='lat' dir='ltr'><strong>falso</strong></span> <span class='ocrx_word' id='word_1_677' title='bbox 2144 5299 2199 5344; x_wconf 93' lang='lat' dir='ltr'><strong>et</strong></span> <span class='ocrx_word' id='word_1_678' title='bbox 2241 5288 2511 5343; x_wconf 90' lang='lat' dir='ltr'><strong>immerito</strong></span> <span class='ocrx_word' id='word_1_679' title='bbox 2560 5286 2725 5340; x_wconf 86' lang='lat' dir='ltr'><strong>luisse</strong></span> <span class='ocrx_word' id='word_1_680' title='bbox 2771 5291 3083 5339; x_wconf 83' lang='lat' dir='ltr'><strong>accusatum</strong></span> <span class='ocrx_word' id='word_1_681' title='bbox 3121 5280 3165 5334; x_wconf 88' lang='lat' dir='ltr'><strong>si</strong></span> <span class='ocrx_word' id='word_1_682' title='bbox 3214 5281 3335 5348; x_wconf 89' lang='lat' dir='ltr'><strong>quis</strong></span> <span class='ocrx_word' id='word_1_683' title='bbox 3364 5286 3546 5348; x_wconf 83' lang='lat' dir='ltr'><strong>neget,</strong></span> 
     </span>
    </p>
   </div>
   <div class='ocr_carea' id='block_1_88' title="bbox 1934 5358 3556 5455">
    <p class='ocr_par' dir='ltr' id='par_1_88' title="bbox 1934 5358 3556 5455">
     <span class='ocr_line' id='line_1_89' title="bbox 1934 5358 3556 5455; baseline -0.011 -16"><span class='ocrx_word' id='word_1_684' title='bbox 1934 5358 1945 5370; x_wconf 54' lang='grc'><em>’</em></span> <span class='ocrx_word' id='word_1_685' title='bbox 1982 5381 2247 5455; x_wconf 70' lang='lat' dir='ltr'><strong>profligati</strong></span> <span class='ocrx_word' id='word_1_686' title='bbox 2291 5380 2440 5434; x_wconf 78' lang='lat' dir='ltr'><strong>illum</strong></span> <span class='ocrx_word' id='word_1_687' title='bbox 2485 5378 2707 5449; x_wconf 87' lang='lat' dir='ltr'><strong>pudoris</strong></span> <span class='ocrx_word' id='word_1_688' title='bbox 2734 5391 2872 5439; x_wconf 87' lang='lat' dir='ltr'><strong>esse,</strong></span> <span class='ocrx_word' id='word_1_689' title='bbox 2912 5382 2964 5427; x_wconf 90' lang='lat' dir='ltr'><strong>et</strong></span> <span class='ocrx_word' id='word_1_690' title='bbox 2986 5386 3144 5440; x_wconf 92' lang='lat' dir='ltr'><strong>supra</strong></span> <span class='ocrx_word' id='word_1_691' title='bbox 3164 5368 3273 5439; x_wconf 87' lang='lat' dir='ltr'><strong>jam</strong></span> <span class='ocrx_word' id='word_1_692' title='bbox 3304 5369 3556 5439; x_wconf 55' lang='lat' dir='ltr'><strong>probavi-</strong></span> 
     </span>
    </p>
   </div>
   <div class='ocr_carea' id='block_1_89' title="bbox 1982 5466 3555 5547">
    <p class='ocr_par' dir='ltr' id='par_1_89' title="bbox 1982 5466 3555 5547">
     <span class='ocr_line' id='line_1_90' title="bbox 1982 5466 3555 5547; baseline -0.012 -11"><span class='ocrx_word' id='word_1_693' title='bbox 1982 5497 2126 5546; x_wconf 89' lang='lat' dir='ltr'><strong>mus,</strong></span> <span class='ocrx_word' id='word_1_694' title='bbox 2152 5484 2206 5534; x_wconf 87' lang='lat' dir='ltr'><strong>et</strong></span> <span class='ocrx_word' id='word_1_695' title='bbox 2232 5478 2487 5547; x_wconf 86' lang='lat' dir='ltr'><strong>deinceps</strong></span> <span class='ocrx_word' id='word_1_696' title='bbox 2522 5474 2683 5530; x_wconf 85' lang='lat' dir='ltr'><strong>etiam</strong></span> <span class='ocrx_word' id='word_1_697' title='bbox 2713 5472 3081 5528; x_wconf 88' lang='lat' dir='ltr'><strong>ostendemus.</strong></span> <span class='ocrx_word' id='word_1_698' title='bbox 3110 5467 3376 5523; x_wconf 71' lang='lat' dir='ltr'><strong>Prreclare</strong></span> <span class='ocrx_word' id='word_1_699' title='bbox 3396 5466 3555 5520; x_wconf 90' lang='lat' dir='ltr'><strong>Pam-</strong></span> 
     </span>
    </p>
   </div>
   <div class='ocr_carea' id='block_1_90' title="bbox 1978 5560 3555 5642">
    <p class='ocr_par' dir='ltr' id='par_1_90' title="bbox 1978 5560 3555 5642">
     <span class='ocr_line' id='line_1_91' title="bbox 1978 5560 3555 5642; baseline -0.01 -17"><span class='ocrx_word' id='word_1_700' title='bbox 1978 5569 2155 5642; x_wconf 79' lang='lat' dir='ltr'><strong>philus</strong></span> <span class='ocrx_word' id='word_1_701' title='bbox 2196 5569 2252 5624; x_wconf 91' lang='lat' dir='ltr'><strong>in</strong></span> <span class='ocrx_word' id='word_1_702' title='bbox 2297 5566 2623 5623; x_wconf 65' lang='lat' dir='ltr'><strong>Praeiatione</strong></span> <span class='ocrx_word' id='word_1_703' title='bbox 2667 5560 2932 5634; x_wconf 65' lang='lat' dir='ltr'><strong>Apologia</strong></span> <span class='ocrx_word' id='word_1_704' title='bbox 2956 5576 2975 5615; x_wconf 90' lang='lat'><strong><em>:</em></strong></span> <span class='ocrx_word' id='word_1_705' title='bbox 3006 5578 3026 5613; x_wconf 71' lang='grc' dir='ltr'><strong>ι</strong></span> <span class='ocrx_word' id='word_1_706' title='bbox 3050 5561 3400 5629; x_wconf 80' lang='lat' dir='ltr'><strong>Consequens</strong></span> <span class='ocrx_word' id='word_1_707' title='bbox 3433 5566 3555 5611; x_wconf 88' lang='lat' dir='ltr'><strong>erat</strong></span> 
     </span>
    </p>
   </div>
   <div class='ocr_carea' id='block_1_91' title="bbox 382 5766 2107 5855">
    <p class='ocr_par' dir='ltr' id='par_1_91' title="bbox 382 5766 2107 5855">
     <span class='ocr_line' id='line_1_92' title="bbox 382 5766 2107 5855; baseline -0.016 -6"><span class='ocrx_word' id='word_1_708' title='bbox 382 5791 610 5850; x_wconf 58' lang='lat' dir='ltr'><strong>7-llattli.</strong></span> <span class='ocrx_word' id='word_1_709' title='bbox 642 5809 691 5855; x_wconf 86' lang='lat' dir='ltr'><strong>v,</strong></span> <span class='ocrx_word' id='word_1_710' title='bbox 731 5789 818 5844; x_wconf 64' lang='lat'><strong>34.</strong></span> <span class='ocrx_word' id='word_1_711' title='bbox 894 5787 915 5818; x_wconf 82' lang='grc'>⁸</span> <span class='ocrx_word' id='word_1_712' title='bbox 941 5785 1123 5841; x_wconf 52' lang='lat' dir='ltr'><strong>Horat.</strong></span> <span class='ocrx_word' id='word_1_713' title='bbox 1182 5783 1273 5839; x_wconf 87' lang='lat' dir='ltr'><strong>lib.</strong></span> <span class='ocrx_word' id='word_1_714' title='bbox 1304 5792 1370 5850; x_wconf 74' lang='grc' dir='ltr'><strong>ιη,</strong></span> <span class='ocrx_word' id='word_1_715' title='bbox 1421 5772 1605 5850; x_wconf 78' lang='lat' dir='ltr'><strong>Satyr.</strong></span> <span class='ocrx_word' id='word_1_716' title='bbox 1641 5766 1698 5844; x_wconf 69' lang='grc' dir='ltr'><strong>ὅ,</strong></span> <span class='ocrx_word' id='word_1_717' title='bbox 1726 5786 1865 5829; x_wconf 82' lang='lat' dir='ltr'><strong>vers.</strong></span> <span class='ocrx_word' id='word_1_718' title='bbox 1902 5769 1992 5835; x_wconf 79' lang='lat'><strong>50,</strong></span> <span class='ocrx_word' id='word_1_719' title='bbox 2019 5768 2107 5824; x_wconf 76' lang='lat' dir='ltr'><strong>5i.</strong></span> 
     </span>
    </p>
   </div>
  </div>
