4068 6308
601 321 739 378 I095

1877 319 1938 376 P.
1979 321 2295 377 DANIELIS
2334 321 2567 379 HUETII

3669 326 3777 382 l096

599 451 663 492 ex
700 437 788 492 his
832 434 1086 490 omnibus
1121 434 1364 490 laborum
1396 443 1450 489 et
1481 436 1782 491 studiorum
1822 452 2045 492 suorum
2091 449 2170 491 te-
2197 443 2244 502 Α
2276 439 2566 492 tationibus
2595 435 2956 492 conﬂictatus.
2993 435 3260 503 Anonymi
3302 432 3566 500 cujusdam
3594 440 3725 495 tOIies
3755 462 3776 499 ι

598 529 866 584 stimoriis
895 527 1140 596 amplecti
1207 527 1370 581 talem
1408 528 1580 580 virum
1626 527 1962 602 (Origenem)
1993 541 2047 586 et
2073 547 2169 586 ne.

598 638 704 692 que
747 620 1078 674 defensionis
1120 621 1300 674 studio
1347 619 1465 689 plus
1514 621 1642 674 dare
1673 621 1722 676 ei
1779 624 1977 688 meriti,
2008 639 2168 692 quam

599 728 850 768 mensura
889 710 1164 779 deposcit;
1207 725 1383 780 neque
1425 728 1612 767 rursus
1661 714 2002 769 obtrectandi
2043 717 2172 772 vitio

600 793 758 858 facile
790 801 1171 865 condemnare,
1205 810 1259 854 et
1283 801 1518 856 alienum
1551 804 1618 856 ab
1667 805 2034 862 ecclesiastica
2071 806 2169 862 do-

601 896 774 949 ctrina
824 906 1027 947 temere
1081 895 1475 962 pronuntiare:
1511 911 1630 948 cum
1679 906 1968 967 utrumque
2029 898 2171 954 istud

597 986 952 1056 praecipitium
1003 986 1289 1054 providens
1327 997 1449 1041 ante
1495 989 1706 1043 divinus
1786 1006 1966 1045 sermo
1991 992 2174 1059 prohi-

598 1077 775 1130 buerit
801 1077 1023 1130 dicens:
1061 1076 1183 1128 Non
1223 1078 1287 1129 sit
1322 1079 1376 1130 in
1416 1088 1464 1131 te
1497 1094 1744 1132 mensura
1781 1084 1971 1149 major,
2014 1097 2173 1151 neque

597 1168 1184 1221 minormbominabile
1220 1178 1296 1221 est
1339 1170 1476 1221 enim
1542 1171 1597 1222 in
1641 1183 1915 1234 conspectu
1964 1172 2174 1227 Domini

597 1259 928 1328 utrumque’.
963 1258 1262 1327 Unicuique
1300 1261 1467 1323 enim,
1503 1270 1660 1328 prout
1699 1263 1916 1332 dignum
1960 1275 2042 1316 est
2087 1265 2177 1317 tri-

603 1353 786 1416 buere,
826 1351 1051 1418 iustitiae
1101 1352 1202 1406 hoc
1245 1353 1523 1420 proprium
1552 1365 1652 1408 est.
1691 1354 1922 1424 Propter
1945 1359 2087 1426 quod
2122 1367 2176 1412 et

603 1459 856 1498 mensura
894 1445 1124 1512 integra,
1157 1454 1210 1499 et
1243 1447 1449 1515 pondus
1483 1456 1691 1515 aequale
1733 1449 2061 1516 acceptabile
2094 1457 2177 1505 est

599 1535 740 1602 apud
783 1533 982 1598 Deum;
1017 1551 1120 1588 non
1154 1535 1252 1588 hoc
1273 1536 1419 1604 quod
1450 1537 1705 1590 mentitur
1737 1537 2044 1598 veritatem,
2076 1553 2175 1609 per

600 1623 739 1694 quod
774 1623 856 1678 vel
907 1625 1023 1694 plus
1071 1624 1308 1678 donatur
1351 1627 1531 1687 rebus,
1571 1641 1732 1694 quam
1788 1627 1977 1680 merita
2005 1628 2173 1697 depo-

603 1727 778 1780 scunt,
809 1718 888 1771 vel
917 1718 1251 1772 subtrahitur
1297 1719 1506 1772 meritis
1536 1720 1679 1788 quod
1733 1720 1978 1774 debetur.
2013 1739 2032 1773 ›
2072 1720 2175 1791 lgi-

605 1821 691 1864 tur
729 1821 1082 1879 utrorumque
1136 1811 1266 1864 mihi
1327 1813 1662 1880 improbatur
1708 1813 1874 1878 ratio,
1930 1823 2038 1867 tum
2083 1814 2172 1883 qui
2207 1801 2249 1856 Β

602 1903 864 1973 apologiis
894 1905 1006 1958 suis
1040 1905 1186 1958 onmi
1217 1904 1335 1958 labe
1361 1920 1590 1974 purgare
1615 1905 1902 1975 Origenem
1931 1907 2181 1974 student,-

604 2008 715 2052 tnm
753 2000 839 2068 qui
875 1999 990 2066 ejus
1026 2015 1220 2054 nomen
1270 2001 1337 2054 ab
1370 2001 1615 2055 Ecclesia
1653 2003 1870 2070 penitus
1903 2003 2178 2057 detestan-

604 2101 690 2144 tur
725 2108 738 2145 :
771 2094 862 2146 sed
902 2093 966 2146 iis
1003 2103 1182 2148 tamen
1243 2093 1339 2163 qui
1382 2094 1550 2163 ipsius
1605 2096 2042 2163 propugnaudam
2086 2112 2178 2151 su-

603 2196 887 2252 sceperunt
913 2201 1128 2240 causam
1162 2185 1278 2255 plus
1309 2186 1495 2241 favere
1526 2203 1609 2240 me
1645 2189 1904 2256 profiteor
1931 2203 1945 2252 ;
1982 2188 2175 2241 scitum

603 2277 798 2346 quippe
821 2287 905 2331 est
932 2279 1054 2346 plus
1091 2294 1184 2333 reo
1215 2277 1500 2332 favendum
1529 2293 1668 2342 esse,
1702 2295 1864 2349 quam
1898 2279 2097 2334 actori.

676 2367 735 2420 II.
779 2368 885 2424 Nec
930 2385 1015 2423 me
1056 2369 1412 2438 quorumdam
1462 2369 1741 2422 hominum
1795 2380 2014 2423 movent
2043 2384 2178 2424 con-

603 2459 767 2522 vicia,
791 2460 882 2525 qui
933 2476 1038 2513 non
1069 2474 1165 2513 sua
1196 2459 1361 2512 modo
1387 2458 1701 2513 defensione
1745 2459 2018 2526 indignum
2057 2459 2181 2514 Ori-

603 2569 792 2620 genem
829 2553 1162 2617 existimant,
1202 2551 1293 2604 sed
1335 2552 1398 2604 iis
1433 2552 1596 2605 etiam
1633 2550 1952 2603 temeritatis
1992 2561 2176 2605 noram

603 2644 845 2706 inurunt,
911 2643 1219 2711 quicunque
1264 2641 1478 2710 aliquod
1523 2641 1570 2694 ci
1622 2641 1986 2696 excusationis
2039 2659 2180 2711 pra:-

602 2746 751 2791 Stant
785 2733 1040 2788 officium.
1093 2733 1210 2800 Quo
1257 2748 1354 2786 suo
1397 2732 1635 2796 decreto,
1669 2747 1774 2784 non
1807 2733 2066 2801 quosdam
2102 2734 2167 2790 de

607 2828 768 2880 trivio
811 2826 1166 2896 magistel‘los,
1201 2826 1293 2879 sed
1334 2824 1606 2894 principes
1644 2826 1694 2878 in
1734 2825 1928 2879 litteris
1973 2835 2026 2880 et
2066 2828 2181 2896 pie-

608 2930 718 2974 tate
744 2919 982 2989 insignes
1011 2920 1158 2972 viros
1191 2915 1510 2985 percellmtt.
1543 2915 1676 2968 Nam
1718 2924 1776 2970 ut
1812 2915 2178 2970 Alexandrum

606 3012 1138 3082 Jerosolymitanum,
1179 3010 1551 3063 Them-tistum
1587 3009 2000 3074 Caesariensem,
2048 3010 2176 3064 Dio-

611 3107 826 3177 nysium
865 3105 1310 3166 Alexandrinum,
1352 3101 1727 3156 Firmilianum
1768 3102 2155 3157 Ctesariensem

608 3200 928 3267 Gregorium
966 3196 1450 3264 Thaumaturgum,
1480 3204 1533 3248 et
1566 3194 1991 3260 Athenodorum,
2018 3195 2184 3250 alios-

607 3307 712 3361 que
783 3290 998 3361 Origeni
1067 3303 1277 3344 coaevos
1353 3290 1802 3358 praetermittam;
1891 3298 1945 3343 et
2019 3298 2184 3342 totam

607 3386 840 3454 denique
903 3383 1246 3437 Palaestinam
1278 3410 1299 3448 ,-
1363 3381 1656 3445 Arabiam,
1709 3379 2041 3436 Phoaniciam
2131 3386 2186 3432 et

605 3478 893 3543 Achaiam,
928 3491 1046 3546 qua:
1076 3475 1323 3545 Origenis
1355 3485 1536 3544 partes
1571 3477 1830 3528 adversus
1855 3471 2183 3527 Demetrium

607 3571 1034 3625 Alexandrinum
1063 3577 1254 3639 tutatze
1293 3577 1445 3632 sunt,
1473 3577 1660 3636 aperte
1688 3568 1904 3622 easdem
1946 3565 2180 3619 luculen-

613 3663 680 3717 tis
733 3663 950 3732 scriptis
1002 3661 1196 3715 deinde
1260 3669 1735 3731 propngnaverunt
1801 3657 2064 3711 Eusebius
2133 3663 2188 3709 et

611 3754 947 3826 Pamphilus,
1019 3767 1145 3808 cum
1206 3753 1258 3807 in
1325 3751 1687 3806 ecclesiastico
1742 3748 2004 3810 Historia,
2075 3757 2184 3801 tum

613 3847 780 3902 multo
825 3845 997 3914 magis
1029 3860 1122 3913 per
1151 3843 1462 3911 Apologiam
1493 3857 1585 3896 sex
1627 3840 1793 3894 libros
1826 3838 2184 3909 complexam,

611 3953 839 4008 quorum
876 3938 1065 3990 unicus
1116 3945 1389 4004 superest.
1422 3935 1572 3989 Alios
1603 3949 1819 4003 quoque
1875 3933 2052 4002 magni
2088 3946 2184 3984 no-

611 4032 772 4084 minis
801 4030 942 4082 viros
966 4028 1271 4096 complures
1297 4026 1509 4079 Eusebii
1543 4024 1873 4092 temporibus
1908 4022 2185 4091 apologias

611 4133 708 4188 pro
762 4117 993 4187 Origene
1035 4116 1319 4184 scripsisse
1370 4116 1532 4168 tradit
1575 4115 1799 4167 Photius
1848 4115 1967 4167 cod.
1999 4126 2185 4165 cxvm.

614 4210 757 4265 Inter
793 4207 1104 4277 Origeuiani
1147 4207 1381 4260 nominis
1433 4206 1677 4259 fautores
1705 4206 2057 4259 Athanasium
2095 4221 2189 4274 po-

613 4305 696 4358 nit
749 4303 1057 4372 Stephanus
1117 4298 1412 4362 Tritheita,
1479 4310 1843 4368 cognomento
1911 4297 2181 4362 Gobarus,

612 4398 764 4465 cujus
795 4404 1050 4462 excerpta
1082 4394 1241 4447 habet
1275 4392 1495 4447 Photius
1535 4394 1656 4447 cod.
1691 4407 1932 4446 ccxxx".
1962 4390 2057 4444 llis
2097 4405 2190 4444 ac-

2165 3145 2178 3169 ’
2210 3144 2251 3201 C

2271 532 2425 585 nobis
2468 532 2576 599 jam
2618 547 2782 599 supra
2841 531 3044 582 laudati
3099 529 3409 596 Apologiam
3471 546 3557 598 pro
3601 533 3778 605 Origene

2271 622 2462 690 legisse
2487 637 2543 676 se
2576 631 2809 675 testatur
2847 619 3096 683 Photius,
3127 620 3249 674 cod.
3281 634 3444 678 cvxtt.
3473 626 3681 680 auctoris
3709 645 3780 683 no-

2274 731 2396 770 men
2432 725 2488 770 et
2526 724 2736 768 aetatem
2766 713 2981 766 silentio
3011 711 3230 782 pressit.
3265 712 3399 778 Quid
3428 711 3530 778 jam
3564 720 3780 774 recentio-

2274 824 2359 862 res
2395 821 2843 869 rontmemorem,
2868 803 3131 860 Joannem
3174 802 3359 857 Picum
3392 802 3781 876 Mirandulanum,

2272 899 2532 955 Jacobum
2597 899 2884 954 Merliuum
2961 895 3442 959 Victurnieusem,
3505 896 3782 955 Desiderium

2275 994 2556 1048 Erasmum
2607 992 3055 1052 Roterodamnm,
3087 990 3299 1043 Sixtum
3328 988 3628 1055 Senensem,
3655 992 3782 1046 Clau.

2275 1086 2423 1138 dium
2455 1085 2827 1151 Espenczeum,
2859 1081 3161 1135 Gilbertum
3196 1079 3608 1145 Genebrardum,
3637 1093 3684 1135 et
3709 1099 3782 1138 uo-

2277 1175 2496 1230 vissime
2525 1173 2742 1227 Petrum
2778 1171 3105 1234 llalloxinm,
3145 1185 3374 1239 quorum
3424 1167 3675 1227 luculenta
3712 1187 3785 1228 ex-

2277 1276 2426 1321 stant
2455 1267 2503 1319 in
2537 1265 2787 1334 Origenis
2819 1263 3185 1318 defensionem
3219 1262 3642 1316 dissertationes?

2347 1356 2430 1411 lll.
2465 1357 2664 1411 llorum
2695 1355 2910 1426 quidem
2937 1353 3240 1422 exet-nplztm
3269 1353 3388 1406 sine
3422 1355 3789 1420 reprehensione

2275 1449 2472 1503 sectari
2512 1464 2596 1502 me
2641 1448 2880 1516 potuisse
2916 1456 3085 1513 puto;
3140 1461 3315 1514 neque
3372 1445 3470 1500 feci
3508 1459 3671 1512 tamen,
3702 1464 3784 1503 nec

2275 1559 2434 1615 porro
2472 1543 2667 1597 faciam
2705 1559 2718 1595 :
2763 1541 2814 1594 in
2848 1549 3096 1593 neutram
3123 1541 3273 1592 enim
3319 1551 3512 1606 partem
3538 1542 3666 1596 nimis
3685 1553 3797 1598 ωηο·

2276 1635 2410 1705 spici
2441 1635 2598 1689 velim
2635 1651 2647 1688 :
2699 1641 2902 1686 tantum
2943 1630 3069 1699 quid
3116 1631 3370 1699 utrinque
3405 1631 3563 1685 afferri
3603 1635 3644 1686 in
3685 1637 3795 1689 uni-‘

2276 1741 2493 1780 versum
2525 1724 2714 1796 possit,
2771 1722 3081 1792 disputabo.
3136 1722 3399 1788 Primum,
3451 1723 3564 1791 quid
3588 1719 3793 1794 Origenis'

2277 1835 2451 1874 causa:
2486 1821 2719 1874 maxime
2754 1819 2949 1882 faveat,
2984 1817 3272 1871 videndqu
3323 1828 3436 1882 est;
3463 1817 3598 1884 cujus
3635 1818 3782 1886 duplex

2277 1921 2363 1966 est
2399 1913 2558 1976 ratio,
2610 1911 2692 1966 vel
2724 1909 2970 1966 conﬂatis
3012 1910 3062 1964 in
3111 1925 3234 1963 eum
3281 1908 3702 1962 criminationibus
3727 1911 3785 1963 di-

2278 2005 2510 2073 luendis,
2559 2005 2644 2059 vel
2700 2006 2816 2074 ipso
2857 2003 3088 2072 Origene
3123 2001 3450 2056 excusando.
3496 1999 3785 2055 Confutantar

2278 2105 2510 2175 prinmm
2542 2102 2912 2157 accusationes
2959 2101 3060 2155 hoc
3109 2106 3443 2166 argumento,
3472 2095 3600 2164 quod
3639 2095 3785 2164 plere:-

2279 2212 2385 2267 que
2411 2196 2511 2251 sibi
2542 2202 2840 2264 repugnant
2873 2191 3123 2257 invicem,
3179 2201 3238 2242 et
3282 2189 3336 2242 in
3388 2193 3500 2242 seise
3543 2188 3782 2240 incurrunt.

2281 2289 2429 2344 lnter
2461 2302 2651 2342 novem
2679 2285 3089 2340 criminationes
3136 2297 3164 2335 a
3198 2279 3494 2348 Pamphilio
3518 2291 3783 2330 commemo-

2281 2392 2451 2444 ratas,
2482 2381 2766 2434 contrariae
2799 2377 2900 2432 sibi
2947 2385 3071 2432 sunt
3111 2373 3324 2443 priores
3351 2380 3584 2440 quatuor,
3611 2383 3706 2437 quae
3737 2369 3784 2420 ad

2281 2473 2553 2528 Christum
2575 2472 2868 2542 pertinent,
2902 2478 2959 2522 ut
2987 2466 3068 2521 vel
3091 2466 3288 2521 silente
3321 2464 3434 2530 ipso
3458 2461 3675 2530 Origene,
3703 2474 3784 2511 mu-

2284 2575 2374 2620 tuo
2408 2578 2526 2619 sese
2554 2563 2656 2616 illa:
2692 2560 2956 2616 refellant.
2983 2556 3136 2624 Quod
3167 2558 3212 2612 si
3251 2555 3370 2624 quis
3398 2553 3620 2620 superius
3646 2557 3783 2617 caput,

2282 2659 2422 2727 quod
2446 2656 2749 2710 A‘damantii
2779 2655 3027 2724 dogmata
3053 2649 3452 2718 complectitur,
3482 2644 3672 2697 attentis
3692 2647 3786 2692 oca-

2283 2748 2349 2806 lis
2395 2747 2707 2817 perlustret,
2753 2744 2920 2799 multa
2969 2743 3077 2797 illic
3128 2740 3340 2809 objecta
3367 2734 3567 2805 Origeui
3610 2732 3785 2787 crimina

2283 2839 2556 2896 adversari
2587 2837 2688 2892 sibi
2724 2835 2951 2890 invicem
2983 2830 3374 2901 deprehendet.

2354 2933 2442 2990 IV.
2490 2931 2729 2986 Alterum
2759 2924 3077 2983 defendendi
3127 2919 3434 2977 Adamantii
3484 2921 3784 2984 argumentum

2283 3041 2349 3081 ex
2383 3038 2448 3078 eo
2491 3023 2712 3093 petitur,
2769 3018 2914 3088 quod
2949 3014 3378 3085 Origenistarum
3408 3005 3793 3064 heterodoxoruiu'

2285 3131 2499 3172 errores
2533 3111 2752 3183 Origeni
2811 3123 2950 3179 saepe
2993 3107 3153 3161 allicti
3210 3114 3356 3170 sunt,
3410 3110 3462 3155 et
3490 3100 3634 3170 quod,
3662 3106 3706 3147 ut
3729 3093 3786 3146 ait

2286 3209 2426 3263 Beda
2465 3207 2518 3261 in
2555 3203 2896 3259 Collectaneis
2935 3210 2988 3255 et
3024 3197 3229 3251 Florib.
3252 3239 3267 3264 ,
3301 3210 3414 3264 cap.
3447 3193 3507 3246 de
3540 3186 3784 3243 lnminarib.

2288 3299 2495 3354 Eccles.
2533 3314 2591 3352 :t
2627 3295 2774 3349 Multi
2808 3293 2924 3361 ejus
2966 3290 3182 3361 pessimi
3231 3285 3470 3356 discipuli
3493 3281 3635 3337 multa
3667 3293 3786 3330 vene-

2288 3405 2418 3446 nosa
2468 3389 2565 3443 sub
2621 3387 2838 3440 nomine
2884 3382 3041 3449 hujus
3088 3380 3324 3435 edidisse
3362 3378 3649 3431 videntur.»
3686 3368 3784 3422 Cum

2287 3482 2431 3535 enim
2486 3477 2847 3534 Christianum
2896 3473 3079 3527 orbem
3131 3472 3185 3524 in
3243 3469 3494 3523 factiones
3541 3463 3788 3527 dissipasset

2291 3571 2457 3640 ipsius
2487 3569 2753 3633 doctrina,
2803 3573 2860 3618 ut
2907 3561 3072 3617 multa
3107 3561 3233 3615 huic
3272 3560 3402 3613 falso
3441 3558 3501 3609 ab
3530 3547 3789 3606 adversariis

2290 3663 2520 3730 impacta
2551 3667 2696 3724 sunt,
2743 3658 2812 3710 ita
2860 3671 2964 3709 nou
3003 3669 3172 3722 pauca
3219 3663 3467 3721 tanquam
3495 3647 3555 3701 ab
3582 3645 3675 3714 ipso
3704 3650 3785 3693 tra-

2289 3755 2396 3808 dita
2429 3759 2836 3822 propugnarunt
2868 3747 3036 3816 ipsius
3088 3745 3346 3806 agseclae;
3396 3741 3473 3794 vel
3515 3751 3618 3808 quae
3656 3732 3786 3799 reipsa

2289 3842 2507 3897 fuerant
2581 3842 2648 3894 ab
2719 3840 2807 3894 illo
2879 3837 3118 3900 tradita,
3188 3838 3239 3890 in
3313 3836 3464 3889 aliam
3528 3825 3787 3884 sententiam

2291 3935 2641 3989 detorserant
2682 3948 2698 3986 :
2749 3947 2977 4002 quorum
3035 3944 3199 3983 causa
3251 3926 3442 3982 insonti
3489 3917 3669 3987 Origeni
3714 3913 3788 3967 de-

2291 4029 2590 4100 legabatur.
2659 4026 2828 4079 Caute
2878 4038 3010 4090 ergo
3064 4032 3119 4076 et
3171 4021 3453 4092 diligenter
3495 4006 3787 4078 Origeaistica

2291 4123 2544 4190 dogmata
2578 4118 2645 4173 ab
2673 4115 2980 4187 Origenicis
3005 4123 3255 4184 seponat,
3290 4122 3343 4167 et
3387 4112 3437 4165 i'n
3473 4103 3664 4161 diversis
3687 4112 3790 4151 cau-

2292 4213 2366 4267 sis
2393 4210 2681 4281 Origeuem
2729 4224 2794 4262 ac
2825 4206 3158 4276 Origenistas
3189 4205 3392 4258 versari
3427 4201 3561 4260 sciat,
3593 4190 3790 4262 quisquis

2291 4303 2571 4358 historiam
2628 4301 2768 4356 hanc
2800 4308 3052 4355 accurate
3087 4297 3272 4351 rimari
3303 4306 3358 4349 et
3397 4298 3686 4364 perspectam
3714 4282 3789 4335 ha-

2291 4396 2418 4450 bere
2452 4396 2614 4449 volet.

615 4464 914 4546 censendus
957 4489 1210 4560 Didymus
1257 4487 1673 4550 Alexandrinus,
1704 4486 1794 4555 qui
1832 4500 1927 4554 pro
1957 4484 2186 4553 Origene
2217 4482 2262 4538 D
2367 4487 2440 4542 V.-
2463 4484 2806 4558 (45)_Nocuit
2835 4492 2888 4537 et
2924 4483 3050 4537 illud
3078 4480 3297 4550 Origeni
3326 4477 3461 4548 quod
3497 4472 3706 4529 maxima:
3731 4464 3789 4517 lu-

614 4585 1019 4650 Apologeticum
1061 4583 1251 4646 edidit,
1287 4591 1353 4650 .et
1397 4579 1552 4633 Titus
1608 4577 1938 4641 Bostrensis,
1969 4590 2020 4630 et
2051 4575 2190 4631 Gre-

613 4678 751 4748 gorii
785 4678 962 4736 ambo,
1001 4675 1400 4729 Nazianzenum
1451 4675 1594 4737 dico,
1636 4682 1691 4725 ct
1735 4670 2060 4740 Nysscnum,
2093 4669 2184 4738 qui

617 4788 645 4823 a
677 4768 892 4825 Gobaro
926 4776 1444 4830 commemorantur,
1475 4774 1529 4818 et
1568 4762 1803 4817 Joannes
1835 4760 2185 4830 Jerosolynti-

619 4875 772 4918 tanus
805 4861 1037 4916 assiduis
1063 4876 1181 4913 eam
1205 4861 1274 4914 ob
1306 4868 1416 4914 re‘m
1455 4858 1740 4928 Epiphanii
1772 4867 1824 4909 et
1861 4854 2178 4925 llierOuymi

621 4957 830 5028 probris
878 4954 1184 5009 lacessitus.
1228 4952 1557 5006 Methodium
1621 4965 1860 5019 quoque,
1913 4948 2185 5002 infensum

624 5050 772 5104 il!um
805 5047 1056 5118 Origeuis
1078 5044 1473 5107 adversarium,
1501 5043 1582 5096 sui
1612 5040 1903 5110 aliquando
1932 5038 2038 5091 odii
2068 5051 2190 5106 p03-

625 5143 800 5208 nituit,
832 5152 886 5195 et
928 5141 1068 5194 inter
1094 5139 1212 5207 ejus
1236 5134 1594 5189 admiratores
1632 5149 1694 5187 ac
1736 5132 2049 5186 defensores
2085 5143 2186 5182 n0-

625 5251 744 5289 men
796 5250 946 5287 suum
987 5231 1259 5300 professus
1305 5238 1408 5282 est.
1457 5227 1605 5280 Tulit
1636 5227 1822 5280 eadem
1865 5232 1995 5278 aetas
2027 5219 2181 5274 addi-

623 5328 919 5384 ctissimum
951 5326 1169 5396 Origoni
1211 5323 1462 5377 Rufinum
1488 5320 1912 5389 Aquileiensem,
1939 5325 1992 5371 et
2022 5317 2180 5369 innu-

622 5437 800 5477 meros
833 5436 925 5489 per
953 5419 1242 5490 Aigyptum
1283 5419 1556 5486 diSpersos
1591 5414 1905 5475 monachos,
1936 5407 2189 5462 maximis

624 5517 808 5570 eadem
851 5514 916 5568 de
947 5528 1107 5567 causa
1145 5527 1282 5577 cum
1316 5507 1615 5577 Theophilo
1652 5503 2020 5560 Alexandrino
2061 5499 2193 5553 veli-

702 5634 723 5665 ’
756 5631 918 5684 Prov.
962 5647 1054 5695 xx,
1096 5631 1180 5684 l0.

697 5727 807 5793 (45)
838 5729 1022 5779 Noruit
1069 5735 1114 5776 et
1165 5724 1298 5776 illud
1330 5722 1564 5791 Origeni,
1607 5720 1742 5785 quod
1773 5718 2014 5770 maxima:
2041 5713 2188 5765 lucu-

631 5796 919 5848 orationum
947 5811 1157 5847 sitarum
1187 5797 1346 5847 variis
1377 5793 1627 5847 Ruﬁnam
1653 5793 1983 5856 interpretem
2010 5794 2190 5839 nactus

2295 4585 2671 4640 cubrationum
2723 4598 2939 4637 suarutn
2995 4580 3166 4650 partis
3214 4577 3458 4632 Rufinum
3508 4573 3786 4636 interpretem

2299 4687 2498 4732 nactus"
2548 4684 2649 4731 est.
2700 4673 2866 4743 Cujus
2902 4682 3050 4726 tanta
3101 4670 3200 4723 fuit
3249 4670 3300 4722 in
3342 4667 3518 4724 Latine
3561 4654 3786 4716 reddendis

2297 4780 2538 4823 veterum
2571 4768 2811 4837 scriptis,
2841 4775 2896 4820 et
2917 4775 3023 4819 tam
3050 4763 3395 4818 immoderata
3421 4754 3631 4816 licentia,
3655 4759 3784 4837 quem

2297 4861 2582 4915 admodum
2616 4836 2758 4929 saepe
2787 4860 3115 4920 monuimus,
3151 4873 3271 4910 cum
3304 4853 3460 4908 multa
3501 4836 3783 4902 detrahenda.

2298 4951 2391 5006 vel
2414 4949 2780 5015 inferciendo,
2821 4958 2933 5001 tum
2971 4946 3228 5017 pleraque
3276 4935 3618 5011 inlcrpolando
3647 4939 3690 4985 et
3724 4939 3782 4978 re-

2299 5041 2602 5111 coquendo,
2634 5050 2688 5094 ut
2722 5039 3018 5109 intelligere
3064 5035 3262 5092 debeat"
3288 5034 3573 5103 quicunque
3617 5028 3782 5076 conver-

2298 5148 2415 5187 sum
2449 5148 2477 5185 a
2504 5131 2696 5184 Rulino
2724 5130 3046 5200 scriptorem
3080 5126 3306 5196 aliquem
3340 5125 3489 5192 leget,
3522 5129 3614 5170 non
3645 5116 3782 5200 tam-st

2299 5221 2539 5276 auctoris
2584 5221 2772 5291 ipsius,
2829 5234 2990 5288 quam
3043 5217 3223 5271 Rufini
3267 5209 3544 5291 sententias
3580 5212 3628 5259 et
3665 5194 3781 5291 verba

2298 5313 2496 5382 legere.
2541 5287 2617 5366 Eo
2664 5326 2792 5364 vero
2835 5287 2994 5364 latins
3036 5317 3185 5380 patet
3233 5307 3283 5361 id
3313 5287 3526 5363 Ivitium,
3570 5287 3780 5382 quodgil‘:

2300 5418 2416 5458 sum
2475 5402 2814 5472 Origenianae
2872 5371 3133 5454 doctrina:
3194 5397 3430 5456 fontem,
3494 5390 3637 5442 libros
3680 5371 3780 5472 t1er

2298 5493 2532 5565 ἀρχῶν,
2564 5470 2702 5548 unus
2733 5492 2821 5548 ille
2853 5492 2919 5547 ad
2954 5507 3061 5562 nos
3090 5487 3338 5546 derivarit
3358 5525 3372 5552 ,
3406 5493 3457 5538 et
3485 5479 3585 5534 suis
3618 5470 3778 5542 quidem

2297 5719 2392 5764 est.
2441 5707 2576 5762 Vide
2605 5703 2984 5759 Praefationem
3012 5707 3250 5756 nostram
3285 5702 3418 5751 tomo
3457 5685 3610 5758 primo
3648 5663 3774 5745 μεθ’

2306 5796 2424 5834 xam
2454 5794 2570 5848 pag.
2601 5776 2656 5843 2,
2689 5777 2721 5829 5
2752 5786 2806 5830 et
2833 5774 2888 5829 4.
