4068 6308
365 361 500 416 1097

1402 367 1961 425 ORIGENIANORUM
1998 369 2124 425 LIB.
2167 368 2229 435 Il,
2267 371 2415 427 CAP.
2453 371 2541 428 Ill.

3428 381 3451 435 l
3458 382 3563 439 098

365 481 616 535 sordibus
662 481 1017 551 inquinatos;
1070 482 1223 551 cujus
1270 493 1457 538 testem
1504 486 1732 541 citanms
1774 485 1919 540 Rufi-
1946 490 1993 547 Α
2020 486 2333 555 dogmaticis
2369 487 2773 553 assertionibus,
2822 498 2877 542 et
2930 488 3008 544 sic
3058 490 3110 544 in
3163 506 3276 556 eas,
3314 499 3561 561 tanquam

362 586 490 625 num
546 573 717 642 ipsum
772 574 822 627 in
871 574 1112 642 Prologo,
1162 585 1213 628 et
1248 575 1298 628 in
1328 574 1644 632 Prtefatione
1675 579 1793 632 libri
1829 594 1913 633 ιιι.

362 661 531 717 Nemo
599 671 777 720 autem
863 667 1150 735 superioris
1228 666 1419 735 capitis
1484 670 1914 724 dissertationum

364 754 518 809 fidem
558 756 682 811 hinc
712 759 907 811 elevari
941 772 1097 825 posse
1141 768 1317 826 putet;
1368 774 1489 814 cum
1534 761 1676 815 enim
1725 776 1914 831 magna

360 846 799 901 criminationum
850 862 992 914 pars,
1047 864 1181 918 quas
1223 850 1471 918 Origenis
1520 862 1914 922 oppugnatores

357 936 585 1003 jactant,
620 938 741 992 inde
774 940 936 1006 petita
968 940 1038 993 sit
1067 956 1081 1004 ;
1127 942 1257 1009 quid
1288 942 1464 1010 aptius
1497 958 1653 1011 quam
1693 958 1915 1012 respon-

360 1029 541 1085 siones
575 1030 804 1082 indidem
839 1030 1174 1097 depromere,
1206 1034 1345 1087 unde
1372 1035 1775 1091 criminationes
1821 1051 1914 1104 pe-

362 1118 471 1171 titae
509 1117 674 1183 sunt?
745 1116 800 1172 Si
853 1122 974 1188 quis
1036 1137 1164 1191 ergo
1214 1138 1245 1176 e
1299 1134 1554 1194 corrupto
1598 1126 1733 1180 libro
1785 1142 1911 1195 pro-

359 1207 494 1262 latas
544 1208 880 1264 defensiones
939 1224 1232 1275 causetur,
1288 1215 1452 1267 cadat
1510 1218 1907 1271 accusationum

358 1315 420 1354 ex
474 1304 657 1353 eodem
710 1303 1097 1357 accersitarum
1153 1304 1283 1360 fides
1333 1322 1555 1362 necesse
1597 1317 1699 1364 est.
1759 1309 1908 1375 Quod

356 1389 399 1441 si
456 1404 608 1442 suum
659 1390 741 1467 his
785 1398 1028 1446 servetur
1054 1394 1237 1458 robur,
1268 1396 1432 1451 stabit
1461 1396 1671 1452 illarum
1696 1412 1910 1469 quoque

354 1481 668 1533 auctoritas.

342 1574 348 1609 ι
427 1566 511 1622 VI.
548 1568 767 1622 Multum
815 1572 974 1625 etiam
1008 1572 1074 1627 ad
1122 1573 1484 1653 defensionem
1512 1577 1756 1651 Origenis
1783 1594 1907 1636 con-

353 1656 459 1713 fert
486 1658 703 1731 Patrum
728 1660 952 1719 aliorum
985 1665 1283 1735 exemplum
1304 1706 1319 1731 ,
1351 1668 1545 1736 quibus
1571 1686 1781 1727 errores
1808 1673 1905 1727 ali-

351 1751 443 1819 qui
469 1750 783 1805 exciderunt
816 1753 1158 1821 lnunanitus,
1196 1760 1441 1827 quamvis
1469 1763 1821 1817 orthodoxam
1850 1765 1899 1817 in

2022 579 2279 633 adversus
2341 594 2505 638 novas
2549 580 2827 650 opiniones
2877 582 2930 635 in
2983 582 3275 639 Ecclesiam
3325 585 3565 643 invectas

2017 669 2215 725 velitati
2245 683 2386 726 sunt.

2088 761 2176 816 IX.
2225 762 2332 817 Nec
2360 763 2532 818 fraudi
2558 765 2683 820 huic
2712 780 2831 820 esse
2874 766 3048 832 debet,
3079 767 3219 835 quod
3244 766 3363 822 Man
3388 770 3564 824 clueo-

2016 866 2154 917 rum,
2183 851 2629 927 Sabellianorum,
2684 857 3029 922 Arianorum,
3091 859 3561 923 Eunomianorum,

2012 945 2405 998 Anomaaorum'
2454 945 2966 1017 Pelagianorumque
2998 957 3182 1016 paler,
3214 958 3266 1003 et
3317 950 3554 1003 omnium

2014 1031 2283 1087 hzereseon
2320 1034 2436 1089 fons
2481 1052 2510 1088 a
2562 1036 2832 1091 nonnullis
2876 1039 3192 1107 appellatur.
3236 1037 3367 1092 Nam
3405 1049 3462 1092 ut
3493 1041 3561 1095 ad

2010 1123 2392 1192 confingendas
2418 1126 2649 1181 haereses
2679 1127 3007 1182 incentivum
3036 1130 3238 1197 scripta
3265 1128 3381 1196 ejus
3410 1132 3565 1186 malis

2010 1212 2238 1282 ingeniis
2276 1215 2575 1270 subdidisse
2629 1219 2836 1285 demus,
2883 1217 3214 1274 lectorumne
3252 1221 3459 1290 culpam
3511 1234 3565 1277 et

2008 1318 2260 1374 perversa
2307 1305 2502 1374 judicia
2539 1318 2794 1376 praestare
2844 1311 3099 1364 tenetur?
3144 1311 3405 1366 meritone
3436 1313 3561 1381 3*ng

2008 1399 2269 1451 Stomachi
2320 1400 2504 1452 vitium
2556 1400 2607 1452 in
2667 1401 2842 1454 cibum
2872 1401 3141 1455 sincerum
3199 1404 3561 1459 transfertur?

2009 1485 2119 1542 lmo
2150 1504 2297 1553 vero,
2333 1506 2555 1546 summa:
2585 1492 2700 1562 ejus
2732 1493 2784 1546 in
2815 1493 3054 1549 Ecclesia
3100 1496 3434 1551 auctoritatis
3479 1496 3562 1551 vel

2007 1590 2074 1633 ex
2103 1593 2169 1633 eo
2193 1580 2559 1648 prazjudicium
2587 1583 2721 1636 sumi
2755 1592 2945 1652 potest,
2983 1584 3123 1653 quod
3153 1600 3220 1639 ex
3256 1585 3421 1654 ipsius
3449 1584 3560 1640 suf-

2005 1668 2178 1739 fragio
2213 1686 2460 1739 magnam
2508 1673 2781 1727 erroribus
2808 1675 2923 1729 suis
2952 1674 3058 1727 vim
3105 1678 3360 1730 accedere
3408 1686 3563 1745 puta-

2006 1770 2132 1815 runt
2173 1762 2500 1818 heterodoxi.
2558 1765 2746 1818 Annon
2782 1777 2959 1819 autem
2987 1769 3310 1836 prmcipuam
3350 1769 3564 1838 figmen-

350 1843 471 1896 aliis
522 1845 791 1899 tenuerint
826 1846 1019 1913 fidem,
1069 1858 1122 1902 et
1176 1850 1318 1905 inter
1361 1855 1692 1909 orthodoxos
1750 1856 1904 1925 positi
1937 1832 1979 1888 Β
2010 1852 2076 1905 tis
2109 1852 2224 1906 suis
2261 1854 2414 1908 fidem
2445 1869 2507 1908 ex
2550 1854 2823 1925 Scriptura
2866 1872 3018 1911 sacra
3066 1859 3352 1913 conciliare
3378 1862 3560 1914 itidem

349 1935 479 1990 sint.
516 1933 646 1988 Nam
697 1946 754 1989 ut
784 1937 917 1991 alios
948 1938 1227 1995 brevitatis
1270 1958 1434 2019 qausa
1477 1948 1902 2013 praetermittam,

347 2037 482 2094 quot
508 2042 787 2083 recensere
816 2044 1102 2098 possumus
1142 2033 1285 2087 nulla
1318 2036 1585 2092 luereseos
1606 2042 1907 2107 suspicione

347 2132 631 2185 aspersus,
660 2130 713 2172 et
746 2120 811 2173 de
839 2118 1099 2174 Trinitate
1152 2132 1329 2177 tamen
1384 2125 1519 2180 falsa
1566 2138 1621 2183 et
1675 2130 1902 2186 absurda

345 2208 724 2261 commentos?
772 2206 998 2262 Venient
1056 2211 1107 2263 in
1165 2211 1307 2268 hunc
1351 2216 1603 2271 ordinem
1660 2217 1904 2276 Justinus

347 2307 590 2367 martyr,
654 2298 1069 2365 Athenagoras,
1136 2298 1462 2371 Theopnilus
1513 2306 1901 2376 Antiochenus,

344 2386 590 2443 Clemens
641 2387 933 2454 Romanus,
982 2392 1274 2462 Gregorius
1309 2393 1761 2467 Tltaumaturgus,
1796 2399 1903 2454 Me-

346 2479 579 2543 thodins,
634 2480 927 2547 Lucianus,
978 2490 1032 2537 et
1083 2483 1329 2555 Origenis
1378 2487 1645 2556 praecipue
1675 2489 1904 2559 discipu-

341 2571 427 2627 lus
483 2574 767 2645 Dionysius
822 2578 1232 2643 Alexandrinus,
1291 2594 1446 2645 quem
1515 2581 1714 2636 idcirco
1766 2583 1902 2638 Ano-

252 2728 255 2731 Α
342 2678 606 2719 ιιιωοτιιιιι
652 2680 928 2735 parentem
971 2672 1205 2739 appellat
1250 2672 1475 2727 Basilius
1528 2677 1685 2741 epist.
1712 2677 1805 2744 4|,
1847 2686 1902 2731 et

340 2755 628 2811 Arianismi
684 2758 887 2813 fontem
942 2760 1248 2817 Gennadius
1298 2765 1390 2819 lib.
1421 2780 1480 2827 ιι,
1537 2764 1613 2817 De
1666 2768 1897 2835 dogmat.

338 2861 460 2915 cap.
493 2849 548 2912 9.,
580 2864 701 2903 cum
729 2865 849 2905 eum
883 2860 1064 2907 tamen
1094 2858 1162 2908 ab
1192 2855 1274 2909 his
1317 2857 1747 2911 accusationibus
1793 2859 1901 2912 vin-

336 2937 479 2992 dicet
506 2939 855 3006 Athanasius,
908 2954 962 2997 et
1021 2956 1215 3013 praeter
1242 2946 1593 3000 Athanasium
1645 2947 1901 3021 llierony-

340 3044 477 3092 mus,
514 3032 602 3099 qui
634 3048 756 3086 eum
789 3035 842 3087 in
873 3033 1129 3089 Trinitute
1158 3035 1481 3091 Catholicam
1521 3054 1628 3092 esse
1675 3048 1898 3093 testatur

2006 1944 2223 1999 student
2273 1945 2557 2000 haeretici?
2605 1963 2779 2001 annon
2817 1963 2883 2001 ex
2925 1949 3121 2003 divinis
3149 1950 3323 2005 Libris
3356 1952 3407 2005 in
3432 1952 3561 2004 alie-

2006 2050 2102 2089 nos
2129 2046 2183 2089 et
2211 2036 2443 2093 nefarios
2488 2053 2675 2091 sensus
2722 2054 2752 2092 a
2799 2054 2856 2094 se
2883 2042 3149 2096 contortis
3177 2041 3429 2110 pestifera
3461 2058 3557 2097 sua

2004 2124 2248 2196 dogmata
2288 2130 2653 2183 extuderunt?
2700 2129 2823 2184 Pari
2857 2146 2986 2200 ergo
3020 2132 3141 2202 jure
3168 2148 3411 2187 errorum
3437 2149 3557 2188 om-

2002 2218 2171 2282 nium,
2203 2218 2246 2273 si
2281 2219 2355 2273 ita
2397 2220 2541 2288 loqui
2572 2220 2712 2282 licet.
2750 2222 3029 2291 Scriptura
3064 2239 3241 2291 sacra,
3282 2226 3419 2279 male
3448 2228 3556 2282 scio

2001 2304 2127 2359 licet
2157 2316 2399 2375 accepta,
2436 2309 2555 2363 fons
2586 2309 2794 2363 dicatur
2840 2321 2894 2365 et
2923 2312 3092 2381 origo,
3124 2313 3194 2367 ob
3236 2326 3556 2383 praepostera

2002 2413 2192 2467 nempe
2236 2400 2609 2455 btereticorum
2665 2402 2896 2473 ingenia,
2930 2405 3129 2473 optima
3165 2420 3389 2475 qumque
3432 2421 3555 2476 per-

2001 2489 2342 2542 vertentium.

2067 2579 2134 2634 Χ.
2169 2580 2280 2650 (Η)
2311 2580 2550 2649 Denique
2591 2582 2928 2650 potissimum
2951 2583 3160 2654 Origeni
3196 2600 3261 2639 ex
3295 2585 3554 2641 librormn

2000 2671 2168 2741 ipsius
2197 2673 2578 2741 depravatione
2611 2675 2967 2740 patrocinium
2996 2675 3334 2730 conciliatur.
3381 2677 3557 2744 Argu-

2001 2773 2236 2815 mentum
2283 2762 2408 2815 illud
2452 2764 2681 2832 arripuit
2729 2781 3028 2835 anonymus
3085 2768 3252 2835 ipsius
3306 2770 3556 2825 defensor

1996 2856 2135 2921 apud
2167 2850 2413 2905 Photium
2442 2854 2560 2907 cod.
2587 2869 2752 2909 cxvu.
2777 2855 2919 2909 idem
2941 2870 3069 2911 vero
3099 2859 3352 2927 peculiari
3374 2860 3556 2915 libello
3588 2856 3591 2857 ⁷

1998 2944 2242 2999 dilatavit
2269 2943 2513 3009 Rufinus,
2548 2945 2702 3013 cujus
2725 2962 2932 3002 summa
2970 2948 3082 3004 haec
3120 2960 3203 3005 est
3230 2969 3244 3004 :
3277 2949 3403 3006 lude
3429 2951 3551 3007 Ori-

1997 3036 2147 3105 genis
2179 3035 2395 3091 codices
2425 3036 2491 3089 ab
2530 3037 2801 3092 haereticis
2837 3048 2892 3092 et
2925 3039 3199 3097 malevolis
3236 3043 3555 3113 depravatos

337 3118 555 3188 Apolog.
599 3119 689 3174 lib.
720 3138 755 3175 ιι
781 3161 797 3185 ,
844 3138 963 3190 cap.
992 3124 1045 3177 4.
1096 3123 1265 3191 Quam
1327 3126 1521 3181 multos
1578 3128 1794 3197 integrae
1843 3139 1893 3182 et
1920 3161 1962 3216 Ο
1997 3126 2171 3195 argui,
2196 3129 2339 3195 quod
2363 3130 2632 3182 contraria
2658 3140 2713 3183 et
2739 3134 3113 3200 repugnantia,
3150 3150 3254 3188 non
3292 3135 3342 3190 in
3373 3137 3552 3191 diver-

334 3223 479 3262 sauze
515 3211 631 3264 fidei
665 3212 808 3266 viros
842 3214 960 3267 tulit
986 3215 1243 3278 Ecclesia,
1268 3217 1552 3271 calumniis
1573 3219 1892 3285 proscissus,

332 3309 386 3352 et
419 3300 727 3367 ignominiis
757 3304 1016 3357 notatos?
1051 3302 1225 3358 Unum
1258 3305 1484 3358 laudabo
1522 3322 1633 3376 pra:
1676 3309 1893 3377 reliquis

327 3389 590 3445 Joannem
620 3393 1086 3462 Chrysustomuin,
1135 3396 1213 3449 vel
1260 3397 1397 3451 hanc
1444 3398 1779 3466 potissimum
1824 3402 1893 3454 ob

328 3495 573 3547 causam,
620 3486 762 3551 quod
811 3486 908 3537 has
962 3486 1060 3554 ipsi
1106 3486 1539 3544 conflictationes
1568 3490 1888 3561 Origenismi

328 3572 565 3639 suspicio
592 3576 816 3642 peperit.
880 3575 1015 3629 Nam
1072 3593 1191 3631 cum
1221 3578 1552 3649 Origenistas
1596 3585 1891 3639 monachos

327 3662 587 3717 adversus
619 3665 898 3735 Theophili
938 3668 1285 3724 Alexandrini
1342 3670 1563 3739 injurias
1623 3684 1886 3742 tueretur,

329 3754 382 3808 in
419 3757 776 3823 suspicionem
811 3759 957 3813 venit
982 3759 1212 3815 affectati
1238 3762 1585 3833 Origenismi,
1615 3768 1888 3836 variisque

322 3844 535 3898 artibus
565 3847 874 3916 episcopatu
909 3850 1185 3917 depulsus,
1223 3853 1684 3925 Constantinopoli
1715 3859 1889 3912 detur-

324 3936 504 3998 batus,
534 3937 587 3989 in
618 3939 868 3992 exsilium
905 3950 1077 4005 actus,
1117 3957 1325 3999 summa
1359 3962 1423 4000 ac
1454 3962 1620 4016 pr0pe
1652 3950 1821 4002 ferina
1856 3968 1883 4002 a

324 4025 616 4082 submissis
638 4030 962 4084 satellitibus
991 4032 1329 4088 inclementia
1355 4038 1645 4102 adhibitus,
1676 4041 1886 4106 aegritu-

323 4119 448 4172 dine
474 4121 689 4174 tandem
716 4123 905 4188 animi,
929 4140 992 4179 ac
1016 4127 1259 4194 corporis
1289 4128 1562 4184 doloribus
1586 4132 1882 4187 exstinctus

320 4219 440 4276 est;
478 4209 842 4281 Origenisque
893 4215 1252 4270 calamitatem
1299 4228 1354 4273 et
1394 4219 1657 4294 fortunam
1695 4220 1885 4294 Orige-

325 4300 498 4354 nistas
525 4312 809 4371 protegens
836 4306 885 4359 in
913 4320 971 4359 se
998 4309 1285 4376 expressit.
1480 4292 1483 4295 Α

403 4389 512 4444 V'll.
568 4390 872 4448 Notandum
939 4411 1153 4466 quoque
1214 4399 1268 4452 in
1329 4401 1554 4466 gratiam
1606 4401 1881 4474 Origenis,

1995 3218 2069 3272 sis
2094 3218 2265 3273 solum
2293 3221 2457 3289 ipsius
2480 3221 2879 3289 scriptionibus,
2908 3225 2999 3278 sed
3026 3226 3211 3280 iisdem
3233 3229 3394 3281 etiam
3420 3229 3551 3285 locis

1993 3313 2410 3381 comperiantur,
2444 3316 2620 3384 qualia
2657 3318 2724 3371 ab
2775 3318 2992 3372 homine
3038 3336 3145 3373 non
3198 3322 3411 3388 insano,
3452 3340 3551 3377 nec

1993 3405 2208 3472 penitus
2257 3418 2437 3460 mente
2482 3418 2754 3462 commoto
2805 3410 3004 3478 scripta
3062 3411 3237 3463 nullus
3290 3413 3549 3479 suspicari

1993 3498 2198 3566 possit;
2236 3498 2452 3553 Patrum
2487 3498 2714 3553 aliorum
2749 3500 2918 3554 libros
2960 3502 3073 3569 pari
3105 3505 3263 3556 modo
3293 3502 3549 3559 Ecclesia:

1992 3588 2296 3655 perduelles
2359 3592 2705 3659 corrupisse,
2764 3601 2890 3661 puta
2941 3592 3230 3648 Clementis
3300 3595 3569 3661 Romani,

1989 3682 2284 3738 Clementis
2339 3684 2560 3739 alterius
2589 3686 2975 3755 Alexandrini,
3036 3704 3101 3743 ac
3142 3688 3372 3759 Dionysii
3420 3690 3545 3745 item

1990 3773 2385 3843 Alexandrini;
2428 3779 2544 3846 ejus
2577 3778 2725 3833 libris
2757 3795 2945 3836 manus
2986 3782 3052 3836 ab
3080 3782 3347 3839 haereticis
3374 3783 3548 3840 illatas

1987 3866 2342 3921 Athanasium
2397 3869 2827 3936 demonstrasse;
2868 3874 3110 3941 eumdem
3157 3888 3336 3928 casum
3377 3874 3544 3928 Atha-

1990 3956 2125 4010 nasii
2167 3957 2339 4026 ipsius
2366 3961 2581 4015 codices
2619 3963 2963 4028 sustinuisse;
3012 3965 3193 4020 llilarii
3236 3982 3448 4037 quoque
3491 3979 3546 4022 et

1985 4048 2284 4119 Cypriani;
2339 4067 2437 4108 nec
2486 4055 2655 4110 sacris
2714 4056 2843 4126 ipsis
2885 4058 3252 4115 Voluminibus
3308 4061 3545 4118 nefarios

1982 4136 2230 4195 homines
2270 4140 2642 4200 Marcionistas
2684 4154 2740 4200 et
2778 4147 3035 4214 Apellitas
3064 4151 3402 4220 pepercisse;
3437 4167 3542 4207 non

1984 4245 2143 4284 unam
2194 4232 2621 4289 lucubrationum
2673 4252 2890 4291 suarum
2944 4243 3299 4308 corruptelam
3333 4242 3399 4296 ab
3442 4243 3542 4295 ad-

1982 4323 2238 4379 versariis
2285 4327 2400 4382 suis
2448 4328 2741 4396 profectam
2786 4328 3068 4398 Origenem
3118 4334 3290 4402 ipsum
3345 4335 3540 4403 depre-

1984 4412 2255 4482 hendisse,
2289 4418 2362 4470 uti
2418 4419 2531 4488 ipse
2568 4422 2706 4489 apud
2746 4424 2946 4477 amicos
2980 4424 3367 4479 Alexandrinos
3403 4440 3539 4494 que-

320 4491 655 4549 quaacunque
700 4482 854 4536 nobis
896 4485 1063 4552 ipsius
1112 4488 1327 4543 exhibet
1356 4488 1651 4544 Philocalia
1689 4494 1876 4559 (multa

1995 4512 2097 4560 stus
2130 4518 2214 4561 est
2240 4508 2293 4561 in
2317 4482 2564 4578 epistola,
2592 4482 2750 4579 quam
2783 4513 3067 4581 descripsit
3093 4514 3539 4586 Rufinus;|eam-

317 4579 498 4624 autem
529 4572 767 4637 exhibet,
796 4574 958 4628 etiam
996 4577 1063 4630 ab
1095 4576 1213 4645 ejus
1237 4580 1668 4638 criminatoribus
1707 4599 1881 4654 repre-

317 4658 505 4729 hensa)
551 4663 801 4729 quoniam
835 4679 863 4717 a
890 4663 1148 4735 Gregorio
1183 4668 1452 4738 Theologo
1489 4682 1543 4725 et
1579 4672 1777 4729 Basilio
1804 4690 1885 4730 se-

319 4750 457 4804 lecta
490 4750 797 4807 Philocalia:
827 4758 1040 4810 nomine
1067 4756 1258 4812 affecta
1284 4773 1429 4828 sunt,
1462 4762 1695 4831 ipsorum
1727 4766 1881 4834 quasi

319 4839 571 4912 sufl'ragio
604 4854 658 4898 et
716 4847 1109 4914 approbatione
1160 4853 1361 4905 munita
1415 4854 1613 4920 videri;
1662 4873 1785 4911 nam
1833 4859 1877 4913 si

318 4945 475 4985 secus
497 4937 561 4986 de
591 4935 654 4988 iis
678 4938 989 5003 sensissent,
1007 4954 1140 4996 eane
1172 4942 1427 5011 Ἐκλογὰς
1443 4946 1741 5016 χρησίμους
1768 4951 1878 5012 τοῖς

319 5022 615 5092 φιλολόγοις
639 5025 927 5095 Gregorius
950 5032 1265 5100 appellasset
1291 5034 1342 5088 in
1365 5036 1590 5104 epistola
1613 5038 1680 5091 ad
1703 5036 1876 5092 Theo-

318 5113 506 5167 dorum
540 5114 813 5185 Tyaneum
843 5118 1194 5190 episc0pum?

390 5202 519 5259 Vlll.
559 5206 870 5277 Allegoricae
901 5220 1157 5278 prmterca
1196 5214 1366 5283 ipsius
1404 5214 1876 5286 interpretationes

316 5292 545 5351 lectores
593 5314 973 5369 nonnunquam
1024 5301 1334 5359 fefellerunt
1364 5323 1380 5360 :
1408 5324 1529 5361 cum
1558 5310 1700 5363 enim
1736 5326 1878 5381 saepe

312 5390 381 5444 ab
426 5391 758 5459 expositione
812 5394 1004 5448 litterae
1051 5397 1121 5459 ad,
1173 5397 1469 5466 spiritalem
1527 5414 1745 5455 sensum
1800 5402 1872 5457 ita

315 5491 575 5549 transeat,
632 5495 688 5538 ut
746 5488 832 5541 vix
901 5488 1184 5558 utriusque
1245 5493 1569 5563 percipiatur
1625 5497 1876 5551 commis-

314 5588 474 5638 sura,
524 5576 838 5648 allegoricas
887 5580 1360 5651 interpretationes
1416 5586 1718 5643 habuerunt
1778 5604 1873 5658 pro

382 5709 493 5789 (μ)
545 5709 791 5789 Denique
844 5716 1171 5778 potissimum
1228 5717 1441 5789 Origeni
1507 5737 1572 5775 ea:
1619 5721 1872 5777 librorum

314 5777 474 5846 ipsius
523 5777 892 5849 deprecatione
945 5789 1292 5853 patrocinium
1326 5777 1691 5847 'concitiatur.
1764 5795 1864 5848 Adi

631 5877 901 5939 PATBOL.
943 5879 1059 5941 Gn.
1095 5882 1291 5944 XVII.

1987 4597 2105 4650 dem
2135 4613 2347 4665 quoque
2390 4600 2659 4668 querelam
2705 4604 2756 4656 in
2811 4604 2913 4657 alia
2956 4604 3127 4673 ipsum
3163 4606 3383 4674 epistola
3442 4608 3543 4660 ite-

1987 4701 2151 4742 rassc.
2190 4687 2302 4744 Prae
2338 4691 2455 4746 aliis
2482 4708 2610 4746 vero
2634 4693 2949 4762 depravatos
2989 4696 3154 4751 fuisse
3196 4696 3360 4753 libros
3399 4700 3539 4767 Περὶ

1981 4775 2183 4844 ἀρχῶν
2219 4779 2355 4833 idem
2387 4783 2548 4836 tradit
2576 4782 2803 4839 Rufinus
2846 4786 2897 4839 in
2938 4785 3164 4857 Prolpgo
3192 4787 3258 4841 iis
3297 4789 3536 4857 praefixo.

1985 4865 2123 4922 Huic
2162 4870 2389 4925 adsonat
2416 4870 2722 4928 Vincentius
2748 4873 3042 4931 Lirinensis
3075 4877 3126 4931 in
3149 4878 3327 4933 libello
3353 4880 3536 4932 adver-

1985 4974 2073 5011 sus
2104 4960 2358 5028 hereses,
2393 4962 2557 5029 capit.
2590 4963 2678 5016 25.
2734 4963 2885 5037 «‘Sed
2914 4966 3056 5021 dicet
3086 4967 3299 5037 aliquis,
3337 4969 3530 5037 inquit,

1983 5059 2263 5118 corruptos
2305 5065 2425 5106 esse
2454 5050 2699 5121 Origenis
2745 5053 2911 5108 libros
2946 5074 2959 5109 :
2994 5070 3099 5110 non
3147 5057 3359 5122 resisto,
3408 5058 3535 5127 quin

1984 5141 2157 5206 potius
2179 5151 2236 5197 et
2274 5142 2414 5197 malo
2446 5161 2459 5197 :
2493 5159 2614 5197 nam
2663 5145 2713 5198 id
2760 5161 2788 5198 a
2834 5147 3151 5215 quibusdam
3179 5157 3234 5202 et
3263 5148 3536 5215 traditum,

1981 5239 2035 5284 et
2086 5235 2345 5301 scriptum
2401 5243 2503 5300 est,
2564 5250 2667 5288 non
2723 5236 3015 5291 Catholicis
3065 5247 3293 5304 tantum,
3351 5255 3535 5296 verum

1981 5322 2143 5377 etiam
2171 5323 2462 5380 haereticis.
2491 5345 2509 5377 ι
2543 5326 2744 5380 Auctor
2778 5326 3016 5396 Calalogi
3051 5329 3117 5382 ad
3166 5330 3530 5385 Desiderium:

1987 5413 2178 5468 «Multi
2243 5425 2420 5469 tamen
2479 5417 2686 5487 aliquos
2739 5418 2855 5485 ejus
2913 5417 3205 5491 (Urigenis)
3270 5421 3535 5490 pessimos

1982 5506 2271 5574 discipulos
2311 5506 2474 5562 multa
2526 5522 2792 5563 venenosa
2844 5509 2944 5562 sub
2995 5507 3110 5575 ejus
3154 5512 3369 5565 nomine
3425 5512 3538 5565 edi-

1984 5590 2127 5646 disse
2161 5600 2458 5647 testamur:
2486 5612 2504 5645 ι
2558 5608 2678 5664 qua:
2720 5593 2881 5648 verba
2916 5594 3106 5662 repetit
3131 5593 3290 5648 Beda.
3330 5596 3539 5656 Auctor

1978 5724 2350 5801 Praefationem
2382 5729 2529 5801 _tomi
2578 5729 2730 5799 primi
2780 5745 2899 5801 pag.
2936 5720 3005 5793 2',
3044 5728 3077 5783 5
3106 5729 3250 5795 et4,
3291 5730 3380 5788 ubi
3422 5733 3537 5801 haec

1972 5800 2239 5852 sententia
2264 5799 2593 5855 confutatur.
2855 5799 2872 5801 “
3292 5822 3295 5823 '

3138 5897 3213 5959 35
