4068 6308
591 337 723 393 10⁸19

593 458 980 522 Ι¹τωάειιίηαιὶ,
1014 458 1139 512 hmr.
1175 456 1244 509 22
1275 464 1329 509 et
1367 456 1457 518 ιδ,
1491 456 1707 509 minime
1733 456 1808 510 ‘ab
1837 457 1920 513 his
1943 458 2141 512 discre-

587 561 698 619 pat,
724 551 975 621 additque
994 549 1385 617 Ampullianum
1411 551 1696 618 quemdam
1729 550 2136 604 haeresiarcham

586 642 871 715 Bithynum
908 640 1187 694 astruendi
1222 641 1302 694 sui
1344 640 1609 709 dogmatis
1648 641 1818 709 gratia
1847 640 2063 694 vitiatos
2108 654 2138 692 a

583 750 644 789 se
668 733 920 804 Origenis
965 732 1131 786 libros
1173 732 1483 801 protulisse.
1534 731 1769 800 Denique
1803 730 2005 801 Haymo
2048 732 2141 786 Ai-

583 826 935 883 berstatensis
965 825 1017 879 in
1060 826 1199 879 libro
1235 824 1311 878 De
1345 824 1764 878 Christianarum
1815 840 1986 877 rerum
2032 841 2139 877 me-

583 922 751 973 moria
783 919 855 972 ita
878 918 1093 973 disserit
1127 935 1141 970 :
1176 936 1194 967 r
1223 915 1332 985 Ego
1369 930 1498 971 sane
1528 917 1593 968 de
1625 913 1859 984 Origene
1886 916 2002 968 viro
2031 926 2135 968 tam

582 1011 795 1076 illustri,
850 1010 1320 1065 abstinentissimae
1366 1010 1487 1061 vitae
1529 1018 1582 1061 et
1619 1008 1959 1069 castissimae,
1995 1023 2135 1076 prte-

579 1103 739 1159 clarae
767 1102 1044 1164 doctrinae,
1080 1103 1198 1171 puri
1243 1113 1296 1155 et
1335 1100 1497 1156 lucidi
1542 1100 1828 1162 sermonis,
1856 1100 2000 1153 salva
2034 1100 2136 1153 fide

580 1194 797 1250 Patrum
837 1194 1085 1260 dixerim,
1132 1193 1269 1261 quod
1296 1194 1410 1247 haec
1448 1194 1671 1247 omnino
1700 1207 1802 1247 non
1833 1191 2132 1260 scripserit,

578 1290 671 1342 sed
705 1288 772 1340 ab
804 1285 1069 1340 haereticis
1126 1285 1192 1340 ob
1237 1286 1550 1354 praeclarum
1599 1299 1789 1339 nomen
1838 1283 1953 1350 ejus
1992 1282 2129 1336 offn-

577 1377 856 1441 scandum,
898 1375 1126 1445 maligne
1148 1373 1381 1428 conﬁcta
1440 1383 1562 1427 sunt
1616 1384 1669 1428 et
1715 1373 2037 1443 conscripta,
2083 1381 2137 1426 et

577 1467 778 1522 nomini
815 1483 914 1521 suo
938 1466 1281 1536 praetitulata.
1314 1485 1332 1517 ι

641 1558 869 1614 Constat
900 1557 1137 1626 profecto
1158 1557 1395 1610 solemne
1424 1556 1473 1610 id
1498 1570 1616 1610 esse
1637 1556 1905 1610 haereticis
1929 1563 2137 1609 veteres

575 1650 740 1705 libros
763 1649 1099 1705 arcessenda:
1116 1649 1217 1702 sibi
1237 1648 1569 1703 auctoritatis
1587 1662 1747 1702 causa
1773 1646 1991 1701 violare.
2017 1647 2138 1701 Fre-

573 1743 789 1811 quentia
831 1751 1123 1796 occurrunt
1177 1740 1420 1809 exempla
1462 1741 1513 1793 in
1548 1738 1787 1793 Panario
1824 1739 2129 1807 Epiphanii.

574 1834 777 1895 Scribit
809 1835 935 1889 item
964 1833 1224 1902 Evagrius
1254 1831 1345 1885 lib.
1385 1847 1467 1893 ill,
1506 1847 1623 1897 cap.
1649 1833 1738 1899 5i,
1783 1831 2127 1886 Nestorianos

573 1937 626 1980 et
671 1926 1029 1998 Eutychianos
1084 1933 1390 1979 sanctorum
1452 1924 1666 1978 Patrum
1725 1922 2128 1978 lucubrationes

572 2033 715 2088 saepe
743 2018 1079 2091 depravasse,
1116 2015 1418 2083 multosque
1446 2014 1759 2084 Apollinarii
1804 2014 1970 2068 libros
1995 2012 2130 2068 Gre-

571 2112 723 2183 gorio
756 2110 1178 2178 Thaumaturgo,
1214 2107 1512 2163 Athanasio
1562 2116 1613 2161 et
1634 2105 1773 2161 Julio
1806 2106 2023 2160 mutatis
2062 2105 2128 2158 ti-

574 2203 700 2256 tulis
748 2199 1086 2267 ascripsisse.
1142 2197 1560 2266 Apollinaristas
1605 2209 1817 2263 quoque
1848 2193 2030 2264 Cyrilli
2063 2192 2128 2245 li-

572 2293 700 2347 bros
734 2290 1059 2361 pervertisse
1082 2298 1269 2343 auctor
1299 2296 1379 2342 est
1404 2287 1687 2341 Leontius.
1728 2285 1974 2340 Notarios
2000 2300 2129 2354 prae-

572 2395 718 2441 terea
764 2383 1011 2437 homilias
1045 2381 1325 2449 Origenis,
1361 2389 1413 2434 et
1454 2379 1653 2432 dictata
1707 2393 1771 2431 ex
1812 2379 1977 2447 ipsius
2033 2392 2127 2432 ore

568 2478 896 2547 excipientes
923 2491 1019 2545 per
1055 2475 1271 2527 nimiam
1306 2472 1703 2527 festinationem
1732 2470 2006 2525 erroribus
2031 2469 2124 2522 ali-

568 2569 761 2639 quibus
793 2567 1114 2637 respersisse
1139 2564 1460 2620 crediderim
1489 2579 1505 2627 ;
1547 2577 1752 2616 necnon
1793 2568 1847 2614 et
1886 2560 2126 2613 indoctas

566 2656 789 2729 puellas,
842 2671 1068 2726 quarum
1097 2670 1255 2725 opera
1282 2655 1349 2709 ad
1385 2651 1683 2709 exarandos
1716 2651 1901 2706 nitidis
1933 2650 2125 2705 litteris

566 2750 778 2803 codices
805 2747 1076 2801 utebatur.

638 2840 745 2896 Sed
788 2839 1144 2907 Hieronymus
1194 2844 1360 2891 totam
1416 2838 1554 2890 hanc
1577 2834 1845 2905 Origenis,
1893 2850 2010 2904 qum
2057 2848 2121 2886 ex

565 2933 827 2987 librorum
879 2930 1049 2999 ipsius
1097 2928 1478 2997 depravatione
1507 2928 1728 2997 petitur,
1759 2925 2120 2981 defensionem

566 3025 716 3079 flocci
745 3022 873 3078 facit
904 3022 994 3075 lib.
1027 3036 1064 3075 ll
1116 3020 1333 3089 Apolog.
1367 3020 1570 3073 advers.
1604 3018 1778 3085 Ruﬁn.
1802 3059 1816 3081 ,
1857 3032 1973 3084 cap.
2006 3017 2039 3070 4
2070 3028 2121 3070 et

565 3117 622 3181 5,
672 3126 728 3171 et
771 3131 892 3172 cum
922 3114 1113 3169 Rufino
1145 3116 1330 3182 pedem
1371 3112 1610 3175 confert,
1644 3128 1705 3166 ac
1737 3112 1852 3166 loca
1878 3109 2121 3178 Origenis

568 3211 620 3262 in
651 3208 845 3277 quibus
879 3207 1230 3277 repugnantia
1262 3216 1480 3260 exstare
1516 3204 1728 3259 dixerat
1757 3205 2002 3269 Rufinus,
2028 3204 2124 3257 de—

563 3301 765 3372 signari
794 3299 893 3355 sibi
925 3299 1175 3368 postulat.
1220 3298 1328 3352 Nos
1363 3306 1510 3352 certe
1553 3297 1605 3350 in
1646 3295 1925 3364 superiore
1952 3295 2124 3362 capite

566 3390 873 3447 testimonia
926 3389 1203 3444 attulimus
1233 3399 1339 3443 tam
1383 3388 1484 3442 sibi
1519 3385 1811 3450 contraria,
1846 3396 1904 3439 ut
1934 3382 2125 3439 Hiero-

565 3500 731 3557 nymo
775 3482 1090 3539 satisfacere
1133 3485 1361 3553 possint.
1413 3480 1504 3536 Ait
1548 3481 1742 3536 deinde
1774 3479 1875 3535 hac
1905 3494 2124 3548 respon-

563 3579 716 3634 sione
752 3591 905 3630 usum
954 3590 1058 3630 non
1114 3589 1236 3629 esse
1285 3574 1587 3644 Didymum,
1652 3586 1755 3625 non
1813 3572 2119 3627 Eusebium.

564 3669 704 3738 Quid
736 3678 845 3722 tum
876 3676 1055 3722 autem
1082 3667 1104 3721 ?
1137 3665 1192 3721 Si
1221 3680 1341 3735 quae
1375 3664 1442 3720 ab
1474 3663 1739 3719 haereticis
1762 3664 1958 3717 inserta
1977 3672 2122 3726 sunt,

565 3764 796 3833 benigna
830 3762 1273 3831 interpretatione
1300 3759 1527 3813 mollivit
1565 3757 1847 3827 Didymus,
1886 3757 1971 3809 vel
2002 3771 2124 3823 per-

563 3867 748 3923 peram
777 3852 1015 3907 defendit
1044 3852 1337 3914 Eusebius;
1369 3851 1413 3905 si
1442 3850 1709 3919 objecrum
1758 3847 2119 3901 testimonium

566 3945 780 4000 solvere
825 3942 1149 4006 maluerunt,
1189 3944 1330 4011 quod
1360 3950 1473 3995 erat
1501 3942 1552 3995 in
1590 3948 1857 4009 promptu,
1883 3954 2040 4007 quam
2068 3950 2125 3992 nt

569 4036 760 4090 falsum
792 4033 1097 4103 repudiare,
1133 4033 1273 4101 quod
1300 4032 1529 4102 probatu
1561 4030 1826 4085 difﬁcilius
1854 4040 1996 4097 erat,
2026 4032 2126 4084 mi-

568 4142 742 4183 nusne
767 4126 969 4181 idcirco
1001 4110 1203 4178 incerta
1243 4132 1296 4177 et
1319 4122 1609 4177 adventitia
1646 4123 1811 4177 sunt?
1843 4122 1984 4178 Usus
2012 4131 2127 4177 erat

567 4218 761 4274 deinde
792 4216 1020 4271 Rufinus
1051 4214 1272 4269 aliorum
1304 4212 1522 4267 Patrum
1576 4214 1843 4282 exetnplo,
1891 4229 2122 4283 quorum

567 4310 967 4365 lucubrationes
996 4306 1209 4361 fuerant
1239 4305 1465 4359 violatae.
1499 4306 1588 4360 Ait
1618 4320 1745 4359 vero
1767 4304 2124 4373 Hieronymus

565 4403 805 4457 futurum
837 4412 893 4455 nt
935 4402 977 4456 si
1006 4400 1054 4455 id
1080 4399 1429 4463 concedatur,
1464 4397 1572 4464 jam
1606 4399 1794 4453 incerti
1817 4398 1924 4453 sint
1961 4399 2125 4452 libro-

566 4508 687 4547 rum
714 4503 980 4557 auctores,
1011 4490 1146 4545 nihil
1177 4490 1243 4544 ad
1280 4502 1377 4544 eos
1406 4488 1630 4543 relatum
1679 4489 1740 4542 iri
1766 4489 1858 4558 qui
1883 4490 2115 4558 scripse-

564 4593 712 4649 runt,
747 4583 839 4637 sed
870 4583 935 4636 ad
967 4591 1311 4651 corruptores
1338 4580 1535 4644 omnia,
1562 4595 1627 4635 ac
1662 4596 1728 4634 ne
1753 4581 1819 4633 ad
1854 4580 1971 4634 illos
2002 4579 2121 4648 qui-

564 4676 709 4737 dem,
733 4687 854 4727 cum
877 4672 1038 4740 ignoti
1063 4672 1190 4726 sint.
1219 4691 1237 4722 ι
1264 4669 1377 4725 Hac
1403 4669 1747 4732 defensionis,
1777 4669 1969 4738 inquit,
1996 4685 2119 4739 per-

564 4765 888 4828 turbatione,
922 4778 1019 4818 nec
1039 4761 1295 4824 Marcion,
1327 4776 1425 4817 nec
1448 4760 1792 4826 Manichaeus,
1827 4775 1923 4814 nec
1940 4760 2119 4823 Arius,

564 4875 661 4915 nec
688 4856 981 4914 Eunomius
1017 4854 1257 4909 accusari
1300 4863 1568 4925 poterunt.
1594 4872 1613 4905 ι
1641 4851 1968 4906 Attendisset
1994 4864 2123 4904 vero

566 4949 922 5021 Hieronymus
944 4949 1013 5002 ad
1039 4947 1311 5015 superiora
1345 4963 1359 4999 :
1401 4945 1591 5000 scribit
1620 4944 1845 4999 Rufinus
1891 4941 2009 4996 falsi
2058 4956 2121 4996 ea

564 5057 685 5097 esse
731 5050 1000 5112 suspecta,
1057 5040 1251 5109 quibus
1294 5037 1395 5091 alia
1444 5038 1497 5091 in
1545 5037 1732 5092 eodem
1767 5034 2028 5101 scriptore
2055 5049 2122 5088 ex

563 5132 789 5186 adverso
820 5129 1065 5200 opposita
1111 5136 1372 5183 exstant:
1425 5127 1507 5180 his
1563 5126 1821 5180 duntaxat
1876 5122 2126 5177 falsitatis

565 5229 743 5275 notam
760 5220 979 5288 apponit
1002 5218 1272 5273 Rufinum
1296 5215 1407 5270 Non
1425 5216 1591 5278 enim,
1618 5234 1637 5267 ›
1659 5215 1830 5284 inquit
1858 5214 2053 5268 invect.
2091 5212 2116 5265 1

562 5319 616 5365 in
640 5309 966 5379 Hieronym.,
993 5327 1013 5361 ς
1048 5307 1371 5380 generaliter
1392 5308 1613 5378 promisi
1655 5322 1742 5362 me
1788 5306 2121 5377 prolaturum

562 5416 682 5472 qua:
714 5410 900 5456 essent
929 5399 1052 5456 fidei
1088 5400 1364 5455 contraria
1390 5439 1406 5464 ,
1453 5398 1547 5454 sed
1594 5414 1713 5468 quae
1755 5398 1855 5467 ipsi
1891 5398 1990 5452 sibi
2033 5412 2125 5451 εδει

564 5502 685 5547 sent
722 5492 1029 5557 contraria;
1056 5508 1075 5543 ι
1114 5492 1309 5546 ideone
1340 5504 1502 5560 porro
1543 5490 1735 5544 incerti
1773 5499 1931 5543 erunt
1959 5487 2122 5541 libro-

568 5598 682 5636 rum
721 5592 990 5648 auctores,
1042 5584 1086 5638 si
1138 5598 1203 5638 ea
1249 5583 1510 5636 duntaxat
1563 5581 1665 5635 illis
1715 5580 2115 5649 abjudicentur,

566 5683 684 5743 qua:
710 5673 932 5740 reliquis
962 5673 1375 5727 contradicunt?
1407 5673 1615 5742 ecquod
1652 5672 1778 5726 hinc
1806 5671 1908 5725 sibi
1938 5678 2122 5739 patro-

568 5760 761 5817 ciniqu
784 5763 1045 5829 spondere
1079 5773 1330 5831 p0terunt
1360 5762 1628 5829 Marcion,
1670 5761 2014 5827 Manichacus,
2070 5768 2122 5816 et

1846 334 1904 389 P.
1945 332 2258 389 DANIELIS
2292 333 2523 391 HUETll
3250 315 3257 319 ’
3623 344 3725 402 nuo

2172 463 2216 516 Α
2246 456 2377 509 alii?
2409 456 2541 510 Tum
2581 454 2765 525 objicit
2815 453 2916 509 sibi
2949 452 3340 525 Hieronymus:
3375 475 3391 507 ι
3419 456 3660 524 Quomodo
3687 466 3725 517 in

2240 548 2389 602 libris
2436 562 2617 603 eorum
2670 548 2911 619 (Patrum
2960 546 3232 618 Ecclesiae)
3293 549 3474 604 vitiosa
3522 558 3729 611 nonnulla

2239 641 2402 695 sunt?
2430 661 2447 694 ι
2483 642 2789 711 respondet,
2829 658 2847 692 ι
2878 640 2934 695 Si
2971 656 3056 696 me
3092 655 3283 695 causas
3304 640 3536 696 vitiorum
3561 649 3730 705 nescire

2240 733 2583 801 respondero,
2620 748 2723 785 non
2777 732 2960 786 statim
3016 732 3138 786 illos
3171 732 3446 788 haereticos
3484 733 3731 801 iudicabo:

2239 826 2351 880 fieri
2380 826 2521 881 enim
2550 835 2757 893 potest,
2790 838 2849 879 ut
2880 826 2962 880 vel
3000 825 3314 895 simpliciter
3341 828 3645 893 erraverint,
3669 831 3732 886 vel

2238 916 2342 971 alio
2394 931 2554 970 sensu
2608 917 2966 985 scripserint,
3022 915 3105 970 vel
3157 931 3187 968 a
3250 915 3478 971 librariis
3517 918 3733 987 imperitis

2237 1021 2420 1062 eorum
2468 1008 2725 1076 paulatim
2774 1008 2972 1077 scripta
3014 1017 3263 1077 corrupta
3307 1008 3412 1061 sint
3442 1026 3453 1061 :
3485 1010 3559 1063 vel
3600 1024 3732 1076 certe,

2237 1108 2524 1168 antequam
2557 1100 2606 1152 in
2635 1098 2979 1161 Alexandria,
3006 1098 3159 1167 quasi
3185 1099 3492 1153 daemonium
3519 1102 3731 1157 meridia-

2235 1205 2398 1253 num,
2448 1190 2606 1244 Arius
2661 1199 3009 1256 nasceretur,
3076 1192 3389 1245 innocenter
3437 1194 3647 1261 quaedam
3692 1206 3734 1251 et

2237 1280 2413 1335 minus
2440 1291 2597 1336 caute
2648 1280 2805 1335 locuti
2856 1294 3002 1348 sunt,
3046 1291 3097 1335 et
3143 1297 3264 1351 quae
3297 1298 3398 1337 non
3433 1286 3612 1353 possint
3635 1304 3733 1356 per-

2237 1387 2511 1427 versorum
2539 1373 2813 1426 hominum
2836 1374 3157 1428 calumniam
3186 1375 3473 1428 declinare.
3499 1394 3515 1427 ι
3543 1376 3732 1433 Excusa-

2239 1467 2435 1519 tionern
2484 1466 2709 1535 accipio,
2759 1482 2855 1519 cur
2898 1478 2951 1520 tu
2999 1469 3240 1521 eamdem
3271 1483 3365 1534 pro
3389 1467 3729 1537 Origencadhi-

2236 1557 2399 1613 bitam
2443 1559 2791 1628 repudiabis?
2833 1576 2861 1611 a
2907 1559 3142 1614 librariis
3184 1562 3383 1630 scripta
3407 1561 3512 1630 ejus
3546 1563 3729 1621 fortasse

2234 1660 2489 1719 corrupta
2530 1650 2696 1705 fuisse
2749 1652 3014 1718 dicimus;
3067 1661 3192 1707 ante
3226 1653 3410 1706 Arium
3438 1656 3587 1709 minus
3604 1668 3727 1710 caule

2236 1742 2475 1797 locutum
2514 1744 2945 1812 pronuntiamus,
2988 1744 3070 1799 vel
3122 1744 3231 1799 alio
3277 1760 3432 1800 sensu
3477 1746 3728 1816 scripsisse,

2162 1809 2203 1863 Β
2234 1835 2313 1889 vel
2367 1834 2593 1903 denique
2649 1850 2899 1900 errasse;
2959 1836 3232 1892 idcircone
3286 1838 3535 1892 haereseos
3590 1840 3724 1908 ipsum

2228 1927 2542 1982 damnabis?
2565 1927 2737 1981 Allata
2766 1929 2981 1982 demum
3013 1929 3233 1983 Patrum
3278 1929 3497 1984 aliorum
3528 1930 3723 1996 exempla

2228 2018 2475 2073 deridens
2524 2018 2600 2071 ait
2645 2033 2747 2071 non
2790 2019 3051 2072 haereseos
3096 2018 3403 2087 suspicione
3444 2032 3611 2072 vacare
3635 2017 3733 2073 Ori-

2227 2124 2436 2179 genem,
2458 2110 2666 2164 etiamsi
2705 2111 2755 2162 in
2786 2111 2972 2163 haeresi
3003 2110 3190 2165 Patres
3225 2110 3312 2164 alii
3359 2109 3559 2165 fuerint.
3587 2110 3735 2165 Dicen-

2226 2204 2347 2255 dum
2378 2203 2554 2273 potius
2582 2203 2770 2257 haeresi
2797 2218 2988 2257 vacare
3013 2203 3323 2274 Origenem,
3353 2204 3574 2272 quamvis
3601 2205 3643 2255 in
3664 2218 3731 2256 er-

2228 2307 2374 2347 rores
2410 2291 2586 2360 lapsus
2635 2293 2743 2357 sit,
2780 2294 2919 2360 quod
2970 2292 3189 2360 paribus
3242 2292 3475 2362 impliciti
3507 2291 3737 2345 erroribus

2225 2383 2432 2450 Patres,
2486 2384 2631 2437 omni
2666 2393 2841 2437 tamen
2879 2384 3150 2437 haereseos
3196 2392 3320 2436 nota
3363 2382 3468 2436 sint
3496 2382 3731 2434 immunes.

2226 2472 2478 2527 Mutilata:
2506 2474 2839 2542 postmodum
2866 2473 3104 2542 epistolae
3141 2473 3445 2527 Adamantii
3484 2474 3543 2526 ad
3574 2474 3735 2526 amicos

2224 2566 2614 2620 Alexandrinos
2658 2565 2906 2619 Rufinum
2959 2566 3135 2635 arguit
3188 2565 3564 2637 Hieronymus;
3611 2575 3659 2618 ut
3698 2565 3734 2617 si

2224 2656 2345 2725 quis
2395 2658 2699 2711 mutilatum
2739 2672 2768 2710 a
2810 2670 2895 2711 me
2939 2658 3260 2725 scriptorem
3312 2671 3426 2712 esse
3452 2658 3594 2721 dicat,
3639 2670 3734 2708 cum

2226 2750 2588 2803 testimonium
2622 2749 2836 2819 aliquod
2866 2765 2933 2804 ex
2961 2764 3027 2804 eo
3056 2752 3140 2803 vel
3166 2748 3516 2818 fragmentum
3557 2748 3613 2801 ad
3646 2762 3733 2801 rem

2224 2840 2275 2893 in
2308 2839 2675 2907 disputatione
2709 2840 2937 2908 positam
2962 2840 3242 2908 pertinens
3263 2839 3495 2893 adduco:
3525 2851 3733 2906 quorsum

2222 2930 2363 2985 cnim
2391 2929 2637 3001 Origenis
2677 2930 2936 2985 adversus
2970 2930 3299 2984 Demetrium
3345 2928 3577 2998 querelas
3602 2969 3614 2992 ,
3642 2943 3734 2995 quae

2224 3022 2276 3076 in
2312 3023 2513 3092 reliqua
2548 3021 2788 3091 epistolae
2805 3034 2961 3090 parte
2992 3022 3359 3086 continentur,
3390 3021 3634 3075 retulisset
3654 3017 3732 3070 Ru-

2150 3140 2191 3197 C
2230 3118 2387 3183 linus,
2413 3119 2478 3172 de
2509 3117 2769 3172 librorum
2798 3119 2965 3188 ipsius
2996 3118 3434 3187 c0nstupratione
3460 3115 3641 3185 agens?
3670 3114 3729 3167 Ad

2226 3211 2276 3265 id
2312 3221 2493 3264 autem
2524 3212 2669 3280 quod
2702 3221 2957 3266 causatus
2988 3210 3161 3265 fuerat
3190 3210 3448 3279 Origenes
3474 3210 3520 3263 in
3552 3207 3730 3281 epistola

2223 3303 2289 3355 ad
2334 3303 2745 3368 Alexandrinos,
2790 3303 3153 3356 adulteratam
3206 3320 3236 3357 a
3282 3302 3512 3357 Candido
3548 3300 3735 3355 Valenti-

2225 3396 2385 3449 niano
2437 3394 2697 3449 haeretico
2730 3395 2895 3448 habiti
2932 3410 3115 3449 secum
3143 3395 3353 3465 Dialogi
3385 3396 3621 3458 codicem,
3642 3390 3737 3445 sub-

2218 3486 2337 3554 jicit
2390 3484 2799 3554 Hieronymus:
2857 3485 3259 3554 rlntelligimus
3324 3486 3374 3540 in
3425 3486 3521 3539 hoc
3572 3492 3735 3535 tantum

2222 3575 2443 3645 Dialogo
2477 3576 2543 3630 ab
2576 3574 2808 3644 Origene
2849 3577 3000 3646 argui
3048 3577 3357 3631 hacreticam
3394 3575 3671 3635 falsitatem,
3697 3581 3739 3624 et

2224 3684 2324 3721 non
2374 3669 2424 3722 in
2473 3668 2683 3723 caeteris
2734 3668 2908 3735 libris,
2952 3668 3018 3723 de
3049 3670 3244 3738 quibus
3276 3684 3532 3737 nunquam
3556 3662 3739 3734 quaesuo

2222 3757 2323 3811 fuit
2357 3781 2368 3813 :
2403 3758 2605 3827 alioqui
2665 3759 2709 3813 si
2772 3759 2952 3812 omnia
3012 3773 3131 3827 quae
3177 3759 3428 3813 haeretica
3483 3767 3609 3821 sunt,
3655 3767 3736 3806 non

2221 3860 2373 3904 erunt
2433 3852 2715 3921 Origenis,
2764 3852 2855 3906 sed
2912 3853 3313 3915 haereticorum,
3375 3864 3547 3903 omnes
3592 3854 3736 3898 auterr

2222 3945 2607 4012 propemodum
2670 3943 2813 3997 illius
2865 3943 2991 3997 tomi
3034 3942 3117 3996 his
3149 3943 3428 3997 erroribus
3458 3938 3578 4010 pleni
3614 3942 3732 3995 sunt,

2223 4035 2352 4086 nihil
2380 4034 2628 4106 Origenis
2678 4035 2798 4097 erit,
2848 4035 2940 4089 sed
2990 4049 3177 4089 eorum
3223 4050 3446 4103 quorum
3480 4032 3735 4101 ignoramus

2222 4122 2554 4179 vocabula.»
2608 4122 2745 4189 Quid
2804 4123 2895 4176 fiet
2953 4134 3130 4177 autem
3181 4124 3350 4178 altera
3392 4120 3605 4191 Origenis
3639 4115 3738 4183 epi-

2222 4212 2396 4276 stola,
2445 4213 2497 4266 in
2561 4228 2665 4282 qua
2721 4212 2910 4267 scribit
2963 4210 3191 4269 Ruﬁnus
3258 4229 3435 4282 parem
3486 4207 3639 4264 haberi
3684 4204 3738 4256 de

2224 4301 2374 4355 libris
2423 4303 2538 4372 ejus
2597 4301 2810 4357 violatis
2864 4304 3293 4373 querimoniam?
3343 4302 3529 4357 Deinde
3567 4312 3655 4351 non
3699 4293 3738 4346 id

2225 4391 2358 4445 velle
2402 4391 2656 4447 Rufinum
2708 4393 2958 4457 diximus,
2998 4408 3332 4462 quaecunque
3376 4389 3601 4446 haeretica
3632 4394 3734 4439 sunt

2149 4498 2195 4557 ι)
2226 4476 2277 4535 in
2305 4480 2551 4552 Origenis
2588 4483 3071 4548 lucubrationibus,
3106 4484 3472 4538 haereticorum
3500 4492 3633 4538 esse,
3660 4474 3735 4527 sed

2225 4590 2288 4627 ea
2324 4584 2526 4627 tantum
2572 4576 2769 4644 quibus
2815 4583 3177 4644 repugnantes
3213 4574 3501 4628 sententias
3523 4568 3738 4636 Origenes

2228 4667 2482 4720 asseruit.
2519 4666 2573 4719 in
2610 4665 2833 4735 epistola
2860 4681 3074 4734 quoque
3108 4665 3177 4721 65
3220 4667 3285 4717 ad
3316 4661 3677 4717 Pammachium
3696 4664 3737 4707 et

2228 4757 2521 4821 Oceanum,
2551 4771 2666 4826 cap.
2696 4758 2750 4824 4,
2782 4756 2946 4810 multa
2974 4758 3023 4809 in
3058 4758 3304 4811 eamdem
3332 4755 3625 4810 sententiam
3648 4748 3738 4801 liie-

2230 4862 2484 4916 ronymns
2514 4848 2756 4915 colligit,
2784 4848 3035 4917 idemque
3064 4849 3249 4912 habet,
3283 4848 3420 4916 quod
3450 4846 3498 4898 in
3527 4839 3735 4907 Apologia

2228 4940 2474 4993 adversus
2511 4936 2757 5007 Ruﬁnum
2788 4939 3118 5007 propositum
3148 4950 3252 5003 est,
3282 4948 3335 4992 et
3385 4952 3413 4991 a
3444 4934 3583 4989 nobis
3607 4941 3733 4995 supra

2225 5030 2578 5090 confutatum.
2632 5044 2820 5099 nempe
2861 5029 3172 5085 defensores
3207 5028 3444 5099 Origenis
3491 5020 3732 5078 Eusebium

2226 5130 2280 5175 et
2303 5121 2611 5192 Didymum,
2633 5123 2731 5176 hac
2757 5122 3101 5192 responsione
3122 5136 3239 5189 quae
3259 5135 3321 5174 ex
3342 5121 3575 5171 librorum
3603 5108 3732 5178 ipsius

2225 5213 2670 5282 c0nstupratione
2708 5215 2926 5282 petitur,
2975 5212 3198 5266 minime
3250 5225 3372 5264 usos
3410 5208 3581 5261 fuisse.
3627 5200 3730 5252 Tum

2228 5303 2347 5358 ait:
2398 5323 2416 5354 ‹
2441 5304 2599 5359 Solus
2639 5305 2892 5357 inventus
2941 5312 3025 5357 est
3069 5302 3349 5373 Origenes,
3396 5299 3537 5367 cujus
3568 5291 3726 5356 scripta

2231 5394 2284 5447 in
2318 5404 2429 5448 toto
2456 5394 2585 5449 orbe
2616 5394 2967 5450 falsarentur.
2992 5416 3012 5449 ι
3050 5398 3200 5451 itane
3224 5394 3384 5449 vero?
3409 5395 3583 5445 Annon
3604 5398 3732 5439 evan-

2230 5486 2538 5556 gelistarum
2569 5488 3041 5557 apostolorumque
3087 5491 3283 5557 scripta
3312 5484 3566 5539 adulteras
3593 5478 3727 5530 haere-

2231 5579 2454 5633 ticorum
2485 5594 2677 5633 manus
2700 5582 3023 5634 senserunt?
3048 5579 3241 5635 Parum
3257 5590 3462 5650 quoque
3481 5562 3728 5635 νθιειψιοά

2228 5669 2593 5725 subnectitur:
2632 5690 2649 5723 ι
2674 5671 2791 5741 ipse
2816 5670 3077 5741 Origenes
3117 5675 3168 5728 in
3197 5670 3411 5743 epistola
3455 5678 3597 5736 quam
3623 5656 3727 5711 scri-

2229 5761 2307 5817 bit
2332 5762 2398 5818 ad
2433 5761 2767 5841 Fabianum,
2802 5764 3172 5834 pmnilentiam
3197 5768 3324 5835 agit,
3355 5775 3445 5817 cur
3496 5753 3603 5810 talia
3623 5744 3730 5803 scri-
