4068 6308
308 399 440 456 1201

1377 398 1948 462 ORIGENIANORUM
1990 405 2118 461 LIB.
2160 404 2226 473 II,
2267 405 2416 464 CAP.
2460 406 2556 463 Ill.

3413 416 3551 471 “0‘2

305 515 510 582 pserit;
554 523 611 571 et
641 531 859 573 causam
889 516 1207 573 temeritatis
1236 516 1289 572 in
1313 518 1652 577 Ambrosium
1687 523 1874 592 refert,
1905 535 1951 591 Α
1983 524 2289 593 requirendi
2323 540 2442 580 esse
2481 525 2762 594 discussa;
2793 545 2811 579 ι
2846 535 2898 581 et
2932 528 3087 597 paulo
3112 540 3251 599 post,
3290 547 3436 587 num.
3471 536 3540 590 5:

303 609 449 674 quod
482 618 697 664 secreto
727 610 869 664 edita
921 610 973 663 in
1024 610 1291 679 publicum
1333 614 1659 683 protulerit:
1689 634 1709 669 ι
1744 632 1867 671 nam

304 713 405 753 nec
438 700 727 757 haereticus
761 702 845 755 ille
873 710 971 766 est,
1009 715 1106 755 nec
1136 703 1413 761 habendus
1439 717 1547 772 est,
1582 722 1742 778 quem
1790 720 1873 766 te-

304 806 455 846 mere
488 792 760 848 dictorum
789 794 1042 862 paenituit
1106 795 1261 850 Aliud
1292 807 1555 865 praeterea
1581 799 1663 854 his
1691 802 1869 857 verbis

305 887 547 954 suggerit
593 885 746 941 nobis
798 885 1120 941 defendendi
1176 887 1429 958 Origenis
1489 902 1867 958 argumentum

305 973 693 1047 Hieronymus;
742 992 1022 1047 perperam
1075 979 1283 1035 scilicet
1317 981 1385 1035 ab
1432 980 1718 1037 Ambrosio
1752 983 1872 1038 vul-

301 1076 456 1138 gatos
486 1070 648 1124 fuisse
685 1070 927 1135 codices,
964 1086 1099 1141 quos
1144 1071 1553 1127 exercitationis
1582 1075 1752 1142 gratia
1782 1089 1869 1130 se-

299 1170 454 1213 creto
490 1158 747 1229 Origenes
771 1161 1206 1217 elucubraveret.
1256 1161 1393 1218 Hinc
1420 1162 1658 1232 denique
1706 1164 1866 1221 refel-

297 1251 429 1306 litur
464 1252 591 1306 illud
623 1252 837 1308 Baronii
879 1254 946 1307 ad
978 1269 1066 1308 an.
1097 1253 1239 1319 232,
1280 1269 1400 1323 cap.
1430 1254 1499 1308 10
1526 1273 1540 1308 z
1576 1272 1595 1306 ι
1622 1255 1690 1309 At
1719 1254 1773 1309 in
1798 1270 1865 1312 eo

295 1349 445 1396 certe
473 1342 650 1396 minus
676 1342 1029 1397 excusatione
1054 1343 1247 1413 dignus
1274 1356 1395 1399 esse
1438 1344 1667 1413 videtur,
1718 1344 1862 1415 quod

292 1449 419 1489 cum
465 1434 632 1490 sciret
676 1450 774 1490 sua
803 1435 872 1489 ab
899 1436 1155 1491 omnibus
1188 1437 1512 1507 impugnari,
1548 1447 1864 1493 retractato-

290 1525 434 1580 rium
468 1524 670 1579 nullum
701 1526 933 1581 ediderit
964 1530 1445 1594 commentarium;
1484 1544 1606 1584 cum
1641 1530 1741 1600 ipsi
1778 1539 1862 1584 ta-

290 1631 417 1671 men
444 1618 580 1674 satis
605 1617 699 1671 otii
737 1627 791 1671 et
825 1620 1082 1689 temporis
1109 1619 1457 1690 superfuerit,
1490 1631 1548 1675 ut
1576 1626 1642 1677 ad
1677 1637 1864 1679 omnes

291 1710 574 1765 catholicae
603 1710 724 1765 fidei
760 1727 1034 1777 numeros,
1075 1724 1268 1768 cuncta
1314 1728 1436 1784 quae
1483 1731 1512 1767 a
1550 1730 1609 1769 se
1655 1717 1862 1785 scripta

290 1813 496 1869 essent,
526 1813 939 1873 attemperaret:
962 1825 981 1859 ι
1017 1821 1139 1860 nam
1163 1815 1217 1860 et
1246 1822 1344 1877 pro
1374 1809 1687 1862 retractat-io
1713 1825 1860 1862 com-

1982 636 2000 669 ι
2038 618 2159 672 llaec
2192 627 2350 687 prout
2375 620 2644 689 potuimus
2686 622 2753 675 de
2800 621 3102 677 rationabili
3152 624 3329 678 anima
3354 626 3539 681 discu-

1978 710 2161 764 tienda
2194 713 2364 779 magis
2395 726 2422 764 a
2447 710 2765 782 legentibus,
2805 726 2966 781 quam
2992 724 3190 769 statuta
3218 731 3282 770 ac
3320 719 3539 773 definita

1973 804 2313 873 protulimus.
2361 822 2378 856 ι
2426 803 2589 858 Plena
2639 814 2764 859 sunt
2810 807 3069 877 ejusmodi
3117 809 3538 864 obtestationum

1971 896 2175 963 omnia,
2230 911 2261 951 e
2319 897 2513 965 quibus
2582 899 2866 954 nonnullas
2932 901 3150 955 adducit
3226 900 3536 972 Pamphilus

1971 1001 2119 1041 suam
2146 1002 2239 1055 pro
2273 986 2496 1058 Origene
2520 987 2832 1059 Apologiam
2863 992 3171 1057 exordiens,
3202 1006 3269 1045 ex
3307 990 3530 1059 ejusque

1970 1076 2306 1131 haesitatione
2327 1076 2715 1130 validissimum
2748 1078 2929 1133 tuendi
2962 1079 3129 1149 ipsius
3158 1089 3535 1151 argumentum

1969 1168 2155 1233 sumit,
2194 1168 2354 1239 idque
2391 1183 2499 1223 non
2531 1170 2697 1225 semel
2740 1171 3066 1227 adversariis
3108 1171 3361 1240 objectat.
3401 1174 3535 1230 Hine

1967 1261 2264 1318 Gulielmus
2316 1260 2635 1319 Parisiensis
2689 1264 2742 1318 in
2808 1274 2945 1332 part.
3000 1281 3041 1332 1,
3113 1265 3191 1319 De
3252 1266 3531 1334 universo,

1966 1369 2084 1424 cap.
2119 1355 2207 1424 19,
2238 1358 2352 1413 haec
2381 1360 2568 1415 scribit
2599 1378 2613 1415 :
2650 1377 2671 1412 ι
2710 1358 2847 1415 Ilinc
2873 1369 2960 1415 est
2994 1373 3147 1413 error
3176 1358 3266 1427 qui
3310 1360 3534 1428 imposi-

1968 1458 2053 1503 tus
2083 1450 2184 1505 fult
2227 1465 2256 1503 a
2296 1451 2614 1519 quibusdam
2662 1451 2753 1505 uni
2803 1465 2834 1505 e
2890 1449 3173 1521 prazeipuis
3224 1450 3534 1506 doctoribus

1966 1543 2419 1611 Christianorum,
2446 1553 2501 1599 et
2538 1545 2639 1599 iste
2685 1543 2786 1597 fuit
2829 1558 2860 1598 e
2894 1542 3228 1613 sapientibus
3271 1525 3531 1612 theologis

1965 1633 2298 1701 Graecorum,
2328 1644 2383 1690 et
2400 1644 2621 1690 vocatus
2658 1634 2760 1689 fuit
2785 1634 3071 1705 Origenes.
3100 1634 3398 1703 Apparebit
3432 1651 3530 1689 au-

1968 1732 2072 1778 tem
2098 1724 2191 1779 tibi
2223 1727 2395 1795 ipsum
2416 1726 2714 1781 nullatenus
2742 1741 2805 1780 ex
2851 1726 3116 1781 sententia
3149 1735 3204 1781 et
3232 1726 3529 1782 assertione

1966 1815 2190 1871 dixisse.
2221 1835 2238 1867 ι
2268 1816 2368 1883 Qui
2409 1819 2584 1871 minus
2614 1828 2789 1871 autem
2812 1818 2952 1873 hanc
2986 1833 3083 1888 pro
3105 1816 3335 1888 Origene
3372 1834 3530 1873 excu-

290 1898 549 1951 mentario
581 1897 763 1953 haberi
800 1907 977 1968 potest
1028 1897 1115 1952 illa
1158 1897 1224 1952 ad
1263 1897 1560 1953 Fabianum
1606 1899 1856 1969 epistola,
1891 1882 1933 1937 Β
1962 1905 2223 1960 sationem
2257 1908 2663 1977 usurpabimus,
2695 1922 2815 1961 cum
2855 1882 3097 1962 eamdem
3145 1882 3240 1978 pro
3278 1908 3525 1976 Origenis

289 1997 349 2040 et
379 1985 511 2040 alios
541 1986 760 2057 insuper
811 1986 1037 2043 fortasse
1085 1987 1322 2057 scripsit,
1372 1997 1639 2043 vetustate
1668 1989 1860 2044 deinde

290 2086 659 2147 consumptos.

366 2166 457 2224 XI.
492 2168 622 2236 Quae
657 2170 724 2225 ad
770 2167 1091 2241 frangendas
1123 2169 1372 2242 Origeuis
1421 2180 1854 2242 oppugnatorum

291 2260 683 2328 accusationes,
711 2275 946 2329 eumque
970 2263 1227 2318 adversus
1255 2261 1554 2319 calumnias
1580 2266 1857 2333 tuendum,

289 2362 347 2406 et
389 2355 681 2409 immunem
728 2355 883 2426 culpa
939 2357 1301 2426 pmstandum
1362 2354 1544 2411 valere
1588 2367 1855 2424 poterant,

290 2446 606 2517 collegimus
637 2467 651 2503 :
683 2465 827 2503 nunc
864 2449 992 2520 quid
1024 2451 1091 2504 ad
1123 2465 1245 2504 eum
1274 2450 1665 2515 excusandum,
1706 2460 1763 2505 et
1790 2451 1856 2505 ad

286 2541 686 2596 conciliandum
728 2542 877 2608 huic,
920 2542 1083 2598 etiam
1129 2544 1357 2612 erranti,
1395 2544 1669 2598 hominum
1702 2544 1857 2599 favo-

286 2645 402 2684 rem
438 2629 701 2695 conf‘erat,
731 2632 1025 2687 videamus.
1059 2632 1417 2689 Utilissimum
1441 2643 1526 2688 est
1564 2633 1616 2687 in
1642 2633 1851 2702 primis,

286 2723 431 2794 quod
464 2724 665 2778 nullam
715 2723 768 2776 in
814 2726 1178 2793 proponendis
1220 2726 1565 2794 opinionibus
1610 2729 1853 2791 pervica-

285 2813 453 2879 ciam,
511 2812 709 2867 nullam
769 2806 822 2867 in
876 2813 1228 2870 defendendis
1288 2816 1676 2886 pertinaciam,
1736 2831 1856 2886 qua:

282 2909 556 2978 praecipua
612 2908 882 2963 haereseos
929 2916 1054 2963 nota
1107 2917 1226 2972 est,
1290 2923 1402 2978 prae
1460 2923 1520 2964 se
1566 2907 1711 2975 fert,
1759 2909 1855 2965 sed

278 2998 551 3055 fluctuans
580 3014 795 3069 semper
825 3009 880 3054 et
900 3000 1140 3054 incertus
1168 3001 1399 3070 cogitata
1434 3016 1531 3056 sua
1562 3000 1767 3070 profert
1799 3002 1851 3055 in

278 3093 541 3158 iiiedium,
573 3092 798 3147 solemni
827 3093 927 3147 hac
960 3092 1144 3147 vocula
1179 3094 1413 3164 μήποτε,
1453 3109 1574 3165 quae
1603 3095 1855 3150 haesitan-

277 3189 356 3243 tis
382 3198 483 3253 est,
511 3187 773 3242 lectorum
809 3187 1020 3244 animos
1047 3202 1336 3257 occupans,
1372 3200 1426 3245 et
1456 3191 1848 3260 disputationes
1877 3229 1923 3291 ε

273 3296 410 3336 suas
438 3282 674 3349 ordiens,
699 3282 1023 3351 easdemque
1046 3292 1299 3339 consueta
1327 3284 1685 3338 obtestatione
1714 3300 1846 3338 con-

273 3376 534 3439 cludens,
560 3390 665 3445 qua
695 3375 977 3430 universos
1009 3375 1073 3429 ad
1097 3376 1199 3428 alia
1233 3376 1619 3445 perscrutanda
1643 3386 1698 3430 et
1722 3393 1848 3447 pro-

270 3470 531 3534 ponenda
575 3468 859 3535 hortatur,
908 3477 1158 3538 paratum
1208 3483 1265 3521 se
1310 3468 1620 3537 significans
1658 3485 1687 3523 a
1737 3470 1849 3525 suis

268 3560 579 3625 discedere,
625 3561 693 3614 ad
745 3560 963 3615 meliora
1018 3560 1276 3614 transire.
1327 3558 1478 3628 Siepe
1525 3560 1738 3629 quidem
1795 3561 1849 3615 in

269 3652 438 3708 libris
464 3638 605 3721 Περὶ
637 3651 837 3722 ἀρχῶν
866 3652 1251 3708 dubitationem
1277 3668 1428 3707 suam
1465 3652 1685 3720 fatetur,
1732 3652 1845 3706 vel-

267 3754 342 3800 ut
374 3744 465 3798 lib.
497 3761 535 3809 ι,
565 3760 684 3815 cap.
718 3744 775 3809 6,
811 3761 958 3799 num.
1003 3744 1026 3799 I
1066 3762 1080 3800 :
1125 3763 1142 3797 ι
1184 3745 1313 3811 Quae
1358 3745 1571 3815 quidem
1616 3760 1645 3799 a
1694 3744 1849 3800 nobis

270 3833 447 3889 etiam
485 3850 607 3887 cum
638 3849 829 3905 magno
860 3844 1001 3891 metu
1027 3844 1081 3890 et
1112 3836 1321 3890 cautela
1350 3836 1621 3901 dicuntur,
1670 3836 1850 3891 discu-

272 3929 544 3984 tientibus
581 3929 752 3999 magis
778 3938 827 3983 et
871 3929 1350 3998 pertractantibus,
1387 3944 1547 3998 quam
1581 3943 1677 3998 pro
1698 3938 1847 3983 certo

272 4036 347 4076 ac
370 4020 592 4076 definito
620 4021 998 4076 statuentibus.
1051 4021 1346 4076 Indicatnm
1373 4037 1643 4091 namquea
1686 4021 1841 4075 nobis

271 4115 334 4169 in
367 4113 737 4183 superioribus
772 4122 874 4180 est,
910 4127 1030 4182 quae
1072 4115 1183 4168 sint
1211 4115 1276 4168 de
1318 4116 1511 4182 quibus
1555 4112 1840 4167 manifesto

271 4207 530 4276 dogmate
563 4206 960 4261 terminandum
995 4207 1085 4271 sit,
1112 4207 1251 4275 quod
1294 4217 1348 4260 et
1374 4222 1470 4276 pro
1508 4207 1714 4261 viribus
1745 4220 1844 4260 nos

272 4297 473 4352 fecisse
515 4307 662 4367 puto,
720 4312 841 4352 cum
880 4297 947 4352 de
972 4295 1237 4352 Trinitate
1277 4298 1637 4367 loqueremur.
1693 4296 1845 4350 Nunc

270 4401 457 4445 autem
512 4390 817 4459 disputandi
864 4390 1046 4459 specie
1086 4392 1272 4459 magis,
1329 4406 1488 4460 quam
1532 4389 1843 4455 definiendi,

273 4494 440 4553 prout
469 4497 770 4553 possumus,
814 4496 1176 4537 exercemur:
1214 4500 1233 4533 ι
1276 4482 1420 4550 quod
1458 4481 1621 4534 iterat
1651 4481 1701 4533 in
1739 4481 1845 4542 fine

1958 1997 2221 2065 discipulo
2266 1995 2525 2067 Gregorio
2555 1997 2957 2069 Thautnaturgo
3002 2003 3344 2069 usurpaverit
3376 2002 3525 2055 Basi-

1959 2088 2083 2154 lius,
2118 2092 2278 2159 epist.
2319 2090 2424 2145 64?
2476 2090 2672 2146 Merito
2712 2091 2893 2160 itaque
2948 2090 3390 2162 Joannes,Picus
3423 2093 3526 2146 Mi-

1960 2181 2307 2248 randulanus,
2342 2184 2580 2239 secundo
2610 2182 2838 2238 articqu
2866 2182 3135 2251 Apologia:
3154 2200 3251 2251 pro
3274 2182 3519 2253 Origene,

1957 2273 2147 2343 probat
2185 2289 2328 2340 eum,
2362 2277 2405 2329 si
2434 2276 2560 2340 quid
2593 2274 2713 2328 fidei
2743 2276 2919 2328 minus
2946 2289 3244 2330 consonum
3272 2275 3519 2344 scripsit,

1963 2386 1982 2420 ‹
2030 2382 2201 2437 neque
2232 2369 2557 2439 dogmatice,
2587 2382 2760 2438 neque
2796 2370 3073 2433 assertive,
3105 2369 3197 2423 sed
3226 2368 3523 2422 dubitative

1957 2478 2167 2532 semper
2192 2462 2567 2531 etinqnisitive
2596 2462 2919 2532 procedere;
2958 2479 2977 2513 ι
3015 2462 3287 2529 multaque
3332 2460 3522 2529 Orige-

1957 2554 2041 2608 nis
2058 2552 2494 2622 congregatloea,
2515 2551 2566 2604 in
2585 2552 2778 2619 quibus
2798 2561 3018 2619 apparet
3041 2550 3206 2620 ipsius
3226 2547 3522 2605 fluctuatio.

1966 2646 1971 2653 ’
2026 2644 2248 2699 Multum
2273 2644 2433 2700 etiam
2477 2644 2793 2697 modestiam
2821 2642 3089 2710 Origenis,
3130 2653 3187 2696 et
3228 2646 3524 2701 submissos

1955 2753 2019 2791 ac
2043 2736 2270 2791 humiles
2297 2736 2363 2790 de
2401 2750 2481 2801 se,
2504 2749 2710 2803 suaque
2755 2736 3000 2789 doctrina
3040 2750 3228 2789 sensus
3268 2738 3524 2805 praedicat

1954 2827 2263 2897 Pamphilus
2304 2827 2458 2882 initio
2488 2827 2756 2897 Apologia
2784 2841 2802 2879 :
2834 2836 2890 2881 et
2935 2829 3166 2895 merito;
3208 2829 3339 2898 quid
3373 2832 3522 2885 enim

1956 2928 2063 2974 tam
2105 2918 2171 2973 ab
2202 2919 2391 2973 hmresi
2419 2917 2676 2984 alienum,
2721 2915 2874 2985 cujus
2900 2926 3079 2973 certus
3105 2920 3392 2977 character
3435 2928 3523 2975 est

1954 3012 2244 3084 superbia?
2276 3011 2498 3066 Factum
2543 3012 2725 3081 itaque
2763 3012 2967 3080 optime
3009 3022 3092 3067 est
3138 3013 3206 3067 ab
3253 3013 3518 3079 Ilalloxio,

1955 3122 2076 3161 cum
2123 3107 2177 3161 in
2227 3106 2343 3176 ejus
2380 3105 2732 3160 contestanda
2782 3105 3109 3159 demissione
3149 3113 3204 3158 et
3257 3106 3521 3168 modestia

1955 3211 2174 3265 operam
2204 3210 2355 3248 suam
2390 3194 2587 3263 posuit,
2634 3202 2688 3247 et
2708 3192 2824 3248 loca
2873 3193 3042 3262 ipsius
3094 3194 3260 3249 multa
3300 3210 3521 3250 coacer.

1953 3287 2115 3349 vavit,
2142 3285 2292 3354 Orig.
2315 3286 2515 3352 deteris.
2541 3282 2633 3336 lib.
2654 3298 2715 3348 ιι,
2741 3296 2862 3351 cap.
2886 3282 2941 3337 2.

2026 3377 2136 3431 XII.
2196 3378 2334 3444 Quid
2388 3378 2528 3448 quod
2589 3377 2982 3431 interneeinum
3053 3389 3175 3429 cum
3251 3375 3521 3433 haereticis

1952 3472 2143 3525 bellum
2166 3481 2422 3541 perpetuo
2452 3472 2591 3540 gerit
2622 3468 2906 3538 Origenes,
2934 3468 3347 3535 Valentinianis,
3377 3470 3521 3525 Mar-

1952 3559 2214 3625 cionistis,
2248 3559 2615 3625 Basilidianis,
2646 3559 2916 3627 Apellitis,
2946 3557 3260 3613 Helcesaitis
3287 3575 3301 3622 ;
3340 3574 3514 3629 caque

1950 3650 2122 3703 teneri
2156 3665 2219 3704 ac
2258 3650 2683 3705 crediduntaxat
2701 3649 2873 3718 jubet,
2901 3663 3019 3717 quae
3059 3648 3125 3702 ab
3163 3647 3407 3703 Ecclesia
3432 3664 3517 3701 re-

1950 3757 2102 3813 cepta
2149 3753 2292 3798 sunt.
2337 3762 2355 3794 ι
2395 3740 2487 3795 Illa
2517 3741 2653 3807 sola,
2703 3759 2721 3792 ι
2764 3739 2939 3809 inquit
2962 3739 3034 3804 ,in
3068 3736 3338 3795 Ριοωιιιίο
3376 3740 3467 3794 lib.
3496 3756 3515 3795 I

1949 3836 2087 3906 Περὶ
2115 3833 2333 3905 ἀρχῶν,
2362 3850 2509 3888 num.
2542 3832 2601 3899 2,
2652 3852 2671 3884 ι
2715 3831 2979 3888 credenda
3027 3840 3111 3887 est
3145 3833 3366 3896 veritas,
3400 3848 3517 3902 quae

1949 3928 2001 3982 in
2047 3927 2193 3981 nullo
2242 3927 2311 3981 ab
2359 3924 2725 3979 ecclesiastica
2779 3933 2835 3977 et
2894 3923 3185 3992 apostolica
3246 3924 3519 3979 discordat

1950 4019 2259 4083 traditione,
2310 4037 2328 4071 ι
2378 4017 2520 4087 quod
2573 4031 2713 4086 saepe
2766 4017 3007 4081 repetit;
3045 4025 3100 4069 et
3152 4016 3338 4071 homil.
3375 4016 3517 4071 I6in

1949 4112 2076 4177 Luc.
2110 4128 2127 4164 :
2159 4128 2178 4161 ι
2220 4109 2331 4180 Ego
2360 4124 2486 4164 vero
2512 4110 2634 4178 quia
2674 4119 2800 4177 opto
2858 4122 2977 4162 esse
3004 4108 3420 4174 ecclesiasticus,
3461 4117 3517 4162 et

1949 4220 2053 4258 non
2090 4204 2155 4256 ab
2191 4201 2551 4256 hazresiarcha
2584 4199 2783 4269 aliquo,
2824 4200 2917 4255 sed
2951 4215 2981 4253 a
3016 4198 3216 4254 Christi
3253 4200 3515 4255 vocabulo

1948 4294 2270 4363 nuncupari,
2311 4303 2365 4347 et
2393 4293 2592 4347 habere
2627 4307 2821 4377 nomen
2868 4292 3009 4362 quod
3043 4291 3394 4346 benedit-etur
3422 4305 3515 4343 su-

1949 4404 2043 4458 per
2074 4399 2297 4453 terram,
2335 4399 2390 4442 et
2447 4388 2603 4457 cupio
2655 4398 2762 4440 tam
2811 4402 2991 4457 opere,
3037 4403 3198 4457 quam
3248 4402 3409 4441 sensu
3458 4396 3515 4441 et

1947 4497 2068 4537 esse
2098 4493 2152 4537 et
2196 4482 2302 4537 dici
2333 4480 2696 4546 Christianus,
2726 4480 2986 4549 aequalem
3020 4491 3074 4535 et
3104 4481 3154 4534 in
3184 4481 3350 4534 veteri
3373 4490 3427 4534 et
3458 4482 3513 4535 in

275 4574 475 4644 capitis
522 4572 759 4641 ejusdem
827 4582 881 4627 et
926 4571 1415 4639 initiosequentis.
1473 4570 1543 4623 De
1591 4570 1843 4623 incarna-
1875 4587 1919 4643 ι)
1951 4590 2083 4629 nova
2135 4574 2251 4643 lege
2302 4588 2485 4643 quaaro
2562 4574 2846 4627 rationem.
2914 4592 2932 4623 ι
2999 4573 3151 4628 Unde
3201 4572 3513 4643 Pamphilus

276 4667 423 4720 tione
467 4663 667 4721 Christi
710 4665 952 4719 dicturus
999 4664 1115 4717 haec
1176 4662 1433 4731 praefatur
1478 4661 1566 4716 lib.
1615 4677 1651 4715 ιι
1699 4662 1843 4729 Περὶ

271 4755 497 4826 ἀρχῶν,
527 4771 647 4827 cap.
683 4755 736 4820 6,
779 4772 928 4810 num.
972 4756 1047 4811 2:
1084 4773 1103 4807 ι
1144 4756 1219 4811 De
1252 4769 1357 4823 quo
1386 4770 1483 4807 nos
1524 4769 1626 4808 non
1677 4766 1845 4809 teme-

274 4851 439 4903 ritate
465 4848 662 4918 aliqua,
708 4849 801 4904 sed
845 4850 1099 4918 quoniam
1147 4848 1281 4903 ordo
1324 4847 1427 4901 loci
1480 4848 1741 4916 deposcit,
1772 4862 1841 4900 ea

273 4942 452 5011 magis
490 4954 609 5011 quae
639 4942 770 4995 fides
797 4951 980 4995 nostra
1011 4942 1269 5008 continet,
1307 4955 1465 5010 quam
1507 4956 1624 5008 quae
1650 4942 1843 4993 Imma,

196 5095 211 5110 _
274 5050 366 5093 me
398 5034 625 5089 rationis
658 5034 889 5089 assertio
916 5034 1192 5089 vindicare
1224 5034 1384 5100 solet,
1422 5050 1583 5102 quam
1622 5032 1841 5102 paucis-

273 5127 429 5182 simis
458 5125 812 5196 proferemus,
847 5126 1182 5194 suspiciones
1206 5127 1385 5194 potius
1417 5135 1648 5191 nostras,
1683 5140 1841 5193 quam

271 5218 596 5277 manifestas
627 5216 834 5287 aliquas
865 5216 1246 5273 allirmationcs
1280 5218 1333 5271 in
1385 5218 1619 5272 medium
1663 5214 1842 5284 profe-

271 5324 479 5372 rentes.
512 5330 533 5366 ι
566 5310 675 5367 Nec
707 5311 869 5365 aliter
904 5324 1057 5365 suam
1101 5312 1168 5366 de
1191 5311 1370 5367 anima
1423 5310 1840 5379 disputationem

271 5402 449 5472 accipi
500 5402 644 5466 vult;
695 5401 772 5454 ait
821 5400 966 5454 enim
1011 5401 1063 5452 in
1112 5398 1299 5453 eodem
1351 5399 1443 5454 lib.
1485 5415 1523 5453 ιι
1562 5399 1701 5467 Περὶ
1735 5399 1840 5467 ἀρ-

268 5491 417 5568 χῶν,
448 5507 566 5561 cap.
594 5492 645 5556 8,
683 5506 832 5548 nuru.
866 5490 939 5544 4:
980 5507 1000 5541 ι
1028 5487 1406 5544 Verumtamen
1444 5492 1584 5561 quod
1607 5491 1843 5545 diximus

271 5595 510 5642 mentem
546 5583 599 5639 in
637 5582 871 5636 animam
901 5581 1059 5648 verti,
1093 5581 1178 5635 vel
1204 5581 1249 5635 si
1275 5597 1376 5651 qua
1402 5581 1504 5636 alia
1546 5581 1600 5635 in
1630 5584 1735 5637 hoc
1762 5583 1840 5637 vi-

272 5677 473 5732 dentur
494 5677 761 5745 aspicere,
791 5674 1044 5730 discutiat
1069 5675 1211 5743 apud
1250 5689 1309 5729 se
1341 5676 1432 5744 qui
1459 5676 1589 5743 legit
1612 5676 1843 5747 diligen-

274 5771 384 5826 tius
435 5780 489 5827 et
528 5779 859 5842 pertractet;
922 5785 953 5825 a
1005 5769 1159 5825 nobis
1210 5777 1387 5824 tamen
1443 5783 1549 5823 non
1586 5778 1842 5839 putentur

265 5850 423 5925 Lvelut
455 5863 702 5937 dogmata
732 5878 853 5922 esse
882 5862 1113 5936 prolata,
1154 5860 1248 5920 sed
1292 5861 1558 5920 tractandi
1594 5877 1743 5922 more
1778 5877 1842 5922 ac

1945 4667 2212 4738 Apologia:
2265 4683 2387 4737 cap.
2445 4667 2471 4721 1
2511 4685 2524 4722 :
2580 4686 2598 4719 ι
2657 4667 2770 4722 lloc
2810 4669 2949 4722 idem
2988 4665 3117 4720 facit
3159 4666 3322 4722 etiam
3363 4666 3510 4736 (Ori-

1944 4760 2127 4830 genes)
2178 4773 2299 4814 cum
2341 4759 2716 4814 haereticorum
2777 4758 2998 4812 discutit
3049 4766 3248 4823 sectas,
3314 4759 3512 4828 quibus

1944 4851 2196 4905 omnibus
2237 4848 2528 4905 confutatis
2578 4857 2743 4919 atque
2791 4849 3074 4915 convictis,
3119 4865 3280 4904 unam
3336 4851 3510 4904 solam

1943 4955 2191 5011 eamque,
2220 4956 2378 5011 quam
2424 4956 2585 5011 supra
2636 4944 2907 5009 exposuit,
2956 4943 3236 4997 catholicae
3266 4944 3510 4997 veritatis

1945 5033 2264 5087 sententiam
2306 5040 2472 5088 tenet.
2511 5031 2587 5087 De
2637 5032 2834 5102 quibus
2874 5033 3096 5103 singulis
3141 5033 3374 5105 qualiter,
3425 5048 3509 5087 re-

1943 5124 2218 5194 sponderit
2261 5123 2552 5189 haereticis,
2611 5133 2667 5179 et
2711 5126 2978 5194 quomodo
3036 5126 3285 5179 universa
3323 5140 3506 5181 eorum

1943 5218 2190 5287 dogmata
2241 5216 2526 5271 destruens
2571 5216 2685 5286 ipse
2724 5232 2940 5286 semper
2985 5217 3331 5287 apostolicam
3369 5233 3503 5273 con-

1941 5306 2241 5362 firmaverit
2263 5306 2448 5372 fidem,
2479 5306 2525 5360 si
2563 5305 3011 5361 velimus'omnes
3053 5308 3347 5363 sententias
3391 5309 3507 5378 ejus

1943 5413 2294 5469 congregare,
2324 5408 2380 5452 et
2405 5398 2623 5467 longum
2659 5397 2792 5454 satis
2825 5406 2928 5462 est,
2954 5406 3009 5451 et
3038 5397 3144 5450 erit
3189 5407 3296 5452 tam
3348 5401 3505 5456 nobis

1942 5492 2032 5561 qui
2061 5492 2348 5546 scribimus
2386 5504 2697 5555 onerosum,
2743 5505 2901 5559 quam
2963 5489 3263 5559 legentibus
3323 5493 3504 5547 taedio-

1941 5598 2081 5638 sum.
2125 5599 2144 5633 ι
2178 5580 2428 5637 Profecto
2460 5580 2715 5647 haereses,
2755 5582 3144 5650 haereseonque
3178 5582 3448 5651 principes
3477 5598 3505 5637 a

1942 5670 2170 5747 pueritia
2203 5690 2375 5746 usque
2400 5676 2533 5732 adeo
2549 5677 2921 5740 aversabatur,
2950 5686 3007 5730 ut
3029 5676 3197 5732 Paulo
3224 5678 3503 5744 baeretico,

1942 5769 2253 5824 excellentis
2310 5767 2438 5823 licet
2490 5767 2757 5825 facundiae
2803 5770 2941 5835 viro,
2994 5768 3047 5823 in
3104 5771 3506 5840 precationibus

1943 5861 2195 5921 assistere
2226 5876 2501 5934 nunquam
2531 5860 2794 5941 _voluerit,
2840 5861 3050 5919 etiamsi
3083 5864 3272 5921 eodem
3318 5878 3379 5919 ac
3419 5862 3506 5917 ille
