4068 6308
349 344 372 396 ς
389 344 490 399 105
1394 355 1904 420 οιιιεΕΝιΑΝοιιι]

2007 365 2120 421 LIB.
2158 366 2223 432 Il,
2264 367 2413 424 CAP.
2454 366 2541 426 ιιι.
3433 370 3603 427 ιιοσν

348 465 795 560 ιιι-ἱιιιοᾲνίοἰεείιῐι
826 482 1148 541 sequentes;
1191 475 1331 529 nihil
1381 476 1736 549 Pamphilum,
1781 494 1912 541 teste
1941 491 1986 547 Α
2013 501 2130 557 cap.
2164 488 2230 556 4,
2272 503 2379 558 quo
2400 498 2668 560 postremo
2710 488 2825 544 loco
2862 488 3038 558 aliqua
3067 488 3227 544 etiam
3259 486 3599 545 orthodoxa-—

352 551 860 651 Eusebio,_proprii
920 567 1103 633 operis
1151 569 1453 626 condidisse
1499 591 1510 626 :
1559 584 1612 627 et
1667 576 1717 628 in
1773 576 1911 631 libro
2016 551 2137 636 iid-ci
2172 551 2350 636 minits
2377 551 2609 651 congrua
2632 580 2685 635 in
2712 580 2887 636 Bullini
2917 551 3358 650 interpretatione
3385 581 3550 636 exsti-

354 647 561 749 advers.
604 647 790 724 Pelag.
824 655 893 708 ad
918 653 1166 724 Ctesiph.,
1200 674 1319 729 cap.
1360 662 1415 726 2,
1453 682 1471 714 ι
1510 663 1733 721 Fecerat
1789 669 1904 733 hoc,

2016 672 2145 727 tisse
2173 673 2336 727 tradit
2374 647 2755 743 Hieronymus,
2779 685 2897 742 quae
2931 647 3199 740 nusquam
3232 670 3390 727 hodie
3426 686 3568 726 com-

353 742 549 835 inqnit,
605 753 658 796 et
689 745 741 798 in
795 749 965 803 sancti
1021 749 1281 819 Pamphili
1342 758 1602 827 martyris
1674 762 1909 829 nomine,
2011 775 2233 833 parent;
2263 762 2377 835 (48)
2409 779 2437 817 a
2470 742 2683 828 Ruﬁno,
2708 775 2764 819 ιιι
2785 766 2997 834 opinor,
3023 778 3198 830 erasa,
3220 779 3324 834 quo
3350 778 3564 820 omnem

352 841 411 884 ut
445 831 637 888 librum
676 838 900 905 primum
946 856 1037 894 sex
1071 841 1327 899 librorum
1377 847 1700 904 defensionis
1728 848 1911 923 Orige—
2012 831 2245 925 querelae
2275 831 2469 908 ansam
2510 831 2847 923 praecideret‘.
2892 854 3036 909 Libri
3072 831 3306 924 ejusdem
3348 854 3565 909 secundi

354 925 459 992 nis,
507 926 714 983 Eusebii
774 929 1144 999 Caesariensis,
1206 951 1364 1005 quem
1427 938 1595 995 fuisse
1651 942 1908 997 Arianum
2013 947 2196 1017 capite
2246 956 2399 1002 sexto
2483 956 2668 1002 narrat
2730 946 3087 1018 Hieronymus
3160 944 3566 1016 Apologeticum

351 1030 511 1070 nemo
552 1026 635 1074 est
682 1020 773 1089 qui
817 1024 1055 1091 nesciat,
1094 1028 1309 1081 nomine
1351 1028 1614 1100 Pamphili
1656 1036 1912 1104 martyris

350 1120 670 1175 praenotaret
706 1130 719 1165 :
753 1130 771 1164 ι
805 1122 858 1168 et
895 1114 987 1169 lib.
1030 1132 1077 1170 νι
1134 1120 1191 1171 in
1221 1117 1436 1186 Ezech.,
1468 1137 1586 1193 cap.
1618 1123 1682 1179 18
1712 1142 1725 1177 :
1759 1143 1777 1175 ι
1804 1125 1911 1182 Nec

352 1202 544 1255 mirum
580 1201 623 1257 si
671 1205 926 1272 gentilem
974 1207 1347 1279 philosophum
1407 1212 1460 1266 in
1519 1224 1809 1286 martyrem
1857 1226 1911 1270 et

355 1290 603 1347 Ilmnana}
634 1294 782 1350 urbis
810 1296 1117 1367 episc0pum
1152 1301 1516 1369 transtulerit;
1541 1319 1660 1359 cum
1695 1306 1909 1364 Eusebii

353 1395 566 1447 quoque
597 1382 945 1440 Caesariensis
996 1387 1223 1456 primum
1273 1406 1369 1461 pro
1413 1390 1643 1462 Origene
1690 1395 1908 1463 librum,

350 1471 610 1543 Pamphili
635 1478 892 1549 martyris
922 1480 1182 1535 vocabulo
1214 1486 1588 1547 commutarit;
1620 1497 1677 1540 ut
1704 1486 1911 1544 facilius

349 1567 439 1619 tali
474 1566 748 1624 laudatore
773 1570 939 1626 libros
964 1572 1307 1642 impiissimos
1331 1578 1470 1647 Περὶ
1494 1578 1693 1648 ἀρχῶν
1718 1580 1907 1635 Roma-

350 1658 433 1713 nis
465 1660 776 1715 conciliaret
822 1663 1061 1720 auribus.
1102 1685 1119 1717 ι
1164 1666 1275 1739 (46)
1321 1670 1390 1724 At
1450 1670 1502 1725 in
1552 1674 1779 1741 epistola
1821 1674 1908 1740 41,

350 1750 486 1807 alias
505 1752 593 1810 65.
634 1755 699 1808 ad
729 1753 1039 1811 Pammach.
1069 1769 1122 1813 et
1147 1761 1372 1827 0cean.,
1412 1777 1529 1832 cap.
1560 1764 1616 1826 4,
1648 1767 1906 1836 composi-

348 1854 461 1899 tum
489 1845 557 1899 ab
586 1846 773 1901 amicis
793 1846 1038 1917 Origenis
1060 1865 1115 1905 et
1139 1854 1493 1908 sectatoribus
1516 1856 1708 1911 librum
1733 1860 1906 1927 suspi-

347 1946 522 2003 catur,
551 1951 721 2005 eoque
744 1937 954 1993 facilius
993 1942 1370 2011 compositum,
1402 1945 1565 2013 quod,
1599 1945 1755 2001 nullis
1789 1949 1909 2002 aliis

349 2046 379 2081 a
403 2027 678 2099 Pamphilo
716 2030 875 2084 editis
919 2034 1321 2102 scriptionibus,
1354 2051 1417 2089 ex
1458 2040 1905 2095 earumconllictu

346 2139 534 2178 verum
588 2125 905 2195 deprehendi
946 2141 1048 2181 non
1099 2136 1279 2196 posset
1327 2128 1474 2201 (47),
1503 2130 1754 2201 additque
1783 2150 1907 2203 snp-

352 2216 647 2287 posititium
690 2217 789 2271 hnc
828 2232 962 2286 opus
1014 2218 1080 2271 ad
1130 2218 1272 2272 mille
1326 2235 1516 2277 versus
1574 2237 1605 2277 e
1651 2224 1908 2293 principio

347 2308 470 2364 libri
488 2310 624 2364 sexti
663 2310 975 2365 Eusebianze
1013 2311 1278 2380 Apologia:
1320 2315 1622 2368 continere.
1682 2314 1908 2384 Suhjnn-

348 2404 429 2471 git
481 2404 815 2472 postmodum
882 2401 1230 2473 Pamphilmn
1303 2405 1443 2459 inter
1496 2416 1551 2461 et
1620 2406 1903 2462 Eusebium

351 2510 594 2564 magnam
618 2494 782 2549 fuisse
807 2494 1107 2548 animorum
1154 2496 1496 2551 concordiam
1526 2515 1538 2551 :
1579 2516 1597 2548 ι
1627 2496 1904 2563 Quomodo

346 2584 546 2654 igitnr',
594 2584 795 2652 inquit,
849 2583 989 2636 inter
1034 2598 1093 2638 se
1141 2584 1424 2640 dissentire
1474 2596 1794 2654 potuerunt,
1847 2597 1905 2642 ut

346 2672 603 2729 Eusebius
633 2674 683 2727 in
728 2682 837 2726 toto
863 2688 1023 2743 opere
1070 2689 1167 2728 suo
1196 2674 1479 2745 Origenem
1511 2676 1691 2730 Ariani
1720 2679 1907 2747 probet

344 2764 631 2832 dogmatis,
665 2775 719 2816 et
765 2764 1077 2831 Pamphilus
1127 2762 1353 2820 Nicmnze
1394 2766 1606 2836 synodi,
1654 2784 1773 2837 qua:
1807 2770 1905 2823 l'nit

345 2866 550 2924 postea,
592 2854 972 2909 defensorem?
1007 2874 1023 2907 ι
1064 2854 1215 2911 Unde
1254 2858 1529 2911 concludit
1566 2858 1650 2911 vel
1696 2857 1902 2929 Didymi

344 2961 463 3001 esse
498 2945 624 2999 illud
664 2945 998 3013 opusculum,
1056 2946 1137 3000 vel
1172 2946 1392 3001 alterius
1439 2948 1760 3014 cujuslibet,
1814 2953 1903 3021 qui

344 3038 479 3092 sexti
505 3037 718 3092 Eusebii
745 3038 865 3091 libri
905 3055 925 3088 ι
968 3038 1142 3107 capite
1170 3039 1490 3096 detruncato
1514 3030 1712 3096 caitera
1742 3060 1905 3096 mem-

2016 1038 2184 1102 hunc,
2214 1038 2445 1109 primum
2483 1038 2584 1093 sibi
2622 1039 2675 1093 in
2717 1039 2904 1093 codice
2954 1037 3127 1091 Rufini
3171 1038 3366 1101 visum,
3409 1033 3568 1090 Pam-

2012 1128 2141 1195 phili
2204 1128 2421 1182 nomine
2477 1127 2825 1198 inscriptum,
2876 1128 3147 1183 diversum
3212 1126 3280 1180 ab
3349 1122 3563 1179 Eusebii

2016 1217 2348 1289 Apologetico
2394 1219 2681 1287 aliquando
2731 1218 3064 1273 existimasse
3117 1232 3132 1271 :
3180 1216 3278 1272 sed
3339 1213 3565 1285 pellecto

2013 1320 2241 1379 utroque
2274 1310 2428 1365 facile
2480 1310 2802 1365 intellexisse
2842 1311 3073 1378 primum
3124 1323 3189 1363 ex
3249 1305 3566 1362 Eusebianis

2012 1418 2102 1457 sex
2135 1402 2307 1467 libris,
2334 1416 2455 1456 enm
2486 1416 2605 1455 esse
2638 1402 2722 1463 cui
2763 1416 2792 1454 a
2830 1400 3021 1455 Rufino
3050 1397 3310 1470 Pamphili
3368 1410 3562 1451 nomen

2013 1493 2287 1549 inductum
2330 1500 2432 1557 est,
2478 1492 2676 1561 quique
2729 1494 2829 1547 hoc
2865 1492 3016 1546 titulo
3056 1489 3246 1544 Latine
3285 1502 3350 1542 ac
3379 1485 3564 1541 Graece

2011 1586 2189 1640 editus
2212 1595 2318 1648 est,
2359 1603 2380 1637 ι
2415 1584 2710 1671 immutatis
2739 1584 3001 1637 duntaxat
3041 1581 3289 1636 sensibus
3327 1581 3392 1634 de
3430 1578 3565 1632 Filio

2020 1682 2073 1729 et
2101 1675 2304 1743 Spiritu
2345 1682 2550 1736 sancto,
2593 1674 2683 1741 qui
2722 1685 2962 1742 apertam
3005 1671 3388 1741 blasphemiam
3430 1684 3565 1738 pra:-

2014 1763 2299 1818 ferebant:
2340 1781 2359 1815 ι
2401 1778 2465 1818 eo
2500 1762 2697 1816 factum
2743 1772 2799 1816 ut
2842 1763 2894 1816 in
2942 1762 3076 1816 libro
3124 1761 3197 1816 De
3228 1758 3565 1827 scriptoribus

2010 1854 2379 1909 ecclesiasticis
2410 1852 2699 1921 Pamphilo
2740 1851 3163 1907 lucubrationem
3227 1852 3364 1905 hanc
3395 1850 3567 1904 ascri-

2008 1947 2192 2014 pserit.
2245 1944 2416 2001 Verba
2466 1944 2584 2015 ejus
2635 1952 2762 1998 sunt
2804 1962 2818 1998 :
2873 1962 2893 1995 ι
2926 1942 3203 2013 |Scripsit,
3275 1950 3563 2011 antequam

2008 2035 2268 2092 Eusebius
2310 2036 2602 2103 scriberet,
2652 2036 3049 2106 Apologeticum
3098 2052 3190 2106 pro
3241 2033 3493 2104 Origene.
3540 2051 3559 2085 ι

2009 2130 2064 2185 Id
2099 2131 2171 2184 ita
2205 2132 2416 2185 demum
2450 2138 2673 2186 excusat
2688 2128 2781 2183 lib.
2804 2144 2842 2182 ιι
2868 2127 3085 2197 Apolog.
3115 2127 3319 2181 advers.
3359 2125 3564 2192 lluﬁn.,

2007 2234 2125 2289 cap.
2161 2218 2194 2273 6
2227 2237 2242 2274 :
2288 2239 2307 2271 ι
2348 2218 2451 2274 Sed
2482 2233 2606 2274 cum
2641 2218 2753 2288 ipse
2782 2217 2921 2271 dicat
2946 2215 3206 2271 Eusebius
3230 2214 3564 2285 Pamphilum

2010 2311 2141 2365 nihil
2178 2311 2478 2381 scripsisse,
2511 2309 2749 2379 exceptis
2776 2308 3029 2364 brevibus
3052 2307 3293 2375 epistolis
3338 2307 3404 2361 ad
3427 2306 3564 2361 ami-

2015 2414 2132 2463 cos,
2160 2409 2214 2454 et
2246 2401 2450 2469 primus
2470 2398 2603 2454 liber
2629 2414 2722 2454 sex
2757 2396 3087 2453 voluminum
3121 2398 3262 2451 illius
3295 2397 3482 2451 eadem
3508 2404 3566 2450 et

2008 2489 2195 2543 iisdem
2228 2488 2407 2543 verbis
2435 2486 2728 2550 contineat,
2767 2500 2886 2555 quze
2914 2483 3013 2539 sub
3052 2483 3267 2538 nomine
3304 2481 3565 2552 Pamphili

2009 2597 2039 2635 a
2080 2591 2131 2635 te
2177 2582 2299 2635 iicta
2333 2588 2483 2646 sunt,
2518 2578 2861 2648 perspicuum
2892 2586 2976 2632 est
3022 2584 3074 2630 te
3125 2576 3327 2631 idcirco
3368 2574 3565 2629 librum

2010 2674 2150 2727 hunc
2173 2671 2528 2727 disseminare
2550 2670 2804 2737 voluisse,
2839 2678 2898 2723 ut
2930 2667 3030 2723 sub
3052 2681 3282 2736 persona
3313 2665 3567 2736 martyris

2007 2764 2254 2819 haeresim
2285 2763 2690 2827 introduceres;
2721 2775 2949 2829 cumque
2977 2760 3041 2814 de
3067 2759 3184 2829 ipso
3218 2758 3380 2821 libro,
3405 2771 3567 2826 quem

2004 2852 2269 2922 Pamphili
2327 2851 2572 2916 simulas,
2625 2850 2791 2905 multa
2839 2849 3185 2918 perveneris,
3217 2856 3274 2903 et
3301 2848 3459 2902 aliter
3509 2846 3563 2900 in

2003 2942 2210 3010 Grmco,
2243 2944 2399 2998 aliter
2442 2944 2493 2997 in
2529 2942 2719 2997 Latino
2752 2942 2842 3006 sit,
2895 2940 3138 2997 fraudem
3191 2948 3338 2995 tuam
3394 2937 3564 2994 errori

2006 3050 2122 3090 meo
2157 3036 2419 3105 imputare
2460 3050 2565 3089 non
2595 3034 2792 3101 debes;
2848 3033 3052 3088 credidi
3087 3032 3231 3087 enim
3278 3031 3395 3099 ejus
3441 3044 3568 3085 esse

343 3132 438 3185 bra
463 3130 720 3184 sociarit:
757 3148 775 3182 ι
813 3130 915 3185 hoc
964 3140 1066 3195 est,
1102 3130 1191 3198 qui
1230 3130 1353 3185 libri
1403 3135 1539 3187 sexti
1586 3135 1794 3191 initium
1852 3139 1901 3191 in
1930 3158 1973 3214 ε
2008 3128 2223 3191 librum.
2262 3141 2427 3197 Quem
2465 3125 2646 3181 lilulus
2672 3123 3033 3195 pml‘erebat:
3070 3141 3088 3175 ι
3125 3134 3292 3192 atque
3329 3122 3445 3176 hare
3480 3135 3566 3175 re-

341 3223 577 3293 priorem
612 3222 922 3276 inseruerit.
954 3222 1087 3276 Nam
1129 3223 1266 3277 libro
1318 3240 1379 3278 lll
1424 3226 1642 3295 Apolog.
1696 3232 1902 3284 advers.

341 3310 545 3380 Ruﬁn.,
568 3327 688 3379 cap.
715 3313 770 3378 4,
798 3314 911 3367 haec
943 3313 1103 3367 habet
1136 3332 1149 3368 :
1182 3332 1199 3365 ι
1242 3315 1298 3368 ln
1326 3315 1641 3371 Caesariensi
1706 3321 1903 3374 biblio-

347 3407 503 3460 theca
526 3404 738 3460 Eusebii
762 3420 857 3461 sex
880 3405 1143 3460 volumina
1188 3409 1358 3476 reperi
1412 3409 1705 3480 ἀπολογίας
1761 3414 1902 3484 Ὠρι-

346 3499 558 3568 γένους,
614 3511 732 3565 quae
766 3512 885 3550 cum
939 3497 1206 3564 legissem,
1263 3500 1492 3568 primum
1535 3517 1654 3556 cum
1711 3504 1902 3560 librum

345 3589 694 3659 deprehendi,
737 3603 892 3656 quem
938 3600 991 3643 tu
1045 3590 1191 3644 solus
1238 3591 1338 3646 sub
1390 3594 1607 3647 nomine
1656 3594 1905 3667 Martyris

338 3681 577 3747 edidisti,
608 3681 672 3735 de
695 3680 834 3735 Filio
860 3690 914 3735 et
934 3681 1135 3749 Spiritu
1171 3694 1359 3736 sancto
1390 3685 1439 3737 in
1471 3686 1663 3739 bonam
1696 3699 1901 3756 partem

341 3775 615 3848 plerisque
683 3772 1025 3842 blasphemiis
1090 3777 1467 3842 commutatis;
1546 3787 1602 3832 et
1675 3779 1778 3836 hoc
1825 3783 1904 3837 vel

342 3865 647 3937 Didymum,
688 3864 771 3917 vel
807 3873 875 3928 te,
909 3865 992 3919 vel
1035 3864 1197 3919 alimn
1251 3866 1443 3921 fecisse
1506 3872 1688 3926 nescio
1716 3889 1899 3940 quem,

340 3960 485 4028 quod
543 3969 598 4012 tu
641 3957 977 4026 apertissime
1010 3957 1061 4010 in
1105 3958 1256 4012 libris
1298 3959 1440 4028 Περὶ
1470 3960 1671 4031 ἀρχῶν
1714 3964 1905 4021 fecisse

341 4050 679 4106 convinceris
711 4067 724 4105 :
757 4050 989 4104 maxime
1017 4066 1138 4105 cum
1180 4051 1317 4104 idem
1378 4052 1657 4115 Eusebius.
1695 4064 1751 4108 ut
1789 4056 1900 4124 jam

343 4142 549 4197 duobus
579 4141 730 4195 libris
751 4141 926 4204 docui,
985 4141 1187 4194 scribat
1241 4140 1574 4211 Pamphilum
1611 4146 1747 4200 nihil
1776 4163 1901 4216 pru-

344 4235 445 4304 prii
473 4234 651 4302 operis
686 4232 936 4287 edidisse.
994 4251 1012 4285 ι
1061 4234 1135 4286 Ex
1194 4234 1275 4287 his
1324 4236 1547 4290 ellicitur
1599 4238 1899 4308 Didymum,

342 4337 434 4379 aut
471 4326 632 4379 alium
666 4324 982 4395 quemlibet,
1008 4325 1060 4377 in
1088 4327 1323 4394 priorem
1352 4326 1665 4382 Ensebianm
1703 4330 1899 4397 Apolo-

341 4419 442 4489 gia:
491 4418 685 4472 librum
735 4418 880 4471 mille
932 4416 1145 4471 circiter
1202 4433 1388 4472 versus
1442 4433 1504 4473 ex
1560 4421 1695 4474 sexti
1749 4422 1901 4475 initio
1936 4459 1975 4509 υ

343 4510 614 4565 detractos
671 4510 999 4574 inseruisse,
1070 4509 1321 4563 Rufinum
1394 4525 1519 4565 vero
1585 4514 1900 4582 exposuisse

342 4598 553 4664 Latine,
590 4608 644 4653 et
673 4599 771 4653 sub
815 4597 1077 4667 Pamphili
1133 4598 1347 4652 nomine
1398 4600 1718 4668 publicasse,
1777 4617 1898 4656 cum

346 4690 561 4746 Eusebii
595 4692 769 4759 potius
795 4690 1054 4746 dicendus
1076 4700 1255 4752 esset;
1299 4706 1361 4742 ac
1396 4692 1646 4746 nonnulla
1688 4708 1901 4763 quoque

344 4782 411 4834 de
437 4778 571 4835 Filio
600 4780 690 4835 Dei
726 4790 778 4835 et
810 4779 1010 4850 Spiritu
1046 4793 1257 4849 sancto,
1292 4786 1346 4834 in
1375 4796 1440 4835 eo
1467 4795 1547 4836 vet
1590 4783 1789 4851 ipsum,
1820 4784 1901 4839 vel

348 4871 648 4941 Didymnm,
683 4873 763 4927 vel
803 4872 963 4926 alium
1001 4881 1379 4928 commutasse.
1420 4873 1531 4929 Hoc
1566 4876 1703 4929 idem
1745 4892 1894 4945 repe-

348 4963 482 5014 ritur
509 4960 603 5018 lib.
638 4976 654 5015 l
704 4962 921 5031 Apolog.
950 4964 1153 5017 advers.
1178 4962 1381 5031 Ruﬁn.,
1412 4979 1529 5033 cap.
1558 4964 1612 5030 2,
1638 4975 1690 5020 et
1716 4966 1809 5023 lib.
1829 4983 1906 5036 ιν,

418 5115 526 5185 (46)
562 5115 625 5168 At
653 5116 705 5168 in
734 5113 969 5185 Epistola
991 5115 1079 5178 41,
1112 5116 1245 5169 alias
1273 5117 1365 5180 65,
1401 5117 1470 5169 ad
1504 5114 1902 5172 l’ammachium

346 5196 395 5240 et
432 5184 851 5258 Oceanuns,qetc.
887 5184 1016 5240 Vide
1051 5186 1306 5240 Monitum
1341 5197 1581 5240 nostrum
1615 5187 1666 5240 in
1707 5189 1902 5258 Apolo-

342 5254 799 5329 giam_Pam_phili.
1050 5325 1062 5329 _
1094 5326 1104 5329 _
1135 5325 1147 5329 Δ
1278 5325 1287 5329 Α
1542 5274 1548 5280 ’

418 5325 532 5406 (47)
567 5325 1236 5407 demitquesupposit-itiitm
1268 5325 1362 5407 .h'oc
1385 5339 1513 5407 Opus
1534 5326 1610 5407 ad.
1629 5327 1768 5407 mille
1786 5344 1900 5382 vcr-

345 5393 437 5452 sus
465 5393 491 5449 ἐ
515 5393 777 5464 principio
806 5395 926 5449 libri
957 5395 1088 5448 sexti
1122 5394 1429 5447 Eusebiame
1478 5397 1747 5464 Apologia:
1771 5415 1896 5452 con-

345 5470 531 5522 tinere.
590 5463 657 5519 Ut
695 5465 913 5519 tollatur
962 5465 1476 5535 aperta__verborimi
1530 5463 1895 5535 repugnantia,

348 5535 806 5591 eminentissimus
839 5530 1126 5589 cardinalis
1147 5530 1391 5588 Norisins
1423 5530 1897 5591 Dissertfhistori-l

347 5623 409 5661 ca
445 5605 512 5659 de
541 5605 746 5674 synodo
776 5606 983 5673 quinta,
1010 5619 1127 5673 cap.
1169 5604 1253 5664 l5,
1291 5621 1409 5657 eam
1456 5606 1625 5673 rejicit
1671 5606 1722 5659 in
1751 5622 1899 5661 ama-

353 5675 635 5730 nnensium
662 5688 923 5737 errorem,
955 5675 1045 5741 qni
1071 5689 1189 5726 cum
1210 5675 1259 5727 in
1289 5675 1387 5728 hac
1409 5676 1474 5727 ad
1501 5676 1897 5730 l'ammachium

349 5753 403 5796 et
432 5743 701 5814 Oceanum
728 5744 950 5814 epistola
982 5745 1219 5814 legerent
1257 5745 1600 5799 abbreviatas
1628 5746 1786 5799 hasce
1814 5763 1901 5799 no-

353 5822 435 5869 tas
470 5831 529 5869 :i
578 5812 641 5868 Vl
683 5812 771 5869 lib.
808 5812 1234 5885 Eusebii—super
1282 5814 1522 5885 Origenis
1589 5816 1898 5874 defensione

2012 3217 2146 3289 petit
2195 3217 2288 3271 lib.
2337 3233 2393 3271 ιιι
2440 3216 2680 3286 Apolog.,
2713 3232 2832 3285 cap.
2879 3215 2933 3268 4.
2971 3214 3228 3280 Quamvis
3280 3220 3459 3267 autem
3511 3212 3567 3267 in

2003 3306 2325 3376 assignando
2362 3308 2679 3377 Apologetici
2714 3307 2871 3375 hujus
2899 3315 3116 3360 auctore
3148 3304 3340 3358 dubius
3368 3304 3567 3358 haereat

2006 3400 2379 3473 Hieronymus,
2414 3399 2683 3453 Marianus
2734 3409 2908 3452 tamen
2956 3395 3235 3451 Victorius
3278 3403 3566 3453 accuratus

2006 3494 2312 3564 llierOnymi
2358 3492 2531 3547 editor
2576 3505 2698 3544 eum
2757 3487 2875 3544 sine
2932 3487 3265 3543 dubitatione
3325 3487 3559 3544 Eusebio

2002 3586 2269 3641 ascribere
2293 3599 2395 3638 non
2436 3580 2718 3636 dubitavit.

2072 3675 2270 3731 Verum
2289 3675 2740 3730 concertationem
2762 3672 2968 3729 dirimit
2983 3674 3205 3731 Photius
3219 3676 3338 3731 cod.
3356 3692 3521 3732 cxvm
3547 3696 3563 3744 ;

2003 3769 2157 3823 docet
2196 3768 2339 3821 enim
2373 3765 2708 3835 Pamphilum
2736 3806 2751 3831 ,
2784 3781 2906 3820 cum
2937 3768 3259 3821 attineretur
3294 3770 3346 3823 in
3376 3784 3562 3824 carce-

2006 3875 2084 3925 re,
2116 3859 2351 3929 quinque
2385 3858 2592 3927 priores
2643 3858 2962 3928 Apologetici
3013 3858 3156 3913 illius
3184 3860 3372 3926 libros,
3424 3877 3564 3931 prae-

2004 3960 2157 4004 sente
2196 3947 2449 4013 Eusebio,
2485 3948 2828 4014 elaborasse;
2860 3959 3069 4004 sextum
3118 3964 3279 4017 vero,
3313 3962 3564 4022 perpesso

2005 4040 2315 4111 martyrium
2352 4038 2650 4108 Pamphilo,
2683 4040 2752 4093 ab
2784 4040 3012 4094 Eusebio
3043 4039 3211 4096 fuisse
3236 4044 3560 4098 absolutum.

2005 4131 2332 4201 Prazcipuum
2393 4147 2582 4200 nempe
2644 4132 2822 4200 operis
2890 4144 3165 4187 auctorem
3225 4133 3563 4203 Pamphilum

2004 4226 2269 4294 agnoscit,
2305 4225 2507 4278 socium
2560 4239 2687 4279 vero
2726 4225 3009 4280 Eusebium
3068 4234 3123 4280 et
3166 4227 3560 4279 administrum.

2006 4318 2110 4371 lles
2132 4333 2195 4372 ex
2226 4318 2390 4386 ipsius
2419 4317 2595 4371 verbis
2618 4317 2805 4373 inelius
2830 4319 3161 4387 Spectabitur
3187 4316 3561 4387 εἈνεγνώσθη

2005 4409 2287 4480 Παμφίλου
2309 4410 2399 4464 τοῦ
2430 4410 2720 4483 μάρτυρος,
2753 4412 2844 4465 καὶ
2873 4411 3128 4464 Εὑσεδίου
3184 4412 3321 4481 ὑπὲρ
3360 4410 3563 4481 Ὠριγέ-

2004 4517 2154 4563 νους·
2192 4501 2345 4572 τόμοι
2378 4501 2434 4555 δὲ
2458 4502 2516 4554 τὸ
2544 4502 2745 4572 βιϐλίον
2771 4502 2850 4569 ἓξ,
2879 4496 2953 4559 ὧν
2986 4504 3034 4556 οἱ
3061 4503 3158 4574 μὲν
3192 4501 3346 4555 πέντε
3409 4498 3560 4573 [lapi-

2003 4592 2138 4663 φίλῳ
2165 4592 2224 4644 τὸ
2241 4594 2607 4665 δεσμωτήριον
2638 4593 2891 4658 οἰκοῦντι,
2934 4594 3308 4666 συμπαρόντος
3337 4596 3429 4649 καὶ
3455 4595 3564 4647 Εὑ-

2005 4685 2180 4737 σεϐίου
2211 4683 2626 4755 ἐξεπονήθησαν.
2656 4684 2712 4737 '0
2728 4684 2783 4737 δὲ
2804 4684 2957 4751 ἕκτος
2987 4686 3107 4738 ἐπεὶ
3136 4689 3164 4739 ὁ
3193 4686 3399 4759 μάρτυς
3420 4686 3562 4756 ξίφει

2001 4774 2094 4828 τοῦ
2123 4775 2219 4846 ζῇν
2251 4775 2533 4845 ἀπαχθεὶς,
2562 4775 2786 4829 ἁνέλυσε
2819 4775 2952 4846 πρὸς
2978 4776 3036 4831 ὃν
3061 4777 3243 4831 ἐπόθει.
3274 4776 3405 4830 Θεὸν
3425 4819 3439 4842 ,
3462 4778 3564 4829 Εὑ-

2005 4866 2169 4938 σεϐιῳ
2210 4867 2393 4919 λοιπὸν
2424 4866 2802 4937 ἀπαρτίζεται.
2856 4886 2874 4919 ι
2915 4867 3108 4924 Lectus
3158 4878 3241 4923 est
3300 4866 3562 4935 Pamphili

2006 4962 2296 5031 martyris,
2325 4971 2379 5015 et
2404 4961 2618 5016 Eusebii
2673 4977 2770 5031 pro
2823 4962 3054 5032 Origene
3103 4961 3237 5017 liber
3269 4975 3361 5016 sex
3405 4964 3562 5014 tomis

2006 5118 2322 5187 principium
2354 5136 2372 5168 ι
2402 5117 2740 5171 reddiderunt
2765 5134 2783 5167 ι
2818 5119 2951 5187 sexti
2984 5118 3126 5181 libri,
3173 5135 3193 5167 ι
3229 5130 3354 5169 cum
3394 5134 3413 5165 ς
3464 5132 3559 5171 sex

2003 5186 2259 5242 librorum
2288 5187 2499 5241 Eusebii
2536 5202 2696 5256 super
2738 5186 2985 5255 Origenis
3016 5187 3327 5240 defensione
3357 5187 3560 5253 princi-

2004 5259 2147 5326 pium
2187 5277 2205 5310 ι
2242 5258 2477 5312 scribere
2527 5258 2853 5313 debuissent.
2887 5258 2978 5311 Sic
3014 5258 3177 5311 etiam
3235 5257 3393 5325 paulo
3440 5268 3560 5326 post

2004 5330 2320 5398 legentibus,
2361 5344 2381 5377 ‹
2413 5329 2502 5396 qui
2548 5343 2598 5380 vn
2626 5327 2748 5383 libr.
2792 5328 3339 5398 capitedetruncato,
3375 5345 3395 5379 ι
3452 5344 3556 5398 non

2002 5396 2410 5522 tax-scribendum
2435 5398 2514 5452 eis
2545 5410 2682 5464 erat,
2717 5415 2735 5449 ι
2774 5400 2909 5452 sexti
2938 5396 3080 5463 libri,
3110 5414 3131 5449 ι
3170 5398 3285 5461 sed,
3323 5413 3344 5448 ι
3372 5409 3465 5450 sex
3489 5397 3556 5450 li-

2043 5484 2242 5522 rornm.
2285 5487 2304 5519 ι

2043 5484 2242 5523 1⁵01⁸11111.
2285 5487 2304 5519 ι

2074 5538 2185 5607 (48)
2205 5540 2249 5591 Λ
2278 5538 2485 5607 Ruﬁno,
2504 5546 2559 5592 ut
2576 5542 2780 5608 opinor,
2803 5552 2972 5599 erasa,
2991 5552 3091 5605 quo
3112 5552 3312 5608 omnem
3333 5533 3558 5608 querela

2005 5606 2186 5660 ansam
2214 5612 2535 5675 prwcideret.
2577 5606 2702 5663 Vide
2726 5608 2983 5661 Munitum
3009 5618 3250 5660 nostrum
3285 5606 3336 5658 in
3366 5606 3557 5673 Apolo-

2007 5678 2145 5746 giam
2182 5676 2464 5748 Pamphili,
2498 5696 2647 5735 num.
2672 5679 2727 5746 7,
2754 5679 2840 5733 ubi
2868 5679 2980 5733 btet:
3016 5676 3188 5731 Huetii
3222 5677 3404 5745 opinio
3426 5693 3557 5731 eon-

2008 5753 2228 5802 lutatur.
