4068 6308
515 366 653 424 H07

1772 366 1832 420 P.
1876 364 2184 423 DANIELIS
2225 364 2456 421 HUETII

3598 360 3748 416 1108

515 481 773 542 constans
799 523 817 550 ,
860 496 1084 553 quorum
1117 481 1352 552 quinque
1395 497 1424 537 a
1468 482 1746 556 Pamphilo
1772 486 1823 540 in
1863 500 2079 543 carcere
2105 493 2148 549 Α
2181 485 2448 553 inveniri,
2494 498 2615 539 cum
2657 485 2898 553 quinque
2929 480 3082 536 libris
3112 479 3414 535 mutilatum
3461 479 3562 534 hoc
3605 495 3750 532 omts

517 577 738 632 detento
760 615 778 641 ,
811 582 1080 643 praesente
1104 575 1266 629 etiam
1321 574 1550 630 Eusebio
1572 614 1588 641 ,
1627 575 1886 632 elaborati
1923 587 2072 633 sunt.

521 666 718 723 Sextus
741 675 916 722 autem
943 703 958 730 ,
992 675 1274 736 postquam
1306 666 1483 737 gladio
1522 678 1735 739 martyr
1767 670 1876 725 vita
1904 671 2080 742 priva-

537 769 624 814 tus
656 757 903 827 migravit
929 756 996 812 ad
1033 755 1200 812 Deum
1231 773 1389 830 quem
1425 761 1857 828 concupiscebat,
1888 762 1954 816 ab
1978 763 2083 816 Eu-

521 851 670 906 sebio
699 860 781 906 est
819 851 1096 907 absolutus
1125 867 1139 918 ;
1175 872 1194 906 ι
1229 861 1284 907 et
1313 855 1500 909 deinde
1527 873 1541 911 :
1574 855 1682 926 Τὴν
1703 856 1760 909 δὲ
1791 857 2084 929 ὑπὲρὪρι-

521 939 710 1006 γένους
741 938 1053 1008 ἀπολογίαν,
1088 940 1164 1005 ὡς
1193 941 1421 1014 ἔφημεν,
1464 945 1493 996 ὁ
1538 945 1819 1015 Πάμφιλος
1851 949 1947 1001 σὺν
1981 948 2078 1000 Εὗ-

523 1028 685 1098 σεὸίῳ
711 1028 1096 1100 καθειργμένος
1129 1032 1208 1104 τῷ
1251 1035 1506 1106 οἰκήματι
1551 1036 1942 1108 συνεγράψατο,
1991 1037 2084 1090 καὶ

521 1121 720 1192 ταύτην
745 1121 879 1194 πρὸς
905 1125 1030 1187 τοὺς
1049 1126 1106 1177 ὲν
1141 1125 1419 1195 μετάλλοις
1439 1126 1524 1180 διὰ
1550 1127 1782 1197 Χριστὸν
1813 1128 2086 1181 ταλαιπω-

524 1209 817 1282 ρουμένους
847 1211 1204 1284 διεπέμψατο.
1259 1233 1281 1268 α
1311 1216 1621 1287 ApOIOgiam
1647 1228 1826 1272 autem
1857 1233 1951 1286 pro
1972 1217 2088 1274 Ori-

523 1315 678 1370 gene,
707 1311 765 1355 ut
786 1303 1046 1369 diximus,
1073 1304 1386 1376 Pamphilus
1421 1324 1524 1362 una
1562 1325 1683 1364 cum
1712 1310 1944 1367 Eusebio
1970 1327 2080 1366 car-

523 1405 646 1445 cere
694 1390 936 1448 iuclusus
964 1393 1335 1461 elucubravit,
1371 1402 1724 1467 eamdemque
1754 1403 1820 1454 ad
1858 1417 1950 1457 eos
1993 1404 2083 1471 qui

524 1483 578 1538 in
609 1484 840 1540 metallis
879 1500 975 1554 pro
1020 1485 1236 1543 Christo
1265 1493 1682 1558 exercebantur,
1717 1493 1883 1547 misit.
1925 1513 1944 1545 ι
1982 1495 2088 1549 Ευ-

525 1574 705 1630 sebius
749 1577 862 1644 ipse
889 1578 1145 1646 scriptam
1187 1593 1304 1633 eam
1348 1596 1376 1634 a
1409 1596 1465 1635 se
1493 1593 1546 1635 et
1578 1581 1856 1651 Pamphilo
1887 1583 2090 1639 fatetur

528 1664 735 1721 Histor.
763 1667 888 1722 libr.
940 1684 1016 1733 v1,
1045 1684 1161 1739 cap.
1195 1670 1286 1734 '55,
1310 1671 1450 1724 Ὅσα
1473 1671 1528 1724 δὲ
1569 1673 1859 1740 ἀναγκαῖα,
1899 1675 2085 1743 inquit,

526 1754 637 1808 τῶν
662 1757 789 1826 περὶ
815 1758 991 1812 αὐτῶν
1009 1758 1296 1826 διαγνῶναι
1320 1755 1408 1830 ἦν,
1424 1759 1595 1813 ταῦτα
1615 1761 1706 1814 καὶ
1728 1765 1791 1815 ἐκ
1822 1765 1929 1834 τῆς
1950 1764 2091 1836 ὑπὲρ

2181 581 2490 635 habeamus.

2249 668 2410 724 XVII.
2443 669 2696 735 Quamvts
2738 675 2920 721 autem
2969 663 3139 721 multa
3188 665 3271 718 vel
3305 664 3372 718 ad
3423 661 3755 718 refellendo:

2179 762 2430 832 Origenis
2452 759 2811 823 adversarios,
2845 758 2928 813 vel
2971 757 3037 812 ad
3068 757 3240 826 ipsum
3272 755 3641 810 excusandum
3667 765 3756 807 at-

2184 850 2498 915 tulerimus,
2525 848 2577 902 in
2623 847 2804 902 multis
2835 856 3016 901 tamen
3049 859 3306 915 peccasse
3333 843 3609 898 fatendum
3641 853 3753 899 est.

2181 945 2258 998 Ac
2291 941 2574 1010 plerosque
2593 954 2722 994 sane
2746 939 2913 1007 ipsius
2948 953 3170 993 errores
3194 952 3351 1006 supra
3383 936 3496 1005 jam
3531 937 3598 991 ab
3627 937 3760 991 aliis

2183 1033 2545 1104 deprehensos
2589 1031 2944 1102 agnovimus,
3013 1029 3093 1084 vel
3147 1030 3384 1083 nondum
3439 1040 3760 1098 perspectos

2185 1126 2506 1189 notavimus,
2535 1140 2656 1180 cum
2681 1125 2800 1194 ejus
2826 1125 3072 1194 dogmata
3112 1123 3590 1193 perpenderemus.
3613 1123 3757 1178 Pce-

2186 1219 2342 1276 candi
2381 1232 2542 1274 causa
2585 1217 2844 1285 judicium
2876 1231 3114 1286 praeceps
3140 1256 3154 1279 ,
3193 1223 3247 1270 et
3278 1215 3626 1270 immoderata
3663 1215 3757 1269 in—

2186 1309 2325 1381 genii
2374 1307 2589 1363 lascivia
2639 1316 2692 1364 et
2743 1309 2999 1370 licentia,
3035 1308 3120 1360 cui
3183 1316 3290 1360 tam
3326 1306 3761 1376 intemperanter

2189 1401 2640 1470 morigerabatur,
2660 1407 2718 1454 ut
2757 1400 2992 1469 cogitata
3027 1399 3229 1461 omnla,
3261 1399 3425 1452 cruda
3453 1400 3754 1454 etiamnum

2189 1503 2243 1546 et
2268 1493 2551 1546 immatura
2583 1490 2951 1561 proluuderet.
2997 1491 3240 1546 Accessit
3287 1491 3458 1559 inepta
3501 1493 3752 1560 quadam

2191 1582 2486 1652 Scriptura;
2519 1583 2832 1654 plerumque
2851 1583 3184 1654 explicandae
3215 1585 3351 1638 ratio
3370 1627 3384 1650 ,
3421 1599 3602 1639 vocum
3624 1586 3750 1640 sin-

2191 1676 2435 1745 gnlarum
2461 1677 2771 1732 nationibus
2809 1679 3061 1732 eruendis
3084 1687 3138 1732 et
3180 1679 3546 1747 expendendis
3565 1680 3753 1734 odiose

2203 1784 2267 1822 ac
2291 1769 2748 1837 putidestudens,
2775 1779 2830 1823 et
2859 1769 2911 1822 in
2959 1769 3179 1824 minutis
3230 1770 3531 1838 quibusque
3565 1785 3757 1825 conse-

525 1845 691 1899 αὐτοῦ
723 1848 1105 1920 πεπονημένης
1130 1850 1260 1920 ἡμῖν
1279 1867 1338 1902 τε
1367 1852 1459 1905 καὶ
1499 1850 1576 1922 τῷ
1605 1852 1726 1906 καθ’
1781 1833 1926 1924 ἡμᾶς
1962 1833 2089 1926 ἱερῷ

2205 1861 2402 1914 :taudis
2433 1875 2498 1914 ac
2518 1859 2743 1915 invicem
2771 1859 3118 1929 conﬂigendis
3142 1875 3353 1916 morose
3379 1869 3433 1916 et
3467 1860 3658 1931 frigide
3679 1862 3760 1915 la-

530 1936 768 2008 μάρτυρι
811 1938 1080 2010 Παμφίλῳ
1118 1940 1451 2010 ἀπολογίας,
1516 1943 1776 2016 πάρεστιν
1829 1945 2080 2010 ἀναλέξα-

531 2024 677 2080 σθαι.
717 2045 737 2077 ι
771 2025 1109 2097 Quaecunque
1153 2043 1282 2086 vero
1334 2031 1400 2086 de
1437 2031 1528 2088 illo
1561 2035 1864 2089 necessario
1891 2051 2089 2105 cogno-

530 2119 728 2173 scenda
751 2129 895 2186 sunt,
918 2134 979 2174 ea
1008 2133 1190 2190 petere
1216 2122 1346 2179 licet
1385 2139 1451 2178 ex
1482 2125 1757 2196 Apologia,
1784 2141 1944 2196 quam
1995 2143 2093 2197 pro

531 2224 598 2265 eo
644 2225 743 2282 ego
797 2221 850 2267 et
888 2213 1060 2268 sancti
1095 2215 1348 2285 temporis
1388 2216 1560 2272 nostri
1592 2229 1802 2289 martyr
1833 2217 2088 2288 Pamphi-

531 2303 615 2358 lus
634 2303 1048 2361 elaboravimus.
1093 2324 1112 2358 ›
1143 2306 1480 2376 Pamphilum
1523 2309 1686 2379 igitur
1725 2319 1780 2365 et
1805 2310 2091 2365 Eusebium

533 2407 781 2453 auctores
813 2399 975 2454 habet
1007 2399 1373 2470 Apologeticus
1405 2402 1507 2456 iste
1536 2442 1551 2468 ,
1597 2412 1652 2456 et
1679 2441 1696 2468 ,
1744 2404 1788 2457 si
1843 2402 2092 2458 Photium

531 2491 800 2556 audimus,
835 2493 1148 2562 primarium
1179 2493 1396 2562 quidem
1422 2502 1476 2549 et
1499 2496 1822 2565 praecipuum
1850 2493 2097 2566 Pamphi-

531 2580 662 2634 lum.
697 2579 1033 2635 Postremum
1064 2582 1325 2636 duntaxat
1356 2595 1386 2635 e
1431 2582 1582 2637 libris
1621 2597 1714 2637 sex
1763 2599 1901 2638 unus
1930 2585 2096 2642 Euse-

533 2670 656 2726 bius
684 2671 1026 2740 conscripsit.
1051 2673 1133 2726 Ad
1157 2672 1208 2727 id
1244 2681 1425 2727 autem
1457 2674 1598 2742 quod
1625 2674 1809 2742 objicit
1833 2675 2095 2748 Hierony-

534 2777 687 2827 mus,
721 2762 865 2817 mille
890 2779 1079 2818 versus
1107 2763 1378 2818 detractos
1431 2773 1485 2819 et
1536 2776 1808 2832 postremo
1834 2767 2098 2838 Apologia:

536 2854 709 2917 libro,
740 2856 830 2924 qui
861 2855 1078 2911 Eusebii
1117 2855 1250 2922 fuit,
1293 2856 1347 2910 in
1393 2857 1626 2927 priorem
1655 2858 1804 2913 illum
1836 2859 2094 2928 Pamphili

535 2944 701 3000 fuisse
727 2945 980 3001 inductos
1000 2987 1016 3013 ,
1051 2947 1383 3016 proindeque
1415 2963 1520 3004 non
1552 2959 1720 3005 totum
1756 2965 1786 3006 a
1815 2951 2098 3021 Pamphilo

535 3035 703 3092 fuisse
741 3036 1117 3104 lucubratum;
1156 3039 1455 3110 respondeo
1503 3055 1603 3096 nec
1649 3050 1818 3096 totum
1851 3041 2100 3099 lucubra-

2190 1958 2410 2013 borans.
2438 1956 2589 2012 Adde
2618 1957 2841 2010 nimium
2871 1956 3220 2026 profanarum
3269 1956 3632 2010 doctrinarum
3652 1998 3669 2021 ,
3693 1970 3761 2010 ac

2205 2049 2496 2104 Platonicae
2541 2049 2836 2118 praesertim
2879 2048 3250 2120 philosophiae,
3281 2063 3441 2118 quam
3469 2048 3759 2103 Tertullia-

2194 2157 2297 2197 nus
2327 2141 2421 2197 lib.
2459 2140 2534 2195 De
2559 2123 2907 2209 animm-cap.
2940 2140 3032 2205 25,
3058 2160 3075 2191 ι
3109 2141 3485 2196 haereticorum
3517 2142 3758 2196 omnium

2195 2233 2686 2289 condimentarium
2718 2246 2838 2288 esse
2870 2233 3072 2288 factum
3099 2252 3118 2285 ι
3148 2237 3246 2298 ait,
3281 2235 3540 2299 studium,
3581 2234 3646 2287 ad
3666 2249 3764 2288 cu-

2190 2324 2278 2392 jus
2302 2338 2543 2378 normam
2591 2323 2888 2392 theologica
2930 2324 3180 2394 dogmata
3212 2339 3335 2380 cum
3361 2326 3634 2394 exigeret,
3668 2325 3764 2378 ab-

2195 2416 2374 2470 surdis
2407 2415 2746 2485 opinionibus
2770 2417 2882 2486 ipse
2914 2417 3148 2484 primum
3191 2415 3455 2481 imbutus,
3479 2431 3604 2471 mox
3662 2415 3764 2470 Ee-

2197 2507 2418 2564 elesiam
2465 2507 2825 2563 conturbavit.
2883 2505 3126 2561 Platonis
3155 2507 3372 2575 quidem
3421 2506 3762 2576 disciplinam

2199 2602 2450 2656 assectati
2486 2610 2611 2655 sunt
2655 2600 2850 2655 vetusti
2887 2599 3077 2655 Patres
3105 2599 3512 2670 quamplurimi,
3565 2597 3762 2668 partim

2198 2693 2518 2748 vetustiores
2566 2692 2797 2764 Origene
2827 2733 2842 2758 ,
2888 2692 3085 2760 partim
3147 2692 3335 2747 eodem
3393 2690 3762 2752 recentiores.

2199 2785 2504 2855 quicunque
2530 2785 2829 2855 praesertim
2875 2783 3150 2838 Nicaanum
3192 2783 3480 2838 concilium
3514 2793 3760 2836 anteces-

2198 2885 2384 2931 serunt
2414 2895 2428 2930 :
2461 2887 2517 2931 at
2543 2891 2606 2931 ea
2631 2876 2801 2933 solum
2832 2876 2899 2930 ab
2952 2875 3041 2930 illo
3079 2876 3302 2930 mutuati
3345 2883 3494 2939 sunt,
3525 2889 3642 2942 quae
3673 2873 3763 2927 de-

2199 2969 2364 3024 cretis
2389 2969 2644 3024 Ecclesiae
2675 2969 3122 3035 consentiebant;
3158 2967 3419 3038 Origenes
3449 2981 3575 3019 vero
3599 2974 3760 3018 totam

2201 3061 2533 3115 academiam
2565 3060 2711 3116 visus
2734 3069 2815 3116 est
2840 3061 2891 3114 in
2927 3060 3218 3116 Ecclesiam
3239 3057 3612 3112 transtulisse:
3642 3057 3764 3111 licet

534 3137 651 3224 tum
697 3128 863 3186 fuisse
909 3131 976 3186 ab
1008 3131 1274 3224 Eusebio;
1322 3143 1377 3188 et
1423 3134 1641 3205 utrique
1670 3135 1867 3191 ascribi
1919 3153 2096 3206 posse.
2127 3167 2170 3224 (ι
2205 3151 2434 3207 fateatur
2461 3152 2608 3207 hom.
2634 3152 2778 3206 Min
2798 3149 3007 3217 Cenem,
3045 3151 3274 3215 num.5,
3323 3170 3341 3201 ι
3374 3149 3761 3219 philosophiam

535 3221 687 3276 Vana
718 3231 801 3278 est
823 3236 949 3277 vero
971 3223 1138 3278 altera
1162 3223 1471 3298 Hieronymi
1490 3228 1698 3297 petitio,
1715 3245 1837 3283 cum
1865 3231 1938 3284 ait
1958 3247 2104 3287 sumo

537 3331 682 3370 mum
713 3315 878 3372 fuisse
928 3315 1215 3372 Eusebium
1243 3318 1386 3374 inter
1439 3329 1497 3376 et
1537 3319 1873 3391 Pamphilum
1899 3323 2107 3392 opinio~

537 3423 667 3462 num
710 3423 1069 3471 consensum;
1119 3425 1238 3466 cum
1299 3421 1478 3466 autem
1529 3413 1791 3469 Eusebius
1817 3414 2103 3484 Origenem

542 3511 654 3556 toto
680 3501 733 3555 in
763 3515 926 3572 opere
958 3517 1055 3558 suo
1087 3503 1316 3573 probare
1340 3504 1588 3559 videatur
1607 3505 1795 3560 Ariani
1819 3507 1985 3562 fuisse
2015 3509 2109 3562 de-

541 3593 811 3650 fensorem
836 3595 1121 3665 dogmatis,
1145 3595 1452 3666 Pamphilus
1484 3612 1613 3653 vero
1649 3597 1864 3654 Nicenm
1888 3600 2098 3670 synodi,

540 3705 659 3760 qua:
683 3689 786 3745 fuit
808 3699 991 3760 postea
1017 3730 1034 3758 ,
1080 3690 1456 3757 defensorem;
1508 3691 1633 3746 hinc
1661 3690 1798 3746 etIici
1850 3707 1952 3746 non
1991 3707 2110 3747 esse

540 3781 804 3851 Pamphili
836 3792 892 3838 et
923 3783 1144 3839 Eusebii
1174 3792 1344 3838 totum
1383 3783 1514 3840 illud
1557 3799 1690 3854 opus
1711 3823 1727 3850 ,
1777 3784 1870 3840 sed
1902 3795 2109 3854 partem

542 3889 663 3930 esse
691 3875 940 3942 Eusebii,
984 3876 1219 3946 priorem
1253 3891 1381 3932 vero
1411 3877 1605 3932 librum
1645 3875 1864 3931 alterius
1888 3876 2110 3946 cujusli-

394 4046 404 4054 _
501 4043 506 4046 ‘
544 3967 656 4032 bet,
709 3977 836 4036 puta
871 3968 1105 4043 Didymi.
1137 3967 1254 4023 Non
1292 3969 1462 4040 magis
1493 3969 1638 4023 enim
1675 3971 1869 4025 mirum
1912 3979 1999 4025 est
2030 3969 2112 4022 di-

546 4075 705 4114 versa
740 4060 806 4115 de
859 4059 1109 4129 Origenis
1158 4060 1400 4115 doctrina
1459 4061 1695 4115 sensisse
1741 4069 1796 4115 et
1833 4060 2116 4131 scripsisse

545 4152 885 4223 Pamphilum
910 4164 963 4208 et
983 4153 1296 4217 Eusebium,
1322 4168 1484 4223 quam
1516 4155 1583 4207 de
1606 4151 1809 4210 Christi
1835 4153 2118 4209 divinitate

547 4246 900 4302 orthodoxam
938 4245 1103 4300 fuisse
1152 4243 1420 4314 Pamphili
1471 4245 1783 4314 opinionem
1815 4286 1830 4312 ,
1859 4246 2117 4299 Arianam

547 4355 680 4394 vero
708 4347 766 4394 et
811 4339 1122 4394 hacreticam
1148 4336 1388 4393 Eusebii.
1423 4336 1610 4392 Facile
1650 4351 1867 4408 quoque
1894 4336 2118 4389 diluitur

551 4432 695 4487 aliud
721 4443 1094 4504 argumentum
1143 4431 1496 4503 Hieronymi,
1529 4429 1662 4485 nihil
1689 4429 1892 4500 proprii
1940 4431 2119 4497 operis

2206 3259 2380 3315 neque
2412 3244 2464 3299 in
2501 3245 2752 3299 omnibus
2780 3244 2881 3314 legi
2916 3246 3006 3300 Dei
3038 3245 3364 3298 contrariam
3402 3257 3523 3297 esse
3547 3283 3562 3305 ,
3597 3255 3765 3308 neque

2208 3335 2260 3390 in
2300 3335 2551 3391 Omnibus
2579 3351 2893 3392 consonam.
2935 3357 2954 3389 ι
2985 3336 3110 3391 Inde
3156 3345 3303 3390 tanta
3343 3349 3592 3390 errorum
3619 3347 3768 3404 seges

2207 3429 2358 3484 boum
2387 3429 2526 3499 frugi
2564 3429 2855 3486 succrevit.
2906 3429 2981 3486 Ex
3013 3431 3098 3485 his
3123 3431 3254 3484 satis
3285 3429 3451 3498 liquet
3476 3427 3636 3496 quam
3665 3427 3770 3478 ina-

2207 3535 2302 3574 nes
2327 3521 2434 3573 sint
2454 3520 2633 3576 Ruﬁni
2663 3532 2909 3586 conatus,
2936 3536 3058 3576 cum
3094 3520 3352 3590 quidquid
3388 3518 3584 3571 falsum
3632 3515 3768 3584 apud

2209 3609 2496 3678 Origenem
2545 3613 2804 3680 occurrit,
2857 3627 2954 3682 pro
2988 3614 3171 3681 spurio
3198 3622 3252 3667 et
3282 3613 3349 3666 ab
3378 3609 3648 3664 haereticis
3687 3607 3767 3659 in-

2212 3713 2360 3759 truso
2386 3705 2573 3760 haberi
2601 3706 2784 3776 jubet;
2814 3705 2924 3776 (49)
2961 3721 3082 3759 nam
3114 3704 3280 3759 multa
3307 3703 3525 3773 quidem
3553 3695 3770 3767 Origeni

2210 3795 2380 3850 aﬂicta
2428 3797 2590 3852 fuisse
2632 3813 2818 3852 verum
2877 3807 2980 3861 est,
3038 3797 3129 3852 sed
3174 3797 3320 3866 plura
3369 3805 3567 3857 tamen,
3607 3803 3771 3858 eaque

2214 3886 2373 3940 noxia
2401 3895 2455 3940 et
2508 3885 2766 3940 damnosa
2821 3887 2888 3939 ab
2941 3885 3029 3939 illo
3069 3885 3306 3956 profecta
3338 3896 3461 3936 esse
3485 3877 3768 3934 candidum

2213 3974 2387 4028 virum
2415 3974 2461 4027 fa
2471 3975 2565 4028 teri
2602 3976 2773 4028 decet.

2283 4064 2468 4120 XVIII.
2503 4064 2660 4120 Nunc
2705 4065 3050 4135 quaerendum
3099 4073 3345 4135 superest
3393 4080 3496 4133 quo
3546 4078 3770 4118 numero

2216 4155 2447 4210 habendi
2478 4156 2588 4210 sint
2612 4155 2732 4210 libri
2759 4154 3024 4226 Origenis,
3055 4155 3273 4224 ipseque
3305 4155 3437 4210 adeo
3465 4154 3721 4223 Origenes
3755 4193 3768 4204 .

2217 4257 2394 4301 utrum
2442 4247 2527 4301 hic
2556 4247 2698 4301 inter
2726 4247 3046 4312 hzereticos,
3073 4245 3170 4310 illi,
3206 4246 3346 4299 inter
3381 4246 3660 4300 damnatas
3713 4258 3777 4296 ac

2220 4338 2537 4408 reprobatas
2566 4338 2894 4408 scriptiones
2932 4338 3159 4406 ponendi
3197 4338 3326 4392 sint.
3351 4337 3502 4403 Quod
3541 4335 3644 4391 erit
3682 4349 3774 4389 ca-

2220 4432 2348 4502 pitis
2379 4430 2541 4506 hujus
2582 4429 2727 4483 velut
2758 4428 3130 4484 corollarium.
3163 4427 3505 4498 Disputemus
3551 4426 3777 4494 primum

551 4521 888 4590 Pamphilum
930 4521 1237 4578 condidisse
1284 4520 1617 4575 asserentis:
1647 4534 1744 4574 nec
1795 4518 1937 4573 enim
1989 4532 2115 4586 pm-
2149 4523 2194 4578 Ι)
2223 4523 2287 4576 de
2318 4520 2491 4575 libris.
2527 4519 2583 4574 lu
2617 4517 2796 4572 varios
2830 4516 3114 4587 Origenem
3147 4516 3432 4586 impegisse
3457 4530 3674 4569 errores
3695 4528 3778 4568 sa-

551 4614 728 4684 prium
756 4613 874 4684 ejus
894 4630 1026 4683 opus
1050 4613 1420 4684 Apologeticus
1449 4611 1538 4667 ille
1561 4612 1664 4667 dici
1693 4620 1869 4681 potest
1900 4651 1915 4674 ,
1955 4625 2116 4680 quem

555 4705 775 4760 alter-ius
801 4721 962 4775 Opera
1010 4706 1224 4774 adjutus
1250 4747 1264 4772 ,
1291 4706 1508 4762 Eusebii
1539 4705 1769 4770 scilicet,
1799 4703 2117 4759 elaboravit.

557 4797 711 4854 Nunc
741 4812 869 4851 vero
896 4797 1226 4852 arbitrentur
1245 4800 1382 4868 aequi
1414 4808 1469 4853 et
1495 4797 1692 4854 eruditi
1725 4796 1975 4860 lectores,
2003 4808 2119 4848 me-

558 4891 738 4944 ritone
769 4887 1021 4941 Ruﬁnum
1050 4886 1409 4957 Hieronymus
1439 4886 1873 4956 reprehenderit,
1906 4895 2123 4955 propter

559 4980 875 5050 inscriptum
903 4977 1168 5048 Pamphili
1206 4993 1402 5032 nomen
1451 4977 1617 5048 priori
1667 4977 1828 5046 hujus
1854 4975 2123 5046 Apologia:

559 5073 715 5131 libro.
750 5075 1016 5129 Creterum
1051 5087 1173 5128 cum
1205 5086 1298 5126 sex
1331 5082 1608 5126 constaret
1643 5070 1795 5126 libris
1829 5061 1942 5124 haec
1965 5067 2124 5123 Pam-

562 5166 691 5235 phili
720 5166 1002 5236 Apologia,
1035 5165 1191 5234 cujus
1237 5163 1384 5232 prior
1417 5163 1678 5216 duntaxat
1716 5177 1746 5216 a
1776 5160 1968 5216 Ruﬁno
1995 5175 2124 5215 con-

496 5272 505 5285 δ
565 5275 752 5316 versus
797 5265 863 5316 ad
906 5277 1004 5316 nos
1027 5260 1292 5331 pervenit,
1318 5273 1422 5312 non
1449 5267 1531 5312 est
1557 5272 1656 5311 cur
1689 5259 1916 5311 miretur
1961 5255 2126 5309 Baro-

565 5353 683 5408 nius
708 5350 954 5422 Gregorii
978 5351 1428 5409 Neocaesariensis
1448 5347 1886 5405 encomiasticam
1921 5347 2126 5402 oratio-

565 5462 684 5501 nem
724 5446 942 5514 Origeni
975 5446 1172 5501 dictam
1196 5486 1212 5511 ,
1249 5459 1407 5514 quam
1457 5458 1484 5494 a
1530 5440 1809 5511 Pamphilo
1862 5439 2128 5510 Apologia:

495 5605 497 5609 λ
569 5555 676 5595 suae
704 5541 964 5596 insertam
1007 5538 1172 5593 fuisse
1207 5538 1477 5607 proditum
1524 5543 1630 5599 est,
1665 5534 1720 5589 in
1746 5547 1809 5589 ea
1841 5531 1999 5587 hodie
2025 5547 2129 5585 non

2225 4617 2290 4667 tis
2318 4630 2346 4666 a
2385 4613 2536 4667 nobis
2565 4610 2872 4666 confessum
2904 4620 3006 4664 est.
3040 4609 3106 4661 At
3132 4608 3376 4676 quamvis
3404 4622 3499 4662 eos
3528 4607 3781 4675 Operibus

2224 4700 2393 4768 ipsius
2428 4699 2647 4755 aliunde
2667 4709 2878 4756 assutos
2909 4701 3175 4759 daremus,
3201 4697 3341 4764 quod
3364 4695 3516 4750 multi
3545 4694 3781 4750 allirma-

2224 4802 2366 4860 runt,
2413 4793 2674 4863 planeque
2720 4794 2785 4848 iis
2819 4793 3111 4847 immunem
3147 4790 3430 4861 Origenem
3456 4806 3778 4860 agnoscere-

2227 4898 2372 4953 mus,
2405 4884 2608 4938 valeret
2643 4884 2693 4939 id
2717 4884 2931 4954 quidem
2965 4885 3031 4936 ad
3067 4883 3474 4938 excusationem
3515 4883 3781 4942 auctoris;

2229 4993 2332 5032 non
2370 4977 2436 5031 ad
2458 4977 2830 5046 purgationem
2861 4975 3143 5031 librorum.
3173 4977 3302 5030 Cum
3338 4985 3547 5029 certum
3577 4974 3652 5028 sit
3693 4973 3786 5042 igi-

2230 5079 2317 5124 tur
2345 5070 2494 5125 falsis
2525 5085 2620 5125 eos
2666 5079 2721 5125 et
2773 5069 2953 5138 impiis
2979 5077 3190 5125 scatere
3223 5067 3511 5123 sententiis
3537 5105 3555 5132 ,
3584 5076 3641 5120 et
3679 5067 3784 5134 jam

2232 5163 2355 5216 inde
2404 5179 2434 5216 a
2497 5162 2724 5217 vetustis
2770 5162 3102 5231 temporibus
3153 5159 3292 5214 malo
3327 5159 3600 5214 fermento
3630 5158 3785 5212 fuisse

2231 5257 2480 5321 inlectos,
2525 5247 2788 5324 quaeritur
2815 5255 3112 5322 penitusne
3159 5249 3427 5320 repudiari
3471 5264 3568 5304 eos
3611 5248 3784 5318 jubeat

2234 5347 2495 5409 Ecclesia,
2530 5357 2586 5399 et
2616 5344 2798 5412 abjici,
2833 5342 3281 5413 quemadmodum
3316 5341 3689 5395 haereticorum
3728 5337 3784 5388 |i~

2237 5439 2318 5494 bri
2353 5438 2547 5503 solent,
2584 5453 2649 5489 an
2691 5437 2928 5504 ipsormn
2962 5450 3119 5490 usum
3145 5435 3332 5488 eadem
3369 5432 3452 5487 vel
3493 5431 3681 5502 probet
3709 5426 3781 5482 vel

2241 5540 2386 5584 certe
2417 5527 2712 5598 permittat.
2798 5545 2806 5553 ·

641 5811 752 5875 (ιθ)
806 5812 942 5866 Nam
999 5813 1162 5865 multa
1201 5780 1409 5875 quidem
1460 5810 1670 5878 Oriqcni
1723 5808 1894 5879 aﬁicla
1940 5807 2100 5874 fuisse
2139 5822 2310 5863 verum
2357 5815 2449 5861 eu.
2496 5804 2625 5860 Vide
2673 5801 3047 5858 Praefationem
3091 5797 3216 5854 tomi
3257 5795 3300 5865 l,
3350 5809 3470 5867 pag.
3500 5791 3686 5848 icta.
