4068 6308
361 387 496 441 “09

1445 379 2011 438 ORIGENIANORUM
2051 378 2176 433 LIB.
2221 376 2284 443 ll,
2325 376 2474 432 CAP.
2515 377 2600 430 Ill.

3448 377 3583 431 HIO

433 503 638 554 Auctor
666 508 746 554 est
781 498 1090 568 Pamphilus
1122 497 1172 551 in
1205 497 1456 568 Apologia
1488 539 1502 562 ,
1550 497 1920 553 hmreticorum
1952 504 1997 559 Α
2027 509 2143 549 mus
2176 493 2491 548 Tomitanus
2546 503 2599 547 et
2631 491 2865 545 Joannes
2908 489 3341 561 Chrysoslomus,
3387 491 3584 560 aliique

360 593 484 648 loco
538 607 633 646 sua
683 602 840 646 (etate
876 608 902 643 a
940 590 1122 644 multis
1151 589 1364 643 habitos
1389 627 1403 653 ,
1441 589 1750 658 quicunque
1777 589 1925 643 libris

359 681 614 751 Origenis
647 689 947 742 uterentur,
983 692 1080 731 nec
1113 689 1230 730 eam
1257 677 1474 746 quidem
1506 689 1816 730 concessam
1847 673 1926 742 ip-

362 771 439 823 sis
475 769 636 822 t‘uisse
666 767 898 828 veniam,
932 784 949 817 ‹
976 781 1092 834 qua:
1146 765 1406 832 impertiri
1434 764 1586 828 solet,
1619 765 1766 819 verbi
1802 779 1924 833 gra-

366 861 462 927 tia,
491 862 574 916 his
613 861 700 929 qui
733 857 1040 913 Graecorum
1084 857 1422 912 saecularium
1463 858 1647 921 libros,
1677 856 1763 910 vel
1794 871 1926 910 non-

365 969 638 1023 nunquam
666 953 824 1007 etiam
859 949 1236 1005 lizereticorum
1257 950 1609 1019 percontandi
1641 960 1806 1018 atque
1832 963 1926 1004 co-

365 1044 653 1116 gnoscendi
704 1042 882 1096 studio
927 1042 1244 1096 decurrunt.
1305 1061 1322 1093 ι
1384 1041 1648 1111 Pamphili
1710 1041 1927 1095 circiter

364 1137 692 1207 temporibus
719 1134 940 1189 ﬂorebat
971 1134 1292 1188 Pacbomius
1322 1134 1490 1188 abbas
1510 1175 1525 1198 ,
1569 1135 1694 1188 vitae
1722 1134 1924 1188 sancti-

365 1240 474 1284 tate
502 1230 747 1292 illustris,
771 1245 928 1298 quem
958 1227 1067 1295 jam
1099 1228 1255 1280 morti
1284 1228 1608 1297 proximum,
1638 1227 1927 1282 monachos

362 1336 486 1375 sons
520 1323 586 1375 ab
617 1336 801 1375 earum
845 1320 1280 1374 lucubrationum
1331 1318 1560 1373 lectione
1590 1319 1926 1390 gravissimis

361 1412 540 1467 verbis
577 1413 920 1480 prohibuisse
961 1420 1186 1473 narrat,
1235 1411 1326 1480 qui
1373 1412 1536 1464 vitam
1572 1413 1685 1480 ejus
1734 1410 1927 1464 litteris

360 1506 693 1574 consignavit
722 1519 737 1558 :
772 1505 862 1558 sed
899 1504 1056 1559 ﬁdem
1113 1503 1408 1557 narrationi
1442 1504 1675 1558 detrahit
1707 1518 1925 1572 perspe-

360 1608 503 1654 ctum
532 1597 829 1667 Scriptoris
858 1596 1117 1650 adversus
1152 1595 1546 1664 Origenismum
1573 1596 1772 1649 odium.
1794 1594 1926 1648 Mul-

362 1701 474 1745 tum
508 1691 699 1746 deinde
753 1706 781 1743 a
837 1688 1133 1757 Theophilo
1180 1697 1235 1744 et
1277 1688 1576 1757 Epiphanio
1627 1688 1924 1743 laboratum

359 1792 463 1844 est,
497 1782 736 1836 omnium
773 1781 838 1835 de
884 1781 1139 1835 manibus
1182 1781 1218 1834 ii
1257 1780 1377 1835 libri
1407 1790 1465 1834 ut
1493 1787 1872 1838 excuterentur
1908 1795 1923 1832 :

2026 587 2330 655 complures
2358 586 2615 654 episcopi,
2642 593 2695 638 et
2723 582 3076 654 καθαιρετικὰ
3103 583 3188 637 illa
3227 582 3582 653 Origenia-no-

2027 692 2146 732 rum
2173 691 2414 746 operum,
2448 690 2565 744 qua:
2595 673 3106 740 Constantinopolim
3149 673 3428 728 invexerat
3455 675 3582 744 Epi-

2030 769 2258 840 phanius
2281 808 2295 831 ,
2323 767 2717 836 subscriptione
2748 781 2843 820 sua
2878 766 2957 820 vel
2997 780 3218 820 assensu
3258 765 3584 822 conﬁrmare

2030 871 2340 915 tenuerunt.
2377 859 2448 913 Ea
2474 860 2631 913 etiam
2665 859 2932 923 videntur,
2964 859 3006 912 si
3039 873 3142 911 non
3183 857 3357 926 palam
3393 874 3584 928 appro-

2027 953 2184 1008 basse
2209 991 2224 1016 ,
2256 962 2310 1007 at
2355 963 2499 1006 certe
2537 967 2642 1006 non
2687 951 2898 1021 penitus
2947 951 3214 1020 reSpuisse
3237 988 3254 1014 ,
3281 949 3586 1018 quicunque

2028 1061 2152 1101 suas
2177 1061 2242 1100 ex
2293 1045 2359 1100 iis
2389 1043 2679 1113 Scriptura:
2723 1057 2893 1097 sacrze
2927 1041 3401 1111 interpretationes
3434 1048 3583 1094 tran-

2028 1138 2312 1200 stulerunt,
2344 1151 2478 1204 quos
2501 1136 2552 1189 in
2583 1135 3050 1189 observationibus
3073 1149 3168 1203 pro
3205 1143 3446 1200 tempore
3467 1131 3583 1185 lau-

2029 1229 2291 1284 davimus.
2346 1227 2410 1281 Et
2457 1228 2704 1295 quamvis
2744 1226 2995 1281 Ecclesia:
3021 1227 3257 1281 decretis
3295 1225 3585 1295 aliquando

2029 1320 2191 1373 vetita
2208 1328 2354 1375 esset
2382 1333 2566 1374 eorum
2602 1319 2783 1384 lectio,
2805 1319 2888 1373 bis
2924 1312 3098 1372 tamen
3129 1319 3432 1374 contrarius
3459 1332 3586 1372 usus

2029 1411 2311 1478 derogasse
2334 1410 2626 1464 diceretur.

2098 1499 2426 1570 AEquissima
2475 1502 2588 1556 haec.
2620 1500 2863 1570 profecto
2889 1540 2901 1564 ,
2942 1509 2991 1554 et
3026 1508 3283 1569 perpetua
3331 1499 3586 1554 Ecclesia:

2029 1577 2382 1646 consensione
2414 1592 2623 1645 ﬁrmata
2658 1592 2871 1646 videtur
2897 1606 3019 1646 esse
3049 1592 3332 1656 sententia,
3367 1607 3486 1660 qua:
3518 1591 3583 1645 li—

2029 1684 2245 1735 brorum
2281 1680 2529 1751 Origenis
2562 1697 2714 1736 usum
2746 1681 2902 1751 vulgo
2941 1681 3346 1736 concedendum
3373 1681 3582 1743 deﬁnit,

2031 1773 2199 1842 ipsius
2245 1772 2404 1827 modo
2439 1788 2652 1828 errores
2693 1772 2985 1842 fugiantur.
3021 1774 3095 1827 lta
3126 1775 3296 1828 sensit
3322 1772 3585 1843 Hierony-

361 1875 630 1944 proditum
659 1864 856 1942 quippe
891 1882 973 1926 est
1002 1889 1029 1926 a
1059 1872 1283 1928 Socrate
1333 1872 1454 1927 libr.
1487 1887 1558 1936 vl,
1593 1887 1712 1939 cap.
1743 1871 1796 1938 9,
1835 1871 1921 1935 12,
1959 1845 2000 1900 Β
2027 1879 2180 1927 mus,
2238 1864 2631 1933 quantumlibet
2684 1865 3007 1919 Adamanlio
3053 1864 3297 1920 infensus
3337 1883 3352 1918 :
3395 1883 3412 1916 ι
3447 1864 3583 1930 Quia

362 1980 418 2024 et
463 1969 763 2023 Sozomeno
796 1969 919 2022 libr.
953 1983 1072 2030 vui,
1101 1981 1219 2035 cap.
1261 1967 1350 2030 tt,
1387 1965 1528 2020 solas
1557 1963 1804 2035 Origenis
1845 1964 1923 2017 lu-

362 2058 705 2112 cubrationes
754 2058 1096 2112 criminatum
1142 2071 1261 2110 esse
1305 2056 1682 2123 TheOphilum,
1737 2070 1921 2109 earum

365 2147 490 2200 licet
531 2145 853 2200 auctoritate
881 2146 1138 2198 adversus
1169 2145 1399 2198 Arianos
1439 2143 1550 2213 jam
1593 2154 1714 2197 ante
1756 2144 1924 2196 Atha-

365 2240 544 2294 nasius
575 2226 897 2308 pugnasset;
923 2238 1262 2292 Alexandria:
1299 2238 1586 2293 concilium
1634 2237 1920 2302 conﬂasse,

367 2330 421 2384 in
467 2345 636 2398 eoque
666 2330 765 2383 illa:
793 2339 848 2381 ut
886 2329 1295 2397 repudiarentur
1338 2329 1660 2397 perfecisse;
1709 2329 1922 2382 easdem

365 2421 416 2474 in
442 2420 634 2491 Cypria
663 2420 868 2490 synodo
901 2435 1060 2474 suasu
1093 2421 1257 2490 ipsius
1287 2420 1638 2488 Epiphanium
1672 2420 1921 2473 damnas-

361 2527 440 2579 se,
471 2523 524 2566 ct
565 2528 630 2567 ne
659 2514 778 2580 quis
807 2513 872 2566 iis
919 2511 1156 2580 legendis
1193 2527 1412 2580 operam
1462 2511 1616 2565 daret
1654 2513 1919 2577 sanxisse,

360 2606 632 2658 decretum
662 2603 1184 2673 ConstantinOpolim
1213 2605 1426 2658 misisse
1451 2645 1467 2665 ,
1497 2604 1745 2673 idemque
1769 2616 1826 2658 ut
1855 2604 1923 2658 fa-

359 2705 530 2761 ceret,
554 2695 993 2765 Chrysostomum
1017 2696 1170 2751 valde
1202 2696 1369 2750 fuisse
1403 2696 1704 2762 hortatum;
1733 2696 1920 2751 eodem

363 2788 534 2856 ipsum
557 2789 931 2852 contendisse,
977 2789 1258 2858 episcOpos
1296 2788 1348 2841 in
1383 2803 1535 2842 suam
1598 2788 1920 2842 sententiam

361 2881 612 2948 pellicere
642 2879 899 2944 voluisse,
929 2889 983 2934 et
1009 2879 1332 2948 Origeniana
1367 2879 1598 2947 denique
1639 2879 1838 2946 scripta
1868 2878 1919 2932 in

361 2971 735 3042 Apostolorum
785 2971 981 3040 templo
1027 2971 1249 3040 publica'
1278 2971 1690 3026 denuntiatione
1729 2986 1917 3038 repro-

361 3064 491 3117 bare
519 3072 798 3131 parantem
830 3061 1141 3131 Serapionis
1183 3061 1388 3114 monitu
1415 3060 1760 3114 absterritum
1793 3059 1919 3114 fuis-

2023 1969 2155 2010 mea:
2189 1955 2490 2025 parvitatis,
2549 1975 2568 2007 ι
2625 1956 2799 2026 inquit
2837 1957 2997 2025 epist.
3049 1956 3114 2010 76
3164 1957 3232 2011 ad
3262 1955 3584 2025 Tranquill.,

2028 2066 2046 2098 ι
2115 2050 2306 2117 quaeris
2357 2051 2712 2114 sententiam,
2775 2059 2954 2103 utrum
3013 2050 3307 2104 secundum
3358 2046 3579 2102 fratrem

2021 2139 2335 2195 Faustinum
2386 2141 2602 2210 penitus
2648 2142 2983 2210 respuendas
3033 2141 3135 2204 sit-,
3189 2158 3256 2195 an
3289 2141 3582 2197 secundum

2023 2234 2281 2301 quosdam
2317 2230 2573 2302 legendus
2609 2245 2672 2285 ex
2706 2242 2857 2299 parte
2884 2253 2896 2286 :
2925 2231 3035 2300 Ego
3064 2229 3346 2301 Origenem
3369 2240 3588 2301 pr0pter

2022 2324 2379 2377 eruditionem
2411 2324 2491 2378 sic
2518 2323 2785 2377 interdum
2832 2322 3117 2392 legendum
3158 2323 3417 2388 arbitror,
3451 2337 3587 2391 quo-

2025 2415 2181 2469 modo
2230 2413 2618 2468 Tertullianum
2643 2454 2658 2478 ,
2693 2413 2991 2482 Novatum,
3031 2415 3350 2481 Arnobium,
3381 2415 3587 2485 Apolli-

2025 2507 2253 2567 narium,
2293 2515 2346 2559 et
2379 2504 2662 2560 nonnullos
2701 2505 3094 2561 ecclesiasticos
3134 2509 3430 2575 scriptores
3448 2504 3589 2560 Grae-

2023 2611 2114 2650 cos
2142 2596 2347 2662 pariter
2376 2605 2430 2650 et
2459 2597 2684 2652 Latinos
2711 2637 2725 2660 ,
2758 2607 2816 2650 ut
2854 2597 2993 2651 bona
3044 2612 3230 2651 eorum
3279 2597 3585 2666 diligamus,

2023 2689 2361 2758 vitemusque
2387 2691 2687 2756 contraria,
2733 2691 2886 2759 juxta
2917 2687 3234 2760 Apostolum
3268 2690 3535 2744 dicentem
3565 2706 3583 2745 :

2025 2782 2212 2836 Omnia
2238 2781 2468 2851 probate,
2490 2785 2627 2853 quod
2654 2785 2841 2836 bonum
2875 2791 2954 2836 est
2987 2791 3150 2835 tenete
3175 2780 3238 2834 “.
3263 2799 3282 2831 ι
3319 2781 3384 2835 Ει
3418 2796 3539 2836 mox
3565 2800 3582 2837 :

2027 2891 2045 2923 ι
2071 2872 2179 2927 Nec
2201 2874 2341 2928 enim
2362 2885 2578 2945 pr0pter
2595 2874 2898 2929 doctrinam
2920 2874 3034 2942 ejus
3056 2887 3215 2943 prava
3240 2873 3582 2944 suscipienda

2020 2975 2144 3020 sunt
2171 2966 2416 3033 dogmata
2442 3006 2456 3030 ,
2511 2980 2608 3020 nec
2639 2977 2855 3035 propter
2899 2966 3206 3036 dogmatum
3238 2967 3578 3035 pravitatem,

2021 3059 2065 3112 si
2094 3073 2231 3126 quos
2265 3059 2696 3113 Connuentarios
2721 3059 2772 3110 in
2808 3058 3119 3128 Scripturas
3162 3068 3380 3112 sanctas
3422 3058 3580 3112 utiles

359 3169 436 3208 se.
478 3153 522 3207 A
553 3153 813 3207 Faustino
846 3167 1058 3222 quoque
1083 3153 1304 3206 vetitum
1331 3165 1515 3205 eorum
1546 3167 1696 3204 usum
1731 3151 1918 3205 testili-
1950 3193 1993 3253 Ο
2025 3149 2210 3212 edidit,
2240 3151 2454 3217 penitus
2492 3152 2774 3218 respuendi
2818 3163 2962 3208 sunt.
3003 3171 3019 3202 ι
3058 3152 3168 3206 llac
3199 3153 3437 3206 imbutus
3467 3165 3586 3221 per-

360 3256 518 3300 catur
551 3244 905 3316 Hieronymus
931 3246 1089 3314 epist.
1118 3244 1206 3308 76,
1243 3243 1308 3296 ad
1344 3242 1640 3311 Trattqttill.
1677 3241 1786 3296 Nec
1819 3243 1921 3296 Ba-

363 3338 517 3391 ronio
552 3339 836 3402 assentior,
865 3347 1062 3399 contra,
1083 3335 1302 3403 Sulpicii
1344 3334 1552 3400 Severi,
1582 3334 1820 3388 Socratis
1866 3343 1920 3388 et

363 3430 656 3485 Sozomeni
706 3428 1078 3483 auctoritatem
1132 3427 1322 3481 falsum
1377 3443 1498 3482 esse
1541 3427 1808 3481 asserenti
1858 3427 1922 3492 ⁸ο,

366 3522 724 3591 Epiphanium
775 3520 931 3586 inter,
965 3519 1314 3588 Theophilum
1366 3528 1420 3573 et
1480 3519 1923 3588 Chrysostomum

358 3617 427 3671 de
457 3613 608 3669 libris
659 3612 910 3681 Origenis
943 3611 1290 3681 prohibendls
1325 3613 1426 3666 hac
1474 3619 1789 3680 tempestate
1835 3625 1925 3664 ac-

359 3715 474 3760 tum
503 3744 518 3769 ,
556 3704 642 3758 vel
692 3720 788 3758 eos
843 3705 895 3757 in
943 3702 1306 3757 Alexandrina
1351 3703 1554 3773 synodo
1588 3712 1680 3754 aut
1729 3701 1924 3772 Cypria

359 3798 527 3852 fuisse
555 3798 919 3866 proscriptos;
962 3810 1058 3848 nec
1099 3793 1402 3860 Gennadio,
1445 3794 1534 3863 qui
1572 3793 1830 3847 Severum
1872 3796 1923 3849 in

361 3888 581 3956 Dtalogo
617 3889 794 3956 priore
827 3884 1030 3939 referre
1063 3885 1161 3950 ait,
1186 3903 1204 3935 ι
1245 3899 1345 3939 suo
1369 3895 1609 3952 tempore
1635 3885 1774 3951 apud
1803 3884 1926 3938 Ale-

360 3981 685 4034 xandrinam
717 3978 979 4048 synodum
1011 3977 1380 4046 episcoporum
1414 3977 1711 4038 decretum,
1743 3975 1925 4044 Orige-

361 4086 485 4125 nem
514 4078 569 4122 et
599 4068 811 4122 cautius
841 4082 870 4120 a
920 4065 1255 4134 sapientibus
1305 4075 1402 4132 pro
1437 4063 1590 4118 bonis
1617 4063 1922 4132 legendum,

359 4172 417 4217 et
440 4177 468 4214 a
494 4161 671 4214 minus
699 4159 988 4227 capacibus
1013 4171 1109 4227 pro
1158 4156 1314 4211 malis
1348 4156 1758 4224 repudiandum.
1793 4175 1810 4208 ι
1838 4157 1925 4210 Ait

360 4255 580 4324 quidem
629 4251 900 4321 Sulpicius
947 4251 1234 4304 maximam
1270 4248 1433 4302 fuisse
1463 4249 1756 4303 monachos
1789 4248 1926 4303 inter

362 4356 419 4402 et
454 4345 734 4414 episcopos
757 4343 1214 4398 concertationem
1242 4360 1260 4392 ι
1291 4355 1356 4396 ex
1388 4355 1450 4395 ea
1479 4339 1783 4404 occasione,
1802 4341 1925 4409 quia

362 4438 671 4508 congregati
701 4438 752 4491 in
783 4452 948 4490 unum
988 4435 1184 4503 sacpius
1223 4433 1534 4488 sacerdotes
1559 4432 1927 4501 frequentibus

2024 3241 2275 3296 suasione
2327 3241 2651 3310 Theophilus
2694 3242 2784 3296 ille
2814 3244 3254 3313 Origenimastix,
3283 3253 3402 3313 post
3423 3260 3587 3298 vexa-

2024 3343 2135 3388 tum
2185 3335 2379 3388 misere
2421 3334 2862 3405 Chrysostomum
2891 3375 2904 3399 ,
2944 3336 3409 3405 Constantinopoli
3457 3335 3584 3390 Ale-

2026 3426 2304 3479 xandriam
2365 3429 2528 3481 redux
2555 3470 2570 3494 ,
2613 3445 2732 3483 cum
2784 3437 2926 3482 esset
2971 3430 3022 3480 in
3055 3427 3303 3497 Origenis
3359 3427 3590 3482 lectione

2025 3517 2410 3586 deprehensus,
2425 3520 2558 3575 scite
2583 3521 2714 3574 dixit
2747 3539 2760 3574 :
2786 3519 2867 3572 Τὰ
2910 3520 3211 3588 Ὠριγένους
3237 3519 3380 3570 ἔοικε
3410 3518 3587 3588 βιϐλία

2024 3607 2246 3678 λειμῶνι
2279 3609 2493 3663 πάντων
2522 3610 2745 3664 ἀνθέων·
2789 3611 2842 3664 εἴ
2866 3629 2917 3664 τι
2940 3607 3032 3664 οὖν
3065 3613 3121 3664 ὲν
3158 3611 3340 3673 αὐτοῖς
3373 3611 3586 3681 ἐφεύρω

2026 3700 2206 3766 καλὸν,
2237 3699 2391 3752 τοῦτο
2427 3700 2712 3772 δρέπομαι’
2745 3702 2876 3754 εἰδὲ
2903 3702 2955 3754 τί
3005 3720 3093 3772 μοι
3144 3701 3447 3764 ἀκανθῶδες
3489 3717 3590 3769 φα-

2024 3794 2161 3865 νείη,
2193 3794 2348 3847 τοῦτο
2381 3795 2454 3857 ὡς
2484 3794 2704 3866 κέντρον
2737 3795 3068 3867 ὑπερϐαίνω.
3104 3815 3121 3847 ‹
3161 3795 3305 3849 Libri
3343 3795 3589 3865 Origenis

2024 3885 2228 3940 similes
2255 3895 2380 3940 sunt
2419 3895 2574 3955 prato
2615 3888 2762 3941 omni
2800 3886 2990 3940 ﬂorum
3037 3901 3231 3956 genere
3261 3886 3490 3940 consito.
3529 3884 3586 3939 Si

2026 3979 2153 4046 quid
2180 3977 2231 4031 in
2275 3978 2341 4032 iis
2376 3993 2505 4048 ergo
2533 3979 2728 4036 bonum
2761 3980 2976 4034 invenio
3003 4019 3018 4044 ,
3049 3981 3099 4032 id
3131 3980 3365 4048 decerpo
3396 3996 3409 4032 :
3441 3978 3585 4048 quod

2026 4072 2071 4126 si
2129 4072 2261 4140 quid
2314 4078 2592 4140 spinosum
2648 4073 2878 4138 videtur,
2934 4073 2985 4126 id
3037 4083 3287 4141 tanquam
3339 4073 3586 4127 aculeum

2029 4163 2294 4218 transilio.
2335 4183 2353 4216 ι
2392 4164 2647 4218 Eamdem
2699 4166 2942 4235 regulam
2997 4169 3048 4218 in
3098 4166 3326 4235 Origene
3367 4163 3592 4232 legendo

2027 4255 2382 4312 Cassiodorus
2433 4258 2637 4310 servari
2682 4257 2848 4326 jussit
2885 4257 3009 4311 libr.
3058 4256 3132 4309 De
3162 4257 3390 4310 institui.
3423 4255 3587 4309 divin.

2029 4346 2288 4414 Scriptor.
2317 4362 2437 4415 cap.
2465 4348 2516 4410 1,
2553 4348 2905 4415 habendaque
2940 4349 3017 4401 ait
3041 4347 3157 4415 ejus
3191 4348 3393 4415 scripta
3441 4361 3589 4400 more

2028 4438 2243 4503 anethi;
2269 4436 2384 4505 ejus
2415 4453 2576 4492 succo
2611 4439 2968 4493 condiendam
2993 4452 3162 4491 sacra:
3190 4438 3482 4504 Scriptura:
3516 4435 3595 4489 le-

363 4532 669 4586 decrevisse
696 4530 917 4599 synodis
954 4527 1292 4589 videbantur,
1333 4542 1401 4582 ne
1433 4526 1555 4595 quis
1584 4525 1828 4592 Origenis
1865 4525 1926 4578 li-
1959 4543 2002 4597 ι)
2030 4531 2294 4593 ctionem,
2333 4529 2612 4584 decoctum
2648 4531 2823 4599 ipsum
2860 4543 3259 4598 exsuccumque
3307 4543 3429 4581 esse
3464 4542 3590 4596 pro-

363 4628 492 4678 bros
521 4622 726 4697 legeret
760 4633 854 4674 aut
899 4620 1142 4675 haberet.
1189 4637 1205 4670 ι
1259 4618 1638 4672 Gratissimum
1671 4627 1929 4686 pra‘terea

362 4717 466 4771 sibi
501 4716 667 4770 fuisse
693 4725 968 4768 asseverat
995 4712 1315 4767 Anastasius
1361 4727 1495 4781 papa
1523 4710 1574 4764 in
1606 4710 1833 4778 epistola
1860 4711 1927 4762 ad

363 4808 625 4863 Joannem
681 4806 1229 4876 Jerosolymitanum,
1268 4805 1410 4875 quod
1459 4804 1524 4858 ab
1569 4803 1816 4872 Origenis
1851 4802 1928 4855 leo

366 4898 545 4952 ctione
586 4897 926 4952 Christianos
975 4903 1302 4956 revocarunt
1345 4893 1608 4948 Arcadius
1651 4901 1706 4946 et
1747 4891 1927 4946 Hono-

367 4989 498 5045 rius.
517 4989 590 5043 Eo
607 5004 818 5058 quoque
839 4988 1101 5042 inclinare
1125 4987 1332 5041 videtur
1353 4985 1662 5040 Vincentius
1681 4984 1924 5038 Lirinen-

365 5080 464 5144 sis,
488 5095 607 5149 cap.
630 5079 720 5145 23,
750 5080 929 5133 Contr.
957 5081 1168 5142 hwres.,
1201 5087 1260 5132 ut
1285 5078 1352 5132 ab
1384 5092 1478 5131 usu
1501 5074 1926 5130 Christianorum

368 5171 488 5225 libri
520 5172 609 5226 isti
641 5181 1036 5226 rem0veantur.
1086 5170 1322 5238 Denique
1368 5169 1703 5224 Justinianus
1732 5170 1792 5223 in
1816 5169 1927 5237 epio

367 5263 504 5318 stola
524 5263 796 5331 encyclica
827 5263 892 5316 ad
909 5261 1116 5316 Menam
1145 5269 1201 5314 et
1221 5261 1353 5315 alios
1377 5261 1683 5331 episcopos,
1733 5273 1930 5329 cupere

366 5370 426 5410 se
475 5355 665 5410 scribit
714 5369 903 5409 omnes
959 5352 1298 5406 Christianos
1348 5367 1674 5422 cognoscere
1722 5352 1926 5420 scripta

363 5445 615 5517 Origenis
642 5461 864 5516 prorsus
893 5461 922 5500 a
953 5444 1264 5501 Christiana
1306 5444 1410 5500 [ide
1449 5460 1570 5502 esse
1615 5445 1786 5501 aliena
1809 5487 1824 5512 ,
1870 5458 1932 5499 ac

367 5539 583 5609 penitus
618 5537 976 5608 explodenda.

436 5628 548 5685 Sed
576 5639 767 5686 contra
797 5643 895 5700 pro
916 5628 1068 5684 libris
1092 5629 1397 5685 Adamantii
1430 5637 1696 5686 steterunt
1714 5627 1936 5684 Theoti-

439 5839 486 5874 ιθ
539 5840 734 5897 Bal-on.
779 5855 905 5896 ann.
940 5840 1088 5909 402,
1136 5854 1255 5911 cap.
1315 5839 1392 5895 t5.

2022 4619 2349 4689 jiciend-um;
2386 4636 2617 4688 cumque
2643 4622 2709 4675 de
2759 4636 2824 4675 eo
2854 4622 3053 4675 dictum
3095 4620 3162 4674 sit
3199 4636 3215 4671 ι
3245 4639 3262 4671 ι
3305 4619 3403 4674 Ubi
3432 4620 3590 4683 bene,

2036 4726 2194 4765 nemo
2227 4711 2453 4778 melius;
2491 4713 2580 4766 ubi
2613 4712 2772 4777 male,
2812 4727 2971 4765 nemo
3003 4713 3171 4781 pejus,
3218 4731 3236 4764 ι
3278 4727 3464 4780 magna
3512 4711 3593 4780 ip-

2030 4819 2146 4858 sum
2182 4803 2431 4858 cautione
2465 4819 2584 4857 esse
2613 4805 2952 4857 tractandum
2987 4823 2999 4857 :
3049 4823 3067 4855 ‹
3122 4804 3479 4873 Quapropter,
3512 4804 3592 4856 in-

2030 4896 2168 4964 quit,
2197 4895 2248 4948 in
2282 4897 2537 4965 operibus
2563 4895 2804 4966 ejusdem
2828 4896 3097 4967 Origenis,
3129 4907 3386 4966 quantum
3416 4905 3593 4949 trans-

2031 4987 2147 5042 iens
2190 4989 2433 5043 invenire
2486 4990 2775 5058 praavalui,
2819 4989 2938 5044 loca
2984 5006 3102 5060 qua:
3161 4997 3346 5043 contra
3382 4987 3591 5057 regulas

2031 5081 2250 5137 Patrum
2284 5082 2425 5137 dicta
2457 5093 2602 5149 sunt,
2637 5083 2869 5137 achreSIi
2900 5081 3272 5150 dispunctione
3301 5077 3402 5152 (sic
3446 5079 3591 5134 enim

2039 5174 2176 5244 lego,
2212 5190 2327 5244 pro,
2368 5177 2604 5229 hreresim
2633 5172 3002 5245 disputatione)
3027 5173 3253 5243 signavi,
3305 5182 3361 5226 ut
3389 5173 3594 5242 decipe-

2035 5281 2092 5320 re
2123 5281 2224 5320 non
2256 5267 2561 5336 prazvaleat,
2597 5268 2686 5337 qui
2736 5267 2828 5320 tali
2857 5268 3010 5336 signo
3045 5266 3095 5318 in
3124 5265 3307 5334 pravis
3346 5267 3593 5320 sensibus

2035 5355 2304 5410 cavendus
2350 5370 2470 5410 esse
2525 5366 2870 5411 monstratur.
2931 5353 3259 5408 Posteriores
3307 5364 3484 5409 autem
3543 5356 3595 5408 iu

2040 5456 2150 5502 toto
2183 5448 2368 5501 dicunt
2396 5462 2514 5502 esse
2543 5446 2874 5516 fugiendum,
2910 5455 3192 5515 propterea
3217 5448 3342 5515 quia
3381 5446 3594 5501 subtili-

2041 5548 2121 5593 ter
2149 5540 2344 5609 decipit
2374 5540 2709 5596 inuocentes.
2749 5534 3088 5594 iJam'autea
3141 5556 3267 5594 vero
3308 5540 3595 5594 concrlium

2043 5628 2363 5697 Romanum,
2383 5632 2522 5700 quod
2557 5631 2655 5686 sub
2699 5631 2913 5686 Gelasio
2946 5632 3264 5687 celebratum
3298 5640 3401 5696 est,
3431 5629 3504 5686 ita
3535 5628 3600 5683 us

1475 5842 1513 5871 “
1566 5841 1584 5894 l
1627 5839 1821 5895 Thess.
1869 5853 1917 5903 ν,
1949 5835 2034 5902 Et,
2067 5836 2151 5891 22.
