  <div class='ocr_page' id='page_1' title='image "/cluster/home/n/w/nwhite01/storage/ocr_20150623/17/mdp.39015031604831/561.png"; bbox 0 0 4068 6308; ppageno 0'>
   <div class='ocr_carea' id='block_1_1' title="bbox 524 396 650 452">
    <p class='ocr_par' dir='ltr' id='par_1_1' title="bbox 524 396 650 452">
     <span class='ocr_line' id='line_1_1' title="bbox 524 396 650 452; baseline -0.016 0"><span class='ocrx_word' id='word_1_1' title='bbox 524 396 650 452; x_wconf 80' lang='lat' dir='ltr'><strong>Hll</strong></span> 
     </span>
    </p>
   </div>
   <div class='ocr_carea' id='block_1_2' title="bbox 521 511 1076 569">
    <p class='ocr_par' dir='ltr' id='par_1_2' title="bbox 521 511 1076 569">
     <span class='ocr_line' id='line_1_2' title="bbox 521 511 1076 569; baseline -0.005 -1"><span class='ocrx_word' id='word_1_2' title='bbox 521 529 585 569; x_wconf 90' lang='lat' dir='ltr'><strong>ea</strong></span> <span class='ocrx_word' id='word_1_3' title='bbox 616 528 676 568; x_wconf 90' lang='lat' dir='ltr'><strong>re</strong></span> <span class='ocrx_word' id='word_1_4' title='bbox 702 511 1014 568; x_wconf 71' lang='lat' dir='ltr'><strong>decreverat</strong></span> <span class='ocrx_word' id='word_1_5' title='bbox 1061 527 1076 565; x_wconf 90' lang='lat'>:</span> 
     </span>
    </p>
   </div>
   <div class='ocr_carea' id='block_1_3' title="bbox 521 600 2067 675">
    <p class='ocr_par' dir='ltr' id='par_1_3' title="bbox 521 600 2067 675">
     <span class='ocr_line' id='line_1_3' title="bbox 521 600 2067 675; baseline -0.004 -15"><span class='ocrx_word' id='word_1_6' title='bbox 521 604 749 675; x_wconf 68' lang='lat' dir='ltr'><strong>quae&#39;vir</strong></span> <span class='ocrx_word' id='word_1_7' title='bbox 786 604 971 659; x_wconf 91' lang='lat' dir='ltr'><strong>beatus</strong></span> <span class='ocrx_word' id='word_1_8' title='bbox 1017 600 1373 671; x_wconf 82' lang='lat' dir='ltr'><strong>Hieronymus</strong></span> <span class='ocrx_word' id='word_1_9' title='bbox 1402 615 1509 656; x_wconf 87' lang='lat' dir='ltr'><strong>non</strong></span> <span class='ocrx_word' id='word_1_10' title='bbox 1546 601 1810 670; x_wconf 89' lang='lat' dir='ltr'><strong>repudiat,</strong></span> <span class='ocrx_word' id='word_1_11' title='bbox 1847 600 2067 667; x_wconf 83' lang='lat' dir='ltr'><strong>legenda</strong></span> 
     </span>
    </p>
   </div>
   <div class='ocr_carea' id='block_1_4' title="bbox 522 691 2073 765">
    <p class='ocr_par' dir='ltr' id='par_1_4' title="bbox 522 691 2073 765">
     <span class='ocr_line' id='line_1_4' title="bbox 522 691 2073 765; baseline -0.005 -15"><span class='ocrx_word' id='word_1_12' title='bbox 522 696 843 765; x_wconf 87' lang='lat' dir='ltr'><strong>suscipimus</strong></span> <span class='ocrx_word' id='word_1_13' title='bbox 863 733 878 758; x_wconf 88' lang='lat'><strong>,</strong></span> <span class='ocrx_word' id='word_1_14' title='bbox 912 692 1115 762; x_wconf 84' lang='lat' dir='ltr'><strong>reliqua</strong></span> <span class='ocrx_word' id='word_1_15' title='bbox 1147 702 1322 747; x_wconf 88' lang='lat' dir='ltr'><strong>autem</strong></span> <span class='ocrx_word' id='word_1_16' title='bbox 1349 691 1529 747; x_wconf 83' lang='lat' dir='ltr'><strong>omnia</strong></span> <span class='ocrx_word' id='word_1_17' title='bbox 1571 705 1693 745; x_wconf 93' lang='lat' dir='ltr'><strong>cum</strong></span> <span class='ocrx_word' id='word_1_18' title='bbox 1727 700 1948 745; x_wconf 91' lang='lat' dir='ltr'><strong>auctore</strong></span> <span class='ocrx_word' id='word_1_19' title='bbox 1974 704 2073 744; x_wconf 92' lang='lat' dir='ltr'><strong>suo</strong></span> 
     </span>
    </p>
   </div>
   <div class='ocr_carea' id='block_1_5' title="bbox 523 779 2074 851">
    <p class='ocr_par' dir='ltr' id='par_1_5' title="bbox 523 779 2074 851">
     <span class='ocr_line' id='line_1_5' title="bbox 523 779 2074 851; baseline -0.007 -7"><span class='ocrx_word' id='word_1_20' title='bbox 523 787 754 844; x_wconf 81' lang='lat' dir='ltr'><strong>dicimus</strong></span> <span class='ocrx_word' id='word_1_21' title='bbox 794 798 914 840; x_wconf 90' lang='lat' dir='ltr'><strong>esse</strong></span> <span class='ocrx_word' id='word_1_22' title='bbox 967 783 1261 838; x_wconf 91' lang='lat' dir='ltr'><strong>renuenda.</strong></span> <span class='ocrx_word' id='word_1_23' title='bbox 1315 801 1334 834; x_wconf 74' lang='grc' dir='ltr'><strong>ι</strong></span> <span class='ocrx_word' id='word_1_24' title='bbox 1372 781 1707 851; x_wconf 80' lang='lat' dir='ltr'><strong>Quapropter</strong></span> <span class='ocrx_word' id='word_1_25' title='bbox 1757 789 1901 833; x_wconf 89' lang='lat' dir='ltr'><strong>recte</strong></span> <span class='ocrx_word' id='word_1_26' title='bbox 1939 779 2074 833; x_wconf 84' lang='lat' dir='ltr'><strong>scri-</strong></span> 
     </span>
    </p>
   </div>
   <div class='ocr_carea' id='block_1_6' title="bbox 524 863 2074 947">
    <p class='ocr_par' dir='ltr' id='par_1_6' title="bbox 524 863 2074 947">
     <span class='ocr_line' id='line_1_6' title="bbox 524 863 2074 947; baseline -0.005 -14"><span class='ocrx_word' id='word_1_27' title='bbox 524 863 695 947; x_wconf 77' lang='lat' dir='ltr'><strong>psisse</strong></span> <span class='ocrx_word' id='word_1_28' title='bbox 718 876 933 931; x_wconf 88' lang='lat' dir='ltr'><strong>videtur</strong></span> <span class='ocrx_word' id='word_1_29' title='bbox 987 872 1239 930; x_wconf 72' lang='lat' dir='ltr'><strong>Socrates</strong></span> <span class='ocrx_word' id='word_1_30' title='bbox 1268 872 1391 927; x_wconf 86' lang='lat' dir='ltr'><strong>libr.</strong></span> <span class='ocrx_word' id='word_1_31' title='bbox 1442 887 1517 937; x_wconf 77' lang='lat' dir='ltr'><strong>v1,</strong></span> <span class='ocrx_word' id='word_1_32' title='bbox 1564 886 1681 940; x_wconf 90' lang='lat' dir='ltr'><strong>cap.</strong></span> <span class='ocrx_word' id='word_1_33' title='bbox 1728 872 1817 935; x_wconf 75' lang='grc'><strong>15,</strong></span> <span class='ocrx_word' id='word_1_34' title='bbox 1866 870 2074 925; x_wconf 87' lang='lat' dir='ltr'><strong>nobiles</strong></span> 
     </span>
    </p>
   </div>
   <div class='ocr_carea' id='block_1_7' title="bbox 523 961 2075 1038">
    <p class='ocr_par' dir='ltr' id='par_1_7' title="bbox 523 961 2075 1038">
     <span class='ocr_line' id='line_1_7' title="bbox 523 961 2075 1038; baseline -0.006 -13"><span class='ocrx_word' id='word_1_35' title='bbox 523 967 769 1038; x_wconf 89' lang='lat' dir='ltr'><strong>Origenis</strong></span> <span class='ocrx_word' id='word_1_36' title='bbox 794 966 1152 1028; x_wconf 87' lang='lat' dir='ltr'><strong>adversarios,</strong></span> <span class='ocrx_word' id='word_1_37' title='bbox 1176 963 1518 1030; x_wconf 87' lang='lat' dir='ltr'><strong>Methodinm,</strong></span> <span class='ocrx_word' id='word_1_38' title='bbox 1545 962 1900 1027; x_wconf 84' lang='lat' dir='ltr'><strong>Eustathium,</strong></span> <span class='ocrx_word' id='word_1_39' title='bbox 1922 961 2075 1032; x_wconf 86' lang='lat' dir='ltr'><strong>Apol-</strong></span> 
     </span>
    </p>
   </div>
   <div class='ocr_carea' id='block_1_8' title="bbox 524 1050 2075 1126">
    <p class='ocr_par' dir='ltr' id='par_1_8' title="bbox 524 1050 2075 1126">
     <span class='ocr_line' id='line_1_8' title="bbox 524 1050 2075 1126; baseline -0.008 -11"><span class='ocrx_word' id='word_1_40' title='bbox 524 1059 774 1117; x_wconf 84' lang='lat' dir='ltr'><strong>linariu‘m</strong></span> <span class='ocrx_word' id='word_1_41' title='bbox 806 1067 861 1112; x_wconf 93' lang='lat' dir='ltr'><strong>et</strong></span> <span class='ocrx_word' id='word_1_42' title='bbox 892 1057 1268 1126; x_wconf 87' lang='lat' dir='ltr'><strong>Theophilum,</strong></span> <span class='ocrx_word' id='word_1_43' title='bbox 1318 1070 1348 1107; x_wconf 89' lang='lat' dir='ltr'><strong>a</strong></span> <span class='ocrx_word' id='word_1_44' title='bbox 1377 1054 1592 1123; x_wconf 80' lang='lat' dir='ltr'><strong>’quibus</strong></span> <span class='ocrx_word' id='word_1_45' title='bbox 1622 1052 1800 1107; x_wconf 89' lang='lat' dir='ltr'><strong>multis</strong></span> <span class='ocrx_word' id='word_1_46' title='bbox 1845 1051 1931 1104; x_wconf 93' lang='lat' dir='ltr'><strong>ille</strong></span> <span class='ocrx_word' id='word_1_47' title='bbox 1968 1050 2075 1105; x_wconf 85' lang='lat' dir='ltr'><strong>cri-</strong></span> 
     </span>
    </p>
   </div>
   <div class='ocr_carea' id='block_1_9' title="bbox 525 1142 2075 1218">
    <p class='ocr_par' dir='ltr' id='par_1_9' title="bbox 525 1142 2075 1218">
     <span class='ocr_line' id='line_1_9' title="bbox 525 1142 2075 1218; baseline -0.006 -11"><span class='ocrx_word' id='word_1_48' title='bbox 525 1151 757 1208; x_wconf 87' lang='lat' dir='ltr'><strong>minibus</strong></span> <span class='ocrx_word' id='word_1_49' title='bbox 784 1148 1132 1218; x_wconf 84' lang='lat' dir='ltr'><strong>compellatus</strong></span> <span class='ocrx_word' id='word_1_50' title='bbox 1173 1154 1258 1203; x_wconf 89' lang='lat' dir='ltr'><strong>est</strong></span> <span class='ocrx_word' id='word_1_51' title='bbox 1280 1185 1297 1212; x_wconf 95' lang='lat'><strong>,</strong></span> <span class='ocrx_word' id='word_1_52' title='bbox 1345 1145 1476 1201; x_wconf 85' lang='lat' dir='ltr'><strong>satis</strong></span> <span class='ocrx_word' id='word_1_53' title='bbox 1520 1145 1823 1200; x_wconf 89' lang='lat' dir='ltr'><strong>ostendisse</strong></span> <span class='ocrx_word' id='word_1_54' title='bbox 1857 1142 2075 1213; x_wconf 86' lang='lat' dir='ltr'><strong>probari</strong></span> 
     </span>
    </p>
   </div>
   <div class='ocr_carea' id='block_1_10' title="bbox 523 1235 2073 1313">
    <p class='ocr_par' dir='ltr' id='par_1_10' title="bbox 523 1235 2073 1313">
     <span class='ocr_line' id='line_1_10' title="bbox 523 1235 2073 1313; baseline -0.006 -14"><span class='ocrx_word' id='word_1_55' title='bbox 523 1242 648 1311; x_wconf 86' lang='lat' dir='ltr'><strong>sibi,</strong></span> <span class='ocrx_word' id='word_1_56' title='bbox 677 1255 1007 1313; x_wconf 74' lang='lat' dir='ltr'><strong>quaecunque</strong></span> <span class='ocrx_word' id='word_1_57' title='bbox 1032 1239 1249 1295; x_wconf 90' lang='lat' dir='ltr'><strong>minime</strong></span> <span class='ocrx_word' id='word_1_58' title='bbox 1274 1237 1759 1307; x_wconf 84' lang='lat' dir='ltr'><strong>reprehendissent.</strong></span> <span class='ocrx_word' id='word_1_59' title='bbox 1780 1235 1928 1303; x_wconf 84' lang='lat' dir='ltr'><strong>Quod</strong></span> <span class='ocrx_word' id='word_1_60' title='bbox 1951 1250 2073 1289; x_wconf 91' lang='lat' dir='ltr'><strong>cum</strong></span> 
     </span>
    </p>
   </div>
   <div class='ocr_carea' id='block_1_11' title="bbox 525 1327 2071 1402">
    <p class='ocr_par' dir='ltr' id='par_1_11' title="bbox 525 1327 2071 1402">
     <span class='ocr_line' id='line_1_11' title="bbox 525 1327 2071 1402; baseline -0.009 -9"><span class='ocrx_word' id='word_1_61' title='bbox 525 1336 601 1393; x_wconf 85' lang='lat' dir='ltr'><strong>ita</strong></span> <span class='ocrx_word' id='word_1_62' title='bbox 651 1336 741 1402; x_wconf 89' lang='lat' dir='ltr'><strong>sit,</strong></span> <span class='ocrx_word' id='word_1_63' title='bbox 788 1349 893 1389; x_wconf 92' lang='lat' dir='ltr'><strong>non</strong></span> <span class='ocrx_word' id='word_1_64' title='bbox 922 1334 1094 1389; x_wconf 82' lang='lat' dir='ltr'><strong>cuivis</strong></span> <span class='ocrx_word' id='word_1_65' title='bbox 1126 1342 1300 1386; x_wconf 88' lang='lat' dir='ltr'><strong>tamen</strong></span> <span class='ocrx_word' id='word_1_66' title='bbox 1343 1345 1374 1385; x_wconf 87' lang='lat' dir='ltr'><strong>e</strong></span> <span class='ocrx_word' id='word_1_67' title='bbox 1408 1328 1573 1400; x_wconf 89' lang='lat' dir='ltr'><strong>vulgo</strong></span> <span class='ocrx_word' id='word_1_68' title='bbox 1600 1327 2032 1389; x_wconf 86' lang='lat' dir='ltr'><strong>Christianorum</strong></span> <span class='ocrx_word' id='word_1_69' title='bbox 2055 1367 2071 1391; x_wconf 91' lang='lat'><strong>,</strong></span> 
     </span>
    </p>
   </div>
   <div class='ocr_carea' id='block_1_12' title="bbox 526 1421 2075 1495">
    <p class='ocr_par' dir='ltr' id='par_1_12' title="bbox 526 1421 2075 1495">
     <span class='ocr_line' id='line_1_12' title="bbox 526 1421 2075 1495; baseline -0.008 -10"><span class='ocrx_word' id='word_1_70' title='bbox 526 1429 621 1486; x_wconf 85' lang='lat' dir='ltr'><strong>sed</strong></span> <span class='ocrx_word' id='word_1_71' title='bbox 671 1428 739 1484; x_wconf 90' lang='lat' dir='ltr'><strong>iis</strong></span> <span class='ocrx_word' id='word_1_72' title='bbox 790 1427 961 1482; x_wconf 91' lang='lat' dir='ltr'><strong>solum</strong></span> <span class='ocrx_word' id='word_1_73' title='bbox 996 1423 1410 1495; x_wconf 87' lang='lat' dir='ltr'><strong>permittendum</strong></span> <span class='ocrx_word' id='word_1_74' title='bbox 1465 1436 1586 1477; x_wconf 90' lang='lat' dir='ltr'><strong>esse</strong></span> <span class='ocrx_word' id='word_1_75' title='bbox 1633 1421 2075 1491; x_wconf 88' lang='lat' dir='ltr'><strong>Origenianarum</strong></span> 
     </span>
    </p>
   </div>
   <div class='ocr_carea' id='block_1_13' title="bbox 526 1513 2079 1591">
    <p class='ocr_par' dir='ltr' id='par_1_13' title="bbox 526 1513 2079 1591">
     <span class='ocr_line' id='line_1_13' title="bbox 526 1513 2079 1591; baseline -0.007 -13"><span class='ocrx_word' id='word_1_76' title='bbox 526 1521 880 1591; x_wconf 80' lang='lat' dir='ltr'><strong>scriptionum</strong></span> <span class='ocrx_word' id='word_1_77' title='bbox 928 1533 1081 1572; x_wconf 91' lang='lat' dir='ltr'><strong>usum</strong></span> <span class='ocrx_word' id='word_1_78' title='bbox 1116 1530 1307 1570; x_wconf 91' lang='lat' dir='ltr'><strong>censeo</strong></span> <span class='ocrx_word' id='word_1_79' title='bbox 1334 1554 1349 1579; x_wconf 95' lang='lat'><strong>,</strong></span> <span class='ocrx_word' id='word_1_80' title='bbox 1399 1528 1624 1583; x_wconf 88' lang='lat' dir='ltr'><strong>quorum</strong></span> <span class='ocrx_word' id='word_1_81' title='bbox 1680 1522 1961 1584; x_wconf 89' lang='lat' dir='ltr'><strong>perspecta</strong></span> <span class='ocrx_word' id='word_1_82' title='bbox 2006 1513 2079 1567; x_wconf 87' lang='lat' dir='ltr'><strong>sit</strong></span> 
     </span>
    </p>
   </div>
   <div class='ocr_carea' id='block_1_14' title="bbox 528 1605 2076 1679">
    <p class='ocr_par' dir='ltr' id='par_1_14' title="bbox 528 1605 2076 1679">
     <span class='ocr_line' id='line_1_14' title="bbox 528 1605 2076 1679; baseline -0.007 -10"><span class='ocrx_word' id='word_1_83' title='bbox 528 1614 663 1670; x_wconf 85' lang='lat' dir='ltr'><strong>ﬁdes</strong></span> <span class='ocrx_word' id='word_1_84' title='bbox 693 1623 746 1668; x_wconf 91' lang='lat' dir='ltr'><strong>et</strong></span> <span class='ocrx_word' id='word_1_85' title='bbox 780 1610 1050 1667; x_wconf 90' lang='lat' dir='ltr'><strong>diuturnis</strong></span> <span class='ocrx_word' id='word_1_86' title='bbox 1080 1607 1462 1679; x_wconf 81' lang='lat' dir='ltr'><strong>experimentis</strong></span> <span class='ocrx_word' id='word_1_87' title='bbox 1490 1606 1717 1676; x_wconf 90' lang='lat' dir='ltr'><strong>probata</strong></span> <span class='ocrx_word' id='word_1_88' title='bbox 1751 1605 2076 1659; x_wconf 87' lang='lat' dir='ltr'><strong>constantia.</strong></span> 
     </span>
    </p>
   </div>
   <div class='ocr_carea' id='block_1_15' title="bbox 529 1696 2081 1773">
    <p class='ocr_par' dir='ltr' id='par_1_15' title="bbox 529 1696 2081 1773">
     <span class='ocr_line' id='line_1_15' title="bbox 529 1696 2081 1773; baseline -0.006 -12"><span class='ocrx_word' id='word_1_89' title='bbox 529 1705 640 1761; x_wconf 87' lang='lat' dir='ltr'><strong>Hos</strong></span> <span class='ocrx_word' id='word_1_90' title='bbox 676 1714 855 1759; x_wconf 90' lang='lat' dir='ltr'><strong>autem</strong></span> <span class='ocrx_word' id='word_1_91' title='bbox 883 1703 1135 1773; x_wconf 91' lang='lat' dir='ltr'><strong>probatos</strong></span> <span class='ocrx_word' id='word_1_92' title='bbox 1160 1698 1291 1754; x_wconf 73' lang='grc' dir='ltr'><strong>εἰὶἰοὶ</strong></span> <span class='ocrx_word' id='word_1_93' title='bbox 1325 1699 1619 1768; x_wconf 79' lang='lat' dir='ltr'><strong>trapezitas</strong></span> <span class='ocrx_word' id='word_1_94' title='bbox 1659 1698 1843 1761; x_wconf 82' lang='lat' dir='ltr'><strong>velim,</strong></span> <span class='ocrx_word' id='word_1_95' title='bbox 1870 1696 2081 1751; x_wconf 84' lang='lat' dir='ltr'><strong>adulte-</strong></span> 
     </span>
    </p>
   </div>
   <div class='ocr_carea' id='block_1_16' title="bbox 530 1792 2080 1863">
    <p class='ocr_par' dir='ltr' id='par_1_16' title="bbox 530 1792 2080 1863">
     <span class='ocr_line' id='line_1_16' title="bbox 530 1792 2080 1863; baseline -0.004 -14"><span class='ocrx_word' id='word_1_96' title='bbox 530 1796 677 1851; x_wconf 90' lang='lat' dir='ltr'><strong>rinos</strong></span> <span class='ocrx_word' id='word_1_97' title='bbox 707 1795 966 1851; x_wconf 75' lang='lat' dir='ltr'><strong>doctrina:</strong></span> <span class='ocrx_word' id='word_1_98' title='bbox 998 1808 1239 1850; x_wconf 85' lang='lat' dir='ltr'><strong>nummos</strong></span> <span class='ocrx_word' id='word_1_99' title='bbox 1273 1809 1302 1847; x_wconf 92' lang='lat' dir='ltr'><strong>a</strong></span> <span class='ocrx_word' id='word_1_100' title='bbox 1349 1792 1602 1863; x_wconf 89' lang='lat' dir='ltr'><strong>legitimis</strong></span> <span class='ocrx_word' id='word_1_101' title='bbox 1629 1800 1785 1845; x_wconf 86' lang='lat' dir='ltr'><strong>caute</strong></span> <span class='ocrx_word' id='word_1_102' title='bbox 1816 1803 2080 1859; x_wconf 74' lang='lat' dir='ltr'><strong>seponere</strong></span> 
     </span>
    </p>
   </div>
   <div class='ocr_carea' id='block_1_17' title="bbox 528 1891 779 1945">
    <p class='ocr_par' dir='ltr' id='par_1_17' title="bbox 528 1891 779 1945">
     <span class='ocr_line' id='line_1_17' title="bbox 528 1891 779 1945; baseline 0 0"><span class='ocrx_word' id='word_1_103' title='bbox 528 1891 779 1945; x_wconf 87' lang='lat' dir='ltr'><strong>scientes.</strong></span> 
     </span>
    </p>
   </div>
   <div class='ocr_carea' id='block_1_18' title="bbox 597 1971 2074 2043">
    <p class='ocr_par' dir='ltr' id='par_1_18' title="bbox 597 1971 2074 2043">
     <span class='ocr_line' id='line_1_18' title="bbox 597 1971 2074 2043; baseline -0.005 -10"><span class='ocrx_word' id='word_1_104' title='bbox 597 1978 745 2036; x_wconf 75' lang='lat' dir='ltr'><strong>Xl-X.</strong></span> <span class='ocrx_word' id='word_1_105' title='bbox 795 1977 1040 2032; x_wconf 90' lang='lat' dir='ltr'><strong>Diximus</strong></span> <span class='ocrx_word' id='word_1_106' title='bbox 1085 1978 1150 2031; x_wconf 91' lang='lat' dir='ltr'><strong>de</strong></span> <span class='ocrx_word' id='word_1_107' title='bbox 1192 1976 1379 2039; x_wconf 89' lang='lat' dir='ltr'><strong>libris;</strong></span> <span class='ocrx_word' id='word_1_108' title='bbox 1425 1974 1488 2029; x_wconf 88' lang='lat' dir='ltr'><strong>de</strong></span> <span class='ocrx_word' id='word_1_109' title='bbox 1512 1974 1632 2043; x_wconf 90' lang='lat' dir='ltr'><strong>ipso</strong></span> <span class='ocrx_word' id='word_1_110' title='bbox 1674 1972 1904 2042; x_wconf 88' lang='lat' dir='ltr'><strong>Origene</strong></span> <span class='ocrx_word' id='word_1_111' title='bbox 1947 1971 2074 2039; x_wconf 91' lang='lat' dir='ltr'><strong>quid</strong></span> 
     </span>
    </p>
   </div>
   <div class='ocr_carea' id='block_1_19' title="bbox 527 2065 2077 2135">
    <p class='ocr_par' dir='ltr' id='par_1_19' title="bbox 527 2065 2077 2135">
     <span class='ocr_line' id='line_1_19' title="bbox 527 2065 2077 2135; baseline -0.005 -10"><span class='ocrx_word' id='word_1_112' title='bbox 527 2070 863 2125; x_wconf 85' lang='lat' dir='ltr'><strong>sentiendum</strong></span> <span class='ocrx_word' id='word_1_113' title='bbox 893 2070 982 2135; x_wconf 90' lang='lat' dir='ltr'><strong>sit,</strong></span> <span class='ocrx_word' id='word_1_114' title='bbox 1004 2069 1357 2135; x_wconf 82' lang='lat' dir='ltr'><strong>exploremus.</strong></span> <span class='ocrx_word' id='word_1_115' title='bbox 1381 2066 1493 2120; x_wconf 84' lang='lat' dir='ltr'><strong>Etsi</strong></span> <span class='ocrx_word' id='word_1_116' title='bbox 1528 2065 1791 2135; x_wconf 90' lang='lat' dir='ltr'><strong>geminam</strong></span> <span class='ocrx_word' id='word_1_117' title='bbox 1818 2065 2077 2118; x_wconf 88' lang='lat' dir='ltr'><strong>adversus</strong></span> 
     </span>
    </p>
   </div>
   <div class='ocr_carea' id='block_1_20' title="bbox 526 2154 2078 2228">
    <p class='ocr_par' dir='ltr' id='par_1_20' title="bbox 526 2154 2078 2228">
     <span class='ocr_line' id='line_1_20' title="bbox 526 2154 2078 2228; baseline -0.005 -12"><span class='ocrx_word' id='word_1_118' title='bbox 526 2174 648 2216; x_wconf 90' lang='lat' dir='ltr'><strong>eum</strong></span> <span class='ocrx_word' id='word_1_119' title='bbox 676 2159 1001 2215; x_wconf 80' lang='lat' dir='ltr'><strong>conﬂaverat</strong></span> <span class='ocrx_word' id='word_1_120' title='bbox 1047 2158 1306 2228; x_wconf 86' lang='lat' dir='ltr'><strong>synodum</strong></span> <span class='ocrx_word' id='word_1_121' title='bbox 1340 2156 1643 2211; x_wconf 88' lang='lat' dir='ltr'><strong>Demetrius</strong></span> <span class='ocrx_word' id='word_1_122' title='bbox 1681 2154 2078 2209; x_wconf 87' lang='lat' dir='ltr'><strong>Alexandrinus</strong></span> 
     </span>
    </p>
   </div>
   <div class='ocr_carea' id='block_1_21' title="bbox 528 2245 2076 2320">
    <p class='ocr_par' dir='ltr' id='par_1_21' title="bbox 528 2245 2076 2320">
     <span class='ocr_line' id='line_1_21' title="bbox 528 2245 2076 2320; baseline -0.003 -15"><span class='ocrx_word' id='word_1_123' title='bbox 528 2250 811 2320; x_wconf 90' lang='lat' dir='ltr'><strong>episcopus</strong></span> <span class='ocrx_word' id='word_1_124' title='bbox 836 2291 851 2317; x_wconf 91' lang='lat'><strong>,</strong></span> <span class='ocrx_word' id='word_1_125' title='bbox 884 2264 913 2303; x_wconf 90' lang='lat' dir='ltr'><strong>a</strong></span> <span class='ocrx_word' id='word_1_126' title='bbox 948 2251 1142 2319; x_wconf 89' lang='lat' dir='ltr'><strong>quibus</strong></span> <span class='ocrx_word' id='word_1_127' title='bbox 1167 2248 1453 2304; x_wconf 89' lang='lat' dir='ltr'><strong>sacerdotii</strong></span> <span class='ocrx_word' id='word_1_128' title='bbox 1504 2248 1707 2302; x_wconf 91' lang='lat' dir='ltr'><strong>honore</strong></span> <span class='ocrx_word' id='word_1_129' title='bbox 1740 2257 1962 2311; x_wconf 76' lang='lat' dir='ltr'><strong>exutus,</strong></span> <span class='ocrx_word' id='word_1_130' title='bbox 2007 2245 2076 2301; x_wconf 91' lang='lat' dir='ltr'><strong>ab</strong></span> 
     </span>
    </p>
   </div>
   <div class='ocr_carea' id='block_1_22' title="bbox 527 2338 2074 2409">
    <p class='ocr_par' dir='ltr' id='par_1_22' title="bbox 527 2338 2074 2409">
     <span class='ocr_line' id='line_1_22' title="bbox 527 2338 2074 2409; baseline -0.005 -12"><span class='ocrx_word' id='word_1_131' title='bbox 527 2341 784 2397; x_wconf 68' lang='lat' dir='ltr'><strong>Ecclesia:</strong></span> <span class='ocrx_word' id='word_1_132' title='bbox 833 2339 1209 2397; x_wconf 87' lang='lat' dir='ltr'><strong>communione</strong></span> <span class='ocrx_word' id='word_1_133' title='bbox 1263 2340 1597 2409; x_wconf 90' lang='lat' dir='ltr'><strong>prohibitus,</strong></span> <span class='ocrx_word' id='word_1_134' title='bbox 1643 2348 1699 2394; x_wconf 92' lang='lat' dir='ltr'><strong>et</strong></span> <span class='ocrx_word' id='word_1_135' title='bbox 1752 2338 2074 2392; x_wconf 85' lang='lat' dir='ltr'><strong>Alexandria</strong></span> 
     </span>
    </p>
   </div>
   <div class='ocr_carea' id='block_1_23' title="bbox 528 2432 2080 2504">
    <p class='ocr_par' dir='ltr' id='par_1_23' title="bbox 528 2432 2080 2504">
     <span class='ocr_line' id='line_1_23' title="bbox 528 2432 2080 2504; baseline -0.003 -19"><span class='ocrx_word' id='word_1_136' title='bbox 528 2432 712 2504; x_wconf 89' lang='lat' dir='ltr'><strong>pulsus</strong></span> <span class='ocrx_word' id='word_1_137' title='bbox 737 2442 840 2497; x_wconf 90' lang='lat' dir='ltr'><strong>est,</strong></span> <span class='ocrx_word' id='word_1_138' title='bbox 876 2434 1245 2488; x_wconf 91' lang='lat' dir='ltr'><strong>consentiente</strong></span> <span class='ocrx_word' id='word_1_139' title='bbox 1292 2433 1345 2486; x_wconf 91' lang='lat' dir='ltr'><strong>in</strong></span> <span class='ocrx_word' id='word_1_140' title='bbox 1374 2433 1424 2486; x_wconf 90' lang='lat' dir='ltr'><strong>id</strong></span> <span class='ocrx_word' id='word_1_141' title='bbox 1454 2432 1725 2486; x_wconf 91' lang='lat' dir='ltr'><strong>decretum</strong></span> <span class='ocrx_word' id='word_1_142' title='bbox 1759 2438 1869 2484; x_wconf 91' lang='lat' dir='ltr'><strong>toto</strong></span> <span class='ocrx_word' id='word_1_143' title='bbox 1887 2443 2080 2498; x_wconf 89' lang='lat' dir='ltr'><strong>prope-</strong></span> 
     </span>
    </p>
   </div>
   <div class='ocr_carea' id='block_1_24' title="bbox 530 2522 2075 2579">
    <p class='ocr_par' dir='ltr' id='par_1_24' title="bbox 530 2522 2075 2579">
     <span class='ocr_line' id='line_1_24' title="bbox 530 2522 2075 2579; baseline -0.005 0"><span class='ocrx_word' id='word_1_144' title='bbox 530 2524 745 2579; x_wconf 91' lang='lat' dir='ltr'><strong>modum</strong></span> <span class='ocrx_word' id='word_1_145' title='bbox 768 2526 939 2579; x_wconf 89' lang='lat' dir='ltr'><strong>orbe:</strong></span> <span class='ocrx_word' id='word_1_146' title='bbox 964 2539 1067 2579; x_wconf 93' lang='lat' dir='ltr'><strong>non</strong></span> <span class='ocrx_word' id='word_1_147' title='bbox 1096 2532 1221 2578; x_wconf 88' lang='lat' dir='ltr'><strong>ante</strong></span> <span class='ocrx_word' id='word_1_148' title='bbox 1252 2532 1429 2578; x_wconf 89' lang='lat' dir='ltr'><strong>tamen</strong></span> <span class='ocrx_word' id='word_1_149' title='bbox 1464 2522 1705 2578; x_wconf 59' lang='lat' dir='ltr'><strong>haeretici</strong></span> <span class='ocrx_word' id='word_1_150' title='bbox 1742 2522 2075 2576; x_wconf 92' lang='lat' dir='ltr'><strong>notaiterum</strong></span> 
     </span>
    </p>
   </div>
   <div class='ocr_carea' id='block_1_25' title="bbox 529 2609 2075 2684">
    <p class='ocr_par' dir='ltr' id='par_1_25' title="bbox 529 2609 2075 2684">
     <span class='ocr_line' id='line_1_25' title="bbox 529 2609 2075 2684; baseline -0.003 -15"><span class='ocrx_word' id='word_1_151' title='bbox 529 2616 630 2684; x_wconf 86' lang='lat' dir='ltr'><strong>ipsi</strong></span> <span class='ocrx_word' id='word_1_152' title='bbox 661 2615 799 2669; x_wconf 91' lang='lat' dir='ltr'><strong>inuri</strong></span> <span class='ocrx_word' id='word_1_153' title='bbox 824 2624 1002 2683; x_wconf 80' lang='lat' dir='ltr'><strong>coepta</strong></span> <span class='ocrx_word' id='word_1_154' title='bbox 1031 2624 1134 2679; x_wconf 89' lang='lat' dir='ltr'><strong>est,</strong></span> <span class='ocrx_word' id='word_1_155' title='bbox 1164 2630 1324 2683; x_wconf 90' lang='lat' dir='ltr'><strong>quam</strong></span> <span class='ocrx_word' id='word_1_156' title='bbox 1358 2613 1680 2683; x_wconf 84' lang='lat' dir='ltr'><strong>Epiphanius</strong></span> <span class='ocrx_word' id='word_1_157' title='bbox 1719 2626 1840 2667; x_wconf 91' lang='lat' dir='ltr'><strong>cum</strong></span> <span class='ocrx_word' id='word_1_158' title='bbox 1870 2609 2075 2665; x_wconf 85' lang='lat' dir='ltr'><strong>Joanne</strong></span> 
     </span>
    </p>
   </div>
   <div class='ocr_carea' id='block_1_26' title="bbox 526 2702 2079 2785">
    <p class='ocr_par' dir='ltr' id='par_1_26' title="bbox 526 2702 2079 2785">
     <span class='ocr_line' id='line_1_26' title="bbox 526 2702 2079 2785; baseline -0.005 -24"><span class='ocrx_word' id='word_1_159' title='bbox 526 2706 1010 2771; x_wconf 82' lang='lat' dir='ltr'><strong>.lcrosolvmitano,</strong></span> <span class='ocrx_word' id='word_1_160' title='bbox 1040 2705 1362 2785; x_wconf 64' lang='lat' dir='ltr'><strong>Theophilus</strong></span> <span class='ocrx_word' id='word_1_161' title='bbox 1404 2720 1525 2759; x_wconf 91' lang='lat' dir='ltr'><strong>cum</strong></span> <span class='ocrx_word' id='word_1_162' title='bbox 1566 2702 1921 2757; x_wconf 85' lang='lat' dir='ltr'><strong>Nitriensibus</strong></span> <span class='ocrx_word' id='word_1_163' title='bbox 1966 2716 2079 2755; x_wconf 87' lang='lat' dir='ltr'><strong>mo-</strong></span> 
     </span>
    </p>
   </div>
   <div class='ocr_carea' id='block_1_27' title="bbox 529 2794 2075 2865">
    <p class='ocr_par' dir='ltr' id='par_1_27' title="bbox 529 2794 2075 2865">
     <span class='ocr_line' id='line_1_27' title="bbox 529 2794 2075 2865; baseline -0.003 -13"><span class='ocrx_word' id='word_1_164' title='bbox 529 2797 736 2862; x_wconf 90' lang='lat' dir='ltr'><strong>nacbis,</strong></span> <span class='ocrx_word' id='word_1_165' title='bbox 759 2796 1112 2865; x_wconf 83' lang='lat' dir='ltr'><strong>Hieronymus</strong></span> <span class='ocrx_word' id='word_1_166' title='bbox 1131 2811 1251 2852; x_wconf 91' lang='lat' dir='ltr'><strong>cum</strong></span> <span class='ocrx_word' id='word_1_167' title='bbox 1281 2795 1472 2851; x_wconf 77' lang='lat' dir='ltr'><strong>Ruﬁno</strong></span> <span class='ocrx_word' id='word_1_168' title='bbox 1498 2796 1786 2851; x_wconf 87' lang='lat' dir='ltr'><strong>altercatus</strong></span> <span class='ocrx_word' id='word_1_169' title='bbox 1812 2804 1911 2850; x_wconf 87' lang='lat' dir='ltr'><strong>est.</strong></span> <span class='ocrx_word' id='word_1_170' title='bbox 1943 2794 2075 2848; x_wconf 86' lang='lat' dir='ltr'><strong>Nam</strong></span> 
     </span>
    </p>
   </div>
   <div class='ocr_carea' id='block_1_28' title="bbox 532 2885 2074 2957">
    <p class='ocr_par' dir='ltr' id='par_1_28' title="bbox 532 2885 2074 2957">
     <span class='ocr_line' id='line_1_28' title="bbox 532 2885 2074 2957; baseline -0.003 -14"><span class='ocrx_word' id='word_1_171' title='bbox 532 2899 812 2957; x_wconf 89' lang='lat' dir='ltr'><strong>postquam</strong></span> <span class='ocrx_word' id='word_1_172' title='bbox 850 2889 1107 2957; x_wconf 84' lang='lat' dir='ltr'><strong>synodum</strong></span> <span class='ocrx_word' id='word_1_173' title='bbox 1136 2886 1472 2939; x_wconf 67' lang='lat' dir='ltr'><strong>Alexandriae</strong></span> <span class='ocrx_word' id='word_1_174' title='bbox 1503 2886 1681 2956; x_wconf 91' lang='lat' dir='ltr'><strong>coegit</strong></span> <span class='ocrx_word' id='word_1_175' title='bbox 1725 2885 2074 2955; x_wconf 87' lang='lat' dir='ltr'><strong>Theophilus,</strong></span> 
     </span>
    </p>
   </div>
   <div class='ocr_carea' id='block_1_29' title="bbox 528 2976 2078 3047">
    <p class='ocr_par' dir='ltr' id='par_1_29' title="bbox 528 2976 2078 3047">
     <span class='ocr_line' id='line_1_29' title="bbox 528 2976 2078 3047; baseline -0.002 -13"><span class='ocrx_word' id='word_1_176' title='bbox 528 2992 581 3034; x_wconf 89' lang='lat' dir='ltr'><strong>et</strong></span> <span class='ocrx_word' id='word_1_177' title='bbox 622 2979 870 3046; x_wconf 87' lang='lat' dir='ltr'><strong>Origenis</strong></span> <span class='ocrx_word' id='word_1_178' title='bbox 899 2978 1148 3031; x_wconf 89' lang='lat' dir='ltr'><strong>colubros</strong></span> <span class='ocrx_word' id='word_1_179' title='bbox 1178 2976 1482 3047; x_wconf 88' lang='lat' dir='ltr'><strong>evangelico</strong></span> <span class='ocrx_word' id='word_1_180' title='bbox 1523 2990 1654 3031; x_wconf 85' lang='lat' dir='ltr'><strong>ense</strong></span> <span class='ocrx_word' id='word_1_181' title='bbox 1689 2978 1973 3041; x_wconf 87' lang='lat' dir='ltr'><strong>truncavit,</strong></span> <span class='ocrx_word' id='word_1_182' title='bbox 2018 2986 2078 3031; x_wconf 91' lang='lat' dir='ltr'><strong>ut</strong></span> 
     </span>
    </p>
   </div>
   <div class='ocr_carea' id='block_1_30' title="bbox 529 3068 2076 3141">
    <p class='ocr_par' dir='ltr' id='par_1_30' title="bbox 529 3068 2076 3141">
     <span class='ocr_line' id='line_1_30' title="bbox 529 3068 2076 3141; baseline -0.003 -17"><span class='ocrx_word' id='word_1_183' title='bbox 529 3072 642 3140; x_wconf 88' lang='lat' dir='ltr'><strong>ipse</strong></span> <span class='ocrx_word' id='word_1_184' title='bbox 671 3075 765 3131; x_wconf 87' lang='lat' dir='ltr'><strong>ait,</strong></span> <span class='ocrx_word' id='word_1_185' title='bbox 797 3069 1147 3141; x_wconf 84' lang='lat' dir='ltr'><strong>Epiphanium</strong></span> <span class='ocrx_word' id='word_1_186' title='bbox 1184 3069 1391 3138; x_wconf 77' lang='lat' dir='ltr'><strong>rogavit</strong></span> <span class='ocrx_word' id='word_1_187' title='bbox 1418 3082 1513 3138; x_wconf 91' lang='lat' dir='ltr'><strong>per</strong></span> <span class='ocrx_word' id='word_1_188' title='bbox 1548 3068 1827 3136; x_wconf 90' lang='lat' dir='ltr'><strong>epistolam</strong></span> <span class='ocrx_word' id='word_1_189' title='bbox 1849 3106 1865 3133; x_wconf 95' lang='lat'><strong>,</strong></span> <span class='ocrx_word' id='word_1_190' title='bbox 1898 3079 1955 3121; x_wconf 88' lang='lat' dir='ltr'><strong>ut</strong></span> <span class='ocrx_word' id='word_1_191' title='bbox 1986 3083 2076 3139; x_wconf 83' lang='lat' dir='ltr'><strong>sy-</strong></span> 
     </span>
    </p>
   </div>
   <div class='ocr_carea' id='block_1_31' title="bbox 529 3161 2074 3231">
    <p class='ocr_par' dir='ltr' id='par_1_31' title="bbox 529 3161 2074 3231">
     <span class='ocr_line' id='line_1_31' title="bbox 529 3161 2074 3231; baseline -0.002 -13"><span class='ocrx_word' id='word_1_192' title='bbox 529 3164 723 3218; x_wconf 87' lang='lat' dir='ltr'><strong>nodum</strong></span> <span class='ocrx_word' id='word_1_193' title='bbox 756 3168 869 3231; x_wconf 87' lang='lat' dir='ltr'><strong>ipse</strong></span> <span class='ocrx_word' id='word_1_194' title='bbox 917 3170 1283 3231; x_wconf 77' lang='lat' dir='ltr'><strong>congregaret,</strong></span> <span class='ocrx_word' id='word_1_195' title='bbox 1313 3161 1717 3230; x_wconf 83' lang='lat' dir='ltr'><strong>perliceretque,</strong></span> <span class='ocrx_word' id='word_1_196' title='bbox 1752 3180 1770 3212; x_wconf 71' lang='grc' dir='ltr'><strong><em>ι</em></strong></span> <span class='ocrx_word' id='word_1_197' title='bbox 1804 3171 1860 3215; x_wconf 94' lang='lat' dir='ltr'><strong>ut</strong></span> <span class='ocrx_word' id='word_1_198' title='bbox 1886 3162 2074 3231; x_wconf 88' lang='lat' dir='ltr'><strong>Orige-</strong></span> 
     </span>
    </p>
   </div>
   <div class='ocr_carea' id='block_1_32' title="bbox 530 3251 2069 3319">
    <p class='ocr_par' dir='ltr' id='par_1_32' title="bbox 530 3251 2069 3319">
     <span class='ocr_line' id='line_1_32' title="bbox 530 3251 2069 3319; baseline -0.004 -10"><span class='ocrx_word' id='word_1_199' title='bbox 530 3267 622 3309; x_wconf 88' lang='lat' dir='ltr'><strong>nes</strong></span> <span class='ocrx_word' id='word_1_200' title='bbox 653 3253 1059 3314; x_wconf 85' lang='lat' dir='ltr'><strong>nominatim.et</strong></span> <span class='ocrx_word' id='word_1_201' title='bbox 1076 3251 1276 3305; x_wconf 89' lang='lat' dir='ltr'><strong>nefaria</strong></span> <span class='ocrx_word' id='word_1_202' title='bbox 1308 3251 1528 3305; x_wconf 69' lang='lat' dir='ltr'><strong>haeresis</strong></span> <span class='ocrx_word' id='word_1_203' title='bbox 1558 3252 2022 3319; x_wconf 83' lang='lat' dir='ltr'><strong>condemnaretur;</strong></span> <span class='ocrx_word' id='word_1_204' title='bbox 2051 3271 2069 3303; x_wconf 73' lang='grc' dir='ltr'><strong><em>ι</em></strong></span> 
     </span>
    </p>
   </div>
   <div class='ocr_carea' id='block_1_33' title="bbox 528 3340 2073 3415">
    <p class='ocr_par' dir='ltr' id='par_1_33' title="bbox 528 3340 2073 3415">
     <span class='ocr_line' id='line_1_33' title="bbox 528 3340 2073 3415; baseline -0.003 -16"><span class='ocrx_word' id='word_1_205' title='bbox 528 3345 679 3415; x_wconf 86' lang='lat' dir='ltr'><strong>cujus</strong></span> <span class='ocrx_word' id='word_1_206' title='bbox 730 3343 953 3399; x_wconf 89' lang='lat' dir='ltr'><strong>consilio</strong></span> <span class='ocrx_word' id='word_1_207' title='bbox 994 3342 1323 3412; x_wconf 88' lang='lat' dir='ltr'><strong>Epiphanius</strong></span> <span class='ocrx_word' id='word_1_208' title='bbox 1364 3340 1579 3395; x_wconf 89' lang='lat' dir='ltr'><strong>demum</strong></span> <span class='ocrx_word' id='word_1_209' title='bbox 1648 3342 1930 3396; x_wconf 89' lang='lat' dir='ltr'><strong>obsecutus</strong></span> <span class='ocrx_word' id='word_1_210' title='bbox 1970 3353 2073 3397; x_wconf 91' lang='lat' dir='ltr'><strong>est.</strong></span> 
     </span>
    </p>
   </div>
   <div class='ocr_carea' id='block_1_34' title="bbox 528 3431 2076 3502">
    <p class='ocr_par' dir='ltr' id='par_1_34' title="bbox 528 3431 2076 3502">
     <span class='ocr_line' id='line_1_34' title="bbox 528 3431 2076 3502; baseline -0.002 -13"><span class='ocrx_word' id='word_1_211' title='bbox 528 3432 712 3489; x_wconf 77' lang='lat' dir='ltr'><strong>Refert</strong></span> <span class='ocrx_word' id='word_1_212' title='bbox 754 3432 1105 3502; x_wconf 83' lang='lat' dir='ltr'><strong>Hieronymus</strong></span> <span class='ocrx_word' id='word_1_213' title='bbox 1152 3432 1243 3486; x_wconf 86' lang='lat' dir='ltr'><strong>tib.</strong></span> <span class='ocrx_word' id='word_1_214' title='bbox 1301 3446 1336 3485; x_wconf 90' lang='lat' dir='ltr'><strong>ll</strong></span> <span class='ocrx_word' id='word_1_215' title='bbox 1383 3432 1599 3501; x_wconf 81' lang='lat' dir='ltr'><strong>Apolog.</strong></span> <span class='ocrx_word' id='word_1_216' title='bbox 1641 3433 1839 3486; x_wconf 80' lang='lat' dir='ltr'><strong>advers.</strong></span> <span class='ocrx_word' id='word_1_217' title='bbox 1874 3431 2076 3499; x_wconf 66' lang='lat' dir='ltr'><strong>(iu/im,</strong></span> 
     </span>
    </p>
   </div>
   <div class='ocr_carea' id='block_1_35' title="bbox 527 3524 2077 3597">
    <p class='ocr_par' dir='ltr' id='par_1_35' title="bbox 527 3524 2077 3597">
     <span class='ocr_line' id='line_1_35' title="bbox 527 3524 2077 3597; baseline -0.002 -15"><span class='ocrx_word' id='word_1_218' title='bbox 527 3542 647 3597; x_wconf 86' lang='lat' dir='ltr'><strong>cap.</strong></span> <span class='ocrx_word' id='word_1_219' title='bbox 680 3526 734 3593; x_wconf 86' lang='lat'><strong>6,</strong></span> <span class='ocrx_word' id='word_1_220' title='bbox 761 3537 815 3580; x_wconf 90' lang='lat' dir='ltr'><strong>et</strong></span> <span class='ocrx_word' id='word_1_221' title='bbox 844 3527 896 3579; x_wconf 94' lang='lat' dir='ltr'><strong>in</strong></span> <span class='ocrx_word' id='word_1_222' title='bbox 942 3530 1097 3595; x_wconf 86' lang='lat' dir='ltr'><strong>epist.</strong></span> <span class='ocrx_word' id='word_1_223' title='bbox 1125 3527 1190 3579; x_wconf 91' lang='lat' dir='ltr'><strong>ad</strong></span> <span class='ocrx_word' id='word_1_224' title='bbox 1220 3524 1530 3579; x_wconf 87' lang='lat' dir='ltr'><strong>Paunnach.</strong></span> <span class='ocrx_word' id='word_1_225' title='bbox 1560 3537 1613 3579; x_wconf 92' lang='lat' dir='ltr'><strong>et</strong></span> <span class='ocrx_word' id='word_1_226' title='bbox 1641 3524 1899 3592; x_wconf 79' lang='lat' dir='ltr'><strong>MarcelL,</strong></span> <span class='ocrx_word' id='word_1_227' title='bbox 1934 3528 2077 3579; x_wconf 81' lang='lat' dir='ltr'><strong>Ana-</strong></span> 
     </span>
    </p>
   </div>
   <div class='ocr_carea' id='block_1_36' title="bbox 528 3616 2078 3687">
    <p class='ocr_par' dir='ltr' id='par_1_36' title="bbox 528 3616 2078 3687">
     <span class='ocr_line' id='line_1_36' title="bbox 528 3616 2078 3687; baseline -0.002 -13"><span class='ocrx_word' id='word_1_228' title='bbox 528 3620 749 3675; x_wconf 89' lang='lat' dir='ltr'><strong>stasiutn</strong></span> <span class='ocrx_word' id='word_1_229' title='bbox 785 3617 1083 3672; x_wconf 83' lang='lat' dir='ltr'><strong>Romanum</strong></span> <span class='ocrx_word' id='word_1_230' title='bbox 1111 3616 1435 3686; x_wconf 76' lang='lat' dir='ltr'><strong>pontiﬁcem,</strong></span> <span class='ocrx_word' id='word_1_231' title='bbox 1473 3617 1821 3687; x_wconf 88' lang='lat' dir='ltr'><strong>Theophilum</strong></span> <span class='ocrx_word' id='word_1_232' title='bbox 1851 3618 2078 3671; x_wconf 79' lang='lat' dir='ltr'><strong>Alexan-</strong></span> 
     </span>
    </p>
   </div>
   <div class='ocr_carea' id='block_1_37' title="bbox 527 3709 2076 3775">
    <p class='ocr_par' dir='ltr' id='par_1_37' title="bbox 527 3709 2076 3775">
     <span class='ocr_line' id='line_1_37' title="bbox 527 3709 2076 3775; baseline 0 -10"><span class='ocrx_word' id='word_1_233' title='bbox 527 3713 775 3775; x_wconf 87' lang='lat' dir='ltr'><strong>drinum,</strong></span> <span class='ocrx_word' id='word_1_234' title='bbox 824 3709 1114 3765; x_wconf 80' lang='lat' dir='ltr'><strong>Venerium</strong></span> <span class='ocrx_word' id='word_1_235' title='bbox 1179 3709 1622 3764; x_wconf 82' lang='lat' dir='ltr'><strong>Mediolanensetn</strong></span> <span class='ocrx_word' id='word_1_236' title='bbox 1650 3750 1665 3775; x_wconf 94' lang='lat'><strong>,</strong></span> <span class='ocrx_word' id='word_1_237' title='bbox 1711 3709 2076 3766; x_wconf 88' lang='lat' dir='ltr'><strong>Chromatium</strong></span> 
     </span>
    </p>
   </div>
   <div class='ocr_carea' id='block_1_38' title="bbox 528 3802 2077 3874">
    <p class='ocr_par' dir='ltr' id='par_1_38' title="bbox 528 3802 2077 3874">
     <span class='ocr_line' id='line_1_38' title="bbox 528 3802 2077 3874; baseline -0.003 -14"><span class='ocrx_word' id='word_1_238' title='bbox 528 3804 924 3874; x_wconf 84' lang='lat' dir='ltr'><strong>Aquileiensem</strong></span> <span class='ocrx_word' id='word_1_239' title='bbox 946 3844 963 3870; x_wconf 94' lang='lat'><strong>,</strong></span> <span class='ocrx_word' id='word_1_240' title='bbox 997 3814 1049 3858; x_wconf 93' lang='lat' dir='ltr'><strong>et</strong></span> <span class='ocrx_word' id='word_1_241' title='bbox 1075 3818 1286 3858; x_wconf 91' lang='lat' dir='ltr'><strong>omnem</strong></span> <span class='ocrx_word' id='word_1_242' title='bbox 1321 3818 1427 3858; x_wconf 81' lang='lat' dir='ltr'><strong>tam</strong></span> <span class='ocrx_word' id='word_1_243' title='bbox 1472 3802 1705 3858; x_wconf 91' lang='lat' dir='ltr'><strong>Orientis</strong></span> <span class='ocrx_word' id='word_1_244' title='bbox 1732 3819 1892 3872; x_wconf 89' lang='lat' dir='ltr'><strong>quam</strong></span> <span class='ocrx_word' id='word_1_245' title='bbox 1923 3804 2077 3860; x_wconf 83' lang='lat' dir='ltr'><strong>Occi-</strong></span> 
     </span>
    </p>
   </div>
   <div class='ocr_carea' id='block_1_39' title="bbox 530 3894 2080 3966">
    <p class='ocr_par' dir='ltr' id='par_1_39' title="bbox 530 3894 2080 3966">
     <span class='ocr_line' id='line_1_39' title="bbox 530 3894 2080 3966; baseline -0.001 -16"><span class='ocrx_word' id='word_1_246' title='bbox 530 3897 706 3952; x_wconf 88' lang='lat' dir='ltr'><strong>dentis</strong></span> <span class='ocrx_word' id='word_1_247' title='bbox 738 3895 1131 3950; x_wconf 89' lang='lat' dir='ltr'><strong>Catholicorutn</strong></span> <span class='ocrx_word' id='word_1_248' title='bbox 1166 3894 1425 3966; x_wconf 85' lang='lat' dir='ltr'><strong>synodum</strong></span> <span class='ocrx_word' id='word_1_249' title='bbox 1459 3895 1571 3962; x_wconf 90' lang='lat' dir='ltr'><strong>pari</strong></span> <span class='ocrx_word' id='word_1_250' title='bbox 1596 3897 1859 3950; x_wconf 88' lang='lat' dir='ltr'><strong>sententia</strong></span> <span class='ocrx_word' id='word_1_251' title='bbox 1887 3905 1941 3949; x_wconf 94' lang='lat' dir='ltr'><strong>et</strong></span> <span class='ocrx_word' id='word_1_252' title='bbox 1966 3895 2080 3964; x_wconf 88' lang='lat' dir='ltr'><strong>pari</strong></span> 
     </span>
    </p>
   </div>
   <div class='ocr_carea' id='block_1_40' title="bbox 530 3986 2082 4057">
    <p class='ocr_par' dir='ltr' id='par_1_40' title="bbox 530 3986 2082 4057">
     <span class='ocr_line' id='line_1_40' title="bbox 530 3986 2082 4057; baseline 0.001 -15"><span class='ocrx_word' id='word_1_253' title='bbox 530 3989 718 4057; x_wconf 87' lang='lat' dir='ltr'><strong>spiritu</strong></span> <span class='ocrx_word' id='word_1_254' title='bbox 750 3988 1054 4040; x_wconf 69' lang='lat' dir='ltr'><strong>haereticum</strong></span> <span class='ocrx_word' id='word_1_255' title='bbox 1088 3986 1232 4039; x_wconf 92' lang='lat' dir='ltr'><strong>illum</strong></span> <span class='ocrx_word' id='word_1_256' title='bbox 1263 3987 1604 4041; x_wconf 77' lang='lat' dir='ltr'><strong>denuntiasse</strong></span> <span class='ocrx_word' id='word_1_257' title='bbox 1638 4004 1652 4039; x_wconf 90' lang='lat'><strong>:</strong></span> <span class='ocrx_word' id='word_1_258' title='bbox 1684 4002 1791 4056; x_wconf 85' lang='lat' dir='ltr'><strong>quo</strong></span> <span class='ocrx_word' id='word_1_259' title='bbox 1818 4004 1938 4041; x_wconf 88' lang='lat' dir='ltr'><strong>eum</strong></span> <span class='ocrx_word' id='word_1_260' title='bbox 1970 3989 2082 4056; x_wconf 85' lang='lat' dir='ltr'><strong>ipse</strong></span> 
     </span>
    </p>
   </div>
   <div class='ocr_carea' id='block_1_41' title="bbox 531 4077 2078 4147">
    <p class='ocr_par' dir='ltr' id='par_1_41' title="bbox 531 4077 2078 4147">
     <span class='ocr_line' id='line_1_41' title="bbox 531 4077 2078 4147; baseline 0.001 -15"><span class='ocrx_word' id='word_1_261' title='bbox 531 4094 743 4147; x_wconf 84' lang='lat' dir='ltr'><strong>quoque</strong></span> <span class='ocrx_word' id='word_1_262' title='bbox 803 4078 955 4130; x_wconf 88' lang='lat' dir='ltr'><strong>titulo</strong></span> <span class='ocrx_word' id='word_1_263' title='bbox 1006 4077 1247 4131; x_wconf 78' lang='lat' dir='ltr'><strong>infamat.</strong></span> <span class='ocrx_word' id='word_1_264' title='bbox 1317 4077 1644 4143; x_wconf 85' lang='lat' dir='ltr'><strong>Theophilus</strong></span> <span class='ocrx_word' id='word_1_265' title='bbox 1698 4079 1917 4147; x_wconf 87' lang='lat' dir='ltr'><strong>hydram</strong></span> <span class='ocrx_word' id='word_1_266' title='bbox 1960 4094 2078 4134; x_wconf 92' lang='lat' dir='ltr'><strong>eum</strong></span> 
     </span>
    </p>
   </div>
   <div class='ocr_carea' id='block_1_42' title="bbox 530 4170 2082 4239">
    <p class='ocr_par' dir='ltr' id='par_1_42' title="bbox 530 4170 2082 4239">
     <span class='ocr_line' id='line_1_42' title="bbox 530 4170 2082 4239; baseline -0.001 -13"><span class='ocrx_word' id='word_1_267' title='bbox 530 4172 766 4227; x_wconf 91' lang='lat' dir='ltr'><strong>omnium</strong></span> <span class='ocrx_word' id='word_1_268' title='bbox 798 4170 1071 4224; x_wconf 64' lang='lat' dir='ltr'><strong>haereseon</strong></span> <span class='ocrx_word' id='word_1_269' title='bbox 1112 4178 1164 4222; x_wconf 93' lang='lat' dir='ltr'><strong>et</strong></span> <span class='ocrx_word' id='word_1_270' title='bbox 1190 4170 1391 4223; x_wconf 87' lang='lat' dir='ltr'><strong>erroris</strong></span> <span class='ocrx_word' id='word_1_271' title='bbox 1435 4170 1746 4237; x_wconf 86' lang='lat' dir='ltr'><strong>magistrum</strong></span> <span class='ocrx_word' id='word_1_272' title='bbox 1779 4186 1842 4225; x_wconf 86' lang='lat' dir='ltr'><strong>ac</strong></span> <span class='ocrx_word' id='word_1_273' title='bbox 1882 4171 2082 4239; x_wconf 85' lang='lat' dir='ltr'><strong>princi-</strong></span> 
     </span>
    </p>
   </div>
   <div class='ocr_carea' id='block_1_43' title="bbox 530 4260 2083 4334">
    <p class='ocr_par' dir='ltr' id='par_1_43' title="bbox 530 4260 2083 4334">
     <span class='ocr_line' id='line_1_43' title="bbox 530 4260 2083 4334; baseline -0.002 -15"><span class='ocrx_word' id='word_1_274' title='bbox 530 4280 651 4334; x_wconf 79' lang='lat' dir='ltr'><strong>pem</strong></span> <span class='ocrx_word' id='word_1_275' title='bbox 684 4264 946 4330; x_wconf 88' lang='lat' dir='ltr'><strong>nominat,</strong></span> <span class='ocrx_word' id='word_1_276' title='bbox 976 4261 1166 4319; x_wconf 78' lang='lat' dir='ltr'><strong>Pasch.</strong></span> <span class='ocrx_word' id='word_1_277' title='bbox 1198 4278 1240 4325; x_wconf 88' lang='grc' dir='ltr'>ι,</span> <span class='ocrx_word' id='word_1_278' title='bbox 1269 4260 1711 4328; x_wconf 90' lang='lat' dir='ltr'><strong>quemadmodum</strong></span> <span class='ocrx_word' id='word_1_279' title='bbox 1755 4270 1810 4315; x_wconf 93' lang='lat' dir='ltr'><strong>et</strong></span> <span class='ocrx_word' id='word_1_280' title='bbox 1848 4262 2083 4317; x_wconf 86' lang='lat' dir='ltr'><strong>Zonaras</strong></span> 
     </span>
    </p>
   </div>
   <div class='ocr_carea' id='block_1_44' title="bbox 533 4355 2083 4425">
    <p class='ocr_par' dir='ltr' id='par_1_44' title="bbox 533 4355 2083 4425">
     <span class='ocr_line' id='line_1_44' title="bbox 533 4355 2083 4425; baseline -0.001 -13"><span class='ocrx_word' id='word_1_281' title='bbox 533 4360 587 4412; x_wconf 92' lang='lat' dir='ltr'><strong>in</strong></span> <span class='ocrx_word' id='word_1_282' title='bbox 620 4358 801 4413; x_wconf 87' lang='lat' dir='ltr'><strong>Decio.</strong></span> <span class='ocrx_word' id='word_1_283' title='bbox 834 4356 1077 4412; x_wconf 89' lang='lat' dir='ltr'><strong>Gelasius</strong></span> <span class='ocrx_word' id='word_1_284' title='bbox 1134 4371 1266 4425; x_wconf 88' lang='lat' dir='ltr'><strong>papa</strong></span> <span class='ocrx_word' id='word_1_285' title='bbox 1304 4356 1355 4409; x_wconf 93' lang='lat' dir='ltr'><strong>in</strong></span> <span class='ocrx_word' id='word_1_286' title='bbox 1387 4355 1628 4409; x_wconf 81' lang='lat' dir='ltr'><strong>Romano</strong></span> <span class='ocrx_word' id='word_1_287' title='bbox 1668 4356 1897 4411; x_wconf 89' lang='lat' dir='ltr'><strong>concilio</strong></span> <span class='ocrx_word' id='word_1_288' title='bbox 1937 4357 2083 4411; x_wconf 90' lang='lat' dir='ltr'><strong>schi-</strong></span> 
     </span>
    </p>
   </div>
   <div class='ocr_carea' id='block_1_45' title="bbox 534 4448 2083 4520">
    <p class='ocr_par' dir='ltr' id='par_1_45' title="bbox 534 4448 2083 4520">
     <span class='ocr_line' id='line_1_45' title="bbox 534 4448 2083 4520; baseline -0.001 -16"><span class='ocrx_word' id='word_1_289' title='bbox 534 4450 814 4505; x_wconf 87' lang='lat' dir='ltr'><strong>smaticum</strong></span> <span class='ocrx_word' id='word_1_290' title='bbox 841 4465 962 4504; x_wconf 93' lang='lat' dir='ltr'><strong>eum</strong></span> <span class='ocrx_word' id='word_1_291' title='bbox 980 4448 1225 4518; x_wconf 88' lang='lat' dir='ltr'><strong>appellat.</strong></span> <span class='ocrx_word' id='word_1_292' title='bbox 1249 4448 1577 4502; x_wconf 86' lang='lat' dir='ltr'><strong>Autiochena</strong></span> <span class='ocrx_word' id='word_1_293' title='bbox 1611 4448 1892 4517; x_wconf 70' lang='lat' dir='ltr'><strong>Ephraemii</strong></span> <span class='ocrx_word' id='word_1_294' title='bbox 1923 4464 2083 4520; x_wconf 88' lang='lat' dir='ltr'><strong>syno-</strong></span> 
     </span>
    </p>
   </div>
   <div class='ocr_carea' id='block_1_46' title="bbox 1780 387 2461 446">
    <p class='ocr_par' dir='ltr' id='par_1_46' title="bbox 1780 387 2461 446">
     <span class='ocr_line' id='line_1_46' title="bbox 1780 387 2461 446; baseline -0.003 -1"><span class='ocrx_word' id='word_1_295' title='bbox 1780 391 1836 445; x_wconf 86' lang='lat' dir='ltr'><strong>P.</strong></span> <span class='ocrx_word' id='word_1_296' title='bbox 1878 390 2187 446; x_wconf 82' lang='lat' dir='ltr'><strong>DANIELIS</strong></span> <span class='ocrx_word' id='word_1_297' title='bbox 2235 387 2461 445; x_wconf 83' lang='lat' dir='ltr'><strong>HUETII</strong></span> 
     </span>
    </p>
   </div>
   <div class='ocr_carea' id='block_1_47' title="bbox 1122 501 3718 580">
    <p class='ocr_par' dir='ltr' id='par_1_47' title="bbox 1122 501 3718 580">
     <span class='ocr_line' id='line_1_47' title="bbox 1122 501 3718 580; baseline -0.003 -18"><span class='ocrx_word' id='word_1_298' title='bbox 1122 528 1142 562; x_wconf 70' lang='grc' dir='ltr'><strong><em>ι</em></strong></span> <span class='ocrx_word' id='word_1_299' title='bbox 1199 503 1446 580; x_wconf 83' lang='lat' dir='ltr'><strong>Origenis</strong></span> <span class='ocrx_word' id='word_1_300' title='bbox 1493 508 1743 563; x_wconf 89' lang='lat' dir='ltr'><strong>nonnulla</strong></span> <span class='ocrx_word' id='word_1_301' title='bbox 1793 508 2072 576; x_wconf 88' lang='lat' dir='ltr'><strong>opuscula,</strong></span> <span class='ocrx_word' id='word_1_302' title='bbox 2102 513 2149 568; x_wconf 75' lang='grc' dir='ltr'><strong>Α</strong></span> <span class='ocrx_word' id='word_1_303' title='bbox 2178 506 2360 574; x_wconf 87' lang='lat' dir='ltr'><strong>Itaque</strong></span> <span class='ocrx_word' id='word_1_304' title='bbox 2406 504 2746 559; x_wconf 88' lang='lat' dir='ltr'><strong>anathemate</strong></span> <span class='ocrx_word' id='word_1_305' title='bbox 2799 501 3073 573; x_wconf 90' lang='lat' dir='ltr'><strong>perculsus</strong></span> <span class='ocrx_word' id='word_1_306' title='bbox 3116 504 3184 557; x_wconf 90' lang='lat' dir='ltr'><strong>ab</strong></span> <span class='ocrx_word' id='word_1_307' title='bbox 3230 516 3291 556; x_wconf 87' lang='lat' dir='ltr'><strong>ea</strong></span> <span class='ocrx_word' id='word_1_308' title='bbox 3349 509 3403 555; x_wconf 94' lang='lat' dir='ltr'><strong>et</strong></span> <span class='ocrx_word' id='word_1_309' title='bbox 3443 501 3718 555; x_wconf 73' lang='lat' dir='ltr'><strong>hmtieus</strong></span> 
     </span>
    </p>
   </div>
   <div class='ocr_carea' id='block_1_48' title="bbox 3587 388 3714 442">
    <p class='ocr_par' dir='ltr' id='par_1_48' title="bbox 3587 388 3714 442">
     <span class='ocr_line' id='line_1_48' title="bbox 3587 388 3714 442; baseline 0.024 -3"><span class='ocrx_word' id='word_1_310' title='bbox 3587 388 3714 442; x_wconf 70' lang='lat' dir='ltr'><strong>1H2</strong></span> 
     </span>
    </p>
   </div>
   <div class='ocr_carea' id='block_1_49' title="bbox 2171 591 3720 668">
    <p class='ocr_par' dir='ltr' id='par_1_49' title="bbox 2171 591 3720 668">
     <span class='ocr_line' id='line_1_49' title="bbox 2171 591 3720 668; baseline -0.006 -14"><span class='ocrx_word' id='word_1_311' title='bbox 2171 598 2429 668; x_wconf 86' lang='lat' dir='ltr'><strong>Origenes</strong></span> <span class='ocrx_word' id='word_1_312' title='bbox 2460 595 2757 667; x_wconf 88' lang='lat' dir='ltr'><strong>appellatus</strong></span> <span class='ocrx_word' id='word_1_313' title='bbox 2783 603 2882 649; x_wconf 92' lang='lat' dir='ltr'><strong>est.</strong></span> <span class='ocrx_word' id='word_1_314' title='bbox 2920 594 3071 662; x_wconf 85' lang='lat' dir='ltr'><strong>Quod</strong></span> <span class='ocrx_word' id='word_1_315' title='bbox 3122 609 3150 646; x_wconf 89' lang='lat' dir='ltr'><strong>a</strong></span> <span class='ocrx_word' id='word_1_316' title='bbox 3195 603 3344 647; x_wconf 86' lang='lat' dir='ltr'><strong>sexta</strong></span> <span class='ocrx_word' id='word_1_317' title='bbox 3371 591 3597 646; x_wconf 89' lang='lat' dir='ltr'><strong>subinde</strong></span> <span class='ocrx_word' id='word_1_318' title='bbox 3638 606 3720 661; x_wconf 68' lang='lat' dir='ltr'><strong>r1-</strong></span> 
     </span>
    </p>
   </div>
   <div class='ocr_carea' id='block_1_50' title="bbox 2173 682 3717 755">
    <p class='ocr_par' dir='ltr' id='par_1_50' title="bbox 2173 682 3717 755">
     <span class='ocr_line' id='line_1_50' title="bbox 2173 682 3717 755; baseline -0.005 -14"><span class='ocrx_word' id='word_1_319' title='bbox 2173 690 2309 741; x_wconf 90' lang='lat' dir='ltr'><strong>nodo</strong></span> <span class='ocrx_word' id='word_1_320' title='bbox 2338 687 2433 741; x_wconf 88' lang='lat' dir='ltr'><strong>fuit</strong></span> <span class='ocrx_word' id='word_1_321' title='bbox 2461 687 2842 755; x_wconf 84' lang='lat' dir='ltr'><strong>approbatum;</strong></span> <span class='ocrx_word' id='word_1_322' title='bbox 2882 699 3001 738; x_wconf 90' lang='lat' dir='ltr'><strong>nam</strong></span> <span class='ocrx_word' id='word_1_323' title='bbox 3030 683 3191 752; x_wconf 86' lang='lat' dir='ltr'><strong>hujus</strong></span> <span class='ocrx_word' id='word_1_324' title='bbox 3229 683 3367 736; x_wconf 91' lang='lat' dir='ltr'><strong>inter</strong></span> <span class='ocrx_word' id='word_1_325' title='bbox 3395 683 3527 736; x_wconf 84' lang='lat' dir='ltr'><strong>Acta</strong></span> <span class='ocrx_word' id='word_1_326' title='bbox 3560 682 3717 733; x_wconf 86' lang='lat' dir='ltr'><strong>relata</strong></span> 
     </span>
    </p>
   </div>
   <div class='ocr_carea' id='block_1_51' title="bbox 2171 768 3720 846">
    <p class='ocr_par' dir='ltr' id='par_1_51' title="bbox 2171 768 3720 846">
     <span class='ocr_line' id='line_1_51' title="bbox 2171 768 3720 846; baseline -0.007 -16"><span class='ocrx_word' id='word_1_327' title='bbox 2171 787 2251 831; x_wconf 88' lang='lat' dir='ltr'><strong>est</strong></span> <span class='ocrx_word' id='word_1_328' title='bbox 2284 775 2571 846; x_wconf 91' lang='lat' dir='ltr'><strong>Sophronii</strong></span> <span class='ocrx_word' id='word_1_329' title='bbox 2598 775 2663 828; x_wconf 92' lang='lat' dir='ltr'><strong>ad</strong></span> <span class='ocrx_word' id='word_1_330' title='bbox 2688 772 2930 840; x_wconf 87' lang='lat' dir='ltr'><strong>Sergium</strong></span> <span class='ocrx_word' id='word_1_331' title='bbox 2959 770 3206 840; x_wconf 86' lang='lat' dir='ltr'><strong>epistola,</strong></span> <span class='ocrx_word' id='word_1_332' title='bbox 3238 784 3340 838; x_wconf 90' lang='lat' dir='ltr'><strong>qua</strong></span> <span class='ocrx_word' id='word_1_333' title='bbox 3367 769 3555 824; x_wconf 88' lang='lat' dir='ltr'><strong>eodem</strong></span> <span class='ocrx_word' id='word_1_334' title='bbox 3586 768 3720 820; x_wconf 79' lang='lat' dir='ltr'><strong>Ada-</strong></span> 
     </span>
    </p>
   </div>
   <div class='ocr_carea' id='block_1_52' title="bbox 2174 858 3719 933">
    <p class='ocr_par' dir='ltr' id='par_1_52' title="bbox 2174 858 3719 933">
     <span class='ocr_line' id='line_1_52' title="bbox 2174 858 3719 933; baseline -0.005 -15"><span class='ocrx_word' id='word_1_335' title='bbox 2174 870 2405 921; x_wconf 89' lang='lat' dir='ltr'><strong>mantius</strong></span> <span class='ocrx_word' id='word_1_336' title='bbox 2437 865 2707 933; x_wconf 89' lang='lat' dir='ltr'><strong>appetitur</strong></span> <span class='ocrx_word' id='word_1_337' title='bbox 2734 862 3016 916; x_wconf 90' lang='lat' dir='ltr'><strong>maledicto</strong></span> <span class='ocrx_word' id='word_1_338' title='bbox 3042 878 3056 926; x_wconf 92' lang='lat'><strong>;</strong></span> <span class='ocrx_word' id='word_1_339' title='bbox 3089 869 3144 915; x_wconf 92' lang='lat' dir='ltr'><strong>et</strong></span> <span class='ocrx_word' id='word_1_340' title='bbox 3173 861 3383 915; x_wconf 88' lang='lat' dir='ltr'><strong>actione</strong></span> <span class='ocrx_word' id='word_1_341' title='bbox 3412 858 3481 923; x_wconf 92' lang='lat'><strong>8,</strong></span> <span class='ocrx_word' id='word_1_342' title='bbox 3528 859 3719 926; x_wconf 82' lang='lat' dir='ltr'><strong>repeti-</strong></span> 
     </span>
    </p>
   </div>
   <div class='ocr_carea' id='block_1_53' title="bbox 2176 946 3720 1026">
    <p class='ocr_par' dir='ltr' id='par_1_53' title="bbox 2176 946 3720 1026">
     <span class='ocr_line' id='line_1_53' title="bbox 2176 946 3720 1026; baseline -0.006 -15"><span class='ocrx_word' id='word_1_343' title='bbox 2176 967 2261 1011; x_wconf 92' lang='lat' dir='ltr'><strong>tur</strong></span> <span class='ocrx_word' id='word_1_344' title='bbox 2301 955 2561 1026; x_wconf 84' lang='lat' dir='ltr'><strong>professio</strong></span> <span class='ocrx_word' id='word_1_345' title='bbox 2599 953 2720 1007; x_wconf 81' lang='lat' dir='ltr'><strong>lidei</strong></span> <span class='ocrx_word' id='word_1_346' title='bbox 2773 967 2801 1006; x_wconf 90' lang='lat' dir='ltr'><strong>a</strong></span> <span class='ocrx_word' id='word_1_347' title='bbox 2866 950 3096 1004; x_wconf 81' lang='lat' dir='ltr'><strong>Macario</strong></span> <span class='ocrx_word' id='word_1_348' title='bbox 3146 950 3481 1004; x_wconf 84' lang='lat' dir='ltr'><strong>Antiocheno</strong></span> <span class='ocrx_word' id='word_1_349' title='bbox 3546 946 3720 1001; x_wconf 90' lang='lat' dir='ltr'><strong>ohlata</strong></span> 
     </span>
    </p>
   </div>
   <div class='ocr_carea' id='block_1_54' title="bbox 2173 1040 3720 1115">
    <p class='ocr_par' dir='ltr' id='par_1_54' title="bbox 2173 1040 3720 1115">
     <span class='ocr_line' id='line_1_54' title="bbox 2173 1040 3720 1115; baseline -0.006 -12"><span class='ocrx_word' id='word_1_350' title='bbox 2173 1047 2524 1104; x_wconf 89' lang='lat' dir='ltr'><strong>Constantino</strong></span> <span class='ocrx_word' id='word_1_351' title='bbox 2554 1047 2902 1115; x_wconf 88' lang='lat' dir='ltr'><strong>imperatori,</strong></span> <span class='ocrx_word' id='word_1_352' title='bbox 2937 1045 2991 1099; x_wconf 90' lang='lat' dir='ltr'><strong>in</strong></span> <span class='ocrx_word' id='word_1_353' title='bbox 3031 1059 3134 1112; x_wconf 90' lang='lat' dir='ltr'><strong>qua</strong></span> <span class='ocrx_word' id='word_1_354' title='bbox 3168 1044 3386 1097; x_wconf 88' lang='lat' dir='ltr'><strong>damnat</strong></span> <span class='ocrx_word' id='word_1_355' title='bbox 3416 1040 3720 1108; x_wconf 72' lang='lat' dir='ltr'><strong>Origenem,</strong></span> 
     </span>
    </p>
   </div>
   <div class='ocr_carea' id='block_1_55' title="bbox 2184 1130 3727 1207">
    <p class='ocr_par' dir='ltr' id='par_1_55' title="bbox 2184 1130 3727 1207">
     <span class='ocr_line' id='line_1_55' title="bbox 2184 1130 3727 1207; baseline -0.006 -15"><span class='ocrx_word' id='word_1_356' title='bbox 2184 1138 2467 1207; x_wconf 86' lang='lat' dir='ltr'><strong>Didymum</strong></span> <span class='ocrx_word' id='word_1_357' title='bbox 2495 1145 2549 1191; x_wconf 91' lang='lat' dir='ltr'><strong>et</strong></span> <span class='ocrx_word' id='word_1_358' title='bbox 2591 1136 2903 1205; x_wconf 88' lang='lat' dir='ltr'><strong>Evagrium,</strong></span> <span class='ocrx_word' id='word_1_359' title='bbox 2932 1147 3222 1202; x_wconf 90' lang='lat' dir='ltr'><strong>eorumque</strong></span> <span class='ocrx_word' id='word_1_360' title='bbox 3248 1130 3602 1185; x_wconf 87' lang='lat' dir='ltr'><strong>deliramenta</strong></span> <span class='ocrx_word' id='word_1_361' title='bbox 3628 1146 3645 1194; x_wconf 91' lang='lat'><strong>;</strong></span> <span class='ocrx_word' id='word_1_362' title='bbox 3673 1139 3727 1185; x_wconf 87' lang='lat' dir='ltr'><strong>et</strong></span> 
     </span>
    </p>
   </div>
   <div class='ocr_carea' id='block_1_56' title="bbox 2178 1221 3724 1294">
    <p class='ocr_par' dir='ltr' id='par_1_56' title="bbox 2178 1221 3724 1294">
     <span class='ocr_line' id='line_1_56' title="bbox 2178 1221 3724 1294; baseline -0.006 -10"><span class='ocrx_word' id='word_1_363' title='bbox 2178 1229 2389 1284; x_wconf 85' lang='lat' dir='ltr'><strong>actione</strong></span> <span class='ocrx_word' id='word_1_364' title='bbox 2433 1228 2497 1281; x_wconf 83' lang='grc'><strong>17</strong></span> <span class='ocrx_word' id='word_1_365' title='bbox 2544 1237 2599 1282; x_wconf 91' lang='lat' dir='ltr'><strong>et</strong></span> <span class='ocrx_word' id='word_1_366' title='bbox 2648 1227 2743 1292; x_wconf 78' lang='lat'><strong>18,</strong></span> <span class='ocrx_word' id='word_1_367' title='bbox 2792 1230 3049 1294; x_wconf 88' lang='lat' dir='ltr'><strong>probatur</strong></span> <span class='ocrx_word' id='word_1_368' title='bbox 3090 1226 3375 1279; x_wconf 90' lang='lat' dir='ltr'><strong>anathema</strong></span> <span class='ocrx_word' id='word_1_369' title='bbox 3434 1221 3650 1291; x_wconf 88' lang='lat' dir='ltr'><strong>Origeni</strong></span> <span class='ocrx_word' id='word_1_370' title='bbox 3696 1237 3724 1275; x_wconf 84' lang='lat' dir='ltr'><strong>a</strong></span> 
     </span>
    </p>
   </div>
   <div class='ocr_carea' id='block_1_57' title="bbox 2178 1312 3723 1391">
    <p class='ocr_par' dir='ltr' id='par_1_57' title="bbox 2178 1312 3723 1391">
     <span class='ocr_line' id='line_1_57' title="bbox 2178 1312 3723 1391; baseline -0.003 -19"><span class='ocrx_word' id='word_1_371' title='bbox 2178 1320 2363 1389; x_wconf 89' lang='lat' dir='ltr'><strong>quinta</strong></span> <span class='ocrx_word' id='word_1_372' title='bbox 2408 1320 2611 1391; x_wconf 89' lang='lat' dir='ltr'><strong>synodo</strong></span> <span class='ocrx_word' id='word_1_373' title='bbox 2654 1316 2946 1382; x_wconf 84' lang='lat' dir='ltr'><strong>inﬂictum,</strong></span> <span class='ocrx_word' id='word_1_374' title='bbox 2986 1326 3040 1372; x_wconf 89' lang='lat' dir='ltr'><strong>et</strong></span> <span class='ocrx_word' id='word_1_375' title='bbox 3085 1317 3136 1370; x_wconf 91' lang='lat' dir='ltr'><strong>in</strong></span> <span class='ocrx_word' id='word_1_376' title='bbox 3176 1317 3349 1370; x_wconf 91' lang='lat' dir='ltr'><strong>edicto</strong></span> <span class='ocrx_word' id='word_1_377' title='bbox 3389 1312 3723 1368; x_wconf 88' lang='lat' dir='ltr'><strong>Constantini</strong></span> 
     </span>
    </p>
   </div>
   <div class='ocr_carea' id='block_1_58' title="bbox 2182 1404 3725 1480">
    <p class='ocr_par' dir='ltr' id='par_1_58' title="bbox 2182 1404 3725 1480">
     <span class='ocr_line' id='line_1_58' title="bbox 2182 1404 3725 1480; baseline -0.004 -15"><span class='ocrx_word' id='word_1_378' title='bbox 2182 1410 2522 1480; x_wconf 89' lang='lat' dir='ltr'><strong>imperatoris</strong></span> <span class='ocrx_word' id='word_1_379' title='bbox 2578 1410 2644 1464; x_wconf 90' lang='lat' dir='ltr'><strong>ad</strong></span> <span class='ocrx_word' id='word_1_380' title='bbox 2695 1409 2942 1479; x_wconf 81' lang='lat' dir='ltr'><strong>pupulum</strong></span> <span class='ocrx_word' id='word_1_381' title='bbox 2996 1407 3323 1461; x_wconf 79' lang='lat' dir='ltr'><strong>habitantem</strong></span> <span class='ocrx_word' id='word_1_382' title='bbox 3376 1406 3427 1458; x_wconf 94' lang='lat' dir='ltr'><strong>in</strong></span> <span class='ocrx_word' id='word_1_383' title='bbox 3476 1404 3725 1461; x_wconf 90' lang='lat' dir='ltr'><strong>Occiduis</strong></span> 
     </span>
    </p>
   </div>
   <div class='ocr_carea' id='block_1_59' title="bbox 2177 1495 3721 1573">
    <p class='ocr_par' dir='ltr' id='par_1_59' title="bbox 2177 1495 3721 1573">
     <span class='ocr_line' id='line_1_59' title="bbox 2177 1495 3721 1573; baseline -0.005 -16"><span class='ocrx_word' id='word_1_384' title='bbox 2177 1502 2464 1573; x_wconf 87' lang='lat' dir='ltr'><strong>partibus;</strong></span> <span class='ocrx_word' id='word_1_385' title='bbox 2499 1501 2758 1573; x_wconf 90' lang='lat' dir='ltr'><strong>probatur</strong></span> <span class='ocrx_word' id='word_1_386' title='bbox 2814 1502 3044 1570; x_wconf 90' lang='lat' dir='ltr'><strong>denique</strong></span> <span class='ocrx_word' id='word_1_387' title='bbox 3089 1501 3140 1552; x_wconf 92' lang='lat' dir='ltr'><strong>in</strong></span> <span class='ocrx_word' id='word_1_388' title='bbox 3182 1497 3408 1568; x_wconf 85' lang='lat' dir='ltr'><strong>epistola</strong></span> <span class='ocrx_word' id='word_1_389' title='bbox 3454 1496 3638 1551; x_wconf 90' lang='lat' dir='ltr'><strong>Leonis</strong></span> <span class='ocrx_word' id='word_1_390' title='bbox 3679 1495 3721 1549; x_wconf 96' lang='lat' dir='ltr'><strong>ll</strong></span> 
     </span>
    </p>
   </div>
   <div class='ocr_carea' id='block_1_60' title="bbox 2177 1593 3718 1666">
    <p class='ocr_par' dir='ltr' id='par_1_60' title="bbox 2177 1593 3718 1666">
     <span class='ocr_line' id='line_1_60' title="bbox 2177 1593 3718 1666; baseline -0.003 -18"><span class='ocrx_word' id='word_1_391' title='bbox 2177 1611 2326 1666; x_wconf 74' lang='lat' dir='ltr'><strong>papae</strong></span> <span class='ocrx_word' id='word_1_392' title='bbox 2368 1597 2433 1649; x_wconf 91' lang='lat' dir='ltr'><strong>ad</strong></span> <span class='ocrx_word' id='word_1_393' title='bbox 2491 1596 2921 1651; x_wconf 90' lang='lat' dir='ltr'><strong>Constantinum.</strong></span> <span class='ocrx_word' id='word_1_394' title='bbox 2978 1594 3261 1649; x_wconf 86' lang='lat' dir='ltr'><strong>Facundus</strong></span> <span class='ocrx_word' id='word_1_395' title='bbox 3324 1602 3577 1661; x_wconf 63' lang='lat' dir='ltr'><strong>praeterea</strong></span> <span class='ocrx_word' id='word_1_396' title='bbox 3631 1593 3718 1659; x_wconf 92' lang='lat' dir='ltr'><strong>qui</strong></span> 
     </span>
    </p>
   </div>
   <div class='ocr_carea' id='block_1_61' title="bbox 2180 1683 3717 1758">
    <p class='ocr_par' dir='ltr' id='par_1_61' title="bbox 2180 1683 3717 1758">
     <span class='ocr_line' id='line_1_61' title="bbox 2180 1683 3717 1758; baseline -0.005 -16"><span class='ocrx_word' id='word_1_397' title='bbox 2180 1690 2337 1743; x_wconf 91' lang='lat' dir='ltr'><strong>trium</strong></span> <span class='ocrx_word' id='word_1_398' title='bbox 2376 1690 2729 1758; x_wconf 85' lang='lat' dir='ltr'><strong>capitulorum</strong></span> <span class='ocrx_word' id='word_1_399' title='bbox 2759 1688 3125 1744; x_wconf 80' lang='lat' dir='ltr'><strong>defensionem</strong></span> <span class='ocrx_word' id='word_1_400' title='bbox 3160 1687 3415 1757; x_wconf 89' lang='lat' dir='ltr'><strong>suscepit,</strong></span> <span class='ocrx_word' id='word_1_401' title='bbox 3444 1683 3717 1753; x_wconf 81' lang='lat' dir='ltr'><strong>Origenetn</strong></span> 
     </span>
    </p>
   </div>
   <div class='ocr_carea' id='block_1_62' title="bbox 2181 1782 3719 1851">
    <p class='ocr_par' dir='ltr' id='par_1_62' title="bbox 2181 1782 3719 1851">
     <span class='ocr_line' id='line_1_62' title="bbox 2181 1782 3719 1851; baseline -0.005 -15"><span class='ocrx_word' id='word_1_402' title='bbox 2181 1782 2322 1837; x_wconf 93' lang='lat' dir='ltr'><strong>inter</strong></span> <span class='ocrx_word' id='word_1_403' title='bbox 2354 1785 2632 1838; x_wconf 64' lang='lat' dir='ltr'><strong>hmreticos</strong></span> <span class='ocrx_word' id='word_1_404' title='bbox 2673 1784 2794 1839; x_wconf 87' lang='lat' dir='ltr'><strong>libr.</strong></span> <span class='ocrx_word' id='word_1_405' title='bbox 2844 1801 2951 1849; x_wconf 74' lang='grc' dir='ltr'><strong>χιι,</strong></span> <span class='ocrx_word' id='word_1_406' title='bbox 2988 1799 3107 1851; x_wconf 92' lang='lat' dir='ltr'><strong>cap.</strong></span> <span class='ocrx_word' id='word_1_407' title='bbox 3138 1783 3163 1835; x_wconf 80' lang='grc'><strong>1</strong></span> <span class='ocrx_word' id='word_1_408' title='bbox 3193 1824 3208 1848; x_wconf 94' lang='grc'><strong>,</strong></span> <span class='ocrx_word' id='word_1_409' title='bbox 3248 1792 3433 1851; x_wconf 88' lang='lat' dir='ltr'><strong>aperte</strong></span> <span class='ocrx_word' id='word_1_410' title='bbox 3464 1787 3719 1839; x_wconf 82' lang='lat' dir='ltr'><strong>recenset,</strong></span> 
     </span>
    </p>
   </div>
   <div class='ocr_carea' id='block_1_63' title="bbox 2108 1854 3729 1946">
    <p class='ocr_par' dir='ltr' id='par_1_63' title="bbox 2108 1854 3729 1946">
     <span class='ocr_line' id='line_1_63' title="bbox 2108 1854 3729 1946; baseline -0.002 -17"><span class='ocrx_word' id='word_1_411' title='bbox 2108 1854 2150 1909; x_wconf 78' lang='grc' dir='ltr'>Β</span> <span class='ocrx_word' id='word_1_412' title='bbox 2181 1875 2316 1942; x_wconf 90' lang='lat' dir='ltr'><strong>Quin</strong></span> <span class='ocrx_word' id='word_1_413' title='bbox 2347 1886 2401 1931; x_wconf 93' lang='lat' dir='ltr'><strong>et</strong></span> <span class='ocrx_word' id='word_1_414' title='bbox 2428 1876 2643 1931; x_wconf 85' lang='lat' dir='ltr'><strong>Patrum</strong></span> <span class='ocrx_word' id='word_1_415' title='bbox 2676 1877 2960 1931; x_wconf 92' lang='lat' dir='ltr'><strong>multorum</strong></span> <span class='ocrx_word' id='word_1_416' title='bbox 2993 1876 3259 1946; x_wconf 85' lang='lat' dir='ltr'><strong>suﬂ&#39;ragiis</strong></span> <span class='ocrx_word' id='word_1_417' title='bbox 3292 1874 3484 1928; x_wconf 89' lang='lat' dir='ltr'><strong>eodem</strong></span> <span class='ocrx_word' id='word_1_418' title='bbox 3512 1886 3729 1925; x_wconf 88' lang='lat' dir='ltr'><strong>numero</strong></span> 
     </span>
    </p>
   </div>
   <div class='ocr_carea' id='block_1_64' title="bbox 2181 1964 3725 2026">
    <p class='ocr_par' dir='ltr' id='par_1_64' title="bbox 2181 1964 3725 2026">
     <span class='ocr_line' id='line_1_64' title="bbox 2181 1964 3725 2026; baseline -0.005 -2"><span class='ocrx_word' id='word_1_419' title='bbox 2181 1968 2418 2026; x_wconf 85' lang='lat' dir='ltr'><strong>habitum</strong></span> <span class='ocrx_word' id='word_1_420' title='bbox 2453 1969 2615 2023; x_wconf 88' lang='lat' dir='ltr'><strong>tradit</strong></span> <span class='ocrx_word' id='word_1_421' title='bbox 2657 1970 3006 2025; x_wconf 86' lang='lat' dir='ltr'><strong>Cassiodorus</strong></span> <span class='ocrx_word' id='word_1_422' title='bbox 3035 1968 3155 2024; x_wconf 89' lang='lat' dir='ltr'><strong>libr.</strong></span> <span class='ocrx_word' id='word_1_423' title='bbox 3181 1967 3257 2020; x_wconf 87' lang='lat' dir='ltr'><strong>De</strong></span> <span class='ocrx_word' id='word_1_424' title='bbox 3300 1967 3527 2024; x_wconf 69' lang='lat' dir='ltr'><strong>institui.</strong></span> <span class='ocrx_word' id='word_1_425' title='bbox 3570 1964 3725 2017; x_wconf 77' lang='lat' dir='ltr'><strong>divin.</strong></span> 
     </span>
    </p>
   </div>
   <div class='ocr_carea' id='block_1_65' title="bbox 2182 2064 3728 2135">
    <p class='ocr_par' dir='ltr' id='par_1_65' title="bbox 2182 2064 3728 2135">
     <span class='ocr_line' id='line_1_65' title="bbox 2182 2064 3728 2135; baseline -0.003 -15"><span class='ocrx_word' id='word_1_426' title='bbox 2182 2064 2461 2132; x_wconf 60' lang='lat' dir='ltr'><strong>Scriptum,</strong></span> <span class='ocrx_word' id='word_1_427' title='bbox 2493 2081 2610 2135; x_wconf 84' lang='lat' dir='ltr'><strong>cap.</strong></span> <span class='ocrx_word' id='word_1_428' title='bbox 2647 2066 2674 2119; x_wconf 80' lang='grc'><strong>1</strong></span> <span class='ocrx_word' id='word_1_429' title='bbox 2697 2107 2713 2135; x_wconf 89' lang='grc'><strong>,</strong></span> <span class='ocrx_word' id='word_1_430' title='bbox 2748 2067 3223 2121; x_wconf 70' lang='lat' dir='ltr'><strong>haeresiarcharum</strong></span> <span class='ocrx_word' id='word_1_431' title='bbox 3260 2064 3611 2119; x_wconf 88' lang='lat' dir='ltr'><strong>deterrimum</strong></span> <span class='ocrx_word' id='word_1_432' title='bbox 3640 2078 3728 2131; x_wconf 72' lang='lat' dir='ltr'><strong>apo</strong></span> 
     </span>
    </p>
   </div>
   <div class='ocr_carea' id='block_1_66' title="bbox 2184 2160 3729 2233">
    <p class='ocr_par' dir='ltr' id='par_1_66' title="bbox 2184 2160 3729 2233">
     <span class='ocr_line' id='line_1_66' title="bbox 2184 2160 3729 2233; baseline -0.002 -17"><span class='ocrx_word' id='word_1_433' title='bbox 2184 2162 2349 2228; x_wconf 86' lang='lat' dir='ltr'><strong>pellat</strong></span> <span class='ocrx_word' id='word_1_434' title='bbox 2385 2162 2628 2232; x_wconf 90' lang='lat' dir='ltr'><strong>Pelagius</strong></span> <span class='ocrx_word' id='word_1_435' title='bbox 2662 2162 2700 2216; x_wconf 94' lang='lat' dir='ltr'>II</span> <span class='ocrx_word' id='word_1_436' title='bbox 2734 2178 2889 2233; x_wconf 88' lang='lat' dir='ltr'><strong>papa.</strong></span> <span class='ocrx_word' id='word_1_437' title='bbox 2917 2164 2997 2217; x_wconf 90' lang='lat' dir='ltr'><strong>Ab</strong></span> <span class='ocrx_word' id='word_1_438' title='bbox 3041 2161 3276 2216; x_wconf 80' lang='lat' dir='ltr'><strong>Ecclesia</strong></span> <span class='ocrx_word' id='word_1_439' title='bbox 3310 2176 3428 2214; x_wconf 90' lang='lat' dir='ltr'><strong>cum</strong></span> <span class='ocrx_word' id='word_1_440' title='bbox 3474 2160 3596 2213; x_wconf 91' lang='lat' dir='ltr'><strong>aliis</strong></span> <span class='ocrx_word' id='word_1_441' title='bbox 3628 2160 3729 2213; x_wconf 68' lang='lat' dir='ltr'><strong>ha:-</strong></span> 
     </span>
    </p>
   </div>
   <div class='ocr_carea' id='block_1_67' title="bbox 2183 2252 3725 2324">
    <p class='ocr_par' dir='ltr' id='par_1_67' title="bbox 2183 2252 3725 2324">
     <span class='ocr_line' id='line_1_67' title="bbox 2183 2252 3725 2324; baseline -0.003 -16"><span class='ocrx_word' id='word_1_442' title='bbox 2183 2256 2362 2309; x_wconf 86' lang='lat' dir='ltr'><strong>reticis</strong></span> <span class='ocrx_word' id='word_1_443' title='bbox 2404 2256 2758 2324; x_wconf 90' lang='lat' dir='ltr'><strong>proscrihitur</strong></span> <span class='ocrx_word' id='word_1_444' title='bbox 2800 2270 2828 2307; x_wconf 90' lang='lat' dir='ltr'><strong>a</strong></span> <span class='ocrx_word' id='word_1_445' title='bbox 2877 2256 3044 2323; x_wconf 85' lang='lat' dir='ltr'><strong>prima</strong></span> <span class='ocrx_word' id='word_1_446' title='bbox 3106 2253 3451 2307; x_wconf 89' lang='lat' dir='ltr'><strong>Lateranensi</strong></span> <span class='ocrx_word' id='word_1_447' title='bbox 3508 2252 3725 2321; x_wconf 84' lang='lat' dir='ltr'><strong>synodo.</strong></span> 
     </span>
    </p>
   </div>
   <div class='ocr_carea' id='block_1_68' title="bbox 2181 2342 3727 2415">
    <p class='ocr_par' dir='ltr' id='par_1_68' title="bbox 2181 2342 3727 2415">
     <span class='ocr_line' id='line_1_68' title="bbox 2181 2342 3727 2415; baseline -0.003 -15"><span class='ocrx_word' id='word_1_448' title='bbox 2181 2345 2418 2414; x_wconf 88' lang='lat' dir='ltr'><strong>Denique</strong></span> <span class='ocrx_word' id='word_1_449' title='bbox 2455 2346 2622 2401; x_wconf 67' lang='lat' dir='ltr'><strong>Gra&#39;ci</strong></span> <span class='ocrx_word' id='word_1_450' title='bbox 2667 2346 2991 2401; x_wconf 80' lang='lat' dir='ltr'><strong>recentiores</strong></span> <span class='ocrx_word' id='word_1_451' title='bbox 3022 2385 3038 2411; x_wconf 96' lang='lat'><strong>,</strong></span> <span class='ocrx_word' id='word_1_452' title='bbox 3084 2345 3279 2415; x_wconf 90' lang='lat' dir='ltr'><strong>aliique</strong></span> <span class='ocrx_word' id='word_1_453' title='bbox 3314 2346 3475 2399; x_wconf 92' lang='lat' dir='ltr'><strong>etiam</strong></span> <span class='ocrx_word' id='word_1_454' title='bbox 3521 2342 3727 2413; x_wconf 88' lang='lat' dir='ltr'><strong>plurimi</strong></span> 
     </span>
    </p>
   </div>
   <div class='ocr_carea' id='block_1_69' title="bbox 2181 2434 3725 2507">
    <p class='ocr_par' dir='ltr' id='par_1_69' title="bbox 2181 2434 3725 2507">
     <span class='ocr_line' id='line_1_69' title="bbox 2181 2434 3725 2507; baseline -0.004 -16"><span class='ocrx_word' id='word_1_455' title='bbox 2181 2438 2365 2492; x_wconf 90' lang='lat' dir='ltr'><strong>eodem</strong></span> <span class='ocrx_word' id='word_1_456' title='bbox 2406 2439 2577 2506; x_wconf 91' lang='lat' dir='ltr'><strong>ipsum</strong></span> <span class='ocrx_word' id='word_1_457' title='bbox 2632 2438 2865 2492; x_wconf 86' lang='lat' dir='ltr'><strong>convitio</strong></span> <span class='ocrx_word' id='word_1_458' title='bbox 2919 2438 3283 2507; x_wconf 90' lang='lat' dir='ltr'><strong>proscindunt.</strong></span> <span class='ocrx_word' id='word_1_459' title='bbox 3329 2435 3451 2488; x_wconf 76' lang='lat' dir='ltr'><strong>llcec</strong></span> <span class='ocrx_word' id='word_1_460' title='bbox 3500 2448 3628 2503; x_wconf 85' lang='lat' dir='ltr'><strong>ergo</strong></span> <span class='ocrx_word' id='word_1_461' title='bbox 3678 2434 3725 2486; x_wconf 92' lang='lat' dir='ltr'><strong>in</strong></span> 
     </span>
    </p>
   </div>
   <div class='ocr_carea' id='block_1_70' title="bbox 2181 2524 3728 2599">
    <p class='ocr_par' dir='ltr' id='par_1_70' title="bbox 2181 2524 3728 2599">
     <span class='ocr_line' id='line_1_70' title="bbox 2181 2524 3728 2599; baseline -0.003 -17"><span class='ocrx_word' id='word_1_462' title='bbox 2181 2530 2541 2599; x_wconf 83' lang='lat' dir='ltr'><strong>pra-judicium</strong></span> <span class='ocrx_word' id='word_1_463' title='bbox 2563 2529 3041 2598; x_wconf 85' lang='lat' dir='ltr'><strong>trahuntOrigenis</strong></span> <span class='ocrx_word' id='word_1_464' title='bbox 3060 2526 3376 2592; x_wconf 87' lang='lat' dir='ltr'><strong>adversarii,</strong></span> <span class='ocrx_word' id='word_1_465' title='bbox 3398 2540 3497 2579; x_wconf 93' lang='lat' dir='ltr'><strong>nec</strong></span> <span class='ocrx_word' id='word_1_466' title='bbox 3525 2524 3728 2579; x_wconf 84' lang='lat' dir='ltr'><strong>hiscere</strong></span> 
     </span>
    </p>
   </div>
   <div class='ocr_carea' id='block_1_71' title="bbox 2180 2620 3029 2676">
    <p class='ocr_par' dir='ltr' id='par_1_71' title="bbox 2180 2620 3029 2676">
     <span class='ocr_line' id='line_1_71' title="bbox 2180 2620 3029 2676; baseline 0 -2"><span class='ocrx_word' id='word_1_467' title='bbox 2180 2631 2367 2674; x_wconf 91' lang='lat' dir='ltr'><strong>contra</strong></span> <span class='ocrx_word' id='word_1_468' title='bbox 2396 2620 2557 2676; x_wconf 90' lang='lat' dir='ltr'><strong>licere</strong></span> <span class='ocrx_word' id='word_1_469' title='bbox 2580 2620 2668 2673; x_wconf 92' lang='lat' dir='ltr'><strong>ulli</strong></span> <span class='ocrx_word' id='word_1_470' title='bbox 2696 2620 3029 2674; x_wconf 88' lang='lat' dir='ltr'><strong>existimant.</strong></span> 
     </span>
    </p>
   </div>
   <div class='ocr_carea' id='block_1_72' title="bbox 2250 2707 3724 2778">
    <p class='ocr_par' dir='ltr' id='par_1_72' title="bbox 2250 2707 3724 2778">
     <span class='ocr_line' id='line_1_72' title="bbox 2250 2707 3724 2778; baseline -0.001 -14"><span class='ocrx_word' id='word_1_471' title='bbox 2250 2711 2350 2778; x_wconf 91' lang='lat' dir='ltr'><strong>Qui</strong></span> <span class='ocrx_word' id='word_1_472' title='bbox 2383 2712 2684 2767; x_wconf 86' lang='lat' dir='ltr'><strong>contrarias</strong></span> <span class='ocrx_word' id='word_1_473' title='bbox 2714 2721 2894 2766; x_wconf 87' lang='lat' dir='ltr'><strong>autem</strong></span> <span class='ocrx_word' id='word_1_474' title='bbox 2943 2719 3219 2765; x_wconf 88' lang='lat' dir='ltr'><strong>sectantur</strong></span> <span class='ocrx_word' id='word_1_475' title='bbox 3251 2718 3451 2778; x_wconf 90' lang='lat' dir='ltr'><strong>partes,</strong></span> <span class='ocrx_word' id='word_1_476' title='bbox 3484 2707 3610 2762; x_wconf 90' lang='lat' dir='ltr'><strong>talia</strong></span> <span class='ocrx_word' id='word_1_477' title='bbox 3639 2722 3724 2763; x_wconf 87' lang='lat' dir='ltr'><strong>re-</strong></span> 
     </span>
    </p>
   </div>
   <div class='ocr_carea' id='block_1_73' title="bbox 2180 2801 3725 2879">
    <p class='ocr_par' dir='ltr' id='par_1_73' title="bbox 2180 2801 3725 2879">
     <span class='ocr_line' id='line_1_73' title="bbox 2180 2801 3725 2879; baseline -0.006 -20"><span class='ocrx_word' id='word_1_478' title='bbox 2180 2814 2390 2873; x_wconf 87' lang='lat' dir='ltr'><strong>gerunt,</strong></span> <span class='ocrx_word' id='word_1_479' title='bbox 2422 2818 2451 2857; x_wconf 88' lang='lat' dir='ltr'><strong>a</strong></span> <span class='ocrx_word' id='word_1_480' title='bbox 2491 2803 2760 2858; x_wconf 90' lang='lat' dir='ltr'><strong>Demetrio</strong></span> <span class='ocrx_word' id='word_1_481' title='bbox 2790 2804 2949 2879; x_wconf 82' lang='lat' dir='ltr'><strong>licet,</strong></span> <span class='ocrx_word' id='word_1_482' title='bbox 2994 2802 3341 2871; x_wconf 91' lang='lat' dir='ltr'><strong>plurimisque</strong></span> <span class='ocrx_word' id='word_1_483' title='bbox 3376 2801 3473 2870; x_wconf 91' lang='lat' dir='ltr'><strong>ipsi</strong></span> <span class='ocrx_word' id='word_1_484' title='bbox 3511 2814 3725 2854; x_wconf 87' lang='lat' dir='ltr'><strong>consen-</strong></span> 
     </span>
    </p>
   </div>
   <div class='ocr_carea' id='block_1_74' title="bbox 2184 2888 3723 2964">
    <p class='ocr_par' dir='ltr' id='par_1_74' title="bbox 2184 2888 3723 2964">
     <span class='ocr_line' id='line_1_74' title="bbox 2184 2888 3723 2964; baseline -0.005 -16"><span class='ocrx_word' id='word_1_485' title='bbox 2184 2895 2438 2948; x_wconf 86' lang='lat' dir='ltr'><strong>tientibus</strong></span> <span class='ocrx_word' id='word_1_486' title='bbox 2484 2893 2753 2964; x_wconf 87' lang='lat' dir='ltr'><strong>episc0pis</strong></span> <span class='ocrx_word' id='word_1_487' title='bbox 2802 2901 3111 2961; x_wconf 80' lang='lat' dir='ltr'><strong>segregatus</strong></span> <span class='ocrx_word' id='word_1_488' title='bbox 3175 2891 3335 2944; x_wconf 88' lang='lat' dir='ltr'><strong>fuerit</strong></span> <span class='ocrx_word' id='word_1_489' title='bbox 3380 2891 3447 2945; x_wconf 87' lang='lat' dir='ltr'><strong>ab</strong></span> <span class='ocrx_word' id='word_1_490' title='bbox 3496 2888 3723 2943; x_wconf 85' lang='lat' dir='ltr'><strong>Ecclesia</strong></span> 
     </span>
    </p>
   </div>
   <div class='ocr_carea' id='block_1_75' title="bbox 2181 2981 3722 3055">
    <p class='ocr_par' dir='ltr' id='par_1_75' title="bbox 2181 2981 3722 3055">
     <span class='ocr_line' id='line_1_75' title="bbox 2181 2981 3722 3055; baseline -0.004 -16"><span class='ocrx_word' id='word_1_491' title='bbox 2181 2985 2439 3055; x_wconf 87' lang='lat' dir='ltr'><strong>Origenes</strong></span> <span class='ocrx_word' id='word_1_492' title='bbox 2461 3028 2475 3052; x_wconf 91' lang='lat'><strong>,</strong></span> <span class='ocrx_word' id='word_1_493' title='bbox 2509 2985 2678 3052; x_wconf 89' lang='lat' dir='ltr'><strong>ipsius</strong></span> <span class='ocrx_word' id='word_1_494' title='bbox 2707 2993 2883 3037; x_wconf 90' lang='lat' dir='ltr'><strong>tamen</strong></span> <span class='ocrx_word' id='word_1_495' title='bbox 2924 2998 3140 3038; x_wconf 90' lang='lat' dir='ltr'><strong>causam</strong></span> <span class='ocrx_word' id='word_1_496' title='bbox 3184 2981 3487 3050; x_wconf 88' lang='lat' dir='ltr'><strong>suscepisse</strong></span> <span class='ocrx_word' id='word_1_497' title='bbox 3514 2988 3568 3035; x_wconf 91' lang='lat' dir='ltr'><strong>et</strong></span> <span class='ocrx_word' id='word_1_498' title='bbox 3607 2995 3722 3049; x_wconf 87' lang='lat' dir='ltr'><strong>pro-</strong></span> 
     </span>
    </p>
   </div>
   <div class='ocr_carea' id='block_1_76' title="bbox 2181 3072 3727 3146">
    <p class='ocr_par' dir='ltr' id='par_1_76' title="bbox 2181 3072 3727 3146">
     <span class='ocr_line' id='line_1_76' title="bbox 2181 3072 3727 3146; baseline -0.002 -18"><span class='ocrx_word' id='word_1_499' title='bbox 2181 3091 2441 3146; x_wconf 86' lang='lat' dir='ltr'><strong>pugnasse</strong></span> <span class='ocrx_word' id='word_1_500' title='bbox 2504 3074 2888 3139; x_wconf 68' lang='lat' dir='ltr'><strong>Palaestinam,</strong></span> <span class='ocrx_word' id='word_1_501' title='bbox 2945 3074 3234 3139; x_wconf 84' lang='lat' dir='ltr'><strong>Arabiam,</strong></span> <span class='ocrx_word' id='word_1_502' title='bbox 3296 3072 3619 3128; x_wconf 69' lang='lat' dir='ltr'><strong>thniciam</strong></span> <span class='ocrx_word' id='word_1_503' title='bbox 3676 3080 3727 3127; x_wconf 89' lang='lat' dir='ltr'><strong>et</strong></span> 
     </span>
    </p>
   </div>
   <div class='ocr_carea' id='block_1_77' title="bbox 2180 3166 3722 3237">
    <p class='ocr_par' dir='ltr' id='par_1_77' title="bbox 2180 3166 3722 3237">
     <span class='ocr_line' id='line_1_77' title="bbox 2180 3166 3722 3237; baseline -0.004 -16"><span class='ocrx_word' id='word_1_504' title='bbox 2180 3169 2433 3221; x_wconf 85' lang='lat' dir='ltr'><strong>Achaiam</strong></span> <span class='ocrx_word' id='word_1_505' title='bbox 2462 3184 2476 3233; x_wconf 91' lang='lat'><strong>;</strong></span> <span class='ocrx_word' id='word_1_506' title='bbox 2511 3178 2564 3222; x_wconf 92' lang='lat' dir='ltr'><strong>et</strong></span> <span class='ocrx_word' id='word_1_507' title='bbox 2599 3168 2751 3237; x_wconf 78' lang='lat' dir='ltr'><strong>juxta</strong></span> <span class='ocrx_word' id='word_1_508' title='bbox 2780 3167 3212 3222; x_wconf 81' lang='lat' dir='ltr'><strong>testiﬁcationem</strong></span> <span class='ocrx_word' id='word_1_509' title='bbox 3249 3166 3591 3236; x_wconf 89' lang='lat' dir='ltr'><strong>Hieronymi,</strong></span> <span class='ocrx_word' id='word_1_510' title='bbox 3626 3179 3722 3217; x_wconf 91' lang='lat' dir='ltr'><strong>non</strong></span> 
     </span>
    </p>
   </div>
   <div class='ocr_carea' id='block_1_78' title="bbox 2179 3254 3721 3329">
    <p class='ocr_par' dir='ltr' id='par_1_78' title="bbox 2179 3254 3721 3329">
     <span class='ocr_line' id='line_1_78' title="bbox 2179 3254 3721 3329; baseline -0.004 -16"><span class='ocrx_word' id='word_1_511' title='bbox 2179 3260 2345 3329; x_wconf 89' lang='lat' dir='ltr'><strong>ipsius</strong></span> <span class='ocrx_word' id='word_1_512' title='bbox 2386 3273 2617 3323; x_wconf 90' lang='lat' dir='ltr'><strong>errores,</strong></span> <span class='ocrx_word' id='word_1_513' title='bbox 2666 3259 2759 3313; x_wconf 91' lang='lat' dir='ltr'><strong>sed</strong></span> <span class='ocrx_word' id='word_1_514' title='bbox 2802 3258 3234 3313; x_wconf 85' lang='lat' dir='ltr'><strong>adversariorum</strong></span> <span class='ocrx_word' id='word_1_515' title='bbox 3277 3257 3527 3310; x_wconf 88' lang='lat' dir='ltr'><strong>invidiam</strong></span> <span class='ocrx_word' id='word_1_516' title='bbox 3558 3256 3651 3309; x_wconf 84' lang='lat' dir='ltr'><strong>has</strong></span> <span class='ocrx_word' id='word_1_517' title='bbox 3677 3254 3721 3309; x_wconf 90' lang='lat' dir='ltr'><strong>ei</strong></span> 
     </span>
    </p>
   </div>
   <div class='ocr_carea' id='block_1_79' title="bbox 2178 3346 3726 3419">
    <p class='ocr_par' dir='ltr' id='par_1_79' title="bbox 2178 3346 3726 3419">
     <span class='ocr_line' id='line_1_79' title="bbox 2178 3346 3726 3419; baseline -0.005 -15"><span class='ocrx_word' id='word_1_518' title='bbox 2178 3351 2363 3404; x_wconf 65' lang='lat' dir='ltr'><strong>turhas</strong></span> <span class='ocrx_word' id='word_1_519' title='bbox 2398 3350 2707 3419; x_wconf 89' lang='lat' dir='ltr'><strong>peperisse:</strong></span> <span class='ocrx_word' id='word_1_520' title='bbox 2760 3349 2959 3403; x_wconf 88' lang='lat' dir='ltr'><strong>nullam</strong></span> <span class='ocrx_word' id='word_1_521' title='bbox 3001 3349 3457 3403; x_wconf 84' lang='lat' dir='ltr'><strong>Demetrianarum</strong></span> <span class='ocrx_word' id='word_1_522' title='bbox 3504 3346 3726 3416; x_wconf 80' lang='lat' dir='ltr'><strong>synodo-</strong></span> 
     </span>
    </p>
   </div>
   <div class='ocr_carea' id='block_1_80' title="bbox 2184 3436 3728 3508">
    <p class='ocr_par' dir='ltr' id='par_1_80' title="bbox 2184 3436 3728 3508">
     <span class='ocr_line' id='line_1_80' title="bbox 2184 3436 3728 3508; baseline -0.003 -15"><span class='ocrx_word' id='word_1_523' title='bbox 2184 3457 2300 3493; x_wconf 92' lang='lat' dir='ltr'><strong>rum</strong></span> <span class='ocrx_word' id='word_1_524' title='bbox 2342 3441 2662 3495; x_wconf 88' lang='lat' dir='ltr'><strong>mentionem</strong></span> <span class='ocrx_word' id='word_1_525' title='bbox 2708 3439 2904 3493; x_wconf 82' lang='lat' dir='ltr'><strong>factam</strong></span> <span class='ocrx_word' id='word_1_526' title='bbox 2941 3456 2969 3493; x_wconf 89' lang='lat' dir='ltr'><strong>a</strong></span> <span class='ocrx_word' id='word_1_527' title='bbox 3018 3440 3314 3508; x_wconf 85' lang='lat' dir='ltr'><strong>Theophilo</strong></span> <span class='ocrx_word' id='word_1_528' title='bbox 3343 3444 3395 3493; x_wconf 78' lang='lat' dir='ltr'><strong>ei</strong></span> <span class='ocrx_word' id='word_1_529' title='bbox 3440 3436 3728 3508; x_wconf 84' lang='lat' dir='ltr'><strong>Epiphanio</strong></span> 
     </span>
    </p>
   </div>
   <div class='ocr_carea' id='block_1_81' title="bbox 2183 3529 3726 3601">
    <p class='ocr_par' dir='ltr' id='par_1_81' title="bbox 2183 3529 3726 3601">
     <span class='ocr_line' id='line_1_81' title="bbox 2183 3529 3726 3601; baseline -0.003 -15"><span class='ocrx_word' id='word_1_530' title='bbox 2183 3532 2560 3587; x_wconf 88' lang='lat' dir='ltr'><strong>infensissimis</strong></span> <span class='ocrx_word' id='word_1_531' title='bbox 2626 3532 2869 3601; x_wconf 87' lang='lat' dir='ltr'><strong>Origenis</strong></span> <span class='ocrx_word' id='word_1_532' title='bbox 2953 3531 3319 3594; x_wconf 89' lang='lat' dir='ltr'><strong>adversariis,</strong></span> <span class='ocrx_word' id='word_1_533' title='bbox 3385 3546 3445 3584; x_wconf 92' lang='lat' dir='ltr'><strong>ac</strong></span> <span class='ocrx_word' id='word_1_534' title='bbox 3533 3529 3726 3583; x_wconf 87' lang='lat' dir='ltr'><strong>nullam</strong></span> 
     </span>
    </p>
   </div>
   <div class='ocr_carea' id='block_1_82' title="bbox 2182 3620 3727 3693">
    <p class='ocr_par' dir='ltr' id='par_1_82' title="bbox 2182 3620 3727 3693">
     <span class='ocr_line' id='line_1_82' title="bbox 2182 3620 3727 3693; baseline -0.002 -17"><span class='ocrx_word' id='word_1_535' title='bbox 2182 3625 2400 3693; x_wconf 90' lang='lat' dir='ltr'><strong>proinde</strong></span> <span class='ocrx_word' id='word_1_536' title='bbox 2450 3625 2683 3693; x_wconf 89' lang='lat' dir='ltr'><strong>ipsarmn</strong></span> <span class='ocrx_word' id='word_1_537' title='bbox 2736 3624 2997 3679; x_wconf 90' lang='lat' dir='ltr'><strong>rationem</strong></span> <span class='ocrx_word' id='word_1_538' title='bbox 3054 3623 3319 3678; x_wconf 84' lang='lat' dir='ltr'><strong>duxisse:</strong></span> <span class='ocrx_word' id='word_1_539' title='bbox 3377 3623 3623 3675; x_wconf 89' lang='lat' dir='ltr'><strong>eumdem</strong></span> <span class='ocrx_word' id='word_1_540' title='bbox 3663 3620 3727 3674; x_wconf 91' lang='lat' dir='ltr'><strong>ab</strong></span> 
     </span>
    </p>
   </div>
   <div class='ocr_carea' id='block_1_83' title="bbox 2185 3709 3725 3783">
    <p class='ocr_par' dir='ltr' id='par_1_83' title="bbox 2185 3709 3725 3783">
     <span class='ocr_line' id='line_1_83' title="bbox 2185 3709 3725 3783; baseline -0.003 -16"><span class='ocrx_word' id='word_1_541' title='bbox 2185 3714 2526 3783; x_wconf 88' lang='lat' dir='ltr'><strong>Hieronymo,</strong></span> <span class='ocrx_word' id='word_1_542' title='bbox 2551 3723 2604 3767; x_wconf 90' lang='lat' dir='ltr'><strong>et</strong></span> <span class='ocrx_word' id='word_1_543' title='bbox 2644 3712 2754 3779; x_wconf 89' lang='lat' dir='ltr'><strong>jam</strong></span> <span class='ocrx_word' id='word_1_544' title='bbox 2801 3723 2926 3765; x_wconf 88' lang='lat' dir='ltr'><strong>ante</strong></span> <span class='ocrx_word' id='word_1_545' title='bbox 2971 3727 3000 3765; x_wconf 86' lang='lat' dir='ltr'><strong>a</strong></span> <span class='ocrx_word' id='word_1_546' title='bbox 3039 3711 3263 3783; x_wconf 89' lang='lat' dir='ltr'><strong>Didymo</strong></span> <span class='ocrx_word' id='word_1_547' title='bbox 3293 3713 3519 3764; x_wconf 91' lang='lat' dir='ltr'><strong>alterum</strong></span> <span class='ocrx_word' id='word_1_548' title='bbox 3548 3709 3725 3764; x_wconf 88' lang='lat' dir='ltr'><strong>Eccle—</strong></span> 
     </span>
    </p>
   </div>
   <div class='ocr_carea' id='block_1_84' title="bbox 2184 3798 3727 3871">
    <p class='ocr_par' dir='ltr' id='par_1_84' title="bbox 2184 3798 3727 3871">
     <span class='ocr_line' id='line_1_84' title="bbox 2184 3798 3727 3871; baseline -0.004 -14"><span class='ocrx_word' id='word_1_549' title='bbox 2184 3804 2387 3857; x_wconf 91' lang='lat' dir='ltr'><strong>siarum</strong></span> <span class='ocrx_word' id='word_1_550' title='bbox 2425 3813 2543 3871; x_wconf 90' lang='lat' dir='ltr'><strong>post</strong></span> <span class='ocrx_word' id='word_1_551' title='bbox 2571 3802 2836 3871; x_wconf 87' lang='lat' dir='ltr'><strong>apostolos</strong></span> <span class='ocrx_word' id='word_1_552' title='bbox 2878 3802 3191 3871; x_wconf 90' lang='lat' dir='ltr'><strong>magistrum</strong></span> <span class='ocrx_word' id='word_1_553' title='bbox 3230 3802 3565 3869; x_wconf 89' lang='lat' dir='ltr'><strong>nuncupari;</strong></span> <span class='ocrx_word' id='word_1_554' title='bbox 3593 3798 3727 3868; x_wconf 89' lang='lat' dir='ltr'><strong>quod</strong></span> 
     </span>
    </p>
   </div>
   <div class='ocr_carea' id='block_1_85' title="bbox 2184 3894 3729 3963">
    <p class='ocr_par' dir='ltr' id='par_1_85' title="bbox 2184 3894 3729 3963">
     <span class='ocr_line' id='line_1_85' title="bbox 2184 3894 3729 3963; baseline -0.002 -16"><span class='ocrx_word' id='word_1_555' title='bbox 2184 3895 2303 3963; x_wconf 91' lang='lat' dir='ltr'><strong>quis</strong></span> <span class='ocrx_word' id='word_1_556' title='bbox 2329 3896 2393 3949; x_wconf 85' lang='lat' dir='ltr'><strong>de</strong></span> <span class='ocrx_word' id='word_1_557' title='bbox 2435 3896 2649 3950; x_wconf 91' lang='lat' dir='ltr'><strong>homine</strong></span> <span class='ocrx_word' id='word_1_558' title='bbox 2682 3895 2935 3948; x_wconf 70' lang='lat' dir='ltr'><strong>hzeretico</strong></span> <span class='ocrx_word' id='word_1_559' title='bbox 2978 3895 3180 3948; x_wconf 90' lang='lat' dir='ltr'><strong>dictum</strong></span> <span class='ocrx_word' id='word_1_560' title='bbox 3227 3894 3406 3962; x_wconf 86' lang='lat' dir='ltr'><strong>putet?</strong></span> <span class='ocrx_word' id='word_1_561' title='bbox 3436 3895 3623 3947; x_wconf 91' lang='lat' dir='ltr'><strong>horum</strong></span> <span class='ocrx_word' id='word_1_562' title='bbox 3645 3908 3729 3944; x_wconf 86' lang='lat' dir='ltr'><strong>au-</strong></span> 
     </span>
    </p>
   </div>
   <div class='ocr_carea' id='block_1_86' title="bbox 2184 3986 3723 4056">
    <p class='ocr_par' dir='ltr' id='par_1_86' title="bbox 2184 3986 3723 4056">
     <span class='ocr_line' id='line_1_86' title="bbox 2184 3986 3723 4056; baseline -0.001 -15"><span class='ocrx_word' id='word_1_563' title='bbox 2184 3988 2432 4042; x_wconf 87' lang='lat' dir='ltr'><strong>ctoritate</strong></span> <span class='ocrx_word' id='word_1_564' title='bbox 2458 3987 2622 4041; x_wconf 78' lang='lat' dir='ltr'><strong>refelli</strong></span> <span class='ocrx_word' id='word_1_565' title='bbox 2670 3986 3021 4056; x_wconf 77' lang='lat' dir='ltr'><strong>TheOpltilutn</strong></span> <span class='ocrx_word' id='word_1_566' title='bbox 3041 4030 3055 4055; x_wconf 89' lang='lat'><strong>,</strong></span> <span class='ocrx_word' id='word_1_567' title='bbox 3087 4004 3206 4049; x_wconf 85' lang='lat' dir='ltr'><strong>cum</strong></span> <span class='ocrx_word' id='word_1_568' title='bbox 3239 3987 3519 4056; x_wconf 84' lang='lat' dir='ltr'><strong>Origenem</strong></span> <span class='ocrx_word' id='word_1_569' title='bbox 3545 3987 3723 4052; x_wconf 90' lang='lat' dir='ltr'><strong>queri-</strong></span> 
     </span>
    </p>
   </div>
   <div class='ocr_carea' id='block_1_87' title="bbox 2186 4079 3722 4150">
    <p class='ocr_par' dir='ltr' id='par_1_87' title="bbox 2186 4079 3722 4150">
     <span class='ocr_line' id='line_1_87' title="bbox 2186 4079 3722 4150; baseline -0.002 -18"><span class='ocrx_word' id='word_1_570' title='bbox 2186 4092 2274 4135; x_wconf 91' lang='lat' dir='ltr'><strong>tur</strong></span> <span class='ocrx_word' id='word_1_571' title='bbox 2312 4080 2563 4136; x_wconf 66' lang='lat' dir='ltr'><strong>Ecclesia:</strong></span> <span class='ocrx_word' id='word_1_572' title='bbox 2597 4081 2871 4135; x_wconf 88' lang='lat' dir='ltr'><strong>doctorem</strong></span> <span class='ocrx_word' id='word_1_573' title='bbox 2916 4080 3210 4150; x_wconf 88' lang='lat' dir='ltr'><strong>appellari:</strong></span> <span class='ocrx_word' id='word_1_574' title='bbox 3249 4082 3394 4146; x_wconf 89' lang='lat' dir='ltr'><strong>pium</strong></span> <span class='ocrx_word' id='word_1_575' title='bbox 3423 4079 3722 4147; x_wconf 85' lang='lat' dir='ltr'><strong>episcopum</strong></span> 
     </span>
    </p>
   </div>
   <div class='ocr_carea' id='block_1_88' title="bbox 2186 4169 3730 4241">
    <p class='ocr_par' dir='ltr' id='par_1_88' title="bbox 2186 4169 3730 4241">
     <span class='ocr_line' id='line_1_88' title="bbox 2186 4169 3730 4241; baseline -0.003 -15"><span class='ocrx_word' id='word_1_576' title='bbox 2186 4172 2525 4226; x_wconf 90' lang='lat' dir='ltr'><strong>Theotimum</strong></span> <span class='ocrx_word' id='word_1_577' title='bbox 2582 4172 2876 4241; x_wconf 79' lang='lat' dir='ltr'><strong>Epiphanio</strong></span> <span class='ocrx_word' id='word_1_578' title='bbox 2924 4173 3179 4226; x_wconf 86' lang='lat' dir='ltr'><strong>librorum</strong></span> <span class='ocrx_word' id='word_1_579' title='bbox 3226 4169 3469 4239; x_wconf 84' lang='lat' dir='ltr'><strong>Origenis</strong></span> <span class='ocrx_word' id='word_1_580' title='bbox 3509 4171 3730 4223; x_wconf 83' lang='lat' dir='ltr'><strong>damna-</strong></span> 
     </span>
    </p>
   </div>
   <div class='ocr_carea' id='block_1_89' title="bbox 2190 4258 3735 4332">
    <p class='ocr_par' dir='ltr' id='par_1_89' title="bbox 2190 4258 3735 4332">
     <span class='ocr_line' id='line_1_89' title="bbox 2190 4258 3735 4332; baseline -0.002 -16"><span class='ocrx_word' id='word_1_581' title='bbox 2190 4265 2386 4317; x_wconf 87' lang='lat' dir='ltr'><strong>tionem</strong></span> <span class='ocrx_word' id='word_1_582' title='bbox 2413 4264 2621 4332; x_wconf 85' lang='lat' dir='ltr'><strong>urgenti</strong></span> <span class='ocrx_word' id='word_1_583' title='bbox 2670 4264 3031 4330; x_wconf 85' lang='lat' dir='ltr'><strong>respondisse,</strong></span> <span class='ocrx_word' id='word_1_584' title='bbox 3065 4261 3202 4315; x_wconf 77' lang='grc' dir='ltr'>Οῠτε</span> <span class='ocrx_word' id='word_1_585' title='bbox 3257 4263 3401 4314; x_wconf 86' lang='grc' dir='ltr'>ὅσιον</span> <span class='ocrx_word' id='word_1_586' title='bbox 3461 4258 3594 4314; x_wconf 78' lang='grc' dir='ltr'>εἶναι</span> <span class='ocrx_word' id='word_1_587' title='bbox 3643 4262 3735 4314; x_wconf 78' lang='grc' dir='ltr'><strong>τὸν</strong></span> 
     </span>
    </p>
   </div>
   <div class='ocr_carea' id='block_1_90' title="bbox 2186 4354 3733 4425">
    <p class='ocr_par' dir='ltr' id='par_1_90' title="bbox 2186 4354 3733 4425">
     <span class='ocr_line' id='line_1_90' title="bbox 2186 4354 3733 4425; baseline 0.001 -18"><span class='ocrx_word' id='word_1_588' title='bbox 2186 4356 2350 4409; x_wconf 82' lang='grc' dir='ltr'>πάλαι</span> <span class='ocrx_word' id='word_1_589' title='bbox 2376 4354 2794 4425; x_wconf 79' lang='grc' dir='ltr'><strong>τετελευτηκότα</strong></span> <span class='ocrx_word' id='word_1_590' title='bbox 2826 4354 3081 4425; x_wconf 74' lang='grc' dir='ltr'>ὑϐρίζειν,</span> <span class='ocrx_word' id='word_1_591' title='bbox 3105 4354 3226 4407; x_wconf 77' lang='grc' dir='ltr'>οὔτε</span> <span class='ocrx_word' id='word_1_592' title='bbox 3268 4355 3614 4425; x_wconf 70' lang='grc' dir='ltr'><strong>βλασφημίας</strong></span> <span class='ocrx_word' id='word_1_593' title='bbox 3646 4359 3733 4409; x_wconf 77' lang='grc' dir='ltr'><strong>ὲκ-</strong></span> 
     </span>
    </p>
   </div>
   <div class='ocr_carea' id='block_1_91' title="bbox 2185 4443 3736 4516">
    <p class='ocr_par' dir='ltr' id='par_1_91' title="bbox 2185 4443 3736 4516">
     <span class='ocr_line' id='line_1_91' title="bbox 2185 4443 3736 4516; baseline 0 -19"><span class='ocrx_word' id='word_1_594' title='bbox 2185 4444 2273 4507; x_wconf 79' lang='grc' dir='ltr'>τὸς</span> <span class='ocrx_word' id='word_1_595' title='bbox 2300 4444 2397 4515; x_wconf 77' lang='grc' dir='ltr'>τὴν</span> <span class='ocrx_word' id='word_1_596' title='bbox 2436 4443 2543 4496; x_wconf 83' lang='grc' dir='ltr'>τῶν</span> <span class='ocrx_word' id='word_1_597' title='bbox 2578 4443 2941 4513; x_wconf 80' lang='grc' dir='ltr'><strong>παλαιοτέρων</strong></span> <span class='ocrx_word' id='word_1_598' title='bbox 2967 4443 3265 4497; x_wconf 76' lang='grc' dir='ltr'>διαϐάλλειν</span> <span class='ocrx_word' id='word_1_599' title='bbox 3299 4446 3496 4516; x_wconf 75' lang='grc' dir='ltr'>κρίσιν,</span> <span class='ocrx_word' id='word_1_600' title='bbox 3548 4446 3643 4498; x_wconf 73' lang='grc' dir='ltr'>καὶ</span> <span class='ocrx_word' id='word_1_601' title='bbox 3670 4444 3736 4497; x_wconf 82' lang='grc' dir='ltr'>τὰ</span> 
     </span>
    </p>
   </div>
   <div class='ocr_carea' id='block_1_92' title="bbox 530 4535 2078 4609">
    <p class='ocr_par' dir='ltr' id='par_1_92' title="bbox 530 4540 2078 4609">
     <span class='ocr_line' id='line_1_92' title="bbox 530 4540 2078 4609; baseline -0.001 -15"><span class='ocrx_word' id='word_1_602' title='bbox 530 4540 633 4594; x_wconf 87' lang='lat' dir='ltr'><strong>dus</strong></span> <span class='ocrx_word' id='word_1_603' title='bbox 661 4542 945 4595; x_wconf 81' lang='lat' dir='ltr'><strong>anathema</strong></span> <span class='ocrx_word' id='word_1_604' title='bbox 973 4540 1109 4594; x_wconf 86' lang='lat' dir='ltr'><strong>dixit</strong></span> <span class='ocrx_word' id='word_1_605' title='bbox 1139 4540 1351 4609; x_wconf 88' lang='lat' dir='ltr'><strong>Origeni</strong></span> <span class='ocrx_word' id='word_1_606' title='bbox 1373 4557 1387 4606; x_wconf 94' lang='lat'><strong>;</strong></span> <span class='ocrx_word' id='word_1_607' title='bbox 1413 4540 1549 4593; x_wconf 83' lang='lat' dir='ltr'><strong>dixit</strong></span> <span class='ocrx_word' id='word_1_608' title='bbox 1572 4550 1625 4594; x_wconf 88' lang='lat' dir='ltr'><strong>et</strong></span> <span class='ocrx_word' id='word_1_609' title='bbox 1654 4541 1837 4609; x_wconf 89' lang='lat' dir='ltr'><strong>quinta</strong></span> <span class='ocrx_word' id='word_1_610' title='bbox 1867 4541 2078 4595; x_wconf 88' lang='lat' dir='ltr'><strong>univer-</strong></span> 
     </span>
    </p>
   </div>
   <div class='ocr_carea' id='block_1_93' title="bbox 2181 4535 3734 4609">
    <p class='ocr_par' dir='ltr' id='par_1_93' title="bbox 2185 4535 3734 4607">
     <span class='ocr_line' id='line_1_93' title="bbox 2185 4535 3734 4607; baseline 0.003 -20"><span class='ocrx_word' id='word_1_611' title='bbox 2185 4539 2311 4607; x_wconf 77' lang='grc' dir='ltr'>παρ’</span> <span class='ocrx_word' id='word_1_612' title='bbox 2355 4537 2575 4588; x_wconf 75' lang='grc' dir='ltr'>ἐκείνων</span> <span class='ocrx_word' id='word_1_613' title='bbox 2619 4535 3046 4605; x_wconf 79' lang='grc' dir='ltr'>δεδοκιμασμένα</span> <span class='ocrx_word' id='word_1_614' title='bbox 3081 4536 3324 4589; x_wconf 83' lang='grc' dir='ltr'>ἀθετεῖν.</span> <span class='ocrx_word' id='word_1_615' title='bbox 3372 4555 3391 4588; x_wconf 79' lang='lat' dir='ltr'><strong>t</strong></span> <span class='ocrx_word' id='word_1_616' title='bbox 3427 4537 3612 4607; x_wconf 84' lang='lat' dir='ltr'><strong>Neque</strong></span> <span class='ocrx_word' id='word_1_617' title='bbox 3656 4540 3734 4592; x_wconf 91' lang='lat' dir='ltr'><strong>fas</strong></span> 
     </span>
    </p>
   </div>
   <div class='ocr_carea' id='block_1_94' title="bbox 532 4628 2084 4698">
    <p class='ocr_par' dir='ltr' id='par_1_94' title="bbox 532 4628 2084 4698">
     <span class='ocr_line' id='line_1_94' title="bbox 532 4628 2084 4698; baseline 0 -12"><span class='ocrx_word' id='word_1_618' title='bbox 532 4629 683 4686; x_wconf 90' lang='lat' dir='ltr'><strong>salis.</strong></span> <span class='ocrx_word' id='word_1_619' title='bbox 708 4628 763 4682; x_wconf 91' lang='lat' dir='ltr'><strong>ln</strong></span> <span class='ocrx_word' id='word_1_620' title='bbox 785 4646 846 4683; x_wconf 90' lang='lat' dir='ltr'><strong>ea</strong></span> <span class='ocrx_word' id='word_1_621' title='bbox 875 4640 1053 4684; x_wconf 85' lang='lat' dir='ltr'><strong>autem</strong></span> <span class='ocrx_word' id='word_1_622' title='bbox 1078 4642 1202 4685; x_wconf 89' lang='lat' dir='ltr'><strong>ante</strong></span> <span class='ocrx_word' id='word_1_623' title='bbox 1223 4630 1401 4685; x_wconf 92' lang='lat' dir='ltr'><strong>omnia</strong></span> <span class='ocrx_word' id='word_1_624' title='bbox 1432 4632 1711 4698; x_wconf 60' lang='lat' dir='ltr'><strong>quaesitum</strong></span> <span class='ocrx_word' id='word_1_625' title='bbox 1740 4642 1919 4685; x_wconf 88' lang='lat' dir='ltr'><strong>narrat</strong></span> <span class='ocrx_word' id='word_1_626' title='bbox 1949 4633 2084 4686; x_wconf 81' lang='lat' dir='ltr'><strong>Eva-</strong></span> 
     </span>
    </p>
   </div>
   <div class='ocr_carea' id='block_1_95' title="bbox 532 4720 2085 4792">
    <p class='ocr_par' dir='ltr' id='par_1_95' title="bbox 532 4720 2085 4792">
     <span class='ocr_line' id='line_1_95' title="bbox 532 4720 2085 4792; baseline 0.001 -17"><span class='ocrx_word' id='word_1_627' title='bbox 532 4722 683 4792; x_wconf 90' lang='lat' dir='ltr'><strong>grius</strong></span> <span class='ocrx_word' id='word_1_628' title='bbox 714 4720 837 4774; x_wconf 92' lang='lat' dir='ltr'><strong>libr.</strong></span> <span class='ocrx_word' id='word_1_629' title='bbox 870 4736 939 4787; x_wconf 88' lang='lat' dir='ltr'><strong>tv,</strong></span> <span class='ocrx_word' id='word_1_630' title='bbox 969 4736 1087 4789; x_wconf 92' lang='lat' dir='ltr'><strong>cap.</strong></span> <span class='ocrx_word' id='word_1_631' title='bbox 1110 4721 1199 4784; x_wconf 77' lang='lat'><strong>58,</strong></span> <span class='ocrx_word' id='word_1_632' title='bbox 1220 4732 1396 4776; x_wconf 90' lang='lat' dir='ltr'><strong>utrum</strong></span> <span class='ocrx_word' id='word_1_633' title='bbox 1424 4723 1664 4776; x_wconf 89' lang='lat' dir='ltr'><strong>homines</strong></span> <span class='ocrx_word' id='word_1_634' title='bbox 1688 4722 1797 4791; x_wconf 90' lang='lat' dir='ltr'><strong>jatn</strong></span> <span class='ocrx_word' id='word_1_635' title='bbox 1827 4723 1930 4776; x_wconf 89' lang='lat' dir='ltr'><strong>vita</strong></span> <span class='ocrx_word' id='word_1_636' title='bbox 1962 4722 2085 4777; x_wconf 89' lang='lat' dir='ltr'><strong>fun-</strong></span> 
     </span>
    </p>
   </div>
   <div class='ocr_carea' id='block_1_96' title="bbox 532 4813 2084 4885">
    <p class='ocr_par' dir='ltr' id='par_1_96' title="bbox 532 4813 2084 4885">
     <span class='ocr_line' id='line_1_96' title="bbox 532 4813 2084 4885; baseline -0.002 -13"><span class='ocrx_word' id='word_1_637' title='bbox 532 4817 607 4872; x_wconf 88' lang='lat' dir='ltr'><strong>cti</strong></span> <span class='ocrx_word' id='word_1_638' title='bbox 636 4814 992 4869; x_wconf 88' lang='lat' dir='ltr'><strong>anathematis</strong></span> <span class='ocrx_word' id='word_1_639' title='bbox 1022 4813 1213 4881; x_wconf 89' lang='lat' dir='ltr'><strong>subjici</strong></span> <span class='ocrx_word' id='word_1_640' title='bbox 1246 4815 1492 4884; x_wconf 89' lang='lat' dir='ltr'><strong>possint;</strong></span> <span class='ocrx_word' id='word_1_641' title='bbox 1540 4814 1827 4885; x_wconf 87' lang='lat' dir='ltr'><strong>Eutychius</strong></span> <span class='ocrx_word' id='word_1_642' title='bbox 1851 4817 1940 4884; x_wconf 86' lang='lat' dir='ltr'><strong>qui</strong></span> <span class='ocrx_word' id='word_1_643' title='bbox 1971 4816 2084 4883; x_wconf 74' lang='lat' dir='ltr'><strong>epi~</strong></span> 
     </span>
    </p>
   </div>
   <div class='ocr_carea' id='block_1_97' title="bbox 532 4908 2082 4978">
    <p class='ocr_par' dir='ltr' id='par_1_97' title="bbox 532 4908 2082 4978">
     <span class='ocr_line' id='line_1_97' title="bbox 532 4908 2082 4978; baseline -0.001 -15"><span class='ocrx_word' id='word_1_644' title='bbox 532 4923 697 4978; x_wconf 76' lang='lat' dir='ltr'><strong>scopo</strong></span> <span class='ocrx_word' id='word_1_645' title='bbox 740 4910 1007 4961; x_wconf 79' lang='lat' dir='ltr'><strong>Amaseno</strong></span> <span class='ocrx_word' id='word_1_646' title='bbox 1055 4914 1172 4956; x_wconf 88' lang='lat' dir='ltr'><strong>erat</strong></span> <span class='ocrx_word' id='word_1_647' title='bbox 1214 4923 1242 4959; x_wconf 93' lang='lat' dir='ltr'><strong>a</strong></span> <span class='ocrx_word' id='word_1_648' title='bbox 1291 4908 1601 4977; x_wconf 84' lang='lat' dir='ltr'><strong>responsis,</strong></span> <span class='ocrx_word' id='word_1_649' title='bbox 1630 4917 1685 4961; x_wconf 93' lang='lat' dir='ltr'><strong>et</strong></span> <span class='ocrx_word' id='word_1_650' title='bbox 1719 4910 2082 4977; x_wconf 86' lang='lat' dir='ltr'><strong>episcopatum</strong></span> 
     </span>
    </p>
   </div>
   <div class='ocr_carea' id='block_1_98' title="bbox 532 4992 2085 5067">
    <p class='ocr_par' dir='ltr' id='par_1_98' title="bbox 532 4992 2085 5067">
     <span class='ocr_line' id='line_1_98' title="bbox 532 4992 2085 5067; baseline -0.001 -14"><span class='ocrx_word' id='word_1_651' title='bbox 532 4996 1068 5065; x_wconf 87' lang='lat' dir='ltr'><strong>Constantinopoleos</strong></span> <span class='ocrx_word' id='word_1_652' title='bbox 1093 4992 1430 5066; x_wconf 86' lang='lat' dir='ltr'><strong>postmodum</strong></span> <span class='ocrx_word' id='word_1_653' title='bbox 1453 5000 1675 5064; x_wconf 86' lang='lat' dir='ltr'><strong>adeptus</strong></span> <span class='ocrx_word' id='word_1_654' title='bbox 1698 5009 1799 5062; x_wconf 89' lang='lat' dir='ltr'><strong>est,</strong></span> <span class='ocrx_word' id='word_1_655' title='bbox 1834 4998 2085 5067; x_wconf 63' lang='lat' dir='ltr'><strong>quaestio-</strong></span> 
     </span>
    </p>
   </div>
   <div class='ocr_carea' id='block_1_99' title="bbox 534 5088 2083 5161">
    <p class='ocr_par' dir='ltr' id='par_1_99' title="bbox 534 5088 2083 5161">
     <span class='ocr_line' id='line_1_99' title="bbox 534 5088 2083 5161; baseline 0.001 -17"><span class='ocrx_word' id='word_1_656' title='bbox 534 5105 654 5145; x_wconf 90' lang='lat' dir='ltr'><strong>nem</strong></span> <span class='ocrx_word' id='word_1_657' title='bbox 686 5091 843 5145; x_wconf 87' lang='lat' dir='ltr'><strong>solvit</strong></span> <span class='ocrx_word' id='word_1_658' title='bbox 867 5090 1112 5159; x_wconf 83' lang='lat' dir='ltr'><strong>exemplo</strong></span> <span class='ocrx_word' id='word_1_659' title='bbox 1138 5088 1297 5147; x_wconf 63' lang='lat' dir='ltr'><strong>losiaa</strong></span> <span class='ocrx_word' id='word_1_660' title='bbox 1334 5092 1494 5158; x_wconf 85' lang='lat' dir='ltr'><strong>regis.</strong></span> <span class='ocrx_word' id='word_1_661' title='bbox 1526 5092 1617 5161; x_wconf 88' lang='lat' dir='ltr'><strong>qui</strong></span> <span class='ocrx_word' id='word_1_662' title='bbox 1651 5106 1753 5146; x_wconf 91' lang='lat' dir='ltr'><strong>non</strong></span> <span class='ocrx_word' id='word_1_663' title='bbox 1786 5092 2083 5146; x_wconf 77' lang='lat' dir='ltr'><strong>dzemonum</strong></span> 
     </span>
    </p>
   </div>
   <div class='ocr_carea' id='block_1_100' title="bbox 533 5182 2082 5246">
    <p class='ocr_par' dir='ltr' id='par_1_100' title="bbox 533 5182 2082 5246">
     <span class='ocr_line' id='line_1_100' title="bbox 533 5182 2082 5246; baseline 0.002 -12"><span class='ocrx_word' id='word_1_664' title='bbox 533 5182 707 5235; x_wconf 89' lang='lat' dir='ltr'><strong>solum</strong></span> <span class='ocrx_word' id='word_1_665' title='bbox 751 5184 1057 5239; x_wconf 88' lang='lat' dir='ltr'><strong>sacerdotes</strong></span> <span class='ocrx_word' id='word_1_666' title='bbox 1091 5182 1378 5246; x_wconf 81' lang='lat' dir='ltr'><strong>interfecit,</strong></span> <span class='ocrx_word' id='word_1_667' title='bbox 1411 5184 1501 5237; x_wconf 84' lang='lat' dir='ltr'><strong>sed</strong></span> <span class='ocrx_word' id='word_1_668' title='bbox 1550 5192 1878 5238; x_wconf 90' lang='lat' dir='ltr'><strong>mortuorum</strong></span> <span class='ocrx_word' id='word_1_669' title='bbox 1920 5184 2082 5238; x_wconf 90' lang='lat' dir='ltr'><strong>etiam</strong></span> 
     </span>
    </p>
   </div>
   <div class='ocr_carea' id='block_1_101' title="bbox 534 5271 2083 5341">
    <p class='ocr_par' dir='ltr' id='par_1_101' title="bbox 534 5271 2083 5341">
     <span class='ocr_line' id='line_1_101' title="bbox 534 5271 2083 5341; baseline 0.001 -16"><span class='ocrx_word' id='word_1_670' title='bbox 534 5271 736 5326; x_wconf 91' lang='lat' dir='ltr'><strong>loculos</strong></span> <span class='ocrx_word' id='word_1_671' title='bbox 764 5272 988 5340; x_wconf 87' lang='lat' dir='ltr'><strong>refodit,</strong></span> <span class='ocrx_word' id='word_1_672' title='bbox 1012 5274 1150 5341; x_wconf 91' lang='lat' dir='ltr'><strong>quod</strong></span> <span class='ocrx_word' id='word_1_673' title='bbox 1176 5287 1368 5341; x_wconf 88' lang='lat' dir='ltr'><strong>magno</strong></span> <span class='ocrx_word' id='word_1_674' title='bbox 1395 5273 1656 5339; x_wconf 90' lang='lat' dir='ltr'><strong>omnium,</strong></span> <span class='ocrx_word' id='word_1_675' title='bbox 1675 5274 1766 5327; x_wconf 90' lang='lat' dir='ltr'><strong>sed</strong></span> <span class='ocrx_word' id='word_1_676' title='bbox 1797 5271 2083 5328; x_wconf 84' lang='lat' dir='ltr'><strong>Justiniani</strong></span> 
     </span>
    </p>
   </div>
   <div class='ocr_carea' id='block_1_102' title="bbox 533 5364 2082 5435">
    <p class='ocr_par' dir='ltr' id='par_1_102' title="bbox 533 5364 2082 5435">
     <span class='ocr_line' id='line_1_102' title="bbox 533 5364 2082 5435; baseline -0.001 -16"><span class='ocrx_word' id='word_1_677' title='bbox 533 5364 830 5435; x_wconf 57' lang='lat' dir='ltr'><strong>praesertim</strong></span> <span class='ocrx_word' id='word_1_678' title='bbox 878 5365 1133 5435; x_wconf 78' lang='lat' dir='ltr'><strong>applausu</strong></span> <span class='ocrx_word' id='word_1_679' title='bbox 1193 5373 1473 5434; x_wconf 78' lang='lat' dir='ltr'><strong>exceptum</strong></span> <span class='ocrx_word' id='word_1_680' title='bbox 1518 5376 1621 5417; x_wconf 91' lang='lat' dir='ltr'><strong>est.</strong></span> <span class='ocrx_word' id='word_1_681' title='bbox 1671 5364 1854 5433; x_wconf 87' lang='lat' dir='ltr'><strong>Neque</strong></span> <span class='ocrx_word' id='word_1_682' title='bbox 1898 5364 2082 5431; x_wconf 87' lang='lat' dir='ltr'><strong>semel,</strong></span> 
     </span>
    </p>
   </div>
   <div class='ocr_carea' id='block_1_103' title="bbox 533 5455 2086 5525">
    <p class='ocr_par' dir='ltr' id='par_1_103' title="bbox 533 5455 2086 5525">
     <span class='ocr_line' id='line_1_103' title="bbox 533 5455 2086 5525; baseline -0.002 -13"><span class='ocrx_word' id='word_1_683' title='bbox 533 5457 625 5512; x_wconf 80' lang='lat' dir='ltr'><strong>sed</strong></span> <span class='ocrx_word' id='word_1_684' title='bbox 652 5455 846 5511; x_wconf 86' lang='lat' dir='ltr'><strong>iterum</strong></span> <span class='ocrx_word' id='word_1_685' title='bbox 874 5455 1172 5525; x_wconf 84' lang='lat' dir='ltr'><strong>iterumque</strong></span> <span class='ocrx_word' id='word_1_686' title='bbox 1200 5455 1250 5508; x_wconf 92' lang='lat' dir='ltr'><strong>in</strong></span> <span class='ocrx_word' id='word_1_687' title='bbox 1276 5455 1435 5508; x_wconf 89' lang='lat' dir='ltr'><strong>variis</strong></span> <span class='ocrx_word' id='word_1_688' title='bbox 1459 5456 1644 5522; x_wconf 88' lang='lat' dir='ltr'><strong>synodi</strong></span> <span class='ocrx_word' id='word_1_689' title='bbox 1682 5455 1839 5523; x_wconf 88' lang='lat' dir='ltr'><strong>hujus</strong></span> <span class='ocrx_word' id='word_1_690' title='bbox 1859 5456 2086 5513; x_wconf 83' lang='lat' dir='ltr'><strong>actioni-</strong></span> 
     </span>
    </p>
   </div>
   <div class='ocr_carea' id='block_1_104' title="bbox 535 5546 2085 5615">
    <p class='ocr_par' dir='ltr' id='par_1_104' title="bbox 535 5546 2085 5615">
     <span class='ocr_line' id='line_1_104' title="bbox 535 5546 2085 5615; baseline -0.001 -12"><span class='ocrx_word' id='word_1_691' title='bbox 535 5547 636 5603; x_wconf 87' lang='lat' dir='ltr'><strong>bus</strong></span> <span class='ocrx_word' id='word_1_692' title='bbox 668 5548 719 5603; x_wconf 93' lang='lat' dir='ltr'><strong>id</strong></span> <span class='ocrx_word' id='word_1_693' title='bbox 749 5547 1100 5615; x_wconf 89' lang='lat' dir='ltr'><strong>disceptatum</strong></span> <span class='ocrx_word' id='word_1_694' title='bbox 1142 5558 1262 5611; x_wconf 87' lang='lat' dir='ltr'><strong>est;</strong></span> <span class='ocrx_word' id='word_1_695' title='bbox 1311 5560 1445 5614; x_wconf 88' lang='lat' dir='ltr'><strong>quas</strong></span> <span class='ocrx_word' id='word_1_696' title='bbox 1490 5546 1904 5615; x_wconf 85' lang='lat' dir='ltr'><strong>disceptationes</strong></span> <span class='ocrx_word' id='word_1_697' title='bbox 1938 5562 2085 5602; x_wconf 87' lang='lat' dir='ltr'><strong>sum-</strong></span> 
     </span>
    </p>
   </div>
   <div class='ocr_carea' id='block_1_105' title="bbox 537 5637 2085 5707">
    <p class='ocr_par' dir='ltr' id='par_1_105' title="bbox 537 5637 2085 5707">
     <span class='ocr_line' id='line_1_105' title="bbox 537 5637 2085 5707; baseline 0 -16"><span class='ocrx_word' id='word_1_698' title='bbox 537 5640 721 5694; x_wconf 88' lang='lat' dir='ltr'><strong>matim</strong></span> <span class='ocrx_word' id='word_1_699' title='bbox 753 5639 934 5695; x_wconf 91' lang='lat' dir='ltr'><strong>retulit</strong></span> <span class='ocrx_word' id='word_1_700' title='bbox 956 5637 1246 5695; x_wconf 85' lang='lat' dir='ltr'><strong>Gratianus</strong></span> <span class='ocrx_word' id='word_1_701' title='bbox 1287 5639 1493 5693; x_wconf 78' lang='lat' dir='ltr'><strong>Decret.</strong></span> <span class='ocrx_word' id='word_1_702' title='bbox 1535 5648 1676 5707; x_wconf 91' lang='lat' dir='ltr'><strong>part.</strong></span> <span class='ocrx_word' id='word_1_703' title='bbox 1704 5653 1778 5706; x_wconf 83' lang='grc' dir='ltr'><strong>ιι,</strong></span> <span class='ocrx_word' id='word_1_704' title='bbox 1811 5654 1958 5694; x_wconf 90' lang='lat' dir='ltr'><strong>caus.</strong></span> <span class='ocrx_word' id='word_1_705' title='bbox 1993 5638 2085 5706; x_wconf 74' lang='grc'>24,</span> 
     </span>
    </p>
   </div>
   <div class='ocr_carea' id='block_1_106' title="bbox 539 5732 2089 5801">
    <p class='ocr_par' dir='ltr' id='par_1_106' title="bbox 539 5732 2089 5801">
     <span class='ocr_line' id='line_1_106' title="bbox 539 5732 2089 5801; baseline 0.002 -18"><span class='ocrx_word' id='word_1_706' title='bbox 539 5743 728 5800; x_wconf 72' lang='lat' dir='ltr'><strong>quaest.</strong></span> <span class='ocrx_word' id='word_1_707' title='bbox 753 5733 811 5798; x_wconf 73' lang='lat'><strong>2,</strong></span> <span class='ocrx_word' id='word_1_708' title='bbox 844 5732 1187 5801; x_wconf 90' lang='lat' dir='ltr'><strong>decrevitque</strong></span> <span class='ocrx_word' id='word_1_709' title='bbox 1216 5732 1429 5786; x_wconf 89' lang='lat' dir='ltr'><strong>demum</strong></span> <span class='ocrx_word' id='word_1_710' title='bbox 1462 5736 1698 5800; x_wconf 79' lang='lat' dir='ltr'><strong>synodus</strong></span> <span class='ocrx_word' id='word_1_711' title='bbox 1722 5732 2005 5788; x_wconf 82' lang='lat' dir='ltr'><strong>haereticos</strong></span> <span class='ocrx_word' id='word_1_712' title='bbox 2033 5744 2089 5787; x_wconf 89' lang='lat' dir='ltr'><strong>et</strong></span> 
     </span>
    </p>
   </div>
   <div class='ocr_carea' id='block_1_107' title="bbox 537 5822 2083 5890">
    <p class='ocr_par' dir='ltr' id='par_1_107' title="bbox 537 5822 2083 5890">
     <span class='ocr_line' id='line_1_107' title="bbox 537 5822 2083 5890; baseline 0.002 -14"><span class='ocrx_word' id='word_1_713' title='bbox 537 5823 594 5876; x_wconf 87' lang='lat' dir='ltr'><strong>in</strong></span> <span class='ocrx_word' id='word_1_714' title='bbox 630 5822 735 5876; x_wconf 88' lang='lat' dir='ltr'><strong>vita</strong></span> <span class='ocrx_word' id='word_1_715' title='bbox 776 5832 830 5877; x_wconf 91' lang='lat' dir='ltr'><strong>et</strong></span> <span class='ocrx_word' id='word_1_716' title='bbox 860 5832 977 5890; x_wconf 90' lang='lat' dir='ltr'><strong>post</strong></span> <span class='ocrx_word' id='word_1_717' title='bbox 1005 5831 1229 5878; x_wconf 89' lang='lat' dir='ltr'><strong>mortem</strong></span> <span class='ocrx_word' id='word_1_718' title='bbox 1261 5824 1617 5879; x_wconf 86' lang='lat' dir='ltr'><strong>anathematis</strong></span> <span class='ocrx_word' id='word_1_719' title='bbox 1656 5838 1775 5880; x_wconf 91' lang='lat' dir='ltr'><strong>esse</strong></span> <span class='ocrx_word' id='word_1_720' title='bbox 1804 5824 2083 5881; x_wconf 84' lang='lat' dir='ltr'><strong>obnoxios.</strong></span> 
     </span>
    </p>
   </div>
   <div class='ocr_carea' id='block_1_108' title="bbox 2186 4627 3734 4697">
    <p class='ocr_par' dir='ltr' id='par_1_108' title="bbox 2186 4627 3734 4697">
     <span class='ocr_line' id='line_1_108' title="bbox 2186 4627 3734 4697; baseline -0.001 -15"><span class='ocrx_word' id='word_1_721' title='bbox 2186 4645 2303 4682; x_wconf 87' lang='lat' dir='ltr'><strong>esse</strong></span> <span class='ocrx_word' id='word_1_722' title='bbox 2359 4630 2625 4682; x_wconf 90' lang='lat' dir='ltr'><strong>hominem</strong></span> <span class='ocrx_word' id='word_1_723' title='bbox 2674 4628 2993 4697; x_wconf 84' lang='lat' dir='ltr'><strong>jampridem</strong></span> <span class='ocrx_word' id='word_1_724' title='bbox 3060 4627 3366 4683; x_wconf 86' lang='lat' dir='ltr'><strong>defunctum</strong></span> <span class='ocrx_word' id='word_1_725' title='bbox 3415 4628 3734 4682; x_wconf 79' lang='lat' dir='ltr'><strong>contumelia</strong></span> 
     </span>
    </p>
   </div>
   <div class='ocr_carea' id='block_1_109' title="bbox 2188 4717 3735 4787">
    <p class='ocr_par' dir='ltr' id='par_1_109' title="bbox 2188 4717 3735 4787">
     <span class='ocr_line' id='line_1_109' title="bbox 2188 4717 3735 4787; baseline -0.001 -15"><span class='ocrx_word' id='word_1_726' title='bbox 2188 4717 2426 4780; x_wconf 76' lang='lat' dir='ltr'><strong>allicere,</strong></span> <span class='ocrx_word' id='word_1_727' title='bbox 2465 4731 2638 4785; x_wconf 89' lang='lat' dir='ltr'><strong>neque</strong></span> <span class='ocrx_word' id='word_1_728' title='bbox 2668 4717 2869 4784; x_wconf 86' lang='lat' dir='ltr'><strong>absque</strong></span> <span class='ocrx_word' id='word_1_729' title='bbox 2908 4717 3167 4771; x_wconf 83' lang='lat' dir='ltr'><strong>calumnia</strong></span> <span class='ocrx_word' id='word_1_730' title='bbox 3203 4729 3440 4773; x_wconf 89' lang='lat' dir='ltr'><strong>veterum</strong></span> <span class='ocrx_word' id='word_1_731' title='bbox 3477 4719 3735 4787; x_wconf 88' lang='lat' dir='ltr'><strong>judicimu</strong></span> 
     </span>
    </p>
   </div>
   <div class='ocr_carea' id='block_1_110' title="bbox 2190 4809 3731 4878">
    <p class='ocr_par' dir='ltr' id='par_1_110' title="bbox 2190 4809 3731 4878">
     <span class='ocr_line' id='line_1_110' title="bbox 2190 4809 3731 4878; baseline -0.001 -15"><span class='ocrx_word' id='word_1_732' title='bbox 2190 4811 2508 4878; x_wconf 87' lang='lat' dir='ltr'><strong>improbare,</strong></span> <span class='ocrx_word' id='word_1_733' title='bbox 2530 4818 2582 4863; x_wconf 92' lang='lat' dir='ltr'><strong>et</strong></span> <span class='ocrx_word' id='word_1_734' title='bbox 2604 4824 2722 4877; x_wconf 74' lang='lat' dir='ltr'><strong>qua:</strong></span> <span class='ocrx_word' id='word_1_735' title='bbox 2740 4809 2807 4861; x_wconf 89' lang='lat' dir='ltr'><strong>ab</strong></span> <span class='ocrx_word' id='word_1_736' title='bbox 2827 4810 2958 4877; x_wconf 83' lang='lat' dir='ltr'><strong>ipsis</strong></span> <span class='ocrx_word' id='word_1_737' title='bbox 2976 4811 3190 4863; x_wconf 90' lang='lat' dir='ltr'><strong>decreta</strong></span> <span class='ocrx_word' id='word_1_738' title='bbox 3209 4820 3334 4864; x_wconf 92' lang='lat' dir='ltr'><strong>sunt</strong></span> <span class='ocrx_word' id='word_1_739' title='bbox 3357 4812 3684 4865; x_wconf 87' lang='lat' dir='ltr'><strong>rescindere:</strong></span> <span class='ocrx_word' id='word_1_740' title='bbox 3713 4829 3731 4861; x_wconf 74' lang='grc' dir='ltr'>ι</span> 
     </span>
    </p>
   </div>
   <div class='ocr_carea' id='block_1_111' title="bbox 2190 4900 3736 4971">
    <p class='ocr_par' dir='ltr' id='par_1_111' title="bbox 2190 4900 3736 4971">
     <span class='ocr_line' id='line_1_111' title="bbox 2190 4900 3736 4971; baseline -0.001 -15"><span class='ocrx_word' id='word_1_741' title='bbox 2190 4904 2361 4970; x_wconf 85' lang='lat' dir='ltr'><strong>ipsum</strong></span> <span class='ocrx_word' id='word_1_742' title='bbox 2386 4902 2741 4970; x_wconf 88' lang='lat' dir='ltr'><strong>Epiphanium</strong></span> <span class='ocrx_word' id='word_1_743' title='bbox 2766 4918 2867 4953; x_wconf 93' lang='lat' dir='ltr'><strong>non</strong></span> <span class='ocrx_word' id='word_1_744' title='bbox 2893 4900 3139 4971; x_wconf 81' lang='lat' dir='ltr'><strong>Origenis</strong></span> <span class='ocrx_word' id='word_1_745' title='bbox 3159 4903 3625 4971; x_wconf 89' lang='lat' dir='ltr'><strong>proscriptionem,</strong></span> <span class='ocrx_word' id='word_1_746' title='bbox 3650 4902 3736 4955; x_wconf 87' lang='lat' dir='ltr'><strong>sed</strong></span> 
     </span>
    </p>
   </div>
   <div class='ocr_carea' id='block_1_112' title="bbox 2188 4993 3737 5063">
    <p class='ocr_par' dir='ltr' id='par_1_112' title="bbox 2188 4993 3737 5063">
     <span class='ocr_line' id='line_1_112' title="bbox 2188 4993 3737 5063; baseline 0 -15"><span class='ocrx_word' id='word_1_747' title='bbox 2188 4995 2442 5048; x_wconf 90' lang='lat' dir='ltr'><strong>librorum</strong></span> <span class='ocrx_word' id='word_1_748' title='bbox 2460 4994 2574 5060; x_wconf 89' lang='lat' dir='ltr'><strong>ejus</strong></span> <span class='ocrx_word' id='word_1_749' title='bbox 2590 4994 2845 5047; x_wconf 87' lang='lat' dir='ltr'><strong>duntaxat</strong></span> <span class='ocrx_word' id='word_1_750' title='bbox 2867 4993 3259 5048; x_wconf 88' lang='lat' dir='ltr'><strong>damnationem</strong></span> <span class='ocrx_word' id='word_1_751' title='bbox 3282 4994 3611 5063; x_wconf 87' lang='lat' dir='ltr'><strong>postulasse:</strong></span> <span class='ocrx_word' id='word_1_752' title='bbox 3631 4996 3737 5048; x_wconf 71' lang='grc' dir='ltr'><strong>Οὐκ</strong></span> 
     </span>
    </p>
   </div>
   <div class='ocr_carea' id='block_1_113' title="bbox 2193 5081 3738 5158">
    <p class='ocr_par' dir='ltr' id='par_1_113' title="bbox 2193 5081 3738 5158">
     <span class='ocr_line' id='line_1_113' title="bbox 2193 5081 3738 5158; baseline 0.001 -18"><span class='ocrx_word' id='word_1_753' title='bbox 2193 5086 2352 5140; x_wconf 80' lang='grc' dir='ltr'>αὐτὸν</span> <span class='ocrx_word' id='word_1_754' title='bbox 2396 5085 2674 5157; x_wconf 82' lang='grc' dir='ltr'><strong>Ὦριγένην</strong></span> <span class='ocrx_word' id='word_1_755' title='bbox 2708 5084 3062 5157; x_wconf 83' lang='grc' dir='ltr'>ἀκοινώνητον</span> <span class='ocrx_word' id='word_1_756' title='bbox 3100 5081 3236 5140; x_wconf 78' lang='grc' dir='ltr'>εἶναι</span> <span class='ocrx_word' id='word_1_757' title='bbox 3275 5086 3566 5158; x_wconf 82' lang='grc' dir='ltr'>ὑπέφηνεν,</span> <span class='ocrx_word' id='word_1_758' title='bbox 3610 5088 3738 5141; x_wconf 74' lang='grc' dir='ltr'>ἀλλὰ</span> 
     </span>
    </p>
   </div>
   <div class='ocr_carea' id='block_1_114' title="bbox 2190 5176 3737 5250">
    <p class='ocr_par' dir='ltr' id='par_1_114' title="bbox 2190 5176 3737 5250">
     <span class='ocr_line' id='line_1_114' title="bbox 2190 5176 3737 5250; baseline 0.001 -19"><span class='ocrx_word' id='word_1_759' title='bbox 2190 5178 2255 5231; x_wconf 71' lang='grc' dir='ltr'>τὰ</span> <span class='ocrx_word' id='word_1_760' title='bbox 2308 5177 2483 5248; x_wconf 81' lang='grc' dir='ltr'>βιϐλία</span> <span class='ocrx_word' id='word_1_761' title='bbox 2531 5179 2667 5247; x_wconf 80' lang='grc' dir='ltr'>μόνα</span> <span class='ocrx_word' id='word_1_762' title='bbox 2708 5176 2941 5230; x_wconf 81' lang='grc' dir='ltr'><strong>διέϐαλε.</strong></span> <span class='ocrx_word' id='word_1_763' title='bbox 3006 5195 3025 5228; x_wconf 74' lang='lat' dir='ltr'><strong>c</strong></span> <span class='ocrx_word' id='word_1_764' title='bbox 3079 5177 3192 5232; x_wconf 84' lang='lat' dir='ltr'><strong>Non</strong></span> <span class='ocrx_word' id='word_1_765' title='bbox 3242 5179 3413 5248; x_wconf 87' lang='lat' dir='ltr'><strong>ipsum</strong></span> <span class='ocrx_word' id='word_1_766' title='bbox 3453 5180 3737 5250; x_wconf 77' lang='lat' dir='ltr'><strong>Origettem</strong></span> 
     </span>
    </p>
   </div>
   <div class='ocr_carea' id='block_1_115' title="bbox 2189 5270 3736 5336">
    <p class='ocr_par' dir='ltr' id='par_1_115' title="bbox 2189 5270 3736 5336">
     <span class='ocr_line' id='line_1_115' title="bbox 2189 5270 3736 5336; baseline -0.002 -11"><span class='ocrx_word' id='word_1_767' title='bbox 2189 5283 2339 5325; x_wconf 81' lang='lat' dir='ltr'><strong>extra</strong></span> <span class='ocrx_word' id='word_1_768' title='bbox 2373 5276 2796 5325; x_wconf 89' lang='lat' dir='ltr'><strong>communionem</strong></span> <span class='ocrx_word' id='word_1_769' title='bbox 2855 5285 2975 5325; x_wconf 83' lang='lat' dir='ltr'><strong>esse</strong></span> <span class='ocrx_word' id='word_1_770' title='bbox 3020 5270 3277 5336; x_wconf 86' lang='lat' dir='ltr'><strong>decrevit,</strong></span> <span class='ocrx_word' id='word_1_771' title='bbox 3321 5271 3414 5325; x_wconf 92' lang='lat' dir='ltr'><strong>sed</strong></span> <span class='ocrx_word' id='word_1_772' title='bbox 3449 5271 3618 5325; x_wconf 90' lang='lat' dir='ltr'><strong>libros</strong></span> <span class='ocrx_word' id='word_1_773' title='bbox 3651 5288 3736 5325; x_wconf 86' lang='lat' dir='ltr'><strong>so—</strong></span> 
     </span>
    </p>
   </div>
   <div class='ocr_carea' id='block_1_116' title="bbox 2194 5362 3734 5433">
    <p class='ocr_par' dir='ltr' id='par_1_116' title="bbox 2194 5362 3734 5433">
     <span class='ocr_line' id='line_1_116' title="bbox 2194 5362 3734 5433; baseline 0.002 -19"><span class='ocrx_word' id='word_1_774' title='bbox 2194 5362 2299 5416; x_wconf 92' lang='lat' dir='ltr'><strong>lum</strong></span> <span class='ocrx_word' id='word_1_775' title='bbox 2328 5364 2642 5417; x_wconf 89' lang='lat' dir='ltr'><strong>criminatus</strong></span> <span class='ocrx_word' id='word_1_776' title='bbox 2670 5374 2771 5429; x_wconf 88' lang='lat' dir='ltr'><strong>est,</strong></span> <span class='ocrx_word' id='word_1_777' title='bbox 2811 5382 2830 5414; x_wconf 77' lang='grc' dir='ltr'><strong><em>ι</em></strong></span> <span class='ocrx_word' id='word_1_778' title='bbox 2868 5364 3040 5433; x_wconf 88' lang='lat' dir='ltr'><strong>inquit</strong></span> <span class='ocrx_word' id='word_1_779' title='bbox 3068 5363 3326 5433; x_wconf 87' lang='lat' dir='ltr'><strong>Georgius</strong></span> <span class='ocrx_word' id='word_1_780' title='bbox 3345 5365 3734 5418; x_wconf 76' lang='lat' dir='ltr'><strong>Alexandrinus</strong></span> 
     </span>
    </p>
   </div>
   <div class='ocr_carea' id='block_1_117' title="bbox 2190 5455 3731 5525">
    <p class='ocr_par' dir='ltr' id='par_1_117' title="bbox 2190 5455 3731 5525">
     <span class='ocr_line' id='line_1_117' title="bbox 2190 5455 3731 5525; baseline -0.002 -14"><span class='ocrx_word' id='word_1_781' title='bbox 2190 5457 2475 5525; x_wconf 86' lang='lat' dir='ltr'><strong>episcopus</strong></span> <span class='ocrx_word' id='word_1_782' title='bbox 2523 5457 2576 5509; x_wconf 91' lang='lat' dir='ltr'><strong>in</strong></span> <span class='ocrx_word' id='word_1_783' title='bbox 2616 5455 2736 5509; x_wconf 81' lang='lat' dir='ltr'><strong>Vita</strong></span> <span class='ocrx_word' id='word_1_784' title='bbox 2778 5455 3163 5521; x_wconf 81' lang='lat' dir='ltr'><strong>Chrysostomi,</strong></span> <span class='ocrx_word' id='word_1_785' title='bbox 3209 5470 3330 5525; x_wconf 89' lang='lat' dir='ltr'><strong>cap.</strong></span> <span class='ocrx_word' id='word_1_786' title='bbox 3377 5456 3483 5523; x_wconf 76' lang='grc'><strong>45,</strong></span> <span class='ocrx_word' id='word_1_787' title='bbox 3520 5473 3625 5511; x_wconf 86' lang='lat' dir='ltr'><strong>non</strong></span> <span class='ocrx_word' id='word_1_788' title='bbox 3668 5458 3731 5509; x_wconf 87' lang='lat' dir='ltr'><strong>ita</strong></span> 
     </span>
    </p>
   </div>
   <div class='ocr_carea' id='block_1_118' title="bbox 2193 5547 3731 5620">
    <p class='ocr_par' dir='ltr' id='par_1_118' title="bbox 2193 5547 3731 5620">
     <span class='ocr_line' id='line_1_118' title="bbox 2193 5547 3731 5620; baseline -0.003 -17"><span class='ocrx_word' id='word_1_789' title='bbox 2193 5566 2321 5605; x_wconf 88' lang='lat' dir='ltr'><strong>vero</strong></span> <span class='ocrx_word' id='word_1_790' title='bbox 2356 5550 2756 5620; x_wconf 87' lang='lat' dir='ltr'><strong>intelligendum</strong></span> <span class='ocrx_word' id='word_1_791' title='bbox 2806 5547 3075 5603; x_wconf 89' lang='lat' dir='ltr'><strong>Gelasium</strong></span> <span class='ocrx_word' id='word_1_792' title='bbox 3103 5590 3118 5613; x_wconf 93' lang='lat'><strong>,</strong></span> <span class='ocrx_word' id='word_1_793' title='bbox 3169 5563 3289 5602; x_wconf 91' lang='lat' dir='ltr'><strong>cum</strong></span> <span class='ocrx_word' id='word_1_794' title='bbox 3334 5550 3731 5603; x_wconf 87' lang='lat' dir='ltr'><strong>schismaticum</strong></span> 
     </span>
    </p>
   </div>
   <div class='ocr_carea' id='block_1_119' title="bbox 2192 5640 3731 5711">
    <p class='ocr_par' dir='ltr' id='par_1_119' title="bbox 2192 5640 3731 5711">
     <span class='ocr_line' id='line_1_119' title="bbox 2192 5640 3731 5711; baseline -0.005 -13"><span class='ocrx_word' id='word_1_795' title='bbox 2192 5658 2313 5698; x_wconf 89' lang='lat' dir='ltr'><strong>eum</strong></span> <span class='ocrx_word' id='word_1_796' title='bbox 2345 5643 2595 5711; x_wconf 88' lang='lat' dir='ltr'><strong>appellat,</strong></span> <span class='ocrx_word' id='word_1_797' title='bbox 2631 5641 2788 5710; x_wconf 90' lang='lat' dir='ltr'><strong>quasi</strong></span> <span class='ocrx_word' id='word_1_798' title='bbox 2815 5642 3175 5696; x_wconf 87' lang='lat' dir='ltr'><strong>secessionem</strong></span> <span class='ocrx_word' id='word_1_799' title='bbox 3208 5656 3239 5693; x_wconf 88' lang='lat' dir='ltr'><strong>a</strong></span> <span class='ocrx_word' id='word_1_800' title='bbox 3270 5655 3521 5709; x_wconf 89' lang='lat' dir='ltr'><strong>supremo</strong></span> <span class='ocrx_word' id='word_1_801' title='bbox 3551 5640 3731 5693; x_wconf 76' lang='lat' dir='ltr'><strong>Eccle-</strong></span> 
     </span>
    </p>
   </div>
   <div class='ocr_carea' id='block_1_120' title="bbox 2193 5735 3732 5805">
    <p class='ocr_par' dir='ltr' id='par_1_120' title="bbox 2193 5735 3732 5805">
     <span class='ocr_line' id='line_1_120' title="bbox 2193 5735 3732 5805; baseline -0.006 -13"><span class='ocrx_word' id='word_1_802' title='bbox 2193 5738 2284 5792; x_wconf 68' lang='lat' dir='ltr'><strong>sia&#39;.</strong></span> <span class='ocrx_word' id='word_1_803' title='bbox 2313 5738 2491 5805; x_wconf 89' lang='lat' dir='ltr'><strong>capite</strong></span> <span class='ocrx_word' id='word_1_804' title='bbox 2521 5735 2712 5792; x_wconf 84' lang='lat' dir='ltr'><strong>fecisse</strong></span> <span class='ocrx_word' id='word_1_805' title='bbox 2745 5752 2865 5792; x_wconf 90' lang='lat' dir='ltr'><strong>eum</strong></span> <span class='ocrx_word' id='word_1_806' title='bbox 2899 5735 3144 5797; x_wconf 89' lang='lat' dir='ltr'><strong>voluerit,</strong></span> <span class='ocrx_word' id='word_1_807' title='bbox 3170 5736 3260 5789; x_wconf 91' lang='lat' dir='ltr'><strong>sed</strong></span> <span class='ocrx_word' id='word_1_808' title='bbox 3294 5735 3507 5789; x_wconf 90' lang='lat' dir='ltr'><strong>dissidia</strong></span> <span class='ocrx_word' id='word_1_809' title='bbox 3540 5749 3601 5787; x_wconf 85' lang='lat' dir='ltr'><strong>ac</strong></span> <span class='ocrx_word' id='word_1_810' title='bbox 3628 5744 3732 5785; x_wconf 92' lang='lat' dir='ltr'><strong>tur-</strong></span> 
     </span>
    </p>
   </div>
   <div class='ocr_carea' id='block_1_121' title="bbox 2192 5825 3731 5897">
    <p class='ocr_par' dir='ltr' id='par_1_121' title="bbox 2192 5825 3731 5897">
     <span class='ocr_line' id='line_1_121' title="bbox 2192 5825 3731 5897; baseline -0.006 -13"><span class='ocrx_word' id='word_1_811' title='bbox 2192 5829 2287 5885; x_wconf 86' lang='lat' dir='ltr'><strong>bas</strong></span> <span class='ocrx_word' id='word_1_812' title='bbox 2336 5828 2390 5883; x_wconf 90' lang='lat' dir='ltr'><strong>in</strong></span> <span class='ocrx_word' id='word_1_813' title='bbox 2441 5827 2732 5885; x_wconf 74' lang='lat' dir='ltr'><strong>Ecclesium</strong></span> <span class='ocrx_word' id='word_1_814' title='bbox 2780 5829 3065 5894; x_wconf 84' lang='lat' dir='ltr'><strong>intulisse;</strong></span> <span class='ocrx_word' id='word_1_815' title='bbox 3110 5827 3378 5897; x_wconf 75' lang='grc' dir='ltr'>σχίσματα</span> <span class='ocrx_word' id='word_1_816' title='bbox 3410 5825 3636 5895; x_wconf 81' lang='grc' dir='ltr'>βαλόντα</span> <span class='ocrx_word' id='word_1_817' title='bbox 3675 5825 3731 5875; x_wconf 83' lang='grc' dir='ltr'>ὲν</span> 
     </span>
    </p>
   </div>
  </div>
