4068 6308
606 379 744 432 “Ib

1864 381 1922 435 Ρ.
1961 382 2278 438 DANIELIS
2314 382 2546 439 IIUETII

3707 385 3844 439 1116

1906 693 2286 786 CAPUT
2359 696 2519 784 IV.

1604 885 1933 944 FORTUNA
1972 883 2339 942 DOCTRINE
2378 883 2838 943 ORIGENIANA‘J.

671 1178 886 1252 CADITIS
917 1193 1114 1240 QUARTI
1146 1174 2047 1252 etariryi._——Trihttssectionibus
2078 1183 2292 1252 constat
2315 1185 2470 1252 caput
2505 1177 2667 1232 istud.
2710 1177 2751 1232 I.
2786 1178 3028 1252 Ejgplicat
3077 1181 3202 1252 quid
3230 1179 3553 1251 Origeniana
3585 1184 3842 1242 doctrina

599 1248 653 1302 in
685 1250 904 1322 Oriente
951 1264 1108 1322 passu
1140 1249 1206 1302 sit
1237 1249 1305 1322 ab
1339 1245 1586 1322 Origenis
1620 1245 1790 1322 ipsius
1820 1253 2006 1322 astate;
2041 1245 2122 1322 ad.
2157 1245 2766 1322 altercationem_ttsque
2821 1245 3128 1322 Hieronymi
3169 1263 3224 1307 et
3269 1245 3443 1308 Ruﬁni
3471 1271 3486 1318 ;
3517 1266 3628 1310 tum
3677 1256 3842 1311 etiam

598 1334 828 1387 quanam
867 1319 916 1370 in
948 1312 1238 1388 Occidente
1273 1318 1483 1370 fortuna
1502 1312 1837 1388 _jact:ita_sit.
1865 1312 1928 1368 II.
1955 1312 2221 1388 geminet
2267 1315 2526 1388 quidquid
2553 1312 2870 1388 Origenismi
2893 1312 3054 1375 causa
3105 1333 3284 1377 actum
3323 1333 3436 1387 est,
3473 1312 3517 1378 ἰι
3549 1325 3842 1388 Theophili

598 1384 816 1441 dissidio
862 1403 980 1442 cum
1014 1387 1256 1460 Egyptis
1305 1386 1582 1440 monachis
1607 1394 1660 1438 et
1694 1384 1909 1460 joanne
1942 1384 2346 1460 Chrysostonio,
2389 1386 2455 1438 ad
2500 1384 2738 1460 tempora
2782 1390 2972 1460 synodi
3019 1384 3497 1450 Chalcedonensis.
3531 1393 3618 1452 Ill.
3659 1384 3754 1453 AI)
3779 1412 3841 1452 ea

599 1466 942 1526 tempestate,
978 1460 1043 1512 ad
1079 1454 1217 1513 hanc
1244 1471 1414 1526 usque
1445 1465 1656 1509 mtatem
1685 1454 2010 1525 Origenismi
2037 1455 2302 1509 lortunam
2334 1454 2695 1526 persequitur.

1117 1749 1360 1806 SECTIO
1399 1747 1631 1804 PRIMA.

597 1846 632 1897 I.
672 1843 1312 1900 Procellarum-adversns
1354 1843 1595 1912 Origenis
1619 1842 1908 1914 etiamnum
1938 1841 2154 1914 viventis

664 1918 966 1969 doctrinam
1001 1917 1322 1968 concitarum
1352 1911 1511 1967 series
1548 1911 1847 1966 summatim
1879 1911 2151 1978 repetitur.

669 1987 730 2038 Il.
779 1986 974 2040 Sedata
1010 1985 1258 2050 Origenis
1307 1993 1472 2037 morte
1520 1983 1642 2035 odia
1696 1999 1798 2034 non
1846 1983 2009 2050 multo
2037 1991 2154 2046 post

665 2058 1053 2109 recrudescunt.
1085 2048 1168 2107 III.
1201 2053 1406 2107 Pierius
1459 2051 1849 2106 Alexandrinus
1906 2048 2155 2120 Origenes

658 2127 844 2194 junior
891 2127 1080 2179 dictus.
1138 2124 1518 2194 Theognnstnm
1558 2121 1976 2194 Alemandrinum
2019 2122 2155 2174 inter

667 2190 907 2263 Origenis
936 2197 1160 2247 asseclas
1197 2190 1337 2261 ponit
1382 2193 1621 2247 Photius.
1666 2190 1752 2245 IV.
1780 2192 1994 2263 Arianis
2026 2199 2154 2243 tem-

663 2261 876 2331 poribus
909 2264 1150 2333 Origenis
1187 2265 1424 2316 doctrina
1449 2263 1619 2316 denuo
1653 2261 1946 2333 impugnari
1989 2269 2152 2333 capta

660 2344 736 2386 est
776 2340 838 2387 ab
867 2331 1187 2394 orthodoxis,
1215 2335 1351 2403 quod
1380 2333 1490 2402 ejus
1513 2333 1611 2386 sibi
1638 2331 1986 2403 patrocinium
2016 2332 2154 2383 asci-

656 2415 854 2456 scerent
898 2405 1122 2457 Ariani:
1183 2399 1242 2457 V.
1268 2399 1426 2472 quam
1470 2415 1641 2456 tamen
1675 2399 2153 2472 benigne_interpre-

665 2476 772 2527 tari
801 2481 1096 2527 maluerunt
1134 2467 1470 2538 Athanasius,
1501 2472 1732 2526 Basilius
1784 2467 1831 2524 et
1867 2467 2150 2537 Gregorius

663 2542 1058 2613 Nazianzenus.
1092 2543 1176 2598 VI.
1212 2543 1560 2613 Origenianas
1596 2550 1776 2613 partes
1807 2548 2024 2613 tuentur
2050 2538 2152 2613 Hi-

662 2615 850 2676 larius,
894 2612 1161 2680 Eiizoius,
1193 2611 1338 2667 Titus
1363 2611 1649 2666 Bostrenus
1669 2653 1683 2674 ,
1717 2611 2152 2680 Didyntus,_Am-

660 2685 886 2750 brosius,
938 2677 1193 2738 Eusebius
1249 2682 1606 2745 Vercellensis,
1645 2677 1943 2734 Victorinus
1992 2677 2153 2731 Peta-

660 2753 944 2814 bionensis.
977 2751 1259 2823 Gregorius
1292 2752 1562 2822 Nyssenus
1583 2793 1596 2814 ,
1627 2762 1674 2804 et
1705 2751 1812 2823 ipse
1846 2751 2153 2823 etiar_rt_Hie-

661 2840 928 2892 ronymus,
959 2825 1049 2890 qui
1082 2817 1313 2877 subinde
1349 2817 1529 2892 tamen
1568 2821 1788 2874 mutavit
1831 2817 2150 2892 consilium;

659 2888 790 2960 quas
823 2888 1120 2962 oppugnant
1147 2892 1447 2946 Theodorus
1475 2890 1892 2958 Mopsuestenus,
1918 2897 1965 2942 et
1993 2888 2154 2953 Apol-

669 2965 876 3018 linaris.
922 2961 1025 3016 VII.
1057 2963 1257 3031 Duplex
1299 2962 1737 3031 Origenistarunt_
1760 2975 1941 3031 genus,
1972 2962 2150 3031 ortho-

663 3035 917 3085 dortorum
953 3043 1003 3086 et
1031 3028 1485 3086 heterodoxorum.
1521 3030 1655 3084 VIII.
1701 3028 2011 3097 Origenistte
2059 3030 2147 3080 he-

663 3104 905 3174 terodoxi
953 3118 1017 3156 ea:
1043 3101 1263 3174 Afggpti
1303 3096 2147 3174 monasteriisufere’prodierunt.
2182 3103 2224 3158 B

669 3172 756 3225 IX.
781 3173 1002 3226 Joannis
1030 3167 1460 3240 Jeroswymitani
1486 3187 1601 3223 cunt
1625 3167 1990 3240 Epiphanio‘et
2020 3167 2149 3240 Hie-

666 3259 880 3310 ronymo
918 3244 1168 3295 dissensio
1191 3259 1210 3307 ,'
1241 3236 1312 3297 Χ.
1359 3253 1404 3293 et
1433 3240 1738 3308 Hieronymi
1764 3253 1880 3310 cum
1907 3236 2104 3310 Rufino
2130 3251 2150 3289 :

667 3307 913 3382 lequos
938 3313 994 3365 in
1027 3314 1248 3382 gratiam
1273 3312 1516 3382 reducere
1548 3307 1762 3382 student
1791 3307 2075 3382 Archelaus
2102 3317 2150 3361 et

665 3375 1000 3449 Theophilus.
1027 3375 1142 3436 XII.
1183 3382 1374 3451 Scribit
1422 3381 1491 3451 ad
1536 3379 1930 3451 Pammachium
1962 3375 2151 3451 Hiero-

663 3447 847 3518 nymus
891 3454 1136 3506 adversus
1178 3447 1378 3504 errores
1415 3449 1640 3515 Joannis
1677 3447 2149 3517 Jerosolymitani;

665 3517 798 3575 XIII.
833 3532 880 3575 et
907 3523 973 3574 ad
1011 3521 1368 3588 Theophilum.
1397 3519 1534 3574 XIV.
1575 3518 1919 3588 Augustinum
1942 3533 2153 3588 quoque

661 3608 755 3659 per
779 3592 981 3646 litteras
1011 3593 1074 3661 ab
1107 3586 1435 3661 O'rigenismo
1471 3586 1750 3661 absterret.
1778 3586 2151 3661 xvz‘llomam

662 3654 937 3716 revertitur
965 3654 1355 3716 Melania'cum
1397 3661 1581 3713 comite
1629 3657 1854 3724 Ruﬁno;
1885 3654 2020 3710 XVI.
2063 3658 2152 3724 qui

662 3749 781 3786 cum
824 3732 1154 3801 Apologiam
1184 3728 1470 3800 Pamphili,
1505 3728 1738 3801 libellum
1776 3727 1849 3780 De
1884 3726 2156 3801 adultera-

663 3803 807 3880 tione
843 3796 1076 3880 Opernnt
1125 3796 1393 3880 Origenis,
1433 3798 1633 3880 et_ejtts
1667 3797 1837 3880 [libros
1875 3796 2013 3863 Περὶ
2047 3796 2152 3880 ἀρ.-

664 3870 808 3940 χῶν,
838 3866 906 3924 in'
919 3871 1043 3923 urbe
1070 3866 1400 3946 νιώιὶὄαεξεῑ,
1427 3887 1458 3922 a
1482 3866 1734 3921 Marcella
1767 3881 2026 3934 repressus
2054 3877 2149 3918 est.

666 3942 826 3994 XVII.
856 3942 1056 3993 Certior
1077 3943 1235 3992 dehis
1263 3940 1432 4008 factus
1461 3941 1810 4008 Hieronymus
1841 3937 1998 3988 libros
2017 3936 2154 4005 Περὶ

663 4011 866 4079 ἀρχῶν
907 4004 1296 4077 interpretatur.
1344 4009 1527 4079 XVIII.
1583 4004 1928 4079 Tr_e:s___libros
1972 4004 2155 4059 contra

668 4073 1049 4148 Hieronymum
1102 4079 1280 4131 scribit
1331 4073 1796 4148 illuﬁuus.__X_lX_._
1843 4078 2153 4148 Anastasius

663 4168 800 4219 papa
836 4145 1050 4219 damnat
1081 4164 1283 4200 errores
1311 4147 1573 4219 Origenis.
1752 4145 1820 4199 Et
1845 4148 2013 4219 ipsum
2044 4145 2156 4198 Ru-

661 4215 850 4289 ﬁnum.
875 4217 1016 4274 XXI.
1043 4219 1394 4289 Hieronymus
1416 4215 1472 4270 et
1500 4215 1719 4284 Ruﬁnus
1750 4217 1955 4289 scriptis
1974 4226 2153 4289 mutuo

664 4284 718 4345 se
755 4292 1036 4344 lacessunt.
1070 4284 1489 4341 XXIIfMortent
1523 4296 1766 4353 oppetunt
1812 4284 2042 4338 Melania
2074 4302 2155 4338 se-

667 4363 802 4425 nior,
835 4372 882 4414 et
921 4359 1160 4428 litt/inus.
1193 4357 1374 4411 XXIII.
1412 4355 1746 4428 Otiigenismi
1774 4353 2153 4428 tradu:t;__l_)el_a_-

2187 1744 2234 1800 Α
2262 1744 2466 1802 honore
2498 1747 2639 1803 hunc
2668 1750 2938 1819 exuendo,
2972 1761 3025 1808 et
3062 1752 3131 1808 ab
3163 1754 3414 1810 Ecclesiae
3449 1759 3836 1816 communione

2255 1837 2521 1905 arcendo;
2566 1854 2687 1894 cum
2733 1842 2843 1909 jam
2877 1860 3000 1899 eum
3051 1845 3274 1901 docendi
3313 1863 3539 1903 munere
3570 1848 3833 1905 abdican-

2256 1931 2402 1995 dum,
2453 1940 2517 1986 et-
2563 1931 2886 1988 Alexandria
2942 1935 3370 1992 submovendum
3427 1938 3529 1994 alia
3588 1941 3832 2010 synodus

2255 2022 2539 2078 sanxisset.
2579 2022 2710 2077 Tam
2741 2025 2894 2095 gravi
2928 2038 3105 2082 autem
3140 2027 3416 2084 hominum
3453 2031 3720 2102 ﬂagrabat
3754 2034 3834 2088 in-

2256 2111 2417 2177 vidia,
2465 2121 2524 2167 ut
2577 2118 2902 2185 synodorum
2953 2117 3163 2173 illarum
3212 2121 3447 2177 decretis
3495 2125 3832 2179 consentiret

2255 2203 2535 2258 universus
2561 2208 2732 2268 orbis,
2757 2220 2980 2279 excepta
3008 2211 3314 2280 Palmstina,
3343 2214 3564 2281 Arabia,
3594 2215 3827 2274 Plateni-

2255 2296 2335 2349 cia
2375 2307 2430 2351 et
2486 2298 2708 2355 Achaia.
2751 2302 2991 2357 Diximus
3033 2320 3244 2374 quoque
3288 2318 3718 2364 consentaneum
3753 2311 3828 2365 vi-

2253 2386 2388 2452 deri,
2430 2391 2654 2446 vexandi
2695 2392 2810 2461 ejus
2866 2395 3219 2466 undequaque
3257 2412 3450 2454 causas
3492 2409 3828 2469 quaerentem

2255 2479 2607 2548 Demetrium,
2653 2484 2934 2553 opiniones
2983 2491 3053 2542 ob
3085 2489 3375 2543 novitatem
3424 2500 3738 2558 suspectas,
3771 2501 3826 2545 et

2252 2574 2320 2630 ab
2372 2573 2623 2630 Ecclesia:
2665 2591 2765 2631 usu
2817 2577 3021 2632 alienas
3073 2579 3417 2646 traduxisse,
3472 2597 3537 2636 ac
3596 2580 3825 2637 forsitan

2253 2666 2580 2721 damnasse:
2612 2668 2882 2723 Demetrio
2919 2680 3098 2724 autem
3140 2672 3469 2726 successisse
3512 2671 3825 2738 Heraclam,

2253 2754 2492 2811 lleraclaa
2524 2757 2836 2828 Dionysium
2867 2760 3081 2828 Origeni
3114 2758 3408 2827 faventem,
3444 2777 3544 2818 nec
3575 2766 3825 2819 concitas

2251 2856 2428 2904 tamen
2462 2850 2718 2905 adversus
2753 2849 3038 2922 Origenem
3075 2852 3340 2920 procellas
3377 2852 3634 2909 Demetrii
3666 2855 3823 2909 obitu

2250 2938 2417 2995 fuisse
2447 2943 2773 3010 consopitas,
2807 2941 3306 3011 ingravescentibus
3337 2943 3624 3000 multorum
3655 2946 3820 3012 odiis,

2252 3047 2384 3100 quos
2408 3033 2597 3087 urebat
2623 3033 2790 3102 ipsius
2821 3032 3014 3102 gloria.
3045 3033 3307 3088 Patebant
3331 3035 3598 3104 praecipue
3624 3036 3819 3091 horum

2256 3122 2743 3179 insimulationibus
2779 3123 2946 3193 ipsius
2976 3122 3180 3192 Opera;
3212 3140 3333 3195 quae
3363 3125 3450 3180 vel
3483 3141 3548 3180 ex
3575 3135 3822 3194 tempore

2255 3215 2500 3280 recitata,
2531 3223 2586 3270 et
2613 3230 2681 3269 ex
2707 3229 2800 3270 ore
2827 3214 3198 3270 concionantis
3221 3227 3468 3285 excepta,
3500 3232 3561 3271 ac
3589 3217 3820 3287 proinde

2255 3323 2358 3362 non
2395 3308 2526 3362 satis
2559 3307 2889 3376 pensiculate
2929 3307 3260 3376 composita;
3305 3309 3391 3364 vel
3430 3309 3496 3363 ad
3532 3310 3816 3365 instituen-

2254 3401 2380 3453 dum
2429 3407 2640 3453 secreto
2685 3397 3045 3462 Ambrosium,
3088 3413 3196 3452 non
3250 3399 3301 3453 in
3337 3399 3605 3467 publicam
3638 3397 3813 3454 lucem

2253 3491 2554 3558 lucubrata,
2593 3499 2646 3546 et
2695 3501 2889 3562 praner
2917 3489 3164 3560 Origenis
3199 3502 3377 3545 tamen
3428 3490 3710 3545 consilium
3748 3488 3817 3544 ab

2253 3586 2537 3640 Ambrosio
2568 3585 2873 3654 publicata;
2908 3583 2990 3638 vel
3027 3585 3379 3638 immoderato
3419 3583 3619 3652 ingenii
3658 3583 3811 3638 luxu-

2255 3679 2442 3734 riantis
2470 3680 2652 3734 calore
2684 3677 2923 3746 profusa,
2959 3675 3345 3730 malevolorum
3370 3675 3811 3745 castigationibus

2253 3773 2481 3825 obnoxia
2527 3781 2715 3834 erant;
2761 3785 2882 3824 cum
2931 3768 3231 3838 praesertim
3284 3767 3602 3823 adulteratis
3650 3769 3815 3837 ipsius

2254 3857 2521 3927 Operibns
2554 3873 2682 3914 suos
2710 3859 2872 3913 etiam
2908 3841 3120 3913 errores
3153 3858 3389 3912 haeretici
3438 3858 3815 3923 inseruissent,

2257 3960 2314 4004 ut
2346 3951 2601 4006 diximus.
2644 3950 2748 4006 Sed
2797 3964 2895 4005 nec
2944 3950 3102 4003 facile
3134 3949 3282 4004 dictu
3330 3960 3434 4016 est,
3480 3949 3815 4018 majorineei

2255 4044 2452 4099 fuerint
2482 4045 2803 4100 detrimento
2834 4044 3113 4099 calumnia:
3143 4046 3468 4112 invidorum,
3493 4059 3556 4096 an
3583 4041 3812 4097 inﬁnita

2254 4139 2552 4192 amicorum
2583 4137 2770 4191 laudes
2813 4145 2870 4192 et
2907 4139 3196 4206 praeconia,
3237 4136 3432 4205 quibus
3477 4133 3814 4189 adversario-

2257 4246 2373 4284 rum
2410 4230 2786 4285 malevolentia
2820 4231 3134 4285 acuebatur.
3185 4246 3205 4280 ‹
3229 4228 3418 4284 Nonne
3449 4228 3562 4291 tibi,
3585 4246 3604 4278 ι
3638 4227 3816 4296 inquit
3880 4224 3884 4230 ’

2255 4321 2513 4392 Origenes
2539 4321 2725 4376 homil.
2757 4320 2830 4375 25
2857 4323 2913 4374 in
2957 4319 3088 4374 Luc.
3127 4339 3146 4372 ι
3186 4336 3375 4376 omnes
3416 4320 3664 4374 videntur
3697 4317 3815 4389 plus

665 4409 1914 4520 ᾖὲἇὶιὲεῆηἱέ,’ΙὲέίείρίαὶιξεηιίέιΝὲδιοτξαηεενηαελ
1964 4422 2149 4520 XXIV.
2181 4463 2222 4520 ο
2258 4430 2468 4470 amasse
2504 4430 2664 4482 quam
2701 4415 2939 4482 expedit.
2963 4422 3016 4467 ει
3043 4413 3166 4467 dum
3202 4413 3454 4468 virtutem
3485 4409 3816 4480 uniuscuius'

677 4503 711 4520 ιι
858 4513 927 4520 ,,.,
958 4518 977 4520 ,_
1012 4503 1023 4520 ,-
1158 4501 1357 4520 _'_.._-.:_
1453 4500 1757 4520 ...'....-..-..-.._
1823 4511 1872 4520 -.Α
1947 4511 1967 4520 Α
1992 4496 2028 4520 ἱ,
2052 4497 2154 4520 ε.....
2467 4508 2478 4519 ο
2590 4516 2598 4520 .
2770 4506 2819 4520 ιιι
2893 4507 2924 4520 -ο
3005 4507 3016 4518 ο
3231 4507 3260 4520 ιο
3286 4507 3317 4520 ι·
3791 4501 3816 4520 Δ

667 4495 978 4555 Βεηαεειιιιτ
1006 4503 1058 4554 in
1101 4495 1359 4568 Hispania
1400 4495 1778 4568 Origemsmus,
1819 4497 1909 4568 sed
1941 4495 2154 4568 eliditur

664 4589 818 4638 opera
843 4571 1122 4637 Augustini
1152 4587 1170 4635 ;
1201 4565 1512 4638 penitusque
1535 4567 1742 4620 tandem
1779 4568 1833 4619 in
1873 4565 2153 4619 Occidente

664 4642 996 4710 pro/ligatur.

666 4735 708 4788 l.
756 4734 924 4802 Quam
975 4734 1124 4787 varia
1193 4733 1469 4788 hominum
1525 4728 1726 4800 judicia
1779 4738 1836 4783 et
1879 4726 2158 4783 volnnlale

595 4836 813 4896 experta
865 4825 939 4880 sit
991 4824 1244 4893 Origenis
1293 4825 1534 4879 doctrina
1596 4823 1872 4886 dicturos,
1931 4825 2156 4892 paucula

594 4921 837 4990 quzedam
896 4925 1143 4986 repetere
1195 4927 1442 4987 oportet,
1495 4917 1768 4986 prmmissa
1807 4916 1917 4985 jam
1969 4933 1998 4970 a
2055 4935 2156 4972 no-

594 5014 698 5079 bis,
738 5029 860 5068 cum
900 5011 1071 5083 ipsius
1105 5013 1266 5064 vitam
1303 5011 1687 5066 scriberemus.
1724 5010 2154 5066 Demonstratum

597 5119 682 5165 est
718 5120 895 5166 autem
928 5109 1204 5163 turbarum
1246 5107 1505 5170 omnium,
1533 5119 1652 5172 qnze
1691 5104 1948 5157 adversus
1969 5099 2154 5172 Orige-

599 5216 720 5254 nem
757 5216 950 5272 magno
994 5199 1250 5254 Ecclesia:
1301 5195 1622 5251 detrimento
1676 5198 1954 5251 concitata:
2005 5207 2153 5257 sunt,

597 5302 869 5346 auctorem
902 5301 955 5346 et
1000 5293 1329 5346 incentorem
1366 5288 1527 5342 fuisse
1556 5286 1888 5342 Demetrium
1919 5288 2154 5342 Alexan-

593 5384 832 5442 drinum.
863 5383 993 5437 Nam
1027 5399 1147 5438 cum
1175 5384 1240 5438 ab
1264 5383 1570 5437 Alexandro
1599 5381 2072 5452 lerosolymorum,
2101 5389 2156 5434 et

596 5475 905 5531 'l'beoctisto
933 5475 1188 5530 Ctesarcae
1225 5474 1492 5543 episcopis
1541 5472 1856 5541 presbyterii
1910 5472 2153 5527 ordinem

597 5570 953 5638 suscepisset.
1005 5583 1148 5637 aegre
1195 5567 1360 5621 latum
1403 5581 1434 5620 a
1485 5565 1790 5631 Demetrio,
1837 5577 1890 5621 et
1935 5568 1986 5621 in
2027 5581 2152 5621 eum

598 5674 782 5714 severe
806 5659 1092 5714 admodum
1116 5659 1417 5713 consultum
1440 5667 1664 5728 est,qua
1687 5658 1930 5713 ludibriis
1949 5669 2156 5714 castra-

602 5749 797 5803 tionem
838 5750 1004 5816 ipsius
1035 5750 1391 5818 propinando,
1421 5765 1522 5819 qua
1553 5765 1648 5819 per
1671 5750 1927 5818 synodum
1954 5765 2019 5804 ex
2042 5750 2138 5803 ali-

605 5845 735 5908 quot
769 5835 982 5905 Egypti
1027 5839 1290 5906 episcopis
1331 5854 1360 5892 a
1405 5855 1464 5894 se
1510 5837 1789 5897 conﬂatam
1823 5842 2142 5909 presbyterii

2257 4524 2361 4576 que
2411 4508 2693 4572 mirantur,
2750 4506 3052 4562 dilectionis
3115 4507 3412 4575 perdidisse
3474 4501 3816 4560 mensuram!

2257 4598 2405 4664 Quod
2447 4598 2660 4666 quidem
2699 4597 2753 4650 in
2799 4596 3033 4652 Ecclesia
3073 4598 3344 4667 patimur;
3397 4596 3644 4666 plerique
3677 4596 3810 4650 enim

2257 4695 2380 4745 dum
2411 4691 2529 4759 plus
2561 4691 2789 4760 diligunt
2835 4707 2996 4762 quam
3034 4705 3322 4752 meremur,
3356 4690 3469 4743 haec
3494 4687 3727 4756 jactant,
3765 4694 3812 4740 et

2255 4782 2565 4852 loquuntur,
2602 4797 2876 4838 sermones
2901 4790 3119 4836 nostros
3157 4781 3565 4849 doctrinamque
3593 4778 3807 4832 laudan-

2258 4885 2362 4940 tes,
2395 4892 2514 4946 quas
2541 4876 2870 4932 conscientia
2910 4871 3095 4930 nostra
3145 4890 3251 4928 non
3298 4873 3512 4943 recipit.
3542 4873 3653 4927 Alii
3692 4883 3808 4927 vero

2258 4979 2519 5026 tractatus
2575 4980 2789 5026 nostros
2824 4969 3218 5026 calumniantes
3261 4982 3326 5022 ea
3356 4968 3560 5022 sentire
3587 4982 3689 5021 nos
3717 4965 3809 5020 cri-

2258 5063 2552 5128 minantur,
2584 5075 2702 5130 qua:
2751 5075 3024 5129 nunquam
3068 5058 3306 5113 sensisse
3353 5070 3451 5111 nos
3496 5055 3803 5109 novimus.)

2255 5153 2549 5209 Calumniis
2591 5155 2774 5222 itaque
2827 5152 3097 5222 appetitus
3137 5148 3420 5219 Origenes,
3459 5155 3515 5202 et
3557 5159 3806 5199 novorum

2236 5245 2564 5315 'dogmatum
2590 5255 2892 5314 suspectus,
2923 5241 3126 5312 sparsis
3158 5241 3228 5295 de
3260 5253 3320 5294 se
3359 5236 3671 5292 rumoribus
3701 5249 3807 5288 ma-

2259 5347 2376 5394 ture
2401 5339 2655 5404 occnrrit,
2681 5338 2879 5405 scripta
2911 5336 2977 5390 ad
3006 5333 3299 5388 Fabiamnn
3327 5345 3541 5401 papam,
3575 5330 3807 5396 aliosque

2254 5429 2514 5512 praesules
2547 5431 2792 5500 epistola,
2834 5445 2940 5500 qua
2983 5427 3304 5484 sententiam
3349 5441 3502 5481 suam
3545 5426 3616 5479 de
3658 5422 3806 5478 rebus

2254 5524 2450 5578 divinis
2479 5522 2790 5580 declaravit.

2323 5655 2389 5712 Il.
2417 5655 2537 5713 Vita
2583 5657 2822 5710 functum
2859 5655 3105 5709 laudibus
3140 5661 3457 5723 prosecutus
3493 5659 3578 5705 est
3614 5649 3805 5716 Diony-

2256 5751 2368 5804 sius
2407 5748 2800 5802 Alexandrinus
2845 5747 2896 5802 in
2939 5745 3161 5816 epistola
3195 5743 3269 5798 ad
3299 5744 3682 5803 Theotecnnm,
3714 5751 3802 5792 seu

2255 5843 2618 5901 Thcoctistum
2649 5840 3032 5899 Caesariensem
3066 5837 3395 5901 episcopum.
3437 5844 3494 5890 ut
3526 5848 3556 5889 a
3594 5829 3801 5890 Gobaro
