4068 6308
304 382 437 437 Ηίοῗ

1213 373 1778 433 ORIGENIANORUM
1822 374 1949 431 LIB.
1992 377 2057 442 ll,
2100 377 2251 433 CAP.
2294 369 2384 440 IV,
2430 376 2623 433 SECT.
2663 379 2707 431 Ι.

3386 375 3528 431 HIS

299 493 438 563 apud
484 490 728 546 Photium
778 490 898 546 cod.
925 505 1158 553 ccxxxn,
1193 492 1456 560 proditum
1483 501 1584 547 est.
1628 493 1693 548 Et
1732 506 1862 548 vero
1891 503 1933 557 Α
1966 496 2131 549 ferme
2169 493 2491 549 Adamantio
2534 494 2981 549 adhaerescerent.
3034 492 3204 560 Quem
3262 503 3439 546 tamen
3490 507 3521 546 a

301 600 437 653 quas
476 584 628 639 vivus
680 583 977 638 animorum
1030 582 1208 636 turbas
1249 582 1525 638 exciverat
1569 583 1850 654 Origenes,

304 674 624 729 morientem
666 673 985 728 restituisse
1023 671 1281 727 credibile
1335 682 1450 738 est;
1517 673 1658 727 nulla
1710 673 1852 727 enim

300 767 700 835 perseverantis
725 773 845 835 post
889 763 1004 831 ejus
1033 763 1236 818 obitum
1269 763 1375 818 odii
1412 763 1608 819 indicia
1647 773 1856 818 veteres

307 859 468 913 nobis
512 857 779 911 memoriae
825 853 1190 923 suppeditant.
1233 852 1337 908 Sed
1381 868 1487 908 non
1537 855 1704 909 multo
1737 864 1858 924 post

303 949 356 1002 in
390 948 729 1017 superstitem
755 944 869 1012 ejus
910 943 1113 997 famam
1161 958 1310 998 novae
1338 951 1681 1013 tempestates
1706 947 1856 1000 incuo

302 1038 552 1091 buerunt.
598 1034 831 1088 Primum
878 1047 942 1087 eo
969 1034 1237 1088 exstincto
1278 1033 1604 1088 Methodium
1635 1034 1853 1104 Tyrium

300 1128 609 1196 episcopum
640 1124 949 1178 Diocletiani
990 1124 1318 1193 temporibus
1343 1123 1645 1179 doctrinam
1688 1126 1856 1193 ipsius

300 1218 640 1289 impugnasse
679 1216 887 1285 reperio
913 1234 926 1270 :
951 1224 1136 1269 narrat
1180 1216 1374 1285 quippe
1416 1216 1773 1288 Hieronymus
1804 1217 1855 1270 in

204 1372 207 1375 γ
298 1310 421 1365 libr.
465 1309 538 1362 De
570 1310 750 1377 script.
791 1307 995 1373 eccles.,
1034 1322 1155 1377 cap.
1205 1307 1292 1371 94,
1323 1309 1554 1377 scriptos
1598 1308 1761 1364 fuisse
1791 1309 1857 1363 ab

296 1416 364 1456 co
398 1404 562 1456 libros
588 1402 662 1455 De
690 1403 1062 1456 resurrectione
1089 1414 1277 1457 contra
1309 1402 1617 1473 Origenem,
1646 1404 1720 1458 De
1747 1403 1857 1475 Py-

295 1495 554 1559 thonissa,
607 1504 662 1548 et
681 1493 756 1548 De
780 1494 989 1547 arbitrii
1018 1494 1275 1550 libertate.
1305 1496 1495 1564 Operis
1520 1495 1597 1550 De
1627 1513 1856 1551 resurre-

295 1588 464 1640 ctione
479 1586 834 1656 fragmentum
855 1587 1062 1655 insigne
1088 1584 1318 1641 Panario
1345 1603 1444 1643 suo
1475 1589 1703 1643 intexuit
1730 1589 1857 1659 Epi-

294 1678 526 1746 phanius
559 1681 688 1734 hazr.
714 1678 803 1743 64,
821 1677 969 1747 cujus
989 1689 1237 1749 excerpta
1260 1681 1418 1736 etiam
1455 1684 1859 1751 repraesentavit

295 1767 521 1823 Photins
549 1771 667 1825 cod.
714 1785 965 1825 ccxxxtv.
997 1770 1151 1841 ldemj
1172 1773 1292 1827 cod.
1321 1786 1571 1838 ccxxxv,
1606 1784 1854 1844 excerpta

1957 585 2116 641 Petro
2148 586 2510 641 Alexandrino
2539 587 2788 654 episeopo
2816 595 2872 638 et
2897 594 3159 654 martyre,
3192 583 3283 648 qui
3312 581 3521 637 Metho-

1955 675 2027 729 dii
2060 677 2202 729 aetati
2249 690 2445 745 suppar
2501 675 2617 738 fuit,
2652 673 2789 727 male
2828 672 3069 726 habitum
3116 672 3345 741 reperio.
3380 669 3522 724 Loca

1955 763 2194 832 quedam
2229 779 2291 817 ex
2335 763 2506 832 ipsius
2544 763 2696 816 libris
2736 761 2942 826 profert
2967 759 3307 814 Justinianus
3332 758 3382 811 in
3407 758 3522 827 epi-

1955 854 2091 908 stola
2122 855 2185 907 ad
2223 854 2452 918 Menam,
2492 854 2630 907 unde
2657 868 2817 922 quam
2852 850 3094 906 infensus
3126 849 3230 918 ipsi
3262 848 3522 903 adversus

1956 946 2240 1016 Origenem
2288 946 2498 1001 animus
2542 946 2720 1007 fuerit,
2766 944 3099 1012 intelligitur.
3154 940 3303 995 Tunc
3339 951 3518 993 autem

1958 1038 2099 1093 inter
2150 1047 2444 1093 sectatores
2493 1037 2737 1108 Origenis
2782 1037 3122 1091 Alexandria
3163 1033 3390 1089 florebat
3441 1033 3522 1086 vir

1957 1132 2132 1200 magni
2175 1131 2408 1184 nominis
2448 1130 2658 1183 Pierius
2691 1130 2991 1199 presbyter,
3025 1142 3183 1196 quem
3223 1140 3343 1180 rara
3389 1140 3517 1178 ern-

1957 1221 2110 1284 ditio,
2141 1220 2440 1274 indcfessus
2467 1220 2636 1280 labor,
2674 1218 2801 1272 felix
2830 1218 3129 1287 ingenium,
3155 1214 3524 1284 temperantia;

1956 1326 2021 1367 ac
2052 1311 2378 1379 paupertatis
2404 1310 2662 1372 studium,
2694 1310 2851 1363 utiles
2889 1318 2947 1363 et
2974 1307 3227 1376 jucunda:
3258 1307 3326 1360 ad
3354 1320 3523 1374 popu-

1959 1400 2064 1454 lum
2115 1401 2401 1455 conciones
2451 1407 2657 1452 tantum
2710 1399 3189 1461 connuendarunt,
3221 1404 3279 1449 ttt
3341 1395 3524 1462 junior

1957 1493 2213 1561 Origenes
2272 1494 2541 1546 diceretur
2578 1508 2591 1544 :
2629 1491 2781 1558 quasi
2838 1490 2891 1543 in
2944 1505 3008 1544 ea
3058 1489 3250 1552 laude,
3303 1486 3521 1541 laudum

1958 1583 2215 1648 omnium,
2238 1598 2357 1652 quae
2381 1582 2801 1636 ecclesiasticum
2834 1582 3006 1633 virum
3033 1581 3282 1642 deceant,
3314 1591 3522 1632 summa

1959 1670 2489 1730 contineretur?!”
2530 1674 2639 1744 γὰρ
2669 1673 2788 1725 τότε
2825 1674 2882 1724 ὲν
2928 1673 3038 1734 τοῖς
3080 1669 3524 1738 ἀξιολογωτάτοις

1973 1766 2276 1837 Ὧριγένης.
2325 1785 2343 1817 ι
2370 1766 2517 1820 Tunc
2555 1767 2698 1819 enim
2742 1766 2880 1819 inter
2911 1764 3291 1818 celeberrimos
3334 1760 3526 1831 Orige-

296 1860 451 1915 affert
474 1877 536 1915 ex
568 1862 805 1931 ejusdem
835 1862 1025 1932 Ecloga
1057 1864 1185 1935 περὶ
1223 1864 1331 1918 τῶν
1354 1865 1618 1936 γενητῶν·
1654 1874 1709 1920 et
1732 1865 1850 1921 cod.

1961 1875 2053 1915 nes
2085 1862 2444 1924 ltabebatnr,’
2484 1859 2654 1927 inquit
2694 1857 2918 1911 Photins
2961 1855 3081 1911 cod.
3118 1870 3263 1916 etttx,
3314 1854 3400 1908 ubi
3457 1853 3523 1907 de

295 1967 546 2019 ccxxxvt,
566 1954 795 2026 περὶτοῦ
809 1954 1167 2020 αὐτεξουσίου,
1183 1957 1373 2024 quibus
1385 1956 1634 2027 Origenis
1644 1957 1857 2027 dogma-

303 2054 355 2097 ta
389 2046 958 2116 castigantur.Ateum
974 2050 1279 2104 suidemum
1307 2049 1489 2117 judicii
1521 2050 1851 2119 paenituisse,

298 2145 354 2190 et
380 2137 519 2190 velut
539 2138 860 2206 palinodiam
884 2150 1161 2195 canentem
1181 2142 1561 2196 admiratorem
1586 2157 1645 2197 se
1666 2141 1856 2213 Orige-

301 2228 382 2282 nis
418 2228 713 2298 professum
735 2245 854 2285 esse
878 2232 929 2284 itt
954 2231 1170 2303 Dialogo
1185 2248 1343 2303 quem
1366 2231 1641 2288 Xenonem
1664 2235 1855 2289 inscri-

298 2320 423 2386 psit,
454 2328 639 2375 auctor
663 2331 745 2374 est
777 2320 1026 2378 Socrates
1047 2323 1169 2378 libr.
1202 2340 1274 2391 vt,
1304 2339 1423 2394 cap.
1474 2326 1564 2380 15.
1604 2326 1716 2397 (Si)
1750 2326 1855 2382 Sed

300 2406 507 2462 Socrati
564 2411 882 2466 contradicit
927 2413 1187 2470 Baronius
1233 2417 1299 2471 ad
1347 2432 1435 2472 an.
1493 2416 1640 2483 402,
1704 2434 1854 2472 men-

302 2501 549 2570 daciique
575 2518 721 2558 reum
754 2505 961 2575 peragit
991 2506 1092 2561 hoc
1124 2517 1462 2575 argumento,
1489 2509 1640 2578 quod
1669 2509 1854 2564 lauda-

299 2600 408 2645 tum
441 2595 614 2663 primo
641 2611 668 2648 a
701 2611 758 2650 se
785 2596 1069 2667 Origenem
1107 2610 1291 2667 postea
1328 2601 1599 2655 damnarit
1645 2601 1853 2657 Metho—

295 2682 415 2735 dius
440 2724 453 2747 ,
493 2694 549 2737 ut
579 2685 840 2742 Eusebius
871 2690 1033 2743 tradit
1072 2691 1209 2759 apud
1247 2690 1629 2761 Hieronymum
1663 2693 1780 2747 libr.
1813 2710 1851 2762 t,

292 2774 513 2846 Apolog.
546 2777 597 2830 in
633 2776 833 2847 Ruﬁn.,
860 2796 977 2850 cap.
1014 2781 1069 2846 ἢ,
1118 2791 1320 2838 tantum
1358 2783 1511 2839 abest
1536 2793 1595 2839 ut
1634 2786 1855 2841 damna-

294 2874 406 2920 tum
438 2884 466 2921 a
492 2884 550 2924 se
576 2872 772 2939 primo,
793 2873 986 2928 deinde
1011 2873 1260 2929 laudarit.
1280 2876 1442 2942 Quasi
1472 2892 1577 2932 non
1605 2876 1855 2934 laudasse

292 2961 525 3029 primum
549 2961 834 3032 Origenem
863 2966 1095 3034 potuerit
1120 2966 1440 3033 Methodius,
1465 2978 1520 3025 et
1551 2973 1853 3041 deprehen-

291 3051 374 3106 sis
400 3053 733 3122 postmodum
768 3058 1046 3112 erroribus
1075 3058 1428 3129 vituperasse,
1456 3072 1511 3116 et
1540 3064 1727 3119 iisdem
1757 3066 1852 3120 de-

288 3160 439 3199 mum
492 3148 761 3203 excusatis
807 3151 871 3203 ad
933 3151 1165 3220 priorem
1223 3154 1547 3209 sententiam
1606 3158 1851 3214 rediisse.
1882 3191 1928 3252 ε

284 3239 457 3293 Addit
484 3240 743 3296 Baronins
766 3257 831 3297 ex
861 3242 1110 3299 Methodii
1155 3255 1340 3301 contra
1380 3245 1661 3318 Origenem
1704 3250 1857 3306 lucu-

284 3330 630 3385 brationibus
651 3332 879 3399 plurima
896 3336 1287 3406 deprompsisse
1304 3339 1689 3408 Epiphaniam;
1712 3344 1857 3413 quod

287 3422 481 3476 facere
526 3424 849 3489 erubuisset,
887 3428 931 3482 si
978 3429 1169 3484 scisset
1211 3431 1491 3499 pristinam
1527 3436 1855 3489 sententiam

286 3513 621 3569 Methodium
662 3532 962 3572 revocasse.
986 3519 1200 3575 Valeret
1225 3511 1275 3575 id
1303 3537 1456 3585 sane,
1488 3522 1532 3577 si
1562 3522 1614 3577 in
1637 3523 1857 3594 Dialoyo

285 3605 390 3657 illn
419 3603 641 3661 Xenone
676 3608 980 3677 scripsisset
1018 3610 1342 3675 Methodius,
1382 3626 1717 3687 quaecunque
1741 3634 1769 3672 a
1801 3635 1858 3674 se

285 3696 561 3755 adversus
593 3697 878 3771 Origenem
912 3700 1054 3759 dicta
1085 3711 1231 3771 sunt,
1270 3702 1400 3760 falsa
1432 3723 1581 3773 esse;
1619 3708 1700 3763 sin
1732 3724 1858 3763 vero

290 3793 349 3846 id
384 3792 484 3847 sibi
529 3793 694 3848 voluit
735 3795 1013 3862 duntaxat,
1045 3812 1257 3854 errasse
1291 3801 1509 3869 quidem
1543 3801 1855 3872 Origenem,

292 3886 393 3938 sed
433 3899 616 3940 errore
661 3886 1037 3956 condonando,
1092 3891 1360 3960 nimisque
1407 3906 1591 3946 severe
1627 3908 1747 3946 eum
1795 3908 1857 3947 ac

291 3976 504 4030 duriter
537 3992 565 4029 a
599 3993 655 4032 se
700 3989 1001 4047 exceptum,
1050 3980 1137 4033 cui
1187 3979 1373 4036 favere
1415 3982 1595 4049 potius
1642 3990 1859 4051 propter

289 4065 571 4135 pietatem,
613 4076 665 4121 et
703 4069 960 4137 prteclara
1004 4068 1057 4123 in
1098 4068 1391 4123 Ecclesiam
1423 4070 1611 4124 merita
1640 4070 1856 4124 debuis-

290 4162 400 4217 set,
429 4170 532 4223 quo
558 4156 767 4210 tandem
796 4157 1215 4212 reciditBaronii
1246 4158 1619 4213 ratiocinatio?
1638 4159 1855 4214 Postre-

295 4260 444 4299 munt
490 4246 633 4301 illius
684 4247 945 4302 adversus
992 4247 1271 4303 Socratem
1327 4260 1701 4319 argumentum
1755 4251 1857 4306 hoc

291 4344 407 4397 est;
442 4336 770 4391 Mcthodiani
803 4336 1013 4406 Dialogi
1042 4340 1363 4393 mentionem
1405 4351 1621 4395 exstare
1653 4343 1853 4395 nullam

296 4429 437 4496 apud
481 4428 785 4493 Eusebium,
822 4430 1020 4483 nullam
1055 4434 1193 4500 apud
1224 4430 1499 4497 Ruﬁnum,
1540 4446 1604 4486 ac
1631 4433 1855 4500 proinde

1964 1952 2120 2007 Pierii
2168 1951 2385 2018 scriptis
2428 1950 2662 2005 disserit.
2699 1950 2840 2003 Idem
2889 1950 3007 2002 cod.
3044 1964 3152 2010 cvr,
3197 1944 3522 2014 'l‘heognosti

1960 2043 2300 2098 Alexandrini
2336 2041 2736 2112 Hypotyposeon
2771 2042 2936 2095 libros
2972 2050 3177 2108 septem
3213 2050 3524 2101 recensens,

1961 2149 2081 2189 eum
2120 2135 2196 2189 ait
2230 2134 2343 2190 sive
2381 2133 2701 2199 assectandi,
2750 2133 2865 2186 sive
2905 2130 3221 2185 defendendi
3272 2127 3521 2197 Origenis

1961 2229 2135 2283 studio
2162 2230 2378 2282 ductum
2425 2227 2727 2281 decrevisse
2765 2223 2856 2278 Dei
2889 2223 3080 2277 lt‘ilium
3106 2236 3229 2277 esse
3255 2230 3524 2284 creatum,

1959 2329 2015 2374 et
2044 2321 2247 2374 ratione
2288 2318 2524 2388 praeditis
2557 2327 2763 2371 tantum
2810 2329 3061 2384 praeesse,
3106 2313 3404 2380 eademque
3450 2310 3518 2363 de

1961 2412 2162 2481 Spiritu
2197 2419 2384 2465 sancto
2409 2424 2474 2462 ac
2496 2408 2781 2476 Origenem
2817 2404 3183 2475 proposuisse,
3209 2411 3263 2457 et
3292 2416 3519 2469 corpora

1962 2502 2166 2571 angelis
2188 2499 2591 2555 acdaamonibus
2614 2502 2737 2553 item
2758 2507 2815 2551 ut
2833 2497 2979 2550 illum
3002 2495 3271 2549 tribuisse.
3286 2493 3355 2547 At
3375 2491 3524 2544 codi-

1960 2605 2022 2645 ce
2046 2598 2223 2643 tamen
2246 2604 2481 2652 ccxxx",
2501 2589 2850 2642 Athanasium
2878 2584 3065 2640 scribit
3092 2582 3311 2637 Photins
3347 2579 3523 2634 Theo-

1960 2690 2207 2748 gnostum
2241 2678 2291 2731 in
2327 2677 2509 2730 multis
2539 2676 2673 2733 locis
2698 2673 3001 2727 admittere.
3029 2672 3170 2726 Sane
3196 2668 3524 2724 studiosissi—

1960 2785 2109 2823 mum
2143 2769 2341 2833 virum,
2380 2777 2436 2821 et
2476 2767 2762 2828 disertum,
2792 2774 2847 2819 et
2874 2763 3247 2818 admirandum
3276 2775 3395 2814 eum
3430 2774 3533 2827 ap-t

1962 2859 2120 2929 pellat
2166 2858 2490 2912 Athanasius
2535 2858 2601 2912 de
2652 2857 2841 2926 synodi
2910 2854 3138 2909 Nicaante
3181 2852 3437 2918 decretis,
3467 2860 3527 2907 et

1961 2952 2027 3006 de
2069 2959 2289 3021 peccato
2330 2950 2383 3004 itt
2424 2949 2683 3019 Spiritum
2730 2952 2999 3011 sanctum,
3034 2947 3308 3015 ipsiusque
3333 2945 3521 3015 praesi-

1961 3041 2104 3095 dium
2135 3042 2393 3097 adversus
2417 3042 2648 3096 Arianos
2678 3050 2903 3110 usurpat
2930 3056 2942 3091 :
2970 3049 3128 3109 atque
3160 3038 3360 3092 idcirco
3386 3052 3522 3107 pra:-

1965 3134 2266 3188 termissam
2311 3135 2379 3190 ab
2417 3134 2649 3189 Eusebio
2697 3133 3021 3188 mentionem
3059 3132 3201 3185 illius
3248 3131 3524 3199 probabile

1958 3232 2065 3286 est,
2102 3224 2240 3291 quod
2276 3225 2343 3278 ab
2373 3224 2589 3278 Arianis
2629 3223 2872 3291 partibus
2924 3220 3088 3274 fuerit
3115 3221 3344 3274 alienus.
3376 3220 3522 3286 Qua-

1959 3324 2178 3384 propter
2208 3329 2492 3385 corrnptas
2532 3317 2650 3385 ejus
2685 3316 3043 3386 llypotyposes
3076 3316 3143 3370 ab
3173 3314 3334 3382 hujus
3362 3322 3523 3367 sectae

1959 3407 2220 3473 patronis,
2237 3406 2692 3474 quemadmodum
2715 3420 2769 3461 et
2792 3407 3085 3460 Clementis
3114 3405 3310 3458 librum
3333 3404 3523 3457 eodem

1960 3497 2112 3554 titulo
2152 3497 2491 3567 inscriptum,
2542 3513 2645 3551 non
2700 3499 2966 3553 immerito
2993 3496 3239 3550 Andreas
3269 3493 3539 3548 Scltottus.

1965 3592 2233 3660 ennjeetat
2264 3590 2314 3642 in
2363 3587 2541 3642 Schol.
2574 3588 2639 3641 ad
2672 3587 2846 3642 Photii
2879 3588 2999 3641 cod.
3029 3601 3134 3640 CVI.
3170 3584 3322 3651 Quod
3351 3583 3395 3637 si
3440 3583 3523 3636 itt-

1957 3692 2105 3752 teger
2130 3681 2194 3735 ad
2245 3694 2342 3734 nos
2370 3676 2543 3733 Photii
2578 3679 2745 3734 codex
2777 3677 3130 3747 pervenisset,
3163 3683 3376 3729 aetatem
3406 3672 3526 3740 ejus

1958 3783 2286 3844 compertam
2314 3774 2653 3827 haberemus.
2681 3771 2854 3826 Unum
2880 3772 2980 3825 hoe
3007 3769 3081 3821 sei
3094 3786 3149 3822 re
3178 3768 3322 3832 licet,
3348 3766 3521 3821 Atha-

1958 3867 2115 3921 nasio
2167 3864 2523 3934 antiquiorem
2579 3862 2746 3919 fuisse
2797 3863 2980 3928 illum,
3035 3861 3270 3931 Origene
3332 3872 3523 3914 recen-

1959 3958 2168 4011 tiorem.

2028 4048 2117 4105 IV.
2157 4049 2203 4102 A
2244 4047 2494 4103 Metltodii
2533 4056 2692 4101 aetate
2737 4047 2803 4101 ad
2853 4048 3050 4101 Ariana
3103 4056 3342 4116 tempora
3392 4060 3524 4100 suns

1960 4139 2175 4209 Origeni
2206 4141 2375 4195 honos
2402 4140 2616 4194 videtur
2641 4139 2967 4195 constitisse.
2997 4139 3128 4195 Orto
3155 4150 3335 4194 autem
3367 4139 3520 4203 Ario,

1958 4234 2315 4305 patrocinium
2342 4235 2527 4289 hairesi
2552 4250 2664 4289 sua:
2685 4242 2985 4302 quaerentes
3010 4234 3218 4299 Ariani,
3247 4234 3522 4310 Adaman;

1960 4328 2015 4382 tii
2040 4342 2229 4381 nomen
2249 4342 2422 4380 causa:
2442 4340 2552 4380 suae
2572 4338 2865 4394 praetexere
2884 4321 3223 4379 stud'uernnt.
3248 4325 3322 4377 Ex
3352 4324 3521 4391 ipsius

1956 4435 2084 4489 ergo
2103 4419 2355 4486 operibus
2385 4418 2713 4487 collegerunt
2737 4417 3020 4485 diligenter
3042 4432 3375 4485 quaecunque
3397 4415 3521 4470 Filii

299 4520 692 4589 supposititium
743 4535 881 4576 esse,
934 4520 1222 4577 Videratne
1266 4537 1396 4577 vero
1452 4523 1714 4578 Baronius
1757 4538 1851 4579 se;
1886 4533 1930 4587 ι)
1959 4512 2265 4581 dignitatem
2298 4510 2645 4574 labefactare,
2680 4510 2762 4563 vel
2793 4526 2942 4563 suam
2977 4510 3211 4577 denique
3241 4510 3307 4564 de
3338 4508 3521 4562 Triui-

299 4609 572 4679 Apologitc
604 4611 768 4667 libros
799 4629 827 4666 a
861 4612 1139 4681 Pamphilo
1179 4621 1233 4667 et
1270 4612 1500 4667 Eusebio
1542 4614 1592 4667 in
1627 4614 1854 4682 gratiam

296 4700 544 4770 Origenis
586 4705 835 4773 scriptos,
882 4705 933 4758 in
978 4703 1173 4774 quibus
1226 4719 1559 4773 quaecunque
1619 4721 1715 4774 pro
1767 4706 1857 4761 illo

298 4791 480 4846 facere
521 4802 787 4862 poterant.
851 4795 1135 4865 diligenter
1178 4796 1406 4850 collecta
1459 4794 1697 4864 fuerunt,
1756 4813 1857 4852 nec

299 4880 539 4938 Xenonis
576 4886 797 4953 proinde
836 4885 1043 4955 Dialogi
1078 4889 1279 4941 mentio
1319 4887 1718 4957 praetermissa?

372 4972 461 5027 lll.
494 4974 637 5029 Sane
679 4985 825 5028 tanta
859 4988 977 5032 erat
1018 4978 1103 5033 his
1146 4980 1477 5048 temporibus
1520 4977 1857 5048 Origenianaa

299 5066 557 5119 doctrina!
586 5066 869 5123 celebritas
895 5078 950 5123 et
992 5072 1339 5135 existimatio,
1383 5082 1439 5125 ut
1465 5071 1589 5125 hinc
1622 5071 1688 5125 ad
1730 5070 1853 5126 facti

302 5157 670 5226 pmnitentiam
710 5161 992 5216 adductum
1039 5163 1205 5218 fuisse
1237 5165 1450 5219 credam
1503 5164 1852 5227 Methodium,

300 5263 421 5303 cum
452 5249 538 5301 vix
560 5264 879 5318 quemquam
907 5252 972 5306 ad
996 5269 1122 5309 suas
1142 5253 1415 5324 pelliceret
1439 5264 1649 5322 partes;
1673 5254 1852 5308 cuncti

371 5428 484 5500 (51)
513 5428 617 5483 Sed
648 5428 853 5483 Socrati
865 5430 1186 5501 _contradicit
1209 5430 1559 5486 Baronius....
1583 5432 1717 5501 quod
1739 5432 1855 5501 latt-

301 5493 484 5552 daiunt
518 5502 683 5567 primo
715 5517 746 5550 a
774 5516 828 5553 se
852 5497 1126 5567 Origenem
1148 5509 1322 5569 postea
1355 5493 1618 5555 damnari}
1650 5493 1855 5555 Metab-

301 5571 442 5641 dius,
489 5578 543 5620 ut
574 5569 838 5641 Eusebius
878 5571 1045 5641 yadit
1089 5572 1226 5640 apud
1275 5570 1650 5641 Hieronymum
1692 5572 1780 5629 lib.
1814 5588 1852 5636 ι,

302 5639 525 5706 Apolog.
571 5639 623 5691 in
670 5638 845 5691 llulin.
874 5638 950 5692 En
982 5639 1089 5706 ipsa
1123 5638 1350 5694 Eusebii
1379 5638 1543 5695 verba
1594 5658 1657 5696 ex
1687 5643 1774 5695 lib.
1800 5658 1851 5694 vr

303 5708 568 5779 Apologia:
609 5709 775 5779 ipsius
807 5725 901 5778 pro
932 5707 1172 5776 Origene,
1208 5710 1384 5779 qualia
1428 5712 1644 5765 exhibet
1670 5711 1851 5765 Hiero-

304 5791 497 5845 nymus
521 5778 637 5831 loco
660 5778 825 5831 citato
851 5798 863 5831 :
898 5796 915 5833 ε
941 5778 1411 5843 Quomodoausus
1439 5791 1520 5835 est
1553 5780 1848 5835 Metltodius

308 5860 446 5900 nunc
474 5858 659 5902 contra
689 5847 971 5905 Oricenem
1002 5850 1258 5909 scribere.
1289 5850 1376 5909 oui
1408 5852 1518 5904 haec
1556 5862 1608 5905 et
1650 5853 1761 5907 haec
1786 5854 1848 5906 dc

1960 4613 2068 4658 tate
2114 4603 2479 4671 opinationem
2517 4603 2708 4670 jnvarc
2751 4600 3089 4655 videbantur.
3127 4603 3300 4671 Atque
3338 4603 3390 4657 id
3435 4614 3519 4656 to-

1960 4696 2179 4750 lerabile
2204 4704 2339 4757 erat,
2366 4696 2408 4747 si
2442 4696 2541 4747 hac
2572 4694 2676 4747 iine
2700 4694 2950 4748 vecordia
2981 4695 3217 4763 ipsorum
3245 4696 3515 4763 stetisset;

1958 4804 2142 4842 verum
2179 4788 2395 4842 nefaria:
2434 4788 2595 4840 etiam
2637 4787 2896 4841 doctrina:
2924 4789 3068 4841 virus
3104 4789 3290 4844 iisdem
3321 4791 3515 4858 passim

1959 4880 2260 4934 aﬂ’uderuut
2288 4879 2529 4947 scriptis,
2558 4888 2614 4931 ttt
2641 4893 2792 4931 suum
2827 4879 3038 4946 penitus
3061 4878 3347 4950 Origenetn
3377 4879 3521 4935 face-

1962 4980 2098 5026 rent.
2124 4971 2287 5039 Cujns
2313 4970 2379 5024 ad
2400 4970 2711 5024 elevandum
2746 4971 3145 5037 auctoritatem,
3172 4988 3272 5041 qua
3310 4982 3515 5026 tantum

1961 5064 2329 5134 gloriabantur
2355 5061 2564 5125 Ariani,
2586 5062 2819 5115 animum
2849 5063 3163 5132 appulerunt
3193 5064 3513 5129 orthodoxi;

1970 5155 2386 5211 reclamantibus
2440 5156 2748 5208 econtrario
2781 5155 3016 5220 Arianis,
3048 5167 3101 5208 et
3133 5170 3285 5208 sunnt
3331 5157 3517 5225 Orige-

1956 5250 2130 5304 niana:
2173 5246 2429 5302 doctrina:
2473 5261 2537 5301 ac
2586 5243 2743 5300 famae
2787 5248 3041 5301 honorem
3088 5248 3288 5301 servari
3320 5250 3516 5305 merito

1962 5431 2207 5499 Origenis
2233 5430 2439 5487 locutus
2473 5440 2557 5487 est
2601 5430 3001 5501 dogmatibus.)
3034 5427 3201 5501 Porro
3229 5430 3314 5485 hic
3342 5431 3509 5486 Euse-

1960 5503 2081 5557 bius
2104 5510 2285 5569 aperte
2316 5518 2420 5556 non
2448 5503 2580 5556 dicit
2617 5500 2941 5556 Methodinm
2986 5500 3147 5554 luisse
3180 5512 3334 5554 antea
3365 5503 3512 5555 locu-

1960 5582 2071 5624 tum
2097 5588 2193 5639 pro
2220 5571 2467 5640 Origene.
2496 5572 2678 5639 Neque
2707 5575 2847 5625 enim
2878 5570 3025 5631 dicit,
3064 5570 3289 5638 qui’hwc
3318 5580 3366 5623 et
3399 5571 3508 5624 [Nec

1956 5642 2022 5696 de
2055 5639 2296 5711 Origenix
2323 5639 2537 5694 iocatus
2566 5640 2741 5694 fuerat
2766 5641 3128 5709 dogmatibus;
3159 5641 3249 5693 sed
3281 5650 3504 5704 tantum,

1955 5712 2157 5780 locutus
2188 5722 2263 5764 cst
2295 5728 2313 5764 :
2343 5713 2481 5780 quod
2529 5711 2580 5764 in
2631 5721 2913 5778 utramque
2952 5722 3155 5776 partem
3203 5711 3370 5780 accipi
3418 5726 3507 5779 po-

1960 5792 2080 5850 test.
2114 5779 2237 5850 Non
2258 5777 2417 5850 igitur
2446 5781 2702 5850 mendacii
2736 5777 3069 5850 accusandus
3114 5787 3196 5832 est
3230 5777 3501 5834 Socrates.

1957 5849 2171 5906 Henric.
2206 5849 2463 5912 Valesius,
2508 5849 2631 5904 Not.
2671 5852 2727 5905 in
2763 5851 2965 5905 Socrat.
3002 5849 3074 5905 lib
3132 5864 3201 5915 vt,
3246 5864 3364 5915 cap.
3413 5850 3497 5903 15.
