4068 6308
641 359 780 421 1119

1941 383 2000 439 P.
2037 381 2347 437 DANIELIS
2386 379 2615 436 IIUETII

3705 379 3812 434 “’20

639 483 969 542 volentibus.
991 489 1132 556 Quot
1155 507 1283 563 ergo
1312 494 1423 550 fere
1438 500 1519 550 vel
1547 496 1783 553 fautores
1807 499 1991 557 habuit
2014 500 2209 553 Ariana
2240 504 2282 560 Α
2312 513 2413 567 qua
2448 498 2617 569 ipsius
2652 495 2833 551 referti
2876 504 3000 550 sunt
3046 490 3184 557 libri,
3232 487 3663 559 praetermittere;
3691 494 3811 546 noxia

640 572 881 641 lizcresis,
934 579 1017 632 vel
1069 594 1488 653 oppugnatores,
1539 590 1760 643 totidem
1816 590 2202 660 propemodum

638 662 1018 734 Origeuiauam
1053 673 1349 730 doctrinam
1386 681 1466 734 vel
1508 681 1740 750 amplexi
1782 693 1930 750 sunt,
1977 684 2061 738 vel
2111 684 2205 738 de-

644 759 821 812 testati
852 777 865 811 :
895 775 993 815 nec
1020 763 1234 820 aliunde
1266 776 1616 838 tempestates
1648 773 1908 829 adversus
1951 789 2073 828 eum
2103 775 2204 830 hoc

640 857 879 914 tempore
919 862 1134 909 coortas
1164 858 1440 915 existimo.
1488 860 1725 916 Partium
1773 863 2000 917 istarum
2029 864 2202 918 studia

639 938 925 996 titanifesto
970 960 1163 1002 cernas
1214 950 1265 1003 in
1308 950 1626 1009 clarissimis
1670 955 1863 1009 horum
1904 966 2200 1026 temporum

643 1032 984 1103 pnesulibus,
1015 1038 1297 1096 Eustathio
1318 1040 1653 1101 Antiocheno
1697 1056 1748 1100 et
1774 1046 2003 1103 Eusebio
2025 1047 2204 1103 Caesa-

642 1121 828 1178 riensi.
876 1126 973 1181 llic
1016 1132 1230 1188 Arianae
1279 1134 1526 1192 factionis
1574 1138 1817 1209 signifer,
1857 1141 2203 1209 quemadmo-

635 1214 760 1268 dum
793 1221 1090 1288 appeilatur
1140 1226 1208 1279 ab
1262 1225 1585 1299 Hieronymo
1641 1231 1832 1298 libr.t,
1882 1233 1938 1285 in
1996 1231 2199 1299 Ruﬁn.,

635 1308 756 1375 cap.
791 1309 844 1375 2,
881 1324 935 1365 ut
961 1314 1296 1384 Origenianze
1321 1320 1473 1375 fama:
1512 1324 1834 1390 consuleret,
1866 1325 1931 1378 ad
1964 1327 2201 1380 scriben-

635 1400 755 1452 dam
783 1416 880 1470 pro
899 1405 1129 1477 Origene
1160 1411 1458 1481 Apologiam
1486 1414 1692 1468 induxit
1718 1418 1946 1469 amicum
1976 1433 2128 1470 suum
2150 1427 2204 1472 et

640 1493 956 1550 familiarem
1014 1499 1351 1567 Pamphilum
1406 1508 1801 1577 presbyterum,
1845 1508 2090 1577 Origenis
2130 1512 2200 1564 ita

636 1587 962 1656 studiosum,
1007 1601 1063 1644 ut
1104 1608 1295 1649 omnes
1326 1595 1572 1665 Origenis
1630 1599 1792 1653 libros
1846 1602 2201 1672 uudequaque

636 1681 972 1750 conquisitos
1019 1682 1339 1741 thsariensi
1398 1689 1650 1744 Ecclesia:
1702 1692 1976 1747 dedicaret
2018 1695 2202 1765 (verba

637 1780 764 1823 sunt
793 1771 1104 1846 Hieronymi
1150 1778 1201 1831 in
1227 1781 1385 1849 epist.
1433 1782 1499 1833 ad
1526 1781 1782 1853 Marcell.)
1820 1794 1869 1838 et
1910 1787 2195 1840 maximam

2311 602 2533 656 quaeque
2567 594 2621 641 et
2656 583 3017 639 criminationi
3050 591 3350 649 opportuna
3390 578 3457 631 ad
3490 577 3719 630 invidiam
3751 580 3813 631 fa-

2310 679 2553 735 ciendam
2578 676 2862 747 colligere;
2890 672 3171 728 nonnullos
3201 670 3367 724 etiam
3412 669 3464 721 in
3500 666 3610 735 ejus
3635 667 3815 725 lectione

2312 776 2580 833 versatos,
2611 778 2892 837 postquam
2925 778 3023 835 per
3045 778 3167 817 eum
3195 760 3331 814 satis
3360 759 3643 829 profecisse
3671 775 3722 814 se
3754 761 3815 814 in-

2314 858 2666 921 tellexissent,
2720 866 2830 910 tum
2879 869 3007 910 vero
3033 867 3063 906 a
3097 851 3360 919 magistro
3397 864 3497 904 suo
3528 849 3814 916 discessisse,

2310 962 2364 1006 et
2390 950 2748 1005 anathematis
2777 962 2900 1003 eum
2938 944 3260 1008 confodisse,
3293 957 3365 998 ne
3394 941 3523 1011 quid
3566 940 3630 995 ab
3662 956 3718 996 eo
3738 945 3818 999 sci-

2310 1044 2432 1099 licet
2455 1044 2726 1112 accepisse
2751 1040 3079 1095 viderentur.
3115 1035 3313 1091 Deinde
3343 1032 3593 1101 subjicit:
3622 1051 3638 1084 t
3659 1033 3705 1087 In
3728 1042 3817 1089 tan-

2313 1147 2423 1192 tum
2464 1144 2639 1190 autem
2690 1134 2881 1189 horum
2926 1131 2992 1187 de
3037 1129 3231 1200 quibus
3272 1142 3439 1197 supra
3477 1126 3693 1181 diximus
3726 1142 3819 1195 pro-

2312 1244 2496 1300 gressa
2523 1227 2722 1282 malitia
2748 1234 2852 1290 est,
2883 1233 2941 1279 ut
2968 1223 3181 1293 quidam
3207 1220 3376 1274 etiam
3407 1218 3725 1275 conscribere
3748 1218 3818 1271 ad-

2314 1337 2502 1378 versus
2532 1336 2654 1376 eum
2684 1321 2798 1374 ausi
2842 1319 2970 1384 sint,
3005 1326 3059 1371 et
3103 1314 3297 1370 libellis
3330 1312 3493 1368 editis
3535 1310 3817 1380 derogareei

2310 1412 2448 1477 viro,
2496 1412 2585 1480 qui
2633 1423 2728 1479 per
2759 1416 2837 1461 tot
2883 1421 3051 1460 annos
3104 1403 3366 1470 magister
3412 1399 3655 1453 Ecclesiae
3686 1396 3815 1452 fuit.t

2315 1504 2503 1560 Tradit
2532 1503 2750 1569 insuper
2771 1483 2945 1553 iibros
2969 1512 3063 1553 eos
3093 1495 3435 1565 potissimum
3473 1491 3630 1544 fuisse
3653 1491 3820 1571 appeti-y

2311 1606 2416 1658 tos,
2452 1614 2471 1647 ί
2500 1608 2637 1663 quos
2665 1606 2761 1662 per
2798 1590 3029 1660 spatium
3068 1600 3125 1642 et
3152 1587 3393 1657 quietem
3421 1584 3473 1637 iu
3506 1591 3695 1636 secreto
3717 1596 3817 1634 con-

2310 1689 2617 1757 scripserat,
2644 1702 2663 1737 t
2700 1683 2840 1754 quod
2878 1683 2929 1736 in
2964 1682 3031 1735 iis
3059 1680 3298 1750 apertius
3324 1674 3639 1729 disseruisse
3668 1672 3813 1726 existi-

2312 1789 2583 1842 maretur;
2621 1792 2729 1845 prae
2761 1774 2881 1829 aliis
2910 1789 3035 1828 vero
3060 1772 3222 1827 libros
3252 1767 3396 1837 Περὶ
3422 1764 3632 1835 ἀρχῶν,
3664 1764 3705 1817 in
3726 1764 3815 1831 qui-

640 1877 826 1918 eorum
872 1878 1079 1937 partem
1122 1888 1280 1925 manu
1332 1888 1427 1927 sua
1483 1876 1834 1939 describeret,
1885 1880 1975 1947 qui
2029 1878 2211 1935 lliero-
2242 1869 2281 1923 Β
2313 1875 2410 1927 bus
2440 1872 2748 1941 dosmawm
2781 1880 2998 1922 suorum
3026 1863 3171 1918 νθιυί
3198 1875 3341 1932 93"“
3375 1852 3813 1947 °°ll°°averalﬂn9'

641 1956 785 2025 nymi
826 1968 985 2013 {etate
1033 1962 1087 2014 in
1133 1964 1455 2017 Caesariensi
1508 1964 1827 2020 bibliotheca
1874 1968 2035 2023 etiam
2096 1982 2207 2025 tum

642 2047 1017 2105 servabantur.
1082 2053 1311 2108 Causam
1389 2056 1659 2127 Apologia:
1711 2060 2008 2114 scribendae
2068 2062 2211 2117 hanc

644 2133 809 2191 fuisse
834 2151 1018 2194 narrat
1048 2140 1268 2198 Photius
1293 2147 1412 2199 cod.
1432 2161 1624 2212 cxvm,
1650 2158 1705 2201 ttt
1733 2148 1798 2201 ad
1827 2149 1943 2219 pios
1968 2149 2211 2204 homines

643 2226 708 2280 ad
754 2230 963 2285 metalla
1024 2234 1092 2288 ob
1145 2235 1345 2290 Christi
1395 2252 1615 2291 causam
1694 2237 1980 2293 damnatos
2034 2240 2207 2293 solatii

643 2333 772 2388 ergo
800 2322 1118 2379 mitteretur.
1144 2327 1277 2380 Cum
1310 2342 1429 2381 eam
1462 2343 1590 2383 vero
1625 2330 1885 2400 martyrio
1911 2331 2210 2385 exstinctus

643 2412 926 2469 absolvere
949 2433 1052 2470 non
1092 2421 1377 2488 potuisset,
1422 2436 1730 2491 supremam
1767 2423 1961 2493 adjecit
1993 2440 2208 2479 manum

640 2500 926 2572 Eusebius,
950 2518 1003 2559 et
1036 2509 1086 2560 iu
1121 2509 1356 2565 Historia
1379 2529 1594 2583 quoque
1617 2513 1941 2566 ecclesiutica
1967 2528 2063 2578 pro
2089 2513 2210 2569 Ori-

639 2597 868 2665 geniana
919 2615 1083 2654 causa
1135 2604 1393 2670 pra-clare
1424 2607 1746 2660 decertavit.
1795 2604 1961 2675 IEgre
1992 2607 2207 2675 quidem

640 2685 693 2739 id
726 2687 831 2741 fert
854 2687 1175 2748 Anastasius
1208 2694 1679 2761 Bibliothecarius,
1725 2714 1846 2751 natu
1886 2698 1937 2751 iu
1967 2696 2209 2753 Historia

639 2775 707 2829 ad
733 2792 861 2831 anu.
888 2780 1019 2837 Chr.
1052 2782 1158 2836 244
1189 2797 1242 2837 et
1281 2786 1408 2853 246,
1449 2803 1552 2841 nou
1591 2789 1755 2844 semel
1789 2790 2033 2858 queritur
2072 2790 2209 2843 mul-

642 2877 819 2924 torum
852 2873 1050 2940 pietate
1076 2890 1138 2929 ac
1167 2876 1414 2932 doctrina
1440 2879 1726 2934 illustrium
1758 2882 1995 2936 virorum
2028 2881 2210 2937 laudes

639 2959 930 3017 Eusebium
963 2964 1148 3033 iniquo
1175 2966 1387 3023 silentio
1421 2971 1728 3037 obtrivisse,
1756 2974 1839 3027 vel
1874 2974 2061 3028 leviter
2092 2985 2212 3028 tan-

643 3059 753 3105 tum
786 3063 839 3108 et
888 3054 1153 3112 invidiase
1197 3061 1464 3130 attigisse,
1502 3078 1608 3132 quo
1644 3080 1853 3118 summa
1900 3067 2079 3121 omnia
2115 3068 2211 3120 tri-

640 3142 832 3199 bueret
862 3145 1077 3215 Origcui
1114 3165 1233 3215 suo,
1278 3171 1295 3201 ι
1319 3153 1562 3209 nesciens
1610 3170 1729 3223 qua:
1768 3156 1993 3223 diceret,
2028 3158 2110 3211 vel
2143 3158 2209 3215 de

2313 1981 2428 2020 veru
2469 1972 2652 2016 autem
2693 1959 2977 2030 praacipuis
3013 1955 3281 2026 capitibus
3329 1948 3639 2006 constabant
3671 1945 3813 2000 crimi-

2314 2060 2555 2114 nationes
2584 2055 2842 2110 adversus
2871 2052 3043 2119 ipsum
3070 2062 3099 2100 a
3130 2042 3415 2101 malevolis
3444 2039 3688 2101 conﬂate,
3710 2048 3811 2105 quas

2316 2157 2557 2205 recenset
2602 2156 2657 2202 et
2692 2144 2890 2200 refellit
2935 2137 3267 2207 Pamphilus,
3317 2144 3375 2188 et
3417 2148 3511 2186 nos
3547 2143 3691 2198 supra
3726 2126 3812 2180 fuse

2309 2241 2665 2297 excussimus.
2702 2237 2889 2305 Itaque
2918 2234 3153 2287 moriens
3185 2227 3511 2282 Pachomius
3552 2222 3697 2276 abbas
3724 2233 3807 2271 mo-

2312 2335 2515 2389 nachos
2553 2346 2681 2387 suos
2723 2330 2791 2383 ab
2837 2325 3289 2394 Urigeuianarum
3340 2315 3730 2371 lucubrationum
3754 2309 3810 2362 le-

2312 2428 2489 2482 ctione
2515 2437 2702 2480 severa
2741 2417 3101 2475 obtestatione
3129 2409 3449 2466 absterruit.

2382 2518 2445 2573 V.
2475 2517 2581 2572 Has
2612 2515 2796 2569 turbas
2822 2509 3038 2580 Origeni
3066 2508 3275 2577 peperit
3303 2501 3499 2557 Ariana
3531 2495 3690 2558 factio,
3714 2492 3805 2546 dum

2312 2614 2426 2684 ejus
2458 2608 2768 2678 suffragium
2799 2602 3089 2659 studiosius
3112 2599 3285 2652 ambit
3315 2615 3328 2650 :
3358 2608 3513 2664 quam
3541 2604 3646 2645 cum
3670 2586 3804 2687 acrius

2311 2697 2697 2759 ulciscerentur
2731 2695 3013 2753 orthodoxi
3037 2734 3052 2758 ,
3083 2691 3336 2761 Origenis
3365 2699 3572 2743 causam
3599 2696 3684 2735 non
3709 2688 3805 2732 satis

2311 2796 2672 2851 distinxerunt
2716 2790 2785 2844 ah
2822 2789 3044 2849 Ariana,
3096 2793 3150 2839 et
3196 2792 3485 2847 utramque
3521 2776 3798 2829 damnarunt.

2310 2886 2545 2942 Affectus
2570 2896 2782 2954 quoque
2797 2881 2983 2935 eadem
3007 2877 3199 2947 injuria
3224 2881 3315 2928 est
3335 2862 3802 2964 DionysiusA-le-xa—m

2309 2980 2495 3034 driuus
2536 2975 2789 3047 Origenis
2833 2970 3147 3041 discipulus,
3189 2975 3243 3021 et
3304 2955 3800 3055 ittlazszenTrinitatis

2310 3046 2666 3140 suspicionem
2718 3073 2962 3125 vocatus,
3002 3059 3144 3113 unde
3177 3057 3229 3110 iu
3284 3052 3462 3108 multis
3485 3065 3513 3103 a
3536 3046 3700 3101 Basilio
3721 3055 3798 3140 non

2312 3133 2630 3225 admissum,
2658 3157 2892 3211 maxime
2925 3154 3014 3208 ubi
3043 3151 3367 3205 Arianorum
3392 3142 3699 3200 conﬁrmaret
3721 3133 3796 3225 hru-

641 3235 836 3303 quihus
865 3236 1173 3295 affirmaret.
1199 3260 1217 3292 ο
1253 3241 1414 3307 Quasi
1449 3259 1577 3299 vero
1614 3247 1778 3300 alium
1811 3247 1954 3302 fama
1988 3266 2052 3304 ac
2093 3266 2205 3304 me-
2235 3223 2277 3281 θ
2315 3254 2499 3320 resim,
2525 3223 2712 3306 scribit
2743 3238 2990 3304 Gobarus
3013 3243 3154 3311 apud
3182 3242 3340 3296 Phot.
3364 3236 3482 3293 cod.
3521 3224 3800 3320 ccxxxurAt

646 3326 761 3381 ritis
791 3344 972 3398 parem
1006 3331 1223 3402 Origeni
1262 3334 1445 3388 tulerit
1482 3337 1595 3392 hate
1628 3349 1780 3395 tetas.
1810 3338 1958 3394 Illius
1991 3341 2208 3410 quidem

645 3419 829 3476 laudes
864 3425 1001 3477 mala
1050 3427 1275 3481 forsitan
1320 3439 1499 3483 mente
1548 3431 1883 3500 congessisse
1920 3431 2208 3486 Eusebium

643 3513 916 3569 fatendqu
948 3528 1052 3581 est,
1099 3522 1190 3574 sed
1240 3523 1415 3590 quoad
1467 3537 1644 3576 rerqu
1695 3534 1964 3592 gestarum
2019 3526 2213 3579 attinet

649 3606 829 3671 Iidem,
860 3605 1220 3676 Epiphanium
1253 3612 1386 3676 fere,
1423 3616 1507 3667 vel
1556 3612 1970 3684 Hieronymum,
2011 3616 2212 3672 aliosve

644 3700 1044 3755 consentientes
1073 3702 1280 3758 habuit.
1309 3705 1378 3756 At
1405 3704 1717 3760 Eustathius
1754 3717 1903 3760 stans
1932 3707 1999 3760 ab
2023 3707 2211 3759 ortho-

646 3789 823 3857 doxis,
859 3804 1253 3864 pr0ptereaque
1295 3795 1691 3853 Sabellianismi
1730 3799 1798 3850 ab
1827 3798 2041 3852 Ariauis
2086 3798 2214 3851 insi-

649 3883 901 3949 mulatus,
961 3886 1246 3956 Origenem
1297 3892 1518 3944 adortus
1573 3898 1676 3954 est,
1719 3890 1944 3959 ejusque
1999 3896 2214 3943 senten-

650 3973 775 4026 tiam
798 3974 866 4029 de
888 3975 1330 4050 Engastrimytho
1356 3981 1610 4048 peculiari
1635 3996 1798 4050 opere
1825 3981 2211 4050 explodendam

648 4067 902 4134 suscepit.
934 4068 1135 4122 Scribit
1170 4071 1481 4140 Pamphilus
1517 4073 1569 4126 in
1607 4073 1784 4140 priore
1838 4073 1977 4127 libro
2013 4072 2213 4139 Apolo-

646 4155 769 4221 g't'w,
805 4172 963 4225 quem
1000 4160 1381 4229 interpretatus
1420 4174 1504 4217 est
1551 4163 1799 4228 Rufinus,
1856 4173 2006 4218 tanto
2038 4163 2213 4217 homi-

648 4262 774 4300 num
805 4247 1015 4304 illormu
1056 4254 1181 4307 odio
1215 4264 1339 4307 tunc
1373 4254 1627 4322 temporis
1664 4255 1862 4309 arsisse
1904 4255 2211 4324 Origenem,

649 4350 707 4393 ut
742 4357 843 4395 non
874 4342 962 4398 ille
1006 4344 1181 4398 solum
1221 4364 1238 4395 ι
1268 4344 1413 4399 velut
1442 4347 1729 4400 haereticus
1760 4358 2129 4411 accusaretur,
2159 4357 2215 4402 et

648 4433 943 4500 corruptio,
978 4442 1028 4485 et
1076 4435 1305 4500 perditio
1342 4435 1666 4501 animarum,
1698 4456 1716 4489 ι
1760 4440 1853 4491 sed
1890 4437 2007 4506 ejus
2052 4438 2212 4491 ctiam

2317 3318 2611 3415 utrumque
2646 3342 2872 3396 crimine
2901 3335 3132 3393 exsolvit
3165 3330 3509 3392 Athanasius,
3533 3333 3587 3380 ut
3610 3318 3797 3415 superius

2314 3455 2343 3494 a
2372 3411 2536 3494 nobis
2555 3435 2809 3490 traditum
2846 3440 2959 3495 est;
2997 3444 3096 3483 nec
3129 3427 3307 3496 pluris
3339 3420 3535 3478 illifuit
3568 3411 3795 3471 catholica-

2315 3549 2430 3585 rum
2460 3529 2712 3600 partium,
2742 3539 2903 3594 quam
2942 3520 3186 3576 veritatis
3213 3515 3452 3573 studium
3476 3529 3490 3565 :
3514 3510 3708 3600 ipseque
3721 3499 3795 3600 Ba:

2315 3585 2544 3679 silius'et
2569 3585 2859 3685 Gregorius
2882 3610 3185 3679 'l‘heologus
3208 3607 3418 3676 objecta
3446 3599 3535 3655 sibi
3554 3595 3612 3650 ab
3637 3585 3799 3685 Ariauis

2315 3676 2619 3764 Adamantii
2641 3676 2969 3764 testimonia,
2989 3698 3043 3751 in
3067 3676 3407 3752 commodum
3435 3688 3625 3745 trahere
3645 3676 3798 3734 malue-

2317 3812 2439 3856 runt
2462 3814 2701 3861 sensum,
2725 3810 2887 3865 quam
2914 3789 3236 3859 contemptis
3256 3786 3445 3842 iisdem
3468 3777 3625 3865 debito
3644 3772 3797 3865 honors

2317 3853 2589 3943 auctorem
2627 3853 2899 3936 fraudare.
2927 3878 3038 3931 lmo
3072 3853 3205 3929 vero
3235 3888 3300 3928 ex
3337 3866 3560 3939 ejusdem
3590 3853 3795 3926 υνθτίυυί

2314 3972 2529 4027 assidua
2557 3970 2791 4026 lectione
2837 3981 2866 4020 a
2895 3981 2955 4021 se
2978 3963 3249 4028 contritis,
3279 3958 3490 4032 egregia
3519 3956 3699 4022 (ιυωιιυθ
3725 3952 3794 3993 ⁵⁸·

2316 4065 2451 4120 lecta
2493 4064 2546 4118 in
2593 4076 2757 4117 unum
2810 4065 3196 4128 congesserunt
3244 4052 3518 4111 volumen,
3559 4033 3688 4128 610i)
3728 4040 3796 4082 re“

2317 4158 2574 4230 praeclare
2635 4126 2935 4225 cogitatas“
2961 4148 3273 4206 Philocalize
3346 4141 3493 4199 titulo
3544 4126 3795 4230 inscrilillzlll:

2317 4219 2480 4320 {unde
2527 4257 2582 4304 et
2632 4219 2918 4315 Origenem
2966 4238 3251 4311 φιλόκαλον
3297 4232 3524 4290 nominat
3566 4219 3795 4320 9680i?

2318 4311 2684 4400 Nazianzenus
2731 4311 2785 4394 in
2829 4335 3087 4408 epistolis)
3120 4332 3189 4386 ad
3224 4327 3547 4385 Theodorum
3581 4311 3793 4410 Τνξξ¹ξξ⁵¹ξ¹¹¹

2318 4438 2628 4507 episcopum
2662 4395 2942 4486 miserum.
2994 4424 3134 4492 Quin
3159 4422 3322 4476 etiam
3373 4395 3790 4507 ferunturjilffl'z‘:

648 4520 971 4589 scriptorum
1002 4523 1217 4581 lectioni
1250 4527 1414 4581 dediti
1448 4528 1939 4596 proscindereutur,
1968 4539 2021 4583 et
2063 4532 2212 4585 venia
2250 4571 2290 4624 D
2320 4487 2747 4598 qhotiescuuque
2793 4518 3039 4587 Origeuis
3086 4513 3285 4611 scripta
3339 4487 3790 4624 legenfj;n‘:?ag'l'l'::

650 4624 1000 4669 censerentur
1046 4617 1268 4689 indigni,
1318 4635 1436 4688 quae
1485 4620 1551 4675 iis
1602 4622 1894 4676 condonari
1937 4620 2092 4687 solet,
2124 4624 2215 4689 qui

652 4704 892 4774 profanis
919 4706 998 4760 vel
1031 4708 1296 4766 haereticis
1331 4714 1485 4767 libris
1523 4713 1721 4768 addicti
1774 4725 1922 4778 sunt,
1953 4713 2214 4783 planeque

650 4813 748 4865 pro
793 4798 1062 4854 haereticis
1102 4801 1448 4860 haberentur.
1501 4825 1518 4858 ι
1548 4806 1806 4875 Denique,
1855 4806 2048 4875 inquit,
2093 4821 2213 4860 cum

652 4886 834 4943 multis
865 4888 1104 4944 [terrestre
1135 4893 1281 4956 vitae,
1314 4906 1370 4949 et
1407 4896 1640 4966 religiosi
1678 4896 1931 4965 propositi
1969 4896 2121 4963 viris,
2159 4898 2212 4951 in

649 4985 847 5051 quibus
890 4982 1023 5038 nihil
1071 5000 1290 5054 prorsus
1328 4988 1499 5057 culpte
1547 4988 1849 5053 lnveniunt,
1905 4988 2216 5043 inimicitias

652 5085 869 5143 propter
901 5076 1001 5129 hoc
1028 5075 1199 5130 solum
1246 5077 1466 5144 habent,
1511 5081 1557 5134 si
1591 5096 1777 5135 eorum
1809 5080 2044 5135 studium
2071 5081 2213 5134 circa

655 5171 934 5224 memorati
966 5171 1067 5224 viri
1100 5170 1265 5225 libros
1307 5174 1628 5241 propensius
1657 5188 1778 5228 esse
1824 5174 2215 5243 perspexerint,

655 5262 973 5318 invidiosius
996 5264 1160 5318 etiam
1197 5264 1296 5318 ista
1330 5266 1614 5333 lingentes,
1644 5265 1785 5333 quod
1812 5266 1879 5320 ah
1904 5266 1986 5319 Itis
2020 5265 2074 5318 in
2102 5264 2218 5319 loco

654 5366 966 5410 sanctorqu
988 5357 1373 5425 apostolorum,
1402 5356 1481 5409 vel
1507 5359 1915 5426 prophetarum,
1942 5370 2049 5411 tam
2083 5358 2216 5428 ipse,

654 5460 812 5511 quant
860 5443 1000 5498 dicta
1048 5444 1163 5514 ejus
1195 5447 1515 5504 habeantur.
1541 5466 1559 5498 ι
1594 5447 1754 5502 Addit
1787 5448 1948 5517 paulo
1981 5459 2101 5517 post
2138 5449 2219 5501 in-

656 5538 845 5594 doctos
877 5538 1182 5611 plerosque,
1217 5557 1282 5597 ac
1328 5542 1381 5597 iu
1413 5543 1858 5613 Origeuiauorum
1889 5546 2215 5600 voluminum

659 5633 979 5688 tractatione
1001 5637 1181 5699 rudes,
1206 5636 1287 5691 vel
1321 5651 1498 5689 rerqu
1528 5638 1580 5689 in
1608 5636 1903 5705 quaestione
1923 5637 2215 5707 positarum

662 5724 900 5790 ignaros,
930 5727 1198 5797 incognita
1228 5736 1404 5781 tamen
1429 5744 1589 5783 causa
1615 5728 1989 5783 Adamantium
2016 5728 2219 5783 calculo

665 5832 760 5871 suo
808 5818 1064 5873 damnare
1108 5818 1274 5876 fuisse
1326 5819 1535 5888 solitos;
1584 5820 1717 5876 alios
1756 5821 1947 5876 bonam
1987 5821 2215 5889 frugem,

2322 4579 2493 4686 ijpsius
2523 4579 2759 4682 propria,
2786 4622 2840 4665 et
2870 4623 2899 4660 a
2927 4601 3202 4660 communi
3236 4613 3330 4652 usu
3358 4579 3788 4686 discrepantia

2320 4669 2688 4769 ciscerentur.
2751 4700 3023 4771 geminum
3073 4713 3107 4765 Χ
3148 4691 3413 4747 ²ὧ¹ί⁸⁵θ’
3471 4669 3788 4795 Ῑῗιδιοιξιαξζξξῖ

2826 4794 2846 4795 κ
3140 4785 3152 4795 -
3253 4784 3281 4795 ι-
3364 4793 3371 4795 Α
3397 4785 3433 4795 Α·
3512 4780 3591 4795 ¹·¹¹¹¹
3620 4775 3686 4795 ’⁸³⁸

2322 4816 2492 4865 more,
2520 4800 2611 4869 qui
2650 4813 2774 4852 cum
2825 4794 3102 4848 Platonem
3140 4784 3457 4890 lectitareqt,
3491 4762 3786 4890 ittfiacililzlg'l':

2450 4842 2768 4947 charactere
2795 4888 3091 4942 notabant:
3126 4892 3183 4935 ut
3216 4877 3376 4934 refert
3399 4860 3618 4958 Laertius

2322 4996 2465 5040 tone.
2508 4982 2625 5038 Hac
2667 4981 2897 5036 lectione
2944 4979 3237 5031 instructus
3284 4972 3492 5033 uterque
3532 4940 3782 5070 A3233:

2323 5080 2550 5147 impellis
2601 5075 2813 5129 fortiter
2862 5069 3079 5125 retudit.
3120 5065 3177 5121 ld
3216 5079 3280 5118 ex
3326 5057 3531 5112 Socrate
3571 5037 3780 5093 discimus,

2644 5167 2654 5171 ·
3282 5150 3347 5171 no
3398 5141 3536 5171 sum.
3564 5110 3781 5171 γὰοκλέος

2319 5128 2423 5239 ἆζέῖ
2438 5128 2657 5222 eiillud
2693 5163 2991 5265 additnl‘ibr‘.
3030 5176 3105 5224 IV,
3133 5172 3251 5265 cap.
3282 5150 3369 5251 εξ,

2318 5226 2381 5312 sb
2417 5257 2725 5329 Ὠριγένους
2766 5252 2886 5308 καθ’
2938 5250 3065 5319 ὅλης
3105 5247 3228 5299 τότε
3280 5241 3373 5310 τῆς
3408 5226 3777 5340 ancipitia;

2322 5308 2563 5424 halt—uiro:
2579 5308 2814 5403 vr'fotum
2836 5308 3035 5413 quippe
3046 5308 3228 5395 orbem
3260 5308 3377 5388 tunc
3398 5312 3620 5386 temporis
3643 5308 3777 5442 "113""

2527 5446 2540 5451 ’
2640 5444 2650 5451 ·
2725 5444 2737 5451 ·
3066 5444 3105 5451 κ-
3213 5422 3422 5451 cum:-
3462 5406 3663 5451 m-nl‘ecto
3719 5394 3780 5451 ραι

2324 5406 2574 5533 ρτἰεθιιίε
2603 5444 2772 5513 gloria
2804 5444 3131 5510 pervaserat.
3156 5451 3174 5484 ι
3213 5422 3425 5492 Scriptis
3462 5406 3777 5546 Pzgieclgngg

2323 5504 2477 5611 ὤρεξε
2511 5504 2666 5592 aliain
2695 5542 2820 5590 sunt
2850 5533 3021 5602 ipsum
3056 5529 3154 5584 viri
3202 5504 3777 5629 ἱιιυεινθῗῖιίιὶιῖἑῖξὲᾟ

2327 5596 2623 5688 defensioni
2653 5627 2769 5694 ejus
2812 5639 3033 5697 cperam
3066 5635 3219 5677 suam
3250 5596 3772 5719 Palnpitill::‘::'lf:;;;'

2328 5725 2435 5789 bal,
2470 5730 2528 5775 ut
2552 5688 2869 5776 testificatur
2898 5715 3121 5771 Photius
3144 5709 3263 5765 cod.
3290 5709 3460 5762 cxvnt.
3484 5688 3624 5789 lpsnus

2328 5756 2413 5778 In"
2471 5756 2528 5775 ιη
2554 5756 2858 5776 won-um..."
2900 5756 2923 5771 ,ι
2945 5756 3121 5770 μνη..-
3148 5756 3262 5765 ____
3295 5756 3351 5762 ,τί

2328 5763 2604 5883 noriuulla,
2659 5812 2998 5872 dissimulato
3042 5809 3167 5868 licet
3204 5806 3319 5876 ejus
3360 5789 3564 5854 nomine.
3609 5756 3773 5828 93’9"“
