4068 6308
335 345 473 406 1121

1241 346 1805 404 ORlGENlANOIlUM
1846 346 1969 402 LIB.
2013 348 2076 414 ll,
2114 348 2266 406 CAP.
2309 349 2398 416 IV,
2444 350 2634 406 SECT.
2675 350 2713 406 Ι.

3427 354 3563 410 1122

338 469 668 526 Athanasius
723 479 777 526 et
818 469 1067 524 Basilius.
1104 469 1193 522 Ille
1224 469 1275 522 in
1316 467 1430 522 Vita
1468 471 1675 524 Antonii
1716 470 1897 540 lapsus
1925 472 1971 528 Λ
1998 470 2176 545 inepta
2228 481 2283 527 et
2326 471 2517 542 frigida
2574 472 2876 536 allusione,
2931 472 3121 542 quales
3192 473 3425 544 scriptor
3476 475 3563 530 ille

337 565 661 626 animarum,
712 572 765 617 et
800 563 1177 617 conversiones
1219 576 1249 615 e
1300 564 1568 617 mentibus
1598 563 1652 616 in
1689 564 1897 617 animas

339 654 685 724 reprehendit
734 672 748 709 :
794 654 880 708 hic
929 654 979 707 in
1052 653 1210 707 tertio
1268 653 1786 708 Commentariorum
1842 653 1899 708 in

342 743 705 801 Hexaemeron
740 747 951 801 damnat
981 746 1302 813 anagogicas
1329 745 1495 814 ipsius
1516 747 1894 815 expositiones,

336 837 538 906 quibus
568 837 787 891 virtutes
826 835 1080 904 quasdam
1112 836 1442 903 superiores,
1476 851 1596 903 qua:
1638 838 1809 891 locum
1844 840 1895 891 in

340 932 485 985 caelo
524 940 703 985 tenere
736 928 938 983 meritas
964 939 1114 990 sunt,
1139 928 1294 996 aquis
1320 943 1438 997 quae
1467 938 1593 983 sunt
1618 944 1777 996 supra
1807 930 1898 984 llr-

338 1033 691 1085 mantentnm,
719 1019 1009 1089 signiﬁcari
1039 1019 1229 1083 docet;
1262 1034 1381 1087 qua:
1406 1032 1534 1072 vero
1566 1019 1694 1073 inde
1723 1020 1899 1075 detur-

337 1112 478 1166 batzc
508 1120 649 1173 sunt,
678 1110 833 1177 aquis
862 1109 1034 1161 notari
1061 1122 1179 1177 qua!
1217 1116 1344 1162 sunt
1372 1109 1470 1163 sub
1493 1109 1651 1166 ctelo.

415 1202 494 1256 Vl.
526 1202 654 1255 Dum
680 1216 773 1270 pro
797 1198 1024 1270 Origene
1049 1210 1251 1253 Starenl
1278 1214 1555 1253 sermones
1584 1200 1680 1263 illi,
1720 1199 1895 1269 ipsum

336 1295 441 1349 sibi
475 1295 525 1348 itt
555 1292 839 1347 scribendo
879 1291 1251 1346 assectandum
1286 1291 1617 1360 proponebat
1666 1291 1898 1348 Hilarius

335 1386 703 1441 Pictaviensis.
754 1382 945 1437 Narrat
979 1383 1175 1452 quippe
1216 1382 1570 1453 Hieronymus
1601 1383 1644 1415 “
1674 1385 1815 1439 hunc
1844 1388 1895 1439 in

332 1478 568 1550 Phrygia
618 1477 950 1533 exsulantem
997 1490 1243 1544 magnam
1296 1473 1630 1531 Psalmorum
1692 1488 1897 1548 partem

331 1570 746 1631 commentariis,
763 1568 1078 1629 illustrasse,
1119 1568 1171 1621 in
1210 1583 1383 1639 eoque
1425 1584 1587 1637 opere
1634 1570 1897 1625 imitatum

336 1660 503 1716 fuisse
527 1659 829 1731 Origenem,
876 1658 1145 1713 nonnullis
1176 1668 1349 1714 tamen
1394 1661 1463 1714 de
1499 1674 1599 1714 suo
1639 1660 1895 1728 adjectis;

333 1750 702 1820 expositiones
759 1751 919 1805 etiam
973 1752 1026 1804 in
1076 1750 1265 1804 Jobum
1309 1758 1365 1805 et
1418 1750 1475 1804 in
1530 1746 1895 1806 Mauhwum'e

2001 563 2335 619 comminisci
2384 574 2649 619 amatzet
2698 564 3078 621 ἀνοσιώτατον.
3130 568 3260 622 Item
3310 570 3559 641 dogmata

1998 652 2113 720 ejus
2147 651 2466 724 δηλητήρια,
2490 655 2805 726 φθοροποιὰ,
2848 657 2975 721 τοὺς
3005 657 3403 730 ἁπλουστέρους
3435 677 3561 715 σκε-

1999 742 2213 807 λίζοντα
2237 760 2357 801 esse
2383 747 2533 802 dicit.

2069 833 2407 890 Manifestum
2450 851 2611 904 porro
2652 846 2734 892 est
2778 852 2843 892 ex
2889 839 3257 909 superioribus
3301 851 3558 912 quantum

1998 926 2257 980 erraverit
2281 926 2555 982 Halloxius
2597 928 2681 984 lib.
2722 944 2776 983 tv
2833 928 2979 998 Orig.
3013 930 3207 999 deferat.
3230 971 3246 996 ,
3284 945 3471 1002 quaest.
3500 935 3558 999 4,

1999 1017 2195 1086 aliique
2243 1019 2503 1080 nonnulli,
2544 1020 2633 1087 qui
2684 1030 2809 1074 ante
2854 1020 3131 1089 Epiphanii
3176 1037 3298 1076 cum
3352 1022 3560 1079 Joanne

1997 1105 2446 1179 Jerosolymitano
2469 1120 2524 1164 et
2552 1110 2938 1181 Chrysostomo
2980 1111 3344 1167 dissensiones
3367 1153 3382 1177 ,
3438 1114 3560 1169 Ori-

1999 1215 2184 1268 genem
2214 1216 2243 1254 a
2274 1202 2506 1256 netnine-
2529 1217 2626 1272 pro
2662 1203 2915 1257 hmretico
2950 1203 3194 1257 habitum
3238 1204 3421 1269 fuisse,
3450 1209 3561 1275 pri-

2001 1306 2249 1360 unumque
2279 1292 2633 1362 Epiphanium
2671 1295 2723 1348 in
2755 1310 2877 1350 eum
2912 1295 3062 1364 signa
3090 1295 3324 1350 movisse
3356 1310 3561 1352 memo-

2001 1383 2091 1436 ria:
2116 1383 2512 1451 prodiderunt:
2554 1398 2675 1438 nam
2726 1402 2747 1437 Ι
2790 1384 2937 1440 velut
2982 1385 3291 1441 hmreticum
3335 1401 3561 1442 accusa-

2002 1482 2111 1525 tum
2140 1492 2160 1526 ι
2202 1473 2367 1527 fuisse
2393 1474 2593 1529 diserte
2617 1474 2812 1529 scribit
2849 1474 3159 1545 Pamphilus
3186 1477 3238 1531 in
3262 1478 3515 1547 Apologia
3539 1495 3559 1543 ;

1999 1570 2051 1614 et
2073 1574 2233 1628 quam
2260 1561 2511 1629 gravibus
2537 1571 2814 1632 peteretur
2838 1564 3154 1621 criminibus
3176 1567 3419 1621 declarat
3448 1567 3558 1636 ipsa

1999 1650 2114 1706 haec
2149 1652 2422 1723 Apologia,
2467 1668 2589 1707 nam
2638 1671 2659 1705 ς
2689 1655 2862 1722 Ipsum
2902 1670 3095 1710 nomen
3149 1657 3505 1726 Apologetici,
3535 1676 3555 1711 ι

2000 1752 2059 1798 ut
2082 1743 2156 1797 ait
2182 1744 2535 1816 Hieronymus
2548 1748 2705 1817 epist.
2735 1747 2802 1801 65
2828 1748 2893 1801 ad
2915 1746 3227 1803 Pammach.
3251 1760 3303 1805 et
3328 1749 3557 1813 Oceau.,

334 1808 525 1896 Gripco
550 1840 794 1912 Origenis
833 1840 886 1895 in
934 1839 1164 1908 linguam
1216 1839 1459 1895 Latinam
1519 1841 1889 1896 transfudisse.
1929 1808 1970 1867 Β
2003 1851 2023 1885 σ
2049 1834 2282 1890 ostendit
2314 1837 2744 1903 accusationem;
2789 1853 2891 1892 non
2924 1839 3069 1891 enim
3112 1839 3415 1893 defenditur
3456 1839 3558 1893 nisi

335 1934 536 1987 Auctor
578 1943 659 1986 est
695 1940 952 2001 praeterea
1013 1931 1370 2002 Hieronymus
1412 1932 1668 1987 Euzoium
1714 1932 1895 1986 Caesa-

340 2026 568 2080 riensem
592 2026 895 2095 episcopum
924 2026 1167 2093 Gregorii
1196 2024 1520 2079 Nazianzeni
1555 2025 1895 2094 condiscipu-

336 2118 445 2171 lttttt
475 2127 526 2171 et
552 2116 832 2184 aequalem,
875 2134 893 2168 ι
929 2127 1232 2182 corruptam
1286 2115 1663 2169 bibliothecam
1711 2112 1896 2183 Orige-

338 2212 422 2267 nis
480 2221 533 2266 et
586 2210 843 2279 Pamphin
900 2210 953 2263 in
1024 2209 1350 2263 membranis
1412 2208 1717 2260 instaurare
1776 2220 1896 2261 esse

336 2313 586 2356 conatum
616 2321 626 2355 :
658 2319 675 2352 ι
724 2299 1075 2370 Origeniattas
1115 2299 1274 2353 etiam
1309 2307 1491 2367 partes
1535 2306 1749 2351 secutos
1780 2310 1898 2351 esse

337 2390 515 2447 Titum
548 2392 859 2446 Bostrorum
885 2392 1190 2461 episcopum
1210 2429 1223 2451 ,
1255 2398 1310 2443 et
1336 2388 1615 2457 Didymnm
1664 2387 1899 2442 Alexan-

334 2484 568 2547 drinttnt,
604 2497 761 2551 quem
810 2480 1208 2549 apertissimum
1250 2478 1553 2533 Adamantii
1595 2492 1898 2547 pr0pugna-

336 2582 504 2629 torem
533 2573 782 2643 appellat,
811 2573 1006 2642 quique
1037 2571 1193 2625 editis
1232 2572 1281 2625 in
1320 2571 1484 2625 libros
1521 2568 1661 2638 Περὶ
1698 2569 1899 2640 ἀρχῶν

332 2665 799 2721 Commentariolis
829 2664 961 2718 nihil
1000 2680 1103 2717 non
1147 2664 1507 2718 orthodoxum
1536 2664 1600 2718 iis
1634 2662 1896 2718 contineri

332 2759 619 2829 pertendit,
656 2756 1103 2826 quemadmodum
1144 2765 1198 2809 ct
1233 2755 1514 2809 Eusebius.
1551 2754 1894 2811 Ambrosium

336 2863 547 2919 quoque
579 2846 1052 2912 Mcdiolaneusem,
1083 2845 1367 2899 Eusebium
1399 2843 1815 2910 Vercellensem,
1842 2855 1897 2900 et

340 2941 667 2995 Victorinum
692 2938 1134 2992 Petabiouensem
1163 2936 1327 2990 multa
1361 2936 1608 3006 Origenis
1636 2938 1716 2991 vel
1746 2936 1895 2992 Lati-

336 3034 487 3087 nitati
524 3033 775 3093 donasse,
808 3030 888 3084 vel
918 3030 1154 3084 imitatos
1183 3029 1348 3084 fuisse
1392 3030 1559 3085 tradit
1598 3031 1736 3085 idem
1771 3030 1897 3087 Ilie-

1997 1928 2141 1996 quod
2170 1928 2222 1981 itt
2246 1928 2475 1984 crimine
2502 1938 2618 1996 est;
2651 1948 2669 1979 ι
2715 1930 2992 1984 declarant
3017 1941 3072 1985 et
3106 1931 3376 1999 Apologia:
3404 1945 3557 1985 com-

1999 2020 2179 2089 plures
2203 2036 2322 2090 quae
2346 2037 2374 2074 a
2401 2022 2582 2076 multis
2616 2023 2793 2091 magni
2837 2023 3068 2077 nominis
3112 2024 3246 2079 viris
3291 2022 3555 2094 Pamphili

1998 2115 2236 2178 tempore
2259 2124 2355 2178 pro
2380 2110 2610 2179 Origene
2632 2114 2951 2182 conscriptus
2970 2123 3114 2169 sunt.
3139 2114 3247 2168 Nec
3273 2127 3557 2186 repugnat,

1996 2202 2137 2272 quod
2161 2202 2491 2273 Augustinus
2518 2204 2901 2276 Hieronymum
2939 2216 3095 2277 rogat
3128 2224 3225 2278 per
3249 2210 3557 2277 epistolam,

1999 2304 2058 2349 ut
2081 2294 2180 2349 sibi
2203 2295 2454 2364 Origenis
2488 2310 2704 2351 errores
2737 2298 2975 2368 aperiat;
3009 2314 3129 2353 nam
3159 2311 3377 2370 propter
3404 2301 3559 2357 Grae-

1999 2402 2075 2443 cas
2100 2387 2292 2458 lingua:
2332 2388 2619 2457 inscitiam,
2659 2391 2711 2443 iu
2756 2404 2818 2445 ea
2860 2392 3195 2462 ignoratione
3240 2393 3343 2449 fttit
3379 2394 3560 2467 Augu-

1996 2479 2193 2533 stinus.

2071 2569 2175 2625 Vll.
2208 2572 2396 2626 Adhuc
2440 2587 2563 2625 eum
2607 2570 2839 2641 Origene
2890 2575 3149 2643 praeclare
3191 2587 3372 2633 actum
3417 2590 3557 2645 erat,

1996 2674 2169 2730 neque
2196 2670 2403 2715 tantum
2436 2662 2509 2715 illi
2552 2661 2858 2731 ignominia:
2892 2665 3202 2721 inusserant
3239 2670 3558 2735 adversarii,

1997 2764 2251 2821 quantum
2275 2753 2624 2817 celebritatis,
2663 2754 3050 2810 inclarescente
3076 2758 3127 2810 itt
3157 2758 3275 2812 dies
3297 2759 3558 2814 doctrina:

1997 2844 2158 2907 fama,
2189 2841 2363 2897 fuerat
2387 2844 2650 2913 adeptus;
2676 2860 2796 2899 cum
2820 2847 3086 2915 susceptis
3114 2848 3374 2915 quosdam
3416 2848 3560 2903 inter

1994 2932 2386 2988 ecclesiasticos
2428 2936 2574 2989 viros
2601 2936 2925 3001 inimicitiis,
2976 2938 3169 3007 partim
3209 2937 3557 3010 Origenismi,

1996 3027 2189 3095 partim
2230 3027 2426 3097 privati
2477 3029 2582 3083 odii
2633 3045 2819 3096 causa,
2855 3031 3107 3086 max-imis
3153 3033 3388 3088 mo’tibus
3437 3036 3557 3089 uui-

335 3138 609 3200 ronymus.
652 3124 784 3178 Tant
829 3130 1010 3192 aperte
1038 3129 1216 3175 autem
1251 3120 1467 3191 Origeni
1502 3122 1725 3178 adhicsit
1756 3123 1892 3178 Gre-
1923 3160 1966 3217 ϐ
1999 3129 2153 3217 versa
2185 3117 2420 3172 Ecclesia
2463 3133 2723 3174 concussa
2761 3129 2863 3174 est.
2910 3121 3060 3187 Quod
3091 3121 3135 3175 si
3164 3131 3419 3177 accurate
3445 3123 3557 3177 sin-

332 3219 515 3288 gorius
536 3215 808 3285 Nyssenus
832 3254 847 3280 ,
879 3222 939 3266 ut
968 3229 1073 3268 non
1110 3229 1232 3268 eum
1273 3214 1444 3269 solum
1474 3228 1786 3284 prosecutus
1826 3216 1897 3271 sit

334 3309 602 3372 laudibus,
632 3307 725 3362 sed
754 3307 1002 3375 dogmata
1038 3305 1202 3359 etiam
1231 3304 1349 3374 ejus
1386 3305 1589 3375 aliquot
1622 3309 1848 3362 tenuerit
1878 3325 1892 3361 :

333 3402 467 3453 adeo
511 3409 567 3453 ut
604 3397 672 3451 ab
715 3395 1032 3465 Origenistis
1080 3407 1333 3465 corrupta
1371 3397 1536 3467 ipsius
1579 3399 1799 3467 scripta.
1843 3409 1897 3455 et

333 3492 636 3545 adulterata
683 3487 937 3560 peculiari
974 3486 1112 3542 libro
1151 3488 1525 3545 demonstrare
1554 3500 1779 3546 conatus
1825 3494 1896 3547 sit

330 3582 635 3639 Germanus
670 3581 996 3651 patriarcha,
1047 3582 1200 3650 cujus
1250 3592 1504 3650 excerpta
1555 3583 1715 3638 habet
1754 3584 1895 3639 Pho-

332 3673 439 3728 tius
465 3672 584 3730 cod.
607 3687 865 3728 ccrxxut.
895 3671 1056 3727 Certe
1080 3673 1130 3725 itt
1162 3672 1522 3742 disputatione
1571 3677 1635 3727 de
1658 3676 1891 3741 homine,

331 3766 631 3821 animarum
660 3762 999 3835 προῦπαρξιν
1038 3772 1092 3818 et
1125 3764 1616 3835 μετενσωμάτωσιν
1647 3768 1894 3834 reprobat

329 3857 662 3927 iiregorius,
719 3872 748 3909 a
804 3856 1022 3909 nomine
1081 3867 1260 3909 autem
1332 3855 1581 3925 Origenis
1640 3858 1891 3913 abstinet.

334 3950 715 4020 Hieronymum
774 3963 986 4017 quoque
1045 3947 1217 4017 ipsqu
1264 3948 1425 4002 etiant
1464 3957 1572 4002 tum
1618 3949 1891 4018 juvenem,

331 4049 694 4111 portentosum
739 4038 985 4109 Origenis
1020 4039 1309 4109 ingenium,
1358 4049 1413 4093 et
1456 4042 1745 4111 singularis
1774 4058 1893 4096 eru-

330 4135 462 4187 ditio
508 4135 577 4187 ita
608 4141 882 4201 ceperant,
930 4141 986 4185 ut
1033 4133 1083 4185 in
1125 4131 1238 4199 ejus
1277 4132 1463 4187 laudes
1502 4149 1643 4203 sarpe
1696 4149 1890 4189 excur-

333 4235 495 4288 reret,
531 4234 584 4277 et
610 4239 704 4293 pro
734 4237 882 4276 utero
906 4222 1209 4291 Origenista
1237 4222 1420 4277 haberi
1451 4234 1629 4291 posset
1655 4243 1669 4281 :
1703 4240 1889 4279 verum

330 4333 423 4385 per
479 4315 630 4385 ignes
683 4314 851 4367 cineri
910 4314 1093 4369 doloso
1151 4316 1457 4383 suppositos
1530 4317 1780 4372 incedere
1833 4334 1891 4374 se

329 4408 553 4463 subinde
579 4406 903 4475 intelligens,
931 4406 1115 4476 pedem
1149 4406 1350 4471 retulit,
1378 4417 1435 4462 ttt
1461 4409 1513 4462 in
1539 4410 1889 4478 sequentibus

1999 3205 2120 3274 gula
2148 3210 2449 3261 consectari
2486 3210 2641 3263 nobis
2664 3222 2810 3263 esset
2850 3212 3204 3279 propositum,
3245 3212 3298 3266 in
3332 3212 3555 3267 immen-

1997 3315 2115 3357 sum
2170 3310 2438 3355 cresceret
2482 3302 2621 3355 istud
2659 3316 2825 3369 opus,
2876 3311 2930 3355 et
2984 3301 3119 3356 ultra
3170 3304 3560 3373 circumseptos

1997 3392 2356 3448 lucubrationi
2422 3393 2548 3449 huic
2601 3395 2867 3450 cancellos
2926 3411 3377 3462 excurreremns,
3427 3398 3558 3453 adeo

1997 3483 2151 3549 longa
2182 3494 2268 3539 est
2295 3484 2512 3554 injuria,
2535 3484 2703 3555 longa:
2728 3486 3010 3555 ambages;
3038 3488 3129 3541 sed
3167 3503 3374 3542 summa
3420 3489 3556 3544 duu-

1998 3584 2146 3631 taxat
2178 3592 2355 3631 rerum
2400 3578 2608 3646 fastigia
2636 3575 3043 3646 persequemur.
3082 3578 3231 3645 Quod
3267 3590 3324 3633 ut
3366 3582 3554 3638 ordine

1995 3672 2267 3738 procedat,
2297 3686 2384 3724 res
2412 3670 2572 3724 altius
2613 3671 2901 3739 repetenda
2946 3680 3048 3725 est.
3091 3671 3472 3728 Consentiente
3499 3675 3551 3727 in

1993 3760 2239 3828 Origenis
2267 3761 2454 3817 laudes
2492 3771 2602 3816 toto
2638 3762 3021 3831 propemodum
3046 3764 3202 3827 orbe,
3234 3765 3456 3834 contigit
3496 3777 3555 3820 ut

1994 3853 2234 3909 nonnulli
2285 3856 2499 3925 egregia
2556 3855 2677 3922 ejus
2721 3856 2862 3909 dicta
2912 3856 3160 3926 factaque
3216 3874 3313 3927 pro
3362 3860 3555 3922 merito

1992 3943 2340 4010 demirautes,
2374 3944 2541 4013 ipsius
2571 3944 2733 3998 etiam
2777 3959 2991 4000 errores
3030 3960 3220 4014 parum
3267 3952 3555 4018 prudenter

1992 4043 2290 4097 tuerentur,
2318 4037 2512 4090 studiis
2544 4036 2655 4090 suis
2683 4037 2948 4090 moderari
2984 4040 3313 4105 nescientes,
3363 4040 3555 4112 Orige-

1992 4126 2152 4194 nique
2192 4137 2334 4180 recte
2359 4127 2609 4181 sentienti
2644 4128 3033 4193 adhaerescere,
3064 4132 3267 4185 erranti
3307 4135 3551 4188 nuntium

1992 4218 2283 4272 remittere.
2304 4216 2439 4272 Hinc
2458 4218 2649 4288 duplex
2683 4220 2881 4288 prodiit
2911 4220 3331 4290 Origenistarum
3359 4240 3548 4293 genus,

1988 4310 2419 4382 orthodoxoruml
2480 4320 2532 4367 et
2600 4313 3074 4369 heterodoxorum.
3133 4314 3279 4369 Inter
3361 4321 3551 4372 ortho-

1990 4403 2155 4458 doxos
2185 4403 2455 4473 ponimus,
2492 4403 2582 4471 qui
2610 4408 2855 4472 proxime
2898 4404 3096 4459 laudati
3140 4416 3286 4471 sunt,
3329 4406 3544 4478 Origeni

328 4499 743 4555 declarahimus.
788 4498 895 4553 Nec
945 4507 1023 4551 tot
1074 4507 1250 4551 tamen
1302 4498 1610 4569 Origeniani
1656 4501 1886 4556 nominis
1917 4497 1960 4553 D
1989 4508 2199 4548 summa
2234 4494 2418 4549 omnia
2448 4493 2651 4548 calculo
2682 4510 2779 4549 Suo
2813 4496 3127 4562 tribuentes,
3184 4498 3250 4551 ab
3304 4497 3419 4567 ejus
3468 4503 3547 4555 vel

329 4592 566 4659 patronis
629 4590 899 4645 absterriti
944 4602 1068 4645 sunt
1109 4590 1423 4645 Theodorus
1468 4590 1884 4661 Mopsuesteuus

326 4692 381 4737 et
405 4682 750 4751 Apollinaris.
784 4681 1068 4751 quominus
1106 4681 1179 4735 illi
1222 4682 1395 4750 palam
1441 4684 1528 4738 hic
1557 4685 1885 4749 detraheret,

328 4774 418 4827 ille
444 4772 623 4826 multis
646 4774 809 4827 etiam
836 4774 1050 4842 scriptis
1088 4774 1356 4842 Opuscnlis
1390 4786 1758 4846 oppugnaret;
1793 4780 1885 4832 sed

330 4866 461 4919 levis
492 4874 575 4920 est
604 4865 856 4920 momenti
890 4866 1262 4920 luereticorunt
1310 4868 1582 4921 hominum
1612 4869 1884 4924 obtrecta-

331 4958 421 5011 tio.
465 4956 666 5011 Auctor
698 4971 909 5026 quoque
952 4957 1313 5028 Dialogorum,
1348 4960 1438 5027 qui
1470 4960 1702 5014 Czesario
1744 4960 1883 5016 Gre-

328 5050 462 5118 gorii
522 5046 848 5104 Nazianzeni
919 5049 1070 5103 fratri
1129 5059 1493 5112 ascrmuutur,
1558 5060 1613 5105 et
1666 5051 1881 5106 Maximi

331 5153 505 5196 tamen
556 5141 785 5195 Carsario
845 5141 1190 5208 recentioris,
1248 5152 1299 5195 et
1358 5139 1599 5211 Gregorii
1656 5141 1882 5212 Nysseni

330 5233 643 5303 fragmentis
673 5231 796 5285 farti
835 5239 988 5298 sunt;
1020 5242 1226 5297 auctor,
1273 5234 1509 5302 inquam,
1553 5233 1641 5288 ille
1667 5235 1732 5289 de
1760 5234 1882 5291 Ori-

327 5341 460 5397 geue
516 5324 653 5381 male
700 5325 867 5379 sensit
914 5338 978 5377 ac
1027 5324 1243 5393 scripsit
1290 5324 1352 5390 “,
1416 5324 1708 5395 μυθολόγον
1761 5341 1881 5379 eunt

326 5418 614 5489 appellans,
644 5417 811 5480 ἀκοὰς
866 5416 959 5488 μὲν
1009 5415 1284 5485 Θὲλγοντα,
1340 5417 1515 5489 ψυχὰς
1551 5418 1608 5470 δὲ
1652 5418 1713 5471 οὐ
1752 5417 1879 5489 τρέ-

290 5526 521 5581 ,φοντα·
564 5527 582 5560 ι
611 5504 779 5563 Aures
822 5507 1038 5577 quidem
1084 5508 1435 5573 mulcentem,
1487 5510 1697 5562 animas
1754 5522 1879 5561 vcro

328 5603 541 5655 minime
608 5600 1021 5665 nutrientemn
1088 5608 1142 5654 et
1188 5600 1289 5668 τῆς
1345 5599 1510 5672 ὀργῆς
1566 5598 1874 5671 ἐπώνυμον,

1990 4585 2347 4649 discedentes,
2388 4586 2471 4640 vel
2500 4586 2778 4641 discedere
2814 4597 3030 4655 paratos
3057 4590 3351 4655 erroribus,
3389 4592 3547 4647 sitnul

1986 4690 2149 4748 atque
2183 4677 2409 4734 fuissent
2441 4680 2726 4747 perspecti,
2779 4687 2832 4733 et
2881 4678 2949 4733 ab
3003 4678 3240 4736 Ecclesia
3286 4682 3544 4739 damnati.

1988 4770 2177 4824 Iisdem
2199 4785 2549 4825 accenseutus
2574 4768 2830 4824 Joannem
2859 4769 3324 4841 Chrysostomum,
3374 4774 3549 4829 Theo-

1991 4863 2177 4917 timum
2200 4861 2565 4927 Tomitanum,
2589 4863 2863 4932 etaliquos
2883 4878 2949 4917 ex
2980 4864 3045 4919 iis
3070 4880 3204 4933 quos
3225 4864 3544 4935 Origenismi

1987 4969 2149 5008 causa
2176 4962 2397 5008 vexatos
2430 4953 2595 5007 fuisse
2624 4953 2760 5007 infra
2797 4955 3170 5019 narrabimus;
3201 4955 3547 5012 heterodoxis

1988 5044 2305 5099 ascribintus
2328 5043 2605 5113 Dydimum
2635 5043 3075 5108 Alexandrinum,
3098 5043 3359 5099 Joannem
3390 5045 3544 5100 .Iero-

1986 5135 2387 5205 solymitanum,
2420 5134 2707 5204 Evagriutn
2743 5132 3045 5199 Ponticum,
3072 5134 3364 5190 Palladium
3390 5137 3546 5193 Gala-

1987 5238 2117 5291 tam,
2148 5226 2405 5281 Isidorutn
2432 5267 2447 5293 ,
2512 5226 2786 5290 Rufinum,
2834 5234 2890 5280 et
2934 5226 3239 5295 complures
3268 5244 3336 5282 ex
3370 5229 3537 5301 Egy-

1986 5321 2112 5389 ptiis
2164 5321 2439 5375 monachis
2494 5319 2586 5389 qui
2636 5317 2864 5372 Nitriam
2898 5364 2903 5369 .
2934 5330 3167 5372 montem
3200 5319 3539 5387 incolebant,

1988 5426 2226 5482 quosque
2248 5411 2597 5481 oOrigenismi
2636 5424 2843 5485 veneno
2874 5410 3079 5478 primos
3110 5410 3273 5466 fuisse
3306 5413 3541 5468 imbutos

1989 5503 2689 5560 narratNicetas-Tltesanr.
2737 5502 2947 5556 orlliod.
2991 5502 3086 5570 ﬁd.
3121 5502 3240 5557 libr.
3284 5520 3358 5567 tv,
3408 5506 3537 5561 harr.

1984 5597 2073 5652 51.
2126 5596 2388 5653 Peculiari
2428 5594 2816 5651 commentario
2860 5591 3193 5663 Origenistas
3249 5598 3540 5653 monachos

393 5714 435 5785 '3
460 5712 604 5767 llicr.
632 5712 708 5785 De
740 5714 916 5780 script.
955 5714 1130 5785 coclea.
1175 5714 1226 5766 in
1268 5712 1500 5785 llilario;
1533 5723 1587 5768 et
1623 5714 1753 5785 libr.
1783 5730 1800 5768 ι
1838 5714 1986 5771 Apol.
2032 5713 2150 5768 adv.
2174 5783 2180 5785 ἓ
2203 5710 2374 5785 Rufin.
2402 5725 2519 5785 cap.
2555 5709 2609 5771 2,
2645 5708 2855 5785 ettlibhr.
2908 5724 2966 5777 ll,
2999 5722 3048 5765 c.
3079 5706 3147 5775 4;
3225 5720 3279 5767 ct
3324 5712 3536 5785 Prolog.

327 5783 376 5835 in
405 5783 522 5839 libr.
557 5798 592 5837 ll
623 5782 819 5838 Comm.
854 5786 903 5836 in
962 5782 1144 5849 Mida,
1178 5793 1232 5837 et
1259 5784 1414 5853 epist.
1440 5783 1526 5851 75,
1561 5785 1678 5839 adv.
1714 5782 2070 5853 Vigilantiam.

2150 5783 2191 5815 ⁸⁵
2225 5771 2431 5847 Di'alog.
2459 5771 2513 5844 3,
2538 5795 2690 5846 .reso.
2708 5771 2852 5835 '15].
