4068 6308
575 376 601 429 -Ι
616 376 718 430 125

1828 372 1886 427 P.
1929 369 2243 425 DANIELIS
2272 370 2506 427 HUETII

3666 376 3801 429 “'2!

578 496 797 551 laudare
822 496 1126 551 instituerat
1151 495 1396 560 Ruﬁnus,
1430 496 1577 550 utab
1621 494 1945 565 Hieronymo
1984 507 2137 548 acce-
2167 497 2213 551 Α
2241 511 2452 565 genem,
2489 497 2570 551 vel
2601 510 2698 564 pro
2741 496 2974 566 Origene
3012 502 3329 563 argumenta
3371 492 3607 547 studiose
3654 492 3805 544 colli-

577 589 779 656 pimus.
838 585 990 653 cujus
1055 586 1167 639 haec
1206 596 1334 641 sunt
1389 588 1547 640 verba
1602 590 1670 639 ad
1723 586 2135 654 Ctesiphontem,

577 693 697 747 cap.
730 678 765 731 2
797 695 812 731 :
852 695 871 728 ι
895 677 1112 731 Librum
1136 692 1347 748 quoque
1393 680 1610 749 scripsit
1650 681 1800 749 quasi
1858 680 1921 733 de
1955 693 2136 733 mona-

574 770 713 831 chis,
736 767 1037 836 multosque
1072 769 1122 821 in
1156 783 1220 821 eo
1247 782 1549 835 enumerat,
1602 773 1690 838 qui
1727 785 1995 839 nunquam
2025 769 2138 822 fue-

576 868 724 925 runt,
777 868 833 913 et
884 874 1021 928 quos
1070 858 1237 914 fuisse
1284 861 1495 925 scribit,
1551 860 1911 931 Origenistas,
1966 871 2021 915 et
2071 861 2138 914 ab

575 951 843 1019 episcopis
877 952 1155 1004 damnatos
1195 965 1315 1006 esse
1366 967 1473 1007 non
1510 953 1729 1007 dubium
1761 961 1863 1013 est,
1921 953 2137 1007 Ammo-

575 1039 722 1092 nium
784 1038 1050 1103 videlicet,
1101 1048 1155 1093 et
1198 1040 1520 1107 Eusebium;
1580 1050 1634 1095 et
1684 1041 2027 1108 Euthymion,
2086 1049 2140 1095 et

577 1130 747 1199 ipsum
775 1130 1081 1199 Evagrium,
1107 1128 1182 1184 Or
1207 1146 1440 1200 quoque,
1481 1142 1535 1185 et
1558 1132 1836 1194 lsidorum,
1860 1140 1914 1185 et
1945 1132 2137 1186 multos

573 1217 729 1283 alios,
766 1232 906 1287 quos
934 1233 1254 1279 enumerare
1301 1220 1513 1273 tatdium
1543 1229 1649 1275 est.
1712 1220 1777 1273 Et
1816 1220 1967 1290 juxta
2009 1220 2137 1274 illud

583 1309 821 1365 Lucretii
846 1326 861 1363 :

749 1420 824 1473 Ac
854 1419 1009 1474 veluti
1047 1422 1221 1489 pueris
1249 1420 1512 1475 absinthia
1550 1431 1676 1474 tetra
1702 1423 1959 1476 medentes

749 1490 881 1560 Cum
911 1492 1036 1543 dare
1070 1503 1346 1554 conantur,
1387 1494 1533 1556 prius
1565 1509 1683 1544 oras
1723 1494 1908 1560 pocula
1938 1493 2134 1543 circum

750 1559 1070 1628 Contingunt
1102 1561 1267 1613 mellis
1292 1562 1431 1613 dulci
1463 1563 1696 1632 ﬂavoque
1724 1559 1922 1630 liquore
1946 1561 1986 1592 ¹⁸
2013 1580 2027 1627 ;

574 1678 645 1732 ita
678 1677 765 1732 ille
794 1693 959 1731 unum
997 1675 1259 1731 Joannem
1302 1676 1355 1731 in
1399 1678 1562 1747 ipsius
1602 1678 1725 1733 libri
1776 1679 1954 1747 posuit
1986 1680 2138 1749 prin-

573 1770 735 1838 cipio,
766 1784 925 1837 quem
962 1779 1017 1823 et
1050 1768 1374 1823 catholicum
1430 1777 1484 1822 et
1525 1779 1769 1824 sanctum
1813 1769 1978 1825 fuisse
2025 1786 2130 1824 non

2240 591 2504 659 gentibus,
2526 590 2743 643 minimc
2772 604 2902 643 sane
2925 587 3112 640 fuisset
3133 586 3571 654 praetermissum.
3601 582 3806 645 Super-

2240 690 2325 735 est
2372 681 2556 747 igitur,
2598 690 2658 732 ut
2703 680 2944 732 dicamus
2988 677 3323 745 Origenistas
3373 672 3543 727 fuisse
3582 670 3809 739 duplicis

2240 775 2484 844 generis,
2515 774 2861 835 orthodoxos,
2884 783 2936 825 et
2961 770 3355 832 heterodoxos;
3386 776 3443 821 et
3477 760 3807 820 invidiosum

2240 867 2343 921 hoc
2375 881 2566 919 nomen
2616 864 2799 917 multis
2834 862 3140 926 titnmerito,
3175 860 3422 930 pluribus
3472 857 3637 912 etiam
3695 855 3808 924 jure

2240 957 2403 1012 fuisse
2428 957 2704 1010 tributum.
2734 954 2918 1007 Fidem
2947 952 3181 1019 opinioni
3214 960 3411 1005 nostra:
3452 948 3659 1001 faciunt
3688 946 3811 999 hinc

2239 1046 2426 1101 Graeca
2458 1045 2777 1115 menologia,
2816 1059 2935 1112 quae
2970 1040 3261 1097 nonnullos
3302 1055 3363 1094 ex
3395 1037 3731 1109 Origenistis
3760 1036 3809 1089 in

2237 1149 2549 1193 sanctorum
2594 1137 2769 1190 album
2839 1135 3114 1197 referunt,
3182 1142 3234 1186 et
3284 1141 3526 1199 spectata
3571 1128 3814 1197 Chryse.

2237 1232 2397 1286 stomi
2428 1231 2596 1283 virtus
2639 1244 2700 1282 ac
2745 1229 2946 1296 pietas,
2985 1227 3075 1296 qui
3119 1241 3208 1280 eos
3245 1226 3318 1279 ita
3374 1232 3575 1276 tutatus
3620 1230 3731 1283 est,
3760 1225 3814 1271 ut

2241 1323 2485 1376 eatudem
2536 1334 2749 1389 quoque
2783 1318 2885 1372 sibi
2935 1317 3349 1386 appellationem
3400 1314 3808 1375 conscisceret;

2240 1412 2360 1466 inde
2391 1411 2697 1479 Hieronymi
2724 1419 2777 1462 et
2806 1406 3090 1476 Epiphanii
3120 1405 3365 1474 partibus
3409 1402 3512 1456 illis
3544 1404 3813 1455 haereseos

2239 1513 2418 1556 notam
2447 1501 2829 1570 imponentium
2868 1496 3198 1552 testiﬁcatio.
3227 1494 3477 1549 Profecto
3504 1507 3607 1544 non
3640 1506 3804 1543 unam

2241 1592 2405 1646 fuisse
2426 1590 2847 1660 Origenistarum
2866 1588 3103 1644 omnium
3129 1585 3448 1649 doctrinam,
3469 1597 3568 1635 nec
3589 1581 3806 1634 eosdem

2237 1699 2416 1738 mores
2441 1682 2569 1737 satis
2593 1699 2660 1737 ex
2693 1681 2988 1751 Epiphanio
3008 1679 3295 1741 evincitur,
3335 1676 3425 1746 qui
3474 1676 3605 1728 haer.
3637 1672 3706 1725 63
3750 1678 3805 1723 et

2237 1774 2326 1839 64,
2361 1773 2630 1843 geminum
2678 1772 2886 1825 illorutn
2917 1769 3158 1837 agnoscit
3185 1780 3349 1836 genus
3379 1778 3394 1816 :
3427 1763 3480 1817 itt
3511 1775 3620 1829 quo
3668 1760 3803 1812 licet

573 1862 793 1915 dubium
827 1870 929 1923 est,
958 1870 1015 1913 ut
1047 1875 1140 1927 per
1183 1860 1325 1915 illius
1351 1861 1691 1916 occasionem
1723 1872 1969 1927 czeteros,
2004 1878 2136 1931 quos
2167 1838 2209 1892 Β
2241 1838 2438 1919 incerta
2473 1863 2787 1935 prodiderit,
2814 1871 2868 1916 et
2896 1870 3011 1930 post
3036 1860 3207 1928 ipsum
3245 1855 3596 1924 Augustinus,
3634 1850 3809 1907 multis

574 1961 828 2022 posuerat
843 1953 1148 2019 haereticos,
1164 1952 1411 2008 Ecclesia:
1427 1953 1809 2009 introduceret.
1837 1973 1855 2005 ι
1872 1953 2135 2009 Joannem

573 2045 1018 2116 Chrysostomum
1058 2046 1141 2100 his
1184 2044 1479 2116 signiﬁcari
1529 2058 1674 2102 recte
1713 2048 1908 2102 asserit
1945 2046 2139 2101 Maria-

573 2152 675 2191 nus
703 2136 969 2193 Victorius
994 2154 1010 2203 ;
1036 2138 1130 2192 sed
1156 2137 1380 2202 fallitur,
1413 2138 1573 2192 alium
1601 2141 1742 2194 hunc
1764 2156 1883 2195 esse
1910 2140 2138 2210 opinans

573 2228 864 2299 Evagriutn
895 2229 962 2283 ab
1001 2230 1228 2300 Evagrio
1271 2231 1494 2286 Pontico
1532 2231 1903 2303 Hyperborita.
1941 2234 2017 2287 uti
2070 2235 2137 2289 ab

578 2319 903 2390 Hieronymo
928 2321 1053 2375 alibi
1094 2323 1413 2392 appellatur.
1454 2322 1911 2390 Quemadmodum
1959 2335 2136 2379 autem

573 2412 909 2481 Origenistas
947 2412 1138 2468 Latine
1169 2413 1447 2469 celebrare
1491 2414 1717 2469 Ruﬁnus
1750 2414 2018 2481 instituit;
2066 2417 2137 2471 ita

577 2503 803 2572 idipsum
833 2502 1020 2556 Graece
1052 2517 1082 2556 a
1126 2501 1361 2556 Palladio
1393 2503 1592 2556 factum
1633 2512 1737 2565 est,
1790 2503 1842 2557 in
1880 2502 2140 2558 Lausiaca

574 2593 792 2646 historia
828 2607 847 2646 :
875 2609 980 2661 quo
1013 2607 1174 2661 Opere
1207 2589 1404 2646 ‘lsidori
1432 2633 1447 2657 ,
1500 2592 1750 2647 Dorothei
1774 2632 1789 2655 ,
1832 2592 2125 2659 Ammonii,

576 2684 815 2751 Evagrii,
864 2684 960 2747 Or,
1018 2683 1356 2738 Potamimnze
1407 2683 1659 2754 Origenis
1699 2684 1992 2752 discipulae,
2047 2683 2140 2738 Di-

575 2773 748 2844 dytni,
776 2772 1113 2843 aliorumque
1142 2775 1447 2828 Adamantii
1475 2783 1801 2829 sectatorum
1833 2776 1969 2830 vitas
1995 2790 2141 2829 com-

574 2864 762 2933 plexus
790 2871 891 2917 est.
928 2862 1096 2916 Porro
1128 2879 1224 2918 nos
1249 2879 1596 2933 quoscunque
1621 2866 1761 2918 inter
1790 2865 2143 2920 heterodoxos

575 2954 911 3024 Origenistas
963 2956 1234 3025 ponimus,
1276 2971 1372 3026 pro
1416 2956 1684 3010 haereticis
1730 2956 1915 3010 haberi
1948 2956 2139 3021 velim;

577 3045 887 3100 tralatitium
920 3046 1062 3101 enim
1090 3058 1193 3112 est,
1225 3063 1325 3101 non
1352 3060 1616 3112 errorem,
1643 3049 1734 3101 sed
1760 3048 2141 3116 pertinaciam,

577 3137 886 3192 ltwreticum
923 3137 1123 3193 facere.
1150 3138 1397 3204 Melania,
1420 3148 1564 3208 puta,
1586 3154 1653 3195 ex
1678 3139 1780 3194 hoc
1805 3140 1929 3194 licet
1961 3154 2139 3210 grege,

576 3231 721 3286 inter
758 3239 979 3285 sanctos
1028 3240 1203 3286 tamen
1243 3232 1411 3285 relata
1458 3240 1579 3297 est;
1631 3242 1685 3285 et
1735 3246 1803 3284 ex
1862 3233 2141 3287 monachis

575 3321 684 3376 illis
740 3321 1105 3379 Nitriensibus
1182 3323 1421 3378 nonnulli
1486 3326 1538 3378 in
1599 3324 2015 3395 pseudosynodo
2074 3324 2142 3379 ad

576 3417 846 3482 Quercum
880 3416 1062 3471 habita
1108 3426 1287 3471 errata
1314 3432 1409 3473 sua
1436 3417 1540 3473 sibi
1572 3419 1869 3473 condonari
1901 3417 2138 3489 postula-

576 3519 698 3562 runt
735 3518 788 3563 et
812 3509 1185 3579 impetrarunt.

644 3603 820 3671 Atque
866 3604 979 3657 haec
1038 3603 1467 3674 Origenistarum
1526 3603 1799 3660 distinctio
1858 3605 2142 3674 diligenter

574 3694 807 3746 notanda
844 3703 928 3747 est
956 3710 971 3747 :
1002 3710 1126 3748 nam
1177 3696 1629 3752 tuonachos‘illos
1671 3696 1999 3763 Nitrienses,
2050 3697 2140 3766 qui

578 3781 679 3834 hac
706 3791 1023 3850 tempestate
1053 3782 1488 3853 Origenistarum
1531 3787 1888 3855 appellatione
1918 3786 2141 3840 infama-

575 3873 791 3936 bantur,
828 3871 1112 3926 haereticos
1169 3874 1339 3929 fuisse
1387 3888 1571 3931 censet
1612 3892 1800 3932 omnes
1852 3877 2135 3944 Baronitrs,

574 3978 674 4015 nec
700 3971 807 4015 tam
832 3962 1079 4032 Origenis
1103 3966 1289 4032 gloria:
1313 3966 1536 4033 favisse,
1560 3984 1720 4037 quam
1752 3969 1918 4039 ipsius
1954 3970 2143 4037 opina-

574 4052 810 4107 tionibus
851 4055 1121 4109 mordicus
1177 4057 1468 4111 adhzesisse
1525 4073 1692 4126 :qute
1750 4059 1878 4111 mihi
1932 4058 2142 4112 videtur

573 4144 837 4198 sententia
903 4146 1290 4216 Chrysostomo
1364 4157 1418 4202 et
1504 4148 1786 4204 Theotimo
1851 4149 2134 4205 Tomitano

573 4238 849 4307 episcopo,
881 4240 1239 4294 sanctissimis
1286 4241 1438 4305 viris,
1481 4257 1737 4310 perquam
1785 4258 1906 4297 esse
1948 4256 2140 4299 contu-

574 4329 817 4384 meliosa.
879 4330 961 4384 Ab
994 4331 1126 4400 ipsis
1154 4332 1244 4386 alii
1271 4347 1488 4387 omnem
1536 4334 1735 4388 erroris
1781 4334 2138 4403 suspicionem

575 4433 809 4476 amotam
839 4437 958 4478 esse
990 4425 1197 4490 volunt,
1233 4432 1288 4479 et
1328 4425 1492 4480 totius
1543 4426 1964 4481 concertationis
2005 4426 2141 4481 invi-

2240 1960 2428 2030 plicem
2460 1969 2634 2013 tamen
2668 1957 2944 2011 hominum
2978 1953 3187 2007 illorum
3218 1951 3385 2005 fuisse
3408 1957 3610 2002 sectam
3642 1959 3715 1998 ex
3744 1958 3807 1998 eo

2238 2052 2577 2122 perspicuum
2607 2062 2708 2104 est.
2754 2046 2899 2102 lnter
2927 2063 3019 2103 eos
3052 2056 3110 2101 ut
3152 2042 3509 2114 integerrimis
3559 2036 3807 2092 nonnulli

2239 2146 2453 2198 fuerunt
2484 2143 2742 2205 moribus,
2761 2141 2836 2194 ita
2863 2140 3059 2196 fmdam
3083 2136 3353 2191 libidinem
3376 2143 3430 2187 et
3450 2130 3808 2186 Onanismum

2244 2235 2450 2303 aliquos
2481 2233 2789 2288 exercuisse
2820 2229 3072 2285 referenti
3101 2226 3395 2296 Epiphanio
3425 2222 3588 2278 facile
3612 2223 3803 2281 credo;

2240 2324 2499 2396 quidquid
2524 2304 2858 2377 contradicat
2879 2319 3159 2375 Halloxies
3183 2332 3197 2371 :
3227 2332 3291 2371 ex
3313 2329 3487 2383 eoque
3514 2312 3804 2366 adductum

2240 2415 2484 2484 suspicor
2514 2411 2892 2482 Epiphanium,
2930 2419 3132 2463 utcum
3173 2414 3429 2475 przeterea
3474 2416 3578 2456 non
3619 2401 3805 2455 eadem

2238 2509 2437 2562 sentire
2461 2505 2796 2574 Origenistas
2827 2516 3016 2558 omnes
3051 2499 3369 2561 iuaudisset,
3402 2502 3619 2567 putaret
3652 2501 3806 2556 turpe

2239 2598 2367 2653 illud
2402 2596 2620 2659 factum,
2672 2593 2813 2664 quod
2856 2606 3063 2645 morum
3116 2599 3235 2642 erat
3282 2588 3488 2651 vitium,
3546 2583 3805 2638 doctrina:

2240 2703 2476 2744 errorem
2520 2687 2708 2751 fuisse,
2749 2698 2911 2755 atque
2946 2684 3018 2737 ita
3054 2680 3318 2751 duplicem
3352 2688 3554 2734 sectam
3598 2675 3801 2729 consti-

2244 2790 2436 2837 tueret.
2476 2780 2679 2836 Utmiti
2704 2779 2945 2847 plerique
2970 2777 3186 2830 fuerunt
3213 2774 3447 2842 ingenio,
3481 2772 3551 2824 ita
3587 2778 3805 2822 conten-

2244 2875 2362 2928 tiosi
2425 2873 2537 2939 alii,
2587 2869 2881 2927 refractarii
2930 2877 2983 2922 et
3013 2863 3473 2930 cervicosi;velnt
3503 2876 3591 2929 qut
3640 2859 3801 2910 I'hvo-

2243 2966 2388 3037 philo
2420 2962 2780 3018 Alexandrino
2829 2958 3040 3030 prtesuli
3090 2954 3350 3009 violentas
3405 2964 3569 3022 prope
3615 2960 3805 3000 manus

2243 3059 2556 3121 intulerunt,
2600 3066 2658 3109 ut
2706 3054 2984 3107 dicemus:
3018 3050 3227 3104 dicaces
3260 3045 3351 3099 alii
3386 3053 3440 3097 et
3482 3040 3798 3112 petulantes,

2244 3154 2482 3209 dicteriis
2507 3164 2645 3220 saepe
2666 3157 2720 3203 et
2742 3144 3078 3202 contumeliis
3097 3142 3405 3198 Catholicos
3428 3135 3757 3192 lacessebant
3782 3151 3796 3197 ;

2242 3252 2384 3301 velut
2435 3246 2486 3299 in
2525 3259 2620 3307 eo,
2666 3241 2803 3307 quod
2850 3252 3151 3301 narramus,
3209 3234 3456 3297 dissidio,
3496 3229 3798 3286 Catholicos

2243 3338 2577 3409 appellabant
2603 3334 2921 3395 Pclusiotas,
2939 3330 3079 3400 quod
3113 3338 3361 3396 tanquam
3395 3325 3509 3377 luto
3542 3318 3798 3378 immersi.

2241 3440 2296 3484 et
2324 3428 2471 3483 curvi
2504 3428 2554 3479 in
2594 3437 2765 3478 terras
2799 3440 2861 3476 ac
2909 3420 3205 3476 caelestium
3248 3418 3436 3472 inanes
3468 3423 3687 3475 essent;
3736 3410 3801 3462 ad

2240 3534 2426 3573 vocem
2473 3517 2665 3588 πῆλος,
2698 3527 2750 3569 et
2784 3528 2974 3568 nomen
3016 3510 3232 3573 Pelusii,
3289 3508 3344 3575 in
3380 3504 3797 3576 Origenistarum

2241 3609 2613 3671 Nitrieusiutn,
2645 3616 2905 3661 eteorum
2951 3604 3041 3673 qui
3084 3604 3136 3657 in
3186 3600 3466 3655 Palaestina
3522 3596 3797 3665 degebant.

2243 3701 2435 3755 vicinia
2468 3700 2580 3765 siti,
2611 3698 2804 3767 frigido
2836 3707 2890 3749 et
2927 3696 3135 3751 scurrili
3167 3696 3290 3762 joco
3324 3691 3643 3744 alludentes.
3678 3686 3801 3737 Hie—

2244 3808 2497 3864 ronymus
2518 3791 2776 3860 epist.6l,
2806 3794 2872 3843 ad
2908 3788 3242 3849 Pammacln,
3262 3801 3379 3853 cap.
3404 3783 3472 3836 5:
3510 3800 3527 3830 ο
3561 3777 3651 3832 Hae
3682 3786 3803 3831 Stmt

2242 3885 2474 3953 strOpha:
2505 3894 2699 3937 vestrae
2740 3894 2899 3949 atque
2924 3880 3224 3948 praestigiae,
3258 3878 3457 3946 quibus
3503 3888 3598 3926 nos
3640 3870 3799 3923 Priu-

2243 3980 2427 4043 siotas,
2472 3987 2525 4031 et
2561 3976 2832 4043 jumenta,
2883 3983 2938 4029 et
2990 3972 3249 4026 animales
3302 3970 3543 4023 homines
3593 3965 3794 4021 dicitis,

2243 4070 2496 4138 quianon
2529 4067 2813 4134 recipimus
2855 4080 2917 4118 ea
2959 4077 3076 4131 qute
3124 4061 3344 4129 spiritus
3389 4067 3526 4113 sunt.
3556 4075 3574 4107 ι
3627 4054 3799 4107 Baro-

2242 4161 2387 4215 nium
2420 4158 2558 4228 fugit
2588 4158 2713 4210 dicti
2745 4156 2901 4224 hujus
2938 4152 3257 4223 signiﬁcatio
3279 4193 3294 4212 ,
3323 4160 3377 4204 et
3410 4164 3535 4218 pro,
3597 4165 3614 4195 ι
3639 4144 3801 4198 Pelu-

2241 4252 2425 4315 siotas,
2454 4269 2472 4301 ι
2530 4249 2625 4316 legi
2668 4250 2838 4316 jubet,
2899 4245 3246 4306 «Pilosiotas,
3272 4262 3289 4293 ι
3332 4243 3473 4311 quod
3524 4249 3801 4293 uterentur

2241 4340 2559 4409 Origenistze
2611 4355 2631 4388 ι
2658 4338 2758 4391 hac
2798 4351 2948 4399 voce,
3010 4334 3357 4404 suggillantes
3390 4340 3549 4397 atque
3576 4328 3799 4382 subsan-

2244 4442 2433 4488 nantes
2463 4430 2787 4495 Catholicos,
2833 4428 2985 4497 quasi
3026 4427 3307 4480 crederent
3353 4432 3595 4477 mortuos
3627 4434 3801 4473 resur-

575 4514 716 4566 diam
755 4525 1076 4570 convertunt
1112 4517 1163 4570 in
1205 4517 1484 4586 episcopos
1510 4517 1835 4588 Origenistis
1878 4519 2134 4582 infensos,
2171 4519 2214 4572 Ι)
2242 4535 2480 4580 recturos
2503 4524 2664 4577 etiam
2697 4537 2818 4576 cum
2866 4522 3006 4590 pilis,
3050 4519 3173 4572 dum
3217 4524 3362 4569 recte
3412 4514 3662 4567 dicerem
3712 4524 3801 4563 θῦε

576 4619 711 4672 quos
742 4608 972 4675 propriis
1002 4609 1369 4664 simultatibus
1401 4609 1725 4679 Origenismi
1751 4626 1968 4665 causam
2000 4628 2135 4681 pra:-

579 4704 842 4759 texentes,
869 4698 1048 4767 inique
1087 4703 1231 4755 viros
1262 4703 1502 4757 insontes
1532 4719 1760 4758 vexasse
1788 4705 2134 4773 pertendunt;

576 4788 939 4858 piissimorum
1002 4792 1278 4847 hominum
1347 4793 1659 4866 Hieronymi
1721 4806 1776 4850 et
1851 4794 2134 4865 Epiphanii

574 4881 956 4935 auctoritatem
1022 4898 1087 4937 ac
1147 4887 1512 4941 testiuIOuium
1565 4888 1784 4956 insuper
1834 4888 2135 4952 habentes,

575 4971 751 5043 iisque
765 4971 1015 5037 Palladii,
1039 4976 1173 5029 meri
1203 4975 1547 5045 Origenislm,
1575 4993 1604 5032 a
1630 4994 1736 5049 quo
1759 4979 2134 5049 Chrysostomi

575 5064 684 5116 vita
709 5063 1011 5134 conscripta
1042 5073 1150 5133 est,
1184 5066 1499 5138 suffragium
1533 5080 1941 5139 anteponentes.
1987 5069 2136 5124 Heri-

579 5152 760 5208 bertus
791 5155 1152 5226 ltosvveydus,
1181 5158 1420 5212 historia:
1448 5161 1832 5216 ecclesiastica:
1867 5170 2138 5215 scrutator

578 5242 825 5312 diligens,
874 5248 971 5301 hos
1014 5248 1153 5303 inter
1192 5249 1402 5304 medius
1439 5251 1661 5317 incedit,
1723 5261 1776 5306 et
1828 5253 1973 5307 viros
2018 5253 2137 5306 illos

577 5336 668 5404 qui
719 5336 1037 5406 (lrigenismi
1089 5339 1303 5394 nomine
1362 5341 1592 5395 traducti
1646 5352 1821 5405 sunt,
1883 5344 2135 5413 dogmata

577 5427 809 5496 primum
827 5427 1072 5499 Origenis
1098 5431 1425 5496 defendisse,
1455 5432 1646 5487 deinde
1670 5449 1797 5488 vero
1827 5436 2136 5502 repudiasse

579 5519 841 5586 conjectat
867 5533 882 5571 :
910 5522 1069 5588 quod,
1097 5524 1142 5577 si
1168 5523 1241 5578 ita
1269 5534 1434 5587 esset,
1461 5524 1527 5577 ab
1556 5524 1788 5588 illorum,
1816 5525 1897 5578 vel
1913 5540 2135 5594 sequen-

581 5607 709 5663 tium
742 5622 1041 5681 temporum
1084 5616 1461 5685 scriptoribus,
1504 5616 1681 5671 omnia
1719 5619 1975 5673 adversus
2013 5616 2128 5670 Ori-

2244 4624 2646 4669 resurrecturos
2693 4627 2811 4665 cum
2862 4609 3082 4679 singulis
3116 4607 3358 4675 corporis
3394 4605 3652 4658 membris
3678 4604 3740 4655 “.
3777 4622 3793 4651 ι

2244 4702 2439 4756 Verum
2506 4699 2860 4769 expositionis
2918 4710 3112 4752 nostra:
3179 4697 3544 4764 ﬁdejussorem
3617 4695 3799 4747 «lanius

2243 4794 2623 4864 Hieronymum
2662 4792 2868 4860 ipsum,
2919 4791 3077 4858 epist.
3128 4789 3215 4852 65,
3273 4789 3338 4843 ad
3370 4786 3695 4841 Pammach.
3747 4794 3795 4836 et

2241 4884 2463 4948 Ocean.,
2498 4896 2616 4953 cap.
2645 4882 2700 4939 5.
2738 4898 2756 4931 ‹
2779 4879 3097 4943 PelusiOIas,
3125 4880 3322 4948 inquit,
3370 4894 3467 4933 nos
3510 4878 3792 4947 appellant,

2240 4986 2294 5031 et
2321 4976 2515 5039 luteos,
2550 4972 2946 5040 animalesque,
2978 4980 3034 5024 et
3061 4985 3311 5034 carneos,
3347 4971 3487 5037 quod
3532 4985 3638 5022 non
3672 4968 3796 5022 reci.

2240 5070 2448 5136 piamus
2476 5082 2537 5122 ea
2565 5082 2685 5137 quae
2716 5066 2937 5136 spiritus
2965 5073 3126 5126 sunt;
3169 5082 3186 5114 ι
3227 5073 3283 5116 et
3308 5077 3425 5131 cap.
3459 5062 3483 5114 l
3514 5078 3528 5113 :
3560 5080 3579 5113 ι
3608 5060 3798 5113 Putant

2238 5161 2380 5214 enim
2404 5175 2489 5215 me
2514 5175 2668 5215 suum
2697 5174 2815 5214 esse
2838 5157 3179 5229 συμμύστην,
3213 5164 3266 5210 et
3293 5164 3510 5223 propter
3539 5152 3796 5205 animales

2236 5262 2291 5307 et
2319 5252 2487 5306 Iuleos
2522 5252 2661 5307 nolle
2689 5252 2861 5320 palam
2917 5253 3164 5320 dogmata
3208 5247 3474 5302 conﬁteri.
3506 5264 3525 5297 ι
3577 5245 3795 5299 Μειιιίΐεε

2240 5345 2376 5399 stius
2408 5345 2567 5399 etiam
2596 5343 2861 5396 inJerem.
2903 5357 3058 5407 χχιι,
3091 5341 3192 5395 M:
3230 5359 3248 5390 (
3279 5340 3405 5405 Quae
3437 5354 3559 5393 cum
3584 5339 3801 5392 audiunt

2241 5435 2498 5504 discipuli:
2526 5435 2644 5501 ejus
2686 5431 3006 5504 (Origenis)
3058 5442 3112 5486 et
3160 5429 3482 5485 Grunnianze
3524 5428 3668 5498 (hoc
3718 5437 3795 5480 est

2242 5527 2460 5597 Ruﬁni)
2495 5525 2713 5579 familiae
2747 5534 3008 5591 stercora,
3060 5532 3248 5594 putant
3291 5536 3351 5577 se
3405 5522 3583 5575 divina
3617 5520 3797 5573 audire

2240 5621 2536 5689 mysteria;
2596 5634 2804 5689 nosque
2870 5619 2959 5689 qui
3010 5618 3113 5673 ista
3161 5615 3593 5681 contemnimus,
3648 5608 3792 5683 quasi

645 5794 689 5827 ³⁸
713 5794 923 5855 Lucret.
954 5799 1046 5855 lib.
1084 5816 1159 5871 tv,
1190 5818 1328 5864 vers.
1360 5807 1445 5862 ll.
1522 5805 1565 5839 ¹⁶
1603 5804 1798 5862 Baron.
1826 5806 1892 5862 ad
1922 5821 2012 5865 an.
2036 5806 2171 5875 595,.
2191 5821 2308 5876 cap.
2342 5803 2429 5869 lO,
2462 5810 2515 5859 et
2542 5801 2610 5857 ad
2638 5817 2730 5860 an.
2763 5799 2882 5867 400,
2922 5813 3040 5871 cap.
3058 5798 3144 5855 86.
