4068 6308
2560 198 2595 215 κ

293 356 321 408 1
338 356 432 410 12⁸5
641 405 649 415 .
1204 357 1762 413 ORIGENIANOHUM
1800 357 1834 410 L

1967 356 2027 415 ll,
2070 356 2217 411 CAP.
2260 356 2349 418 ιγ,
2396 356 2588 412 SECT.
2621 356 2659 413 Ι.
3386 368 3522 426 1126

290 486 391 540 pro
418 472 592 529 brutis
633 474 832 531 habent
865 445 1258 539 animantibus,
1312 486 1366 530 et
1412 487 1604 531 vocant
1655 477 1855 548 πηλου-
1890 486 1931 539 Α
1961 475 2229 529 Palladius
2281 477 2333 529 in
2383 475 2678 541 Lausiacis,
2741 488 2876 534 sect.
2924 479 2992 535 78
3045 490 3100 537 et
3146 486 3520 554 sequentibus,

292 561 519 629 σιώτας,
550 580 615 620 eo
644 568 784 634 quod
831 567 883 620 in
922 566 1033 620 luto
1075 565 1229 619 istius
1274 566 1516 633 corporis
1556 567 1850 632 constituti,

291 666 403 706 non
436 654 707 723 possimus
732 657 933 710 sentire
954 655 1246 710 coelestia.»
1281 654 1561 726 Egyptios
1593 657 1855 725 praecipue

291 745 611 810 monachos,
652 748 791 815 apud
812 761 946 816 quos
975 746 1204 799 maxime
1246 748 1415 815 viguit
1462 745 1851 815 Origenismus,

294 834 515 903 ingenio
556 837 667 891 fere
709 838 871 892 fuisse
915 839 1153 907 inquieto
1201 849 1255 892 et
1285 839 1517 901 turbido,
1572 850 1626 892 et
1675 854 1851 892 rerum

292 940 555 981 novarum
594 930 866 992 studioso,
895 940 1287 998 prOptereaqne
1325 930 1376 983 in
1407 929 1587 984 varias
1622 930 1853 985 haereses

292 1014 550 1073 incidisse
576 1019 770 1073 litteris
794 1020 1063 1088 proditum
1088 1029 1193 1074 est.
1224 1020 1352 1074 lude
1378 1020 1619 1083 Aeriani,
1664 1021 1853 1074 Eusta-

294 1108 489 1173 thiani,
534 1110 1124 1179 Anthropomorphitae,
1170 1108 1461 1173 Joviniani,
1513 1110 1849 1179 Eutychiani,

289 1198 492 1269 aliique
521 1201 571 1255 id
600 1214 769 1271 genus
813 1202 1054 1256 sexcenti
1090 1202 1337 1271 prodiere
1370 1220 1383 1254 :
1424 1209 1476 1256 et
1514 1218 1543 1254 a
1574 1205 1851 1257 vetustiori

285 1305 502 1361 quoque
531 1308 645 1347 aevo
700 1293 996 1348 Meletianis
1024 1301 1077 1348 et
1129 1293 1344 1348 Arianis
1378 1294 1677 1362 haerentes,
1710 1296 1853 1351 auli~

283 1384 468 1436 stitem
520 1399 676 1438 suum
738 1386 1091 1440 Athanasium
1142 1386 1354 1455 probris
1409 1386 1661 1440 ﬁxerunt.
1691 1386 1840 1443 Unde

284 1474 649 1547 Hieronymus
697 1479 915 1548 Apolog.
966 1481 1177 1533 advers.
1230 1477 1408 1547 Ruﬁn.
1461 1479 1582 1532 libr.
1615 1496 1694 1540 Ill,
1730 1497 1848 1550 cap.

285 1565 371 1623 7:
438 1570 748 1624 «Contendi
825 1570 1118 1642 Egyptum
1152 1610 1168 1637 ,
1243 1570 1462 1625 lustravi
1528 1576 1847 1628 monasteria

282 1657 507 1724 Nitriae,
535 1670 590 1715 et
640 1660 780 1717 inter
817 1672 1125 1717 sanctorum
1165 1662 1382 1730 choros,
1422 1664 1635 1732 aspides
1684 1665 1849 1722 latere

285 1752 552 1821 perspexi.
587 1770 608 1805 ι

196 2010 199 2011 ν
358 1931 491 1987 Vlll.
520 1933 598 1989 Ex
626 1936 727 1991 hoc
762 1951 1035 1995 nmreseon
1082 1950 1137 1996 et
1175 1942 1550 2001 haereticorum
1609 1950 1843 2003 semina-

285 2025 368 2079 rio
394 2023 707 2095 Origenistze
747 2029 1058 2086 heterodoxi
1105 2038 1449 2092 exstiterunt.
1495 2039 1688 2094 Narrat
1719 2043 1843 2111 Epi-

286 2116 515 2183 phanius
544 2118 673 2174 harr.
710 2119 798 2187 64,
832 2137 953 2192 cap.
986 2123 1039 2188 4,
1083 2126 1136 2179 in
1173 2127 1403 2198 Egypto
1448 2133 1678 2200 prinnnn
1720 2151 1842 2203 pro.

286 2216 535 2279 pagatum
584 2206 981 2278 Origenismnm
1029 2215 1169 2281 apud
1218 2215 1498 2285 [Egyptios
1554 2223 1842 2278 monachos

286 2311 387 2352 suo
412 2308 648 2367 tempore
670 2298 944 2355 ﬁoruisse.
992 2300 1069 2355 Ac
1115 2303 1342 2371 primum
1381 2305 1607 2361 Melania
1641 2311 1838 2375 senior,

286 2389 481 2444 nobilis
528 2391 758 2455 femina,
817 2406 937 2446 cum
990 2393 1162 2461 patria
1218 2394 1399 2449 relicta
1451 2394 1839 2469 Jerosolymam

282 2483 498 2551 pietatis
522 2498 683 2538 causa
709 2486 1049 2550 concederet,
1091 2488 1231 2542 facta
1264 2489 1402 2543 inter
1432 2488 1616 2546 Nitriae
1651 2508 1839 2549 mona-

279 2575 414 2631 chos
473 2577 738 2631 mensium
797 2578 1004 2648 aliquot
1060 2596 1232 2647 mora,
1285 2583 1536 2653 aditoque
1592 2585 1837 2655 Didymo,

278 2666 622 2736 Origenianis
657 2670 764 2725 illic
789 2672 1065 2727 erroribus
1105 2689 1208 2729 una
1238 2691 1360 2730 cum
1399 2677 1589 2732 Ruﬁno
1632 2678 1839 2734 itineris

276 2759 475 2814 comite
532 2759 726 2815 infecta
781 2772 883 2817 est.
954 2764 1195 2834 Contigit
1255 2766 1382 2820 illud
1440 2769 1584 2823 circa
1638 2784 1835 2824 annum

273 2850 476 2904 Christi
529 2851 651 2906 572.
678 2851 794 2920 Quo
819 2864 1057 2924 tempore
1097 2856 1374 2927 epistolam
1404 2858 1552 2913 dedit
1581 2861 1649 2913 ad
1686 2860 1836 2929 Ruﬁ-

276 2957 401 2994 num
434 2941 789 3014 Hieronymus
820 2946 889 3011 ",
916 2963 1021 3016 qua
1045 2949 1111 3003 ad
1136 2965 1193 3005 se
1220 2950 1273 3003 in
1296 2950 1512 3021 Syriam
1546 2962 1604 3006 ut
1634 2954 1833 3021 veniat,

273 3035 449 3091 amice
477 3037 690 3093 invitat.
718 3037 1006 3109 Postquam
1036 3052 1212 3096 autem
1237 3042 1583 3113 Jerosolyma:
1606 3044 1837 3100 ﬁxerunt

274 3127 482 3195 sedem,
515 3128 759 3186 fovendis
781 3133 1081 3202 peregrinis
1100 3172 1116 3197 ,
1145 3142 1200 3187 et
1216 3134 1376 3190 rebus
1405 3135 1832 3191 Christianorum

266 3217 523 3284 juvandis
552 3233 683 3289 opes
714 3229 768 3275 et
804 3236 1022 3291 operam
1064 3232 1471 3291 consumentes,
1505 3235 1835 3295 exceperunt

272 3307 565 3378 Evagrium
637 3309 915 3366 Ponticum
982 3313 1453 3385 Constantinopoli
1520 3324 1699 3371 certas
1766 3317 1834 3371 ob

270 3415 471 3455 causas
508 3402 894 3469 discedentem,
941 3404 1213 3475 ipsiusque
1261 3406 1442 3461 animo
1502 3407 1701 3477 primos
1738 3407 1834 3461 Ni-

273 3491 497 3546 triensis
518 3491 837 3561 Origenismi
871 3504 1020 3549 satus
1043 3506 1412 3564 asperserunt.
1448 3496 1523 3550 lta
1554 3497 1834 3551 institutus

270 3581 557 3649 Evagrius,
607 3591 660 3636 et
702 3597 730 3635 a
759 3581 987 3637 Melania
1040 3593 1188 3639 veste
1237 3586 1534 3643 monastica
1594 3602 1659 3641 ex
1708 3596 1834 3640 voto

272 3672 512 3736 indutus,
535 3673 587 3727 in
625 3673 912 3746 Egyptum
947 3677 1113 3742 abiit,
1148 3685 1203 3731 et
1246 3686 1529 3747 postquam
1570 3692 1691 3731 cum
1737 3679 1830 3732 Di-

271 3763 434 3832 dymo
456 3778 775 3835 congressus
801 3776 902 3831 est,
936 3767 988 3821 in
1011 3767 1201 3822 Nitriae
1239 3768 1455 3821 tandem
1486 3769 1831 3824 monasteriis

272 3868 395 3907 sese
441 3854 664 3920 abdidit,
713 3864 768 3911 et
812 3857 951 3911 inter
1002 3857 1258 3913 ﬂorentes
1314 3858 1429 3913 illic
1492 3858 1829 3928 Origenistas

274 3960 468 4000 nomen
498 3947 661 4001 dedit.
689 3949 889 4003 Auctor
920 3960 1001 4004 est
1028 3950 1384 4020 Hieronymus
1407 3951 1458 4005 in
1496 3949 1732 4019 Epistola
1760 3953 1827 4006 ad

272 4036 694 4107 Ctesiphontem,
728 4055 850 4109 cap.
875 4041 933 4107 2,
961 4042 1237 4110 scripsisse
1271 4042 1420 4096 illum
1466 4042 1531 4097 ad
1562 4044 1822 4112 virgines,

269 4126 339 4180 ad
372 4127 680 4191 monachos,
711 4136 805 4181 etc
845 4130 910 4182 ad
949 4144 1067 4183 eam
1112 4131 1264 4199 cuius
1298 4146 1490 4186 nomen
1530 4134 1825 4204 nigredinis

270 4225 503 4270 testatur
547 4219 782 4288 perﬁdia:
835 4222 1123 4276 tenebras»
1172 4222 1492 4293 (lllelaniam
1553 4227 1820 4281 seniorem

269 4305 535 4376 intellige)
565 4316 619 4360 et
642 4309 875 4368 edidisse
899 4310 1118 4379 insuper
1146 4312 1340 4366 librum
1366 4315 1506 4383 Περὶ
1538 4315 1822 4381 ἀπαθείας

268 4410 377 4464 quo
398 4396 605 4465 insigne
634 4396 880 4467 Origenis
902 4398 1093 4468 dogma
1140 4415 1299 4471 supra
1332 4416 1364 4456 a
1396 4419 1481 4458 me
1510 4404 1817 4458 ventilatum

268 4487 675 4555 continebatur;
717 4488 883 4545 libros
919 4505 1046 4545 vero
1095 4492 1262 4560 ipsius
1308 4508 1338 4547 a
1390 4493 1586 4548 Ruﬁno
1628 4494 1819 4550 Latine

269 4580 648 4649 interpretatos
685 4581 1028 4639 Occidentem
1056 4584 1345 4641 lectitasse.
1381 4587 1598 4657 Appulit
1629 4590 1818 4644 eodem

269 4672 471 4740 aliquot
496 4681 615 4743 post
645 4674 800 4729 annis
839 4673 1106 4731 Palladius
1145 4676 1369 4744 Galata,
1408 4689 1463 4733 et
1500 4679 1731 4734 triennio
1772 4680 1823 4734 iu

267 4764 548 4818 asceteriis
613 4773 921 4830 transacto,
974 4766 1312 4835 Origenismo
1381 4770 1644 4836 imbutus,
1702 4785 1823 4825 cum

267 4852 571 4908 valetudine
625 4862 938 4921 tentaretur,
984 4856 1039 4911 in
1084 4857 1423 4913 Palaestinam
1475 4861 1732 4925 secessit,
1772 4870 1827 4915 et

267 4944 518 5000 haustum
544 4945 595 4999 in
621 4945 851 5017 Egypto
882 4945 1203 5018 Origenismi
1238 4950 1386 5005 virus
1409 4951 1607 5020 passim
1640 4951 1823 5021 profu-

266 5036 368 5088 dit.
398 5033 648 5091 Florebat
674 5048 800 5091 tunc
837 5038 889 5091 in
940 5040 1024 5094 his
1066 5040 1199 5095 locis
1233 5043 1519 5097 sanctitate
1546 5051 1600 5096 et
1621 5044 1819 5097 virtute

265 5131 433 5187 Paula
463 5131 703 5188 Romana
729 5151 743 5189 :
774 5134 913 5188 hanc
938 5135 1177 5189 adoritur
1205 5134 1493 5201 Palladius,
1520 5143 1575 5189 et
1612 5135 1664 5188 in
1694 5150 1820 5191 snas

266 5222 623 5294 pertraxisset
674 5232 885 5292 partes,
950 5224 1054 5279 nisi
1109 5225 1357 5296 gliscenti
1423 5226 1564 5281 maio
1612 5235 1821 5280 mature

262 5317 594 5373 occurrisset
639 5315 1016 5386 llieron'ynms,
1065 5327 1119 5371 et
1172 5317 1405 5372 hominis
1471 5318 1819 5385 petulantiam

263 5407 446 5465 habita
474 5423 595 5461 cum
635 5424 699 5463 eo
731 5408 1105 5465 dissertatione
1138 5409 1487 5463 coercuisset.
1524 5407 1619 5461 Rei
1648 5407 1821 5461 histo-

266 5505 398 5558 riam
428 5502 634 5574 prolixe
667 5505 862 5571 narrat!
886 5501 1238 5571 Hieronymus
1278 5501 1329 5554 in
1361 5498 1640 5569 Epitapltio
1674 5497 1823 5552 Pau-

262 5597 349 5665 ιω,
380 5613 499 5668 cap.
526 5597 586 5651 ll
614 5604 668 5651 et
698 5597 785 5662 η,
813 5610 975 5665 quam
1006 5592 1109 5649 sibi
1137 5594 1204 5647 ab
1229 5607 1292 5647 eo
1315 5602 1552 5662 ereptam
1578 5590 1824 5660 queritur

333 5779 372 5810 "
399 5776 613 5833 Hieron.
658 5776 804 5847 Epist
847 5776 946 5843 Μ,
987 5777 1054 5831 ad
1098 5772 1275 5842 Ruﬁn.

1354 5769 1416 5801 ¹⁷⁰
1438 5768 1604 5835 Alias,
1627 5764 1747 5831 HO,
1772 5779 1819 5822 ς.
1854 5764 1901 5829 1,

1957 572 2081 625 item
2113 580 2249 626 sect.
2278 569 2406 634 124,
2434 569 2928 641 Hieronymumqne
2965 575 3235 642 suggillat.

2026 661 2117 717 IX.
2145 663 2221 715 At
2256 661 2520 717 Joannem
2546 661 3059 733 Jerosolymitanum
3094 666 3375 733 praesulem
3402 667 3515 738 jam

1955 753 2106 809 labes
2131 755 2317 809 isthzec
2347 755 2701 824 corripuerat:
2757 755 2807 809 ls
2845 767 2970 811 ante
3009 756 3256 825 adeptum
3307 762 3515 828 episco-

1954 853 2138 912 patum
2170 844 2488 911 monachus,
2519 845 2739 899 Arianis
2770 854 2822 901 et
2863 846 3261 903 Macedonianis
3308 866 3515 904 accom-

1955 935 2271 989 modaverat
2334 950 2517 998 aures,
2578 935 2751 1004 iisque
2805 936 3005 992 relictis
3056 939 3122 992 ad
3184 941 3513 1007 pontiﬁriam

1952 1027 2271 1097 dignitatem
2327 1038 2545 1081 evectus
2594 1027 2919 1097 Origenistis
2977 1045 3095 1084 sese
3157 1031 3509 1101 applicuerat.

1952 1117 2119 1187 JEgrc
2144 1118 2193 1171 id
2217 1119 2339 1171 tulit
2363 1118 2571 1173 scilicet
2599 1120 2929 1188 Epiphanius
2962 1119 3288 1177 Salaminius
3309 1124 3513 1192 episco-

1952 1223 2051 1276 pus
2091 1224 2188 1276 pro
2214 1223 2278 1262 eo
2299 1223 2363 1263 ac
2401 1208 2584 1263 debuit
2606 1250 2619 1275 ,
2646 1221 2698 1263 et
2728 1210 2919 1265 blande
2952 1225 3136 1265 coram
3169 1213 3350 1267 multis
3376 1229 3513 1282 prm-

1952 1314 2077 1354 sens
2138 1308 2462 1369 prtesentem
2510 1301 2712 1354 erroris
2765 1303 3195 1365 commonefecit,
3261 1320 3367 1372 quo
3426 1304 3512 1357 ille

1951 1406 2070 1444 cum
2094 1390 2366 1460 partiariis
2402 1404 2572 1457 usque
2613 1390 2748 1445 adeo
2777 1393 3087 1457 excanduit,
3133 1404 3188 1447 ut
3216 1393 3512 1464 Epiphanio

1949 1478 2629 1548 AnthrOpomorphitarum
2675 1477 2923 1532 hmresim
2961 1481 3171 1547 publice
3216 1481 3507 1551 obji‘ceret;

1950 1583 2210 1638 suamque
2262 1577 2410 1621 tanta
2468 1567 2763 1637 pertinacia
2826 1568 3093 1635 defendit,
3149 1581 3205 1625 ut
3262 1574 3507 1627 eumdem

1949 1659 2304 1728 Epiphanium
2341 1658 2537 1712 habita:
2570 1673 2689 1712 cum
2729 1657 2834 1712 illis
2890 1662 3283 1716 communionis
3333 1664 3508 1731 νωιιί-

1949 1758 2103 1804 teret.
2140 1749 2276 1802 llinc
2316 1748 2570 1803 eﬁ'eratus
2615 1745 2853 1803 Joannes
2889 1751 3070 1804 animo
3108 1752 3314 1807 rixandi
3352 1755 3507 1807 arido

1944 1857 2136 1896 causas
2160 1840 2409 1896 vindicta:
2454 1840 2749 1909 quaerebat,
2811 1857 2930 1895 cum
2987 1857 3112 1897 ecce
3163 1846 3504 1900 commodum

1944 1930 2316 1984 Paulinianum
2400 1928 2708 2000 llieronymi
2796 1930 3017 1986 fratrem
3095 1934 3147 1987 in
3222 1935 3505 1991 Palaestina

1943 2031 2096 2075 extra
2156 2021 2412 2074 ditionem
2462 2035 2612 2073 suam
2662 2019 3038 2089 Epiphanius,
3093 2023 3318 2079 invitum
3383 2028 3508 2081 licet

1943 2127 2009 2167 ac
2066 2111 2474 2175 reluctantem,
2553 2110 2617 2164 ad
2691 2112 3007 2167 diaconatus
3072 2124 3125 2167 et
3188 2118 3504 2188 presbyterii

1942 2206 2255 2275 dignitatem
2314 2205 2603 2274 promovit.
2674 2203 2834 2259 Multa
2891 2206 3101 2275 publice
3156 2218 3208 2261 et
3255 2208 3503 2278 privatim

1943 2304 2265 2363 conquestus
2322 2304 2406 2348 est
2463 2293 2731 2359 Joannes,
2785 2312 2897 2349 rem
2946 2311 3064 2350 sese
3108 2300 3251 2366 apud
3317 2314 3504 2353 Omnes

1944 2400 2038 2455 per
2093 2386 2304 2440 litteras
2369 2384 3101 2465 evulgaturum_minitans;
3180 2389 3232 2442 in
3314 2405 3377 2443 eo
3446 2406 3505 2444 se

1942 2477 2126 2530 lassum
2187 2475 2406 2544 insuper
2461 2475 2711 2538 addens,
2780 2476 2921 2543 quod
2989 2490 3109 2529 cum
3174 2478 3281 2530 Deo
3343 2492 3501 2531 sacra

1943 2568 2141 2621 faceret
2168 2567 2493 2636 Epiphanius
2514 2567 2694 2619 dicere
2720 2566 2916 2619 soleret
2963 2581 2978 2618 :
3031 2565 3269 2631 Domine,
3311 2581 3502 2637 praesta

1940 2659 2154 2724 Joanm',
2190 2669 2246 2713 ut
2282 2671 2413 2714 recte
2445 2660 2642 2713 credat.
2684 2657 2903 2726 Objecta
2930 2660 3158 2713 crimina
3189 2660 3346 2714 diluit
3376 2661 3502 2731 Epi-

1939 2758 2170 2827 phanius
2224 2755 2340 2810 miti
2388 2755 2635 2825 epistola,
2695 2770 2815 2825 qua:
2862 2755 3000 2808 inter
3054 2754 3502 2826 llieronymianas

1940 2864 2160 2905 numero
2176 2848 2505 2920 sexagesima
2537 2848 2763 2902 habetur
2790 2848 2888 2912 ¹⁷⁶;
2922 2848 2974 2901 in
3026 2862 3131 2917 qua
3163 2863 3265 2902 non
3300 2858 3406 2902 tam
3435 2863 3493 2903 se

1938 2944 2231 3013 appetitum
2268 2944 2334 2996 ab
2366 2957 2428 2996 eo
2456 2940 2744 3011 signiﬁcat,
2784 2948 3003 3009 propter
3033 2938 3338 3008 impositum
3362 2937 3502 2991 Pan-

1938 3034 2142 3089 liniano
2170 3032 2485 3104 presbyterii
2514 3032 2881 3087 characterem
2926 3038 3079 3085 extra
3127 3046 3280 3085 suam
3338 3032 3500 3085 ditio-

1941 3144 2083 3195 nem,
2115 3144 2237 3184 eum
2270 3128 2322 3183 id
2353 3129 2401 3182 in
2422 3127 2773 3192 monasterio,
2805 3141 2911 3180 non
2946 3125 2998 3179 in
3024 3127 3277 3196 parochia
3309 3123 3498 3180 Joanni

1937 3220 2174 3289 subjecta
2226 3234 2255 3271 a
2296 3232 2353 3272 se
2382 3218 2579 3271 factum
2621 3226 2789 3281 esset,
2832 3228 2880 3271 et
2919 3228 3131 3286 recepta
3172 3220 3311 3273 inter
3343 3218 3499 3288 Cypri

1935 3312 2211 3382 episcopos
2251 3311 2640 3363 consuetudine
2687 3309 2863 3363 facere
2914 3309 3120 3372 liceret,
3158 3325 3316 3379 quam
3358 3314 3498 3379 quod

1933 3404 2186 3459 violatam
2218 3400 2559 3469 Origenianis
2590 3400 2925 3469 dogmatibus
2958 3399 3115 3453 ﬁdem
3152 3401 3275 3454 huic
3299 3417 3496 3470 expro-

1934 3498 2161 3550 brasset.
2190 3494 2379 3564 Capite
2423 3507 2551 3546 vero
2599 3494 2755 3545 tertio
2792 3494 2906 3546 hasc
2943 3492 3128 3545 scribit
3158 3508 3174 3545 :
3207 3511 3225 3543 ι
3259 3491 3422 3546 Doleo
3445 3503 3499 3545 et

1931 3587 2085 3641 valde
2111 3587 2288 3652 doleo,
2316 3584 2507 3639 videns
2526 3584 2786 3654 plurimos
2813 3583 3059 3649 fratrum,
3088 3594 3140 3636 et
3166 3600 3349 3638 eorum
3374 3600 3502 3653 prae-

1930 3683 2084 3749 cipue
2113 3681 2199 3748 qui
2232 3678 2617 3747 professionem
2632 3678 2845 3737 habent
2877 3692 2981 3729 nun
3032 3676 3327 3739 minimam,
3358 3688 3411 3729 et
3444 3676 3496 3729 in

1929 3771 2150 3840 gradum
2191 3785 2404 3840 quoque
2443 3767 2727 3823 sacerdotii
2778 3767 3068 3820 maximum
3114 3774 3496 3834 pervenerunt,

1927 3863 2042 3933 ejus
2069 3860 2357 3932 (Origenis)
2394 3858 2830 3929 persuasionibus
2860 3859 3132 3925 deceptos,
3172 3866 3224 3910 et
3274 3872 3496 3925 perver-

1925 3953 2136 4007 sissima
2183 3952 2431 4006 doctrina
2465 3950 2616 4004 cibos
2659 3949 2834 4003 factos
2868 3963 2986 4002 esse
3013 3948 3229 4002 diaboli.
3263 3967 3280 4000 ι
3343 3946 3496 4004 Unde

1926 4054 2146 4115 apparet
2177 4060 2335 4111 quam
2369 4043 2567 4097 multos
2590 4041 2700 4109 jam
2744 4050 2856 4094 tum
2890 4039 3212 4108 Origenismi
3257 4055 3385 4093 aura
3419 4041 3498 4092 af-

1922 4136 2121 4190 ﬁasset.
2149 4135 2367 4188 Demum
2394 4136 2446 4187 in
2476 4136 2589 4187 haec
2613 4132 2776 4187 verba
2803 4131 3080 4185 concludit
3107 4144 3122 4183 :
3153 4148 3171 4181 ‹
3202 4130 3494 4184 Palhidimn

1923 4242 2050 4282 vero
2070 4226 2313 4282 Galatam
2330 4228 2421 4295 qui
2449 4226 2717 4295 quondam
2741 4224 2898 4279 nobis
2923 4225 3123 4305 charos
3147 4224 3337 4287 fuit,et
3358 4239 3499 4276 nttnc

1928 4318 2303 4373 misericordia
2341 4317 2433 4372 Dei
2470 4319 2691 4386 indiget,
2719 4330 2869 4378 cave,
2897 4314 3019 4384 quia
3060 4314 3305 4381 Origems
3335 4315 3499 4367 haere-

1922 4412 2022 4465 sim
2045 4412 2303 4480 pracdicat
2326 4420 2380 4464 et
2404 4411 2580 4474 docet,
2602 4423 2668 4462 ne
2696 4407 2835 4461 forte
2857 4407 3066 4475 aliquos
3089 4406 3151 4459 de
3182 4404 3374 4474 populo
3400 4394 3493 4456 tibi

1924 4503 2129 4556 credito
2170 4500 2235 4554 ad
2267 4499 2672 4568 perversitatem
2703 4498 2782 4550 sui
2825 4497 3039 4549 inducat
3065 4495 3285 4548 erroris.
3308 4512 3325 4544 ι
3365 4494 3495 4547 Data

1931 4576 2025 4646 est.
2036 4594 2149 4646 haec
2167 4591 2394 4661 epistola
2425 4604 2569 4643 anno
2590 4589 2793 4643 Christi
2818 4587 2944 4649 392,
2977 4586 3207 4640 Arcadio
3232 4597 3286 4639 et
3301 4584 3496 4639 Ruﬁno

1929 4696 2096 4745 coss.,
2124 4697 2229 4750 qua
2258 4679 2550 4749 publicata,
2583 4678 2804 4745 aliisque
2833 4676 3069 4745 ejusdem
3099 4675 3401 4745 argumenti
3426 4677 3492 4729 ad

1930 4771 2246 4826 Palaestinos
2273 4769 2552 4838 episcopos
2598 4777 2652 4821 et
2701 4767 3010 4834 monachos,
3040 4778 3096 4820 et
3139 4766 3201 4818 ad
3240 4764 3491 4819 Sil‘icium

1932 4881 2119 4934 papam
2149 4863 2217 4917 ab
2257 4877 2322 4917 eo
2360 4862 2520 4926 datis,
2573 4859 2920 4914 dissensionis
2958 4874 3141 4911 rumor
3185 4857 3490 4911 universum

1930 4959 2114 5010 orbem
2162 4954 2413 5008 continuo
2461 4960 2782 5022 pervagatus
2834 4959 2939 5005 est.
2981 4948 3267 5004 Sciendum
3313 4957 3490 4999 autem

1926 5048 2309 5118 Hieronymum
2353 5058 2567 5115 quoque
2604 5045 2742 5097 inter
2789 5053 2844 5097 et
2894 5042 3175 5105 Joannem,
3242 5038 3488 5106 ejusdem

1925 5135 2249 5199 Pauliniani,
2298 5132 2464 5187 multo
2522 5147 2652 5187 vero
2700 5131 2865 5185 maris
2921 5128 3242 5196 Origenismi
3306 5140 3489 5187 causa,

1925 5227 2146 5283 dissidia
2178 5224 2584 5289 intercessisse;
2617 5238 2738 5275 nam
2762 5237 2884 5276 cum
2915 5223 2981 5275 ab
3003 5217 3300 5287 Epiphanio
3323 5226 3490 5271 staret

1926 5316 2304 5385 Hieronymus,
2333 5323 2387 5368 et
2422 5327 2527 5366 non
2560 5310 2732 5366 solum
2772 5324 2857 5365 res
2895 5310 2946 5362 in
2977 5307 3279 5362 Pauliniani
3324 5321 3487 5375 nego—
3554 5383 3562 5391 ι

1930 5406 2005 5460 tio
2033 5413 2211 5475 gestas
2242 5402 2637 5472 comprobaret,
2673 5400 2768 5456 sed
2815 5399 3060 5469 Origenis
3089 5397 3251 5451 etiam
3275 5410 3490 5451 errores

1925 5497 2100 5568 palam
2123 5496 2423 5558 damnaret,
2451 5507 2518 5547 eo
2551 5492 2843 5546 iracundiae
2870 5489 3129 5558 processit
3152 5488 3405 5553 Joannes,
3432 5496 3490 5539 ut

1926 5591 1995 5646 ab
2018 5589 2272 5646 Ecclesia:
2308 5587 2687 5645 communione
2723 5584 3110 5656 Hieronymum
3160 5588 3486 5652 segregaret,
