4068 6308
700 352 834 406 “27

1970 349 2027 402 P.
2065 344 2375 400 DANIELIS
2414 344 2645 401 HUETH

3729 354 3831 409 1128

701 470 1149 533 quemadmodum
1190 471 1330 540 apud
1356 468 1762 523 Pammachium
1806 469 2045 537 qﬂt'l‘illll'
2077 468 2263 520 lliero-
2295 468 2340 524 Α
2368 462 2467 515 sibi
2501 463 2704 516 litteras
2738 460 2962 515 reddere
2996 458 3187 513 noluit.
3224 456 3472 524 Querenti
3517 467 3669 513 autem
3692 461 3829 521 Iliem.

704 577 895 631 nymus
948 563 1108 631 epist.
1141 562 1240 626 61,
1296 577 1415 628 cap.
1444 562 1532 617 15.
1571 580 1590 611 ι
1629 562 1736 630 Ego
1780 560 2040 623 misellus,
2072 560 2260 628 inquit,

701 655 827 707 dum
851 655 901 706 in
939 653 1224 707 solitudine
1253 653 1532 719 delitesco,
1561 670 1589 706 a
1618 664 1767 707 tanto
1796 651 2044 721 pontifice
2069 666 2262 720 repen-

702 752 754 797 te
789 754 1064 798 tnuncatus
1089 745 1385 815 presbyteri
1421 730 1613 799 nomen
1656 744 1827 798 amisi.
1865 762 1883 795 ι
1919 742 2029 797 Nec
2063 743 2265 796 idcirco

702 844 876 890 tamen
915 835 1153 889 ecclesiae
1188 836 1451 904 ingressu,
1495 835 1579 889 vel
1628 837 1996 905 episcoporum
2026 851 2087 889 ac
2108 835 2263 889 Chri-

702 929 1000 981 stianorum
1032 928 1292 982 societate
1321 942 1379 981 se
1410 928 1738 996 prohibitum
1774 927 1875 981 isto
1904 928 2076 996 capite
2103 941 2155 982 et
2183 944 2266 981 se-

700 1019 885 1087 quenti
920 1028 1167 1075 testatur.
1195 1020 1354 1072 Addit
1381 1019 1604 1088 epistola
1629 1017 1716 1079 62,
1743 1034 1860 1087 quae
1888 1030 1966 1072 est
1996 1020 2060 1072 ad
2091 1018 2266 1072 Theo-

700 1111 928 1176 philum,
977 1125 1095 1181 cap.
1123 1111 1177 1175 4,
1218 1112 1469 1166 exsilium
1500 1112 1598 1163 sibi
1642 1125 1670 1163 a
1704 1109 1910 1165 Joanne
1943 1111 2263 1179 postulatum

699 1201 868 1257 fuisse
902 1211 955 1257 et
994 1203 1372 1271 impetratum;
1404 1201 1626 1256 minime
1658 1213 1832 1257 tamen
1857 1218 1915 1258 se
1945 1203 1997 1256 in
2019 1203 2263 1256 exsilium

700 1295 869 1348 fuisse
901 1294 1207 1361 depulsum.

773 1384 842 1439 X.
872 1384 1124 1437 Rufinum
1148 1385 1348 1438 interea
1385 1383 1499 1439 lucc
1529 1399 1740 1453 quoque
1770 1385 2051 1438 discordia!
2083 1397 2267 1438 conta-

705 1479 792 1547 gio
821 1477 1037 1541 infecit;
1083 1493 1206 1531 nam
1253 1492 1373 1529 cum
1411 1479 1571 1532 semel
1598 1480 1836 1532 haustam
1883 1476 2134 1548 Origenis
2172 1481 2267 1528 dn-

702 1567 929 1620 ctriuam
956 1566 1007 1618 in
1036 1566 1154 1619 sinu
1178 1562 1400 1630 foveret,
1435 1567 1674 1619 eamdem
1717 1568 1767 1619 in
1803 1564 2009 1622 Joanne
2063 1579 2116 1622 et
2147 1568 2265 1621 Pal-

706 1658 869 1720 ladio,
903 1656 1133 1726 aliisque
1160 1667 1515 1729 Oppugnatam
1548 1658 1802 1712 defendit.
1841 1658 1977 1712 Hinc
2029 1660 2155 1713 illud
2184 1669 2267 1713 est

703 1748 986 1817 Epiphanii
1018 1748 1068 1801 in
1098 1749 1322 1817 epistola
1352 1749 1417 1803 ad
1451 1747 1705 1803 Joannem
1731 1747 1984 1814 Jerosol.,
2019 1765 2137 1819 cap.
2169 1750 2202 1803 4
2249 1769 2261 1804 :

2366 567 2526 622 nymo
2560 568 2622 607 ac
2648 553 2843 607 dicenti
2880 569 2891 604 :
2934 570 2952 602 ι
2990 551 3046 605 Si
3093 550 3295 618 legatus
3322 562 3398 611 es,
3437 548 3586 602 redde
3624 551 3833 621 legationis

2364 645 2652 713 epistolas;
2678 645 2720 698 si
2751 643 3003 712 epistolas
3031 658 3134 696 non
3164 643 3351 706 habes,
3384 643 3628 709 quomodo
3662 644 3832 717 legatum

2367 745 2419 791 te
2467 735 2752 803 probabis?
2793 752 2811 787 ι
2847 734 3050 788 litteras
3084 734 3296 803 quidem
3345 736 3410 788 ad
3450 749 3563 789 eum
3605 736 3765 793 habere
3794 756 3834 796 sc

2369 825 2665 894 respondit,
2698 834 2939 893 rogatum
2976 838 3034 879 se
3061 833 3233 877 tamen
3261 838 3290 876 a
3321 821 3518 879 Jonnne
3551 840 3611 879 ne
3634 829 3833 885 redderet.

2365 917 2442 971 Ita
2488 916 2689 971 favoris
2741 916 2794 969 in
2824 915 3045 970 alteram
3096 923 3300 985 partem
3347 917 3630 984 suspicione
3674 920 3832 987 injecta,

2367 1023 2515 1078 spem
2549 1008 2698 1077 pacis
2726 1006 2972 1075 peremit,
3006 1020 3167 1076 reque
3202 1006 3394 1061 infecta
3437 1009 3674 1062 discessit.
3708 1009 3836 1067 Disce-

2367 1101 2511 1154 denti
2536 1100 2847 1169 Apologiam
2876 1114 2971 1168 pro
3004 1114 3097 1153 sua
3128 1115 3287 1154 causa
3322 1104 3387 1154 ad
3415 1101 3724 1169 Theophilum
3757 1116 3835 1158 tra-

2370 1193 2502 1246 didit
2526 1192 2783 1253 Joannes,
2824 1189 2975 1258 cujus
3005 1191 3358 1245 lucubrationi
3398 1191 3683 1247 interfuerat
3719 1196 3836 1251 Isido-

2368 1298 2478 1345 rus,
2520 1294 2572 1335 et
2597 1297 2814 1350 Operam
2852 1298 3001 1336 suam
3036 1282 3363 1348 contulerat;
3390 1302 3408 1334 ‹
3444 1294 3497 1336 ιιι
3532 1285 3652 1341 idem
3672 1300 3833 1349 esset,»

2367 1375 2439 1428 ait
2482 1374 2854 1445 Hieronymus,
2892 1375 3049 1445 epist.
3081 1375 3168 1441 6i,
3200 1391 3321 1443 cap.
3349 1375 3382 1428 2
3406 1386 3459 1429 et
3493 1376 3569 1440 15,
3603 1396 3618 1428 ε
3644 1389 3690 1432 et
3718 1382 3839 1435 dicta-

2371 1474 2456 1519 tor
2481 1476 2537 1519 et
2573 1465 2781 1529 baiulus
2816 1466 3133 1520 litterarum.
3165 1484 3184 1517 »
3220 1464 3500 1519 Maximam
3553 1468 3731 1523 interim
3760 1475 3835 1524 fra-

2370 1565 2510 1610 trum
2551 1558 2965 1623 nmltitudinem,
3004 1566 3057 1612 et
3087 1559 3466 1612 monachorum
3499 1559 3669 1615 choros
3698 1563 3737 1614 in
3766 1562 3838 1615 Pa-

2368 1647 2573 1703 laestina
2603 1648 2703 1701 sibi
2741 1663 2845 1700 non
2870 1648 3330 1702 communicantes
3374 1648 3547 1705 (verba
3572 1662 3677 1703 sunt
3701 1650 3836 1705 Hieru-

2369 1738 2537 1809 nymi)
2569 1738 2719 1808 quasi
2743 1738 2923 1791 hostes
2950 1738 3191 1807 publicos
3214 1737 3491 1790 aestimavit
3517 1736 3735 1807 Joannes;
3754 1756 3837 1795 uim

711 1857 730 1889 ι
751 1813 839 1892 -Τὲ
871 1847 1069 1902 autem,
1100 1813 1285 1903 frater,
1311 1838 1501 1892 liberet
1532 1838 1689 1903 Deus,
1721 1850 1775 1893 et
1806 1813 2049 1894 sanctum
2086 1813 2267 1909 -popn-
2298 1825 2339 1880 Β
2368 1832 2433 1885 ad
2466 1829 2582 1898 eius
2616 1830 2983 1900 “fugiendam
3017 1830 3443 1883 communionem
3498 1813 3733 1897 Εβίυιιθιιίῖ
3757 1850 3836 1886 πιο-

704 1929 813 1984 lum
858 1930 1059 1984 Christi
1086 1930 1177 1998 qui
1211 1929 1306 1983 tibi
1338 1930 1575 1983 creditus
1614 1939 1717 1994 est,
1758 1938 1812 1983 et
1849 1946 2035 1985 omnes
2076 1932 2268 1988 fratres

704 2022 795 2090 qui
824 2034 995 2076 tecum
1017 2030 1161 2084 sunt,
1188 2030 1242 2075 et
1268 2020 1496 2074 maxime
1522 2020 1771 2074 Rufinum
1800 2023 2167 2093 presbyterum
2201 2026 2268 2078 ab

710 2112 897 2167 lia-sesi
920 2113 1186 2181 Origenis,
1211 2123 1266 2167 et
1300 2111 1367 2165 ab
1393 2104 1514 2165 aliis
1544 2111 1837 2168 haereslbns
1893 2125 1945 2167 et
1971 2116 2269 2182 perditione

704 2218 911 2257 carum.
953 2223 971 2256 ι
1010 2204 1116 2259 Nec
1148 2205 1303 2258 aliam
1337 2204 1406 2258 ob
1436 2220 1651 2259 causam
1679 2222 1706 2258 a
1739 2205 1968 2259 conflata
1996 2207 2107 2276 jam
2147 2208 2269 2263 inde

706 2306 736 2345 a
777 2293 958 2347 multis
985 2295 1139 2348 annis
1182 2308 1304 2350 cum
1336 2292 1659 2364 Hieronymo
1696 2297 2091 2351 necessitudine
2120 2296 2270 2352 Rull-

711 2398 814 2439 nns
847 2383 1060 2440 defecit.

775 2475 868 2531 XI.
895 2474 1396 2547 lngraveseentibus
1447 2476 1497 2530 in
1529 2476 1643 2531 dies
1700 2475 1957 2532 Joannem
1999 2477 2272 2551 Jerosoly-

708 2569 966 2622 mitanum
995 2569 1133 2621 inter
1157 2579 1209 2621 et
1231 2567 1582 2637 Epiphaniam
1605 2568 1759 2635 odiis,
1779 2579 1953 2623 tantos
1979 2572 2271 2625 amicorum

711 2666 889 2711 motus
912 2673 1251 2727 compescere
1281 2658 1485 2713 studuit
1512 2658 1807 2714 Archelaus
1850 2673 2049 2725 COIIICS,
2078 2660 2181 2723 vir,
2218 2671 2275 2714 nt

709 2749 784 2803 ait
834 2748 1213 2818 Hieronymus,
1273 2767 1292 2800 ε
1337 2750 1723 2805 disertissimus
1782 2760 1836 2804 et
1887 2752 2270 2806 christianissi-

713 2854 852 2892 mus.
903 2858 921 2890 ι
958 2839 1161 2893 Placuit
1199 2840 1250 2893 in
1292 2842 1501 2910 primis,
1531 2853 1590 2896 nt
1626 2841 1874 2910 quoniam
1920 2843 2125 2897 violata:
2155 2842 2272 2897 fidei

688 2931 945 2999 suspicio
999 2932 1294 2999 peperisset
1344 2932 1686 2998 discordiam,
1740 2933 1975 3003 ejusdem
2015 2933 2274 3003 professio

713 3021 853 3076 viam
888 3023 953 3077 ad
986 3023 1326 3077 concordiam
1358 3025 1610 3078 muniret.
1639 3024 1900 3080 Condicio
1951 3026 2168 3081 ftederis
2193 3025 2271 3078 lu-

710 3128 796 3179 co,
825 3123 877 3167 et
900 3112 1009 3179 jam
1037 3123 1226 3167 coacto
1247 3115 1651 3180 monachorum,
1677 3117 2011 3185 aliorumque
2031 3118 2273 3186 complu-

716 3204 850 3255 rium
873 3212 1039 3267 cuitu,
1072 3217 1209 3256 unus
1263 3204 1674 3272 exspectabatur
1727 3206 1993 3269 Joannes,
2036 3222 2155 3260 cum
2187 3207 2271 3260 ille

713 3294 1037 3348 mulierculae
1086 3295 1263 3347 nescio
1303 3292 1456 3361 cujus
1488 3297 1728 3349 morbum
1758 3307 2034 3363 causatus,
2074 3312 2184 3352 rem
2219 3299 2271 3351 in

710 3386 853 3438 aliud
885 3385 1091 3439 distulit
1124 3394 1350 3453 tempus,
1412 3387 1755 3455 monentiqne
1803 3388 2083 3450 Archelao,
2126 3397 2181 3442 et
2205 3389 2273 3442 ad

712 3476 1089 3544 paciscendqu
1119 3476 1389 3539 invitanti,
1417 3478 1602 3531 eadem
1635 3494 1761 3532 usus
1793 3481 2140 3535 excusatione
2169 3496 2271 3535 nun

712 3568 910 3636 paruit.
936 3567 1070 3621 Tum
1101 3582 1226 3622 vero
1254 3569 1411 3621 ollicii
1442 3571 1523 3621 sui
1560 3584 1676 3623 esse
1713 3574 1924 3625 censuit
1950 3570 2274 3641 Theophilus

710 3657 1107 3711 Alexandrinus
1159 3657 1419 3712 laboranti
1468 3658 1720 3713 Ecclesiae
1771 3677 2114 3727 succurrere;
2162 3662 2275 3716 sive

714 3751 854 3803 fama
892 3750 1178 3815 excitatus,
1225 3752 1360 3816 sive,
1390 3752 1531 3820 quod
1564 3753 1740 3820 potius
1763 3754 2099 3819 crediderim,
2138 3754 2276 3808 invi-

715 3851 857 3894 tatus
878 3857 906 3893 a
937 3840 1163 3895 Joanne.
1198 3842 1454 3897 Isidorum
1490 3844 1673 3910 itaque
1704 3844 2114 3897 Alexandrinum
2152 3858 2276 3911 pre-

714 3933 990 3999 sbyterum
1014 3947 1077 3985 ac
1107 3934 1447 3996 monachum,
1480 3935 1693 4003 pietatis
1726 3935 1863 3986 fama
1908 3935 2276 4002 conspicuum,

718 4021 949 4090 legatum
973 4023 1038 4075 ad
1067 4020 1349 4088 Joannem,
1379 4025 1640 4092 aliosque,
1678 4026 2034 4079 sedandarutn
2060 4037 2278 4081 conten-

719 4111 921 4162 tionum
954 4126 1113 4165 causa
1144 4112 1309 4166 mittit
1359 4128 1477 4165 cum
1519 4112 1730 4178 litteris,
1787 4116 1982 4182 quibus
2032 4115 2279 4172 incensos

719 4201 928 4255 animos
975 4201 1217 4267 delinire,
1249 4211 1302 4257 et
1351 4204 1401 4256 in
1452 4205 1675 4273 gratiam
1720 4206 1974 4257 reducere
2018 4209 2275 4260 teutabat.

725 4289 917 4345 Verum
972 4308 1066 4345 sua
1120 4309 1241 4362 spes
1289 4295 1642 4365 TlieOphilum
1678 4299 1832 4367 longe
1866 4300 2079 4365 fefellit;
2120 4315 2278 4367 quem

718 4386 862 4437 cnim
915 4385 1237 4453 allegaverat
1277 4386 1559 4454 Isidorum,
1607 4405 1785 4444 merus
1810 4402 1928 4444 erat
1957 4392 2277 4459 Origeuista,

2370 1923 2483 1977 nitu
2516 1923 2742 1978 fuissent
2775 1923 3059 1992 compulsi.
3096 1922 3429 1992 Responsum
3455 1934 3681 1991 praeterea
3704 1926 3836 1978 adsu-

2370 2031 2468 2086 pra
2499 2027 2847 2069 memoratam
2884 2016 3160 2085 Epiphanii
3193 2013 3469 2083 epistolam
3511 2016 3626 2068 dare
3648 2016 3837 2083 dedigna-

2372 2115 2477 2171 tus,
2512 2106 2731 2177 legatos,
2773 2108 2914 2175 quod
2956 2106 3105 2174 prius
3155 2106 3428 2159 minitatus
3457 2105 3634 2169 fuerat,
3659 2119 3837 2175 quaqua-

2370 2215 2561 2254 versus
2576 2201 2753 2263 mittit,
2772 2200 2859 2268 qui
2879 2197 3244 2253 accnsatorias
3269 2198 3319 2250 in
3347 2195 3668 2265 Epiphanium
3690 2196 3836 2250 litteras

2373 2294 2438 2348 ad
2465 2293 2819 2361 Theophilum
2869 2293 3292 2347 Alexandrinum
3340 2308 3368 2346 a
3398 2308 3453 2347 se
3479 2291 3756 2358 conscriptas
3775 2304 3837 2357 per

2373 2395 2538 2440 totum
2562 2386 2743 2440 orbem
2774 2386 3211 2449 disseminarent,
3247 2384 3338 2438 sed
3367 2384 3415 2437 in
3462 2383 3708 2438 Occidente
3722 2380 3835 2449 potis-

2371 2478 2585 2539 simum,
2617 2478 2831 2547 quibus,
2884 2489 2938 2531 ut
2983 2476 3220 2543 loquitur
3258 2475 3589 2545 Hieronymus
3627 2472 3750 2539 epist.
3776 2470 3835 2529 δί,

2372 2586 2490 2639 cap.
2536 2571 2604 2635 5,
2641 2568 3061 2624 Occidentalium
3116 2568 3450 2622 sacerdotum
3498 2578 3636 2618 aures
3661 2576 3833 2616 commo-

2374 2672 2539 2717 veret.

2443 2752 2553 2809 XII.
2590 2752 2680 2806 llis
2707 2753 2916 2807 excitus
2943 2750 3345 2815 Pammachius,
3372 2748 3525 2801 Roma
3540 2744 3833 2813 Hieronymum

2374 2856 2525 2916 rogat
2558 2860 2654 2913 per
2683 2843 2909 2907 litteras,
2940 2854 2999 2897 ut
3025 2844 3283 2913 quoniam
3312 2841 3578 2894 multorum
3607 2840 3767 2890 animos
3800 2832 3835 2884 in

2375 2937 2582 2991 diversa
2632 2934 2972 2991 distrahebat
3005 2936 3116 2988 haec
3147 2933 3446 2995 altercatio,
3483 2927 3717 2999 Epiphanii
3744 2940 3830 2979 can-

2376 3045 2487 3084 sam
2516 3029 2656 3089 aliis,
2691 3026 2810 3081 aliis
2834 3024 3054 3079 Joannis
3085 3024 3384 3088 tuentibus,
3411 3037 3546 3076 suam
3573 3021 3663 3087 ipse
3683 3023 3837 3070 senten-

2377 3121 2503 3175 tiam
2538 3129 2893 3187 expromeret.
2926 3116 3127 3170 Morem
3151 3116 3322 3183 gessit
3350 3114 3673 3182 Hieronymus,
3698 3122 3747 3160 ac
3774 3105 3833 3157 lu-

2372 3210 2581 3265 culenta
2615 3208 2978 3279 responsione.
3004 3222 3145 3260 anno
3198 3205 3401 3261 Christi
3438 3204 3531 3258 595
3554 3203 3665 3264 data,
3698 3211 3833 3250 veram

2372 3318 2436 3356 ac
2458 3302 2742 3371 genuinam
2764 3298 3124 3354 contentionis
3151 3311 3372 3351 causam
3397 3310 3510 3349 esse
3534 3288 3735 3351 ostendit,
3757 3300 3833 3338 nou

2373 3391 2670 3447 Pauliniani
2723 3391 3209 3453 conseCrationem,
3266 3402 3421 3457 quam
3476 3380 3713 3438 iracundiae
3757 3388 3835 3431 sue

2373 3484 2602 3540 Joannes
2649 3483 3031 3554 przetendebat,
3076 3482 3168 3534 sed
3203 3477 3599 3549 Origenismum.
3628 3485 3749 3541 quem
3789 3466 3832 3519 ad

2374 3589 2495 3633 octo
2520 3584 2825 3633 revocatum
2866 3575 3040 3643 capita
3078 3573 3269 3628 Joauni
3300 3572 3548 3638 objectum
3575 3566 3707 3619 fuisse
3745 3574 3833 3613 nar-

2376 3678 2478 3733 rat,
2531 3683 2561 3722 e
2611 3668 2805 3737 quibus
2840 3667 2939 3720 tria
2995 3676 3201 3719 tantum
3249 3660 3559 3733 purgaverit.
3597 3658 3734 3723 Atque
3756 3651 3833 3703 hac

2376 3760 2659 3829 diligenter
2688 3758 2863 3812 notari
2900 3757 3084 3825 jubeo,
3122 3764 3179 3809 ut
3227 3756 3350 3809 inde
3374 3750 3733 3821 Origenistarum
3767 3742 3833 3793 hu-

2372 3852 2460 3922 jus
2489 3853 2660 3905 aetatis
2681 3851 2921 3905 doctrina
2951 3858 3005 3903 et
3034 3850 3283 3916 dogmata
3309 3848 3359 3899 in
3382 3836 3693 3897 controversia
3712 3829 3832 3930 P05"?

2379 3941 2608 4013 spectari
2638 3940 2863 4010 possint.
2891 3939 3126 3993 Primum
3178 3937 3304 3989 illud
3332 3944 3445 3998 est;
3483 3946 3569 3985 nec
3603 3927 3752 3982 Filium

2378 4009 2507 4089 dere
2545 4009 2702 4101 posse
2746 4029 2983 4093 Patrem,
3034 4043 3132 4081 nec
3158 4028 3415 4096 Spiritum
3454 4024 3606 4077 videre
3625 4027 3749 4087 posse
3771 4009 3834 4063 Fi-

2379 4123 2545 4187 lium;
2576 4122 2893 4183 secundum,
2924 4120 3155 4171 animam
3192 4127 3408 4185 propter
3444 4123 3626 4185 peccata
3669 4119 3695 4158 e
3733 4101 3834 4155 cmlo

2380 4215 2547 4269 fuisse
2565 4216 2615 4268 in
2647 4227 2864 4281 corpus,
2889 4212 2967 4265 sic
2985 4222 3236 4277 tanquam
3263 4212 3313 4262 in
3338 4218 3582 4262 carcerem
3608 4198 3830 4267 deiectam;

2382 4309 2621 4371 tertium,
2651 4306 2885 4359 futurum
2919 4312 2978 4357 ut
3017 4302 3282 4355 diabolum
3313 4309 3367 4354 et
3392 4299 3625 4353 daemones
3656 4292 3833 4357 peccam-

2381 4415 2496 4453 rmn
2520 4397 2807 4466 aliquando
2835 4393 3119 4464 paeniteat,
3140 4400 3197 4445 et
3223 4406 3342 4446 cum
3377 4387 3559 4444 sanctis
3577 4385 3620 4437 in
3645 4378 3753 4434 ctelo
3777 4388 3831 4425 rc-

718 4475 1038 4543 Origenistis
1062 4476 1263 4541 favens,
1287 4480 1563 4534 turbandis
1595 4482 1752 4537 rebus
1778 4499 1935 4551 quam
1962 4498 2281 4551 componen-
2311 4526 2357 4586 υ
2383 4499 2572 4558 gnem;
2604 4496 2881 4557 quartum,
2922 4485 3183 4538 Adamn."
3211 4492 3264 4537 ει
3297 4480 3455 4535 Evam
3484 4487 3592 4530 ante
3620 4475 3828 4586 peccatun:

721 4567 803 4620 dis
826 4570 1027 4635 aptior;
1065 4586 1186 4623 nam
1217 4581 1339 4625 ante
1379 4580 1489 4626 tres
1515 4589 1727 4629 menses
1763 4592 1920 4644 quam
1960 4577 2163 4630 veniret
2185 4576 2278 4630 Je-

723 4659 1062 4726 rosolymam,
1089 4662 1291 4718 litteras
1336 4666 1556 4719 dederat
1584 4669 1650 4721 ad
1690 4667 2023 4721 Vincentium
2056 4673 2279 4739 presby-

725 4758 917 4813 terum,
949 4750 1139 4817 quibus
1165 4767 1285 4806 eum
1321 4764 1377 4807 ut
1410 4755 1461 4807 in
1495 4756 1790 4809 orthodoxa
1823 4757 1944 4820 lide,
1987 4758 2085 4811 hoc
2117 4760 2277 4812 estin

722 4841 1077 4910 Origenismo,
1104 4855 1472 4910 perseveraret
1500 4849 1847 4913 hortabatur;
1888 4849 2192 4903 adfuturum
2222 4865 2279 4904 se

725 4934 1028 5001 propediem
1076 4935 1140 4986 ad
1186 4949 1385 4989 cuneos
1428 4940 1851 4994 adversariorum
1904 4941 2274 5007 proterendos.

730 5026 895 5079 Verba
926 5036 1049 5078 sunt.
1076 5025 1380 5097 Hieronymi
1406 5030 1559 5098 epist.
1580 5032 1668 5097 61,
1692 5032 1757 5086 ad
1788 5031 2124 5098 Pannnacln,
2156 5048 2273 5102 cap.

726 5115 813 5179 15,
848 5115 999 5183 cujus
1049 5117 1275 5185 vestigia
1320 5128 1566 5173 accurate
1598 5121 1989 5190 persequimur.
2040 5120 2130 5175 Sic
2155 5136 2283 5191 ergo

727 5206 997 5259 animatus
1026 5209 1277 5274 egregius
1326 5208 1410 5262 ille
1457 5213 1602 5278 pacis
1656 5221 1954 5281 sequester,
2000 5212 2281 5279 Joannem,

728 5293 962 5363 aliosque
989 5297 1339 5353 dissensionis
1378 5299 1531 5365 hujus
1576 5303 1862 5371 participes
1908 5304 2039 5368 adit,
2071 5303 2287 5372 legatio-

728 5401 958 5454 nemque
986 5402 1135 5441 suam
1172 5388 1457 5444 renuntiat.
1494 5388 1558 5441 Et
1592 5404 1773 5457 pacem
1806 5392 2144 5446 conciliasset
2171 5392 2282 5447 for-

728 5486 890 5539 tasse,
919 5476 963 5530 si
994 5492 1096 5531 non
1118 5479 1351 5532 animum
1378 5477 1695 5548 Origenismi
1736 5479 2000 5535 fermento
2023 5481 2282 5536 imbutum

728 5565 1081 5635 prodidisset;
1115 5584 1236 5623 cum
1263 5571 1402 5624 enim
1430 5572 1687 5626 doctrinae
1721 5574 1846 5627 huic
1877 5572 2139 5628 infensum
2166 5574 2286 5629 Hie-

733 5673 1011 5728 ronymum
1071 5677 1187 5715 esse
1215 5665 1394 5727 sciret,
1453 5664 1645 5719 iterum
1685 5665 1895 5733 quidem
1924 5679 1987 5718 ac
2018 5666 2176 5721 tertio
2220 5667 2284 5720 ad

734 5767 855 5808 eum
896 5756 1173 5820 Theonhili
1220 5759 1432 5815 nomine
1479 5760 1728 5827 accessit,
1761 5759 2076 5816 commissas
2107 5768 2284 5814 autem

2380 4594 2604 4649 corpore
2632 4579 2889 4644 caruisse,
2921 4580 3153 4632 humana
3200 4589 3377 4632 autem
3431 4582 3627 4639 corpora
3660 4563 3719 4655 iis;
3752 4562 3827 4655 μίξει

2384 4681 2658 4740 peccatum
2701 4670 3079 4741 circumposita
3122 4671 3315 4724 tunicis
3346 4665 3559 4738 pelliceis
3582 4653 3825 4727 signiﬁcari;

2383 4761 2651 4830 quintum,
2705 4776 2920 4817 carnem
2972 4762 3279 4830 nentiquarn
3322 4758 3610 4814 suscitatam
3656 4744 3722 4804 iri,
3759 4750 3823 4790 Iro"

2385 4853 2621 4906 membra
2666 4853 2838 4906 denuo
2875 4852 3032 4906 simul
3058 4866 3179 4907 esse
3207 4846 3583 4920 compingeuda,
3627 4850 3730 4893 sexu
3765 4831 3823 4881 110‘

2384 4944 2554 4998 mines
2600 4945 2809 5013 penitus
2852 4944 3145 5007 carituros;
3210 4954 3436 5004 sextum,
3470 4931 3727 5007 paradisum
3756 4931 3822 4972 tet-

2384 5042 2610 5089 restrem
2640 5033 2921 5101 allegorice
2961 5033 3355 5102 intelligendum
3382 5045 3395 5094 ;
3423 5025 3689 5093 septimum.
3713 5018 3821 5077 ιιιυιέ

2385 5140 2503 5194 quae
2555 5139 2716 5192 super
2742 5125 2933 5178 coelum
2983 5124 3037 5177 in
3070 5126 3344 5193 Scriptura
3375 5133 3484 5174 esse
3513 5116 3735 5169 dicuntur,
3763 5112 3821 5148 η·

2386 5215 2534 5283 gelos
2561 5230 2702 5277 esse,
2732 5229 2851 5284 quae
2880 5228 3040 5282 supra
3107 5224 3157 5268 et
3198 5213 3328 5267 infra
3361 5223 3562 5269 terram,
3604 5198 3820 5285 dzemonesi

2387 5315 2739 5375 postremum,
2772 5306 3057 5374 imaginem
3089 5305 3180 5359 Dei
3204 5302 3463 5375 peccando
3490 5294 3712 5351 hominem
3732 5291 3823 5376 an":

2388 5402 2542 5457 sisse.
2578 5398 2814 5453 Plurima
2852 5408 3107 5466 praeterea
3151 5397 3287 5451 lectu
3316 5395 3463 5461 digna
3489 5380 3824 5475 liabctlimcfl):

2381 5493 2537 5557 stola,
2570 5492 2616 5546 si
2645 5492 2766 5560 quis
2795 5499 3099 5544 accuratam
3130 5499 3416 5556 temporum
3444 5481 3626 5533 illorum
3649 5468 3821 5565 notitiai?

2381 5553 2634 5652 consequi
2661 5553 2840 5651 cupit.
2878 5581 2934 5635 Id
2979 5553 3255 5649 praecipue
3288 5571 3561 5631 manifestis
3602 5553 3821 5652 rationibus

2382 5643 2695 5741 comprobat
2722 5643 3095 5737 Hieronymus,
3122 5643 3263 5737 quod
3286 5665 3515 5724 diximus,
3547 5663 3650 5709 ante
3668 5643 3821 5741 ordinm-

2386 5735 2519 5818 tum-
2543 5735 2939 5827 Paulinianum,
2978 5761 3085 5830 jam
3121 5735 3360 5830 (Jrigenis
3388 5764 3529 5811 causa
3558 5747 3756 5802 Joannem
3781 5735 3816 5778 ει
