4068 6308
292 392 477 465 ,ιιὲθ

1201 394 1765 459 ORIGENIANORUM
1803 402 1931 460 LIB.
1973 402 2036 469 II,
2076 403 2227 461 CAP.
2267 402 2356 469 IV,
2399 402 2590 459 SECT.
2632 402 2675 456 l.

3440 408 3577 466 “30

335 508 693 581 Epiphanium
735 509 875 566 inter
904 524 962 565 se
994 509 1161 566 fuisse
1203 514 1508 571 altercatos.
1542 517 1897 584 Quamobrem
1929 523 1974 581 Α
2003 519 2160 575 Certe
2191 520 2258 573 ab
2290 519 2376 575 his
2405 513 2830 573 dissensionibus
2860 519 3096 571 animum
3133 519 3313 589 procul
3356 521 3440 576 hic
3477 524 3577 577 ha-

337 604 640 660 Halloxium
707 605 895 669 miror,
952 614 1006 659 et
1069 606 1394 662 recentiores
1455 610 1748 678 quosdam,
1808 615 1897 682 qui

336 695 599 765 nodieque
626 696 1025 761 contradicant,
1058 711 1158 751 nec
1193 696 1504 771 Hieronymi
1535 701 1709 758 solum
1751 706 1933 760 testi-'

335 787 574 842 monium
623 786 776 843 ﬂocci
826 786 1045 854 faciant,
1104 789 1196 842 sed
1249 799 1302 844 et
1340 791 1642 861 Epiphanii,
1684 795 1777 865 qui
1825 797 1897 851 ita

332 876 593 933 Joannem
642 879 933 948 alloquitur
966 895 980 932 :
1020 895 1039 930 ι
1080 878 1247 934 Video
1287 881 1432 941 enim
1481 884 1623 952 quod
1682 896 1901 955 propter

334 967 475 1022 banc
500 983 716 1023 causam
751 967 928 1023 omnis
962 976 1137 1022 vestra
1180 968 1478 1039 indignatio
1509 973 1773 1028 concitata
1805 974 1895 1040 sit,

332 1060 475 1128 quod
496 1059 720 1113 dixerim
751 1058 921 1120 vobis,
952 1059 1066 1112 Arii
1093 1068 1320 1127 patrem,
1352 1059 1634 1131 Origenem
1669 1065 1895 1134 scilicet,

331 1160 386 1206 et
416 1151 639 1205 aliarum
670 1151 947 1205 hmreseon
975 1149 1211 1204 radicem
1258 1160 1312 1206 et
1346 1163 1625 1223 parentem
1680 1155 1899 1212 laudare

330 1259 435 1297 non
462 1243 684 1297 debetis.
725 1240 793 1295 Et
825 1257 947 1297 cum
984 1257 1081 1296 vos
1108 1256 1380 1312 rogarem,
1410 1260 1477 1301 ne
1508 1246 1579 1300 ita
1614 1248 1897 1315 erraretis,

329 1342 383 1387 et
413 1347 709 1398 monerem,
744 1330 1172 1396 contradixistis,
1204 1344 1255 1388 et
1294 1351 1378 1391 me
1424 1337 1489 1390 ad
1524 1336 1798 1399 tristitiam
1843 1347 1898 1393 et

328 1422 594 1494 Iacrymas
633 1424 933 1479 adduxistis
977 1438 990 1475 :
1034 1438 1140 1478 non
1166 1426 1336 1480 solum
1364 1436 1543 1482 autem
1584 1444 1689 1494 me,
1719 1429 1812 1484 sed
1842 1439 1897 1485 et

327 1515 459 1569 alios
487 1515 751 1585 plurimos
798 1517 1115 1583 catholicos,
1161 1520 1250 1587 qui
1281 1519 1599 1572 intererant.
1647 1519 1793 1585 lude,
1837 1529 1897 1575 ut

329 1607 586 1676 intelligo,
623 1608 737 1662 haec
769 1616 852 1661 est
891 1609 1068 1665 omnis
1124 1610 1443 1679 indignatio,
1486 1618 1541 1664 et
1573 1611 1673 1666 iste
1707 1611 1892 1679 furor;

326 1707 382 1755 et
426 1699 627 1753 idcirco
691 1699 1117 1765 comminamini,
1160 1702 1303 1771 quod
1348 1702 1575 1756 mittatis
1609 1703 1893 1756 adversum

326 1809 415 1850 me
444 1792 719 1861 epistolas,
767 1802 827 1847 ut
854 1793 957 1847 huc
990 1793 1221 1864 illucque
1254 1808 1434 1850 sermo
1468 1805 1647 1849 vester
1687 1795 1897 1850 discur-

2009 608 2145 673 buit,
2177 622 2350 676 neque
2371 607 2596 661 multutn
2641 621 2759 662 sese
2786 607 3109 677 interposuit
3150 608 3574 680 Origcnistarum

2007 701 2168 754 rebus
2206 717 2220 753 :
2256 714 2471 755 errores
2534 700 2793 755 duntaxat
2854 700 3165 755 Adamantii
3216 717 3313 771 pro
3358 719 3415 758 re
3451 714 3574 764 nata

2008 790 2357 860 impugnavit,
2384 789 2528 843 velut
2560 790 2610 843 in
2642 790 2794 845 libris
2826 789 2899 843 De
2931 792 3134 846 civitate
3165 792 3276 847 Dei.
3314 794 3577 869 Hierony-

2006 897 2150 936 mum
2179 889 2356 937 autem
2396 881 2462 936 ad
2496 879 2956 950 redintegrandam
2998 896 3120 935 cum
3160 882 3354 938 Ruﬁno
3386 887 3576 944 amici-

2008 973 2135 1026 tiam
2171 973 2325 1027 valde
2355 972 2597 1025 hortatus
2616 978 2718 1024 est.
3382 1030 3383 1039 χ

2073 1062 2188 1119 XV.
2212 1066 2366 1119 Anno
2392 1079 2422 1118 a
2444 1063 2642 1118 Christi
2668 1073 2788 1116 ortu
2818 1062 2938 1129 597,
2968 1073 3086 1134 post
3127 1066 3311 1136 viginti
3339 1067 3574 1139 quinque

2005 1168 2263 1208 annorum
2288 1153 2670 1208 discessionem
2700 1152 2927 1206 Romam
2958 1170 3170 1210 reversa
3203 1167 3284 1218 est
3322 1158 3568 1228 Melania,

2004 1242 2199 1298 Ruﬁno
2253 1243 2508 1297 itinerum
2558 1243 2704 1297 socio
2766 1244 3042 1298 comitata.
3092 1245 3321 1302 Causam
3367 1252 3572 1311 reditus

2002 1350 2119 1390 eam
2148 1335 2313 1391 fuisse
2333 1335 2465 1390 dicit
2497 1332 2768 1390 Palladius
2796 1350 2810 1390 :
2837 1335 3116 1391 Melaniam
3151 1349 3362 1409 neptem
3394 1356 3570 1413 suam,

2002 1424 2210 1479 Piniani
2262 1440 2505 1492 uxorem,
2559 1429 2887 1495 nuptiarum,
2927 1431 3216 1499 mundique
3261 1442 3569 1501 perta'sam,

2001 1517 2219 1573 Christo
2244 1519 2507 1588 reliquum
2531 1520 2655 1575 vitae
2677 1535 2996 1577 consecrare
3022 1523 3156 1577 velle
3186 1538 3304 1578 cum
3333 1528 3574 1597 accepis-

2001 1618 2102 1673 set,
2148 1611 2375 1665 veritam
2416 1610 2683 1666 seniorem
2739 1628 2805 1667 ne
2840 1613 2891 1667 in
2931 1629 3216 1682 perversos
3247 1616 3571 1673 secessionis
3614 1664 3619 1669 .

2000 1715 2111 1755 sua:
2142 1701 2303 1755 duces
2342 1702 2517 1771 neptis
2544 1717 2639 1756 sua
2681 1703 2963 1766 incideret,
3000 1704 3222 1760 Romam
3267 1708 3570 1779 advolasse,

2000 1803 2229 1858 eamque
2258 1790 2495 1845 consiliis
2524 1790 2812 1860 adjuvisse.
2870 1793 3042 1848 Aliam
3088 1794 3299 1851 itineris
3352 1813 3569 1853 causam

325 1895 434 1940 rat.
486 1904 505 1936 ι
545 1885 787 1953 Denique
842 1886 1174 1954 propositum
1227 1885 1335 1939 sibi
1385 1900 1506 1941 esse
1548 1885 1787 1941 declarat
1840 1888 1892 1941 in
1926 1882 2240 1952 Bassignat
2306 1882 2605 1949 Baronius,
2676 1884 2900 1941 Romam
2994 1903 3182 1957 nempe
3248 1889 3572 1961 Origenismi

326 1977 515 2030 eadem
544 1976 769 2044 epistola
796 1976 1171 2047 Hieronymus,
1190 1992 1353 2048 opere
1371 1977 1625 2048 peculiari
1649 1980 1897 2049 dogmata

326 2067 577 2137 Origenis
597 2068 922 2123 convellere.

397 2179 532 2234 Xlll.
560 2181 778 2237 Veritus
803 2182 1005 2238 interea
1035 2200 1104 2238 ne
1128 2184 1325 2243 litteris
1350 2187 1600 2254 Joannis,
1628 2198 1683 2245 et
1709 2189 1895 2249 lsidori

326 2273 843 2331 insusurrationibus
870 2288 1163 2347 occupatus
1196 2278 1475 2347 Theophili
1521 2282 1734 2338 animus
1761 2284 1899 2340 male

326 2367 392 2419 de
412 2368 829 2422 orthodoxorum
864 2384 1027 2423 causa
1051 2370 1294 2434 sentiret,
1317 2387 1528 2441 atquum
1555 2374 1707 2428 duxit
1723 2386 1900 2446 gesta-

324 2474 445 2512 rum
472 2475 650 2519 rerum
684 2461 960 2515 historiam
999 2463 1065 2517 ad
1109 2478 1230 2518 eum
1274 2468 1629 2535 perscribere,
1658 2484 1822 2539 seque
1845 2479 1898 2525 et

322 2551 566 2621 gregales
592 2567 718 2607 suos
748 2555 888 2621 apud
917 2569 1038 2607 eum
1070 2570 1323 2625 purgare.
1362 2557 1551 2611 Pacem
1581 2574 1709 2628 ergo
1740 2572 1897 2630 Opta-

323 2655 384 2695 re
408 2656 486 2706 se,
552 2642 617 2695 ad
658 2656 886 2733 eamque
924 2645 1313 2699 conciliandam
1354 2657 1603 2714 paratum
1653 2648 1897 2707 declarat

320 2748 417 2804 per
467 2734 773 2803 epistolam,
823 2736 1136 2804 quaz'inter
1179 2736 1627 2810 Hieronymianas
1676 2758 1899 2799 numero

325 2826 655 2893 sexagesima
718 2826 951 2879 secunda
1007 2826 1251 2891 habetur,
1300 2838 1355 2882 et
1408 2831 1591 2886 eodem
1624 2847 1766 2888 anno
1792 2835 1898 2891 595

321 2917 443 2970 data
471 2926 555 2970 est
594 2931 608 2970 :
646 2917 812 2971 multa
846 2918 1039 2973 deinde
1069 2920 1315 2989 imposita
1343 2922 1444 2976 sibi
1487 2937 1517 2975 a
1556 2922 1763 2981 Joanne
1791 2928 1899 2982 cri-

323 3008 464 3061 mina
486 3008 763 3076 confutat;
790 3010 842 3063 in
873 3011 1067 3080 quibus
1095 3014 1480 3069 advertendum
1511 3025 1595 3070 est
1620 3018 1898 3075 insimula-

320 3111 432 3154 tum
478 3117 598 3155 eum
642 3118 669 3155 a
714 3101 941 3168 Joanne,
976 3107 1115 3174 quod
1156 3104 1402 3176 Origenis
1436 3122 1597 3177 opera
1650 3113 1893 3181 quadam

320 3190 512 3247 hatiue
539 3194 810 3259 vertisset,
845 3197 1184 3265 respondisse
1218 3216 1232 3252 :
1267 3217 1286 3249 ι
1322 3198 1434 3253 Hoc
1475 3216 1580 3254 non
1625 3203 1769 3257 solus
1795 3219 1894 3272 ego
1920 3236 1963 3294 ο

320 3286 447 3352 feci,
477 3290 567 3342 sed
604 3299 659 3341 et
698 3289 975 3344 confessor
996 3291 1230 3346 Hilarius
1260 3292 1386 3346 fecit
1409 3311 1423 3359 ;
1448 3304 1503 3348 et
1533 3304 1707 3350 tamen
1741 3307 1891 3352 uter-

316 3396 424 3450 que
450 3392 690 3435 nostrum
726 3382 885 3436 noxia
915 3398 1137 3452 qumque
1181 3387 1504 3441 tlctruncans
1538 3390 1683 3443 utilia
1717 3399 1892 3446 trans-

316 3474 473 3537 tulit;
512 3492 530 3523 ι
559 3481 611 3526 et
629 3473 786 3541 paulo
813 3484 927 3543 post
960 3492 974 3529 :
1008 3493 1025 3525 ι
1059 3475 1366 3532 Sicuteuim
1398 3479 1890 3549 interpretationem

316 3577 374 3621 et
405 3568 657 3620 idiomata
688 3566 1087 3638 Scripturarum
1144 3570 1359 3640 Origeni
1399 3587 1612 3644 semper
1647 3577 1888 3644 attribui,

319 3659 392 3726 ita
448 3657 755 3727 dogmatum
807 3660 1241 3716 constantissime
1289 3664 1485 3719 abstuli
1519 3668 1825 3724 veritatem.
1865 3689 1885 3721 ›

318 3749 391 3804 Ut
419 3750 949 3820 ostendatprmterea
989 3768 1147 3821 quam
1200 3769 1336 3808 vana
1383 3766 1526 3810 esset
1558 3756 1780 3812 Joannis
1824 3759 1891 3813 de

319 3842 616 3897 Pauliniani
643 3844 980 3899 ordinatione
1007 3846 1243 3914 querela,
1273 3848 1573 3902 ordinatum
1595 3865 1714 3903 eum
1744 3865 1892 3905 asse-

318 3932 391 3985 rit
433 3933 484 3986 iu
514 3932 1046 4003 Eleutheropolitano
1074 3938 1368 4003 territorio,
1401 3955 1506 3993 non
1547 3941 1597 3993 in
1638 3940 1886 3996 Alliensi.

318 4026 748 4093 Eleutheropolis
785 4036 959 4081 autem
991 4043 1052 4083 ea
1078 4039 1159 4083 est
1190 4028 1435 4096 Hebron;
1469 4031 1636 4097 IElia,
1669 4033 1891 4091 Jerusa-

318 4118 447 4173 lem.
474 4118 712 4188 Denique
737 4131 1013 4189 postquam
1037 4121 1103 4175 atl
1125 4125 1521 4189 procurandum
1540 4125 1639 4179 sibi
1663 4127 1888 4181 exitium

317 4209 578 4266 Joannem
611 4212 903 4279 laborasse,
930 4220 983 4266 et
1016 4214 1395 4269 auctoritatem
1420 4217 1686 4286 publicam
1719 4234 1781 4272 ac
1804 4235 1892 4273 re-

319 4305 519 4374 scripta
549 4305 870 4361 sollicitasse
908 4316 1128 4375 questus
1160 4316 1263 4373 est,
1287 4324 1482 4378 cupere
1514 4324 1574 4363 se
1602 4311 1887 4381 signiﬁcat,

317 4406 378 4449 ut
401 4396 682 4452 discordia:
709 4413 896 4453 omnes
931 4399 1231 4468 scpiantur.
1275 4402 1512 4473 Utraque
1538 4416 1687 4474 parte
1711 4406 1890 4461 audita

316 4491 599 4544 veritatem
657 4493 928 4561 perspexit
987 4492 1334 4564 TheOphilus,
1379 4508 1434 4550 et
1478 4497 1632 4552 malis
1683 4500 1891 4555 artibus

316 4598 423 4637 non
453 4582 646 4636 bonam
670 4597 888 4637 causam
918 4598 949 4638 a
982 4584 1187 4641 Joanne
1222 4587 1450 4657 aliisque
1476 4589 1640 4645 foveri
1674 4606 1891 4661 compe-
1922 4583 1964 4641 Ι)

318 4670 484 4737 riens,
511 4670 790 4725 adversam
840 4673 913 4727 ita
964 4675 1242 4745 amplexus
1272 4687 1372 4741 est,
1419 4688 1477 4731 ut
1516 4692 1771 4748 utrosque
1804 4691 1885 4735 ta—

318 4777 440 4816 men
474 4766 540 4815 ad
568 4764 833 4817 sinceram
859 4767 1205 4821 concordiam
1244 4783 1505 4825 revocare
1533 4772 1813 4840 niteretur,
1833 4784 1885 4829 et

316 4866 678 4925 repugnantes
700 4856 1034 4926 Origenistas
1064 4860 1296 4916 molliter
1324 4878 1387 4917 ac
1408 4863 1638 4933 benigne
1664 4864 1887 4921 adhibe-

317 4955 420 5000 ret.

391 5057 527 5113 XIV.
559 5060 844 5127 Cancrum,
871 5063 938 5117 ad
987 5066 1343 5120 coercendam
1393 5069 1660 5136 serpentis
1700 5068 1887 5141 Orige-

317 5151 473 5205 uismi
516 5151 675 5217 luem,
698 5166 953 5222 sequente
983 5171 1125 5211 anno
1151 5157 1507 5228 Hieronymus
1532 5160 1884 5231 Augustinum

238 5232 241 5233 ν
319 5250 515 5316 pietate
552 5246 830 5301 ﬂorentem
870 5256 925 5302 et
960 5250 1282 5318 eruditione,
1317 5254 1535 5323 quicum
1565 5256 1665 5311 sibi
1699 5257 1886 5312 notitia

314 5336 493 5405 aliqua
520 5338 917 5406 intercesserat,
945 5341 1160 5407 parario
1182 5342 1371 5414 Alypio
1399 5345 1714 5415 Tagastensi
1740 5357 1887 5416 post-

314 5430 535 5483 modum
575 5428 849 5497 episcopo,
878 5431 1077 5501 quique
1104 5432 1217 5502 jam
1247 5446 1370 5490 ante
1402 5446 1588 5506 optare
1618 5453 1678 5493 se
1716 5439 1886 5509 signi-

316 5520 594 5587 ﬁcaverat,
640 5528 697 5573 ut
726 5521 977 5591 Origeuis
1003 5537 1167 5592 opera
1214 5528 1281 5579 ab
1331 5526 1655 5599 Hieronymo
1696 5525 1886 5583 Latine

316 5612 692 5675 redderentur,
720 5622 903 5667 mouet
927 5627 1021 5682 per
1040 5615 1341 5683 epistolam,
1376 5635 1493 5687 qua:
1514 5620 1803 5685 intercidit,
1829 5628 1885 5674 ut

316 5701 369 5757 iu
400 5701 647 5771 Origeuis
671 5703 1054 5772 scriptiouibus
1082 5716 1269 5762 cautus
1301 5711 1531 5774 incedat,
1577 5711 1887 5782 approbatis

316 5791 648 5856 melioribus,
676 5794 1018 5863 sequioribus
1042 5794 1292 5866 rejectis;
1317 5808 1371 5853 at
1395 5801 1634 5871 Origcnis
1657 5803 1753 5857 sibi
1783 5816 1883 5857 no-

317 5882 419 5936 tari
451 5898 660 5939 errores
696 5888 1042 5953 responsione
1070 5904 1163 5943 sua
1211 5892 1538 5963 Augustinus
1572 5896 1879 5966 postulavit.

555 5982 826 6046 PATROL.
867 5986 983 6050 Gn.
1017 5987 1209 6050 XVII.

2002 1973 2288 2028 invehendi
2342 1975 2599 2040 Studium,
2652 1978 2736 2031 cui
2802 1978 3045 2034 Melaniae
3105 1981 3331 2050 junioris
3389 1997 3572 2039 seces-

2000 2052 2091 2122 sus
2142 2067 2280 2137 apud
2332 2067 2544 2138 vulgum
2606 2070 2824 2124 obtentu
2892 2072 3070 2127 fuerit.
3118 2073 3403 2144 Opinionis
3461 2092 3572 2134 sna!

2001 2169 2277 2215 auctorem
2329 2175 2433 2215 non
2468 2161 2644 2225 dedit;
2675 2162 3004 2231 conjecturis
3036 2174 3239 2219 tantum
3283 2167 3571 2224 obsecutus

1998 2260 2100 2307 €51.

2069 2341 2207 2397 XVI.
2239 2343 2408 2397 Simul
2437 2354 2598 2414 atque
2628 2345 2852 2400 Romam
2883 2346 3083 2415 appulit
3114 2346 3362 2412 Ruﬁnus,
3403 2347 3570 2404 libros

2001 2433 2254 2505 Origcnis
2280 2436 2419 2504 Περὶ
2443 2436 2646 2505 ἀρχῶν
2677 2453 2705 2490 a
2730 2453 2787 2491 se
2810 2437 3088 2492 Latinitati
3124 2439 3362 2494 redditos
3390 2441 3441 2494 in
3469 2457 3568 2511 pu—

2001 2526 2199 2580 blicum
2234 2527 2497 2591 editurus,
2528 2529 2759 2596 priorem
2783 2530 3054 2600 Apologia;
3084 2529 3346 2601 Pamphili
3375 2532 3570 2588 librum

2000 2630 2320 2671 conversum
2348 2618 2529 2671 itidem
2563 2635 2590 2670 a
2623 2634 2681 2673 se
2704 2628 2753 2672 et
2781 2620 3187 2689 interpolatum,
3214 2636 3267 2679 et
3289 2640 3392 2677 una
3420 2640 3571 2680 suam

2001 2705 2077 2759 De
2111 2706 2498 2761 adulleratione
2545 2710 2799 2763 librorum
2836 2709 3079 2781 Origenls
3141 2713 3569 2770 lucubrationem

1999 2795 2277 2863 praemisit,
2335 2798 2400 2850 ad
2459 2798 2599 2852 viam
2668 2798 3003 2869 Origenismo
3071 2805 3566 2860 communiendam.

2001 2885 2302 2958 Utrumque
2334 2888 2554 2944 Macarii
2585 2890 2801 2946 hortatu
2828 2907 3139 2963 aggressum
3164 2911 3223 2951 se
3258 2905 3485 2951 testatur
3513 2898 3569 2954 in

1998 2976 2403 3045 praefationibus
2446 2994 2458 3030 :
2490 2990 2544 3033 at
2571 2981 2623 3036 id
2643 2982 2712 3036 ab
2739 2997 2805 3037 eo
2845 2998 2941 3050 per
2969 2985 3362 3041 simulationem
3398 2986 3572 3057 jacta-

2011 3075 2122 3121 tum
2172 3070 2368 3124 asserit
2408 3068 2769 3143 Hieronymus
2811 3073 3034 3142 Apolog.’
3063 3075 3157 3129 lib.
3181 3092 3239 3143 ll,
3272 3092 3390 3147 cap.
3423 3080 3475 3134 5.
3512 3078 3570 3134 In

1999 3158 2314 3226 praefatione
2357 3161 2423 3215 ad
2456 3161 2744 3218 Macarium
2789 3164 3051 3234 Pamphili
3112 3169 3377 3239 Apologia:
3433 3186 3571 3240 prte-

2007 3259 2173 3317 texta,
2211 3266 2315 3305 non
2347 3253 2574 3307 obscure
2602 3255 2769 3325 tangit
2803 3255 2889 3310 ille
2917 3258 3271 3326 Epiphanium
3295 3270 3348 3315 et
3375 3260 3568 3318 Hiero-

1993 3355 2239 3408 nymum,
2290 3357 2414 3395 cum
2471 3344 2537 3397 de
2575 3360 2668 3398 sua
2707 3348 3151 3415 interpretatione
3203 3351 3283 3406 sic
3311 3353 3566 3408 disserit:

1998 3448 2016 3479 ‹
2055 3430 2181 3484 Mihi
2259 3441 2439 3487 tamen
2508 3449 2612 3488 non
2661 3435 2846 3491 dubito
2913 3440 3039 3507 quin
3089 3429 3344 3498 oﬂ'en'sam
3395 3446 3573 3503 maxi-

1992 3537 2135 3575 mam
2186 3534 2459 3591 comparet
2510 3540 2715 3590 eurum,
2746 3527 2835 3596 qui
2884 3544 2946 3582 se
2983 3530 3136 3585 laesos
3174 3543 3358 3601 putant
3389 3537 3456 3589 ab
3482 3551 3569 3602 eo,

1993 3611 2084 3680 qui
2133 3612 2198 3665 de
2232 3614 2463 3683 Origene
2496 3630 2598 3670 non
2639 3618 2837 3687 aliquid
2864 3621 3002 3677 male
3033 3623 3284 3680 senserit.
3325 3643 3345 3677 ι
3388 3628 3568 3695 Atque

1992 3701 2105 3756 haec
2147 3704 2377 3759 similem
2433 3706 2600 3776 ipsius
2653 3715 3097 3779 conquestionem
3146 3715 3197 3768 in
3253 3718 3567 3773 memoriam

1991 3806 2267 3862 revocant,
2290 3812 2449 3866 quam
2485 3801 2537 3854 in
2556 3804 2957 3869 perorationem
2985 3806 3568 3877 adinterpretationem

1992 3883 2516 3943 Commentariorum
2544 3891 2790 3960 Origeuis
2818 3895 2870 3947 in
2890 3893 3187 3963 Epistulam
3220 3900 3289 3950 ad
3306 3898 3568 3955 Romanos

1994 3976 2206 4031 intersit
2241 3994 2254 4030 :
2295 3998 2313 4030 ι
2350 3980 2452 4034 Sed
2494 3982 2805 4049 delectabit,
2832 3987 3023 4056 inquit,
3051 3987 3336 4045 indulsisse
3364 3990 3569 4046 labori-

1992 4068 2113 4135 bus,
2145 4070 2188 4124 si
2216 4074 2373 4126 modo
2396 4088 2523 4137 non,
2554 4084 2611 4129 ut
2652 4076 2703 4130 in
2747 4079 2868 4133 aliis
2904 4082 3108 4149 experti
3140 4096 3351 4148 sumus,
3395 4085 3567 4140 male-

1991 4161 2123 4214 volte
2158 4175 2364 4218 mentes
2389 4165 2583 4235 vigiliis
2627 4170 2824 4225 nostris
2855 4173 3205 4228 contumelias
3238 4175 3484 4244 reddant,
3520 4178 3568 4235 εἰ

1993 4266 2095 4304 non
2127 4254 2299 4305 studia
2327 4253 2836 4328 obtrectationibus,
2884 4272 2938 4317 et
2968 4263 3179 4319 labores
3217 4281 3565 4323 remuneren-

1995 4350 2080 4393 tur
2124 4341 2367 4397 insidiis.
2404 4345 2610 4401 Novnm
2664 4352 2860 4420 quippe
2898 4355 3038 4421 apud
3064 4369 3157 4410 eos
3189 4356 3356 4425 culpae
3397 4373 3568 4427 genus

1992 4432 2264 4499 subimus;
2300 4454 2320 4487 ι
2356 4445 2409 4491 et
2440 4452 2559 4491 mox
2600 4456 2614 4493 :
2648 4459 2665 4492 ι
2705 4441 2816 4496 Hoc
2865 4455 3043 4499 autem
3070 4456 3263 4516 Itotum
3307 4449 3438 4503 mihi
3467 4450 3568 4503 do-

1995 4532 2145 4585 nant,
2171 4539 2275 4579 non
2304 4541 2488 4581 amore
2514 4534 2638 4593 mei,
2665 4534 2759 4585 sed
2787 4534 2910 4597 odio
2958 4536 3193 4590 auctoris
3251 4538 3405 4607 [Sed
3445 4540 3567 4594 red-

1991 4630 2177 4670 eamus
2214 4617 2280 4671 ad
2300 4618 2568 4688 Apologia:
2600 4623 2986 4691 praefationem.
3023 4626 3310 4698 Postquam
3335 4645 3566 4702 purgan-

1994 4704 2043 4759 di
2076 4708 2157 4759 sui
2191 4723 2376 4775 causa,
2406 4711 2548 4765 velut
2596 4713 2986 4781 professionem
3040 4720 3161 4774 lidei
3196 4721 3421 4778 Ruﬁnus
3451 4726 3564 4780 edi-

1995 4797 2073 4850 dit
2106 4814 2119 4850 :
2157 4815 2175 4848 ι
2209 4799 2354 4866 Ilaec,
2402 4801 2595 4871 inquit,
2643 4805 2995 4879 Jerosolymis
3032 4811 3082 4864 in
3114 4811 3350 4867 Ecclesia
3389 4815 3479 4869 Dei
3532 4832 3563 4869 a

1994 4898 2185 4943 sancto
2219 4893 2497 4947 sacerdote
2531 4896 2645 4962 ejus
2672 4895 2875 4952 Joanne
2896 4902 3287 4970 praedicantur;
3325 4906 3438 4959 haec
3464 4921 3563 4961 nos

1994 4992 2114 5030 cum
2163 4979 2277 5048 ipso
2330 4976 2384 5035 et
2438 4983 2667 5040 dicimus
2723 4997 2778 5041 et
2821 4998 3085 5047 tenemus.
3117 5012 3136 5046 ι
3178 4994 3560 5066 Hieronymum

1994 5070 2157 5122 etiam
2207 5071 2293 5125 his
2323 5073 2504 5129 verbis
2550 5075 2776 5132 defricat
2824 5080 2875 5135 in
2917 5097 3015 5137 suo
3056 5084 3131 5139 De
3180 5086 3561 5143 adulteratione

1993 5158 2244 5214 librorum
2269 5160 2507 5236 Origenis
2530 5165 2707 5222 libello
2741 5180 2755 5223 :
2797 5187 2815 5220 ι
2847 5172 3106 5229 Auctores
3137 5176 3559 5232 obtrectatorum

1993 5252 2109 5322 ejus
2144 5252 2434 5328 (Origenis)
2465 5259 2497 5310 ii
2526 5268 2649 5313 sunt
2687 5264 2778 5331 qui
2808 5264 2893 5318 vel
2924 5266 2976 5318 in
3007 5265 3243 5321 Ecclesia
3285 5268 3561 5337 disputare

1994 5344 2154 5401 latius
2184 5349 2375 5413 solent,
2404 5353 2484 5406 vel
2514 5354 2673 5407 etiam
2693 5354 2860 5410 librOs
2889 5357 3147 5425 scribere,
3172 5360 3263 5429 qui
3297 5371 3465 5415 totum
3495 5363 3562 5413 de

1995 5435 2228 5506 Origene
2268 5442 2348 5494 vel
2374 5442 2684 5512 loquuntur,
2703 5446 2786 5501 vel
2815 5448 3061 5503 scribunt
3088 5467 3101 5505 :
3134 5466 3201 5505 ne
3230 5467 3358 5523 ergo
3381 5452 3561 5522 plures

1993 5529 2231 5599 ipsorum
2269 5532 2410 5588 furta
2440 5550 2946 5612 cognoscanthqute
2999 5544 3207 5613 utique,
3260 5546 3308 5599 si
3366 5547 3559 5616 ingrati

1993 5620 2046 5674 in
2078 5623 2390 5693 magistrum
2431 5644 2536 5684 non
2565 5645 2768 5694 essent.
2793 5650 3129 5706 nequaquam
3160 5637 3450 5705 criminosa
3474 5641 3559 5691 vi-

1993 5710 2268 5781 derentur,
2297 5718 2652 5788 simpliciores
2675 5739 2914 5795 quosque
2944 5728 3012 5783 ab
3041 5728 3158 5798 ejus
3189 5728 3418 5783 lectione
3468 5729 3561 5784 de-

1994 5813 2219 5861 terrent.
2262 5829 2280 5861 ›
2304 5807 2441 5865 Nam
2470 5828 2591 5871 cum
2622 5811 2905 5886 Origenem
2961 5821 3187 5877 miriﬁce
3234 5820 3560 5876 celebrasset

1990 5898 2348 5975 Hieronymus
2370 5906 2532 5962 etiam
2565 5917 2672 5966 tum
2692 5911 2923 5984 juvenis,
2949 5922 3000 5969 et
3031 5915 3148 5984 plus
3164 5897 3423 5988 quainjo
3450 5914 3557 5969 ho-

3190 6010 3268 6069 36
