4068 6308
591 369 720 433 Ηδι

1843 383 1902 440 P.
1937 384 2248 442 DANIELIS
2288 386 2376 443 HU
2390 384 2518 441 ETll

3658 396 3775 450 “59.

587 500 850 556 tniletit-os
893 501 1056 570 ipsius
1104 500 1287 565 libros,
1330 501 1489 555 multa
1538 503 1696 556 etiam
1747 505 1814 558 de
1865 506 2023 559 tomis
2088 507 2141 560 in
2173 511 2218 566 A
2316 507 2476 562 XVII.
2511 509 2577 561 At
2621 507 2994 562 Pammachius
3041 518 3094 561 ct
3132 502 3375 562 Oceanus
3429 510 3490 562 dc
3537 512 3690 565 rebus
3733 516 3778 568 in

585 594 898 662 Apostolum
945 592 1158 661 scriptis
1205 591 1396 648 Latine
1427 595 1769 662 reddidisset,
1812 611 1878 651 ex
1921 597 2145 666 eiusque

583 684 737 739 libris
763 683 1190 738 Commentarios
1219 698 1346 740 suos
1367 684 1764 753 locupletasset,
1792 703 1915 741 mox
1941 688 1993 742 in
2022 704 2142 743 eum

582 775 865 830 calcitrare
913 776 1095 844 ccepit.
1151 773 1472 845 Neutiquam
1522 793 1648 833 vero
1709 778 1794 834 his
1857 781 2143 850 perstringi

581 864 963 937 Hieronymum
994 876 1144 934 putat
1182 865 1475 935 Halloxius,
1498 871 1622 939 quia
1648 868 1760 939 jam
1801 874 2143 944 reconciliata

576 957 754 1012 fuerat
783 960 926 1013 inter
956 973 1050 1014 eos
1072 960 1265 1030 gratia,
1289 969 1342 1016 et
1373 962 1531 1030 paulo
1552 964 1799 1032 superius
1828 965 2137 1038 Hieronymi

578 1065 696 1104 cum
723 1049 878 1105 laude
900 1051 1218 1106 meminerat
1245 1053 1327 1108 his
1341 1053 1521 1109 verbis
1547 1073 1560 1109 ε
1586 1074 1604 1106 α
1631 1056 1911 1114 Damasins
1933 1059 2141 1128 episco-

575 1158 697 1212 pus,
716 1158 834 1196 cum
859 1143 925 1198 de
954 1145 1272 1214 recipiendis
1288 1145 1678 1214 Apollinaristis
1703 1148 2014 1205 deliberatio
2037 1153 2136 1205 ha-

574 1241 813 1300 beretur,
838 1228 1123 1290 editionem
1154 1237 1530 1294 ecclesiasticae
1558 1240 1699 1306 ﬁdei,
1727 1241 1811 1296 cui
1841 1243 1997 1298 iidem
2020 1243 2135 1298 edi-

576 1327 726 1392 tioni,
753 1327 794 1380 si
826 1326 1082 1382 Ecclesia:
1107 1326 1254 1399 jungi
1281 1329 1466 1394 velint,
1489 1332 1831 1388 subscribere
1853 1333 2133 1401 deberent,

571 1418 1005 1472 conscribendam
1034 1419 1309 1474 mandavit
1337 1423 1509 1475 amico
1542 1437 1641 1476 suo
1667 1425 1880 1478 cuidam
1913 1425 2133 1496 presby-

571 1518 686 1562 tero
716 1509 832 1563 viro
876 1509 1252 1576 disertissimo,
1284 1512 1371 1580 qui
1404 1512 1502 1567 hoc
1539 1512 1612 1566 illi
1651 1528 1718 1568 ex
1762 1530 1913 1570 more
1966 1531 2129 1586 nego-

569 1601 698 1653 tium
721 1601 1062 1670 procurabat.
1090 1620 1109 1653 ι
1131 1603 1344 1657 Addere
1360 1611 1572 1671 poterat
1593 1603 1866 1660 Halloxius
1882 1620 1945 1659 eu
1955 1607 2128 1661 mden

566 1709 595 1746 a
621 1692 815 1746 Ruﬁno
838 1693 1061 1748 honoris
1093 1707 1252 1748 causa
1282 1694 1610 1748 nominatum
1635 1695 1686 1749 in
1718 1697 2029 1763 praefatione
2060 1697 2128 1752 li-

565 1785 783 1839 brorum
811 1785 950 1854 Περὶ
993 1785 1211 1854 ἀρχῶν,
1240 1787 1329 1855 qui
1371 1787 1474 1841 hoc
1511 1797 1749 1856 tempore
1789 1791 2122 1858 prodierunt.

2233 598 2388 682 .Urbe
2411 599 2574 670 gestis
2605 598 2987 669 Hieronymum
3018 601 3300 654 certiorem
3332 600 3553 664 faciunt,
3572 612 3625 655 et
3651 602 3786 658 Ruﬁ-

2243 692 2458 745 nianam
2489 690 2747 744 librorum
2777 691 2915 758 Περὶ
2938 689 3140 758 ἀρχῶν
3169 690 3654 759 interpretationem
3677 707 3783 746 cum

2243 781 2549 853 praefatione
2581 783 2975 846 transmittunt,
3020 780 3394 849 postulantque
3422 790 3479 834 ut
3502 780 3662 835 libros
3682 797 3786 838 eos-

2241 876 2360 929 dem
2395 872 2600 929 meliori
2631 875 2732 927 ﬁde
2757 882 3055 939 convertat,
3089 882 3142 926 et
3184 874 3404 942 iniectas
3438 872 3502 926 de
3539 887 3597 928 se
3630 867 3805 942 suspi-'

2240 966 2424 1021 ciones
2458 965 2650 1019 diluat.
2679 964 2934 1018 Retlierat
2956 979 3076 1018 cum
3101 961 3315 1030 illojam
3335 965 3458 1016 'tum
3489 962 3540 1016 in
3574 965 3785 1030 gratiam

2240 1054 2485 1118 Rufinus,
2522 1040 2644 1108 eum
2679 1052 3027 1123 Jcrosolymis
3077 1053 3520 1122 proficisceretur.
3571 1049 3786 1106 Subdola

2238 1151 2421 1220 itaque
2453 1149 2626 1203 Rttﬁni
2657 1148 2970 1218 praefatione
2997 1149 3134 1203 clam
3163 1163 3404 1203 arrosum
3445 1163 3503 1202 se
3543 1156 3596 1202 et
3631 1147 3784 1216 impe-

2237 1243 2394 1297 titum
2425 1242 2662 1296 sentiens
2694 1239 3076 1311 Hieronymus,
3095 1253 3149 1295 et
3179 1241 3320 1293 inter
3349 1237 3681 1308 Origenistas
3699 1253 3782 1306 po-

2236 1334 2422 1398 situm,
2451 1332 2592 1388 hanc
2613 1348 2732 1388 cum
2764 1347 2830 1386 eo
2865 1332 3115 1402 injuriam
3142 1331 3313 1386 amice
3341 1340 3394 1385 et
3426 1329 3620 1384 leuiter
3637 1343 3785 1398 espo-

2234 1426 2458 1481 stulavit
2508 1440 2604 1494 per
2647 1425 2965 1495 epistolam,
3000 1421 3304 1492 cujus.boc
3353 1432 3435 1476 est
3478 1420 3780 1475 exordium:

2240 1536 2258 1569 ι
2285 1518 2380 1572 Diu
2411 1526 2462 1572 te
2492 1517 2676 1572 Romae
2703 1525 2967 1571 moratum
2991 1530 3171 1571 sermo
3197 1513 3443 1583 proprius
3471 1511 3776 1572 indicavitp

2232 1611 2373 1665 unde
2413 1609 2536 1663 licet
2584 1609 2856 1680 conjicere
2885 1608 2995 1678 jam
3040 1614 3165 1660 ante
3202 1605 3268 1659 ad
3297 1619 3416 1658 eum
3445 1603 3653 1657 litteras
3687 1601 3782 1655 Ru-

2231 1701 2393 1755 ﬁnum
2430 1699 2658 1755 dedisse.
2701 1696 2808 1752 Sed
2848 1712 2967 1752 cum
3013 1711 3110 1766 per
3150 1705 3383 1750 vectura:
3424 1708 3607 1747 moras
3627 1692 3778 1746 serius

2229 1791 2450 1846 Romam
2487 1790 2662 1844 delata
2697 1789 2889 1843 fuisset
2921 1785 3231 1857 Hieronymi
3263 1784 3564 1854 responsio,
3600 1797 3778 1836 renun-

562 1877 760 1930 Verum
793 1853 901 1930 hoc
920 1887 1037 1930 erat
1066 1853 1280 1947 ingenio
1316 1876 1578 1943 Ruﬁnus;
1612 1853 1805 1947 palam-
1831 1881 1883 1934 in
1911 1896 1973 1937 os
2002 1882 2119 1938 lau-
2159 1853 2199 1907 Β
2231 1884 2418 1938 tiatum
2452 1883 2658 1936 interea
2682 1881 2863 1936 fuerat
2905 1877 3099 1933 Ruﬁno
3138 1891 3328 1930 novam
3362 1875 3626 1929 librorum
3655 1873 3777 1942 Περὶ

563 1967 744 2028 dabat,
772 1966 910 2019 clam
929 1965 1282 2032 detrahebat;
1310 1967 1632 2034 simultatem
1666 1968 1877 2026 fovebat
1906 1972 1956 2027 in
1979 1973 2118 2040 sinu,

562 2056 850 2110 amicitiam
883 2055 1054 2110 fronte
1089 2058 1328 2125 gerebat.
1358 2058 1539 2126 Itaque
1575 2058 1786 2129 palpum
1817 2077 1999 2116 coram
2021 2063 2122 2118 ob-

562 2148 811 2202 trudebat
860 2148 1206 2219 Hieronymo,
1253 2160 1310 2202 ut
1351 2150 1529 2205 acrius
1575 2153 1785 2208 occulte
1826 2156 2117 2210 morderet.

557 2240 669 2294 Hoc
707 2240 955 2310 amplius,
983 2241 1338 2313 Hieronymus
1363 2243 1474 2312 ipse
1501 2243 1719 2314 Apolog.
1763 2245 1798 2299 2
1825 2247 1880 2298 in
1911 2246 2116 2315 Ruﬁn.,

555 2347 672 2400 cap.
695 2331 749 2394 6,
770 2332 883 2386 haec
915 2335 1076 2387 verba
1111 2335 1182 2387 ita
1214 2337 1424 2403 repetit,
1452 2337 1603 2405 quasi
1635 2338 1945 2406 neutiquam
1970 2340 2035 2394 ad
2061 2355 2120 2396 se

553 2425 855 2492 pertineant
889 2442 900 2476 :
938 2426 1032 2478 sed
1063 2425 1142 2481 vel
1165 2427 1326 2482 tacite
1355 2429 1530 2482 notari
1561 2444 1620 2484 se
1643 2445 1747 2484 non
1782 2431 1987 2498 sensit;
2037 2433 2118 2488 vel

551 2525 890 2586 perspectam
935 2518 1260 2572 calumniam
1292 2520 1540 2576 simulate
1575 2522 1808 2579 reticuit.
1851 2522 1980 2580 Utttt
2011 2535 2114 2594 est,

454 2677 472 2685 _
551 2622 707 2662 suum
736 2619 950 2663 maneat
976 2610 1436 2680 lectorijudicium
1467 2629 1480 2666 :
1515 2617 1794 2684 sequentia
1825 2626 1975 2673 certe
2001 2635 2116 2674 ma-

539 2695 743 2751 ‘nifeste
784 2698 1137 2768 Epiphanium
1186 2710 1416 2769 petunt:
1450 2722 1469 2756 ‹
1509 2705 1750 2776 Denique
1779 2707 1998 2776 quidam
2045 2726 2112 2764 ex

549 2789 699 2856 ipsis,
740 2789 829 2859 qui
876 2805 934 2844 se
984 2792 1127 2846 velut
1177 2795 1574 2866 evangelizandi
1620 2800 1993 2855 necessitatem
2021 2817 2118 2872 per

548 2893 733 2932 onmes
762 2891 948 2948 gentes
970 2891 1022 2936 et
1053 2898 1147 2952 per
1176 2899 1361 2941 omnes
1399 2887 1608 2958 linguas
1640 2890 1836 2946 habere
1863 2901 2016 2961 putat
2051 2894 2116 2950 de

539 2968 778 3040 'Origene
820 2973 957 3026 male
1005 2972 1274 3042 loquendi,
1312 2991 1404 3031 sex
1429 2979 1592 3034 millia
1626 2980 1882 3036 librorum
1916 2983 2032 3053 ejus
2058 3001 2116 3040 se

547 3061 758 3130 legisse,
790 3064 1179 3134 quamplurima
1209 3065 1436 3122 fratrum
1478 3070 1815 3127 multitudine
1843 3075 2114 3142 audiente,

546 3153 827 3209 confessus
852 3165 954 3209 est.
997 3174 1015 3206 ι
1043 3157 1187 3224 lpsos
1219 3158 1410 3214 deinde
1440 3161 1577 3230 Περὶ
1595 3161 1796 3232 ἀρχῶν
1831 3165 1996 3221 libros
2021 3165 2115 3222 Ur-

544 3244 600 3298 bi
624 3246 914 3315 pr'opinans
944 3246 1187 3313 Ruﬁnus,
1220 3264 1324 3318 quo
1365 3253 1535 3322 magis
1589 3253 1818 3310 lectores
1865 3255 2110 3321 illiceret,

542 3335 910 3407 praefationem
947 3341 1094 3408 operi
1138 3341 1397 3409 praeﬁxit,
1447 3357 1616 3412 eaque
1656 3345 1948 3400 declaravit
1992 3363 2114 3403 sese

541 3429 760 3498 reliquis
781 3429 1115 3500 dogmatibus
1143 3432 1358 3488 intactis
1387 3433 1549 3490 falsas
1577 3433 1824 3508 Origenis
1849 3439 1912 3494 de
1933 3437 2112 3495 Trini-

544 3533 653 3578 tate
697 3524 1028 3588 sententias,
1081 3535 1261 3596 utpote
1311 3527 1377 3581 ab
1421 3528 1687 3584 haereticis
1742 3531 1996 3597 insertas,
2025 3533 2111 3587 vel

539 3615 876 3681 emendasse,
912 3616 996 3671 vel
1024 3617 1427 3686 prmtermisisse
1461 3636 1474 3672 :
1504 3634 1758 3689 grassans
1811 3622 1955 3676 enim
2009 3625 2112 3679 hoc

539 3711 778 3774 tempore
809 3705 1144 3761 Arianismus
1173 3708 1429 3763 adversus
1453 3708 1759 3780 Origenem,
1793 3712 1946 3783 cujus
1992 3729 2109 3767 am-

537 3793 722 3848 biebat
745 3795 1122 3864 patrocinium,
1155 3795 1459 3854 Catholicos
1485 3811 1868 3857 commoverat.
1915 3804 2110 3859 Exem-

538 3891 628 3955 pro
657 3901 869 3954 quoque
913 3885 1248 3959 Hieronymi,
1286 3891 1575 3946 multorum
1617 3892 1728 3961 jam
1766 3893 2017 3964 Origeuis
2042 3897 2110 3951 li-

535 3975 758 4029 brorum
800 3977 1131 4046 interpretis,
1170 3979 1454 4035 adductum
1483 3997 1542 4037 se
1573 3985 1837 4055 signiﬁcat
1863 3987 1963 4042 hac
1995 3986 2109 4057 ipsa

535 4060 1158 4138 pra-fationeg'Ruftnus,
1215 4079 1272 4124 ut
1323 4074 1632 4143 scriptionis
1686 4075 1828 4131 illius
1877 4093 2105 4132 conver-

535 4160 742 4215 sionem
777 4161 1093 4231 susciperet.
1129 4163 1194 4218 Et
1227 4180 1418 4234 causa:
1448 4174 1629 4220 tamen
1660 4167 1732 4221 ita
1770 4166 1972 4224 diﬁisus
1999 4178 2102 4237 est,

534 4264 594 4308 ut
640 4254 941 4325 praafationi
985 4269 1180 4310 nomen
1218 4272 1374 4312 suum
1403 4259 1675 4314 ascribere
1704 4275 1809 4314 non
1841 4259 2099 4328 auderet;

531 4357 588 4400 et
620 4361 841 4402 assensu
865 4358 1124 4417 praeterea
1155 4344 1435 4419 Theophili
1469 4359 1523 4406 et
1557 4350 1866 4422 Hieronymi
1897 4350 2101 4422 gloria-

537 4447 706 4491 retur.

2225 1975 2425 2045 ἀρχῶν
2449 1973 2945 2044 interpretationem
2970 1971 3038 2024 ab
3060 1983 3124 2023 eo
3154 1967 3356 2037 parari,
3380 1981 3546 2035 quam
3577 1980 3640 2018 eo
3670 1979 3776 2018 con-

2225 2068 2346 2122 silio
2374 2066 2644 2121 conditam
2677 2079 2706 2118 a
2736 2079 2794 2118 se
2827 2061 3015 2118 scribit
3037 2059 3393 2130 Hieronymus
3420 2059 3642 2126 Apolog.
3694 2055 3774 2109 lib.

2226 2173 2264 2223 t,
2295 2171 2411 2226 cap.
2443 2156 2501 2223 '2,
2535 2169 2638 2209 non
2669 2163 2728 2207 ut
2757 2152 3002 2207 crederet
3025 2151 3192 2206 lector
3223 2150 3287 2204 iis
3321 2162 3438 2216 qua:
3471 2148 3776 2216 interpreta-

2227 2249 2419 2311 batur;
2448 2245 2542 2300 sed
2587 2258 2655 2298 ne
2697 2242 2940 2297 crederet
2987 2242 3054 2295 iis
3097 2247 3386 2309 qute‘ante
3439 2235 3776 2290 transtulerat

2227 2335 2472 2391 Ruﬁnus.
2493 2337 2668 2405 Atque
2705 2334 2779 2388 ita
2816 2334 3078 2400 dirempta
3110 2332 3248 2386 inter
3275 2344 3368 2384 eos
3395 2329 3772 2396 gratia,datam

2224 2427 2290 2482 ad
2349 2424 2600 2479 Ruﬁnum
2653 2422 2936 2493 epistolam
2975 2421 3288 2491 Hieronymi
3338 2418 3656 2484 familiares,
3697 2421 3774 2488 qui

2223 2517 2516 2571 curandam
2550 2530 2668 2570 eam
2708 2523 3063 2585 acceperant,
3099 2520 3542 2583 suppresserunt.
3597 2509 3776 2566 Susce-

2223 2609 2629 2682 ptaminterim,
2662 2608 2996 2664 Pammachii
3035 2615 3090 2662 et
3121 2606 3321 2662 Oceani
3361 2616 3577 2676 rogatu,
3611 2606 3772 2659 since-

2224 2705 2422 2758 riorem
2447 2703 2703 2756 librorum
2733 2701 2810 2754 De
2829 2699 3100 2770 principiis
3123 2697 3532 2752 conversionem
3560 2694 3774 2749 absolvit

2221 2777 2593 2860 Hieronymus,
2613 2802 2666 2847 et
2693 2792 2758 2846 ad
2779 2806 2874 2847 eos
2912 2791 3135 2845 Romam
3162 2787 3321 2849 misit,
3351 2802 3482 2841 cum
3522 2785 3770 2840 luculenta

2222 2888 2469 2959 epistola,
2489 2903 2592 2958 qua
2619 2885 2866 2955 Origenis
2889 2885 3186 2940 doctrinam
3208 2892 3263 2937 et
3285 2871 3641 2936 eruditionem
3668 2881 3770 2933 lau-

2221 2983 2377 3038 dasse
2402 2996 2460 3036 se
2479 2981 2697 3044 fatetur,
2735 2979 2986 3047 dogmata
3014 2975 3250 3031 tenuisse
3290 2983 3570 3042 pernegat.
3599 2991 3616 3023 t
3645 2971 3771 3026 Lau-

2221 3071 2376 3134 davi,
2423 3068 2614 3139 inquit,
2668 3069 3050 3136 interpretem,
3101 3079 3204 3118 non
3251 3065 3636 3132 dogmatisten;
3695 3062 3768 3114 in-

2220 3165 2458 3234 genium,
2504 3176 2608 3215 non
2641 3140 2798 3214 ﬁdem
2827 3175 2842 3224 ;
2875 3156 3274 3225 philosophum,
3321 3169 3428 3208 non
3459 3151 3760 3221 apostolum.

2220 3255 2370 3323 Quod
2391 3255 2434 3308 si
2467 3253 2648 3309 volunt
2671 3265 2832 3320 super
2863 3251 3092 3318 Origene
3131 3262 3306 3302 meum
3339 3245 3763 3313 scirejudiciutn,

2214 3349 2390 3417 legant
2441 3347 2492 3400 in
2542 3343 2892 3398 Ecclesiasten
2942 3339 3396 3402 Commentarios,
3433 3338 3686 3407 repliceut
3714 3335 3766 3388 in

2211 3439 2506 3510 Epistolam
2546 3436 2610 3490 ad
2641 3433 2898 3504 Ephesios
2939 3432 3040 3486 tria
3083 3431 3375 3496 volumina,
3401 3442 3454 3483 et
3487 3429 3770 3496 intelligent

2213 3546 2298 3586 me
2313 3544 2523 3598 semper
2547 3528 2661 3597 ejus
2686 3523 3020 3594 dngtttatibtls
3043 3523 3392 3589 contraiisse;
3424 3540 3442 3575 ι
3465 3531 3526 3576 et
3552 3522 3730 3576 iterum
3751 3536 3764 3571 :

2216 3642 2234 3674 ‹
2270 3621 2325 3677 Si
2351 3622 2478 3676 mihi
2512 3617 3092 3686 creditis,0rigenistes
3125 3630 3397 3684 nunquam
3442 3613 3524 3668 fui
3553 3632 3568 3680 ;
3603 3613 3644 3668 si
3675 3627 3767 3666 non

2209 3714 2448 3779 creditis,
2479 3727 2620 3766 nunc
2663 3725 2780 3765 esse
2834 3709 3080 3773 cessavi;
3115 3724 3133 3758 ι
3179 3717 3233 3759 et
3275 3707 3532 3774 sequenti
3567 3705 3765 3773 capite:

2213 3825 2232 3859 ι
2269 3805 2376 3861 Fac
2409 3818 2496 3860 me
2519 3817 2735 3858 errasse
2764 3803 2816 3855 in
2844 3798 3291 3863 adolescentia,et
3315 3797 3765 3868 philosophorum,

2208 3899 2260 3952 id
2303 3906 2386 3953 est
2417 3895 2690 3966 gentilium
2739 3892 2933 3947 studiis
2985 3891 3251 3945 eruditum
3282 3891 3334 3943 in
3366 3890 3629 3960 principio
3654 3888 3766 3942 ﬁdei

2205 3991 2453 4059 dogmata
2507 3990 2785 4058 ignorasse
2823 3985 3131 4040 Christiana
3167 4001 3182 4048 ;
3216 3992 3271 4036 et
3319 3984 3423 4042 boc
3472 3994 3684 4049 putasse
3713 3980 3762 4032 in

2205 4079 2482 4148 apostolis,
2511 4079 2656 4148 quod
2694 4077 2749 4130 in
2796 4074 3119 4145 Pythagora,
3142 4084 3196 4127 et
3224 4072 3466 4137 Platone,
3497 4083 3551 4128 et
3581 4072 3762 4140 Empe-

2203 4171 2358 4228 docle
2384 4172 2617 4242 legeram
2653 4188 2666 4224 :
2695 4184 2789 4224 cur
2819 4166 3025 4237 parvuli
3054 4167 3108 4220 in
3135 4165 3346 4221 Christo
3373 4176 3540 4233 atque
3569 4164 3766 4217 lacten-

2201 4265 2272 4320 tis
2300 4277 2539 4318 errorem
2568 4258 2854 4330 sequimini
2880 4256 2904 4310 ἲ
2929 4272 3026 4312 cur
3053 4257 3120 4310 ab
3146 4270 3210 4311 eo
3245 4253 3578 4324 impietatem
3611 4251 3766 4306 disci-

2203 4355 2295 4418 tis,
2330 4352 2421 4422 qui
2474 4351 2702 4406 necdum
2755 4351 3009 4419 pietatem
3061 4344 3332 4399 noverat?
3369 4342 3620 4398 Secunda
3655 4349 3765 4410 post

2200 4443 2535 4514 naufragium
2565 4442 2744 4497 tabula
2779 4449 2862 4495 est
2897 4438 3112 4508 culpam
3147 4435 3464 4507 simpliciter
3501 4433 3761 4514 confiteri.

603 4529 782 4584 Multis
816 4534 1092 4589 enimvero
1132 4533 1283 4589 cordi
1333 4533 1433 4588 fuit
1487 4549 1621 4604 opus
1655 4537 1782 4594 illud
1830 4556 1861 4595 a
1907 4540 2100 4598 Rufino
2131 4551 2174 4606 ι)
2203 4513 2413 4591 lmitati
2429 4536 2559 4591 estis
2601 4542 2896 4597 errantem,
2938 4530 3224 4586 imitamini
3274 4539 3325 4584 et
3375 4513 3759 4583 correctum...

533 4622 870 4688 translatum,
903 4634 958 4678 et
994 4624 1216 4696 Origeni
1263 4625 1597 4694 sacerdotes,
1644 4631 1939 4686 monachos
1970 4643 2025 4686 et
2068 4647 2100 4687 e

529 4713 962 4770 Christianorum
983 4717 1141 4787 vulgo
1170 4719 1364 4773 multos
1397 4718 1731 4786 adjunxit,et
1761 4719 1940 4779 Siricii
1965 4739 2097 4794 quo-

529 4822 634 4877 que
663 4822 811 4876 papa:
853 4808 1185 4876 simplicitati
1222 4811 1406 4866 illusit.
1450 4813 1521 4864 At
1555 4811 1740 4882 plures
1777 4824 1956 4870 tamen
2003 4817 2100 4870 do-

529 4899 718 4953 ctrinae
769 4899 979 4955 novitas
1010 4901 1276 4968 perculit;
1306 4903 1441 4957 adeo
1470 4913 1530 4956 ut
1561 4911 1732 4958 totum
1761 4907 1949 4960 orbem
1982 4916 2101 4976 post

527 4988 709 5045 Ruﬁni
729 4991 1230 5062 interpretationem
1254 4992 1306 5045 in
1331 4993 1578 5064 Origenis
1595 4995 1774 5048 odium
1800 4997 2094 5062 exarsisse,

527 5090 584 5133 et
631 5083 948 5137 translatum
981 5084 1131 5152 {opus
1184 5084 1466 5152 expavisse
1515 5086 1792 5141 tradiderit
1835 5085 2096 5158 Hierony-

526 5187 648 5226 mus
676 5172 767 5228 lib.
826 5190 841 5226 ι
877 5174 1054 5242 Λροί..
1101 5189 1221 5244 cap.
1268 5174 1321 5228 5.
1353 5175 1554 5230 Auctor
1607 5191 1821 5246 quoque
1865 5177 1952 5232 ille
1986 5186 2091 5242 est,

523 5263 753 5340 primam
779 5263 1108 5334 Marcellam
1170 5265 1495 5329 Romanam,
1539 5265 1821 5322 nobilitate
1851 5267 2088 5335 generis,

524 5363 579 5408 et
600 5353 795 5423 pietate
826 5353 1110 5422 illustrem,
1156 5355 1584 5411 subolescentem
1620 5371 1861 5411 errorem
1898 5357 2092 5427 depre-

523 5445 776 5499 hendisse
809 5460 872 5499 ac
903 5447 1245 5516 repressisse.
1273 5446 1579 5501 Discessum
1606 5447 1788 5518 itaque
1817 5447 2092 5502 destinan-

524 5543 604 5588 tes
627 5537 750 5590 facti
773 5547 1043 5604 auctores,
1073 5550 1193 5591 cum
1216 5538 1330 5608 jam
1358 5537 1468 5592 fere
1495 5547 1553 5591 ut
1582 5539 1821 5594 hazretici
1847 5540 2095 5610 designa-

524 5635 727 5691 rentur,
763 5629 1160 5684 ecclesiasticas
1203 5627 1457 5696 epistolas
1491 5642 1520 5680 a
1548 5626 1742 5683 Siricio
1781 5629 2088 5698 impetrant,

523 5722 584 5766 ut
620 5713 869 5770 Ecclesiae
923 5718 1299 5772 communione
1356 5717 1575 5788 gloriari
1630 5729 1846 5788 possent
1880 5736 1894 5772 :
1925 5727 2086 5790 atque

522 5805 609 5866 his
642 5807 997 5869 communitus
1023 5807 1262 5881 Ruﬁnus
1289 5810 1586 5880 Aquileiam
1623 5812 1902 5867 remeavit.
1951 5879 1953 5882 g

2202 4628 2460 4683 Similiter
2488 4628 2542 4680 in
2574 4625 2728 4695 epist.
2755 4624 2846 4686 6'2,
2877 4623 2944 4677 ad
2976 4621 3328 4690 Theophilum
3357 4638 3369 4674 :
3394 4639 3414 4671 ι
3441 4621 3598 4675 Sicut
3626 4617 3761 4673 enim

2200 4719 2692 4788 interpretationem
2739 4727 2793 4771 et
2823 4715 3077 4770 idiomata
3114 4712 3516 4782 Scripturarum
3551 4709 3758 4779 Origeni

2199 4826 2412 4880 semper
2445 4810 2684 4874 attribui,
2717 4809 2791 4862 ita
2825 4808 3133 4877 dogmatum
3163 4803 3606 4860 constantissime
3650 4803 3760 4856 abs-

2203 4904 2296 4957 tuli
2329 4902 2628 4954 veritatem.
2667 4919 2686 4952 »
2723 4899 2787 4954 Ει
2817 4908 2996 4952 tamen
3034 4913 3154 4950 cum
3186 4896 3619 4951 Commentarios
3644 4909 3758 4948 suos

2201 4997 2254 5048 in
2287 4993 2664 5058 Ecclesiasten,
2694 5000 2747 5045 et
2775 4989 3069 5059 Epistolam
3089 4993 3158 5041 ad
3187 4988 3437 5059 Ephesios
3463 4986 3754 5042 Adamantii

2201 5085 2352 5141 scitis
2387 5082 2678 5149 referserit,
2705 5081 2795 5135 vix
2827 5082 2891 5134 iis
2922 5079 3088 5135 semel
3111 5079 3435 5134 contradixit
3461 5094 3470 5125 :
3507 5080 3617 5133 imo
3642 5090 3754 5128 vero

2200 5193 2268 5232 ne
2300 5176 2583 5244 Origenem
2619 5173 2834 5242 quidem
2874 5179 3148 5223 auctorem
3199 5169 3406 5222 citavit.
3443 5168 3595 5234 Quod
3623 5152 3751 5221 si‘ea

2199 5284 2296 5339 pro
2320 5266 2469 5320 falsis
2494 5264 2700 5327 habuit,
2726 5276 2824 5315 cur
2859 5274 3101 5315 censura:
3131 5268 3309 5312 notam
3343 5274 3451 5312 non
3479 5246 3752 5328 apposuit?

2194 5375 2291 5414 cur
2317 5373 2437 5412 cum
2480 5357 2531 5410 id
2572 5353 2673 5408 sibi
2703 5352 2832 5405 vitio
2860 5351 3096 5411 daretur,
3141 5349 3190 5402 id
3220 5349 3318 5402 sibi
3354 5347 3535 5418 gloria:
3563 5343 3750 5401 duxit?

2199 5470 2218 5502 ς
2253 5449 2386 5503 Nam
2417 5446 2558 5517 quod
2583 5445 2783 5503 dicunt,
2815 5461 2835 5495 ι
2858 5441 3032 5510 inquit
3060 5439 3271 5511 Prolog.
3295 5439 3348 5493 in
3383 5439 3476 5493 lib.
3532 5452 3573 5491 tt
3613 5435 3750 5488 Com-

2197 5551 2354 5595 ment.
2389 5540 2444 5594 in
2473 5537 2662 5598 Miclu,
2693 5551 2712 5586 ι
2753 5533 3004 5604 Origenis
3033 5547 3120 5587 me
3151 5531 3418 5585 volumina
3448 5527 3744 5596 compilare,

2195 5642 2249 5686 et
2279 5626 2634 5685 contaminari
2676 5639 2782 5679 non
2827 5623 3016 5678 decere
3045 5631 3322 5696 _veterum.
3341 5618 3536 5686 scripta
3569 5631 3583 5668 :
3617 5610 3747 5680 quod

2196 5723 2269 5776 illi
2308 5719 2650 5775 maledictum
2683 5717 2978 5771 vehemens
3007 5728 3125 5769 esse
3150 5710 3490 5776 existimant,
3505 5706 3742 5764 eamdem

2186 5815 2401 5877 laudem
2421 5826 2518 5879 ego
2543 5811 2831 5867 maximam
2855 5807 3172 5877 duco,tcum
3203 5805 3349 5862 illum
3378 5800 3573 5860 imitari
3610 5792 3740 5861 volo,
