  <div class='ocr_page' id='page_1' title='image "/cluster/home/n/w/nwhite01/storage/ocr_20150623/17/mdp.39015031604831/572.png"; bbox 0 0 4068 6308; ppageno 0'>
   <div class='ocr_carea' id='block_1_1' title="bbox 267 396 400 452">
    <p class='ocr_par' dir='ltr' id='par_1_1' title="bbox 267 396 400 452">
     <span class='ocr_line' id='line_1_1' title="bbox 267 396 400 452; baseline 0.015 -2"><span class='ocrx_word' id='word_1_1' title='bbox 267 396 400 452; x_wconf 78' lang='grc'><strong>11³55</strong></span> 
     </span>
    </p>
   </div>
   <div class='ocr_carea' id='block_1_2' title="bbox 1143 380 2614 461">
    <p class='ocr_par' dir='ltr' id='par_1_2' title="bbox 1143 380 2614 461">
     <span class='ocr_line' id='line_1_2' title="bbox 1143 380 2614 461; baseline 0 -14"><span class='ocrx_word' id='word_1_2' title='bbox 1143 380 1707 447; x_wconf 78' lang='lat' dir='ltr'><strong>ORIGENIANORUM</strong></span> <span class='ocrx_word' id='word_1_3' title='bbox 1745 390 1870 445; x_wconf 81' lang='lat' dir='ltr'><strong>LIB.</strong></span> <span class='ocrx_word' id='word_1_4' title='bbox 1914 390 1976 455; x_wconf 89' lang='lat' dir='ltr'><strong>Il,</strong></span> <span class='ocrx_word' id='word_1_5' title='bbox 2017 392 2168 446; x_wconf 84' lang='lat' dir='ltr'><strong>CAP.</strong></span> <span class='ocrx_word' id='word_1_6' title='bbox 2211 393 2298 461; x_wconf 83' lang='lat' dir='ltr'><strong>IV,</strong></span> <span class='ocrx_word' id='word_1_7' title='bbox 2342 391 2533 448; x_wconf 82' lang='lat' dir='ltr'><strong>SECT.</strong></span> <span class='ocrx_word' id='word_1_8' title='bbox 2574 392 2614 447; x_wconf 90' lang='lat' dir='ltr'><strong>I.</strong></span> 
     </span>
    </p>
   </div>
   <div class='ocr_carea' id='block_1_3' title="bbox 3366 402 3501 460">
    <p class='ocr_par' dir='ltr' id='par_1_3' title="bbox 3366 402 3501 460">
     <span class='ocr_line' id='line_1_3' title="bbox 3366 402 3501 460; baseline 0.037 -5"><span class='ocrx_word' id='word_1_9' title='bbox 3366 402 3501 460; x_wconf 74' lang='grc'><strong>1154</strong></span> 
     </span>
    </p>
   </div>
   <div class='ocr_carea' id='block_1_4' title="bbox 265 514 3500 592">
    <p class='ocr_par' dir='ltr' id='par_1_4' title="bbox 265 514 3500 592">
     <span class='ocr_line' id='line_1_4' title="bbox 265 514 3500 592; baseline 0.001 -18"><span class='ocrx_word' id='word_1_10' title='bbox 265 535 423 590; x_wconf 86' lang='lat' dir='ltr'><strong>quem</strong></span> <span class='ocrx_word' id='word_1_11' title='bbox 451 517 661 576; x_wconf 89' lang='lat' dir='ltr'><strong>cunctis</strong></span> <span class='ocrx_word' id='word_1_12' title='bbox 706 516 1061 587; x_wconf 77' lang='lat' dir='ltr'><strong>prudentibus</strong></span> <span class='ocrx_word' id='word_1_13' title='bbox 1087 525 1141 569; x_wconf 90' lang='lat' dir='ltr'><strong>et</strong></span> <span class='ocrx_word' id='word_1_14' title='bbox 1174 516 1324 570; x_wconf 82' lang='lat' dir='ltr'><strong>vobis</strong></span> <span class='ocrx_word' id='word_1_15' title='bbox 1359 514 1573 584; x_wconf 78' lang='lat' dir='ltr'><strong>placere</strong></span> <span class='ocrx_word' id='word_1_16' title='bbox 1601 529 1706 569; x_wconf 92' lang='lat' dir='ltr'><strong>non</strong></span> <span class='ocrx_word' id='word_1_17' title='bbox 1737 515 1837 569; x_wconf 88' lang='lat' dir='ltr'><strong>du-</strong></span> <span class='ocrx_word' id='word_1_18' title='bbox 1868 516 1914 572; x_wconf 88' lang='lat' dir='ltr'><strong>A</strong></span> <span class='ocrx_word' id='word_1_19' title='bbox 1940 529 2037 578; x_wconf 86' lang='lat' dir='ltr'><strong>pro</strong></span> <span class='ocrx_word' id='word_1_20' title='bbox 2060 530 2241 569; x_wconf 87' lang='lat' dir='ltr'><strong>rerum</strong></span> <span class='ocrx_word' id='word_1_21' title='bbox 2278 531 2343 571; x_wconf 89' lang='lat' dir='ltr'><strong>ac</strong></span> <span class='ocrx_word' id='word_1_22' title='bbox 2376 526 2678 587; x_wconf 87' lang='lat' dir='ltr'><strong>temporum</strong></span> <span class='ocrx_word' id='word_1_23' title='bbox 2708 518 2940 585; x_wconf 91' lang='lat' dir='ltr'><strong>ratione,</strong></span> <span class='ocrx_word' id='word_1_24' title='bbox 2971 521 3110 574; x_wconf 92' lang='lat' dir='ltr'><strong>trahi</strong></span> <span class='ocrx_word' id='word_1_25' title='bbox 3150 536 3207 576; x_wconf 92' lang='lat' dir='ltr'><strong>se</strong></span> <span class='ocrx_word' id='word_1_26' title='bbox 3231 530 3284 575; x_wconf 89' lang='lat' dir='ltr'><strong>et</strong></span> <span class='ocrx_word' id='word_1_27' title='bbox 3305 523 3500 592; x_wconf 76' lang='lat' dir='ltr'><strong>jactari</strong></span> 
     </span>
    </p>
   </div>
   <div class='ocr_carea' id='block_1_5' title="bbox 266 606 1828 680">
    <p class='ocr_par' dir='ltr' id='par_1_5' title="bbox 266 606 1828 680">
     <span class='ocr_line' id='line_1_5' title="bbox 266 606 1828 680; baseline -0.006 -11"><span class='ocrx_word' id='word_1_28' title='bbox 266 617 408 680; x_wconf 90' lang='lat' dir='ltr'><strong>bito;</strong></span> <span class='ocrx_word' id='word_1_29' title='bbox 447 632 466 665; x_wconf 76' lang='grc' dir='ltr'><strong>ι</strong></span> <span class='ocrx_word' id='word_1_30' title='bbox 497 628 595 668; x_wconf 92' lang='lat' dir='ltr'><strong>cur</strong></span> <span class='ocrx_word' id='word_1_31' title='bbox 635 611 689 666; x_wconf 89' lang='lat' dir='ltr'><strong>in</strong></span> <span class='ocrx_word' id='word_1_32' title='bbox 719 608 1035 679; x_wconf 69' lang='lat' dir='ltr'><strong>prmfatione</strong></span> <span class='ocrx_word' id='word_1_33' title='bbox 1067 608 1133 662; x_wconf 89' lang='lat' dir='ltr'><strong>ad</strong></span> <span class='ocrx_word' id='word_1_34' title='bbox 1177 607 1377 662; x_wconf 90' lang='lat' dir='ltr'><strong>librum</strong></span> <span class='ocrx_word' id='word_1_35' title='bbox 1418 606 1497 662; x_wconf 82' lang='lat' dir='ltr'><strong>De</strong></span> <span class='ocrx_word' id='word_1_36' title='bbox 1530 607 1828 660; x_wconf 75' lang='lat' dir='ltr'><strong>nominibus</strong></span> 
     </span>
    </p>
   </div>
   <div class='ocr_carea' id='block_1_6' title="bbox 271 700 1833 774">
    <p class='ocr_par' dir='ltr' id='par_1_6' title="bbox 271 700 1833 774">
     <span class='ocr_line' id='line_1_6' title="bbox 271 700 1833 774; baseline -0.004 -11"><span class='ocrx_word' id='word_1_37' title='bbox 271 709 567 774; x_wconf 74' lang='lat' dir='ltr'><strong>Hebraicis,</strong></span> <span class='ocrx_word' id='word_1_38' title='bbox 601 708 678 762; x_wconf 85' lang='lat' dir='ltr'><strong>ait</strong></span> <span class='ocrx_word' id='word_1_39' title='bbox 700 706 965 762; x_wconf 89' lang='lat' dir='ltr'><strong>neminem</strong></span> <span class='ocrx_word' id='word_1_40' title='bbox 1004 703 1103 758; x_wconf 87' lang='lat' dir='ltr'><strong>nisi</strong></span> <span class='ocrx_word' id='word_1_41' title='bbox 1138 702 1468 774; x_wconf 91' lang='lat' dir='ltr'><strong>imperitum,</strong></span> <span class='ocrx_word' id='word_1_42' title='bbox 1496 717 1691 773; x_wconf 86' lang='lat' dir='ltr'><strong>negare</strong></span> <span class='ocrx_word' id='word_1_43' title='bbox 1713 700 1833 758; x_wconf 86' lang='lat' dir='ltr'><strong>Ori-</strong></span> 
     </span>
    </p>
   </div>
   <div class='ocr_carea' id='block_1_7' title="bbox 268 793 1831 871">
    <p class='ocr_par' dir='ltr' id='par_1_7' title="bbox 268 793 1831 871">
     <span class='ocr_line' id='line_1_7' title="bbox 268 793 1831 871; baseline -0.004 -17"><span class='ocrx_word' id='word_1_44' title='bbox 268 817 457 871; x_wconf 82' lang='lat' dir='ltr'><strong>genem</strong></span> <span class='ocrx_word' id='word_1_45' title='bbox 482 809 601 870; x_wconf 90' lang='lat' dir='ltr'><strong>post</strong></span> <span class='ocrx_word' id='word_1_46' title='bbox 630 798 897 870; x_wconf 83' lang='lat' dir='ltr'><strong>apostolos</strong></span> <span class='ocrx_word' id='word_1_47' title='bbox 920 795 1286 851; x_wconf 88' lang='lat' dir='ltr'><strong>Ecclesiarum</strong></span> <span class='ocrx_word' id='word_1_48' title='bbox 1315 810 1435 851; x_wconf 90' lang='lat' dir='ltr'><strong>esse</strong></span> <span class='ocrx_word' id='word_1_49' title='bbox 1469 793 1831 866; x_wconf 85' lang='lat' dir='ltr'><strong>magistrum?</strong></span> 
     </span>
    </p>
   </div>
   <div class='ocr_carea' id='block_1_8' title="bbox 336 885 1876 963">
    <p class='ocr_par' dir='ltr' id='par_1_8' title="bbox 336 885 1876 963">
     <span class='ocr_line' id='line_1_8' title="bbox 336 885 1876 963; baseline -0.004 -18"><span class='ocrx_word' id='word_1_50' title='bbox 336 891 500 963; x_wconf 78' lang='lat' dir='ltr'><strong>Igitur</strong></span> <span class='ocrx_word' id='word_1_51' title='bbox 541 908 647 950; x_wconf 92' lang='lat' dir='ltr'><strong>non</strong></span> <span class='ocrx_word' id='word_1_52' title='bbox 694 893 810 947; x_wconf 85' lang='lat' dir='ltr'><strong>sine</strong></span> <span class='ocrx_word' id='word_1_53' title='bbox 857 904 1017 945; x_wconf 87' lang='lat' dir='ltr'><strong>causa</strong></span> <span class='ocrx_word' id='word_1_54' title='bbox 1065 890 1288 944; x_wconf 88' lang='lat' dir='ltr'><strong>Rulinus</strong></span> <span class='ocrx_word' id='word_1_55' title='bbox 1328 886 1690 959; x_wconf 85' lang='lat' dir='ltr'><strong>Origenistam</strong></span> <span class='ocrx_word' id='word_1_56' title='bbox 1729 885 1831 941; x_wconf 68' lang='lat' dir='ltr'><strong>alio</strong></span> <span class='ocrx_word' id='word_1_57' title='bbox 1873 916 1876 925; x_wconf 64' lang='grc' dir='ltr'><strong>ι</strong></span> 
     </span>
    </p>
   </div>
   <div class='ocr_carea' id='block_1_9' title="bbox 262 979 1825 1056">
    <p class='ocr_par' dir='ltr' id='par_1_9' title="bbox 262 979 1825 1056">
     <span class='ocr_line' id='line_1_9' title="bbox 262 979 1825 1056; baseline -0.004 -19"><span class='ocrx_word' id='word_1_58' title='bbox 262 985 480 1054; x_wconf 85' lang='lat' dir='ltr'><strong>quando</strong></span> <span class='ocrx_word' id='word_1_59' title='bbox 523 986 683 1041; x_wconf 91' lang='lat' dir='ltr'><strong>fuisse</strong></span> <span class='ocrx_word' id='word_1_60' title='bbox 714 983 1096 1056; x_wconf 86' lang='lat' dir='ltr'><strong>Hieronymum</strong></span> <span class='ocrx_word' id='word_1_61' title='bbox 1138 981 1400 1051; x_wconf 85' lang='lat' dir='ltr'><strong>jactabat.</strong></span> <span class='ocrx_word' id='word_1_62' title='bbox 1441 999 1459 1032; x_wconf 76' lang='grc' dir='ltr'><strong>ι</strong></span> <span class='ocrx_word' id='word_1_63' title='bbox 1495 979 1619 1035; x_wconf 62' lang='lat' dir='ltr'><strong>Haec</strong></span> <span class='ocrx_word' id='word_1_64' title='bbox 1668 988 1769 1046; x_wconf 90' lang='lat' dir='ltr'><strong>est,</strong></span> <span class='ocrx_word' id='word_1_65' title='bbox 1805 997 1825 1031; x_wconf 75' lang='grc' dir='ltr'><strong>ι</strong></span> 
     </span>
    </p>
   </div>
   <div class='ocr_carea' id='block_1_10' title="bbox 262 1074 1836 1150">
    <p class='ocr_par' dir='ltr' id='par_1_10' title="bbox 262 1074 1836 1150">
     <span class='ocr_line' id='line_1_10' title="bbox 262 1074 1836 1150; baseline -0.004 -17"><span class='ocrx_word' id='word_1_66' title='bbox 262 1081 460 1150; x_wconf 83' lang='lat' dir='ltr'><strong>inquit,</strong></span> <span class='ocrx_word' id='word_1_67' title='bbox 495 1082 686 1135; x_wconf 91' lang='lat' dir='ltr'><strong>invect.</strong></span> <span class='ocrx_word' id='word_1_68' title='bbox 716 1095 756 1144; x_wconf 86' lang='lat' dir='ltr'><strong>r,</strong></span> <span class='ocrx_word' id='word_1_69' title='bbox 803 1096 821 1130; x_wconf 75' lang='grc' dir='ltr'><strong>ι</strong></span> <span class='ocrx_word' id='word_1_70' title='bbox 866 1088 953 1131; x_wconf 91' lang='lat' dir='ltr'><strong>tua</strong></span> <span class='ocrx_word' id='word_1_71' title='bbox 1007 1077 1139 1131; x_wconf 88' lang='lat' dir='ltr'><strong>tanti</strong></span> <span class='ocrx_word' id='word_1_72' title='bbox 1188 1074 1428 1144; x_wconf 80' lang='lat' dir='ltr'><strong>magistri</strong></span> <span class='ocrx_word' id='word_1_73' title='bbox 1470 1082 1737 1144; x_wconf 79' lang='lat' dir='ltr'><strong>gravuas,</strong></span> <span class='ocrx_word' id='word_1_74' title='bbox 1774 1081 1836 1128; x_wconf 89' lang='lat' dir='ltr'><strong>ut</strong></span> 
     </span>
    </p>
   </div>
   <div class='ocr_carea' id='block_1_11' title="bbox 259 1166 1835 1243">
    <p class='ocr_par' dir='ltr' id='par_1_11' title="bbox 259 1166 1835 1243">
     <span class='ocr_line' id='line_1_11' title="bbox 259 1166 1835 1243; baseline -0.004 -16"><span class='ocrx_word' id='word_1_75' title='bbox 259 1188 385 1227; x_wconf 91' lang='lat' dir='ltr'><strong>eum</strong></span> <span class='ocrx_word' id='word_1_76' title='bbox 442 1188 597 1243; x_wconf 86' lang='lat' dir='ltr'><strong>quem</strong></span> <span class='ocrx_word' id='word_1_77' title='bbox 634 1173 684 1225; x_wconf 94' lang='lat' dir='ltr'><strong>in</strong></span> <span class='ocrx_word' id='word_1_78' title='bbox 728 1171 850 1225; x_wconf 86' lang='lat' dir='ltr'><strong>aliis</strong></span> <span class='ocrx_word' id='word_1_79' title='bbox 899 1169 1107 1233; x_wconf 85' lang='lat' dir='ltr'><strong>laudas,</strong></span> <span class='ocrx_word' id='word_1_80' title='bbox 1150 1169 1475 1222; x_wconf 87' lang='lat' dir='ltr'><strong>condemnes</strong></span> <span class='ocrx_word' id='word_1_81' title='bbox 1516 1167 1571 1222; x_wconf 91' lang='lat' dir='ltr'><strong>in</strong></span> <span class='ocrx_word' id='word_1_82' title='bbox 1608 1166 1729 1222; x_wconf 91' lang='lat' dir='ltr'><strong>aliis</strong></span> <span class='ocrx_word' id='word_1_83' title='bbox 1779 1174 1835 1221; x_wconf 82' lang='grc' dir='ltr'>ει</span> 
     </span>
    </p>
   </div>
   <div class='ocr_carea' id='block_1_12' title="bbox 261 1258 1834 1335">
    <p class='ocr_par' dir='ltr' id='par_1_12' title="bbox 261 1258 1834 1335">
     <span class='ocr_line' id='line_1_12' title="bbox 261 1258 1834 1335; baseline -0.003 -16"><span class='ocrx_word' id='word_1_84' title='bbox 261 1282 422 1335; x_wconf 91' lang='lat' dir='ltr'><strong>quem</strong></span> <span class='ocrx_word' id='word_1_85' title='bbox 454 1266 504 1318; x_wconf 92' lang='lat' dir='ltr'><strong>in</strong></span> <span class='ocrx_word' id='word_1_86' title='bbox 536 1263 948 1333; x_wconf 84' lang='lat' dir='ltr'><strong>praefationibus</strong></span> <span class='ocrx_word' id='word_1_87' title='bbox 994 1262 1100 1314; x_wconf 87' lang='lat' dir='ltr'><strong>tuis</strong></span> <span class='ocrx_word' id='word_1_88' title='bbox 1137 1260 1361 1316; x_wconf 88' lang='lat' dir='ltr'><strong>alterum</strong></span> <span class='ocrx_word' id='word_1_89' title='bbox 1401 1267 1521 1329; x_wconf 90' lang='lat' dir='ltr'><strong>post</strong></span> <span class='ocrx_word' id='word_1_90' title='bbox 1563 1258 1834 1328; x_wconf 87' lang='lat' dir='ltr'><strong>apostolos</strong></span> 
     </span>
    </p>
   </div>
   <div class='ocr_carea' id='block_1_13' title="bbox 260 1351 1836 1424">
    <p class='ocr_par' dir='ltr' id='par_1_13' title="bbox 260 1351 1836 1424">
     <span class='ocr_line' id='line_1_13' title="bbox 260 1351 1836 1424; baseline -0.003 -13"><span class='ocrx_word' id='word_1_91' title='bbox 260 1356 626 1411; x_wconf 83' lang='lat' dir='ltr'><strong>Ecclesiarum</strong></span> <span class='ocrx_word' id='word_1_92' title='bbox 660 1355 974 1424; x_wconf 85' lang='lat' dir='ltr'><strong>magistrum</strong></span> <span class='ocrx_word' id='word_1_93' title='bbox 1000 1354 1204 1419; x_wconf 79' lang='lat' dir='ltr'><strong>dixisti,</strong></span> <span class='ocrx_word' id='word_1_94' title='bbox 1242 1367 1384 1407; x_wconf 88' lang='lat' dir='ltr'><strong>nunc</strong></span> <span class='ocrx_word' id='word_1_95' title='bbox 1415 1352 1725 1408; x_wconf 78' lang='lat' dir='ltr'><strong>haereticum</strong></span> <span class='ocrx_word' id='word_1_96' title='bbox 1755 1351 1836 1406; x_wconf 90' lang='lat' dir='ltr'><strong>di-</strong></span> 
     </span>
    </p>
   </div>
   <div class='ocr_carea' id='block_1_14' title="bbox 259 1441 1835 1514">
    <p class='ocr_par' dir='ltr' id='par_1_14' title="bbox 259 1441 1835 1514">
     <span class='ocr_line' id='line_1_14' title="bbox 259 1441 1835 1514; baseline -0.006 -11"><span class='ocrx_word' id='word_1_97' title='bbox 259 1463 358 1503; x_wconf 89' lang='lat' dir='ltr'><strong>cas</strong></span> <span class='ocrx_word' id='word_1_98' title='bbox 384 1447 409 1500; x_wconf 82' lang='lat'><strong>?</strong></span> <span class='ocrx_word' id='word_1_99' title='bbox 443 1447 572 1514; x_wconf 86' lang='lat' dir='ltr'><strong>Quis</strong></span> <span class='ocrx_word' id='word_1_100' title='bbox 606 1445 894 1499; x_wconf 67' lang='lat' dir='ltr'><strong>haereticus</strong></span> <span class='ocrx_word' id='word_1_101' title='bbox 922 1441 1284 1497; x_wconf 86' lang='lat' dir='ltr'><strong>Ecclesiarum</strong></span> <span class='ocrx_word' id='word_1_102' title='bbox 1310 1442 1565 1512; x_wconf 80' lang='lat' dir='ltr'><strong>magister</strong></span> <span class='ocrx_word' id='word_1_103' title='bbox 1590 1442 1835 1511; x_wconf 85' lang='lat' dir='ltr'><strong>aliquan-</strong></span> 
     </span>
    </p>
   </div>
   <div class='ocr_carea' id='block_1_15' title="bbox 259 1532 1837 1608">
    <p class='ocr_par' dir='ltr' id='par_1_15' title="bbox 259 1532 1837 1608">
     <span class='ocr_line' id='line_1_15' title="bbox 259 1532 1837 1608; baseline -0.005 -14"><span class='ocrx_word' id='word_1_104' title='bbox 259 1539 333 1594; x_wconf 91' lang='lat' dir='ltr'><strong>do</strong></span> <span class='ocrx_word' id='word_1_105' title='bbox 359 1538 460 1593; x_wconf 92' lang='lat' dir='ltr'><strong>dici</strong></span> <span class='ocrx_word' id='word_1_106' title='bbox 492 1536 716 1608; x_wconf 85' lang='lat' dir='ltr'><strong>potuit?</strong></span> <span class='ocrx_word' id='word_1_107' title='bbox 752 1553 771 1586; x_wconf 78' lang='grc' dir='ltr'><strong>ι</strong></span> <span class='ocrx_word' id='word_1_108' title='bbox 807 1535 998 1589; x_wconf 89' lang='lat' dir='ltr'><strong>Futilis</strong></span> <span class='ocrx_word' id='word_1_109' title='bbox 1026 1536 1090 1589; x_wconf 90' lang='lat' dir='ltr'><strong>ad</strong></span> <span class='ocrx_word' id='word_1_110' title='bbox 1124 1534 1239 1608; x_wconf 65' lang='lat' dir='ltr'><strong>haec</strong></span> <span class='ocrx_word' id='word_1_111' title='bbox 1273 1532 1581 1603; x_wconf 83' lang='lat' dir='ltr'><strong>Hieronymi</strong></span> <span class='ocrx_word' id='word_1_112' title='bbox 1611 1547 1837 1588; x_wconf 82' lang='lat' dir='ltr'><strong>excusa-</strong></span> 
     </span>
    </p>
   </div>
   <div class='ocr_carea' id='block_1_16' title="bbox 262 1606 1837 1700">
    <p class='ocr_par' dir='ltr' id='par_1_16' title="bbox 262 1606 1837 1700">
     <span class='ocr_line' id='line_1_16' title="bbox 262 1606 1837 1700; baseline -0.004 -15"><span class='ocrx_word' id='word_1_113' title='bbox 262 1633 360 1696; x_wconf 90' lang='lat' dir='ltr'><strong>tio,</strong></span> <span class='ocrx_word' id='word_1_114' title='bbox 394 1606 749 1700; x_wconf 35' lang='lat' dir='ltr'><strong>qui—Promm.</strong></span> <span class='ocrx_word' id='word_1_115' title='bbox 780 1627 833 1681; x_wconf 92' lang='lat' dir='ltr'><strong>in</strong></span> <span class='ocrx_word' id='word_1_116' title='bbox 867 1628 957 1682; x_wconf 89' lang='lat' dir='ltr'><strong>lib.</strong></span> <span class='ocrx_word' id='word_1_117' title='bbox 990 1643 1042 1682; x_wconf 69' lang='grc' dir='ltr'><strong>ιι</strong></span> <span class='ocrx_word' id='word_1_118' title='bbox 1093 1606 1385 1682; x_wconf 78' lang='lat' dir='ltr'><strong>Comment.</strong></span> <span class='ocrx_word' id='word_1_119' title='bbox 1429 1625 1590 1679; x_wconf 77' lang='lat' dir='ltr'><strong>Isaia:</strong></span> <span class='ocrx_word' id='word_1_120' title='bbox 1617 1638 1837 1694; x_wconf 87' lang='lat' dir='ltr'><strong>respon-</strong></span> 
     </span>
    </p>
   </div>
   <div class='ocr_carea' id='block_1_17' title="bbox 262 1717 1837 1792">
    <p class='ocr_par' dir='ltr' id='par_1_17' title="bbox 262 1717 1837 1792">
     <span class='ocr_line' id='line_1_17' title="bbox 262 1717 1837 1792; baseline -0.003 -17"><span class='ocrx_word' id='word_1_121' title='bbox 262 1725 357 1777; x_wconf 88' lang='lat' dir='ltr'><strong>det</strong></span> <span class='ocrx_word' id='word_1_122' title='bbox 404 1721 719 1792; x_wconf 82' lang='lat' dir='ltr'><strong>Origenetn,</strong></span> <span class='ocrx_word' id='word_1_123' title='bbox 756 1720 1064 1784; x_wconf 87' lang='lat' dir='ltr'><strong>Eusebium,</strong></span> <span class='ocrx_word' id='word_1_124' title='bbox 1099 1717 1512 1788; x_wconf 86' lang='lat' dir='ltr'><strong>Apollinarium,</strong></span> <span class='ocrx_word' id='word_1_125' title='bbox 1541 1717 1780 1787; x_wconf 90' lang='lat' dir='ltr'><strong>aliosque</strong></span> <span class='ocrx_word' id='word_1_126' title='bbox 1806 1732 1837 1770; x_wconf 90' lang='lat' dir='ltr'><strong>a</strong></span> 
     </span>
    </p>
   </div>
   <div class='ocr_carea' id='block_1_18' title="bbox 261 1808 1838 1879">
    <p class='ocr_par' dir='ltr' id='par_1_18' title="bbox 261 1808 1838 1879">
     <span class='ocr_line' id='line_1_18' title="bbox 261 1808 1838 1879; baseline -0.004 -9"><span class='ocrx_word' id='word_1_127' title='bbox 261 1830 323 1871; x_wconf 88' lang='lat' dir='ltr'><strong>se</strong></span> <span class='ocrx_word' id='word_1_128' title='bbox 364 1816 417 1869; x_wconf 92' lang='lat' dir='ltr'><strong>in</strong></span> <span class='ocrx_word' id='word_1_129' title='bbox 465 1812 869 1867; x_wconf 89' lang='lat' dir='ltr'><strong>commentariis</strong></span> <span class='ocrx_word' id='word_1_130' title='bbox 918 1812 983 1867; x_wconf 91' lang='lat' dir='ltr'><strong>ad</strong></span> <span class='ocrx_word' id='word_1_131' title='bbox 1036 1811 1202 1864; x_wconf 89' lang='lat' dir='ltr'><strong>libros</strong></span> <span class='ocrx_word' id='word_1_132' title='bbox 1259 1808 1513 1875; x_wconf 80' lang='lat' dir='ltr'><strong>Daniclis,</strong></span> <span class='ocrx_word' id='word_1_133' title='bbox 1550 1809 1838 1879; x_wconf 86' lang='lat' dir='ltr'><strong>magistros</strong></span> 
     </span>
    </p>
   </div>
   <div class='ocr_carea' id='block_1_19' title="bbox 268 1899 1839 1969">
    <p class='ocr_par' dir='ltr' id='par_1_19' title="bbox 268 1899 1839 1969">
     <span class='ocr_line' id='line_1_19' title="bbox 268 1899 1839 1969; baseline -0.004 -9"><span class='ocrx_word' id='word_1_134' title='bbox 268 1906 527 1960; x_wconf 69' lang='lat' dir='ltr'><strong>Ecclesitc</strong></span> <span class='ocrx_word' id='word_1_135' title='bbox 556 1906 863 1959; x_wconf 87' lang='lat' dir='ltr'><strong>nominatos</strong></span> <span class='ocrx_word' id='word_1_136' title='bbox 885 1943 900 1966; x_wconf 94' lang='lat'><strong>,</strong></span> <span class='ocrx_word' id='word_1_137' title='bbox 931 1903 997 1957; x_wconf 91' lang='lat' dir='ltr'><strong>ad</strong></span> <span class='ocrx_word' id='word_1_138' title='bbox 1030 1901 1432 1956; x_wconf 90' lang='lat' dir='ltr'><strong>distinctionem</strong></span> <span class='ocrx_word' id='word_1_139' title='bbox 1480 1899 1839 1969; x_wconf 90' lang='lat' dir='ltr'><strong>quorumdam</strong></span> 
     </span>
    </p>
   </div>
   <div class='ocr_carea' id='block_1_20' title="bbox 266 1991 1840 2068">
    <p class='ocr_par' dir='ltr' id='par_1_20' title="bbox 266 1991 1840 2068">
     <span class='ocr_line' id='line_1_20' title="bbox 266 1991 1840 2068; baseline -0.003 -17"><span class='ocrx_word' id='word_1_140' title='bbox 266 2002 358 2068; x_wconf 85' lang='lat' dir='ltr'><strong>qui</strong></span> <span class='ocrx_word' id='word_1_141' title='bbox 388 2014 416 2052; x_wconf 92' lang='lat' dir='ltr'><strong>a</strong></span> <span class='ocrx_word' id='word_1_142' title='bbox 451 1998 651 2052; x_wconf 86' lang='lat' dir='ltr'><strong>Christi</strong></span> <span class='ocrx_word' id='word_1_143' title='bbox 688 1999 790 2050; x_wconf 83' lang='lat' dir='ltr'><strong>fide</strong></span> <span class='ocrx_word' id='word_1_144' title='bbox 827 2003 981 2049; x_wconf 85' lang='lat' dir='ltr'><strong>erant</strong></span> <span class='ocrx_word' id='word_1_145' title='bbox 1022 1992 1203 2047; x_wconf 89' lang='lat' dir='ltr'><strong>alieni.</strong></span> <span class='ocrx_word' id='word_1_146' title='bbox 1231 1991 1416 2062; x_wconf 88' lang='lat' dir='ltr'><strong>Pergit</strong></span> <span class='ocrx_word' id='word_1_147' title='bbox 1452 1991 1840 2063; x_wconf 84' lang='lat' dir='ltr'><strong>Hieronymum</strong></span> 
     </span>
    </p>
   </div>
   <div class='ocr_carea' id='block_1_21' title="bbox 267 2083 1843 2155">
    <p class='ocr_par' dir='ltr' id='par_1_21' title="bbox 267 2083 1843 2155">
     <span class='ocr_line' id='line_1_21' title="bbox 267 2083 1843 2155; baseline -0.003 -13"><span class='ocrx_word' id='word_1_148' title='bbox 267 2089 535 2145; x_wconf 86' lang='lat' dir='ltr'><strong>lacessere</strong></span> <span class='ocrx_word' id='word_1_149' title='bbox 561 2088 1062 2155; x_wconf 87' lang='lat' dir='ltr'><strong>Ruﬁnus,eumque</strong></span> <span class='ocrx_word' id='word_1_150' title='bbox 1096 2083 1344 2153; x_wconf 87' lang='lat' dir='ltr'><strong>Origenis</strong></span> <span class='ocrx_word' id='word_1_151' title='bbox 1379 2084 1535 2140; x_wconf 90' lang='lat' dir='ltr'><strong>ﬁdem</strong></span> <span class='ocrx_word' id='word_1_152' title='bbox 1566 2098 1843 2153; x_wconf 88' lang='lat' dir='ltr'><strong>nunquam</strong></span> 
     </span>
    </p>
   </div>
   <div class='ocr_carea' id='block_1_22' title="bbox 269 2176 1848 2248">
    <p class='ocr_par' dir='ltr' id='par_1_22' title="bbox 269 2176 1848 2248">
     <span class='ocr_line' id='line_1_22' title="bbox 269 2176 1848 2248; baseline -0.003 -12"><span class='ocrx_word' id='word_1_153' title='bbox 269 2196 326 2236; x_wconf 90' lang='lat' dir='ltr'><strong>se</strong></span> <span class='ocrx_word' id='word_1_154' title='bbox 366 2182 611 2234; x_wconf 84' lang='lat' dir='ltr'><strong>laudasse</strong></span> <span class='ocrx_word' id='word_1_155' title='bbox 649 2178 944 2248; x_wconf 87' lang='lat' dir='ltr'><strong>jactantem</strong></span> <span class='ocrx_word' id='word_1_156' title='bbox 998 2178 1233 2248; x_wconf 83' lang='lat' dir='ltr'><strong>propriis</strong></span> <span class='ocrx_word' id='word_1_157' title='bbox 1274 2178 1441 2248; x_wconf 89' lang='lat' dir='ltr'><strong>ipsius</strong></span> <span class='ocrx_word' id='word_1_158' title='bbox 1475 2176 1656 2233; x_wconf 82' lang='lat' dir='ltr'><strong>verbis</strong></span> <span class='ocrx_word' id='word_1_159' title='bbox 1690 2191 1848 2232; x_wconf 88' lang='lat' dir='ltr'><strong>coar-</strong></span> 
     </span>
    </p>
   </div>
   <div class='ocr_carea' id='block_1_23' title="bbox 269 2266 1845 2341">
    <p class='ocr_par' dir='ltr' id='par_1_23' title="bbox 269 2266 1845 2341">
     <span class='ocr_line' id='line_1_23' title="bbox 269 2266 1845 2341; baseline -0.003 -16"><span class='ocrx_word' id='word_1_160' title='bbox 269 2273 403 2341; x_wconf 86' lang='lat' dir='ltr'><strong>guit.</strong></span> <span class='ocrx_word' id='word_1_161' title='bbox 424 2270 628 2337; x_wconf 84' lang='lat' dir='ltr'><strong>Quibus</strong></span> <span class='ocrx_word' id='word_1_162' title='bbox 648 2269 739 2323; x_wconf 90' lang='lat' dir='ltr'><strong>ille</strong></span> <span class='ocrx_word' id='word_1_163' title='bbox 769 2269 913 2324; x_wconf 91' lang='lat' dir='ltr'><strong>velut</strong></span> <span class='ocrx_word' id='word_1_164' title='bbox 961 2269 1243 2324; x_wconf 89' lang='lat' dir='ltr'><strong>convictus</strong></span> <span class='ocrx_word' id='word_1_165' title='bbox 1284 2269 1471 2323; x_wconf 86' lang='lat' dir='ltr'><strong>scribit</strong></span> <span class='ocrx_word' id='word_1_166' title='bbox 1494 2266 1587 2322; x_wconf 92' lang='lat' dir='ltr'><strong>lib.</strong></span> <span class='ocrx_word' id='word_1_167' title='bbox 1615 2283 1673 2323; x_wconf 93' lang='grc' dir='ltr'><strong>ιιι</strong></span> <span class='ocrx_word' id='word_1_168' title='bbox 1702 2266 1845 2337; x_wconf 81' lang='lat' dir='ltr'><strong>Apo-</strong></span> 
     </span>
    </p>
   </div>
   <div class='ocr_carea' id='block_1_24' title="bbox 270 2357 1847 2432">
    <p class='ocr_par' dir='ltr' id='par_1_24' title="bbox 270 2357 1847 2432">
     <span class='ocr_line' id='line_1_24' title="bbox 270 2357 1847 2432; baseline -0.001 -18"><span class='ocrx_word' id='word_1_169' title='bbox 270 2363 402 2432; x_wconf 85' lang='lat' dir='ltr'><strong>log.,</strong></span> <span class='ocrx_word' id='word_1_170' title='bbox 435 2377 554 2431; x_wconf 86' lang='lat' dir='ltr'><strong>cap.</strong></span> <span class='ocrx_word' id='word_1_171' title='bbox 585 2364 637 2416; x_wconf 80' lang='lat'><strong>&#39;5.</strong></span> <span class='ocrx_word' id='word_1_172' title='bbox 683 2380 701 2412; x_wconf 73' lang='grc' dir='ltr'><strong>ι</strong></span> <span class='ocrx_word' id='word_1_173' title='bbox 754 2361 956 2416; x_wconf 89' lang='lat' dir='ltr'><strong>Eodem</strong></span> <span class='ocrx_word' id='word_1_174' title='bbox 997 2362 1205 2415; x_wconf 80' lang='lat' dir='ltr'><strong>fervore</strong></span> <span class='ocrx_word' id='word_1_175' title='bbox 1241 2374 1347 2429; x_wconf 92' lang='lat' dir='ltr'><strong>quo</strong></span> <span class='ocrx_word' id='word_1_176' title='bbox 1392 2357 1676 2429; x_wconf 89' lang='lat' dir='ltr'><strong>Origenem</strong></span> <span class='ocrx_word' id='word_1_177' title='bbox 1725 2366 1847 2413; x_wconf 89' lang='lat' dir='ltr'><strong>ante</strong></span> 
     </span>
    </p>
   </div>
   <div class='ocr_carea' id='block_1_25' title="bbox 266 2448 1840 2514">
    <p class='ocr_par' dir='ltr' id='par_1_25' title="bbox 266 2448 1840 2514">
     <span class='ocr_line' id='line_1_25' title="bbox 266 2448 1840 2514; baseline -0.004 -8"><span class='ocrx_word' id='word_1_178' title='bbox 266 2452 624 2514; x_wconf 85' lang='lat' dir='ltr'><strong>laudavimus,</strong></span> <span class='ocrx_word' id='word_1_179' title='bbox 648 2467 792 2507; x_wconf 90' lang='lat' dir='ltr'><strong>nunc</strong></span> <span class='ocrx_word' id='word_1_180' title='bbox 823 2453 1134 2505; x_wconf 88' lang='lat' dir='ltr'><strong>damnatum</strong></span> <span class='ocrx_word' id='word_1_181' title='bbox 1161 2458 1275 2505; x_wconf 93' lang='lat' dir='ltr'><strong>toto</strong></span> <span class='ocrx_word' id='word_1_182' title='bbox 1297 2448 1428 2505; x_wconf 88' lang='lat' dir='ltr'><strong>orbe</strong></span> <span class='ocrx_word' id='word_1_183' title='bbox 1459 2449 1775 2503; x_wconf 88' lang='lat' dir='ltr'><strong>damnemus</strong></span> <span class='ocrx_word' id='word_1_184' title='bbox 1794 2465 1840 2513; x_wconf 79' lang='grc'>;›</span> 
     </span>
    </p>
   </div>
   <div class='ocr_carea' id='block_1_26' title="bbox 268 2541 1839 2611">
    <p class='ocr_par' dir='ltr' id='par_1_26' title="bbox 268 2541 1839 2611">
     <span class='ocr_line' id='line_1_26' title="bbox 268 2541 1839 2611; baseline -0.005 -11"><span class='ocrx_word' id='word_1_185' title='bbox 268 2554 324 2600; x_wconf 90' lang='lat' dir='ltr'><strong>et</strong></span> <span class='ocrx_word' id='word_1_186' title='bbox 353 2562 475 2600; x_wconf 77' lang='lat' dir='ltr'><strong>mox</strong></span> <span class='ocrx_word' id='word_1_187' title='bbox 508 2559 567 2600; x_wconf 71' lang='grc' dir='ltr'><strong>ιι</strong></span> <span class='ocrx_word' id='word_1_188' title='bbox 608 2545 920 2600; x_wconf 89' lang='lat' dir='ltr'><strong>Erravimus</strong></span> <span class='ocrx_word' id='word_1_189' title='bbox 946 2544 1192 2611; x_wconf 84' lang='lat' dir='ltr'><strong>juvenes,</strong></span> <span class='ocrx_word' id='word_1_190' title='bbox 1224 2541 1572 2597; x_wconf 88' lang='lat' dir='ltr'><strong>emendemur</strong></span> <span class='ocrx_word' id='word_1_191' title='bbox 1599 2554 1787 2605; x_wconf 88' lang='lat' dir='ltr'><strong>senes;</strong></span> <span class='ocrx_word' id='word_1_192' title='bbox 1820 2558 1839 2591; x_wconf 76' lang='grc' dir='ltr'><strong>ι</strong></span> 
     </span>
    </p>
   </div>
   <div class='ocr_carea' id='block_1_27' title="bbox 264 2630 1848 2708">
    <p class='ocr_par' dir='ltr' id='par_1_27' title="bbox 264 2630 1848 2708">
     <span class='ocr_line' id='line_1_27' title="bbox 264 2630 1848 2708; baseline -0.005 -16"><span class='ocrx_word' id='word_1_193' title='bbox 264 2649 321 2692; x_wconf 89' lang='lat' dir='ltr'><strong>et</strong></span> <span class='ocrx_word' id='word_1_194' title='bbox 345 2639 541 2692; x_wconf 87' lang='lat' dir='ltr'><strong>iterum</strong></span> <span class='ocrx_word' id='word_1_195' title='bbox 573 2656 587 2693; x_wconf 90' lang='lat'>:</span> <span class='ocrx_word' id='word_1_196' title='bbox 637 2656 655 2689; x_wconf 85' lang='grc'><strong>‹</strong></span> <span class='ocrx_word' id='word_1_197' title='bbox 704 2638 923 2708; x_wconf 85' lang='lat' dir='ltr'><strong>Ignosce</strong></span> <span class='ocrx_word' id='word_1_198' title='bbox 960 2636 1091 2689; x_wconf 91' lang='lat' dir='ltr'><strong>mihi</strong></span> <span class='ocrx_word' id='word_1_199' title='bbox 1131 2634 1274 2705; x_wconf 94' lang='lat' dir='ltr'><strong>quod</strong></span> <span class='ocrx_word' id='word_1_200' title='bbox 1304 2631 1556 2701; x_wconf 90' lang='lat' dir='ltr'><strong>Origenis</strong></span> <span class='ocrx_word' id='word_1_201' title='bbox 1585 2630 1848 2686; x_wconf 85' lang='lat' dir='ltr'><strong>eruditio-</strong></span> 
     </span>
    </p>
   </div>
   <div class='ocr_carea' id='block_1_28' title="bbox 265 2716 1843 2794">
    <p class='ocr_par' dir='ltr' id='par_1_28' title="bbox 265 2716 1843 2794">
     <span class='ocr_line' id='line_1_28' title="bbox 265 2716 1843 2794; baseline -0.005 -14"><span class='ocrx_word' id='word_1_202' title='bbox 265 2742 412 2789; x_wconf 85' lang='lat' dir='ltr'><strong>nem,</strong></span> <span class='ocrx_word' id='word_1_203' title='bbox 443 2736 498 2781; x_wconf 92' lang='lat' dir='ltr'><strong>et</strong></span> <span class='ocrx_word' id='word_1_204' title='bbox 533 2726 767 2782; x_wconf 90' lang='lat' dir='ltr'><strong>studium</strong></span> <span class='ocrx_word' id='word_1_205' title='bbox 799 2724 1231 2794; x_wconf 89' lang='lat' dir='ltr'><strong>Scripturarutn,</strong></span> <span class='ocrx_word' id='word_1_206' title='bbox 1274 2731 1561 2790; x_wconf 86' lang='lat' dir='ltr'><strong>antequam</strong></span> <span class='ocrx_word' id='word_1_207' title='bbox 1594 2720 1709 2790; x_wconf 85' lang='lat' dir='ltr'><strong>ejus</strong></span> <span class='ocrx_word' id='word_1_208' title='bbox 1732 2716 1843 2773; x_wconf 67' lang='lat' dir='ltr'><strong>bte-</strong></span> 
     </span>
    </p>
   </div>
   <div class='ocr_carea' id='block_1_29' title="bbox 266 2810 1841 2884">
    <p class='ocr_par' dir='ltr' id='par_1_29' title="bbox 266 2810 1841 2884">
     <span class='ocr_line' id='line_1_29' title="bbox 266 2810 1841 2884; baseline -0.006 -14"><span class='ocrx_word' id='word_1_209' title='bbox 266 2817 431 2870; x_wconf 86' lang='lat' dir='ltr'><strong>resitn</strong></span> <span class='ocrx_word' id='word_1_210' title='bbox 470 2814 676 2884; x_wconf 88' lang='lat' dir='ltr'><strong>plenius</strong></span> <span class='ocrx_word' id='word_1_211' title='bbox 730 2830 965 2880; x_wconf 89' lang='lat' dir='ltr'><strong>nossem,</strong></span> <span class='ocrx_word' id='word_1_212' title='bbox 994 2815 1047 2868; x_wconf 89' lang='lat' dir='ltr'><strong>in</strong></span> <span class='ocrx_word' id='word_1_213' title='bbox 1091 2812 1314 2883; x_wconf 89' lang='lat' dir='ltr'><strong>juvenili</strong></span> <span class='ocrx_word' id='word_1_214' title='bbox 1356 2821 1516 2865; x_wconf 69' lang='lat' dir='ltr'><strong>aetate</strong></span> <span class='ocrx_word' id='word_1_215' title='bbox 1545 2810 1777 2864; x_wconf 89' lang='lat' dir='ltr'><strong>laudavi.</strong></span> <span class='ocrx_word' id='word_1_216' title='bbox 1824 2828 1841 2860; x_wconf 76' lang='grc' dir='ltr'><strong>ι</strong></span> 
     </span>
    </p>
   </div>
   <div class='ocr_carea' id='block_1_30' title="bbox 264 2899 1849 2975">
    <p class='ocr_par' dir='ltr' id='par_1_30' title="bbox 264 2899 1849 2975">
     <span class='ocr_line' id='line_1_30' title="bbox 264 2899 1849 2975; baseline -0.004 -14"><span class='ocrx_word' id='word_1_217' title='bbox 264 2907 395 2962; x_wconf 90' lang='lat' dir='ltr'><strong>Inde</strong></span> <span class='ocrx_word' id='word_1_218' title='bbox 423 2906 840 2961; x_wconf 87' lang='lat' dir='ltr'><strong>Posthuntianus</strong></span> <span class='ocrx_word' id='word_1_219' title='bbox 869 2905 1007 2975; x_wconf 86' lang='lat' dir='ltr'><strong>apud</strong></span> <span class='ocrx_word' id='word_1_220' title='bbox 1036 2904 1331 2974; x_wconf 90' lang='lat' dir='ltr'><strong>Sulpicium</strong></span> <span class='ocrx_word' id='word_1_221' title='bbox 1359 2902 1618 2957; x_wconf 87' lang='lat' dir='ltr'><strong>Severum</strong></span> <span class='ocrx_word' id='word_1_222' title='bbox 1657 2899 1849 2954; x_wconf 88' lang='lat' dir='ltr'><strong>merito</strong></span> 
     </span>
    </p>
   </div>
   <div class='ocr_carea' id='block_1_31' title="bbox 268 2991 1849 3065">
    <p class='ocr_par' dir='ltr' id='par_1_31' title="bbox 268 2991 1849 3065">
     <span class='ocr_line' id='line_1_31' title="bbox 268 2991 1849 3065; baseline -0.004 -13"><span class='ocrx_word' id='word_1_223' title='bbox 268 3001 347 3052; x_wconf 88' lang='lat' dir='ltr'><strong>ait</strong></span> <span class='ocrx_word' id='word_1_224' title='bbox 379 3017 391 3053; x_wconf 93' lang='lat'>:</span> <span class='ocrx_word' id='word_1_225' title='bbox 432 3018 450 3049; x_wconf 82' lang='grc' dir='ltr'><strong>ι</strong></span> <span class='ocrx_word' id='word_1_226' title='bbox 493 2997 624 3051; x_wconf 91' lang='lat' dir='ltr'><strong>Illud</strong></span> <span class='ocrx_word' id='word_1_227' title='bbox 656 3012 739 3052; x_wconf 91' lang='lat' dir='ltr'><strong>me</strong></span> <span class='ocrx_word' id='word_1_228' title='bbox 767 2997 1055 3051; x_wconf 86' lang='lat' dir='ltr'><strong>admodum</strong></span> <span class='ocrx_word' id='word_1_229' title='bbox 1087 2995 1453 3065; x_wconf 85' lang='lat' dir='ltr'><strong>permovebat,</strong></span> <span class='ocrx_word' id='word_1_230' title='bbox 1482 2993 1627 3063; x_wconf 91' lang='lat' dir='ltr'><strong>quod</strong></span> <span class='ocrx_word' id='word_1_231' title='bbox 1662 2991 1849 3048; x_wconf 86' lang='lat' dir='ltr'><strong>Hiero-</strong></span> 
     </span>
    </p>
   </div>
   <div class='ocr_carea' id='block_1_32' title="bbox 266 3082 1846 3170">
    <p class='ocr_par' dir='ltr' id='par_1_32' title="bbox 266 3082 1846 3170">
     <span class='ocr_line' id='line_1_32' title="bbox 266 3082 1846 3170; baseline -0.004 -27"><span class='ocrx_word' id='word_1_232' title='bbox 266 3104 486 3159; x_wconf 86' lang='lat' dir='ltr'><strong>nymus,</strong></span> <span class='ocrx_word' id='word_1_233' title='bbox 517 3089 599 3142; x_wconf 90' lang='lat' dir='ltr'><strong>vir</strong></span> <span class='ocrx_word' id='word_1_234' title='bbox 645 3089 876 3141; x_wconf 80' lang='lat' dir='ltr'><strong>maxime</strong></span> <span class='ocrx_word' id='word_1_235' title='bbox 902 3085 1233 3170; x_wconf 75' lang='lat' dir='ltr'><strong>Catholicns,</strong></span> <span class='ocrx_word' id='word_1_236' title='bbox 1271 3095 1325 3138; x_wconf 89' lang='lat' dir='ltr'><strong>et</strong></span> <span class='ocrx_word' id='word_1_237' title='bbox 1348 3098 1518 3138; x_wconf 68' lang='lat' dir='ltr'><strong>sacrae</strong></span> <span class='ocrx_word' id='word_1_238' title='bbox 1542 3082 1677 3152; x_wconf 80' lang='lat' dir='ltr'><strong>legis</strong></span> <span class='ocrx_word' id='word_1_239' title='bbox 1698 3083 1846 3152; x_wconf 90' lang='lat' dir='ltr'><strong>peri-</strong></span> 
     </span>
    </p>
   </div>
   <div class='ocr_carea' id='block_1_33' title="bbox 1932 604 3505 675">
    <p class='ocr_par' dir='ltr' id='par_1_33' title="bbox 1932 604 3505 675">
     <span class='ocr_line' id='line_1_33' title="bbox 1932 604 3505 675; baseline 0.008 -17"><span class='ocrx_word' id='word_1_240' title='bbox 1932 604 2200 670; x_wconf 87' lang='lat' dir='ltr'><strong>scivlssel,</strong></span> <span class='ocrx_word' id='word_1_241' title='bbox 2220 620 2604 675; x_wconf 87' lang='lat' dir='ltr'><strong>nonnunquam</strong></span> <span class='ocrx_word' id='word_1_242' title='bbox 2636 607 2799 661; x_wconf 90' lang='lat' dir='ltr'><strong>etiam</strong></span> <span class='ocrx_word' id='word_1_243' title='bbox 2825 609 3089 664; x_wconf 85' lang='lat' dir='ltr'><strong>maximos</strong></span> <span class='ocrx_word' id='word_1_244' title='bbox 3117 613 3260 668; x_wconf 87' lang='lat' dir='ltr'><strong>viros</strong></span> <span class='ocrx_word' id='word_1_245' title='bbox 3286 616 3505 671; x_wconf 83' lang='lat' dir='ltr'><strong>amaris-</strong></span> 
     </span>
    </p>
   </div>
   <div class='ocr_carea' id='block_1_34' title="bbox 1932 696 3505 777">
    <p class='ocr_par' dir='ltr' id='par_1_34' title="bbox 1932 696 3505 777">
     <span class='ocr_line' id='line_1_34' title="bbox 1932 696 3505 777; baseline 0.009 -26"><span class='ocrx_word' id='word_1_246' title='bbox 1932 696 2083 751; x_wconf 92' lang='lat' dir='ltr'><strong>simis</strong></span> <span class='ocrx_word' id='word_1_247' title='bbox 2109 697 2365 753; x_wconf 84' lang='lat' dir='ltr'><strong>conviciis</strong></span> <span class='ocrx_word' id='word_1_248' title='bbox 2388 698 2709 767; x_wconf 87' lang='lat' dir='ltr'><strong>perfudisset</strong></span> <span class='ocrx_word' id='word_1_249' title='bbox 2733 714 2745 750; x_wconf 89' lang='lat'><strong>:</strong></span> <span class='ocrx_word' id='word_1_250' title='bbox 2767 700 3039 756; x_wconf 88' lang='lat' dir='ltr'><strong>fatendum</strong></span> <span class='ocrx_word' id='word_1_251' title='bbox 3064 705 3257 773; x_wconf 91' lang='lat' dir='ltr'><strong>quippe</strong></span> <span class='ocrx_word' id='word_1_252' title='bbox 3285 717 3367 762; x_wconf 90' lang='lat' dir='ltr'><strong>est</strong></span> <span class='ocrx_word' id='word_1_253' title='bbox 3384 708 3505 777; x_wconf 82' lang='lat' dir='ltr'><strong>jure</strong></span> 
     </span>
    </p>
   </div>
   <div class='ocr_carea' id='block_1_35' title="bbox 1932 785 3502 864">
    <p class='ocr_par' dir='ltr' id='par_1_35' title="bbox 1932 785 3502 864">
     <span class='ocr_line' id='line_1_35' title="bbox 1932 785 3502 864; baseline 0.007 -23"><span class='ocrx_word' id='word_1_254' title='bbox 1932 800 2056 841; x_wconf 90' lang='lat' dir='ltr'><strong>eum</strong></span> <span class='ocrx_word' id='word_1_255' title='bbox 2084 801 2225 856; x_wconf 68' lang='lat' dir='ltr'><strong>saepe</strong></span> <span class='ocrx_word' id='word_1_256' title='bbox 2247 801 2277 841; x_wconf 87' lang='lat' dir='ltr'><strong>a</strong></span> <span class='ocrx_word' id='word_1_257' title='bbox 2307 785 2504 843; x_wconf 87' lang='lat' dir='ltr'><strong>Ruﬁno</strong></span> <span class='ocrx_word' id='word_1_258' title='bbox 2530 787 2701 843; x_wconf 88' lang='lat' dir='ltr'><strong>fuisse</strong></span> <span class='ocrx_word' id='word_1_259' title='bbox 2726 790 3109 859; x_wconf 90' lang='lat' dir='ltr'><strong>reprehensum</strong></span> <span class='ocrx_word' id='word_1_260' title='bbox 3138 812 3151 860; x_wconf 90' lang='lat'><strong>;</strong></span> <span class='ocrx_word' id='word_1_261' title='bbox 3175 810 3314 864; x_wconf 75' lang='lat' dir='ltr'><strong>sazpe</strong></span> <span class='ocrx_word' id='word_1_262' title='bbox 3342 800 3502 854; x_wconf 89' lang='lat' dir='ltr'><strong>etiam</strong></span> 
     </span>
    </p>
   </div>
   <div class='ocr_carea' id='block_1_36' title="bbox 1934 876 3531 955">
    <p class='ocr_par' dir='ltr' id='par_1_36' title="bbox 1934 876 3531 955">
     <span class='ocr_line' id='line_1_36' title="bbox 1934 876 3531 955; baseline 0.01 -25"><span class='ocrx_word' id='word_1_263' title='bbox 1934 876 2187 932; x_wconf 88' lang='lat' dir='ltr'><strong>Ruﬁnum</strong></span> <span class='ocrx_word' id='word_1_264' title='bbox 2217 879 2284 933; x_wconf 91' lang='lat' dir='ltr'><strong>ab</strong></span> <span class='ocrx_word' id='word_1_265' title='bbox 2318 880 2510 935; x_wconf 91' lang='lat' dir='ltr'><strong>eodem</strong></span> <span class='ocrx_word' id='word_1_266' title='bbox 2533 879 2651 936; x_wconf 86' lang='lat' dir='ltr'><strong>sine</strong></span> <span class='ocrx_word' id='word_1_267' title='bbox 2675 896 2839 936; x_wconf 89' lang='lat' dir='ltr'><strong>causa</strong></span> <span class='ocrx_word' id='word_1_268' title='bbox 2868 882 3034 938; x_wconf 86' lang='lat' dir='ltr'><strong>fuisse</strong></span> <span class='ocrx_word' id='word_1_269' title='bbox 3076 887 3531 955; x_wconf 9' lang='lat' dir='ltr'><strong>culpatum.Haaej</strong></span> 
     </span>
    </p>
   </div>
   <div class='ocr_carea' id='block_1_37' title="bbox 1932 973 3508 1041">
    <p class='ocr_par' dir='ltr' id='par_1_37' title="bbox 1932 973 3508 1041">
     <span class='ocr_line' id='line_1_37' title="bbox 1932 973 3508 1041; baseline 0.008 -17"><span class='ocrx_word' id='word_1_270' title='bbox 1932 983 2095 1039; x_wconf 88' lang='lat' dir='ltr'><strong>porro</strong></span> <span class='ocrx_word' id='word_1_271' title='bbox 2116 985 2237 1025; x_wconf 92' lang='lat' dir='ltr'><strong>cum</strong></span> <span class='ocrx_word' id='word_1_272' title='bbox 2271 982 2578 1041; x_wconf 87' lang='lat' dir='ltr'><strong>agerentur,</strong></span> <span class='ocrx_word' id='word_1_273' title='bbox 2620 988 2794 1029; x_wconf 90' lang='lat' dir='ltr'><strong>annus</strong></span> <span class='ocrx_word' id='word_1_274' title='bbox 2819 973 3019 1031; x_wconf 89' lang='lat' dir='ltr'><strong>Christi</strong></span> <span class='ocrx_word' id='word_1_275' title='bbox 3060 979 3373 1036; x_wconf 87' lang='lat' dir='ltr'><strong>trahebatur</strong></span> <span class='ocrx_word' id='word_1_276' title='bbox 3399 991 3508 1037; x_wconf 48' lang='lat' dir='ltr'><strong>tre-</strong></span> 
     </span>
    </p>
   </div>
   <div class='ocr_carea' id='block_1_38' title="bbox 1934 1062 2888 1135">
    <p class='ocr_par' dir='ltr' id='par_1_38' title="bbox 1934 1062 2888 1135">
     <span class='ocr_line' id='line_1_38' title="bbox 1934 1062 2888 1135; baseline 0.006 -17"><span class='ocrx_word' id='word_1_277' title='bbox 1934 1063 2261 1118; x_wconf 91' lang='lat' dir='ltr'><strong>centesimus</strong></span> <span class='ocrx_word' id='word_1_278' title='bbox 2288 1062 2665 1135; x_wconf 88' lang='lat' dir='ltr'><strong>nonagesimus</strong></span> <span class='ocrx_word' id='word_1_279' title='bbox 2692 1081 2888 1124; x_wconf 91' lang='lat' dir='ltr'><strong>nonus.</strong></span> 
     </span>
    </p>
   </div>
   <div class='ocr_carea' id='block_1_39' title="bbox 2004 1193 3502 1275">
    <p class='ocr_par' dir='ltr' id='par_1_39' title="bbox 2004 1193 3502 1275">
     <span class='ocr_line' id='line_1_39' title="bbox 2004 1193 3502 1275; baseline 0.01 -25"><span class='ocrx_word' id='word_1_280' title='bbox 2004 1195 2188 1251; x_wconf 82' lang='lat' dir='ltr'><strong>XVIII.</strong></span> <span class='ocrx_word' id='word_1_281' title='bbox 2230 1193 2347 1264; x_wconf 84' lang='lat' dir='ltr'><strong>Quo</strong></span> <span class='ocrx_word' id='word_1_282' title='bbox 2406 1206 2654 1267; x_wconf 89' lang='lat' dir='ltr'><strong>tempore</strong></span> <span class='ocrx_word' id='word_1_283' title='bbox 2720 1200 3195 1275; x_wconf 90' lang='lat' dir='ltr'><strong>Hieronymianam</strong></span> <span class='ocrx_word' id='word_1_284' title='bbox 3244 1208 3502 1267; x_wconf 91' lang='lat' dir='ltr'><strong>librorum</strong></span> 
     </span>
    </p>
   </div>
   <div class='ocr_carea' id='block_1_40' title="bbox 1934 1285 3505 1365">
    <p class='ocr_par' dir='ltr' id='par_1_40' title="bbox 1934 1285 3505 1365">
     <span class='ocr_line' id='line_1_40' title="bbox 1934 1285 3505 1365; baseline 0.009 -26"><span class='ocrx_word' id='word_1_285' title='bbox 1934 1288 2074 1356; x_wconf 80' lang='grc' dir='ltr'><strong>Περὶ</strong></span> <span class='ocrx_word' id='word_1_286' title='bbox 2104 1285 2305 1356; x_wconf 76' lang='grc' dir='ltr'>ἀρχῶν</span> <span class='ocrx_word' id='word_1_287' title='bbox 2334 1286 2837 1365; x_wconf 86' lang='lat' dir='ltr'><strong>interpretationem</strong></span> <span class='ocrx_word' id='word_1_288' title='bbox 2859 1291 3239 1352; x_wconf 87' lang='lat' dir='ltr'><strong>Pammachius</strong></span> <span class='ocrx_word' id='word_1_289' title='bbox 3260 1301 3505 1355; x_wconf 71' lang='lat' dir='ltr'><strong>contine-</strong></span> 
     </span>
    </p>
   </div>
   <div class='ocr_carea' id='block_1_41' title="bbox 1936 1374 3509 1449">
    <p class='ocr_par' dir='ltr' id='par_1_41' title="bbox 1936 1374 3509 1449">
     <span class='ocr_line' id='line_1_41' title="bbox 1936 1374 3509 1449; baseline 0.008 -20"><span class='ocrx_word' id='word_1_290' title='bbox 1936 1374 2030 1429; x_wconf 89' lang='lat' dir='ltr'><strong>bat</strong></span> <span class='ocrx_word' id='word_1_291' title='bbox 2070 1392 2085 1441; x_wconf 92' lang='lat'><strong>;</strong></span> <span class='ocrx_word' id='word_1_292' title='bbox 2117 1392 2300 1431; x_wconf 91' lang='lat' dir='ltr'><strong>verum</strong></span> <span class='ocrx_word' id='word_1_293' title='bbox 2329 1377 2397 1431; x_wconf 89' lang='lat' dir='ltr'><strong>ab</strong></span> <span class='ocrx_word' id='word_1_294' title='bbox 2423 1379 2602 1433; x_wconf 88' lang='lat' dir='ltr'><strong>amico</strong></span> <span class='ocrx_word' id='word_1_295' title='bbox 2635 1380 2800 1449; x_wconf 90' lang='lat' dir='ltr'><strong>ipsius</strong></span> <span class='ocrx_word' id='word_1_296' title='bbox 2820 1382 3051 1444; x_wconf 91' lang='lat' dir='ltr'><strong>quodam</strong></span> <span class='ocrx_word' id='word_1_297' title='bbox 3081 1384 3269 1441; x_wconf 78' lang='lat' dir='ltr'><strong>fraude</strong></span> <span class='ocrx_word' id='word_1_298' title='bbox 3300 1390 3509 1445; x_wconf 61' lang='lat' dir='ltr'><strong>deseri.-</strong></span> 
     </span>
    </p>
   </div>
   <div class='ocr_carea' id='block_1_42' title="bbox 1937 1471 3509 1543">
    <p class='ocr_par' dir='ltr' id='par_1_42' title="bbox 1937 1471 3509 1543">
     <span class='ocr_line' id='line_1_42' title="bbox 1937 1471 3509 1543; baseline 0.01 -20"><span class='ocrx_word' id='word_1_299' title='bbox 1937 1479 2025 1538; x_wconf 89' lang='lat' dir='ltr'><strong>pta</strong></span> <span class='ocrx_word' id='word_1_300' title='bbox 2052 1471 2102 1524; x_wconf 91' lang='lat' dir='ltr'><strong>in</strong></span> <span class='ocrx_word' id='word_1_301' title='bbox 2132 1471 2320 1541; x_wconf 81' lang='lat' dir='ltr'><strong>vulgus</strong></span> <span class='ocrx_word' id='word_1_302' title='bbox 2345 1473 2540 1528; x_wconf 90' lang='lat' dir='ltr'><strong>emissa</strong></span> <span class='ocrx_word' id='word_1_303' title='bbox 2574 1484 2674 1528; x_wconf 83' lang='lat' dir='ltr'><strong>est.</strong></span> <span class='ocrx_word' id='word_1_304' title='bbox 2708 1472 3173 1543; x_wconf 89' lang='lat' dir='ltr'><strong>Interpretationis</strong></span> <span class='ocrx_word' id='word_1_305' title='bbox 3204 1491 3381 1537; x_wconf 90' lang='lat' dir='ltr'><strong>autem</strong></span> <span class='ocrx_word' id='word_1_306' title='bbox 3400 1498 3509 1539; x_wconf 77' lang='lat' dir='ltr'><strong>sure</strong></span> 
     </span>
    </p>
   </div>
   <div class='ocr_carea' id='block_1_43' title="bbox 1937 1563 3508 1639">
    <p class='ocr_par' dir='ltr' id='par_1_43' title="bbox 1937 1563 3508 1639">
     <span class='ocr_line' id='line_1_43' title="bbox 1937 1563 3508 1639; baseline 0.008 -21"><span class='ocrx_word' id='word_1_307' title='bbox 1937 1563 2216 1633; x_wconf 87' lang='lat' dir='ltr'><strong>perﬁdiam</strong></span> <span class='ocrx_word' id='word_1_308' title='bbox 2251 1579 2317 1619; x_wconf 80' lang='lat' dir='ltr'><strong>ex</strong></span> <span class='ocrx_word' id='word_1_309' title='bbox 2348 1564 2508 1632; x_wconf 86' lang='lat' dir='ltr'><strong>hujus</strong></span> <span class='ocrx_word' id='word_1_310' title='bbox 2539 1564 2789 1622; x_wconf 83' lang='lat' dir='ltr'><strong>conﬂictu</strong></span> <span class='ocrx_word' id='word_1_311' title='bbox 2815 1578 3154 1638; x_wconf 89' lang='lat' dir='ltr'><strong>perspectum</strong></span> <span class='ocrx_word' id='word_1_312' title='bbox 3191 1573 3290 1639; x_wconf 91' lang='lat' dir='ltr'><strong>iri,</strong></span> <span class='ocrx_word' id='word_1_313' title='bbox 3317 1590 3508 1630; x_wconf 85' lang='lat' dir='ltr'><strong>versu-</strong></span> 
     </span>
    </p>
   </div>
   <div class='ocr_carea' id='block_1_44' title="bbox 1939 1656 3509 1733">
    <p class='ocr_par' dir='ltr' id='par_1_44' title="bbox 1939 1656 3509 1733">
     <span class='ocr_line' id='line_1_44' title="bbox 1939 1656 3509 1733; baseline 0.008 -24"><span class='ocrx_word' id='word_1_314' title='bbox 1939 1657 2148 1725; x_wconf 88' lang='lat' dir='ltr'><strong>tiasque</strong></span> <span class='ocrx_word' id='word_1_315' title='bbox 2189 1671 2314 1712; x_wconf 90' lang='lat' dir='ltr'><strong>suas</strong></span> <span class='ocrx_word' id='word_1_316' title='bbox 2338 1656 2450 1727; x_wconf 91' lang='lat' dir='ltr'><strong>jam</strong></span> <span class='ocrx_word' id='word_1_317' title='bbox 2494 1660 2736 1727; x_wconf 90' lang='lat' dir='ltr'><strong>proditas</strong></span> <span class='ocrx_word' id='word_1_318' title='bbox 2787 1660 3089 1733; x_wconf 88' lang='lat' dir='ltr'><strong>intelligens</strong></span> <span class='ocrx_word' id='word_1_319' title='bbox 3139 1663 3400 1732; x_wconf 87' lang='lat' dir='ltr'><strong>Ruﬁnus,</strong></span> <span class='ocrx_word' id='word_1_320' title='bbox 3438 1669 3509 1722; x_wconf 85' lang='lat' dir='ltr'><strong>ad</strong></span> 
     </span>
    </p>
   </div>
   <div class='ocr_carea' id='block_1_45' title="bbox 1939 1748 3509 1827">
    <p class='ocr_par' dir='ltr' id='par_1_45' title="bbox 1939 1748 3509 1827">
     <span class='ocr_line' id='line_1_45' title="bbox 1939 1748 3509 1827; baseline 0.006 -24"><span class='ocrx_word' id='word_1_321' title='bbox 1939 1763 2174 1818; x_wconf 92' lang='lat' dir='ltr'><strong>eumque</strong></span> <span class='ocrx_word' id='word_1_322' title='bbox 2220 1748 2442 1817; x_wconf 89' lang='lat' dir='ltr'><strong>perlatis</strong></span> <span class='ocrx_word' id='word_1_323' title='bbox 2487 1751 2786 1819; x_wconf 89' lang='lat' dir='ltr'><strong>Aproniani</strong></span> <span class='ocrx_word' id='word_1_324' title='bbox 2828 1768 2993 1821; x_wconf 88' lang='lat' dir='ltr'><strong>opera</strong></span> <span class='ocrx_word' id='word_1_325' title='bbox 3035 1754 3248 1823; x_wconf 89' lang='lat' dir='ltr'><strong>litteris,</strong></span> <span class='ocrx_word' id='word_1_326' title='bbox 3283 1773 3418 1827; x_wconf 89' lang='lat' dir='ltr'><strong>quas</strong></span> <span class='ocrx_word' id='word_1_327' title='bbox 3443 1762 3509 1813; x_wconf 80' lang='lat' dir='ltr'><strong>ad</strong></span> 
     </span>
    </p>
   </div>
   <div class='ocr_carea' id='block_1_46' title="bbox 1938 1832 3513 1918">
    <p class='ocr_par' dir='ltr' id='par_1_46' title="bbox 1938 1832 3513 1918">
     <span class='ocr_line' id='line_1_46' title="bbox 1938 1832 3513 1918; baseline 0.01 -31"><span class='ocrx_word' id='word_1_328' title='bbox 1938 1832 2350 1889; x_wconf 89' lang='lat' dir='ltr'><strong>Pammachium</strong></span> <span class='ocrx_word' id='word_1_329' title='bbox 2379 1847 2435 1891; x_wconf 94' lang='lat' dir='ltr'><strong>et</strong></span> <span class='ocrx_word' id='word_1_330' title='bbox 2471 1836 2743 1893; x_wconf 89' lang='lat' dir='ltr'><strong>Oceanum</strong></span> <span class='ocrx_word' id='word_1_331' title='bbox 2780 1855 2883 1894; x_wconf 92' lang='lat' dir='ltr'><strong>una</strong></span> <span class='ocrx_word' id='word_1_332' title='bbox 2912 1857 3033 1896; x_wconf 92' lang='lat' dir='ltr'><strong>cum</strong></span> <span class='ocrx_word' id='word_1_333' title='bbox 3065 1843 3213 1899; x_wconf 89' lang='lat' dir='ltr'><strong>libris</strong></span> <span class='ocrx_word' id='word_1_334' title='bbox 3238 1848 3377 1915; x_wconf 78' lang='grc' dir='ltr'><strong>Περὶ</strong></span> <span class='ocrx_word' id='word_1_335' title='bbox 3409 1849 3513 1918; x_wconf 78' lang='grc' dir='ltr'><strong>ἀρ-</strong></span> 
     </span>
    </p>
   </div>
   <div class='ocr_carea' id='block_1_47' title="bbox 1941 1923 3510 2004">
    <p class='ocr_par' dir='ltr' id='par_1_47' title="bbox 1941 1923 3510 2004">
     <span class='ocr_line' id='line_1_47' title="bbox 1941 1923 3510 2004; baseline 0.008 -28"><span class='ocrx_word' id='word_1_336' title='bbox 1941 1923 2067 1993; x_wconf 78' lang='grc' dir='ltr'><strong>χῶν·</strong></span> <span class='ocrx_word' id='word_1_337' title='bbox 2087 1938 2277 1980; x_wconf 86' lang='lat' dir='ltr'><strong>recens</strong></span> <span class='ocrx_word' id='word_1_338' title='bbox 2306 1939 2334 1979; x_wconf 88' lang='lat' dir='ltr'><strong>a</strong></span> <span class='ocrx_word' id='word_1_339' title='bbox 2367 1939 2425 1981; x_wconf 85' lang='lat' dir='ltr'><strong>se</strong></span> <span class='ocrx_word' id='word_1_340' title='bbox 2447 1924 2742 1982; x_wconf 87' lang='lat' dir='ltr'><strong>Latinitate</strong></span> <span class='ocrx_word' id='word_1_341' title='bbox 2769 1928 2983 1985; x_wconf 83' lang='lat' dir='ltr'><strong>donatis</strong></span> <span class='ocrx_word' id='word_1_342' title='bbox 3010 1930 3369 2004; x_wconf 87' lang='lat' dir='ltr'><strong>Hieronymus</strong></span> <span class='ocrx_word' id='word_1_343' title='bbox 3406 1939 3510 1990; x_wconf 77' lang='lat' dir='ltr'><strong>tui-</strong></span> 
     </span>
    </p>
   </div>
   <div class='ocr_carea' id='block_1_48' title="bbox 1946 2016 3515 2096">
    <p class='ocr_par' dir='ltr' id='par_1_48' title="bbox 1946 2016 3515 2096">
     <span class='ocr_line' id='line_1_48' title="bbox 1946 2016 3515 2096; baseline 0.005 -26"><span class='ocrx_word' id='word_1_344' title='bbox 1946 2026 2113 2081; x_wconf 85' lang='lat' dir='ltr'><strong>serat,</strong></span> <span class='ocrx_word' id='word_1_345' title='bbox 2139 2016 2432 2071; x_wconf 91' lang='lat' dir='ltr'><strong>triennium</strong></span> <span class='ocrx_word' id='word_1_346' title='bbox 2457 2018 2508 2071; x_wconf 83' lang='lat' dir='ltr'><strong>l&#39;l</strong></span> <span class='ocrx_word' id='word_1_347' title='bbox 2535 2018 2859 2073; x_wconf 88' lang='lat' dir='ltr'><strong>elaboranda</strong></span> <span class='ocrx_word' id='word_1_348' title='bbox 2884 2020 3079 2090; x_wconf 90' lang='lat' dir='ltr'><strong>duplici</strong></span> <span class='ocrx_word' id='word_1_349' title='bbox 3104 2024 3361 2096; x_wconf 79' lang='lat' dir='ltr'><strong>Apologia</strong></span> <span class='ocrx_word' id='word_1_350' title='bbox 3386 2041 3515 2081; x_wconf 81' lang='lat' dir='ltr'><strong>con-</strong></span> 
     </span>
    </p>
   </div>
   <div class='ocr_carea' id='block_1_49' title="bbox 1943 2107 3516 2187">
    <p class='ocr_par' dir='ltr' id='par_1_49' title="bbox 1943 2107 3516 2187">
     <span class='ocr_line' id='line_1_49' title="bbox 1943 2107 3516 2187; baseline 0.007 -25"><span class='ocrx_word' id='word_1_351' title='bbox 1943 2108 2120 2162; x_wconf 86' lang='lat' dir='ltr'><strong>trivit.</strong></span> <span class='ocrx_word' id='word_1_352' title='bbox 2153 2107 2309 2163; x_wconf 88' lang='lat' dir='ltr'><strong>Prior</strong></span> <span class='ocrx_word' id='word_1_353' title='bbox 2327 2118 2600 2165; x_wconf 88' lang='lat' dir='ltr'><strong>vetustate</strong></span> <span class='ocrx_word' id='word_1_354' title='bbox 2629 2111 2900 2165; x_wconf 87' lang='lat' dir='ltr'><strong>intercidit</strong></span> <span class='ocrx_word' id='word_1_355' title='bbox 2932 2128 2948 2166; x_wconf 87' lang='lat'>:</span> <span class='ocrx_word' id='word_1_356' title='bbox 2982 2116 3248 2181; x_wconf 88' lang='lat' dir='ltr'><strong>posterior</strong></span> <span class='ocrx_word' id='word_1_357' title='bbox 3270 2130 3516 2187; x_wconf 90' lang='lat' dir='ltr'><strong>superest</strong></span> 
     </span>
    </p>
   </div>
   <div class='ocr_carea' id='block_1_50' title="bbox 1946 2199 3514 2275">
    <p class='ocr_par' dir='ltr' id='par_1_50' title="bbox 1946 2199 3514 2275">
     <span class='ocr_line' id='line_1_50' title="bbox 1946 2199 3514 2275; baseline 0.008 -22"><span class='ocrx_word' id='word_1_358' title='bbox 1946 2199 1999 2255; x_wconf 88' lang='lat' dir='ltr'><strong>in</strong></span> <span class='ocrx_word' id='word_1_359' title='bbox 2030 2200 2163 2255; x_wconf 88' lang='lat' dir='ltr'><strong>duas</strong></span> <span class='ocrx_word' id='word_1_360' title='bbox 2214 2200 2413 2255; x_wconf 88' lang='lat' dir='ltr'><strong>divisas</strong></span> <span class='ocrx_word' id='word_1_361' title='bbox 2461 2209 2665 2271; x_wconf 90' lang='lat' dir='ltr'><strong>partes,</strong></span> <span class='ocrx_word' id='word_1_362' title='bbox 2706 2218 2930 2271; x_wconf 90' lang='lat' dir='ltr'><strong>quarum</strong></span> <span class='ocrx_word' id='word_1_363' title='bbox 2964 2208 3134 2275; x_wconf 90' lang='lat' dir='ltr'><strong>prima</strong></span> <span class='ocrx_word' id='word_1_364' title='bbox 3176 2210 3514 2265; x_wconf 89' lang='lat' dir='ltr'><strong>criminatio-</strong></span> 
     </span>
    </p>
   </div>
   <div class='ocr_carea' id='block_1_51' title="bbox 1946 2291 3515 2364">
    <p class='ocr_par' dir='ltr' id='par_1_51' title="bbox 1946 2291 3515 2364">
     <span class='ocr_line' id='line_1_51' title="bbox 1946 2291 3515 2364; baseline 0.007 -19"><span class='ocrx_word' id='word_1_365' title='bbox 1946 2306 2041 2346; x_wconf 91' lang='lat' dir='ltr'><strong>nes</strong></span> <span class='ocrx_word' id='word_1_366' title='bbox 2093 2293 2159 2346; x_wconf 92' lang='lat' dir='ltr'><strong>ab</strong></span> <span class='ocrx_word' id='word_1_367' title='bbox 2195 2291 2525 2363; x_wconf 85' lang='lat' dir='ltr'><strong>Hieronymo</strong></span> <span class='ocrx_word' id='word_1_368' title='bbox 2557 2295 2820 2364; x_wconf 85' lang='lat' dir='ltr'><strong>impactas</strong></span> <span class='ocrx_word' id='word_1_369' title='bbox 2860 2296 3073 2363; x_wconf 84' lang='lat' dir='ltr'><strong>refellit,</strong></span> <span class='ocrx_word' id='word_1_370' title='bbox 3111 2299 3277 2355; x_wconf 90' lang='lat' dir='ltr'><strong>altera</strong></span> <span class='ocrx_word' id='word_1_371' title='bbox 3325 2301 3515 2356; x_wconf 87' lang='lat' dir='ltr'><strong>Hiero-</strong></span> 
     </span>
    </p>
   </div>
   <div class='ocr_carea' id='block_1_52' title="bbox 1946 2384 3519 2462">
    <p class='ocr_par' dir='ltr' id='par_1_52' title="bbox 1946 2384 3519 2462">
     <span class='ocr_line' id='line_1_52' title="bbox 1946 2384 3519 2462; baseline 0.005 -23"><span class='ocrx_word' id='word_1_372' title='bbox 1946 2401 2165 2457; x_wconf 87' lang='lat' dir='ltr'><strong>nymum</strong></span> <span class='ocrx_word' id='word_1_373' title='bbox 2196 2384 2375 2456; x_wconf 88' lang='lat' dir='ltr'><strong>ipsum</strong></span> <span class='ocrx_word' id='word_1_374' title='bbox 2409 2388 2679 2458; x_wconf 88' lang='lat' dir='ltr'><strong>suggillat.</strong></span> <span class='ocrx_word' id='word_1_375' title='bbox 2714 2388 2843 2454; x_wconf 73' lang='lat' dir='ltr'><strong>Qua:</strong></span> <span class='ocrx_word' id='word_1_376' title='bbox 2882 2406 3002 2444; x_wconf 89' lang='lat' dir='ltr'><strong>cum</strong></span> <span class='ocrx_word' id='word_1_377' title='bbox 3036 2392 3087 2446; x_wconf 90' lang='lat' dir='ltr'><strong>in</strong></span> <span class='ocrx_word' id='word_1_378' title='bbox 3120 2402 3354 2462; x_wconf 87' lang='lat' dir='ltr'><strong>apertam</strong></span> <span class='ocrx_word' id='word_1_379' title='bbox 3390 2411 3519 2449; x_wconf 86' lang='lat' dir='ltr'><strong>con-</strong></span> 
     </span>
    </p>
   </div>
   <div class='ocr_carea' id='block_1_53' title="bbox 1948 2476 3516 2548">
    <p class='ocr_par' dir='ltr' id='par_1_53' title="bbox 1948 2476 3516 2548">
     <span class='ocr_line' id='line_1_53' title="bbox 1948 2476 3516 2548; baseline 0.006 -20"><span class='ocrx_word' id='word_1_380' title='bbox 1948 2476 2245 2530; x_wconf 90' lang='lat' dir='ltr'><strong>tentionem</strong></span> <span class='ocrx_word' id='word_1_381' title='bbox 2297 2487 2665 2543; x_wconf 79' lang='lat' dir='ltr'><strong>erumperent,</strong></span> <span class='ocrx_word' id='word_1_382' title='bbox 2695 2477 2828 2532; x_wconf 89' lang='lat' dir='ltr'><strong>duas</strong></span> <span class='ocrx_word' id='word_1_383' title='bbox 2878 2480 2929 2533; x_wconf 93' lang='lat' dir='ltr'><strong>in</strong></span> <span class='ocrx_word' id='word_1_384' title='bbox 2965 2490 3145 2548; x_wconf 87' lang='lat' dir='ltr'><strong>partes</strong></span> <span class='ocrx_word' id='word_1_385' title='bbox 3165 2522 3181 2545; x_wconf 95' lang='lat'><strong>,</strong></span> <span class='ocrx_word' id='word_1_386' title='bbox 3214 2493 3273 2535; x_wconf 94' lang='lat' dir='ltr'><strong>ut</strong></span> <span class='ocrx_word' id='word_1_387' title='bbox 3301 2482 3381 2548; x_wconf 90' lang='lat' dir='ltr'><strong>ﬁt,</strong></span> <span class='ocrx_word' id='word_1_388' title='bbox 3410 2483 3516 2537; x_wconf 87' lang='lat' dir='ltr'><strong>Ro-</strong></span> 
     </span>
    </p>
   </div>
   <div class='ocr_carea' id='block_1_54' title="bbox 1948 2568 3520 2635">
    <p class='ocr_par' dir='ltr' id='par_1_54' title="bbox 1948 2568 3520 2635">
     <span class='ocr_line' id='line_1_54' title="bbox 1948 2568 3520 2635; baseline 0.004 -11"><span class='ocrx_word' id='word_1_389' title='bbox 1948 2584 2231 2624; x_wconf 90' lang='lat' dir='ltr'><strong>manorum</strong></span> <span class='ocrx_word' id='word_1_390' title='bbox 2256 2568 2691 2626; x_wconf 89' lang='lat' dir='ltr'><strong>Christianorum</strong></span> <span class='ocrx_word' id='word_1_391' title='bbox 2723 2573 2886 2627; x_wconf 89' lang='lat' dir='ltr'><strong>animi</strong></span> <span class='ocrx_word' id='word_1_392' title='bbox 2916 2574 3118 2635; x_wconf 84' lang='lat' dir='ltr'><strong>abiere,</strong></span> <span class='ocrx_word' id='word_1_393' title='bbox 3155 2590 3277 2629; x_wconf 89' lang='lat' dir='ltr'><strong>cum</strong></span> <span class='ocrx_word' id='word_1_394' title='bbox 3324 2575 3520 2631; x_wconf 89' lang='lat' dir='ltr'><strong>Ruﬁno</strong></span> 
     </span>
    </p>
   </div>
   <div class='ocr_carea' id='block_1_55' title="bbox 1948 2660 3522 2733">
    <p class='ocr_par' dir='ltr' id='par_1_55' title="bbox 1948 2660 3522 2733">
     <span class='ocr_line' id='line_1_55' title="bbox 1948 2660 3522 2733; baseline 0.006 -18"><span class='ocrx_word' id='word_1_395' title='bbox 1948 2663 2060 2729; x_wconf 91' lang='lat' dir='ltr'><strong>alii,</strong></span> <span class='ocrx_word' id='word_1_396' title='bbox 2092 2662 2181 2717; x_wconf 89' lang='lat' dir='ltr'><strong>alii</strong></span> <span class='ocrx_word' id='word_1_397' title='bbox 2218 2660 2548 2733; x_wconf 81' lang='lat' dir='ltr'><strong>HierOnytno</strong></span> <span class='ocrx_word' id='word_1_398' title='bbox 2598 2664 2879 2732; x_wconf 85' lang='lat' dir='ltr'><strong>faverent;</strong></span> <span class='ocrx_word' id='word_1_399' title='bbox 2911 2681 3009 2720; x_wconf 88' lang='lat' dir='ltr'><strong>nec</strong></span> <span class='ocrx_word' id='word_1_400' title='bbox 3057 2664 3284 2723; x_wconf 90' lang='lat' dir='ltr'><strong>Romani</strong></span> <span class='ocrx_word' id='word_1_401' title='bbox 3323 2670 3522 2724; x_wconf 85' lang='lat' dir='ltr'><strong>dunta-</strong></span> 
     </span>
    </p>
   </div>
   <div class='ocr_carea' id='block_1_56' title="bbox 1947 2753 3520 2831">
    <p class='ocr_par' dir='ltr' id='par_1_56' title="bbox 1947 2753 3520 2831">
     <span class='ocr_line' id='line_1_56' title="bbox 1947 2753 3520 2831; baseline 0.007 -25"><span class='ocrx_word' id='word_1_402' title='bbox 1947 2763 2064 2818; x_wconf 81' lang='lat' dir='ltr'><strong>xat,</strong></span> <span class='ocrx_word' id='word_1_403' title='bbox 2092 2753 2184 2808; x_wconf 90' lang='lat' dir='ltr'><strong>sed</strong></span> <span class='ocrx_word' id='word_1_404' title='bbox 2214 2760 2268 2808; x_wconf 90' lang='lat' dir='ltr'><strong>et</strong></span> <span class='ocrx_word' id='word_1_405' title='bbox 2316 2762 2582 2823; x_wconf 88' lang='lat' dir='ltr'><strong>quotquot</strong></span> <span class='ocrx_word' id='word_1_406' title='bbox 2610 2753 2725 2808; x_wconf 91' lang='lat' dir='ltr'><strong>fere</strong></span> <span class='ocrx_word' id='word_1_407' title='bbox 2774 2770 2870 2824; x_wconf 88' lang='lat' dir='ltr'><strong>per</strong></span> <span class='ocrx_word' id='word_1_408' title='bbox 2915 2754 3100 2810; x_wconf 92' lang='lat' dir='ltr'><strong>orbem</strong></span> <span class='ocrx_word' id='word_1_409' title='bbox 3136 2759 3307 2826; x_wconf 89' lang='lat' dir='ltr'><strong>sparsi</strong></span> <span class='ocrx_word' id='word_1_410' title='bbox 3343 2770 3520 2831; x_wconf 75' lang='lat' dir='ltr'><strong>erant,</strong></span> 
     </span>
    </p>
   </div>
   <div class='ocr_carea' id='block_1_57' title="bbox 1949 2843 2762 2900">
    <p class='ocr_par' dir='ltr' id='par_1_57' title="bbox 1949 2843 2762 2900">
     <span class='ocr_line' id='line_1_57' title="bbox 1949 2843 2762 2900; baseline -0.002 0"><span class='ocrx_word' id='word_1_411' title='bbox 1949 2844 2177 2900; x_wconf 82' lang='lat' dir='ltr'><strong>diversis</strong></span> <span class='ocrx_word' id='word_1_412' title='bbox 2208 2843 2403 2899; x_wconf 89' lang='lat' dir='ltr'><strong>studiis</strong></span> <span class='ocrx_word' id='word_1_413' title='bbox 2434 2845 2762 2900; x_wconf 81' lang='lat' dir='ltr'><strong>ferebantur.</strong></span> 
     </span>
    </p>
   </div>
   <div class='ocr_carea' id='block_1_58' title="bbox 2020 2977 3524 3046">
    <p class='ocr_par' dir='ltr' id='par_1_58' title="bbox 2020 2977 3524 3046">
     <span class='ocr_line' id='line_1_58' title="bbox 2020 2977 3524 3046; baseline 0 -11"><span class='ocrx_word' id='word_1_414' title='bbox 2020 2978 2163 3035; x_wconf 80' lang='lat' dir='ltr'><strong>XIX.</strong></span> <span class='ocrx_word' id='word_1_415' title='bbox 2208 2978 2345 3033; x_wconf 93' lang='lat' dir='ltr'><strong>Tum</strong></span> <span class='ocrx_word' id='word_1_416' title='bbox 2383 2992 2512 3031; x_wconf 85' lang='lat' dir='ltr'><strong>vero</strong></span> <span class='ocrx_word' id='word_1_417' title='bbox 2558 2977 2797 3046; x_wconf 90' lang='lat' dir='ltr'><strong>partium</strong></span> <span class='ocrx_word' id='word_1_418' title='bbox 2842 2992 3060 3033; x_wconf 91' lang='lat' dir='ltr'><strong>suarum</strong></span> <span class='ocrx_word' id='word_1_419' title='bbox 3098 2993 3219 3034; x_wconf 90' lang='lat' dir='ltr'><strong>esse</strong></span> <span class='ocrx_word' id='word_1_420' title='bbox 3256 2980 3524 3035; x_wconf 79' lang='lat' dir='ltr'><strong>intellexit</strong></span> 
     </span>
    </p>
   </div>
   <div class='ocr_carea' id='block_1_59' title="bbox 1949 3070 3526 3141">
    <p class='ocr_par' dir='ltr' id='par_1_59' title="bbox 1949 3070 3526 3141">
     <span class='ocr_line' id='line_1_59' title="bbox 1949 3070 3526 3141; baseline 0.002 -15"><span class='ocrx_word' id='word_1_421' title='bbox 1949 3071 2269 3127; x_wconf 89' lang='lat' dir='ltr'><strong>Anastasius</strong></span> <span class='ocrx_word' id='word_1_422' title='bbox 2298 3085 2456 3141; x_wconf 90' lang='lat' dir='ltr'><strong>papa,</strong></span> <span class='ocrx_word' id='word_1_423' title='bbox 2489 3085 2594 3124; x_wconf 91' lang='lat' dir='ltr'><strong>non</strong></span> <span class='ocrx_word' id='word_1_424' title='bbox 2634 3070 2853 3140; x_wconf 91' lang='lat' dir='ltr'><strong>quidem</strong></span> <span class='ocrx_word' id='word_1_425' title='bbox 2896 3072 3204 3128; x_wconf 85' lang='lat' dir='ltr'><strong>exorientes</strong></span> <span class='ocrx_word' id='word_1_426' title='bbox 3238 3082 3414 3128; x_wconf 90' lang='lat' dir='ltr'><strong>motus</strong></span> <span class='ocrx_word' id='word_1_427' title='bbox 3454 3074 3526 3129; x_wconf 84' lang='lat' dir='ltr'><strong>Ie-</strong></span> 
     </span>
    </p>
   </div>
   <div class='ocr_carea' id='block_1_60' title="bbox 266 3163 3525 3269">
    <p class='ocr_par' dir='ltr' id='par_1_60' title="bbox 266 3163 3525 3269">
     <span class='ocr_line' id='line_1_60' title="bbox 266 3163 3525 3269; baseline -0.004 -35"><span class='ocrx_word' id='word_1_428' title='bbox 266 3179 534 3245; x_wconf 81' lang='lat' dir='ltr'><strong>tissimus,</strong></span> <span class='ocrx_word' id='word_1_429' title='bbox 569 3178 858 3250; x_wconf 85' lang='lat' dir='ltr'><strong>Origenem</strong></span> <span class='ocrx_word' id='word_1_430' title='bbox 899 3163 1119 3234; x_wconf 79' lang='lat' dir='ltr'><strong>secutus</strong></span> <span class='ocrx_word' id='word_1_431' title='bbox 1145 3177 1323 3245; x_wconf 91' lang='lat' dir='ltr'><strong>primo</strong></span> <span class='ocrx_word' id='word_1_432' title='bbox 1353 3182 1593 3244; x_wconf 91' lang='lat' dir='ltr'><strong>tempore</strong></span> <span class='ocrx_word' id='word_1_433' title='bbox 1622 3174 1848 3242; x_wconf 86' lang='lat' dir='ltr'><strong>putaba-</strong></span> <span class='ocrx_word' id='word_1_434' title='bbox 1876 3210 1918 3269; x_wconf 65' lang='grc' dir='ltr'>ϐ</span> <span class='ocrx_word' id='word_1_435' title='bbox 1954 3164 2210 3219; x_wconf 85' lang='lat' dir='ltr'><strong>nimentis</strong></span> <span class='ocrx_word' id='word_1_436' title='bbox 2240 3164 2500 3219; x_wconf 88' lang='lat' dir='ltr'><strong>adhibitis</strong></span> <span class='ocrx_word' id='word_1_437' title='bbox 2525 3163 2835 3232; x_wconf 88' lang='lat' dir='ltr'><strong>consopire,</strong></span> <span class='ocrx_word' id='word_1_438' title='bbox 2864 3165 3007 3233; x_wconf 90' lang='lat' dir='ltr'><strong>quod</strong></span> <span class='ocrx_word' id='word_1_439' title='bbox 3051 3164 3250 3220; x_wconf 86' lang='lat' dir='ltr'><strong>factum</strong></span> <span class='ocrx_word' id='word_1_440' title='bbox 3273 3182 3302 3220; x_wconf 90' lang='lat' dir='ltr'><strong>a</strong></span> <span class='ocrx_word' id='word_1_441' title='bbox 3341 3167 3525 3222; x_wconf 88' lang='lat' dir='ltr'><strong>deces-</strong></span> 
     </span>
    </p>
   </div>
   <div class='ocr_carea' id='block_1_61' title="bbox 267 3267 1850 3342">
    <p class='ocr_par' dir='ltr' id='par_1_61' title="bbox 267 3267 1850 3342">
     <span class='ocr_line' id='line_1_61' title="bbox 267 3267 1850 3342; baseline -0.006 -14"><span class='ocrx_word' id='word_1_442' title='bbox 267 3282 382 3336; x_wconf 85' lang='lat' dir='ltr'><strong>tur,</strong></span> <span class='ocrx_word' id='word_1_443' title='bbox 414 3288 575 3342; x_wconf 89' lang='lat' dir='ltr'><strong>quem</strong></span> <span class='ocrx_word' id='word_1_444' title='bbox 629 3288 769 3327; x_wconf 90' lang='lat' dir='ltr'><strong>nunc</strong></span> <span class='ocrx_word' id='word_1_445' title='bbox 824 3274 962 3327; x_wconf 89' lang='lat' dir='ltr'><strong>idem</strong></span> <span class='ocrx_word' id='word_1_446' title='bbox 1015 3267 1426 3341; x_wconf 72' lang='lat' dir='ltr'><strong>praecipue,vel</strong></span> <span class='ocrx_word' id='word_1_447' title='bbox 1481 3268 1663 3321; x_wconf 91' lang='lat' dir='ltr'><strong>omnia</strong></span> <span class='ocrx_word' id='word_1_448' title='bbox 1710 3267 1850 3319; x_wconf 90' lang='lat' dir='ltr'><strong>illius</strong></span> 
     </span>
    </p>
   </div>
   <div class='ocr_carea' id='block_1_62' title="bbox 267 3358 1852 3435">
    <p class='ocr_par' dir='ltr' id='par_1_62' title="bbox 267 3358 1852 3435">
     <span class='ocr_line' id='line_1_62' title="bbox 267 3358 1852 3435; baseline -0.007 -14"><span class='ocrx_word' id='word_1_449' title='bbox 267 3367 474 3435; x_wconf 89' lang='lat' dir='ltr'><strong>scripta</strong></span> <span class='ocrx_word' id='word_1_450' title='bbox 506 3367 810 3420; x_wconf 89' lang='lat' dir='ltr'><strong>damnaret.</strong></span> <span class='ocrx_word' id='word_1_451' title='bbox 864 3382 882 3415; x_wconf 77' lang='grc' dir='ltr'><strong>ι</strong></span> <span class='ocrx_word' id='word_1_452' title='bbox 936 3363 1064 3417; x_wconf 89' lang='lat' dir='ltr'><strong>Inde</strong></span> <span class='ocrx_word' id='word_1_453' title='bbox 1098 3371 1151 3415; x_wconf 91' lang='lat' dir='ltr'><strong>et</strong></span> <span class='ocrx_word' id='word_1_454' title='bbox 1187 3358 1516 3431; x_wconf 83' lang='lat' dir='ltr'><strong>Vigilantius</strong></span> <span class='ocrx_word' id='word_1_455' title='bbox 1567 3359 1738 3427; x_wconf 90' lang='lat' dir='ltr'><strong>ipsum</strong></span> <span class='ocrx_word' id='word_1_456' title='bbox 1774 3358 1852 3411; x_wconf 90' lang='lat' dir='ltr'><strong>sic</strong></span> 
     </span>
    </p>
   </div>
   <div class='ocr_carea' id='block_1_63' title="bbox 271 3447 1849 3523">
    <p class='ocr_par' dir='ltr' id='par_1_63' title="bbox 271 3447 1849 3523">
     <span class='ocr_line' id='line_1_63' title="bbox 271 3447 1849 3523; baseline -0.004 -17"><span class='ocrx_word' id='word_1_457' title='bbox 271 3464 534 3523; x_wconf 88' lang='lat' dir='ltr'><strong>tanquam</strong></span> <span class='ocrx_word' id='word_1_458' title='bbox 566 3453 931 3523; x_wconf 84' lang='lat' dir='ltr'><strong>Origenistam</strong></span> <span class='ocrx_word' id='word_1_459' title='bbox 964 3450 1289 3517; x_wconf 87' lang='lat' dir='ltr'><strong>incessebat,</strong></span> <span class='ocrx_word' id='word_1_460' title='bbox 1336 3463 1497 3519; x_wconf 90' lang='lat' dir='ltr'><strong>quam</strong></span> <span class='ocrx_word' id='word_1_461' title='bbox 1530 3459 1706 3502; x_wconf 89' lang='lat' dir='ltr'><strong>tamen</strong></span> <span class='ocrx_word' id='word_1_462' title='bbox 1740 3447 1849 3501; x_wconf 87' lang='lat' dir='ltr'><strong>cri-</strong></span> 
     </span>
    </p>
   </div>
   <div class='ocr_carea' id='block_1_64' title="bbox 271 3540 1854 3615">
    <p class='ocr_par' dir='ltr' id='par_1_64' title="bbox 271 3540 1854 3615">
     <span class='ocr_line' id='line_1_64' title="bbox 271 3540 1854 3615; baseline -0.006 -15"><span class='ocrx_word' id='word_1_463' title='bbox 271 3548 628 3601; x_wconf 87' lang='lat' dir='ltr'><strong>minationem</strong></span> <span class='ocrx_word' id='word_1_464' title='bbox 657 3544 925 3615; x_wconf 79' lang='lat' dir='ltr'><strong>depellere</strong></span> <span class='ocrx_word' id='word_1_465' title='bbox 961 3553 1192 3599; x_wconf 90' lang='lat' dir='ltr'><strong>conatur</strong></span> <span class='ocrx_word' id='word_1_466' title='bbox 1213 3544 1371 3613; x_wconf 91' lang='lat' dir='ltr'><strong>epist.</strong></span> <span class='ocrx_word' id='word_1_467' title='bbox 1399 3540 1489 3599; x_wconf 81' lang='lat'><strong>&#39;75.</strong></span> <span class='ocrx_word' id='word_1_468' title='bbox 1510 3541 1638 3595; x_wconf 90' lang='lat' dir='ltr'><strong>Inde</strong></span> <span class='ocrx_word' id='word_1_469' title='bbox 1669 3548 1724 3593; x_wconf 92' lang='lat' dir='ltr'><strong>et</strong></span> <span class='ocrx_word' id='word_1_470' title='bbox 1754 3542 1854 3593; x_wconf 89' lang='lat' dir='ltr'><strong>Att-</strong></span> 
     </span>
    </p>
   </div>
   <div class='ocr_carea' id='block_1_65' title="bbox 272 3631 1854 3710">
    <p class='ocr_par' dir='ltr' id='par_1_65' title="bbox 272 3631 1854 3710">
     <span class='ocr_line' id='line_1_65' title="bbox 272 3631 1854 3710; baseline -0.004 -19"><span class='ocrx_word' id='word_1_471' title='bbox 272 3639 524 3710; x_wconf 80' lang='lat' dir='ltr'><strong>gustinus</strong></span> <span class='ocrx_word' id='word_1_472' title='bbox 556 3638 973 3693; x_wconf 88' lang='lat' dir='ltr'><strong>inconstantiam</strong></span> <span class='ocrx_word' id='word_1_473' title='bbox 1007 3647 1060 3693; x_wconf 91' lang='lat' dir='ltr'><strong>et</strong></span> <span class='ocrx_word' id='word_1_474' title='bbox 1096 3636 1449 3691; x_wconf 87' lang='lat' dir='ltr'><strong>mobilitatem</strong></span> <span class='ocrx_word' id='word_1_475' title='bbox 1502 3634 1698 3704; x_wconf 87' lang='lat' dir='ltr'><strong>ingenii</strong></span> <span class='ocrx_word' id='word_1_476' title='bbox 1728 3631 1854 3686; x_wconf 85' lang='lat' dir='ltr'><strong>Hie-</strong></span> 
     </span>
    </p>
   </div>
   <div class='ocr_carea' id='block_1_66' title="bbox 274 3723 1849 3801">
    <p class='ocr_par' dir='ltr' id='par_1_66' title="bbox 274 3723 1849 3801">
     <span class='ocr_line' id='line_1_66' title="bbox 274 3723 1849 3801; baseline -0.005 -16"><span class='ocrx_word' id='word_1_477' title='bbox 274 3747 502 3800; x_wconf 86' lang='lat' dir='ltr'><strong>ronymo</strong></span> <span class='ocrx_word' id='word_1_478' title='bbox 526 3730 810 3801; x_wconf 79' lang='lat' dir='ltr'><strong>Origenem</strong></span> <span class='ocrx_word' id='word_1_479' title='bbox 844 3731 940 3784; x_wconf 90' lang='lat' dir='ltr'><strong>sibi</strong></span> <span class='ocrx_word' id='word_1_480' title='bbox 972 3732 1100 3785; x_wconf 88' lang='lat' dir='ltr'><strong>olim</strong></span> <span class='ocrx_word' id='word_1_481' title='bbox 1118 3744 1400 3799; x_wconf 89' lang='lat' dir='ltr'><strong>percarum</strong></span> <span class='ocrx_word' id='word_1_482' title='bbox 1431 3727 1541 3796; x_wconf 84' lang='lat' dir='ltr'><strong>jam</strong></span> <span class='ocrx_word' id='word_1_483' title='bbox 1569 3723 1849 3779; x_wconf 87' lang='lat' dir='ltr'><strong>inl‘amanti</strong></span> 
     </span>
    </p>
   </div>
   <div class='ocr_carea' id='block_1_67' title="bbox 277 3820 1852 3894">
    <p class='ocr_par' dir='ltr' id='par_1_67' title="bbox 277 3820 1852 3894">
     <span class='ocr_line' id='line_1_67' title="bbox 277 3820 1852 3894; baseline -0.006 -15"><span class='ocrx_word' id='word_1_484' title='bbox 277 3825 611 3880; x_wconf 90' lang='lat' dir='ltr'><strong>subobscure</strong></span> <span class='ocrx_word' id='word_1_485' title='bbox 658 3824 972 3894; x_wconf 83' lang='lat' dir='ltr'><strong>exprobrat,</strong></span> <span class='ocrx_word' id='word_1_486' title='bbox 1007 3824 1165 3894; x_wconf 90' lang='lat' dir='ltr'><strong>epist.</strong></span> <span class='ocrx_word' id='word_1_487' title='bbox 1211 3823 1264 3877; x_wconf 93' lang='lat'><strong>8.</strong></span> <span class='ocrx_word' id='word_1_488' title='bbox 1340 3840 1358 3871; x_wconf 80' lang='grc' dir='ltr'><strong>ι</strong></span> <span class='ocrx_word' id='word_1_489' title='bbox 1398 3820 1639 3874; x_wconf 86' lang='lat' dir='ltr'><strong>Petimus</strong></span> <span class='ocrx_word' id='word_1_490' title='bbox 1702 3833 1852 3888; x_wconf 83' lang='lat' dir='ltr'><strong>ergo,</strong></span> 
     </span>
    </p>
   </div>
   <div class='ocr_carea' id='block_1_68' title="bbox 276 3909 1852 3986">
    <p class='ocr_par' dir='ltr' id='par_1_68' title="bbox 276 3909 1852 3986">
     <span class='ocr_line' id='line_1_68' title="bbox 276 3909 1852 3986; baseline -0.006 -15"><span class='ocrx_word' id='word_1_491' title='bbox 276 3919 475 3986; x_wconf 85' lang='lat' dir='ltr'><strong>inquit,</strong></span> <span class='ocrx_word' id='word_1_492' title='bbox 530 3929 584 3972; x_wconf 89' lang='lat' dir='ltr'><strong>et</strong></span> <span class='ocrx_word' id='word_1_493' title='bbox 627 3919 901 3972; x_wconf 90' lang='lat' dir='ltr'><strong>nobiscum</strong></span> <span class='ocrx_word' id='word_1_494' title='bbox 936 3918 1068 3986; x_wconf 90' lang='lat' dir='ltr'><strong>petit</strong></span> <span class='ocrx_word' id='word_1_495' title='bbox 1107 3918 1283 3971; x_wconf 90' lang='lat' dir='ltr'><strong>omnis</strong></span> <span class='ocrx_word' id='word_1_496' title='bbox 1333 3914 1709 3967; x_wconf 87' lang='lat' dir='ltr'><strong>Africanarum</strong></span> <span class='ocrx_word' id='word_1_497' title='bbox 1748 3909 1852 3962; x_wconf 86' lang='lat' dir='ltr'><strong>Ec-</strong></span> 
     </span>
    </p>
   </div>
   <div class='ocr_carea' id='block_1_69' title="bbox 280 4002 1854 4073">
    <p class='ocr_par' dir='ltr' id='par_1_69' title="bbox 280 4002 1854 4073">
     <span class='ocr_line' id='line_1_69' title="bbox 280 4002 1854 4073; baseline -0.009 -6"><span class='ocrx_word' id='word_1_498' title='bbox 280 4014 565 4067; x_wconf 86' lang='lat' dir='ltr'><strong>clesiarum</strong></span> <span class='ocrx_word' id='word_1_499' title='bbox 601 4011 838 4065; x_wconf 88' lang='lat' dir='ltr'><strong>studiosa</strong></span> <span class='ocrx_word' id='word_1_500' title='bbox 873 4010 1123 4072; x_wconf 88' lang='lat' dir='ltr'><strong>societas,</strong></span> <span class='ocrx_word' id='word_1_501' title='bbox 1148 4017 1205 4061; x_wconf 92' lang='lat' dir='ltr'><strong>ut</strong></span> <span class='ocrx_word' id='word_1_502' title='bbox 1237 4007 1289 4059; x_wconf 89' lang='lat' dir='ltr'><strong>in</strong></span> <span class='ocrx_word' id='word_1_503' title='bbox 1323 4002 1737 4073; x_wconf 83' lang='lat' dir='ltr'><strong>interpretandis</strong></span> <span class='ocrx_word' id='word_1_504' title='bbox 1761 4016 1854 4054; x_wconf 87' lang='lat' dir='ltr'><strong>eo-</strong></span> 
     </span>
    </p>
   </div>
   <div class='ocr_carea' id='block_1_70' title="bbox 280 4096 1851 4169">
    <p class='ocr_par' dir='ltr' id='par_1_70' title="bbox 280 4096 1851 4169">
     <span class='ocr_line' id='line_1_70' title="bbox 280 4096 1851 4169; baseline -0.011 -11"><span class='ocrx_word' id='word_1_505' title='bbox 280 4120 400 4158; x_wconf 89' lang='lat' dir='ltr'><strong>rum</strong></span> <span class='ocrx_word' id='word_1_506' title='bbox 457 4102 641 4166; x_wconf 82' lang='lat' dir='ltr'><strong>libris,</strong></span> <span class='ocrx_word' id='word_1_507' title='bbox 679 4102 767 4169; x_wconf 90' lang='lat' dir='ltr'><strong>qui</strong></span> <span class='ocrx_word' id='word_1_508' title='bbox 831 4100 1016 4155; x_wconf 73' lang='lat' dir='ltr'><strong>Graece</strong></span> <span class='ocrx_word' id='word_1_509' title='bbox 1067 4096 1376 4166; x_wconf 88' lang='lat' dir='ltr'><strong>Scripturas</strong></span> <span class='ocrx_word' id='word_1_510' title='bbox 1424 4102 1636 4148; x_wconf 88' lang='lat' dir='ltr'><strong>nostras</strong></span> <span class='ocrx_word' id='word_1_511' title='bbox 1692 4105 1851 4160; x_wconf 81' lang='lat' dir='ltr'><strong>quam</strong></span> 
     </span>
    </p>
   </div>
   <div class='ocr_carea' id='block_1_71' title="bbox 280 4183 1853 4264">
    <p class='ocr_par' dir='ltr' id='par_1_71' title="bbox 280 4183 1853 4264">
     <span class='ocr_line' id='line_1_71' title="bbox 280 4183 1853 4264; baseline -0.009 -16"><span class='ocrx_word' id='word_1_512' title='bbox 280 4197 480 4264; x_wconf 85' lang='lat' dir='ltr'><strong>optime</strong></span> <span class='ocrx_word' id='word_1_513' title='bbox 508 4199 893 4257; x_wconf 89' lang='lat' dir='ltr'><strong>tractaverunt,</strong></span> <span class='ocrx_word' id='word_1_514' title='bbox 923 4205 1109 4244; x_wconf 88' lang='lat' dir='ltr'><strong>curam</strong></span> <span class='ocrx_word' id='word_1_515' title='bbox 1134 4196 1294 4257; x_wconf 89' lang='lat' dir='ltr'><strong>atque</strong></span> <span class='ocrx_word' id='word_1_516' title='bbox 1328 4200 1544 4256; x_wconf 90' lang='lat' dir='ltr'><strong>operam</strong></span> <span class='ocrx_word' id='word_1_517' title='bbox 1580 4183 1853 4253; x_wconf 81' lang='lat' dir='ltr'><strong>impende-</strong></span> 
     </span>
    </p>
   </div>
   <div class='ocr_carea' id='block_1_72' title="bbox 281 4279 1855 4355">
    <p class='ocr_par' dir='ltr' id='par_1_72' title="bbox 281 4279 1855 4355">
     <span class='ocr_line' id='line_1_72' title="bbox 281 4279 1855 4355; baseline -0.01 -15"><span class='ocrx_word' id='word_1_518' title='bbox 281 4300 343 4340; x_wconf 87' lang='lat' dir='ltr'><strong>re</strong></span> <span class='ocrx_word' id='word_1_519' title='bbox 385 4301 487 4339; x_wconf 92' lang='lat' dir='ltr'><strong>non</strong></span> <span class='ocrx_word' id='word_1_520' title='bbox 516 4284 798 4355; x_wconf 84' lang='lat' dir='ltr'><strong>graveris:</strong></span> <span class='ocrx_word' id='word_1_521' title='bbox 838 4290 990 4353; x_wconf 92' lang='lat' dir='ltr'><strong>potes</strong></span> <span class='ocrx_word' id='word_1_522' title='bbox 1035 4282 1178 4336; x_wconf 90' lang='lat' dir='ltr'><strong>enim</strong></span> <span class='ocrx_word' id='word_1_523' title='bbox 1226 4279 1456 4343; x_wconf 82' lang='lat' dir='ltr'><strong>eﬂicerc,</strong></span> <span class='ocrx_word' id='word_1_524' title='bbox 1492 4288 1549 4331; x_wconf 87' lang='grc' dir='ltr'><strong>ιιι</strong></span> <span class='ocrx_word' id='word_1_525' title='bbox 1588 4292 1684 4330; x_wconf 91' lang='lat' dir='ltr'><strong>nos</strong></span> <span class='ocrx_word' id='word_1_526' title='bbox 1723 4291 1855 4343; x_wconf 89' lang='lat' dir='ltr'><strong>quo-</strong></span> 
     </span>
    </p>
   </div>
   <div class='ocr_carea' id='block_1_73' title="bbox 282 4369 1856 4449">
    <p class='ocr_par' dir='ltr' id='par_1_73' title="bbox 282 4369 1856 4449">
     <span class='ocr_line' id='line_1_73' title="bbox 282 4369 1856 4449; baseline -0.009 -16"><span class='ocrx_word' id='word_1_527' title='bbox 282 4395 387 4449; x_wconf 88' lang='lat' dir='ltr'><strong>que</strong></span> <span class='ocrx_word' id='word_1_528' title='bbox 436 4380 729 4433; x_wconf 89' lang='lat' dir='ltr'><strong>habeamus</strong></span> <span class='ocrx_word' id='word_1_529' title='bbox 769 4378 887 4431; x_wconf 85' lang='lat' dir='ltr'><strong>illos</strong></span> <span class='ocrx_word' id='word_1_530' title='bbox 939 4377 1072 4431; x_wconf 88' lang='lat' dir='ltr'><strong>tales</strong></span> <span class='ocrx_word' id='word_1_531' title='bbox 1120 4375 1286 4437; x_wconf 89' lang='lat' dir='ltr'><strong>viros,</strong></span> <span class='ocrx_word' id='word_1_532' title='bbox 1335 4381 1389 4427; x_wconf 90' lang='lat' dir='ltr'><strong>et</strong></span> <span class='ocrx_word' id='word_1_533' title='bbox 1422 4386 1587 4425; x_wconf 91' lang='lat' dir='ltr'><strong>unum</strong></span> <span class='ocrx_word' id='word_1_534' title='bbox 1644 4369 1856 4438; x_wconf 88' lang='lat' dir='ltr'><strong>potissi-</strong></span> 
     </span>
    </p>
   </div>
   <div class='ocr_carea' id='block_1_74' title="bbox 284 4462 1851 4539">
    <p class='ocr_par' dir='ltr' id='par_1_74' title="bbox 284 4462 1851 4539">
     <span class='ocr_line' id='line_1_74' title="bbox 284 4462 1851 4539; baseline -0.01 -14"><span class='ocrx_word' id='word_1_535' title='bbox 284 4486 432 4525; x_wconf 88' lang='lat' dir='ltr'><strong>mum</strong></span> <span class='ocrx_word' id='word_1_536' title='bbox 460 4510 474 4533; x_wconf 95' lang='lat'><strong>,</strong></span> <span class='ocrx_word' id='word_1_537' title='bbox 511 4485 668 4539; x_wconf 90' lang='lat' dir='ltr'><strong>quem</strong></span> <span class='ocrx_word' id='word_1_538' title='bbox 719 4478 771 4523; x_wconf 93' lang='lat' dir='ltr'><strong>tu</strong></span> <span class='ocrx_word' id='word_1_539' title='bbox 821 4468 1076 4523; x_wconf 90' lang='lat' dir='ltr'><strong>libentius</strong></span> <span class='ocrx_word' id='word_1_540' title='bbox 1112 4466 1165 4519; x_wconf 90' lang='lat' dir='ltr'><strong>in</strong></span> <span class='ocrx_word' id='word_1_541' title='bbox 1219 4464 1324 4517; x_wconf 89' lang='lat' dir='ltr'><strong>tuis</strong></span> <span class='ocrx_word' id='word_1_542' title='bbox 1372 4462 1567 4515; x_wconf 75' lang='lat' dir='ltr'><strong>litteris</strong></span> <span class='ocrx_word' id='word_1_543' title='bbox 1601 4474 1796 4514; x_wconf 88' lang='lat' dir='ltr'><strong>sonas:</strong></span> <span class='ocrx_word' id='word_1_544' title='bbox 1833 4477 1851 4509; x_wconf 76' lang='grc' dir='ltr'><strong>ι</strong></span> 
     </span>
    </p>
   </div>
   <div class='ocr_carea' id='block_1_75' title="bbox 1953 3255 3526 3325">
    <p class='ocr_par' dir='ltr' id='par_1_75' title="bbox 1953 3255 3526 3325">
     <span class='ocr_line' id='line_1_75' title="bbox 1953 3255 3526 3325; baseline 0.003 -15"><span class='ocrx_word' id='word_1_545' title='bbox 1953 3269 2075 3310; x_wconf 89' lang='lat' dir='ltr'><strong>sore</strong></span> <span class='ocrx_word' id='word_1_546' title='bbox 2112 3255 2229 3325; x_wconf 90' lang='lat' dir='ltr'><strong>ejus</strong></span> <span class='ocrx_word' id='word_1_547' title='bbox 2270 3255 2470 3310; x_wconf 88' lang='lat' dir='ltr'><strong>Siricio</strong></span> <span class='ocrx_word' id='word_1_548' title='bbox 2510 3255 2841 3316; x_wconf 85' lang='lat' dir='ltr'><strong>notavimus.</strong></span> <span class='ocrx_word' id='word_1_549' title='bbox 2908 3258 3001 3310; x_wconf 89' lang='lat' dir='ltr'><strong>sed</strong></span> <span class='ocrx_word' id='word_1_550' title='bbox 3055 3257 3253 3311; x_wconf 85' lang='lat' dir='ltr'><strong>malum</strong></span> <span class='ocrx_word' id='word_1_551' title='bbox 3317 3260 3526 3315; x_wconf 86' lang='lat' dir='ltr'><strong>occulte</strong></span> 
     </span>
    </p>
   </div>
   <div class='ocr_carea' id='block_1_76' title="bbox 1954 3346 3527 3414">
    <p class='ocr_par' dir='ltr' id='par_1_76' title="bbox 1954 3346 3527 3414">
     <span class='ocr_line' id='line_1_76' title="bbox 1954 3346 3527 3414; baseline 0.001 -12"><span class='ocrx_word' id='word_1_552' title='bbox 1954 3362 2208 3403; x_wconf 88' lang='lat' dir='ltr'><strong>crescens</strong></span> <span class='ocrx_word' id='word_1_553' title='bbox 2244 3346 2545 3414; x_wconf 90' lang='lat' dir='ltr'><strong>apostolica</strong></span> <span class='ocrx_word' id='word_1_554' title='bbox 2596 3347 2925 3401; x_wconf 86' lang='lat' dir='ltr'><strong>auctoritate</strong></span> <span class='ocrx_word' id='word_1_555' title='bbox 2954 3346 3284 3403; x_wconf 89' lang='lat' dir='ltr'><strong>rescindere.</strong></span> <span class='ocrx_word' id='word_1_556' title='bbox 3320 3349 3399 3404; x_wconf 86' lang='lat' dir='ltr'><strong>Re</strong></span> <span class='ocrx_word' id='word_1_557' title='bbox 3427 3351 3527 3403; x_wconf 89' lang='lat' dir='ltr'><strong>ita—</strong></span> 
     </span>
    </p>
   </div>
   <div class='ocr_carea' id='block_1_77' title="bbox 1953 3439 3524 3509">
    <p class='ocr_par' dir='ltr' id='par_1_77' title="bbox 1953 3439 3524 3509">
     <span class='ocr_line' id='line_1_77' title="bbox 1953 3439 3524 3509; baseline 0 -16"><span class='ocrx_word' id='word_1_558' title='bbox 1953 3454 2059 3509; x_wconf 88' lang='lat' dir='ltr'><strong>que</strong></span> <span class='ocrx_word' id='word_1_559' title='bbox 2108 3440 2196 3494; x_wconf 90' lang='lat' dir='ltr'><strong>diu</strong></span> <span class='ocrx_word' id='word_1_560' title='bbox 2237 3453 2300 3494; x_wconf 87' lang='lat' dir='ltr'><strong>ac</strong></span> <span class='ocrx_word' id='word_1_561' title='bbox 2330 3447 2541 3494; x_wconf 88' lang='lat' dir='ltr'><strong>mature</strong></span> <span class='ocrx_word' id='word_1_562' title='bbox 2583 3439 2637 3492; x_wconf 89' lang='lat' dir='ltr'><strong>in</strong></span> <span class='ocrx_word' id='word_1_563' title='bbox 2667 3449 2952 3507; x_wconf 88' lang='lat' dir='ltr'><strong>utramque</strong></span> <span class='ocrx_word' id='word_1_564' title='bbox 2990 3448 3195 3509; x_wconf 90' lang='lat' dir='ltr'><strong>partem</strong></span> <span class='ocrx_word' id='word_1_565' title='bbox 3239 3454 3524 3509; x_wconf 87' lang='lat' dir='ltr'><strong>perpensa,</strong></span> 
     </span>
    </p>
   </div>
   <div class='ocr_carea' id='block_1_78' title="bbox 1955 3530 3524 3602">
    <p class='ocr_par' dir='ltr' id='par_1_78' title="bbox 1955 3530 3524 3602">
     <span class='ocr_line' id='line_1_78' title="bbox 1955 3530 3524 3602; baseline -0.001 -15"><span class='ocrx_word' id='word_1_566' title='bbox 1955 3531 2206 3602; x_wconf 86' lang='lat' dir='ltr'><strong>Origenis</strong></span> <span class='ocrx_word' id='word_1_567' title='bbox 2237 3532 2449 3584; x_wconf 89' lang='lat' dir='ltr'><strong>tandem</strong></span> <span class='ocrx_word' id='word_1_568' title='bbox 2472 3530 2749 3585; x_wconf 89' lang='lat' dir='ltr'><strong>erroribus</strong></span> <span class='ocrx_word' id='word_1_569' title='bbox 2787 3532 3054 3585; x_wconf 63' lang='lat' dir='ltr'><strong>hmreseos</strong></span> <span class='ocrx_word' id='word_1_570' title='bbox 3077 3540 3255 3583; x_wconf 89' lang='lat' dir='ltr'><strong>notam</strong></span> <span class='ocrx_word' id='word_1_571' title='bbox 3296 3532 3524 3601; x_wconf 86' lang='lat' dir='ltr'><strong>impres-</strong></span> 
     </span>
    </p>
   </div>
   <div class='ocr_carea' id='block_1_79' title="bbox 1954 3619 3527 3690">
    <p class='ocr_par' dir='ltr' id='par_1_79' title="bbox 1954 3619 3527 3690">
     <span class='ocr_line' id='line_1_79' title="bbox 1954 3619 3527 3690; baseline -0.001 -14"><span class='ocrx_word' id='word_1_572' title='bbox 1954 3621 2026 3677; x_wconf 89' lang='lat' dir='ltr'><strong>sit</strong></span> <span class='ocrx_word' id='word_1_573' title='bbox 2049 3635 2190 3675; x_wconf 90' lang='lat' dir='ltr'><strong>anno</strong></span> <span class='ocrx_word' id='word_1_574' title='bbox 2218 3619 2346 3675; x_wconf 73' lang='lat'><strong>400.</strong></span> <span class='ocrx_word' id='word_1_575' title='bbox 2377 3619 2657 3689; x_wconf 86' lang='lat' dir='ltr'><strong>Theophili</strong></span> <span class='ocrx_word' id='word_1_576' title='bbox 2687 3620 2920 3675; x_wconf 83' lang='lat' dir='ltr'><strong>studium</strong></span> <span class='ocrx_word' id='word_1_577' title='bbox 2948 3620 3207 3685; x_wconf 88' lang='lat' dir='ltr'><strong>imitatus,</strong></span> <span class='ocrx_word' id='word_1_578' title='bbox 3246 3620 3334 3689; x_wconf 89' lang='lat' dir='ltr'><strong>qui</strong></span> <span class='ocrx_word' id='word_1_579' title='bbox 3370 3636 3527 3690; x_wconf 88' lang='lat' dir='ltr'><strong>supe-</strong></span> 
     </span>
    </p>
   </div>
   <div class='ocr_carea' id='block_1_80' title="bbox 1957 3710 3529 3781">
    <p class='ocr_par' dir='ltr' id='par_1_80' title="bbox 1957 3710 3529 3781">
     <span class='ocr_line' id='line_1_80' title="bbox 1957 3710 3529 3781; baseline -0.001 -14"><span class='ocrx_word' id='word_1_580' title='bbox 1957 3715 2102 3767; x_wconf 92' lang='lat' dir='ltr'><strong>riore</strong></span> <span class='ocrx_word' id='word_1_581' title='bbox 2129 3727 2272 3765; x_wconf 91' lang='lat' dir='ltr'><strong>anno</strong></span> <span class='ocrx_word' id='word_1_582' title='bbox 2300 3712 2353 3765; x_wconf 91' lang='lat' dir='ltr'><strong>in</strong></span> <span class='ocrx_word' id='word_1_583' title='bbox 2384 3711 2752 3766; x_wconf 83' lang='lat' dir='ltr'><strong>Alexandrina</strong></span> <span class='ocrx_word' id='word_1_584' title='bbox 2794 3711 3001 3781; x_wconf 88' lang='lat' dir='ltr'><strong>synodo</strong></span> <span class='ocrx_word' id='word_1_585' title='bbox 3036 3710 3254 3765; x_wconf 90' lang='lat' dir='ltr'><strong>eosdem</strong></span> <span class='ocrx_word' id='word_1_586' title='bbox 3301 3711 3529 3765; x_wconf 87' lang='lat' dir='ltr'><strong>damna-</strong></span> 
     </span>
    </p>
   </div>
   <div class='ocr_carea' id='block_1_81' title="bbox 1955 3804 3525 3873">
    <p class='ocr_par' dir='ltr' id='par_1_81' title="bbox 1955 3804 3525 3873">
     <span class='ocr_line' id='line_1_81' title="bbox 1955 3804 3525 3873; baseline -0.003 -12"><span class='ocrx_word' id='word_1_587' title='bbox 1955 3817 2128 3861; x_wconf 90' lang='lat' dir='ltr'><strong>verat.</strong></span> <span class='ocrx_word' id='word_1_588' title='bbox 2152 3805 2348 3860; x_wconf 86' lang='lat' dir='ltr'><strong>Statim</strong></span> <span class='ocrx_word' id='word_1_589' title='bbox 2374 3819 2502 3858; x_wconf 87' lang='lat' dir='ltr'><strong>vero</strong></span> <span class='ocrx_word' id='word_1_590' title='bbox 2525 3804 2763 3857; x_wconf 87' lang='lat' dir='ltr'><strong>dimissis</strong></span> <span class='ocrx_word' id='word_1_591' title='bbox 2796 3804 2848 3856; x_wconf 93' lang='lat' dir='ltr'><strong>in</strong></span> <span class='ocrx_word' id='word_1_592' title='bbox 2881 3818 3071 3857; x_wconf 89' lang='lat' dir='ltr'><strong>omnes</strong></span> <span class='ocrx_word' id='word_1_593' title='bbox 3100 3814 3281 3873; x_wconf 86' lang='lat' dir='ltr'><strong>partes</strong></span> <span class='ocrx_word' id='word_1_594' title='bbox 3304 3804 3525 3868; x_wconf 88' lang='lat' dir='ltr'><strong>nuntiis,</strong></span> 
     </span>
    </p>
   </div>
   <div class='ocr_carea' id='block_1_82' title="bbox 1955 3894 3529 3968">
    <p class='ocr_par' dir='ltr' id='par_1_82' title="bbox 1955 3894 3529 3968">
     <span class='ocr_line' id='line_1_82' title="bbox 1955 3894 3529 3968; baseline -0.004 -14"><span class='ocrx_word' id='word_1_595' title='bbox 1955 3899 2404 3968; x_wconf 79' lang='lat' dir='ltr'><strong>Origenianorum</strong></span> <span class='ocrx_word' id='word_1_596' title='bbox 2459 3911 2703 3951; x_wconf 92' lang='lat' dir='ltr'><strong>errorum</strong></span> <span class='ocrx_word' id='word_1_597' title='bbox 2765 3895 3161 3949; x_wconf 88' lang='lat' dir='ltr'><strong>damnationem</strong></span> <span class='ocrx_word' id='word_1_598' title='bbox 3222 3894 3529 3963; x_wconf 86' lang='lat' dir='ltr'><strong>promulgat</strong></span> 
     </span>
    </p>
   </div>
   <div class='ocr_carea' id='block_1_83' title="bbox 1954 3986 3526 4057">
    <p class='ocr_par' dir='ltr' id='par_1_83' title="bbox 1954 3986 3526 4057">
     <span class='ocr_line' id='line_1_83' title="bbox 1954 3986 3526 4057; baseline -0.004 -12"><span class='ocrx_word' id='word_1_599' title='bbox 1954 3990 2309 4055; x_wconf 79' lang='lat' dir='ltr'><strong>Anastasius;</strong></span> <span class='ocrx_word' id='word_1_600' title='bbox 2369 4002 2473 4057; x_wconf 88' lang='lat' dir='ltr'><strong>qua</strong></span> <span class='ocrx_word' id='word_1_601' title='bbox 2514 3995 2735 4055; x_wconf 90' lang='lat' dir='ltr'><strong>accepta</strong></span> <span class='ocrx_word' id='word_1_602' title='bbox 2790 3986 2947 4040; x_wconf 87' lang='lat' dir='ltr'><strong>iidem</strong></span> <span class='ocrx_word' id='word_1_603' title='bbox 2999 3987 3198 4054; x_wconf 88' lang='lat' dir='ltr'><strong>passim</strong></span> <span class='ocrx_word' id='word_1_604' title='bbox 3256 3988 3526 4054; x_wconf 82' lang='lat' dir='ltr'><strong>reprobati</strong></span> 
     </span>
    </p>
   </div>
   <div class='ocr_carea' id='block_1_84' title="bbox 1957 4077 3527 4146">
    <p class='ocr_par' dir='ltr' id='par_1_84' title="bbox 1957 4077 3527 4146">
     <span class='ocr_line' id='line_1_84' title="bbox 1957 4077 3527 4146; baseline -0.004 -8"><span class='ocrx_word' id='word_1_605' title='bbox 1957 4092 2100 4138; x_wconf 92' lang='lat' dir='ltr'><strong>sunt.</strong></span> <span class='ocrx_word' id='word_1_606' title='bbox 2134 4081 2207 4135; x_wconf 84' lang='lat' dir='ltr'><strong>Ea</strong></span> <span class='ocrx_word' id='word_1_607' title='bbox 2242 4081 2309 4135; x_wconf 89' lang='lat' dir='ltr'><strong>de</strong></span> <span class='ocrx_word' id='word_1_608' title='bbox 2355 4094 2413 4133; x_wconf 88' lang='lat' dir='ltr'><strong>re</strong></span> <span class='ocrx_word' id='word_1_609' title='bbox 2453 4079 2814 4133; x_wconf 90' lang='lat' dir='ltr'><strong>disserentem</strong></span> <span class='ocrx_word' id='word_1_610' title='bbox 2856 4079 3137 4132; x_wconf 89' lang='lat' dir='ltr'><strong>audiamus</strong></span> <span class='ocrx_word' id='word_1_611' title='bbox 3173 4077 3527 4146; x_wconf 85' lang='lat' dir='ltr'><strong>TheOphilutn</strong></span> 
     </span>
    </p>
   </div>
   <div class='ocr_carea' id='block_1_85' title="bbox 1958 4170 3535 4240">
    <p class='ocr_par' dir='ltr' id='par_1_85' title="bbox 1958 4170 3535 4240">
     <span class='ocr_line' id='line_1_85' title="bbox 1958 4170 3535 4240; baseline -0.004 -12"><span class='ocrx_word' id='word_1_612' title='bbox 1958 4174 2009 4228; x_wconf 89' lang='lat' dir='ltr'><strong>in</strong></span> <span class='ocrx_word' id='word_1_613' title='bbox 2053 4171 2291 4240; x_wconf 78' lang='lat' dir='ltr'><strong>Epistola</strong></span> <span class='ocrx_word' id='word_1_614' title='bbox 2345 4177 2412 4224; x_wconf 87' lang='lat' dir='ltr'><strong>ad</strong></span> <span class='ocrx_word' id='word_1_615' title='bbox 2465 4172 2723 4239; x_wconf 80' lang='lat' dir='ltr'><strong>quasdam</strong></span> <span class='ocrx_word' id='word_1_616' title='bbox 2770 4170 3083 4231; x_wconf 84' lang='lat' dir='ltr'><strong>monachos,</strong></span> <span class='ocrx_word' id='word_1_617' title='bbox 3116 4185 3278 4237; x_wconf 85' lang='lat' dir='ltr'><strong>quam</strong></span> <span class='ocrx_word' id='word_1_618' title='bbox 3329 4170 3535 4239; x_wconf 86' lang='lat' dir='ltr'><strong>profert</strong></span> 
     </span>
    </p>
   </div>
   <div class='ocr_carea' id='block_1_86' title="bbox 1957 4259 3533 4332">
    <p class='ocr_par' dir='ltr' id='par_1_86' title="bbox 1957 4259 3533 4332">
     <span class='ocr_line' id='line_1_86' title="bbox 1957 4259 3533 4332; baseline -0.005 -13"><span class='ocrx_word' id='word_1_619' title='bbox 1957 4263 2198 4320; x_wconf 77' lang='lat' dir='ltr'><strong>Julianus</strong></span> <span class='ocrx_word' id='word_1_620' title='bbox 2235 4262 2289 4316; x_wconf 87' lang='lat' dir='ltr'><strong>in</strong></span> <span class='ocrx_word' id='word_1_621' title='bbox 2325 4260 2567 4332; x_wconf 77' lang='lat' dir='ltr'><strong>Epistola</strong></span> <span class='ocrx_word' id='word_1_622' title='bbox 2615 4262 2684 4315; x_wconf 87' lang='lat' dir='ltr'><strong>ad</strong></span> <span class='ocrx_word' id='word_1_623' title='bbox 2730 4260 2936 4313; x_wconf 79' lang='lat' dir='ltr'><strong>Menam</strong></span> <span class='ocrx_word' id='word_1_624' title='bbox 2968 4259 3214 4313; x_wconf 69' lang='grc' dir='ltr'><strong>ξυὺκοῦν</strong></span> <span class='ocrx_word' id='word_1_625' title='bbox 3260 4260 3533 4330; x_wconf 77' lang='grc' dir='ltr'>ἀναθεμα-</span> 
     </span>
    </p>
   </div>
   <div class='ocr_carea' id='block_1_87' title="bbox 1957 4350 3529 4425">
    <p class='ocr_par' dir='ltr' id='par_1_87' title="bbox 1957 4350 3529 4425">
     <span class='ocr_line' id='line_1_87' title="bbox 1957 4350 3529 4425; baseline -0.006 -15"><span class='ocrx_word' id='word_1_626' title='bbox 1957 4355 2191 4420; x_wconf 78' lang='grc' dir='ltr'><strong>τίζοντες</strong></span> <span class='ocrx_word' id='word_1_627' title='bbox 2242 4354 2331 4408; x_wconf 82' lang='grc' dir='ltr'>τὸν</span> <span class='ocrx_word' id='word_1_628' title='bbox 2368 4351 2668 4425; x_wconf 79' lang='grc' dir='ltr'><strong>Ὠριγένην,</strong></span> <span class='ocrx_word' id='word_1_629' title='bbox 2694 4351 2786 4403; x_wconf 81' lang='grc' dir='ltr'><strong>καὶ</strong></span> <span class='ocrx_word' id='word_1_630' title='bbox 2825 4353 2950 4414; x_wconf 78' lang='grc' dir='ltr'>τοὺς</span> <span class='ocrx_word' id='word_1_631' title='bbox 2985 4350 3175 4413; x_wconf 83' lang='grc' dir='ltr'><strong>ἄλλους</strong></span> <span class='ocrx_word' id='word_1_632' title='bbox 3202 4351 3529 4420; x_wconf 75' lang='grc' dir='ltr'>αἰρετικοὺς,</span> 
     </span>
    </p>
   </div>
   <div class='ocr_carea' id='block_1_88' title="bbox 1959 4440 3533 4520">
    <p class='ocr_par' dir='ltr' id='par_1_88' title="bbox 1959 4440 3533 4520">
     <span class='ocr_line' id='line_1_88' title="bbox 1959 4440 3533 4520; baseline -0.005 -19"><span class='ocrx_word' id='word_1_633' title='bbox 1959 4448 2145 4520; x_wconf 71' lang='grc' dir='ltr'>ὥςπερ</span> <span class='ocrx_word' id='word_1_634' title='bbox 2176 4448 2334 4519; x_wconf 81' lang='grc' dir='ltr'><strong>ἡμεῖς</strong></span> <span class='ocrx_word' id='word_1_635' title='bbox 2382 4446 2476 4498; x_wconf 77' lang='grc' dir='ltr'>καὶ</span> <span class='ocrx_word' id='word_1_636' title='bbox 2498 4445 2526 4496; x_wconf 90' lang='grc' dir='ltr'>ὁ</span> <span class='ocrx_word' id='word_1_637' title='bbox 2555 4443 2653 4512; x_wconf 81' lang='grc' dir='ltr'><strong>τῆς</strong></span> <span class='ocrx_word' id='word_1_638' title='bbox 2698 4443 2978 4512; x_wconf 82' lang='grc' dir='ltr'><strong>Ῥωμαίων</strong></span> <span class='ocrx_word' id='word_1_639' title='bbox 3018 4442 3177 4508; x_wconf 84' lang='grc' dir='ltr'>ἁγίας</span> <span class='ocrx_word' id='word_1_640' title='bbox 3212 4440 3533 4509; x_wconf 76' lang='grc' dir='ltr'><strong>Ἐκκλησέας</strong></span> 
     </span>
    </p>
   </div>
   <div class='ocr_carea' id='block_1_89' title="bbox 284 4532 1848 4630">
    <p class='ocr_par' dir='ltr' id='par_1_89' title="bbox 284 4555 1848 4630">
     <span class='ocr_line' id='line_1_89' title="bbox 284 4555 1848 4630; baseline -0.01 -15"><span class='ocrx_word' id='word_1_641' title='bbox 284 4562 571 4630; x_wconf 81' lang='lat' dir='ltr'><strong>Origenem</strong></span> <span class='ocrx_word' id='word_1_642' title='bbox 629 4560 919 4623; x_wconf 87' lang='lat' dir='ltr'><strong>nimirum,</strong></span> <span class='ocrx_word' id='word_1_643' title='bbox 965 4555 1115 4624; x_wconf 83' lang='lat' dir='ltr'><strong>cujus</strong></span> <span class='ocrx_word' id='word_1_644' title='bbox 1171 4568 1417 4622; x_wconf 83' lang='lat' dir='ltr'><strong>magnam</strong></span> <span class='ocrx_word' id='word_1_645' title='bbox 1479 4562 1589 4604; x_wconf 90' lang='lat' dir='ltr'><strong>tum</strong></span> <span class='ocrx_word' id='word_1_646' title='bbox 1642 4562 1848 4619; x_wconf 82' lang='lat' dir='ltr'><strong>quoque</strong></span> 
     </span>
    </p>
   </div>
   <div class='ocr_carea' id='block_1_90' title="bbox 1951 4532 3535 4630">
    <p class='ocr_par' dir='ltr' id='par_1_90' title="bbox 1960 4532 3535 4604">
     <span class='ocr_line' id='line_1_90' title="bbox 1960 4532 3535 4604; baseline -0.008 -9"><span class='ocrx_word' id='word_1_647' title='bbox 1960 4541 2252 4603; x_wconf 79' lang='grc' dir='ltr'>ὲπίσκόπος</span> <span class='ocrx_word' id='word_1_648' title='bbox 2314 4537 2683 4599; x_wconf 83' lang='grc' dir='ltr'><strong>Ἀναστάσιος,</strong></span> <span class='ocrx_word' id='word_1_649' title='bbox 2718 4536 2783 4587; x_wconf 83' lang='grc' dir='ltr'>ὲκ</span> <span class='ocrx_word' id='word_1_650' title='bbox 2818 4533 3187 4604; x_wconf 77' lang='grc' dir='ltr'><strong>παλαιοτέρων</strong></span> <span class='ocrx_word' id='word_1_651' title='bbox 3224 4532 3535 4601; x_wconf 70' lang='grc' dir='ltr'><strong>ἀγωνισμά-</strong></span> 
     </span>
    </p>
   </div>
   <div class='ocr_carea' id='block_1_91' title="bbox 285 4642 1855 4708">
    <p class='ocr_par' dir='ltr' id='par_1_91' title="bbox 285 4642 1855 4708">
     <span class='ocr_line' id='line_1_91' title="bbox 285 4642 1855 4708; baseline -0.011 0"><span class='ocrx_word' id='word_1_652' title='bbox 285 4655 452 4708; x_wconf 71' lang='lat' dir='ltr'><strong>fuisse</strong></span> <span class='ocrx_word' id='word_1_653' title='bbox 481 4655 532 4708; x_wconf 90' lang='lat' dir='ltr'><strong>in</strong></span> <span class='ocrx_word' id='word_1_654' title='bbox 574 4654 754 4707; x_wconf 89' lang='lat' dir='ltr'><strong>Africa</strong></span> <span class='ocrx_word' id='word_1_655' title='bbox 784 4650 1151 4706; x_wconf 89' lang='lat' dir='ltr'><strong>celebritatem</strong></span> <span class='ocrx_word' id='word_1_656' title='bbox 1186 4663 1249 4701; x_wconf 82' lang='lat' dir='ltr'><strong>ex</strong></span> <span class='ocrx_word' id='word_1_657' title='bbox 1283 4661 1347 4699; x_wconf 86' lang='lat' dir='ltr'><strong>eo</strong></span> <span class='ocrx_word' id='word_1_658' title='bbox 1379 4642 1721 4698; x_wconf 90' lang='lat' dir='ltr'><strong>manifestum</strong></span> <span class='ocrx_word' id='word_1_659' title='bbox 1753 4649 1855 4692; x_wconf 86' lang='lat' dir='ltr'><strong>est.</strong></span> 
     </span>
    </p>
   </div>
   <div class='ocr_carea' id='block_1_92' title="bbox 286 4733 1859 4814">
    <p class='ocr_par' dir='ltr' id='par_1_92' title="bbox 286 4733 1859 4814">
     <span class='ocr_line' id='line_1_92' title="bbox 286 4733 1859 4814; baseline -0.011 -14"><span class='ocrx_word' id='word_1_660' title='bbox 286 4747 414 4800; x_wconf 90' lang='lat' dir='ltr'><strong>Inde</strong></span> <span class='ocrx_word' id='word_1_661' title='bbox 439 4759 493 4800; x_wconf 89' lang='lat' dir='ltr'><strong>et</strong></span> <span class='ocrx_word' id='word_1_662' title='bbox 520 4744 765 4814; x_wconf 85' lang='lat' dir='ltr'><strong>Pelagius</strong></span> <span class='ocrx_word' id='word_1_663' title='bbox 792 4759 925 4812; x_wconf 88' lang='lat' dir='ltr'><strong>papa</strong></span> <span class='ocrx_word' id='word_1_664' title='bbox 952 4742 1015 4807; x_wconf 90' lang='lat' dir='ltr'><strong>ll,</strong></span> <span class='ocrx_word' id='word_1_665' title='bbox 1047 4743 1098 4796; x_wconf 93' lang='lat' dir='ltr'><strong>in</strong></span> <span class='ocrx_word' id='word_1_666' title='bbox 1123 4738 1360 4808; x_wconf 82' lang='lat' dir='ltr'><strong>Epistola</strong></span> <span class='ocrx_word' id='word_1_667' title='bbox 1391 4737 1457 4790; x_wconf 88' lang='lat' dir='ltr'><strong>ad</strong></span> <span class='ocrx_word' id='word_1_668' title='bbox 1492 4735 1663 4788; x_wconf 85' lang='lat' dir='ltr'><strong>Eliam</strong></span> <span class='ocrx_word' id='word_1_669' title='bbox 1699 4733 1859 4801; x_wconf 76' lang='lat' dir='ltr'><strong>Aqui-</strong></span> 
     </span>
    </p>
   </div>
   <div class='ocr_carea' id='block_1_93' title="bbox 287 4824 1855 4905">
    <p class='ocr_par' dir='ltr' id='par_1_93' title="bbox 287 4824 1855 4905">
     <span class='ocr_line' id='line_1_93' title="bbox 287 4824 1855 4905; baseline -0.011 -12"><span class='ocrx_word' id='word_1_670' title='bbox 287 4840 618 4902; x_wconf 80' lang='lat' dir='ltr'><strong>leiensem,et</strong></span> <span class='ocrx_word' id='word_1_671' title='bbox 647 4837 776 4891; x_wconf 76' lang='lat' dir='ltr'><strong>alios</strong></span> <span class='ocrx_word' id='word_1_672' title='bbox 802 4835 976 4890; x_wconf 74' lang='lat' dir='ltr'><strong>Istria:</strong></span> <span class='ocrx_word' id='word_1_673' title='bbox 1000 4837 1289 4905; x_wconf 76' lang='lat' dir='ltr'><strong>episcopos,</strong></span> <span class='ocrx_word' id='word_1_674' title='bbox 1318 4847 1337 4881; x_wconf 88' lang='grc'><strong>‹</strong></span> <span class='ocrx_word' id='word_1_675' title='bbox 1378 4830 1567 4882; x_wconf 89' lang='lat' dir='ltr'><strong>Annon</strong></span> <span class='ocrx_word' id='word_1_676' title='bbox 1591 4866 1605 4890; x_wconf 92' lang='lat'><strong>,</strong></span> <span class='ocrx_word' id='word_1_677' title='bbox 1659 4824 1855 4893; x_wconf 91' lang='lat' dir='ltr'><strong>inquit,</strong></span> 
     </span>
    </p>
   </div>
   <div class='ocr_carea' id='block_1_94' title="bbox 289 4917 1858 5001">
    <p class='ocr_par' dir='ltr' id='par_1_94' title="bbox 289 4917 1858 5001">
     <span class='ocr_line' id='line_1_94' title="bbox 289 4917 1858 5001; baseline -0.011 -15"><span class='ocrx_word' id='word_1_678' title='bbox 289 4944 345 4987; x_wconf 90' lang='lat' dir='ltr'><strong>et</strong></span> <span class='ocrx_word' id='word_1_679' title='bbox 399 4932 756 5001; x_wconf 88' lang='lat' dir='ltr'><strong>Hieronymus</strong></span> <span class='ocrx_word' id='word_1_680' title='bbox 799 4938 993 4982; x_wconf 82' lang='lat' dir='ltr'><strong>nostrae</strong></span> <span class='ocrx_word' id='word_1_681' title='bbox 1028 4927 1280 4981; x_wconf 67' lang='lat' dir='ltr'><strong>Ecclesiae</strong></span> <span class='ocrx_word' id='word_1_682' title='bbox 1319 4922 1621 4993; x_wconf 89' lang='lat' dir='ltr'><strong>presbyter,</strong></span> <span class='ocrx_word' id='word_1_683' title='bbox 1662 4927 1716 4970; x_wconf 88' lang='lat' dir='ltr'><strong>et</strong></span> <span class='ocrx_word' id='word_1_684' title='bbox 1754 4917 1858 4969; x_wconf 90' lang='lat' dir='ltr'><strong>sin—</strong></span> 
     </span>
    </p>
   </div>
   <div class='ocr_carea' id='block_1_95' title="bbox 291 5007 1863 5095">
    <p class='ocr_par' dir='ltr' id='par_1_95' title="bbox 291 5007 1863 5095">
     <span class='ocr_line' id='line_1_95' title="bbox 291 5007 1863 5095; baseline -0.01 -20"><span class='ocrx_word' id='word_1_685' title='bbox 291 5026 493 5095; x_wconf 70' lang='lat' dir='ltr'><strong>gularis</strong></span> <span class='ocrx_word' id='word_1_686' title='bbox 532 5023 738 5085; x_wconf 66' lang='lat' dir='ltr'><strong>Hebraei</strong></span> <span class='ocrx_word' id='word_1_687' title='bbox 783 5021 1049 5076; x_wconf 89' lang='lat' dir='ltr'><strong>sermonis</strong></span> <span class='ocrx_word' id='word_1_688' title='bbox 1093 5021 1358 5087; x_wconf 87' lang='lat' dir='ltr'><strong>interpres</strong></span> <span class='ocrx_word' id='word_1_689' title='bbox 1397 5022 1545 5068; x_wconf 91' lang='lat' dir='ltr'><strong>tanto</strong></span> <span class='ocrx_word' id='word_1_690' title='bbox 1572 5025 1698 5079; x_wconf 86' lang='lat' dir='ltr'><strong>erga</strong></span> <span class='ocrx_word' id='word_1_691' title='bbox 1740 5007 1863 5063; x_wconf 88' lang='lat' dir='ltr'><strong>Ori-</strong></span> 
     </span>
    </p>
   </div>
   <div class='ocr_carea' id='block_1_96' title="bbox 292 5103 1863 5185">
    <p class='ocr_par' dir='ltr' id='par_1_96' title="bbox 292 5103 1863 5185">
     <span class='ocr_line' id='line_1_96' title="bbox 292 5103 1863 5185; baseline -0.011 -14"><span class='ocrx_word' id='word_1_692' title='bbox 292 5132 484 5185; x_wconf 77' lang='lat' dir='ltr'><strong>genem</strong></span> <span class='ocrx_word' id='word_1_693' title='bbox 510 5115 693 5168; x_wconf 86' lang='lat' dir='ltr'><strong>favore</strong></span> <span class='ocrx_word' id='word_1_694' title='bbox 717 5114 1032 5175; x_wconf 90' lang='lat' dir='ltr'><strong>intenditur,</strong></span> <span class='ocrx_word' id='word_1_695' title='bbox 1050 5121 1103 5164; x_wconf 88' lang='grc' dir='ltr'><strong>ιιι</strong></span> <span class='ocrx_word' id='word_1_696' title='bbox 1125 5124 1261 5177; x_wconf 90' lang='lat' dir='ltr'><strong>pene</strong></span> <span class='ocrx_word' id='word_1_697' title='bbox 1290 5105 1583 5175; x_wconf 89' lang='lat' dir='ltr'><strong>discipulus</strong></span> <span class='ocrx_word' id='word_1_698' title='bbox 1607 5103 1724 5170; x_wconf 88' lang='lat' dir='ltr'><strong>ejus</strong></span> <span class='ocrx_word' id='word_1_699' title='bbox 1743 5113 1863 5155; x_wconf 90' lang='lat' dir='ltr'><strong>esse</strong></span> 
     </span>
    </p>
   </div>
   <div class='ocr_carea' id='block_1_97' title="bbox 292 5194 1861 5273">
    <p class='ocr_par' dir='ltr' id='par_1_97' title="bbox 292 5194 1861 5273">
     <span class='ocr_line' id='line_1_97' title="bbox 292 5194 1861 5273; baseline -0.011 -11"><span class='ocrx_word' id='word_1_700' title='bbox 292 5208 596 5264; x_wconf 84' lang='lat' dir='ltr'><strong>videatur?</strong></span> <span class='ocrx_word' id='word_1_701' title='bbox 636 5227 653 5258; x_wconf 75' lang='grc' dir='ltr'><strong>ι</strong></span> <span class='ocrx_word' id='word_1_702' title='bbox 694 5206 817 5260; x_wconf 91' lang='lat' dir='ltr'><strong>Inde</strong></span> <span class='ocrx_word' id='word_1_703' title='bbox 867 5206 1098 5273; x_wconf 87' lang='lat' dir='ltr'><strong>denique</strong></span> <span class='ocrx_word' id='word_1_704' title='bbox 1143 5202 1246 5256; x_wconf 92' lang='lat' dir='ltr'><strong>sub</strong></span> <span class='ocrx_word' id='word_1_705' title='bbox 1302 5196 1612 5266; x_wconf 89' lang='lat' dir='ltr'><strong>Hieronymi</strong></span> <span class='ocrx_word' id='word_1_706' title='bbox 1646 5194 1861 5248; x_wconf 86' lang='lat' dir='ltr'><strong>nomine</strong></span> 
     </span>
    </p>
   </div>
   <div class='ocr_carea' id='block_1_98' title="bbox 294 5286 1864 5368">
    <p class='ocr_par' dir='ltr' id='par_1_98' title="bbox 294 5286 1864 5368">
     <span class='ocr_line' id='line_1_98' title="bbox 294 5286 1864 5368; baseline -0.013 -11"><span class='ocrx_word' id='word_1_707' title='bbox 294 5302 526 5357; x_wconf 84' lang='lat' dir='ltr'><strong>conﬁcta</strong></span> <span class='ocrx_word' id='word_1_708' title='bbox 556 5310 640 5357; x_wconf 84' lang='lat' dir='ltr'><strong>est</strong></span> <span class='ocrx_word' id='word_1_709' title='bbox 668 5301 916 5368; x_wconf 85' lang='lat' dir='ltr'><strong>epistola,</strong></span> <span class='ocrx_word' id='word_1_710' title='bbox 949 5299 1003 5351; x_wconf 94' lang='lat' dir='ltr'><strong>in</strong></span> <span class='ocrx_word' id='word_1_711' title='bbox 1050 5311 1153 5365; x_wconf 92' lang='lat' dir='ltr'><strong>qua</strong></span> <span class='ocrx_word' id='word_1_712' title='bbox 1202 5308 1261 5348; x_wconf 89' lang='lat' dir='ltr'><strong>se</strong></span> <span class='ocrx_word' id='word_1_713' title='bbox 1305 5287 1526 5360; x_wconf 89' lang='lat' dir='ltr'><strong>Origeni</strong></span> <span class='ocrx_word' id='word_1_714' title='bbox 1573 5286 1864 5355; x_wconf 91' lang='lat' dir='ltr'><strong>aliquando</strong></span> 
     </span>
    </p>
   </div>
   <div class='ocr_carea' id='block_1_99' title="bbox 294 5394 770 5451">
    <p class='ocr_par' dir='ltr' id='par_1_99' title="bbox 294 5394 770 5451">
     <span class='ocr_line' id='line_1_99' title="bbox 294 5394 770 5451; baseline -0.011 0"><span class='ocrx_word' id='word_1_715' title='bbox 294 5396 586 5451; x_wconf 72' lang='lat' dir='ltr'><strong>atlhtesisse</strong></span> <span class='ocrx_word' id='word_1_716' title='bbox 618 5394 770 5447; x_wconf 90' lang='lat' dir='ltr'><strong>dolet.</strong></span> 
     </span>
    </p>
   </div>
   <div class='ocr_carea' id='block_1_100' title="bbox 267 5468 1862 5555">
    <p class='ocr_par' dir='ltr' id='par_1_100' title="bbox 267 5468 1862 5555">
     <span class='ocr_line' id='line_1_100' title="bbox 267 5468 1862 5555; baseline -0.014 -14"><span class='ocrx_word' id='word_1_717' title='bbox 267 5517 274 5532; x_wconf 80' lang='grc' dir='ltr'><strong>ι</strong></span> <span class='ocrx_word' id='word_1_718' title='bbox 366 5487 625 5555; x_wconf 87' lang='lat' dir='ltr'><strong>Quamvis</strong></span> <span class='ocrx_word' id='word_1_719' title='bbox 665 5494 843 5539; x_wconf 90' lang='lat' dir='ltr'><strong>autem</strong></span> <span class='ocrx_word' id='word_1_720' title='bbox 876 5482 974 5536; x_wconf 91' lang='lat' dir='ltr'><strong>viri</strong></span> <span class='ocrx_word' id='word_1_721' title='bbox 1007 5480 1079 5550; x_wconf 90' lang='lat' dir='ltr'><strong>pii</strong></span> <span class='ocrx_word' id='word_1_722' title='bbox 1121 5486 1174 5532; x_wconf 91' lang='lat' dir='ltr'><strong>et</strong></span> <span class='ocrx_word' id='word_1_723' title='bbox 1212 5473 1496 5532; x_wconf 78' lang='lat' dir='ltr'><strong>orthodoxi</strong></span> <span class='ocrx_word' id='word_1_724' title='bbox 1528 5470 1700 5526; x_wconf 79' lang='lat' dir='ltr'><strong>olﬁcio</strong></span> <span class='ocrx_word' id='word_1_725' title='bbox 1747 5468 1862 5522; x_wconf 82' lang='lat' dir='ltr'><strong>lun-</strong></span> 
     </span>
    </p>
   </div>
   <div class='ocr_carea' id='block_1_101' title="bbox 296 5560 1864 5645">
    <p class='ocr_par' dir='ltr' id='par_1_101' title="bbox 296 5560 1864 5645">
     <span class='ocr_line' id='line_1_101' title="bbox 296 5560 1864 5645; baseline -0.016 -10"><span class='ocrx_word' id='word_1_726' title='bbox 296 5592 415 5635; x_wconf 86' lang='lat' dir='ltr'><strong>cuts</strong></span> <span class='ocrx_word' id='word_1_727' title='bbox 460 5578 549 5642; x_wconf 91' lang='lat' dir='ltr'><strong>sit,</strong></span> <span class='ocrx_word' id='word_1_728' title='bbox 581 5592 701 5632; x_wconf 89' lang='lat' dir='ltr'><strong>cum</strong></span> <span class='ocrx_word' id='word_1_729' title='bbox 742 5575 952 5645; x_wconf 83' lang='lat' dir='ltr'><strong>agnitos</strong></span> <span class='ocrx_word' id='word_1_730' title='bbox 980 5569 1300 5639; x_wconf 84' lang='lat' dir='ltr'><strong>Origenismi</strong></span> <span class='ocrx_word' id='word_1_731' title='bbox 1337 5578 1549 5620; x_wconf 87' lang='lat' dir='ltr'><strong>errores</strong></span> <span class='ocrx_word' id='word_1_732' title='bbox 1585 5560 1817 5628; x_wconf 86' lang='lat' dir='ltr'><strong>ejnravit</strong></span> <span class='ocrx_word' id='word_1_733' title='bbox 1849 5573 1864 5621; x_wconf 88' lang='lat'><strong>;</strong></span> 
     </span>
    </p>
   </div>
   <div class='ocr_carea' id='block_1_102' title="bbox 296 5653 1865 5740">
    <p class='ocr_par' dir='ltr' id='par_1_102' title="bbox 296 5653 1865 5740">
     <span class='ocr_line' id='line_1_102' title="bbox 296 5653 1865 5740; baseline -0.013 -16"><span class='ocrx_word' id='word_1_734' title='bbox 296 5670 531 5740; x_wconf 77' lang='lat' dir='ltr'><strong>optabile</strong></span> <span class='ocrx_word' id='word_1_735' title='bbox 585 5679 762 5723; x_wconf 88' lang='lat' dir='ltr'><strong>tamen</strong></span> <span class='ocrx_word' id='word_1_736' title='bbox 818 5666 984 5728; x_wconf 88' lang='lat' dir='ltr'><strong>foret,</strong></span> <span class='ocrx_word' id='word_1_737' title='bbox 1024 5674 1082 5717; x_wconf 90' lang='lat' dir='ltr'><strong>ut</strong></span> <span class='ocrx_word' id='word_1_738' title='bbox 1131 5661 1505 5717; x_wconf 81' lang='lat' dir='ltr'><strong>sanctissimus</strong></span> <span class='ocrx_word' id='word_1_739' title='bbox 1558 5654 1647 5709; x_wconf 80' lang='lat' dir='ltr'><strong>ille</strong></span> <span class='ocrx_word' id='word_1_740' title='bbox 1677 5653 1865 5708; x_wconf 86' lang='lat' dir='ltr'><strong>doctor</strong></span> 
     </span>
    </p>
   </div>
   <div class='ocr_carea' id='block_1_103' title="bbox 298 5751 1862 5816">
    <p class='ocr_par' dir='ltr' id='par_1_103' title="bbox 298 5751 1862 5816">
     <span class='ocr_line' id='line_1_103' title="bbox 298 5751 1862 5816; baseline -0.012 0"><span class='ocrx_word' id='word_1_741' title='bbox 298 5761 635 5816; x_wconf 79' lang='lat' dir='ltr'><strong>constantior</strong></span> <span class='ocrx_word' id='word_1_742' title='bbox 665 5760 827 5813; x_wconf 90' lang='lat' dir='ltr'><strong>animi</strong></span> <span class='ocrx_word' id='word_1_743' title='bbox 859 5756 1049 5810; x_wconf 88' lang='lat' dir='ltr'><strong>fuisset</strong></span> <span class='ocrx_word' id='word_1_744' title='bbox 1076 5764 1129 5809; x_wconf 90' lang='lat' dir='ltr'><strong>et</strong></span> <span class='ocrx_word' id='word_1_745' title='bbox 1159 5751 1508 5814; x_wconf 88' lang='lat' dir='ltr'><strong>moderatior,</strong></span> <span class='ocrx_word' id='word_1_746' title='bbox 1546 5761 1719 5816; x_wconf 92' lang='lat' dir='ltr'><strong>neque</strong></span> <span class='ocrx_word' id='word_1_747' title='bbox 1753 5754 1862 5798; x_wconf 90' lang='lat' dir='ltr'><strong>tam</strong></span> 
     </span>
    </p>
   </div>
   <div class='ocr_carea' id='block_1_104' title="bbox 303 5836 1863 5923">
    <p class='ocr_par' dir='ltr' id='par_1_104' title="bbox 303 5836 1863 5923">
     <span class='ocr_line' id='line_1_104' title="bbox 303 5836 1863 5923; baseline -0.009 -17"><span class='ocrx_word' id='word_1_748' title='bbox 303 5853 459 5907; x_wconf 81' lang='lat' dir='ltr'><strong>facile</strong></span> <span class='ocrx_word' id='word_1_749' title='bbox 485 5853 576 5907; x_wconf 88' lang='lat' dir='ltr'><strong>bili</strong></span> <span class='ocrx_word' id='word_1_750' title='bbox 621 5867 731 5907; x_wconf 76' lang='lat' dir='ltr'><strong>suae</strong></span> <span class='ocrx_word' id='word_1_751' title='bbox 763 5849 951 5905; x_wconf 87' lang='lat' dir='ltr'><strong>fuisset</strong></span> <span class='ocrx_word' id='word_1_752' title='bbox 981 5846 1360 5915; x_wconf 85' lang='lat' dir='ltr'><strong>morigeratus,</strong></span> <span class='ocrx_word' id='word_1_753' title='bbox 1387 5851 1447 5923; x_wconf 65' lang='grc' dir='ltr'><strong>ιιι</strong></span> <span class='ocrx_word' id='word_1_754' title='bbox 1483 5842 1536 5897; x_wconf 91' lang='lat' dir='ltr'><strong>in</strong></span> <span class='ocrx_word' id='word_1_755' title='bbox 1563 5836 1863 5905; x_wconf 89' lang='lat' dir='ltr'><strong>contraria,</strong></span> 
     </span>
    </p>
   </div>
   <div class='ocr_carea' id='block_1_105' title="bbox 1965 4621 3530 4698">
    <p class='ocr_par' dir='ltr' id='par_1_105' title="bbox 1965 4621 3530 4698">
     <span class='ocr_line' id='line_1_105' title="bbox 1965 4621 3530 4698; baseline -0.01 -12"><span class='ocrx_word' id='word_1_756' title='bbox 1965 4650 2071 4686; x_wconf 87' lang='grc' dir='ltr'><strong>των</strong></span> <span class='ocrx_word' id='word_1_757' title='bbox 2113 4630 2319 4695; x_wconf 73' lang='grc' dir='ltr'>ἔνδοξος</span> <span class='ocrx_word' id='word_1_758' title='bbox 2343 4626 2642 4698; x_wconf 82' lang='grc' dir='ltr'>στρατηγὸς</span> <span class='ocrx_word' id='word_1_759' title='bbox 2666 4625 2935 4694; x_wconf 77' lang='grc' dir='ltr'>ἐπισήμου</span> <span class='ocrx_word' id='word_1_760' title='bbox 2962 4622 3091 4675; x_wconf 78' lang='grc' dir='ltr'>λαοῦ</span> <span class='ocrx_word' id='word_1_761' title='bbox 3117 4621 3530 4693; x_wconf 68' lang='grc' dir='ltr'>χειροτονηθεὶς,</span> 
     </span>
    </p>
   </div>
   <div class='ocr_carea' id='block_1_106' title="bbox 1965 4718 3536 4795">
    <p class='ocr_par' dir='ltr' id='par_1_106' title="bbox 1965 4718 3536 4795">
     <span class='ocr_line' id='line_1_106' title="bbox 1965 4718 3536 4795; baseline -0.007 -13"><span class='ocrx_word' id='word_1_762' title='bbox 1965 4722 2010 4795; x_wconf 86' lang='grc' dir='ltr'>ᾦ</span> <span class='ocrx_word' id='word_1_763' title='bbox 2037 4728 2129 4781; x_wconf 76' lang='grc' dir='ltr'><strong>καὶ</strong></span> <span class='ocrx_word' id='word_1_764' title='bbox 2154 4728 2303 4779; x_wconf 77' lang='grc' dir='ltr'>πᾶσα</span> <span class='ocrx_word' id='word_1_765' title='bbox 2333 4722 2439 4776; x_wconf 82' lang='grc' dir='ltr'><strong>τῶν</strong></span> <span class='ocrx_word' id='word_1_766' title='bbox 2473 4720 2753 4793; x_wconf 84' lang='grc' dir='ltr'><strong>μακαρίων</strong></span> <span class='ocrx_word' id='word_1_767' title='bbox 2782 4720 2920 4773; x_wconf 83' lang='grc' dir='ltr'>κατὰ</span> <span class='ocrx_word' id='word_1_768' title='bbox 2942 4719 3038 4791; x_wconf 80' lang='grc' dir='ltr'><strong>τὴν</strong></span> <span class='ocrx_word' id='word_1_769' title='bbox 3054 4718 3200 4772; x_wconf 76' lang='grc' dir='ltr'>δύσιν</span> <span class='ocrx_word' id='word_1_770' title='bbox 3224 4719 3536 4771; x_wconf 75' lang='grc' dir='ltr'>ἐπισκόπων</span> 
     </span>
    </p>
   </div>
   <div class='ocr_carea' id='block_1_107' title="bbox 1963 4810 3536 4884">
    <p class='ocr_par' dir='ltr' id='par_1_107' title="bbox 1963 4810 3536 4884">
     <span class='ocr_line' id='line_1_107' title="bbox 1963 4810 3536 4884; baseline -0.007 -11"><span class='ocrx_word' id='word_1_771' title='bbox 1963 4821 2153 4873; x_wconf 74' lang='grc' dir='ltr'>ἕπεται</span> <span class='ocrx_word' id='word_1_772' title='bbox 2166 4816 2397 4880; x_wconf 85' lang='grc' dir='ltr'><strong>σύνοδος,</strong></span> <span class='ocrx_word' id='word_1_773' title='bbox 2416 4813 2783 4884; x_wconf 77' lang='grc' dir='ltr'><strong>ἀποδεχομένη</strong></span> <span class='ocrx_word' id='word_1_774' title='bbox 2800 4813 2896 4882; x_wconf 80' lang='grc' dir='ltr'><strong>τῆς</strong></span> <span class='ocrx_word' id='word_1_775' title='bbox 2908 4810 3404 4879; x_wconf 76' lang='grc' dir='ltr'>τῶνἈλεξανδρέων</span> <span class='ocrx_word' id='word_1_776' title='bbox 3424 4810 3536 4862; x_wconf 85' lang='grc' dir='ltr'><strong>Ἑκ-</strong></span> 
     </span>
    </p>
   </div>
   <div class='ocr_carea' id='block_1_108' title="bbox 1964 4896 3536 4983">
    <p class='ocr_par' dir='ltr' id='par_1_108' title="bbox 1964 4896 3536 4983">
     <span class='ocr_line' id='line_1_108' title="bbox 1964 4896 3536 4983; baseline -0.008 -18"><span class='ocrx_word' id='word_1_777' title='bbox 1964 4911 2187 4983; x_wconf 82' lang='grc' dir='ltr'><strong>κλησίας</strong></span> <span class='ocrx_word' id='word_1_778' title='bbox 2207 4910 2303 4981; x_wconf 80' lang='grc' dir='ltr'><strong>τὴν</strong></span> <span class='ocrx_word' id='word_1_779' title='bbox 2319 4908 2459 4963; x_wconf 81' lang='grc' dir='ltr'>κατὰ</span> <span class='ocrx_word' id='word_1_780' title='bbox 2486 4906 2578 4959; x_wconf 82' lang='grc' dir='ltr'><strong>τοῦ</strong></span> <span class='ocrx_word' id='word_1_781' title='bbox 2600 4896 2827 4968; x_wconf 75' lang='grc' dir='ltr'>ἀσεϐοῦς</span> <span class='ocrx_word' id='word_1_782' title='bbox 2844 4905 3041 4975; x_wconf 70' lang='grc' dir='ltr'>ψῆφον.</span> <span class='ocrx_word' id='word_1_783' title='bbox 3066 4924 3083 4953; x_wconf 76' lang='lat' dir='ltr'><strong>t</strong></span> <span class='ocrx_word' id='word_1_784' title='bbox 3110 4900 3277 4972; x_wconf 81' lang='lat' dir='ltr'><strong>Igitur</strong></span> <span class='ocrx_word' id='word_1_785' title='bbox 3315 4902 3536 4953; x_wconf 82' lang='lat' dir='ltr'><strong>anathe-</strong></span> 
     </span>
    </p>
   </div>
   <div class='ocr_carea' id='block_1_109' title="bbox 1964 4994 3536 5064">
    <p class='ocr_par' dir='ltr' id='par_1_109' title="bbox 1964 4994 3536 5064">
     <span class='ocr_line' id='line_1_109' title="bbox 1964 4994 3536 5064; baseline -0.01 -8"><span class='ocrx_word' id='word_1_786' title='bbox 1964 5017 2051 5056; x_wconf 88' lang='lat' dir='ltr'><strong>ma</strong></span> <span class='ocrx_word' id='word_1_787' title='bbox 2078 5002 2319 5055; x_wconf 91' lang='lat' dir='ltr'><strong>dicentes</strong></span> <span class='ocrx_word' id='word_1_788' title='bbox 2353 5000 2404 5051; x_wconf 93' lang='lat' dir='ltr'><strong>in</strong></span> <span class='ocrx_word' id='word_1_789' title='bbox 2437 4995 3009 5064; x_wconf 73' lang='lat' dir='ltr'><strong>Origenem,a|i0sque</strong></span> <span class='ocrx_word' id='word_1_790' title='bbox 3033 4994 3334 5053; x_wconf 78' lang='lat' dir='ltr'><strong>haereticos,</strong></span> <span class='ocrx_word' id='word_1_791' title='bbox 3355 5004 3536 5059; x_wconf 83' lang='lat' dir='ltr'><strong>quem-</strong></span> 
     </span>
    </p>
   </div>
   <div class='ocr_carea' id='block_1_110' title="bbox 1966 5082 3539 5150">
    <p class='ocr_par' dir='ltr' id='par_1_110' title="bbox 1966 5082 3539 5150">
     <span class='ocr_line' id='line_1_110' title="bbox 1966 5082 3539 5150; baseline -0.012 -3"><span class='ocrx_word' id='word_1_792' title='bbox 1966 5095 2257 5150; x_wconf 89' lang='lat' dir='ltr'><strong>admodum</strong></span> <span class='ocrx_word' id='word_1_793' title='bbox 2290 5091 2492 5144; x_wconf 87' lang='lat' dir='ltr'><strong>factum</strong></span> <span class='ocrx_word' id='word_1_794' title='bbox 2532 5099 2616 5144; x_wconf 92' lang='lat' dir='ltr'><strong>est</strong></span> <span class='ocrx_word' id='word_1_795' title='bbox 2653 5102 2681 5140; x_wconf 88' lang='lat' dir='ltr'><strong>a</strong></span> <span class='ocrx_word' id='word_1_796' title='bbox 2724 5087 2897 5150; x_wconf 91' lang='lat' dir='ltr'><strong>nobis,</strong></span> <span class='ocrx_word' id='word_1_797' title='bbox 2920 5086 3065 5140; x_wconf 90' lang='lat' dir='ltr'><strong>etab</strong></span> <span class='ocrx_word' id='word_1_798' title='bbox 3105 5082 3392 5137; x_wconf 79' lang='lat' dir='ltr'><strong>Anastasio</strong></span> <span class='ocrx_word' id='word_1_799' title='bbox 3418 5097 3539 5133; x_wconf 82' lang='lat' dir='ltr'><strong>san-</strong></span> 
     </span>
    </p>
   </div>
   <div class='ocr_carea' id='block_1_111' title="bbox 1963 5170 3535 5249">
    <p class='ocr_par' dir='ltr' id='par_1_111' title="bbox 1963 5170 3535 5249">
     <span class='ocr_line' id='line_1_111' title="bbox 1963 5170 3535 5249; baseline -0.013 -6"><span class='ocrx_word' id='word_1_800' title='bbox 1963 5196 2062 5244; x_wconf 70' lang='lat' dir='ltr'><strong>ctte</strong></span> <span class='ocrx_word' id='word_1_801' title='bbox 2090 5185 2456 5240; x_wconf 85' lang='lat' dir='ltr'><strong>Romanorum</strong></span> <span class='ocrx_word' id='word_1_802' title='bbox 2482 5181 2736 5236; x_wconf 86' lang='lat' dir='ltr'><strong>Ecclesiae</strong></span> <span class='ocrx_word' id='word_1_803' title='bbox 2763 5181 3035 5249; x_wconf 83' lang='lat' dir='ltr'><strong>episcopo,</strong></span> <span class='ocrx_word' id='word_1_804' title='bbox 3056 5175 3143 5243; x_wconf 88' lang='lat' dir='ltr'><strong>qui</strong></span> <span class='ocrx_word' id='word_1_805' title='bbox 3166 5190 3232 5226; x_wconf 78' lang='lat' dir='ltr'><strong>ex</strong></span> <span class='ocrx_word' id='word_1_806' title='bbox 3267 5170 3535 5225; x_wconf 80' lang='lat' dir='ltr'><strong>veteribus</strong></span> 
     </span>
    </p>
   </div>
   <div class='ocr_carea' id='block_1_112' title="bbox 1967 5264 3537 5338">
    <p class='ocr_par' dir='ltr' id='par_1_112' title="bbox 1967 5264 3537 5338">
     <span class='ocr_line' id='line_1_112' title="bbox 1967 5264 3537 5338; baseline -0.013 -3"><span class='ocrx_word' id='word_1_807' title='bbox 1967 5277 2355 5336; x_wconf 86' lang='lat' dir='ltr'><strong>certaminibus</strong></span> <span class='ocrx_word' id='word_1_808' title='bbox 2408 5275 2618 5338; x_wconf 89' lang='lat' dir='ltr'><strong>clarus,</strong></span> <span class='ocrx_word' id='word_1_809' title='bbox 2658 5273 2763 5327; x_wconf 82' lang='lat' dir='ltr'><strong>dux</strong></span> <span class='ocrx_word' id='word_1_810' title='bbox 2828 5268 3053 5323; x_wconf 89' lang='lat' dir='ltr'><strong>illustris</strong></span> <span class='ocrx_word' id='word_1_811' title='bbox 3098 5264 3274 5334; x_wconf 85' lang='lat' dir='ltr'><strong>populi</strong></span> <span class='ocrx_word' id='word_1_812' title='bbox 3321 5272 3537 5316; x_wconf 79' lang='lat' dir='ltr'><strong>creatus</strong></span> 
     </span>
    </p>
   </div>
   <div class='ocr_carea' id='block_1_113' title="bbox 1966 5358 3537 5439">
    <p class='ocr_par' dir='ltr' id='par_1_113' title="bbox 1966 5358 3537 5439">
     <span class='ocr_line' id='line_1_113' title="bbox 1966 5358 3537 5439; baseline -0.015 -11"><span class='ocrx_word' id='word_1_813' title='bbox 1966 5380 2070 5436; x_wconf 89' lang='lat' dir='ltr'><strong>est,</strong></span> <span class='ocrx_word' id='word_1_814' title='bbox 2110 5384 2267 5439; x_wconf 85' lang='lat' dir='ltr'><strong>quem</strong></span> <span class='ocrx_word' id='word_1_815' title='bbox 2301 5379 2359 5424; x_wconf 92' lang='lat' dir='ltr'><strong>et</strong></span> <span class='ocrx_word' id='word_1_816' title='bbox 2383 5366 2561 5423; x_wconf 86' lang='lat' dir='ltr'><strong>omnis</strong></span> <span class='ocrx_word' id='word_1_817' title='bbox 2598 5366 2877 5420; x_wconf 88' lang='lat' dir='ltr'><strong>beatorum</strong></span> <span class='ocrx_word' id='word_1_818' title='bbox 2903 5359 3214 5415; x_wconf 80' lang='lat' dir='ltr'><strong>Occidentis</strong></span> <span class='ocrx_word' id='word_1_819' title='bbox 3256 5358 3537 5424; x_wconf 71' lang='lat' dir='ltr'><strong>episcopo-</strong></span> 
     </span>
    </p>
   </div>
   <div class='ocr_carea' id='block_1_114' title="bbox 1967 5448 3540 5534">
    <p class='ocr_par' dir='ltr' id='par_1_114' title="bbox 1967 5448 3540 5534">
     <span class='ocr_line' id='line_1_114' title="bbox 1967 5448 3540 5534; baseline -0.016 -14"><span class='ocrx_word' id='word_1_820' title='bbox 1967 5480 2087 5520; x_wconf 91' lang='lat' dir='ltr'><strong>rum</strong></span> <span class='ocrx_word' id='word_1_821' title='bbox 2113 5464 2357 5534; x_wconf 87' lang='lat' dir='ltr'><strong>sequitur</strong></span> <span class='ocrx_word' id='word_1_822' title='bbox 2388 5470 2579 5524; x_wconf 70' lang='lat' dir='ltr'><strong>cmtus,</strong></span> <span class='ocrx_word' id='word_1_823' title='bbox 2614 5453 3103 5512; x_wconf 82' lang='lat' dir='ltr'><strong>Alexandrinorum</strong></span> <span class='ocrx_word' id='word_1_824' title='bbox 3141 5448 3395 5501; x_wconf 74' lang='lat' dir='ltr'><strong>Ecclesiae</strong></span> <span class='ocrx_word' id='word_1_825' title='bbox 3422 5459 3540 5497; x_wconf 88' lang='lat' dir='ltr'><strong>sen-</strong></span> 
     </span>
    </p>
   </div>
   <div class='ocr_carea' id='block_1_115' title="bbox 1967 5533 3539 5618">
    <p class='ocr_par' dir='ltr' id='par_1_115' title="bbox 1967 5533 3539 5618">
     <span class='ocr_line' id='line_1_115' title="bbox 1967 5533 3539 5618; baseline -0.017 -6"><span class='ocrx_word' id='word_1_826' title='bbox 1967 5533 2482 5612; x_wconf 10' lang='lat' dir='ltr'><strong>tentiamradversus</strong></span> <span class='ocrx_word' id='word_1_827' title='bbox 2518 5551 2740 5618; x_wconf 91' lang='lat' dir='ltr'><strong>impium</strong></span> <span class='ocrx_word' id='word_1_828' title='bbox 2784 5547 2943 5599; x_wconf 90' lang='lat' dir='ltr'><strong>latam</strong></span> <span class='ocrx_word' id='word_1_829' title='bbox 2999 5541 3315 5609; x_wconf 83' lang='lat' dir='ltr'><strong>suscipiens.</strong></span> <span class='ocrx_word' id='word_1_830' title='bbox 3360 5554 3377 5587; x_wconf 73' lang='grc' dir='ltr'><strong>ι</strong></span> <span class='ocrx_word' id='word_1_831' title='bbox 3413 5533 3539 5587; x_wconf 73' lang='lat' dir='ltr'><strong>Ilie-</strong></span> 
     </span>
    </p>
   </div>
   <div class='ocr_carea' id='block_1_116' title="bbox 1968 5627 3540 5720">
    <p class='ocr_par' dir='ltr' id='par_1_116' title="bbox 1968 5627 3540 5720">
     <span class='ocr_line' id='line_1_116' title="bbox 1968 5627 3540 5720; baseline -0.018 -15"><span class='ocrx_word' id='word_1_832' title='bbox 1968 5663 2226 5720; x_wconf 89' lang='lat' dir='ltr'><strong>ronymus</strong></span> <span class='ocrx_word' id='word_1_833' title='bbox 2257 5654 2403 5701; x_wconf 92' lang='lat' dir='ltr'><strong>certe</strong></span> <span class='ocrx_word' id='word_1_834' title='bbox 2443 5643 2539 5698; x_wconf 91' lang='lat' dir='ltr'><strong>lib.</strong></span> <span class='ocrx_word' id='word_1_835' title='bbox 2574 5658 2614 5697; x_wconf 91' lang='grc' dir='ltr'><strong>ιι</strong></span> <span class='ocrx_word' id='word_1_836' title='bbox 2648 5639 2899 5709; x_wconf 84' lang='lat' dir='ltr'><strong>Apolog.,</strong></span> <span class='ocrx_word' id='word_1_837' title='bbox 2920 5637 3051 5707; x_wconf 74' lang='lat' dir='ltr'><strong>Icap.</strong></span> <span class='ocrx_word' id='word_1_838' title='bbox 3095 5634 3147 5698; x_wconf 82' lang='lat'><strong>6,</strong></span> <span class='ocrx_word' id='word_1_839' title='bbox 3175 5642 3368 5700; x_wconf 81' lang='lat' dir='ltr'><strong>praeter</strong></span> <span class='ocrx_word' id='word_1_840' title='bbox 3394 5627 3540 5678; x_wconf 86' lang='lat' dir='ltr'><strong>Aua-</strong></span> 
     </span>
    </p>
   </div>
   <div class='ocr_carea' id='block_1_117' title="bbox 1971 5727 3540 5806">
    <p class='ocr_par' dir='ltr' id='par_1_117' title="bbox 1971 5727 3540 5806">
     <span class='ocr_line' id='line_1_117' title="bbox 1971 5727 3540 5806; baseline -0.018 -9"><span class='ocrx_word' id='word_1_841' title='bbox 1971 5744 2197 5798; x_wconf 87' lang='lat' dir='ltr'><strong>stasium</strong></span> <span class='ocrx_word' id='word_1_842' title='bbox 2246 5749 2299 5794; x_wconf 90' lang='lat' dir='ltr'><strong>et</strong></span> <span class='ocrx_word' id='word_1_843' title='bbox 2334 5734 2735 5806; x_wconf 86' lang='lat' dir='ltr'><strong>Theophilum,</strong></span> <span class='ocrx_word' id='word_1_844' title='bbox 2778 5730 2940 5785; x_wconf 90' lang='lat' dir='ltr'><strong>tradit</strong></span> <span class='ocrx_word' id='word_1_845' title='bbox 2982 5727 3269 5781; x_wconf 77' lang='lat' dir='ltr'><strong>Venerium</strong></span> <span class='ocrx_word' id='word_1_846' title='bbox 3327 5731 3540 5789; x_wconf 87' lang='lat' dir='ltr'><strong>quoque</strong></span> 
     </span>
    </p>
   </div>
   <div class='ocr_carea' id='block_1_118' title="bbox 1974 5808 3542 5892">
    <p class='ocr_par' dir='ltr' id='par_1_118' title="bbox 1974 5808 3542 5892">
     <span class='ocr_line' id='line_1_118' title="bbox 1974 5808 3542 5892; baseline -0.017 -3"><span class='ocrx_word' id='word_1_847' title='bbox 1974 5833 2426 5892; x_wconf 83' lang='lat' dir='ltr'><strong>Mediolanensem</strong></span> <span class='ocrx_word' id='word_1_848' title='bbox 2482 5828 2832 5889; x_wconf 87' lang='lat' dir='ltr'><strong>enisconutn.</strong></span> <span class='ocrx_word' id='word_1_849' title='bbox 2875 5831 2930 5879; x_wconf 91' lang='lat' dir='ltr'><strong>et</strong></span> <span class='ocrx_word' id='word_1_850' title='bbox 2970 5818 3338 5877; x_wconf 84' lang='lat' dir='ltr'><strong>Chromatium</strong></span> <span class='ocrx_word' id='word_1_851' title='bbox 3375 5808 3542 5875; x_wconf 85' lang='lat' dir='ltr'><strong>Aqui-</strong></span> 
     </span>
    </p>
   </div>
  </div>
