4068 6308
330 369 465 423 113⁷

1187 365 1756 425 ORICENIANORUM
1795 365 1921 421 LIB.
1955 364 2021 431 ll,
2060 359 2211 421 CAP.
2252 364 2341 430 IV,
2383 362 2573 420 SECT.
2605 365 2651 419 Ῑ.

3412 367 3559 423 H58

318 489 516 544 librum
542 487 902 546 Numerorum
926 489 1160 561 praeﬁxit
1192 490 1435 555 Ruﬁnus,
1474 504 1741 559 quamque
1771 502 1891 543 cum
1920 491 1966 548 Α
1996 499 2115 553 cap.
2138 485 2192 539 2.
2214 485 2281 539 Et
2306 485 2637 555 Augustinus
2662 482 2756 539 lib.
2790 498 2830 538 ll
2860 481 2938 538 De
2958 492 3156 551 peccat.
3181 484 3395 554 origin.,
3425 487 3544 539 adv.

317 583 555 637 nondum
587 584 729 637 edita
762 593 925 647 esset,
955 596 1160 637 mecum
1204 582 1330 636 olim
1372 583 1598 653 benigne
1639 594 1875 635 commu-

320 675 873 731 nicaruutclarissimi
896 673 1088 728 fratres
1117 673 1330 742 Bigetii,
1364 674 1433 727 ita
1459 672 1648 729 scribit
1681 692 1695 727 :
1734 672 1879 727 «Sed

319 770 605 824 reddenda:
642 767 1009 838 pollicitationi
1070 782 1174 821 non
1226 769 1633 837 tempestivum,
1672 774 1731 821 ut
1790 764 1880 821 ille

318 861 435 927 ait,
489 861 582 916 sed
640 868 1061 930 tempestuosum
1113 859 1267 913 nobis
1293 868 1499 928 tempus
1524 873 1587 913 ac
1610 857 1878 912 turbidum

322 954 447 1010 fuit.
490 956 617 1023 Quis
649 956 788 1012 enim
820 955 891 1008 ibi
922 954 1063 1024 stylo
1089 954 1239 1009 locus
1261 963 1364 1019 est,
1396 953 1486 1007 ubi
1519 953 1729 1007 hostilia
1775 951 1878 1005 tela

321 1044 788 1100 metuuntur?ubi
833 1045 885 1098 in
912 1044 1087 1099 oculis
1137 1052 1219 1099 est
1270 1044 1480 1098 urbium
1525 1056 1880 1112 agrorumque

318 1136 587 1191 vastatio?
626 1136 713 1190 ubi
751 1134 952 1205 fugitur
976 1150 1072 1203 per
1106 1136 1307 1188 marina
1348 1133 1702 1198 discrimina,
1735 1143 1788 1187 et
1813 1147 1879 1187 ne

322 1226 437 1297 ipsa
472 1227 681 1296 quidem
725 1225 926 1294 absque
955 1235 1098 1279 metu
1131 1226 1399 1280 habentur
1423 1224 1649 1279 exsilia?
1676 1215 1731 1279 in
1752 1239 1880 1279 con-

319 1328 504 1388 specta
539 1317 758 1380 etenim,
788 1324 844 1369 ut
868 1316 1087 1370 videbas
1107 1316 1266 1369 etiam
1300 1316 1430 1384 ipse,
1466 1324 1648 1369 nostro
1674 1315 1877 1371 Barba—

320 1422 433 1474 rus,
463 1409 553 1475 qui
586 1406 834 1474 Rhegino
884 1406 1078 1476 oppido
1108 1405 1367 1460 miscebat
1419 1405 1682 1469 incendia,
1714 1420 1877 1475 angu-

316 1499 553 1556 stissimo
582 1513 611 1552 a
642 1497 794 1553 nobis
822 1496 993 1561 freto,
1031 1496 1118 1551 ubi
1151 1496 1311 1551 Italiae
1343 1495 1509 1551 solum
1537 1496 1717 1550 Siculo
1748 1496 1880 1550 diri-

316 1590 501 1656 mitur,
536 1588 840 1643 arcebatur.
879 1606 897 1639 υ
935 1588 1140 1657 Agebat
1168 1603 1296 1656 ergo
1329 1598 1438 1641 tum
1484 1590 1535 1641 in
1560 1588 1766 1642 Sicilia.
1792 1588 1880 1642 Ait

316 1679 507 1734 deinde
532 1698 545 1734 :
586 1698 604 1730 ι
625 1678 741 1733 1am
765 1678 910 1732 enim
939 1694 1002 1733 ex
1027 1680 1273 1733 omnibus
1302 1694 1421 1748 qua:
1462 1680 1513 1732 in
1540 1680 1655 1747 lege
1682 1679 1878 1748 scripta

314 1766 526 1835 reperi,
558 1766 684 1821 sola:
727 1772 784 1818 ut
815 1780 943 1835 puto
978 1767 1029 1819 in
1059 1766 1473 1824 Deutcronomio
1516 1768 1708 1823 desunt
1751 1783 1877 1821 ora-

1982 578 2163 648 Pelag.
2194 587 2248 632 et
2270 575 2511 642 CoelesL,
2544 576 2710 629 refert
2761 574 2813 629 in
2842 574 3044 644 judicio
3091 577 3374 647 episc0pali
3414 578 3546 633 Car-

1985 670 2201 740 thagine
2231 668 2435 732 habito,
2471 667 2733 738 quaerenti
2764 665 2987 720 Paulino
3014 666 3237 722 diacono
3266 669 3547 739 presbyte—

1982 776 2159 815 rorum
2191 760 2405 814 numina
2432 799 2447 825 ,
2490 776 2518 813 a
2544 760 2738 828 quibus
2780 757 3116 828 pestilentem
3150 773 3300 813 suam
3351 760 3546 814 doctri-

1978 868 2101 908 nam
2129 852 2411 908 Ccelestius
2441 851 2765 921 accepisset,
2806 850 3146 919 respondisse
3191 848 3495 904 Cteleslium
3525 867 3541 903 :

1986 962 2007 997 ι
2040 944 2275 1000 Sanctus
2324 944 2604 1014 presbyter
2654 942 2922 1010 Rufinus,
2973 941 3157 997 Romae
3207 942 3297 1011 qui
3352 942 3545 997 mansit

1979 1051 2099 1091 cum
2127 1045 2316 1091 sancto
2348 1035 2711 1091 Pammachio.
2750 1035 2864 1105 Ego
2898 1034 3075 1087 audivi
3101 1032 3244 1087 illum
3277 1033 3543 1088 dicentem

1979 1128 2100 1197 quia
2136 1126 2324 1180 tradux
2379 1126 2587 1195 peccati
2627 1141 2732 1180 non
2788 1126 2878 1180 sit.
2917 1144 2937 1177 ι
2984 1125 3191 1180 Idcirco
3236 1124 3541 1196 Origeniani

1978 1217 2209 1272 nominis
2237 1217 2490 1272 invidiam
2543 1217 2594 1270 in
2647 1232 2706 1272 se
2754 1231 3068 1271 conversam
3110 1217 3350 1271 sentiens
3393 1216 3545 1271 Pela-

1978 1309 2115 1378 gius,
2148 1323 2268 1361 cum
2304 1309 2441 1376 apud
2476 1308 2843 1363 innocentium
2874 1323 3064 1378 papam
3096 1323 3152 1363 se
3184 1320 3456 1377 purgaret,
3488 1308 3541 1360 in

1976 1396 2155 1465 libello
2223 1396 2344 1451 ﬁdei
2388 1398 2680 1466 praecipuos
2723 1397 2968 1468 Origenis
3011 1412 3223 1452 errores
3270 1406 3545 1467 proterere

1979 1502 2036 1542 se
2087 1488 2372 1544 simulavit.
2405 1488 2575 1544 Porro
2621 1498 2677 1544 ut
2706 1489 3041 1561 Origeniana:
3079 1491 3269 1545 hmresi
3304 1489 3545 1561 Pelagia-

1980 1595 2065 1645 na,
2095 1580 2172 1636 sic

2329 1670 2715 1728 ...Nesloriana
2750 1674 2858 1728 lues
2882 1677 3124 1730 successit
3160 1674 3482 1745 Pelagianae,

1983 1762 2155 1832 inquit
2182 1763 2412 1832 Prosper
2440 1766 2490 1818 in
2523 1764 2804 1834 Epitaphio
2835 1766 3165 1822 Nestorianaa
3208 1777 3263 1821 et
3295 1764 3538 1836 Pelagia-

317 1857 587 1923 tiunculzc,
624 1872 757 1927 quas
785 1859 829 1912 si
857 1859 1115 1912 Dominus
1149 1858 1368 1926 juverit,
1397 1868 1452 1913 et
1480 1860 1762 1915 sanitatem
1787 1861 1880 1915 de-
1910 1848 1951 1901 Β
1981 1867 2062 1907 na’
2093 1852 2388 1908 hmreseon.
2419 1854 2524 1909 Sed
2576 1856 2827 1923 quoniam
2860 1867 3055 1925 praeter
3102 1858 3400 1911 institutum
3447 1872 3540 1911 no-

316 1950 455 2003 derit
494 1949 686 2016 oculis,
752 1951 995 2018 cupimus
1048 1949 1255 2021 reliquo
1309 1966 1533 2018 corpore
1597 1953 1803 2005 sociare
1857 1967 1870 2003 :

314 2042 561 2111 quamvis
599 2044 997 2097 amantissimus
1041 2044 1182 2098 ﬁlius
1237 2053 1419 2099 noster
1449 2044 1744 2109 Pinianus,
1780 2060 1875 2100 cu-

313 2133 401 2205 jus
431 2134 735 2205 religiosum
766 2146 966 2191 ctetum
1009 2152 1106 2207 pro
1155 2151 1338 2191 amore
1391 2135 1659 2206 pudicitia:
1698 2136 1877 2206 profu-

316 2240 439 2294 gum
473 2226 815 2292 comitamur,
862 2226 1102 2296 injungat
1153 2235 1207 2280 et
1260 2227 1386 2281 alia.
1427 2246 1446 2277 ι
1490 2226 1741 2281 Pinianus
1766 2227 1874 2293 ille,

318 2314 472 2382 cujus
497 2315 551 2369 in
584 2317 836 2371 comitatu
869 2332 928 2373 se
956 2326 1063 2371 tum
1106 2317 1270 2372 fuisse
1301 2318 1374 2371 ait
1408 2318 1652 2383 Ruﬁnus,
1687 2319 1732 2373 is
1761 2326 1877 2372 erat

319 2404 559 2459 Melania:
599 2404 827 2472 junioris
869 2405 1111 2460 maritus.
1164 2404 1313 2460 Hunc
1352 2406 1518 2459 Roma
1565 2406 1877 2461 discessisse

319 2508 464 2550 anno
490 2495 616 2561 408,
647 2505 699 2551 et
737 2494 1110 2565 Carthaginem
1137 2497 1406 2566 appulisse
1429 2512 1568 2551 anno
1594 2497 1719 2564 409,
1762 2499 1876 2568 ipse

316 2588 562 2655 agnoscit
588 2587 867 2643 Baronius.
902 2588 1067 2657 igitur
1111 2589 1193 2644 vel
1222 2590 1470 2643 Ruﬁnum
1494 2589 1577 2643 ~in
1610 2587 1792 2643 Sicilia
1842 2604 1871 2643 a

316 2676 539 2733 Piniano
566 2691 620 2733 et
647 2689 877 2749 utraque
910 2680 1137 2734 Melania
1161 2680 1406 2735 relictum
1447 2696 1591 2734 mors
1617 2694 1759 2734 anno
1792 2693 1875 2734 se—

311 2771 496 2837 quenti
528 2771 894 2839 oppresserit;
926 2772 1006 2826 vel
1038 2782 1184 2827 certe
1211 2781 1415 2841 tempus
1459 2786 1488 2824 a
1524 2771 1751 2825 Baronio
1788 2784 1873 2825 as-

310 2863 578 2933 signatum
610 2879 715 2917 uno
737 2864 925 2918 saltem
955 2880 1097 2918 anno
1130 2864 1307 2918 Ruﬁni
1351 2865 1530 2919 obitus
1573 2871 1874 2918 anteverte-

314 2955 406 3017 rit,
439 2954 536 3007 viri
571 2953 909 3024 Origenianae
933 2955 1191 3009 doctrina:
1220 2955 1292 3009 ita
1320 2955 1539 3009 studiosi
1560 2995 1575 3020 ,
1614 2965 1671 3008 ut
1696 2954 1873 3009 inﬁni-

312 3053 396 3098 tas
434 3045 535 3099 sibi
569 3046 772 3111 turbas,
808 3046 1068 3110 convicia,
1102 3045 1374 3099 infamiam
1397 3056 1451 3100 et
1478 3046 1870 3101 damnationem

310 3128 541 3197 denique
583 3130 699 3197 ejus
738 3145 898 3185 causa
946 3130 1211 3199 pepererit
1254 3146 1266 3181 :
1314 3131 1403 3198 qui
1448 3130 1492 3183 si
1551 3131 1729 3183 animo
1776 3144 1873 3184 suo

309 3216 501 3274 fuisset
534 3220 860 3284 moderatus,
894 3230 948 3275 et
978 3236 1005 3273 a
1038 3221 1293 3275 librorum
1323 3221 1457 3287 Περὶ
1482 3219 1682 3287 ἀρχῶν
1704 3221 1870 3274 inter-

308 3312 611 3378 pretatione
641 3311 984 3367 abstinuisset
1013 3327 1229 3365 manum
1254 3351 1269 3375 ,
1308 3327 1462 3365 suum
1488 3312 1587 3365 sibi
1612 3311 1870 3381 Origenes

312 3402 499 3464 decus,
525 3401 856 3470 gloriamque
899 3404 950 3456 in
999 3402 1288 3458 Occidente
1334 3410 1635 3463 servasset;
1680 3416 1867 3455 verum

298 3490 437 3547 ’dum
471 3492 631 3545 tradit
658 3492 801 3546 illum
830 3490 1035 3547 Latinis
1060 3494 1357 3563 legendum,
1392 3510 1456 3549 ex
1492 3494 1725 3547 omnium
1758 3507 1870 3544 ma-

310 3578 470 3633 nibus
502 3580 738 3634 excussit
769 3599 781 3635 :
816 3600 833 3632 ι
864 3582 1031 3636 Totus
1078 3583 1218 3636 enim
1247 3582 1426 3645 orbis,
1459 3601 1477 3633 ι
1528 3581 1699 3649 inquit
1750 3578 1871 3635 Hie-

308 3683 569 3739 ronymus
619 3671 770 3739 Apol.
820 3687 861 3734 l,
914 3687 1031 3733 cap.
1065 3672 1118 3737 5,
1174 3690 1191 3724 t
1238 3680 1356 3739 post
1408 3670 1810 3724 translationem
1846 3689 1865 3722 υ

312 3761 488 3814 Ruﬁni
540 3782 558 3814 ι
591 3764 641 3816 in
686 3760 930 3833 Origenis
979 3764 1159 3818 odium
1213 3763 1447 3828 exarsit,
1506 3777 1662 3833 quem
1714 3773 1868 3817 antea

311 3851 629 3921 simpliciter
672 3852 964 3908 lectitabat.
1002 3872 1020 3905 ι
1072 3853 1429 3908 Nihilominus
1472 3855 1538 3908 ab
1584 3853 1871 3908 Anastasio

312 3943 437 3998 licet
465 3945 749 3998 damnatus
785 3945 945 4000 fuerit
968 3944 1215 4012 Ruﬁnus,
1252 3944 1365 4013 ejus
1387 3954 1565 3999 tamen
1595 3954 1876 3999 consuetu-

310 4036 430 4090 dine
482 4051 637 4090 usum
688 4036 850 4092 fuisse
893 4036 1258 4092 Chromatium
1299 4036 1695 4105 Aquileiensem
1755 4036 1870 4105 epi~

309 4143 529 4196 scopum
562 4130 847 4198 persuadet
874 4128 1041 4198 ipsius
1074 4129 1323 4184 Praefatio
1352 4128 1662 4184 Eusebiana:
1692 4129 1873 4185 Histo-

309 4219 404 4270 ria:
445 4232 473 4269 a
514 4232 571 4272 se
597 4233 868 4273 conversae
893 4220 1168 4289 praemissa
1192 4258 1206 4281 ,
1232 4235 1335 4289 qua
1381 4231 1562 4290 rogatu
1608 4221 1872 4277 Chroma-

310 4309 389 4371 tii,
418 4310 599 4362 animo
632 4326 695 4364 ex
719 4312 907 4381 patria:
936 4312 1085 4367 clade
1108 4311 1302 4367 afﬂicto
1333 4313 1571 4368 solamen
1616 4314 1873 4368 adhibere

313 4401 563 4466 volentis,
607 4405 1083 4472 susceptam.illam
1122 4422 1151 4459 a
1197 4423 1254 4462 se
1287 4408 1524 4463 ostendit
1589 4406 1870 4462 Melaniam

1980 1953 2151 2003 strqu
2182 1955 2263 2000 est
2290 1945 2496 1999 illarum
2526 1945 2770 2011 historia,
2800 1957 2849 2000 et
2879 1947 3105 2002 aliorum
3134 1948 3405 2003 laboribus
3428 1947 3539 2016 jam

1979 2037 2111 2090 satis
2142 2035 2432 2101 illustrata,
2465 2038 2530 2091 ad
2556 2039 2835 2107 sequentia
2863 2052 3231 2108 properamus.

2050 2125 2238 2183 XXIV.
2279 2126 2527 2182 Obtritus
2566 2127 2724 2197 plane
2768 2143 2832 2184 ac
2878 2114 3250 2198 pessumdatus
3290 2131 3341 2187 in
3382 2129 3539 2186 Occi-

1977 2217 2137 2273 dente
2185 2217 2463 2273 videbatur
2492 2218 2891 2289 Origenismus,
2924 2236 3045 2276 cum
3078 2236 3206 2277 ecce
3244 2222 3383 2277 Aviti
3435 2222 3539 2279 duo

1980 2308 2221 2378 Hispani,
2250 2309 2478 2364 Romam
2506 2311 2659 2372 alter,
2696 2312 2833 2366 alter
2866 2311 3253 2384 Jerosolymam
3288 2313 3536 2382 profecti,

1978 2401 2033 2455 in
2060 2402 2290 2471 patriam
2327 2411 2450 2472 post
2487 2404 2717 2457 reditum
2762 2419 2971 2459 merces
3012 2403 3363 2475 Origenianas
3393 2405 3535 2459 intu-

1979 2491 2171 2546 lerunt.
2202 2492 2400 2546 Horum
2431 2492 2567 2547 alter
2594 2493 2682 2566 (is,
2716 2495 2769 2548 ni
2808 2494 2983 2558 fallor,
3014 2496 3103 2566 qui
3141 2495 3530 2566 Jerosolymam

1978 2580 2346 2644 contenderat,
2392 2596 2655 2651 quemque
2689 2583 2882 2637 adiisse
2923 2584 3307 2654 Hieronymum
3352 2586 3403 2639 in
3430 2584 3535 2641 Pa-

1976 2670 2179 2725 laestina
2206 2671 2484 2741 degentem
2524 2673 2814 2727 verisimile
2838 2674 2941 2743 est)
2989 2676 3055 2729 ab
3082 2675 3403 2746 Hieronymo
3443 2692 3539 2745 po-

1977 2760 2289 2828 stulaverat,
2327 2762 2650 2833 utOrigenis
2677 2762 2840 2818 libros
2872 2764 3011 2833 Περὶ
3046 2766 3253 2836 ἀρχῶν
3275 2806 3290 2832 ,
3326 2769 3536 2822 sincere

1975 2861 2031 2906 et
2064 2852 2291 2908 ﬁdeliter
2331 2869 2623 2909 conversos
2673 2856 2738 2910 ad
2791 2871 2851 2910 se
2915 2857 3188 2923 mitteret;
3225 2859 3365 2927 quod
3412 2873 3536 2912 cum

1979 2941 2135 2998 facile
2166 2944 2526 3014 impetrasset,
2569 2945 2946 3015 cavendosque
2973 2961 3190 3002 errores
3217 2962 3314 3014 per
3338 2948 3539 3017 episto—

1979 3034 2083 3090 lam
2112 3036 2469 3108 Hieronymus
2494 3047 2998 3107 praamonstrasset,
3042 3040 3108 3095 iis
3156 3050 3328 3094 tamen
3364 3040 3537 3109 impli-

1979 3126 2089 3180 cari
2123 3142 2181 3183 se
2208 3137 2262 3182 et
2289 3128 2438 3182 illudi
2465 3144 2651 3198 passus
2681 3138 2801 3195 est;
2832 3144 2894 3184 ac
2910 3130 3137 3185 alterum
3169 3148 3379 3200 quoque
3404 3132 3535 3186 Avi-

1975 3224 2082 3268 tum
2115 3217 2164 3268 in
2193 3217 2409 3271 easdem
2444 3217 2780 3286 opinationes
2805 3221 3093 3288 pertraxit.
3127 3218 3320 3274 Patrize
3353 3236 3540 3277 consu-

1970 3306 2083 3358 lens
2117 3304 2311 3360 Paulus
2342 3307 2565 3363 Orosius
2589 3348 2606 3376 ,
2638 3324 2797 3378 quam
2844 3311 2955 3364 haec
2978 3351 2993 3375 ,
3043 3320 3203 3379 atque
3249 3312 3363 3366 alia:
3410 3313 3537 3367 item

1971 3397 2203 3452 haereses
2246 3399 2636 3466 pervadebant,
2677 3399 2956 3470 Augustini
3007 3416 3161 3469 opem
3209 3402 3387 3456 oblato
3437 3403 3538 3471 ipsi

1973 3488 2391 3543 Commonitorio
2434 3489 2759 3559 imploravit.
2804 3488 3018 3560 Scripto
3071 3491 3253 3545 statim
3298 3493 3361 3545 ad
3403 3492 3537 3547 Oro-

1970 3582 2108 3637 sium
2161 3581 2623 3636 Commentariolo
2672 3582 2929 3637 adversus
2994 3581 3433 3637 Priscillianistas
3484 3592 3539 3637 et

1972 3672 2331 3742 Origenistas,
2357 3672 2605 3727 bzeresim
2635 3681 2921 3742 utramque
2946 3672 3257 3741 Hispaniam
3281 3672 3541 3727 infestan-

1974 3775 2079 3818 tern
2118 3763 2453 3833 proculcavit
2473 3765 2838 3835 Augustinus;
2865 3773 2918 3818 et
2943 3766 2996 3818 in
3036 3764 3234 3819 eximio
3280 3773 3547 3833 praeterea

1973 3854 2049 3909 De
2079 3856 2282 3909 civitate
2326 3856 2416 3909 Dei
2445 3868 2627 3924 Opere,
2659 3856 2800 3924 quod
2847 3866 2975 3911 tunc
3020 3856 3360 3921 elaborabat,
3393 3867 3449 3910 ut
3484 3866 3541 3911 et

1974 3947 2025 4002 in
2058 3947 2178 4002 aliis
2208 3962 2421 4017 quoque
2450 3948 2861 4015 scriptionibus,
2895 3963 3015 4003 cum
3056 3944 3373 4017 Origenistis
3406 3962 3543 4016 pm-

1972 4040 2136 4094 liatus
2172 4051 2275 4095 est.
2314 4039 2670 4105 Quaestionem
2703 4055 2887 4105 unam,
2931 4054 3051 4110 quae
3092 4049 3176 4094 est
3232 4040 3296 4094 de
3333 4039 3541 4108 origine

1973 4132 2297 4195 animarum,
2331 4131 2561 4187 deﬁnire
2591 4147 2694 4186 non
2720 4147 2906 4197 ausus,
2938 4132 3186 4187 Orosium
3221 4132 3272 4185 in
3299 4130 3539 4185 Palaesti-

1974 4238 2098 4279 nam
2141 4223 2289 4279 misit
2333 4226 2399 4279 ad
2445 4224 2870 4295 Hieronymum,
2926 4238 3086 4293 quem
3132 4223 3540 4293 disceptationis

1974 4316 2129 4384 hujus
2152 4316 2411 4370 arbitrum
2457 4330 2579 4371 esse
2616 4316 2803 4371 voluit.
2855 4315 3198 4370 Manifestum
3246 4316 3429 4384 itaque
3466 4330 3537 4370 ex

1973 4420 2038 4460 eo
2063 4413 2164 4468 est,
2197 4406 2385 4460 merito
2415 4407 2554 4459 inter
2600 4406 2938 4475 supposititia
2980 4415 3033 4460 et
3069 4406 3367 4476 Augustino
3409 4421 3539 4476 per-

314 4506 524 4561 quoque
544 4493 632 4546 diu
682 4506 798 4565 post
832 4494 1085 4575 inflictam
1134 4497 1327 4553 Ruﬁno
1374 4514 1658 4554 censuram
1699 4506 1874 4553 certa-
1905 4519 1949 4575 ο
1977 4510 2161 4564 peram
2191 4496 2420 4564 ascripta
2451 4494 2600 4563 rejici
2630 4494 2863 4550 libellum
2924 4494 2995 4549 De
3050 4496 3243 4549 deitate
3266 4506 3315 4549 et
3362 4497 3540 4550 incar-

312 4583 404 4634 tim
442 4583 686 4638 laudibus
716 4569 1020 4639 extulerunt
1046 4588 1372 4657 Augustinus
1388 4586 1452 4644 'et
1488 4588 1746 4643 Paulinus
1778 4598 1875 4642 :et

309 4684 431 4741 post
470 4682 697 4730 mortem
750 4676 963 4745 demum
1012 4676 1065 4730 in
1127 4677 1433 4733 Graecorum
1482 4677 1877 4749 Martyrologiis

312 4766 454 4820 inter
479 4774 692 4820 sanctos
727 4768 957 4824 ascripta
988 4774 1098 4824 est.

384 4854 571 4910 XXllL
601 4857 673 4910 At
703 4870 806 4909 non
857 4857 1034 4912 Ruﬁni
1075 4859 1222 4913 obitu
1258 4869 1371 4913 sata
1422 4860 1489 4915 ab
1534 4858 1647 4928 ipso
1691 4856 1875 4929 Orige-

313 4946 472 5001 nismi
525 4948 726 5002 semina
772 4950 1034 5005 exstincta
1089 4960 1231 5005 sunt.
1284 4951 1549 5022 Pelagius,
1584 4953 1878 5008 monachus

313 5038 530 5092 natione
545 5038 860 5107 Britannus,
884 5051 1098 5110 arrepta
1132 5044 1373 5111 quaedam
1396 5044 1641 5114 Origenis
1660 5045 1876 5113 dogma-

315 5139 369 5184 ta
408 5145 436 5183 a
476 5129 672 5185 Ruﬁno
717 5133 927 5186 exculta
962 5142 1015 5188 et
1048 5147 1339 5204 propagata
1387 5136 1679 5190 renovavit.
1731 5134 1877 5203 Quo-

316 5221 460 5275 circa
496 5219 853 5292 Hieronymus
887 5224 941 5277 in
982 5224 1249 5280 Prommio
1295 5226 1358 5279 ad
1398 5226 1490 5281 lib.
1534 5243 1552 5282 1
1587 5226 1871 5281 Comment.

312 5310 371 5364 in
418 5308 613 5364 Jerem.
666 5312 994 5381 Crunnium,
1043 5315 1143 5369 hoc
1201 5324 1285 5369 est
1330 5316 1621 5379 Ruﬁnum,
1680 5316 1878 5387 Pelagii

317 5419 339 5453 ο
400 5417 815 5471 ιιι-ωευιέοτειης
849 5413 904 5460 et
965 5406 1275 5473 magistrum
1325 5426 1343 5458 ι
1389 5408 1638 5476 appellat.
1682 5408 1881 5479 Dogma

312 5508 529 5563 quoque
558 5494 822 5559 ἀπαθείας
850 5506 904 5551 et
933 5498 1371 5568 ἀναμαρτησίας,
1404 5500 1544 5568 quod
1573 5514 1734 5568 supra
1767 5510 1878 5553 tra-

315 5586 597 5650 ctavimus,
636 5589 702 5640 ab
735 5586 1051 5657 Origenistis
1088 5591 1360 5659 accepisse
1404 5589 1716 5659 Pelagianos
1753 5606 1878 5660 pro-

317 5677 395 5729 dit
428 5676 478 5729 in
511 5676 778 5733 Procemio
819 5680 1027 5749 Dialog.
1080 5681 1196 5735 adv.
1233 5680 1410 5753 Pelag.
1458 5693 1511 5736 et
1546 5683 1598 5735 in
1643 5681 1877 5736 Prooeni.

321 5765 415 5821 lib.
452 5785 502 5823 tv
528 5767 817 5827 Comment.
851 5772 904 5827 in
933 5770 1127 5832 Jerem.
1151 5782 1204 5828 et
1236 5774 1289 5828 in
1324 5773 1491 5842 Epist.
1526 5774 1593 5828 ad
1626 5772 1883 5844 Ctesiph.,

1980 4589 2211 4650 natione,
2248 4588 2312 4640 ad
2341 4586 2680 4651 Januarium,
2732 4587 2820 4655 qui
2856 4586 3085 4642 habetur
3142 4588 3194 4641 in
3235 4587 3542 4657 Appendice

1979 4679 2152 4747 quarti
2190 4678 2317 4734 torni
2356 4693 2370 4729 :
2415 4678 2616 4747 quippe
2672 4679 2765 4747 qui
2818 4677 3159 4749 Origenianis
3208 4679 3320 4734 fere
3349 4680 3542 4750 pannis

1979 4779 2232 4826 consutus
2260 4778 2315 4823 et
2334 4768 2742 4823 consarcinatus
2767 4777 2871 4823 est.

2050 4861 2276 4917 Circiter
2307 4862 2450 4915 idem
2488 4871 2694 4929 tempus
2742 4858 3183 4931 Semipelagianae
3220 4862 3409 4918 haeresi
3450 4877 3541 4916 ro-

1982 4952 2084 5008 bur
2108 4951 2344 5007 Joannes
2368 4951 2660 5007 Cassianus
2688 4950 2741 5005 in
2772 4950 2959 5006 Galliis
2982 4954 3303 5008 conciliabat
3331 4968 3399 5008 ex
3420 4953 3541 5007 Ori-

1984 5042 2134 5114 genis
2160 5042 2561 5113 scriptionibus,
2616 5042 2768 5111 cujus
2816 5043 3125 5098 econtrario
3174 5058 3365 5097 nomen
3412 5042 3542 5097 Vin-

1981 5134 2191 5189 centius
2215 5133 2514 5188 Lirinensis
2556 5134 2756 5189 ibidem
2795 5136 3112 5190 traducebat
3153 5149 3167 5185 :
3210 5135 3263 5188 in
3289 5134 3544 5189 Commo-

1982 5224 2177 5278 nitorio
2223 5222 2487 5292 siquidem
2535 5224 2715 5293 priore
2756 5226 2961 5278 advers.
3024 5223 3231 5279 llazres.
3306 5238 3427 5293 cap.
3472 5223 3544 5277 25

1989 5317 2119 5369 dum
2157 5315 2440 5370 ostendere
2467 5326 2690 5370 conatur
2728 5331 2964 5371 errorem
3005 5315 3250 5383 Origenis
3297 5315 3547 5370 Ecclesiae

1990 5405 2081 5460 Dei
2102 5404 2384 5460 offensioni
2412 5404 2611 5485 fuisse,
2636 5417 2917 5476 postquam
2958 5407 3244 5476 prteclaras
3286 5406 3428 5461 illius
3453 5407 3548 5461 do-

1988 5505 2067 5551 tes
2093 5495 2275 5551 multis
2304 5495 2632 5562 dilaudavit,
2684 5517 2703 5549 ι
2734 5497 2842 5564 Eo,
2876 5497 3077 5568 inquit,
3108 5513 3193 5554 res
3215 5499 3447 5563 decidit,
3491 5509 3548 5551 ut

1986 5597 2145 5643 tanta:
2175 5603 2441 5660 personae,
2475 5590 2607 5643 tanti
2649 5590 2882 5644 doctoris
2905 5631 2921 5657 ,
2952 5590 3087 5643 tanti
3127 5591 3401 5660 praphetaa
3442 5605 3546 5643 non

1987 5682 2221 5735 humana
2246 5680 2446 5750 aliqua.
2479 5681 2577 5735 sed
2601 5688 2657 5733 ut
2679 5681 2857 5736 exitus
2890 5681 3095 5748 docuit,
3147 5681 3370 5735 nimium
3407 5682 3549 5749 peri~
3639 5706 3644 5737 ς

1990 5773 2170 5829 culosa
2202 5775 2425 5831 teutatio
2457 5773 2715 5843 plurimos
2742 5788 2771 5828 a
2802 5774 2925 5830 ﬁdei
2972 5775 3280 5845 integritate
3321 5774 3549 5830 deduce-
