4068 6308
662 332 797 387 1169

1913 339 1973 394 Ρ.
2015 339 2330 395 DANIELIS
2367 338 2596 396 IIUETII

3711 345 3821 404 1110

657 459 764 503 ret.
806 451 1163 517 Quamobrem
1189 452 1278 507 hic
1310 453 1450 509 idem
1478 454 1743 527 Origenes
1770 467 1952 512 tantus
1977 473 2042 514 ac
2075 458 2216 528 talis,
2247 462 2294 519 Α
2392 459 2737 532 Sosgmenum
2757 496 2771 520 ,
2815 453 3122 522 Sidonium‘,
3165 464 3426 526 auctorem
3475 451 3818 532 Prtedestinati,

654 541 787 596 dum
819 544 993 612 gratia
1027 544 1120 597 Dei
1157 544 1476 602 insolentius
1519 549 1792 614 abutitur,
1838 551 1965 606 dum
2007 551 2220 623 ingenio

659 648 758 688 suo
806 634 1032 688 nimium
1085 634 1349 707 indulget,
1403 637 1614 708 sibique
1671 642 1805 697 satis
1849 643 2057 708 credit,
2103 658 2225 698 cum

658 715 808 796 parvi
834 725 1309 796 peuditantiquam
1351 729 1672 788 Christianae
1711 733 1992 805 religionis
2021 733 2227 805 simpli-

659 818 898 882 citatem,
923 817 1049 872 dum
1077 833 1136 873 se
1163 819 1279 887 plus
1303 823 1511 877 cunctis
1532 837 1720 893 sapere
1750 825 2065 893 praesumit,
2099 827 2224 881 dum

657 908 1054 964 ecclesiasticas
1097 912 1446 978 traditiones,
1498 923 1552 968 et
1617 925 1860 971 veterum
1919 917 2224 989 magisteria

657 1009 1007 1058 contemnens
1058 1006 1302 1072 quaedam
1348 1006 1750 1078 Scripturarum
1804 1010 2030 1080 capitula
2088 1027 2228 1066 novo

657 1106 810 1146 more
836 1093 1243 1164 interpretatur,
1280 1099 1476 1153 meruit
1508 1109 1562 1153 ut
1597 1101 1663 1154 de
1694 1113 1753 1154 se
1804 1114 2019 1170 quoque
2046 1099 2228 1156 Eccle-

657 1184 752 1238 siae
780 1184 871 1238 Dei
903 1186 1174 1242 diceretur
1209 1203 1223 1240 :
1266 1187 1324 1243 Si
1364 1192 1649 1244 surrexerit
1686 1191 1744 1245 in
1781 1191 1952 1246 medio
1999 1193 2075 1246 tui
2109 1209 2231 1262 pro-

653 1277 844 1344 pheta;
875 1286 930 1331 et
972 1280 1130 1346 paulo
1164 1291 1283 1348 post
1325 1299 1338 1335 :
1384 1280 1506 1335 Non
1552 1283 1778 1350 audies,
1828 1284 2031 1354 inquit,
2076 1286 2229 1341 verba

655 1367 918 1435 propheta:
939 1368 1081 1422 illius
1104 1370 1171 1425 ι’.
1194 1369 1332 1426 Vere
1356 1387 1460 1426 non
1484 1372 1654 1427 solum
1682 1376 1926 1440 tentatio,
1951 1377 2044 1431 sed
2066 1377 2228 1432 etiam

658 1472 849 1524 magna
891 1461 1408 1527 tentatioﬂdeditam
1443 1463 1544 1518 sibi
1578 1472 1742 1533 atque
1786 1465 1838 1519 in
1879 1480 1938 1521 se
1986 1468 2224 1536 penden-

658 1557 765 1602 tem
794 1549 1089 1604 Ecclesiam
1132 1552 1484 1608 admiratione
1523 1557 1748 1627 ingenii,
1803 1557 2064 1624 scientiae,
2113 1559 2218 1615 elo-

655 1641 908 1708 quentiae,
944 1645 1376 1700 conversationis
1405 1654 1460 1699 et
1501 1647 1721 1717 gratiae,
1756 1649 1889 1703 nihil
1934 1650 1999 1704 de
2037 1666 2095 1704 se
2138 1667 2230 1706 su-

658 1732 976 1800 spicantem,
1009 1733 1143 1788 nihil
1171 1747 1468 1803 verentem,
1501 1738 1682 1794 subito
1705 1755 1735 1794 a
1770 1742 1938 1798 veteri
1970 1741 2226 1813 religione

657 1823 712 1875 In
745 1837 936 1878 novam
964 1825 1342 1894 profanitatem
1374 1829 1570 1884 sensim
1591 1870 1608 1897 ,
1634 1831 2003 1903 paulatimque
2041 1834 2225 1888 tradu-

659 1930 802 1969 cere.
834 1934 852 1968 ι
893 1916 1027 1970 Tum
1059 1917 1290 1973 lectores
1320 1930 1525 1986 monet,
1558 1923 1776 1978 etiamsi
1827 1924 2069 1996 corrupti
2119 1925 2229 1981 sint

660 2005 782 2060 libri
805 2005 1071 2078 Origenis,
1106 2010 1246 2078 quod
1282 2026 1384 2065 non
1439 2013 1712 2077 diliitetur,
1756 2015 1857 2070 sub
1903 2014 2019 2083 ejus
2050 2025 2226 2071 tamen

661 2099 874 2154 nomine
911 2100 1194 2169 venditari,
1221 2109 1274 2156 et
1297 2104 1362 2155 ad
1400 2103 1750 2161 insinuandos
1777 2122 1994 2164 errores
2019 2117 2226 2162 tantum

661 2204 854 2246 nomen
909 2192 1090 2248 valere
1138 2209 1316 2263 posse.
1375 2194 1453 2249 Ita
1516 2199 1852 2252 renascentis
1903 2198 2228 2269 Origeuismi

661 2285 980 2354 propagines
1005 2286 1058 2340 in
1094 2286 1388 2344 Occidente
1435 2289 1582 2346 elisis
1613 2302 1758 2347 sunt.
1792 2291 1899 2347 Sed
1939 2301 1992 2346 et
2026 2291 2226 2346 iterum

660 2374 888 2442 ibidem,
929 2377 1235 2448 iterumque
1270 2389 1394 2436 sunt
1443 2391 1712 2450 contusae,
1769 2392 1827 2439 ut
1874 2385 1927 2439 in
1980 2386 2228 2455 sequenti

660 2465 900 2522 sectione
929 2469 1295 2526 ostendemus.

1275 2631 1514 2690 SECTIO
1551 2633 1614 2688 11.

662 2735 700 2789 1.
737 2737 1048 2818 Theophilus
1091 2743 1482 2818 Aleaandrinus
1517 2748 1801 2818 monachos
1835 2749 2087 2818 quosdam
2120 2750 2226 2804 Ni-

730 2810 945 2887 trienses
973 2823 1153 2879 vexat;
1181 2815 1246 2869 II.
1270 2824 1320 2869 et
1349 2817 1522 2887 aﬂicta
1542 2817 1676 2887 ipsis
1725 2810 2055 2887 Oriyenismo
2104 2818 2229 2874 Ori-

731 2881 961 2948 genistas
995 2899 1102 2960 una
1159 2881 1463 2960 insectatjtr.
1513 2881 1601 2960 111.
1645 2888 1781 2960 Aliae
1823 2881 2032 2942 dissidii
2058 2891 2229 2960 Ahujus

730 2965 902 3030 cauete
948 2953 1311 3030 proferuntur.
1362 2955 1613 3030 §ynodus
1648 2959 2004 3030 Alemaggrina
2039 2953 2226 3030 Orige-

728 3019 1162 3098 nistas__tlam_uat,
1193 3042 1322 3098 quos
1361 3019 1677 3098 _1_‘he0philus
1709 3045 1772 3082 ea:
1795 3027 2028 3098 zEgypto
2050 3019 2230 3083 delim-

729 3088 837 3144 bat.
870 3091 957 3144 IV.
981 3088 1216 3160 quuuni
1249 3097 1312 3148 de
1350 3095 1429 3148 his
1475 3088 1951 3152 concertationibus
1998 3099 2226 3153 Post/m-

728 3160 894 3236 ιιιὶαηί
917 3163 1206 3236 judicium.
1261 3165 1325 3219 V.
1377 3164 1647 3234 Theophili
1687 3169 1883 3235 factum
1938 3171 2225 3236 approbant

729 3230 1063 3308 Anastasius,
1087 3233 1412 3308 Epiphanius
1473 3230 1526 3289 et
1557 3230 1930 3308 Hieronymus.
2083 3237 2226 3295 Utris

727 3301 846 3377 plus
880 3301 1230 3377 adhibendum
1276 3307 1329 3358 in
1368 3311 1464 3377 hac
1504 3308 1721 3360 historia
1756 3301 1882 3376 fidei
1907 3352 1920 3371 ,
1955 3307 2223 3377 Palladio,

729 3371 982 3447 Socrati,
1027 3373 1352 3447 So_s_omeno,
1397 3375 1621 3447 Georgio
1665 3371 2054 3440 Aleaandrino,
2099 3371 2228 3434 ano;

727 3456 884 3515 nyma
921 3441 1052 3497 Vitce
1083 3443 1434 3515 Chrysostomi
1462 3441 1724 3513 scriptori,
1761 3457 1812 3502 et
1853 3449 2084 3503 Simeoni
2117 3449 2229 3503 Me-

729 3514 1169 3588 taphrastte;_an
1197 3514 1523 3588 ’Epiphanio
1561 3529 1606 3570 et
1657 3518 1974 3588 Hieronymo
2024 3521 2228 3588 disquic

733 3583 888 3656 ritur.
916 3582 1026 3638 VII.
1061 3582 1338 3656 Theophili
1373 3588 1676 3655 synodicam
1714 3582 1986 3656 epistolam
2033 3601 2078 3642 et
2119 3582 2222 3644 Pan

729 3655 932 3729 schales
961 3655 1458 3729 quatuorconuertit
1491 3655 1863 3729 Hieronymus.
1906 3657 2037 3712 VIII.
2070 3659 2228 3725 Qum-

730 3725 865 3797 τέων
913 3727 1016 3778 utri
1079 3728 1226 3791 prius
1283 3725 1795 3797 Constantinopolim
1849 3729 2068 3797 profecti
2123 3732 2226 3784 sint

733 3792 1088 3869 Qrigenistw,
1114 3815 1182 3869 an
1228 3796 1496 3869 Theophili
1548 3792 1726 3869 legati.
1776 3792 1861 3852 IX'.
1903 3792 2228 3869 O'rigenistas

732 3863 1242 3939 benigneeazcipiunt
1290 3866 1523 3939 Joannes
1568 3863 1969 3939 Chrysastomus
2001 3863 2064 3923 ἐι
2123 3869 2231 3923 Eu-

731 3934 916 3987 doxia.
1051 3935 1332 4008 §3tnadum
1379 3937 1646 4008 iniicypro
1678 3934 1937 3993 adversus
1989 3939 2230 4008 Origeni-

731 4015 842 4080 stas
877 4006 1012 4080 cogit
1045 4004 1391 4080 Epiphanius.
1431 4004 1951 4076 XI."I'heophilenses
1989 4004 2145 4080 legati
2180 4022 2229 4063 et

733 4070 1043 4142 Qrigenistte
1066 4070 1204 4142 apud
1247 4076 1611 4142 imperatorem
1649 4070 1829 4132 mutuo
1876 4096 1931 4133 se
1956 4070 2226 4134 acc'usaut.

733 4140 847 4217 XIII
914 4140 1238 4212 Epiphanius
1276 4140 1812 4217 ‘ConstantinOpolim
1884 4150 2131 4217 appellit,
2181 4162 2228 4204 et

730 4209 1154 4282 Clzrysostomum
1179 4215 1313 4267 male
1353 4217 1521 4269 habet.
1571 4209 1704 4270 XIII.
1761 4209 2059 4272 Altercatur
2112 4209 2228 4273 cum

734 4281 1002 4356 Euftoaiia,
1043 4284 1227 4338 deinde
1277 4285 1507 4354 Cyprum
1559 4298 1786 4355 repetens
1821 4289 1931 4356 [ato
1975 4291 2226 4345 concedit.

731 4352 873 4428 XIV.
904 4353 1186 4428 Rei__g_estaz
1216 4352 1420 4428 sum—uia
1457 4352 1708 4422 repetitur
1739 4352 2064 4428 eat-Polybio
2105 4370 2227 4414 teste

733 4424 960 4479 oculata.
996 4423 1108 4478 XV.
1130 4426 1638 4494 Constantinopolim
1661 4428 1862 4482 advenit
1890 4423 2224 4496 Theophilus,

732 4503 780 4544 et
818 4496 1224 4549 conciliabulum
1251 4497 1380 4562 cogit
1405 4499 1471 4547 ad
1511 4496 1791 4561 Quercum.
1832 4497 1970 4552 XVI.
1997 4500 2229 4552 Accusa-

736 4574 822 4638 tur
845 4566 1262 4635 Chrysostomus.
1295 4564 1456 4618 XVII.
1484 4569 1733 4638 Actorum
1757 4571 2136 4638 pseudosynodi
2159 4571 2227 4623 ad

737 4633 996 4705 Quartum
1019 4638 1208 4689 habita:
1237 4637 1366 4704 ﬁdes
1403 4637 1728 4705 exploratur.
1757 4633 1951 4692 'XVIII.
1980 4633 2229 4694 'Crimine

735 4703 1360 4776 liberanturilVitrienses,
1393 4717 1438 4759 et
1465 4703 1520 4760 iu
1548 4710 1770 4776 gratiam
1797 4726 1914 4769 cum
1951 4709 2229 4776 Theophila

736 4775 1168 4849 redeuntuxm.
1202 4775 1596 4849 Exauctoratur
1618 4777 2056 4849 ‘th'ysostontus,
2087 4775 2134 4833 et
2173 4784 2228 4835 in

735 4843 921 4919 exsilio
956 4845 1093 4919 diem
1121 4847 1286 4898 multo
1324 4859 1432 4913 post
1465 4843 1841 4919 obitLXXfln
1873 4843 2229 4919 (Ihrysostomi

736 4915 967 4987 defuncti
985 4931 1200 4987 momen
1261 4927 1529 4987 grassatur
1573 4917 1908 4987 Theophilus,
1974 4915 2227 4974 fenitente

736 4984 945 5060 lsidoro
973 4984 1264 5060 Pelusiota.
1298 4983 1435 5040 XXI.
1451 4983 1875 5060 Chrysostamum
1898 4993 2227 5060 prosequitur

734 5054 977 5129 lgudibus
1033 5054 1282 5129 Syit‘esius
1307 5094 1322 5118 ,
1391 5054 1592 5129 probris
1615 5054 2022 5129 _Hieronymus.
2061 5054 2222 5129 XXII.

737 5123 1092 5196 Qi‘igenianos
1136 5126 1295 5177 libros
1345 5128 1541 5196 lectitat
1611 5123 1924 5196 Theophilus
1971 5147 1991 5183 :
2039 5125 2222 5185 XXIII.

735 5193 887 5246 Diem
913 5197 1108 5248 claudit
1156 5213 1174 5248 :
1207 5198 1432 5250 succedit
1454 5195 1714 5265 Cyrillus,
1750 5193 1800 5253 et
1837 5203 2080 5255 avunculi
2118 5205 2225 5256 ini-

735 5265 961 5338 micitias
1003 5269 1358 5339 persequitur,
1397 5272 1485 5318 sed
1529 5270 1594 5320 ab
1637 5267 1850 5339 Isidoro
1889 5272 2225 5339 reprehensus

738 5335 931 5409 factum
959 5348 1142 5409 mutat.
1164 5335 1648 5409 'Scrihitadversus
1668 5335 2226 5409 Origenem‘Hammon

738 5403 1254 5482 AdrianOpolitanus.
1531 5403 1783 5482 Joannis:
1805 5403 2232 5482 Jerosolymitani

735 5483 784 5526 et
823 5472 1133 5549 Hieronymi
1163 5478 1350 5549 obitus.
1389 5474 1537 5549 Mole
1557 5479 1703 5549 audit
1731 5478 1971 5549 Origenis
1995 5472 2234 5536 doctrina

734 5548 785 5597 iu
828 5542 1039 5620 Oriente
1063 5559 1120 5620 ει
1143 5547 1428 5620 Occidente
1459 5547 1666 5620 ερωςγ,
1699 5542 2029 5606 ευσείαηιρη
2064 5555 2238 5620 [auto-

736 5632 813 5672 res
857 5614 1004 5668 habet
1050 5613 1430 5684 Philastrium,
1483 5617 1891 5687 Theodoretum,
1944 5613 2236 5690 Socratem,

741 5791 783 5826 ³⁸⁸
817 5791 1029 5848 Denter.
1063 5809 1178 5859 xui,
1214 5797 1262 5858 I,
1297 5799 1348 5851 5.

2398 538 2444 582 et
2487 527 2838 600 Eutychetem.

2396 640 2437 695 1.
2473 642 2594 697 Haec
2625 641 2753 696 dum
2789 641 2840 695 in
2862 639 3154 696 Occidente
3180 648 3495 710 gererentur
3515 679 3529 702 ,
3555 639 3692 713 longe
3733 661 3822 717 gn.

2325 733 2462 789 viori
2500 735 2724 789 tumultu
2758 733 2994 790 Orientis
3039 733 3305 789 Ecclesiae
3347 732 3690 805 Origenismus
3727 756 3823 808 qua-

2332 826 2518 882 tiebat.
2569 825 2735 894 Cujus
2780 825 3142 880 intermissam
3184 825 3417 879 vitandae
3471 824 3737 882 confusioni
3771 831 3824 888 hi-

2327 919 2551 975 storiam
2586 927 2912 984 repetemus.
2952 918 3244 988 Postquam
3299 918 3532 974 Isidorus
3573 920 3680 987 ille,
3707 938 3822 992 quem

2327 1024 2358 1063 a
2386 1008 2685 1079 Theophila
2713 1011 2779 1064 ad
2801 1010 3063 1064 sedandas
3092 1008 3352 1064 Joannem
3382 1009 3518 1062 inter
3553 1019 3604 1065 et
3644 1011 3824 1082 Epipha-

2329 1102 2476 1156 nium
2513 1117 2576 1156 ac
2615 1100 2998 1172 Hieronymum
3037 1102 3434 1156 controversias
3464 1103 3747 1158 submissum
3771 1108 3825 1161 di-

2329 1195 2529 1261 ximus,
2557 1194 2938 1250 Alexandriam
2976 1210 3250 1266 regressus
3271 1205 3378 1259 est,
3414 1210 3597 1265 urgere
3613 1195 3826 1267 Theophi-

2329 1291 2436 1343 lum
2472 1303 2575 1342 non
2609 1286 2935 1342 destiterunt
2964 1286 3292 1358 Epiphanius
3325 1296 3381 1340 et
3404 1285 3756 1357 Hieronymus,
3785 1301 3825 1344 ut

2329 1397 2449 1437 cum
2489 1379 2808 1450 Origenistis
2839 1388 3010 1434 marte
3043 1388 3230 1449 aperto
3263 1379 3379 1447 ipse
3427 1393 3627 1447 quoque
3667 1381 3826 1449 pmlia-

2328 1479 2497 1526 retur.
2537 1470 2881 1526 Detrectabat
2905 1470 2995 1525 ille
3019 1483 3254 1540 pugnam
3276 1507 3294 1534 ,
3341 1478 3561 1538 rogante
3587 1473 3824 1539 praesertim

2330 1562 2650 1633 Epiphanio,
2681 1578 2808 1632 erga
2849 1577 3006 1631 quem
3060 1559 3709 1629 Anthropomorphitarum
3743 1560 3826 1615 bte-

2328 1669 2528 1710 reseos
2556 1655 2660 1710 sibi
2691 1664 3000 1724 suspectum
3043 1653 3182 1708 male
3221 1651 3448 1708 allectus
3475 1661 3603 1706 erat.
3629 1649 3727 1707 Mox
3753 1668 3824 1706 au-

2336 1756 2440 1800 tem
2473 1755 2533 1801 ut
2571 1747 2636 1801 ad
2659 1745 2915 1802 Ecclesia:
2945 1759 3162 1801 causam
3208 1744 3418 1812 privata
3449 1744 3563 1797 odia
3587 1757 3822 1808 accessere,

2331 1839 2509 1893 statim
2542 1839 2804 1894 adversus
2823 1838 3071 1908 Origenis
3099 1836 3338 1892 asseclas
3359 1834 3629 1890 classicum
3656 1836 3819 1890 cecinit.

2331 1928 2568 1984 Obscura
2594 1940 2743 1985 certe
2771 1939 2854 1985 est
2894 1939 2952 1999 ,et
3003 1930 3274 1999 implicata
3328 1937 3617 1997 temporum
3659 1925 3820 1980 illorum

2332 2021 2590 2087 historia,
2619 2037 2891 2092 quamque
2936 2021 3148 2076 nonnisi
3193 2036 3222 2075 a
3255 2019 3524 2084 Palladio,
3576 2017 3757 2072 Socrate
3784 2023 3824 2070 et

2332 2116 2655 2179 Sozomeno,
2687 2116 2864 2168 aetatis
2893 2114 3050 2182 hujus
3075 2112 3338 2183 proximis
3374 2121 3549 2181 petere
3581 2122 3822 2178 possumus,

2331 2207 2579 2278 quamvis
2613 2207 2808 2277 prioris
2838 2206 3218 2262 auctoritatem
3241 2202 3498 2260 minuerit
3537 2209 3723 2271 apertus
3739 2198 3824 2254 Ori-

2330 2299 2556 2371 genismi
2597 2312 2766 2363 amor,
2803 2298 2938 2352 alios
2959 2297 3186 2352 aliarum
3214 2297 3491 2351 haereseon
3517 2291 3723 2347 studium
3743 2305 3824 2344 me-

2331 2391 2430 2446 rita
2465 2405 2602 2461 pene
2633 2390 3031 2447 existimatione
3088 2388 3370 2447 iraudarit.
3407 2385 3514 2440 Cur
3554 2385 3706 2453 itaque
3735 2382 3823 2438 Ori-

2330 2485 2565 2556 genistes
2588 2485 2949 2539 insectaretur
2971 2482 3307 2551 Theophilus
3330 2494 3536 2534 causam
3558 2481 3680 2532 hanc
3700 2476 3821 2530 fuisse

2333 2576 2497 2632 tradit
2522 2576 2798 2632 Socrates.
2871 2575 3165 2643 Quaesitum
3220 2574 3277 2628 in
3305 2571 3532 2642 .lEgypto
3570 2585 3661 2626 non
3696 2567 3820 2622 multo

2329 2681 2454 2727 ante
2489 2671 2689 2737 fuerat,
2734 2671 2946 2726 Deusne
2996 2683 3296 2738 corporeus
3325 2673 3501 2730 esset,
3525 2673 3573 2718 et
3593 2665 3820 2718 humanam

2329 2761 2555 2818 formam
2584 2775 2776 2832 gerens
2797 2801 2814 2824 ,
2844 2775 2912 2814 an
2947 2759 3162 2828 penitus
3202 2759 3566 2827 incorporeus.
3604 2752 3742 2814 Multi,
3776 2763 3822 2804 ac

2329 2851 2684 2920 simpliciores
2712 2850 3010 2919 praesertim
3041 2848 3321 2912 monachi,
3344 2847 3501 2901 Deum
3531 2845 3724 2898 humano
3753 2840 3824 2893 ha-

2330 2941 2443 2996 bitu
2465 2940 2746 3010 praeditum
2787 2941 3094 3010 ﬁngebant,
3143 2938 3287 2993 unde
3319 2930 3821 3004 Authropomorphiue,

2331 3034 2444 3089 sive
2470 3042 2528 3088 ut
2553 3034 2787 3103 loquitur
2811 3030 3142 3102 Epiphanius
3189 3028 3546 3084 Scholasticus
3572 3025 3616 3078 in
3655 3021 3822 3104 Tripar-

2253 3148 2296 3208 C
2330 3127 2427 3179 tita
2479 3123 2753 3189 Historia,
2797 3123 2890 3178 lib.
2935 3139 2990 3189 ι,
3037 3137 3157 3190 cap.
3193 3121 3248 3185 7,
3293 3138 3312 3172 ι
3361 3110 3773 3172 Humaniformiani
3800 3127 3816 3160 ι

2328 3219 2458 3274 dicti
2489 3229 2644 3282 sunt;
2707 3217 2886 3288 plures
2934 3215 3274 3272 contrariam
3338 3213 3626 3268 sententiam
3663 3217 3821 3274 seque-

2329 3311 2543 3366 bantur.
2571 3308 2678 3364 Hos
2707 3309 2849 3363 inter
2877 3316 2997 3362 erat
3025 3304 3383 3374 Theophilus,
3408 3304 3495 3374 qui
3535 3315 3634 3356 cum
3656 3295 3820 3366 opinio-

2260 1807 2303 1865 Β

2329 3418 2450 3457 nem
2481 3418 2631 3459 suam
2661 3402 2714 3456 in
2742 3399 2964 3470 epistola
2996 3399 3225 3469 quadam
3289 3395 3522 3453 Paschali
3543 3434 3556 3457 ,
3589 3385 3822 3458 cujusmodi

2329 3495 2608 3566 epistolam
2638 3495 2702 3548 de
2730 3507 2877 3548 more
2903 3489 3192 3562 quotannis
3217 3488 3508 3550 scribebat,
3541 3479 3817 3553 prodidisset.

2327 3603 2499 3658 eaque
2525 3586 2593 3641 ad
2638 3585 2925 3657 Egyptios
2960 3591 3173 3638 ascetas
3205 3581 3400 3637 fuisset
3445 3577 3646 3649 perlata,
3674 3573 3731 3625 ita
3752 3584 3820 3622 ex-

2328 3681 2664 3736 cauduerunt
2691 3677 2788 3744 illi,
2835 3687 2895 3731 ut
2932 3674 3292 3743 Theophilum
3327 3674 3395 3728 ab
3425 3667 3638 3725 Ecclesia
3678 3658 3818 3728 expel-

2330 3772 2542 3826 lendum
2617 3779 2922 3826 censerent.
2999 3769 3250 3824 Sectinos
3333 3764 3602 3820 monachos
3653 3755 3820 3824 reliquis

2329 3865 2618 3918 sanctitate
2643 3860 3048 3932 praestautiores
3077 3870 3133 3914 et
3155 3859 3401 3913 doctrina
3426 3857 3554 3911 hanc
3574 3848 3819 3920 repudiasse

2328 3969 2514 4010 omnes
2544 3953 2847 4023 epistolam,
2880 3962 3076 4026 praeter
3101 3953 3324 4008 unicum
3361 3952 3589 4005 abbatem
3623 3941 3821 4009 Paphnu-

2331 4049 2462 4102 tium
2483 4087 2498 4113 ,
2531 4047 2722 4103 litteris
2773 4047 2992 4101 tradidit
3023 4045 3317 4101 Cassianus
3361 4042 3526 4098 collat.
3559 4037 3626 4102 I0,
3652 4031 3819 4129 capi.

2331 4139 2396 4192 Et
2436 4137 2659 4206 reliquis
2714 4151 2843 4192 vero
2893 4151 2990 4206 per
3033 4133 3329 4204 Egyptum
3376 4131 3562 4203 sparsis
3598 4119 3820 4180 monachis

2332 4229 2544 4300 plurimi
2575 4245 2736 4285 manu
2794 4231 2935 4283 facta
2975 4229 3228 4282 advolant
3281 4221 3735 4280 Alexandriam,et
3777 4210 3822 4265 de

2333 4323 2705 4378 interﬁciendo
2731 4321 3029 4392 Theophila
3079 4321 3337 4390 cogitant.
3403 4317 3488 4372 Ille
3525 4310 3715 4368 stolidos
3752 4305 3821 4358 ho-

2335 4416 2506 4471 mines
2538 4425 2656 4470 astu
2685 4416 2964 4478 tractavit,
2994 4424 3047 4470 et
3079 4415 3390 4484 ingrt‘tentes
3432 4402 3821 4478 compescuitam-

2260 4490 2306 4546 Ῐ)
2334 4507 2492 4577 biguo
2523 4508 2625 4561 hoc
2645 4507 2828 4562 dicto:
2875 4526 2894 4559 ι
2932 4507 3023 4562 Sic
3062 4522 3161 4578 ego
3193 4523 3286 4562 vos
3333 4506 3458 4569 vidi,
3491 4501 3627 4571 quasi
3676 4494 3818 4550 faciem

2333 4598 2460 4665 Dei,
2496 4616 2517 4651 ι
2554 4615 2662 4668 quo
2690 4599 2962 4668 quondam
2991 4598 3157 4655 Jacob
3185 4599 3325 4653 Esau
3367 4597 3572 4650 fratrem
3602 4602 3730 4646 suum
3750 4584 3817 4683 de:

2333 4689 2525 4756 liuivit,
2552 4699 2610 4743 ut
2636 4701 2717 4745 est
2744 4690 2882 4745 Gen.
2921 4707 3120 4758 xum,
3155 4690 3241 4744 10.
3276 4687 3472 4744 Placati
3506 4685 3571 4737 illi
3610 4691 3743 4735 unum
3779 4670 3814 4724 id

2335 4793 2603 4851 praeterea
2641 4783 2956 4854 postulant,
2995 4793 3052 4838 ut
3098 4784 3377 4838 damnaret
3426 4776 3649 4847 Origt-uis
3683 4768 3812 4869 “litos.

2331 4874 2558 4943 'quorum
2591 4874 2827 4928 nonnulli
2856 4873 3018 4944 ajDeo
3051 4888 3248 4941 corpus
3275 4870 3635 4940 abjudicabant
3665 4879 3676 4914 :
3705 4856 3811 4953 «Ειςίξ

2336 4979 2486 5031 vero,
2520 4965 2716 5035 inquit,
2759 4967 3000 5021 hominis
3051 4968 3208 5022 istius
3237 4962 3649 5021 lucubrationes,
3675 4961 3719 5008 el
3753 4960 3810 5014 qm

2331 5072 2424 5115 eas
2484 5061 2748 5129 probant,
2781 5073 3020 5115 aversor.
3056 5078 3072 5111 ι
3123 5061 3299 5130 Atque
3360 5059 3459 5113 hoc
3502 5054 3597 5107 line
3642 5044 3812 5102 stetisset

2331 5151 2697 5208 controversia
2723 5193 2739 5220 ,
2800 5152 2904 5208 nisi
2969 5153 3150 5208 statim
3207 5167 3343 5208 nova
3383 5151 3460 5220 {de
3503 5158 3651 5202 causa
3679 5147 3809 5194 recru-

2329 5243 2554 5302 duisset.

2403 5355 2676 5413 Pracerant
2732 5356 3068 5428 Egyptiacis
3117 5358 3453 5414 monasteriis
3509 5351 3600 5407 viri
3638 5349 3808 5414 quam0r

2338 5446 2538 5514 pietate
2583 5448 2807 5513 nobiles.
2837 5449 3146 5514 Dioscorus,
3171 5448 3504 5509 Ammonius,
3530 5433 3810 5534 Eusebius?I

2339 5538 2676 5608 Euthymius,
2701 5544 2946 5611 germani
2976 5543 3175 5600 fratres
3195 5583 3211 5608 ,
3240 5550 3441 5597 statura
3467 5530 3677 5606 proceri,
3707 5521 3808 5576 ideo-

2342 5642 2444 5699 que
2498 5627 2661 5700 Longi
2711 5634 3074 5703 cognominati
3136 5649 3150 5688 :
3207 5630 3340 5702 quod
3388 5627 3536 5684 etiam
3580 5620 3807 5690 cognomen
