4068 6308
366 296 498 351 1141

1201 296 1765 361 ORIGENIANORUM
1804 302 1928 359 LIB.
1971 304 2218 371 ll,.CAP.
2262 302 2350 366 IV,
2394 302 2587 359 SECT.
2628 302 2689 358 ll.

3459 306 3601 363 “42

362 419 616 475 habuisse
663 419 904 491 ipsorum
957 420 1276 491 partiarium
1345 422 1606 478 lsidorum
1656 424 1929 494 conjicere
1956 431 2003 485 Α
2032 426 2313 496 dogmatis,
2337 427 2475 496 quod
2509 426 2674 481 Deum
2706 426 3081 498 incorporeum
3111 427 3317 493 statuit,
3345 430 3593 500 quodque

360 509 484 563 licet
521 526 584 565 ex
631 509 734 566 isto
787 510 1093 582 llieronymi
1141 510 1309 579 Epist.
1345 509 1433 576 61,
1480 512 1545 566 ad
1596 511 1929 577 Pammach.,

360 613 480 667 cap.
527 600 616 665 15,
652 618 670 651 ι
710 600 773 653 Ει
815 609 992 653 tamen
1026 600 1127 653 iste
1158 598 1519 670 Hieronymus
1542 615 1665 655 cum
1690 614 1930 669 paunosa

362 692 519 744 turba
548 700 604 745 et
641 691 932 746 sordidatis
967 690 1253 759 gregibus,
1286 694 1411 759 quid
1456 691 1661 746 Isidoro
1693 692 1769 745 illi
1825 691 1928 745 ful-

359 784 543 839 ntineo
574 800 736 840 ausus
767 795 852 840 est
885 785 1250 853 respondere?
1295 786 1364 839 At
1411 799 1477 838 ne
1510 784 1648 839 forte
1690 783 1780 838 ille
1822 799 1927 839 nou

358 876 628 944 crederet,
660 888 714 931 et
739 878 1193 949 opprimereteos
1218 880 1503 947 praesentia
1532 887 1587 932 et
1630 879 1773 935 mole
1805 894 1927 935 cor-

358 972 506 1038 poris
530 973 633 1035 sui,
666 992 685 1023 ι
718 981 821 1027 etc.
844 971 978 1027 Cum
1004 971 1201 1029 fratres
1232 972 1350 1027 illos
1374 974 1668 1041 percharos
1699 974 1923 1029 haberet

359 1062 724 1133 Theophilus,
804 1064 1120 1121 Dioscorum
1200 1064 1584 1135 HermOpoleos
1647 1066 1928 1121 constituit

357 1155 701 1225 episcopum;
748 1155 885 1210 duos
917 1166 1096 1211 autem
1148 1156 1346 1211 invitos
1393 1156 1531 1226 apud
1570 1172 1629 1212 se
1672 1157 1922 1211 detinuit.

357 1249 531 1316 Atque
563 1247 701 1302 hanc
723 1249 939 1317 quidem
972 1249 1162 1313 vitam,
1196 1248 1464 1305 desiderio
1505 1248 1631 1305 licet
1662 1253 1923 1308 monasti-

357 1354 435 1393 ca:
468 1339 591 1393 vitae
642 1339 1004 1404 tabescentes,
1058 1338 1383 1405 tolerabant,
1422 1342 1598 1409 quoad
1646 1354 1924 1412 perspecta

352 1432 589 1500 episcopi
622 1431 871 1493 avaritia,
904 1431 1175 1486 hominem
1200 1431 1375 1496 exosi,
1410 1447 1624 1488 rursum
1652 1434 1705 1488 in
1736 1434 1923 1488 solitu-

352 1522 531 1576 dinem
568 1531 687 1591 post
732 1521 1024 1576 triennium
1061 1532 1424 1576 secesserunt.
1457 1522 1632 1579 Causa
1678 1539 1925 1581 secessus

349 1614 587 1684 cognita,
622 1613 853 1683 pessima
887 1626 1113 1683 quaeque
1136 1615 1372 1670 minatus
1400 1624 1483 1671 est
1517 1615 1622 1671 illis
1653 1616 1924 1687 Theophi-

351 1705 456 1770 lus,
506 1707 791 1775 ipsumque
847 1706 1165 1761 Dioscorum
1204 1706 1443 1762 invisum
1512 1707 1720 1763 habuit.
1787 1710 1920 1765 Cum

348 1814 481 1869 ergo
521 1797 1088 1866 Anthropomorphitis
1134 1796 1375 1873 infensos
1426 1800 1572 1870 ipsos
1601 1816 1668 1855 ex
1722 1801 1919 1856 mutuis

347 1888 728 1959 congressibus
779 1889 1114 1959 agnovisset;
1163 1891 1303 1960 apud
1350 1890 1625 1961 simplices
1659 1893 1919 1961 quosdam

348 1993 404 2038 et
432 1984 673 2037 indoctos
703 1983 1018 2047 monachos,
1045 1998 1180 2051 quos
1211 1983 1481 2039 bzereseos
1528 1983 1689 2052 hujus
1734 1984 1920 2041 amnes

346 2088 469 2128 esse
529 2073 765 2139 sciebat,
810 2074 1425 2143 Anthropumorphitam
1500 2089 1559 2131 se
1622 2076 1917 2145 professus,

349 2166 661 2221 Dioscorum
702 2182 823 2221 cum
870 2165 1130 2221 fratribus
1182 2168 1235 2220 in
1296 2168 1568 2223 contraria
1615 2183 1736 2223 esse
1773 2177 1920 2224 secta

348 2261 588 2326 monuit,
623 2270 677 2313 et
723 2274 917 2329 corpus
972 2261 1080 2315 Deo
1111 2259 1417 2325 detrahere,
1472 2261 1756 2331 Origenem
1794 2278 1919 2316 sen-

347 2351 528 2406 tentia:
578 2352 733 2420 hujus
786 2362 1072 2422 patronum
1139 2362 1378 2408 secutos.
1428 2351 1484 2406 In
1547 2351 1790 2407 fraudem
1838 2353 1921 2408 bis

344 2445 690 2499 sermonibus
723 2444 887 2500 illecti
910 2446 1032 2500 boni
1082 2445 1330 2499 homines
1353 2445 1697 2507 Dioscorum,
1725 2444 1920 2513 ipsius-

344 2550 449 2605 que
486 2536 721 2592 asseclas
748 2537 1098 2591 vehementer
1128 2537 1396 2604 aversati,
1437 2537 1706 2594 invidioso
1734 2539 1913 2611 Orige

344 2629 609 2683 nistarum
672 2628 888 2683 nomine
933 2628 1264 2683 infamantes
1313 2629 1674 2683 traduxerunt
1727 2648 1742 2684 :
1796 2646 1918 2686 cum

344 2734 441 2776 eos
496 2720 808 2775 econtrario
855 2721 1193 2787 adversarii,
1230 2722 1516 2790 pauciores
1553 2721 1773 2792 quidem
1821 2740 1912 2778 nu-

342 2825 517 2874 mero,
552 2812 643 2865 sed
680 2810 920 2865 doctrina
950 2819 1003 2864 et
1027 2826 1125 2865 usu
1148 2824 1327 2863 rerum
1356 2810 1660 2879 peritiores,
1690 2812 1918 2867 Anthro—

340 2900 715 2971 pomorphitas
752 2899 1107 2968 appellarent.
1151 2898 1226 2953 Ita
1280 2899 1635 2956 seditionibus
1683 2903 1821 2955 inter
1860 2917 1921 2957 se

341 2993 525 3062 agitati
553 2990 1018 3047 conflictabantur.
1052 2992 1123 3045 At
1144 2991 1476 3061 Theophilus
1504 2992 1749 3061 privatas
1777 2994 1919 3065 inju-

342 3082 454 3137 rias
485 3097 846 3152 persequens,
877 3080 1307 3151 Origenistarum
1349 3082 1611 3137 tumultus
1652 3083 1914 3153 obtendit,
1942 3118 1985 3177 ϐ

340 3182 397 3227 et
421 3172 605 3227 Nitriae
628 3182 889 3242 occupato
916 3179 1097 3225 monte
1119 3209 1134 3235 ,
1181 3170 1754 3240 Anthropomorphitis
1794 3188 1914 3228 mo-

340 3264 532 3319 nachis
575 3279 724 3317 arma
765 3262 1176 3328 subministrat,
1226 3261 1465 3316 Dioscori
1530 3264 1914 3318 monasterium

341 3356 611 3419 incendit;
647 3357 740 3426 qui
785 3370 908 3409 cum
954 3352 1210 3408 fratribus
1243 3353 1460 3408 abditus
1497 3354 1673 3423 puteis
1706 3353 1795 3408 vix
1834 3354 1917 3410 in-

340 3450 557 3522 gruenti
584 3449 722 3504 cladi
751 3462 810 3503 se
848 3446 1124 3503 subduxit.

412 3540 663 3611 Polybius
705 3538 1203 3594 Rhinocorurorum
1254 3541 1570 3610 episcopus,
1615 3538 1900 3610 Epiphauii

340 3633 658 3702 discipulus,
709 3632 984 3703 ipsiusque
1013 3634 1139 3687 vitae
1191 3632 1444 3701 scriptor,
1497 3640 1609 3687 tres
1652 3633 1920 3688 duntaxat

342 3737 592 3782 numerat
642 3724 855 3795 Longos
914 3724 1149 3789 fratres,
1197 3723 1546 3779 Heracleonis
1606 3724 1778 3792 filios,
1823 3727 1915 3795 qui

340 3818 682 3873 Alexandriae.
745 3832 870 3872 cum
935 3817 1163 3885 imperio
1226 3817 1560 3887 praefuerat,
1616 3818 1916 3889 Theophilo

341 3911 579 3966 amicitia
624 3910 976 3980 coniunctos,
1020 3910 1087 3964 ab
1121 3923 1293 3979 eoque
1328 3909 1384 3962 in
1432 3910 1619 3963 urbem
1659 3922 1691 3962 e
1727 3924 1916 3964 mona-

342 4007 525 4063 steriis
555 4019 649 4075 per
685 4003 924 4058 fraudem
958 4004 1240 4067 deductos,
1276 4001 1537 4071 majorem
1570 4011 1813 4058 creatum
1841 4002 1918 4056 ait

342 4100 678 4169 episcopum,
708 4097 843 4152 alios
876 4098 1152 4160 diaconos,
1180 4107 1236 4151 et
1273 4097 1533 4151 Ecclesize
1580 4110 1913 4152 meonomos.

344 4193 542 4247 Narrat
586 4191 777 4247 deinde
805 4192 909 4245 hoc
955 4204 1177 4245 munere
1220 4203 1315 4258 per
1345 4189 1634 4243 triennium
1674 4188 1911 4254 functos,

344 4289 609 4342 renitente
639 4284 933 4353 Theophila
973 4283 1027 4337 in
1080 4283 1362 4352 pristinam
1409 4282 1753 4337 solitudinem
1783 4296 1917 4336 con-

342 4381 607 4445 cessisse;
664 4392 806 4449 aegre
860 4376 912 4430 id
975 4375 1159 4431 tulisse
1209 4374 1603 4444 Theophilum,
1656 4376 1913 4445 ipsosque

2034 518 2146 585 ipse
2169 528 2324 573 antea
2363 527 2813 589 pr0pugnaverat,
2845 528 2899 574 et
2932 519 3106 574 adhuc
3135 520 3299 575 etiam
3342 535 3437 588 pro
3462 537 3591 575 vero

2032 608 2281 675 habebat,
2304 624 2500 665 vexare
2529 610 2685 679 hujus
2710 610 2963 665 doctrina:
2986 611 3156 681 gratia
3182 627 3463 682 aggressus
3483 623 3589 674 est,

2030 700 2125 755 sed
2158 700 2285 770 ipsis
2320 699 2577 755 famosam
2602 700 3024 769 Origenistarum
3051 702 3471 770 appellationem
3504 703 3588 755 vir

2029 801 2220 846 acutus
2253 790 2476 859 aﬂinxit,
2506 808 2612 863 quo
2644 793 2965 864 Origenismi
2998 792 3335 849 adversarios
3362 795 3458 848 sibi
3500 795 3595 848 de-

2031 893 2350 948 mereretur,
2393 894 2447 938 et
2501 886 2783 941 adversum
2843 884 2963 939 illos
3014 887 3331 941 concitaret.
3379 886 3442 940 Et
3489 885 3589 939 levi

2030 988 2161 1029 sane
2193 987 2510 1044 argumento
2559 976 2863 1045 impositam
2898 976 3002 1031 illis
3029 974 3355 1047 Origenismi
3386 976 3591 1030 calum-

2028 1065 2170 1119 niam
2198 1066 2529 1134 approbavit,
2553 1050 2618 1120 eo
2639 1065 2841 1119 scilicet
2862 1067 3001 1133 quod
3025 1066 3302 1122 sententize
3324 1065 3482 1134 hujus
3506 1079 3591 1118 as-

2025 1163 2201 1210 sertor
2225 1167 2367 1211 esset
2393 1154 2672 1227 Origenes,
2696 1172 2817 1226 quae.
2844 1173 3156 1226 corpoream
3189 1174 3218 1211 a
3249 1159 3356 1213 Deo
3394 1158 3588 1214 molem

2026 1257 2290 1318 segregat.
2345 1250 2517 1318 Atque
2562 1263 2626 1304 eo
2661 1248 2869 1304 facilius
2920 1251 2970 1303 id
3013 1249 3296 1320 persuasit,
3342 1238 3483 1317 quod
3525 1251 3591 1302 ad

2025 1353 2140 1405 eos,
2187 1341 2261 1395 uti
2301 1355 2422 1395 mox
2459 1342 2717 1406 dicemus,
2759 1342 3087 1411 confugisset
3133 1342 3394 1407 Isidorus,
3428 1355 3587 1410 quem

2023 1432 2346 1486 acerrimum
2400 1434 2659 1489 doctrina:
2706 1433 2864 1502 hujus
2926 1446 3211 1504 patronum
3276 1434 3441 1489 fuisse
3477 1433 3590 1503 jam

2022 1538 2184 1593 supra
2231 1526 2583 1581 ostendimus.
2630 1525 2954 1597 Origenismi
3000 1524 3143 1597 ergo
3171 1541 3389 1581 causam
3433 1535 3584 1596 post—

2024 1632 2183 1687 quam
2229 1619 2393 1674 semel
2450 1620 2676 1675 obduxit
2731 1620 3021 1675 iracundia:
3068 1636 3209 1686 suae,
3255 1617 3589 1689 Origenistas

2023 1722 2212 1763 omnes
2255 1709 2504 1764 insectari
2545 1724 2822 1765 necessum
2854 1710 3077 1765 habuit:
3111 1710 3463 1779 quamobrem
3505 1724 3591 1763 re~

2023 1797 2160 1852 ferta
2187 1798 2289 1852 hoc
2318 1798 2593 1853 hominum
2620 1814 2815 1868 genere
2841 1798 3024 1855 Nitriae
3050 1799 3312 1854 asceteria
3343 1813 3591 1869 perscru-

2024 1897 2212 1954 tatum,
2238 1905 2342 1945 una
2383 1905 2505 1945 cum
2552 1890 2808 1945 Dioscoro
2845 1890 3177 1964 Origenistas
3214 1905 3402 1946 omnes
3446 1890 3591 1945 illinc

2023 1978 2337 2034 exturbasse
2364 1978 2652 2034 verisimile
2679 1989 2782 2034 est.

2091 2071 2180 2126 Ill.
2213 2070 2463 2137 Scelinis,
2508 2088 2602 2127 seu
2635 2070 2991 2127 Nitriensibus
3037 2074 3317 2130 monachis
3364 2071 3597 2138 (utrovis

2020 2166 2165 2221 enim
2202 2166 2359 2222 modo
2389 2165 2471 2220 vel
2515 2183 2545 2222 a
2574 2164 2743 2221 Nitria
2778 2175 2973 2230 monte,
3008 2167 3147 2222 vela
3183 2166 3330 2224 Sceti
3372 2170 3590 2239 regiun-

2022 2259 2144 2314 cula
2180 2260 2286 2314 dici
2323 2259 2565 2331 possunt)
2601 2260 2702 2315 alia
2740 2261 2899 2315 etiam
2942 2275 3100 2314 causa
3149 2259 3430 2329 Theophili
3459 2276 3590 2315 cou-

2020 2352 2255 2407 sciverat
2281 2352 2483 2407 odium.
2512 2352 2666 2408 Hunc
2695 2355 2832 2409 inter
2873 2362 2926 2409 et
2958 2352 3175 2407 Petrum
3217 2352 3591 2406 Alexandrinae

2022 2443 2281 2499 Ecclesiae
2314 2444 2839 2515 archipresbyterum
2886 2444 3132 2499 simultas
3185 2443 3589 2497 intercesserat.

2020 2532 2157 2588 Hinc
2204 2532 2438 2590 infensus
2488 2532 2646 2589 Petro
2685 2534 3014 2605 Theophilus
3076 2533 3362 2589 admissam
3410 2533 3477 2587 ab
3522 2547 3592 2586 eo

2020 2633 2245 2694 questus
2285 2634 2367 2680 est
2402 2626 2468 2680 ad
2500 2626 2878 2696 mysteriorum
2922 2625 3357 2680 communionem
3397 2621 3589 2676 mulie-

2018 2729 2133 2770 rem
2160 2717 2447 2785 quamdam
2492 2715 2784 2771 Manichaaa
2831 2715 2917 2770 lue
2956 2714 3235 2779 infectam,
3270 2714 3588 2781 priusquam

2019 2804 2264 2858 nuntium
2303 2804 2497 2861 haeresi
2538 2804 2848 2859 remisisset.
2890 2803 3109 2857 Factum
3152 2801 3318 2853 fuisse
3350 2800 3399 2851 id
3435 2798 3588 2865 juxta

2018 2893 2275 2950 Ecclesia:
2310 2895 2771 2959 consuetudinem,
2793 2904 2847 2949 et
2879 2908 2945 2946 ex
2968 2889 3250 2959 Theophili
3293 2887 3585 2948 sententia,

2018 2985 2212 3044 Petrus
2241 2989 2535 3057 respondit,
2560 2997 2614 3042 et
2644 2986 2952 3042 testimonio
2998 2981 3338 3038 conlirmavit
3369 2978 3553 3033 lsidori
3573 3018 3588 3039 ,

2020 3098 2182 3155 supra
2220 3099 2249 3137 a
2281 3083 2434 3137 nobis
2470 3080 2774 3142 memorati,
2816 3079 2914 3131 viri
2947 3076 3148 3148 gravis,
3185 3085 3240 3129 et
3272 3088 3430 3143 quem
3473 3080 3593 3141 post

2020 3174 2256 3230 Nectarii
2315 3174 2520 3227 obitum
2570 3171 2632 3228 ad
2683 3167 3334 3235 Constantinopolitanam
3403 3164 3586 3217 sedem

2019 3267 2250 3324 evehere
2280 3265 2607 3334 Theophilus
2634 3263 2932 3318 studuerat.
2963 3261 3057 3314 Hic
3091 3259 3327 3328 graviter
3360 3272 3588 3311 succeno

2020 3375 2145 3416 sens
2191 3369 2483 3428 utrumque
2518 3356 2754 3410 Ecclesia
2796 3353 3017 3423 expulit.
3056 3351 3188 3408 Rem
3233 3352 3303 3404 ita
3347 3366 3377 3403 a
3412 3349 3591 3403 multis

2020 3454 2230 3508 narrari
2282 3451 2448 3507 refert
2497 3450 2830 3504 Sozomenus
2872 3464 2886 3500 :
2936 3455 2992 3498 at
3035 3444 3193 3498 aliter
3229 3458 3257 3494 a
3302 3443 3420 3495 viro
3469 3456 3592 3493 cum

2020 3546 2298 3604 monachis
2339 3543 2445 3599 illis
2486 3540 2795 3597 conversari
2835 3537 2993 3593 solito
3024 3537 3299 3604 accepisse
3339 3550 3396 3588 se
3428 3533 3591 3595 dicit;

2019 3642 2154 3696 duas
2199 3652 2391 3707 nempe
2434 3650 2630 3691 causas
2676 3632 2931 3687 habuisse
2968 3628 3325 3695 Theophilum
3359 3642 3455 3679 cur
3492 3624 3592 3679 lsi—

2020 3734 2210 3790 dorum
2244 3733 2627 3791 insectaretur,
2654 3726 2815 3782 aliam
2842 3723 3047 3780 Isidoro
3078 3732 3133 3776 et
3160 3720 3320 3775 Petro
3348 3734 3592 3773 commu-

2018 3839 2164 3890 nem,
2190 3822 2331 3901 quod
2356 3819 2633 3877 testiﬁcari
2662 3824 3006 3873 recusassent
3029 3813 3312 3883 Theophili
3348 3826 3590 3866 sororem

2019 3918 2286 3972 heredem
2316 3914 2482 3969 fuisse
2499 3912 2790 3981 scriptam;
2818 3909 2975 3963 aliam
3005 3906 3212 3965 Isidoro
3236 3905 3588 3973 peculiarem,

2018 4010 2162 4078 quod
2189 4023 2310 4063 cum
2338 4021 2630 4077 pauperum
2662 4011 2873 4075 gereret
2902 4015 3109 4064 curam,
3136 4006 3388 4069 erogatas
3415 3998 3466 4051 in
3497 4012 3595 4051 eos

2018 4104 2275 4173 pecunias
2296 4099 2597 4169 Theophilo
2623 4098 2677 4151 iu
2705 4094 3047 4151 exstruendis
3070 4091 3281 4161 templis
3306 4091 3594 4147 absumere

2020 4194 2216 4250 volenti
2251 4194 2381 4248 dare
2413 4190 2695 4245 renuisset.
2724 4186 2913 4242 Simile
2941 4187 3070 4256 quid
3101 4186 3265 4240 habet
3296 4184 3589 4246 Palladius,

2018 4305 2112 4346 seu
2145 4287 2390 4358 quisquis
2421 4284 2651 4354 scriptor
2678 4290 2763 4337 est
2788 4282 2910 4335 vita:
2939 4277 3335 4348 Chrysostomi,
3374 4291 3495 4329 nam
3527 4276 3595 4329 de

2019 4391 2245 4438 auctore
2271 4396 2377 4435 non
2420 4385 2637 4433 constat
2663 4374 2801 4442 apud
2828 4386 3047 4436 omnes;
3084 4372 3172 4439 qui
3207 4379 3263 4423 et
3291 4368 3395 4422 alia
3428 4369 3592 4421 nmlta

344 4474 723 4530 communione
764 4470 1041 4541 privasse;
1079 4471 1145 4523 ad
1176 4485 1338 4539 quam
1370 4484 1491 4524 cum
1544 4483 1665 4523 sese
1697 4467 1912 4523 admitti
1943 4469 1994 4529 Β
2019 4467 2296 4537 congerit,
2340 4477 2459 4532 qua:
2502 4462 2569 4515 ab
2613 4459 2733 4516 aliis
2788 4456 3061 4528 praeterita
3109 4471 3153 4507 a.
3184 4454 3339 4508 nobis
3382 4467 3594 4521 quoque

342 4566 545 4625 frustra
595 4574 885 4635 rogarent,
929 4562 1369 4635 Chrysostomum
1428 4561 1804 4631 iuterpellasse
1849 4574 1915 4615 ea

342 4663 448 4717 sibi
489 4670 549 4715 ut
603 4660 1021 4722 restitueretur;
1073 4656 1371 4723 postulasse
1421 4656 1473 4708 id
1540 4670 1569 4708 a
1616 4653 1917 4725 Theophilo

344 4755 827 4823 Chrysostomum,
872 4764 973 4805 nec
1024 4750 1377 4819 impetrasse,
1444 4761 1645 4815 eosque
1701 4746 1915 4799 tandem

346 4845 626 4915 Theophili
683 4858 910 4899 censura
963 4841 1224 4896 liberasse
1270 4860 1284 4895 :
1334 4841 1461 4895 hinc
1526 4848 1712 4895 exorta
1774 4840 1918 4894 inter

348 4949 638 5006 utrumque
672 4936 917 4992 dissidia.

417 5031 481 5083 ll.
509 5030 675 5099 Igitur
701 5029 768 5083 ad
800 5030 1105 5101 graviorem
1130 5030 1409 5095 Dioscoro,
1449 5027 1726 5096 ipsiusque
1755 5025 1919 5082 sociis

348 5123 683 5177 conﬂandam
721 5122 997 5185 invidiam,
1026 5124 1284 5191 singulari
1319 5123 1555 5176 versutia
1583 5120 1919 5191 Theophilus

346 5212 777 5283 Origenistarum
835 5230 1051 5269 causam
1102 5230 1223 5268 cum
1274 5215 1513 5283 ipsorum
1581 5229 1740 5269 causa
1784 5230 1918 5269 eon-

345 5306 540 5375 iunxit.
566 5305 700 5386 Eum
734 5306 877 5360 enim
901 5304 1011 5372 jam
1048 5305 1203 5375 vulgo
1242 5305 1382 5359 male
1407 5306 1592 5359 audire
1624 5316 1921 5361 sectatores

347 5398 599 5470 Origenis
644 5399 1005 5468 intelligeret,
1055 5397 1714 5467 clarissimosque-partis
1775 5397 1918 5451 illius

350 5501 738 5547 consectaneus
780 5508 807 5544 a
860 5490 1223 5546 Nitriensibus
1269 5491 1547 5545 monachis
1594 5491 1917 5544 subornatos

348 5586 640 5657 prodiisse,
664 5584 998 5655 Nitriamque
1028 5587 1354 5656 prmcipuum
1386 5582 1708 5655 Origenismi
1742 5583 1920 5637 domi-

352 5678 531 5733 ciliqu
563 5678 771 5745 haberi,
812 5694 1042 5747 cumque
1084 5680 1344 5734 adversus
1384 5693 1479 5733 eos
1518 5678 1585 5737 ab
1624 5662 1937 5746 Epiphanio.

352 5778 407 5823 et
458 5768 786 5841 Hieronymo
841 5771 1224 5841 instigaretur;
1279 5785 1382 5824 non
1442 5768 1558 5839 ejus
1619 5770 1927 5824 defensores

2019 4561 2521 4632 praetermitteutur.
2568 4552 2900 4610 Gravissima
2929 4564 3058 4603 vero
3098 4549 3186 4601 hic
3226 4554 3309 4601 est
3339 4545 3595 4615 anonymi

2020 4652 2331 4722 cujusdam,
2377 4663 2408 4702 a
2458 4662 2564 4716 quo
2614 4641 2983 4713 Chrysostomi
3060 4640 3260 4707 scripta
3318 4647 3399 4691 est
3454 4638 3594 4697 vita,

2024 4758 2185 4813 quam
2238 4743 2291 4797 in
2340 4749 2589 4796 octavum
2636 4748 2836 4790 tomum
2865 4732 3097 4803 Operum
3146 4732 3316 4801 ipsius
3368 4730 3598 4799 eonjecit

2024 4838 2283 4901 Savilius,
2308 4845 2363 4889 et
2390 4831 2660 4889 Simeonis
2684 4826 3064 4893 Metaphrastae
3097 4823 3470 4886 hallucinatio,
3503 4822 3597 4889 qui

2028 4932 2289 4987 lsidorum
2329 4926 2478 4981 illum
2517 4937 2640 4977 cum
2668 4920 2874 4979 Isidoro
2899 4916 3180 4979 ,Pelusiota
3219 4915 3600 4967 confundunt:

2028 5023 2129 5078 nisi
2176 5021 2313 5075 forte
2353 5017 2589 5087 priorem
2624 5015 2785 5068 hunc.
2811 5009 3134 5065 Pelusiotam
3177 5021 3391 5075 quoque
3433 5007 3601 5059 fuisse

2026 5117 2167 5171 dicat
2203 5112 2416 5181 aliquis,
2461 5122 2586 5163 cum
2617 5104 3012 5163 Alexandrinus
3049 5111 3226 5155 tamen
3261 5098 3419 5168 vulgo
3451 5100 3601 5152 dica-

2027 5218 2131 5260 tur.
2185 5204 2289 5260 Sed
2351 5203 2709 5258 Soaomeuum
2754 5197 2937 5251 audire
2986 5209 3290 5264 pergamus.
3334 5191 3601 5263 Expulsus

2026 5302 2265 5356 Isidorus
2299 5297 2478 5352 Scetin
2509 5293 2644 5363 apud
2681 5291 2975 5345 monachos
3010 5288 3297 5344 concessit.
3322 5288 3445 5341 Adit
3470 5302 3599 5340 cou—

2026 5398 2173 5451 tinuo
2196 5392 2548 5463 Theophilum
2574 5384 2909 5446 Ammonius,
2938 5382 3278 5452 postulatque
3300 5391 3358 5435 ut
3382 5382 3435 5433 in
3457 5396 3601 5435 com-

1998 5489 2341 5543 ‘munionem‘
2376 5485 2634 5540 lsidorum
2667 5480 2958 5535 admittat:
2994 5477 3386 5545 tergiversante
3419 5474 3600 5527 Theu-

2025 5579 2172 5652 philo
2204 5578 2436 5634 instabat
2474 5575 2908 5636 Ammonius,-et
2938 5585 3073 5639 quos
3110 5569 3211 5623 sibi
3258 5568 3465 5623 itineris
3498 5581 3589 5621 so-

2024 5672 2137 5727 cios
2167 5669 2526 5739 adiunxerat;
2562 5669 2693 5723 adeo
2722 5678 2779 5720 ut
2819 5664 3321 5736 perterrefaciendis
3360 5662 3498 5725 aliis,
3547 5669 3604 5716 et
3688 5740 3693 5745 ἡ

2029 5782 2058 5820 a
2087 5780 2144 5821 se
2184 5764 2494 5820 amovendis
2529 5778 2691 5817 unum
2734 5777 2801 5816 ex
2838 5760 2967 5832 ipsis
3009 5761 3059 5813 in
3092 5771 3365 5814 carcerem
3410 5753 3585 5822 dctrn_
