4068 6308
641 294 781 349 1145

1897 285 1958 341 P.
2000 286 2317 345 DANIELIS
2356 286 2583 345 HUETII

3693 298 3794 357 illi

636 411 765 464 serit
791 403 1313 477 Theophilus.lllum
1346 404 1538 473 reliqui
1566 404 1836 458 subsecuti
1873 406 1925 457 in
1955 410 2199 460 eamdem
2231 412 2277 465 A
2302 422 2409 476 que
2448 406 2723 461 erroribus
2766 406 3071 470 scaterent',
3107 403 3318 472 penitus
3341 416 3463 460 esse
3504 416 3794 483 respuendas;

637 501 935 556 custodiam
973 497 1161 553 fraude
1189 497 1414 567 ingressi
1462 511 1583 552 sese
1608 508 1798 566 sponte
1844 498 2199 565 incluserunt,

635 594 777 663 quod
828 594 1109 646 universos
1170 589 1486 645 dimisisset.
1526 588 1688 656 Cujus
1736 591 1813 644 rei
1857 599 2003 645 tanta
2062 594 2202 661 apud

633 700 756 737 eum
790 682 889 737 fuit
934 682 1244 753 indignatio,
1285 690 1345 735 ut
1373 697 1495 737 cum
1531 697 1640 753 prze
1686 682 1866 751 quiete
1906 691 1959 738 et
2010 699 2200 738 mona-

635 779 781 830 sticm
809 776 928 830 vita:
965 775 1157 830 studiis
1184 775 1392 845 reliqua
1418 776 1599 829 omnia
1626 789 1720 829 eos
1748 784 2067 845 postputare
2097 775 2195 829 sci-

635 876 737 931 ret,
772 865 856 923 his
884 866 1031 934 ipsos
1058 865 1449 931 intercluserit,
1476 866 1761 921 concitatis
1790 866 2015 921 subdole
2044 867 2200 921 dissi-

630 956 765 1019 diis,
814 958 1023 1011 turbata
1068 972 1234 1026 pace,
1281 967 1335 1013 et
1370 958 1715 1013 monasteriis
1764 960 1886 1029 igne
1948 958 2198 1030 ferroque

631 1046 870 1100 vastatis.
897 1046 1056 1101 Addit
1086 1046 1354 1104 Palladius
1388 1050 1569 1104 oranti
1605 1050 1885 1105 Ammonio
1926 1060 1979 1105 et
2006 1051 2196 1107 lsidori

629 1144 805 1202 partes
850 1139 1029 1206 agenti
1080 1138 1315 1194 ferreum
1363 1150 1607 1211 torquem
1676 1143 1907 1212 propriis
1953 1144 2197 1199 manibus

628 1225 877 1293 injecisse
931 1228 1313 1296 Theophilum,
1370 1233 1566 1303 pugnis
1618 1234 1862 1287 maxillas
1908 1243 1963 1290 et
2011 1234 2196 1291 oculos

626 1321 955 1386 contudisse,
984 1322 1084 1376 hac
1116 1322 1323 1392 ingesta
1360 1333 1415 1379 et
1450 1326 1672 1393 repetita
1699 1342 1871 1381 voce:
1908 1327 2189 1395 eretice,

625 1412 1012 1467 anathematiza
1058 1412 1354 1483 Origenem.
1397 1413 1530 1469 Utut
1561 1425 1681 1481 est,
1731 1427 1944 1473 constat
1981 1421 2193 1488 episco-

624 1517 813 1571 porum
863 1503 1123 1573 synodum
1164 1504 1502 1559 Alexandriae
1545 1508 1787 1577 coegisse
1834 1508 2191 1580 Theophilum

622 1607 764 1646 anno
793 1592 994 1648 Christi
1022 1594 1148 1661 399,
1173 1597 1564 1665 damnatosque
1590 1614 1698 1653 uno
1727 1615 1824 1655 ore
1852 1600 2194 1672 Origenistas

625 1700 654 1737 e
685 1683 868 1738 Nitriae
901 1694 1100 1747 monte,
1131 1695 1189 1739 ut
1234 1701 1394 1753 supra
1432 1699 1708 1743 narratum
1755 1702 1857 1755 est,
1904 1694 2187 1765 exegisse:

623 1778 911 1831 accedente
940 1776 1320 1846 imperatorum
1361 1780 1711 1847 anetoritate,
1738 1783 1827 1850 qui
1860 1797 1927 1836 ex
1957 1782 2192 1854 Egypto

623 1877 681 1921 nt
720 1867 1045 1937 pellerentur
1097 1868 1310 1936 scriptis
1369 1869 1509 1925 datis
1562 1871 1856 1939 jusserant.
1906 1874 2194 1946 Synodica:

620 1959 778 2026 hujus
819 1959 1029 2013 concilii
1075 1961 1315 2028 epistola:
1362 1962 1657 2032 fragmenta
1690 1965 1932 2031 quaedam
1966 1969 2019 2021 in
2070 1969 2195 2039 Epi-

619 2052 754 2105 stola
783 2053 848 2106 ad
880 2051 1087 2107 Menam
1122 2052 1459 2110 Justinianus
1501 2058 1753 2112 servavit.
1801 2060 2080 2129 Adjiciunt
2125 2064 2192 2118 ad

620 2145 894 2211 superiora
931 2144 1193 2214 Georgius
1232 2146 1643 2211 Alexandrinus,
1671 2158 1725 2203 et
1763 2147 1983 2206 Simeon
2028 2152 2193 2207 Meta-

618 2236 884 2303 phrastes,
930 2236 1124 2291 finibus
1181 2237 1293 2292 suis
1338 2244 1586 2293 extorres
1623 2241 1917 2295 monachos
1962 2242 2193 2297 Alexan-

617 2329 788 2383 driam
839 2331 1149 2398 pervenisse
1177 2371 1192 2397 ,
1238 2340 1290 2385 et
1328 2331 1618 2387 miserabili
1659 2348 1846 2388 eorum
1898 2335 2081 2391 habitu
2117 2340 2189 2391 ita

615 2431 938 2476 commotam
978 2423 1144 2477 fuisse
1191 2424 1421 2492 plebem,
1473 2432 1532 2477 ut
1567 2423 1924 2493 TheOphilum
1972 2426 2189 2482 latitan-

616 2525 722 2571 tem
757 2515 822 2569 ad
866 2531 1051 2570 necem
1075 2517 1407 2585 deposceret,
1440 2518 1635 2586 vixque
1666 2518 1911 2583 praesidis
1940 2520 2190 2575 adhorta-

614 2609 851 2663 tionibus
894 2609 1193 2662 sedaretur.
1230 2608 1468 2678 Digressi
1495 2623 1561 2663 ex
1606 2607 1843 2679 Egypto
1874 2607 2189 2679 Origenista:

611 2697 1001 2769 Jerosolymam
1034 2700 1100 2754 ad
1144 2699 1405 2755 Joannem
1462 2702 1610 2755 urbis
1656 2702 1956 2756 antistitem
1995 2702 2185 2756 confu-

612 2793 785 2861 giunt,
814 2807 971 2860 quem
1009 2800 1168 2846 antea
1200 2793 1445 2862 partibus
1478 2794 1592 2848 suis
1625 2793 1891 2848 faventem
1924 2810 2187 2866 cognove-

614 2894 759 2937 rant.
795 2884 1093 2955 Sylvanum
1126 2899 1247 2938 eum
1283 2898 1562 2953 perperam
1607 2885 1878 2953 appellant
1923 2884 2186 2955 Georgius

611 2975 1009 3031 Alexandrinus
1036 2977 1088 3029 in
1129 2974 1253 3029 Vita
1284 2975 1656 3046 Chrysostomi,
1684 2992 1809 3047 cap.
1834 2977 1922 3044 58,
1960 2988 2015 3032 et
2050 2980 2185 3035 alter

2303 505 2489 551 contra
2539 494 2871 565 portendisse
2899 494 3227 559 monachos,
3272 496 3526 565 quidquid
3569 499 3798 561 inerater.

2303 604 2506 653 rerum,
2537 589 2604 643 ab
2650 587 2922 642 haereticis
2960 587 3129 643 fuisse
3161 588 3455 653 insertum;
3500 606 3595 646 nec
3634 609 3798 665 propter

2300 696 2360 735 ea
2393 695 2511 749 quae
2538 680 2592 734 in
2627 680 3103 746 reprehensionem
3136 682 3328 736 merito
3357 682 3616 751 venirent,
3643 687 3797 759 reliqua

2298 788 2418 829 esse
2461 773 2781 827 damnanda.
2838 775 2970 831 Hinc
3017 786 3193 830 ortam
3242 774 3597 843 seditionem;
3633 793 3689 832 ex
3722 796 3800 849 quo

2299 863 2687 919 contentiosum
2731 876 2786 920 et
2832 882 3040 936 pugnax
3089 866 3491 921 cervicosorum
3519 865 3797 938 Origenista-

2300 970 2417 1009 rum
2451 955 2725 1024 ingenium
2775 972 3005 1027 arguas;
3052 958 3144 1028 qui
3184 973 3304 1012 cum
3358 958 3705 1027 episeopon
3735 980 3805 1018 au-

2299 1049 2546 1100 ctoritate
2579 1048 2798 1117 reprimi
2849 1064 2953 1105 non
2990 1056 3228 1120 possent,
3259 1053 3635 1106 assumendum
3675 1052 3804 1111 fuisse

2298 1138 2628 1203 praefectum,
2659 1140 2727 1194 ab
2758 1155 2931 1210 eoque
2960 1142 3013 1195 in
3049 1142 3225 1212 togam
3256 1140 3533 1210 conjectos
3568 1146 3805 1201 monachos

2297 1229 2372 1283 ita
2402 1229 2672 1300 dispersos
2702 1245 2840 1297 esse,
2870 1242 2928 1287 ut
2967 1234 3256 1303 propositis
3295 1232 3491 1287 edictis
3519 1233 3691 1289 nullihi
3714 1251 3805 1291 con.

2294 1322 2490 1377 sistere
2526 1324 2854 1379 sinerentur.
2881 1326 3042 1380 Addit
3068 1333 3296 1393 postea:
3334 1342 3354 1376 ι
3387 1324 3491 1379 Sed
3541 1335 3693 1381 tamen
3721 1329 3806 1385 sive

2297 1414 2425 1467 illud
2456 1428 2608 1468 error
2638 1426 2740 1478 est,
2768 1427 2827 1469 ut
2854 1431 2953 1485 ego
2993 1417 3201 1481 sentio;
3240 1417 3356 1471 sive
3397 1416 3628 1479 haeresis,
3657 1428 3702 1471 ut
3728 1434 3801 1489 pu-

2296 1515 2460 1567 tatur,
2486 1521 2591 1561 non
2620 1506 2791 1561 solum
2826 1508 3045 1576 reprimi
3082 1524 3185 1562 non
3214 1512 3391 1578 potuit
3414 1510 3591 1564 multis
3618 1512 3805 1567 animad-

2294 1599 2632 1653 versionibus
2680 1599 3048 1666 sacerdotum,
3095 1603 3188 1656 sed
3230 1616 3565 1673 nequaquam
3598 1612 3689 1657 tam
3725 1605 3801 1661 late

2293 1705 2352 1745 se
2383 1690 2643 1759 potuisset
2673 1689 2968 1758 effundere,
3006 1692 3106 1747 nisi
3136 1695 3490 1748 contentione
3525 1697 3796 1751 crevisset.»

2226 1753 2265 1807 Β
2296 1753 2533 1851 Denique
2573 1796 2671 1835 nec
2716 1783 3091 1851 episcoporum
3134 1785 3505 1853 severitatem,
3535 1801 3625 1841 nec
3659 1803 3801 1843 menso

2293 1873 2516 1927 chorum
2551 1871 2973 1941 perduellionem
3009 1875 3241 1943 probare
3264 1889 3327 1930 se
3360 1876 3506 1929 dicit.
3536 1876 3675 1943 Quod
3699 1881 3795 1934 mihi

2291 1979 2422 2019 sane
2461 1965 2613 2019 valde
2648 1966 2906 2035 probatur
2947 1966 3247 2034 judicium;
3293 1984 3416 2021 nam
3465 1969 3616 2024 nimis
3658 1986 3799 2027 severe

2292 2054 2345 2107 in
2374 2052 2708 2124 Origenistas
2739 2070 2767 2107 a
2796 2053 3093 2125 Theophilo
3123 2057 3431 2112 consultum
3460 2067 3573 2126 est;
3604 2060 3683 2115 sed
3710 2078 3799 2131 gra-

2292 2145 2408 2200 vius
2462 2154 2639 2200 tamen
2697 2160 2953 2215 peccasse
2995 2147 3247 2204 videntur
3293 2151 3541 2205 monachi
3578 2166 3604 2205 a
3648 2153 3796 2222 quibus

2293 2246 2400 2291 tam
2447 2236 2727 2307 praefracte
2757 2240 3137 2310 episcoporum
3172 2243 3474 2297 auctoritas
3516 2245 3796 2313 pessumdata

2290 2337 2392 2383 est.

2358 2421 2422 2477 V.
2456 2422 2799 2479 Anastasium
2833 2425 3048 2482 interim
3097 2442 3374 2481 summum
3416 2430 3689 2497 pontificem
3726 2448 3795 2499 per

2288 2514 2601 2585 synodicam
2671 2517 2952 2587 epistolam
3015 2521 3089 2573 rei
3149 2531 3321 2591 gestae
3383 2523 3644 2578 certiorem
3699 2526 3793 2581 fecit

2288 2606 2637 2677 Theophilus,
2685 2624 2749 2664 ac
2795 2610 2930 2666 alios
2964 2612 3090 2665 item
3134 2611 3442 2681 episcopos,
3486 2616 3570 2668 sed
3614 2615 3792 2684 Epipha-

2287 2698 2434 2752 nium
2473 2700 2835 2767 potissimum,
2862 2704 2930 2757 ad
2956 2716 3115 2772 quem
3148 2705 3373 2772 scripsit
3400 2705 3449 2759 in
3486 2719 3593 2760 eam
3622 2717 3791 2762 senten-

2290 2790 2414 2844 tiam
2436 2830 2450 2854 ,
2497 2806 2557 2847 se
2598 2791 2851 2860 Origenis
2889 2794 3139 2849 colubros
3175 2797 3487 2866 evangelico
3523 2812 3635 2852 ense
3672 2810 3788 2852 tmn—

2285 2896 2455 2948 casse,
2478 2894 2533 2939 et
2560 2884 2846 2941 fecundum
2874 2886 3059 2942 Nitriae
3087 2888 3473 2943 monachorum
3504 2906 3668 2959 agmen
3692 2906 3787 2945 con-

2286 2975 2499 3043 tagione
2531 2975 2785 3043 pestifera
2833 2977 3120 3043 liberasse;
3155 2978 3267 3045 jam
3319 2993 3445 3033 vero
3472 2994 3579 3033 esse
3611 2994 3784 3047 operum

610 3083 909 3137 anonymus
954 3069 1183 3137 scriptor
1226 3067 1359 3122 Vita:
1402 3068 1794 3139 Chrysostomi,
1836 3084 1957 3142 cap.
1995 3073 2083 3137 89,
2128 3082 2182 3128 et
2208 3108 2249 3165 ο
2287 3065 2450 3165 ίρδὶιιε
2481 3063 2783 3165 Epipltanii.
2808 3066 3361 3165 Cyprios-episcopos
3405 3083 3703 3165 congregare,
3735 3079 3779 3121 et

611 3160 827 3217 Simeon
888 3162 1278 3232 Metapbrastes
1327 3164 1379 3217 in
1445 3162 1562 3216 Vita
1623 3163 2003 3233 Chrysostomi.
2042 3164 2177 3219 Nam

608 3267 748 3307 anno
773 3252 896 3317 386,
943 3254 995 3307 in
1038 3253 1496 3325 Jerosolymitano
1530 3257 1723 3311 throno
1770 3258 1971 3312 sedisse
2012 3256 2179 3313 Joan-

609 3360 753 3412 num,
789 3346 990 3401 obiisse
1027 3362 1155 3401 vero
1182 3364 1326 3402 anno
1348 3348 1473 3411 416,
1505 3348 1839 3403 demonstrat
1874 3349 2175 3405 Baronins:

605 3432 993 3505 Jerosolymam
1025 3447 1204 3493 autem
1240 3455 1382 3495 anno
1422 3439 1527 3494 599
1568 3439 1911 3511 Origenisve,
1946 3452 2002 3497 ut
2039 3444 2172 3510 dixi,

602 3529 984 3599 confugerunt.
1045 3530 1335 3587 Submissis
1402 3535 1658 3587 continuo
1722 3534 1773 3589 in
1838 3535 2175 3590 Palaestinim

605 3620 796 3687 legatis
842 3621 1028 3680 Prisco
1075 3632 1130 3677 et
1178 3624 1416 3691 Enhnlo,
1466 3624 1795 3696 Jerosolyma
1861 3643 2074 3698 quoque
2122 3638 2176 3683 et

606 3712 864 3781 proximis
898 3714 1027 3769 locis
1067 3729 1160 3769 eos
1204 3716 1399 3783 expelli
1445 3726 1600 3772 curat
1645 3717 1996 3787 Theophilus,
2050 3736 2176 3774 nus-

604 3818 764 3870 quam
795 3817 1125 3874 repugnante
1169 3805 1392 3860 Joanne.
1434 3807 1634 3861 IIorum
1669 3811 2036 3879 conjecturam
2082 3825 2176 3866 ca-

604 3892 778 3959 pimus
818 3908 883 3947 ex
916 3894 1139 3962 epistola
1170 3895 1238 3949 70
1279 3886 1613 3967 Hieronymi.
1642 3896 2011 3968 Scythopolim
2051 3901 2172 3957 Ori-

606 3984 828 4044 genistze
874 4000 1095 4040 numero
1146 3987 1358 4041 circiter
1402 3989 1669 4057 octoginta
1731 3992 2066 4058 perveniunt.
2116 3993 2170 4047 In

604 4074 688 4127 his
736 4075 1042 4140 Dioscorus,
1092 4078 1429 4141 Ammonius,
1483 4079 1777 4145 Eusebius,
1825 4081 2167 4154 Euthymius,

602 4166 818 4232 llierax,
845 4167 1012 4223 Isaaci
1046 4169 1169 4234 duo,
1198 4180 1247 4223 et
1279 4168 1535 4226 Isidorus.
1571 4172 1641 4225 At
1675 4187 1797 4226 cum
1825 4174 1891 4228 ad
1939 4177 2171 4246 imperas

602 4268 769 4311 torem
813 4258 1095 4313 Arcadium
1141 4269 1196 4315 et
1236 4262 1700 4331 archiepiscopum
1761 4262 2023 4319 Joannem
2074 4268 2167 4322 de-

600 4349 765 4405 lectos
815 4365 847 4405 e
906 4349 1081 4405 Nitria
1139 4353 1463 4418 monachos,
1512 4352 1838 4423 Origenistis
1893 4356 2163 4423 infensos,

2281 3156 2411 3209 dare
2458 3158 2761 3224 negotium,
2808 3168 2865 3212 ut
2908 3176 2928 3209 ι
2959 3159 3219 3230 Origenes
3272 3163 3587 3224 nominatim,
3617 3170 3661 3214 et
3701 3174 3777 3213 ne-

2283 3251 2410 3304 faria
2459 3252 2683 3307 haeresis
2731 3255 3162 3320 condemnetur;
3190 3274 3209 3308 ι
3270 3258 3465 3313 deinde
3508 3271 3612 3311 vero
3649 3269 3778 3325 syno-

2280 3341 2427 3395 dicas
2465 3343 2722 3409 epistolas
2767 3344 2833 3399 ad
2870 3360 2958 3413 se,
3004 3355 3059 3401 et
3104 3347 3170 3400 ad
3219 3346 3480 3402 Joannem
3518 3346 3780 3415 Chrysosto-

2280 3448 2449 3498 mum,
2486 3434 2727 3504 aliosque
2759 3437 3045 3507 episcopos
3097 3439 3355 3506 mittere;
3392 3439 3545 3493 fuisse
3573 3438 3779 3509 perlatum

2278 3527 2344 3577 ad
2395 3540 2454 3580 se
2503 3522 2839 3596 Origenistas
2888 3543 2954 3583 ex
2992 3529 3224 3601 Egypto
3273 3531 3506 3602 dejectos
3558 3531 3781 3598 navigasse

2276 3615 2828 3689 Constantinopolim;
2870 3633 3026 3677 curet
3059 3624 3225 3693 igitur
3253 3634 3318 3679 ut
3346 3625 3567 3689 Isauria,
3589 3632 3634 3676 et
3664 3622 3783 3676 Pam-

2275 3708 2476 3777 pbiliaa,
2499 3711 2904 3783 vicinarumque
2930 3716 3332 3783 provinciarum
3362 3718 3607 3772 antistites
3630 3726 3781 3784 operas

2275 3815 2399 3856 suas
2423 3802 2490 3856 ad
2535 3805 2945 3873 exstirpandum
2977 3805 3377 3878 Origenismnm
3418 3809 3680 3869 conferant,
3717 3805 3778 3858 vi-

2274 3906 2392 3945 rum
2420 3893 2648 3963 aliquem
2696 3896 3017 3953 industrium
3053 3900 3560 3973 Constantinopolim
3605 3899 3776 3959 mittat,

2272 3984 2360 4051 qui
2408 3983 2534 4038 illuc
2578 4001 2695 4053 qua:
2740 3997 2889 4056 gesta
2948 3999 3073 4043 sunt
3126 3990 3364 4057 referat;
3407 4004 3640 4046 summam
3678 3998 3776 4040 esse

2273 4077 2409 4142 δι)υά
2452 4091 2641 4130 omnes
2692 4079 2745 4130 in
2792 4078 3027 4149 Egypto
3073 4081 3142 4136 ob
3192 4080 3522 4153 proﬂigatam
3574 4077 3774 4134 haeresim

2271 4166 2532 4223 laetitiam.
2584 4169 2767 4226 Notari
2811 4172 2989 4228 obiter
3038 4174 3196 4228 velim
3228 4176 3523 4242 jocularem
3566 4169 3777 4228 Guidonis

2269 4262 2570 4319 Carmeliue
2614 4280 2887 4331 errorem,
2933 4271 3024 4337 qui
3073 4269 3358 4339 Theophili
3405 4270 3575 4331 verba,
3619 4264 3776 4334 quibus

2268 4352 2516 4424 Origenis
2577 4357 2831 4413 colubros
2889 4375 2950 4414 se
3000 4361 3311 4432 evangelico
3355 4376 3480 4417 ense
3544 4366 3777 4412 truncasse

595 4440 839 4510 aliosque
890 4442 1421 4511 Constantinopolim
1482 4445 1744 4514 allegasse
1808 4447 2163 4514 TheOpbilum
2199 4456 2242 4511 ι)
2270 4449 2409 4517 apud
2443 4448 2797 4518 Epiphaniam
2823 4452 3083 4522 jactabat,
3115 4469 3394 4524 perperam
3428 4454 3773 4519 interpretatus,

598 4534 951 4600 accepissent,
980 4536 1069 4603 qui
1100 4552 1197 4604 pro
1218 4552 1276 4591 se
1304 4551 1523 4591 causam
1549 4538 1812 4603 dicerent,
1840 4541 2025 4594 eodem
2065 4543 2162 4609 ipsi

597 4622 664 4674 ad
693 4623 971 4679 diluendas
1008 4627 1290 4691 Theophili
1337 4631 1749 4698 accusationes,
1796 4646 2027 4702 suasque
2078 4648 2165 4689 res

595 4717 963 4784 procurandas
1000 4719 1224 4785 profecti
1252 4733 1397 4775 sunt.

665 4803 754 4859 IV.
799 4804 899 4860 Per
928 4806 1067 4861 idem
1103 4818 1313 4878 tempus
1342 4827 1448 4881 quo
1477 4812 1593 4867 lucc
1621 4814 1921 4883 agebantur
1953 4817 2160 4873 delatus

594 4908 676 4953 est
705 4898 755 4953 in
795 4914 889 4954 eas
922 4914 1046 4954 oras
1082 4916 1113 4955 a
1141 4901 1310 4955 Gallia
1349 4903 1787 4963 Posthnmianus.
1835 4909 2032 4965 Narrat
2072 4912 2162 4966 ille

594 4990 734 5059 apud
773 4989 1069 5061 Sulpicium
1120 4991 1374 5049 Severum
1416 5000 1461 5031 ³ο
1492 4999 1661 5054 ftedas
1698 5002 1979 5070 episcopos
2020 5003 2161 5057 inter

591 5092 647 5135 et
693 5086 984 5139 monachos
1031 5089 1468 5143 concertationes
1519 5093 1929 5160 intercessisse,
1985 5111 2003 5145 ‹
2033 5095 2159 5163 quia

592 5178 897 5244 congregati
932 5178 982 5231 in
1017 5195 1181 5232 unum
1210 5180 1404 5249 saepius
1446 5184 1756 5238 sacerdotes
1786 5183 2158 5255 frequentibus

590 5263 897 5319 decrevisse
940 5270 1158 5337 synodis
1188 5271 1532 5337 videbantur,
1560 5290 1625 5328 ne
1656 5275 1778 5344 quis
1809 5276 2060 5347 Origenis
2091 5279 2159 5333 li-

590 5355 719 5411 bros
765 5355 967 5426 legeret
1010 5372 1103 5415 aut
1156 5363 1405 5430 haberet,
1447 5367 1539 5433 qui
1591 5377 1849 5422 tractator
1881 5384 2157 5424 sacrarum

591 5442 991 5515 Scripturarum
1038 5451 1397 5520 peritissimus
1440 5452 1778 5522 habebatur;
1806 5476 1826 5510 ι
1879 5460 2155 5514 censuisse

588 5538 887 5607 episcopos,
923 5538 1089 5596 libros
1140 5544 1408 5613 Origenis,
1443 5546 1585 5614 quod
1623 5548 1825 5615 sparsis
1866 5549 1969 5602 huc
2006 5550 2158 5604 illuc-

661 5653 707 5734 ’.τί
743 5653 946 5734 Sulpic.
985 5656 1169 5734 sever,
1208 5658 1349 5715 Dial.
1396 5677 1445 5727 ι,
1470 5678 1584 5734 cap.
1618 5663 1668 5718 5.

596 5719 639 5750 ³⁸
672 5719 995 5784 Εκυαίχγιι.
1030 5729 1114 5783 ll.

2272 4547 2517 4606 questum
2550 4538 2602 4592 id
2638 4537 2805 4595 fuisse
2836 4542 3054 4610 Scripsit
3086 4542 3457 4614 Theophilum,
3486 4540 3613 4611 quod
3642 4549 3773 4591 mem-

2252 4630 2367 4719 ἰη-ει
2398 4630 2503 4684 sibi
2540 4629 2683 4685 ferro
2714 4642 3027 4687 truncarent
3050 4634 3390 4705 Origenistaa,
3418 4646 3471 4689 ut
3500 4633 3773 4689 haberentur

2272 4721 2504 4776 humiles
2529 4732 2583 4776 et
2613 4723 2850 4791 religiosi
2874 4725 2942 4780 “.
2972 4725 3087 4780 Mox
3127 4740 3186 4781 ut
3214 4729 3515 4798 synodicam
3540 4716 3771 4788 Theophili

2268 4813 2552 4883 epistolam
2579 4818 2789 4885 accepit
2818 4817 3168 4887 Epiphanius,
3200 4822 3265 4875 ad
3297 4820 3647 4889 Hieronymum
3672 4826 3770 4867 con-

2271 4904 2417 4959 tinuo
2465 4906 2702 4972 remisit,
2748 4907 3015 4978 aliamque
3044 4911 3241 4980 adjecit
3279 4913 3344 4967 de
3376 4926 3488 4977 suo,
3513 4910 3562 4962 in
3593 4921 3680 4970 qua
3711 4903 3769 4955 sic

2264 4994 2411 5048 illum
2465 4995 2767 5053 ail‘atur":
2804 5017 2823 5050 σ
2869 5000 3054 5068 Scito,
3107 5003 3180 5057 fili
3225 5004 3558 5064 charissime,
3593 4994 3767 5054 Amalec

2267 5102 2434 5159 usque
2460 5089 2527 5144 ad
2556 5090 2775 5160 stirpem
2813 5107 2932 5146 esse
2959 5094 3215 5161 deletum,
3248 5105 3299 5149 et
3326 5096 3376 5149 in
3417 5102 3583 5148 monte
3611 5085 3766 5153 Raphi°

2264 5182 2372 5235 dim
2435 5192 2674 5237 erectum
2732 5194 2986 5253 tropaznm
3032 5189 3235 5245 crucis.
3293 5188 3495 5243 Etenim
3547 5177 3763 5252 quomodo

2264 5274 2527 5341 porrectis
2550 5276 2602 5328 in
2627 5275 2795 5329 altum
2822 5277 2988 5349 Moysi
3014 5280 3279 5345 manibus,
3297 5279 3532 5334 vincebat
3556 5268 3757 5329 Israel”:

2264 5368 2344 5420 sic
2378 5366 2635 5422 Dominus
2679 5369 3005 5426 confortavit
3054 5373 3308 5429 famulum
3346 5386 3492 5427 suum
3537 5361 3755 5433 TheOphi-

2262 5457 2393 5524 lum,
2435 5471 2491 5513 ut
2523 5474 2686 5529 super
2716 5462 2887 5517 altare
2933 5465 3191 5521 Ecclesia:
3232 5462 3583 5520 Alexandrinae
3612 5464 3754 5511 contral

2265 5550 2549 5621 Origeuem
2604 5553 2857 5610 vexillum
2912 5567 3174 5627 poneret,
3213 5568 3266 5615 et
3309 5556 3600 5627 impleretur
3632 5548 3677 5601 in
3706 5555 3754 5595 θο

1751 5665 1792 5697 ⁸¹
1835 5665 1992 5721 Cuid.
2029 5666 2078 5720 in
2120 5667 2334 5721 Summa
2362 5670 2425 5722 de
2457 5670 2641 5725 hwres.
2669 5671 2719 5725 in
2768 5671 2895 5730 liter.
2940 5673 3153 5746 Origcn.
3232 5678 3272 5711 ι’
3296 5673 3496 5729 Ilicron.
3523 5666 3655 5737 epist.
3686 5660 3747 5715 73-
