4068 6308
288 316 429 373 11-15

1168 316 1741 374 ORIGENIANORUM
1781 319 1907 374 LIB.
1950 321 2015 387 II,
2055 322 2210 379 CAP.
2249 320 2340 391 IV,
2380 320 2571 376 SECT.
2613 321 2677 373 Il.

3406 321 3543 377 1146

288 431 432 497 quod
481 428 679 484 dicitur
715 430 762 463 ”
803 448 819 485 :
866 429 1049 488 Scribe
1098 432 1302 501 signum
1347 449 1462 499 noc,
1511 450 1635 504 quia
1690 434 1865 488 delebo
1895 439 1940 495 Α
1967 435 2152 489 Nitriae
2193 430 2793 517 rediisserAudiendus
2834 441 3092 500 praeterea
3151 431 3536 502 Hieronymus,

292 521 535 575 funditus
564 519 815 592 Origeuis
852 523 1097 577 haeresim
1133 540 1162 575 α
1196 522 1329 589 facie
1367 534 1522 578 terrm
1569 539 1691 581 eum
1746 526 1865 595 ipso

294 613 561 667 Amalec.»
597 613 715 681 Quo
748 625 1062 685 argumento
1086 615 1150 667 ad
1182 615 1541 685 Epiphaniam
1576 618 1867 685 scripserat

296 704 651 776 TheOpbilus,
684 706 875 761 eodem
909 705 1293 775 propemodum
1325 706 1545 775 scripsit
1572 708 1637 759 ad
1676 706 1866 761 Hiero-

296 808 552 865 nymum;
588 796 675 849 cui
716 795 801 850 hic
839 795 1165 863 respondens
1189 797 1257 860 ",
1293 812 1312 845 ι
1344 794 1476 860 Vox,
1509 796 1702 864 inquit,
1736 798 1865 851 bea-

299 886 546 941 titudinis
587 894 693 940 tua:
743 889 793 939 in
849 894 959 938 toto
1014 886 1145 940 orbe
1198 888 1505 955 pertonuit,
1552 898 1609 942 et
1659 888 1867 943 cunctis

294 972 499 1030 Christi
531 975 786 1030 Ecclesiis
813 975 1118 1029 lzetantihus
1162 976 1357 1030 diaboli
1400 991 1607 1032 venena
1650 978 1866 1033 siluere.

295 1065 643 1137 Nequaquam
686 1067 913 1135 amplius
960 1068 1210 1137 antiquus
1245 1084 1469 1136 serpens
1518 1069 1729 1135 sibilat,
1774 1070 1867 1124 sed

295 1170 570 1214 contortus
613 1168 667 1214 et
730 1160 1058 1215 evisceratus
1109 1162 1162 1213 in
1212 1176 1560 1214 cavernarum
1630 1162 1867 1216 tenebris

296 1251 616 1305 delitescens
663 1250 826 1305 solem
875 1251 1077 1306 clarqu
1124 1250 1267 1306 ferre
1321 1267 1425 1307 non
1474 1254 1747 1308 Sustinet:
1776 1255 1866 1323 qui

292 1341 509 1408 quidem
548 1356 709 1410 super
746 1344 847 1397 hac
895 1359 986 1410 re,
1028 1354 1082 1397 et
1130 1353 1417 1412 antequam
1468 1346 1755 1409 scriberes,
1802 1344 1867 1398 ad

294 1430 642 1487 Occidentem
683 1434 935 1503 epistolas
972 1435 1246 1501 miseram,
1284 1450 1347 1489 ex
1391 1447 1544 1505 parte
1587 1437 1867 1491 hatretico-

297 1538 413 1577 rum
453 1526 705 1594 strophas
737 1541 868 1581 mea:
915 1526 1106 1597 linguae
1152 1528 1459 1583 hominibus
1493 1529 1754 1584 indicans.
1791 1528 1869 1583 Ex

293 1616 694 1685 dispensatione
726 1618 817 1673 Dei
849 1618 1047 1673 factum
1083 1630 1235 1690 puto,
1262 1630 1321 1674 ut
1348 1636 1411 1675 eo
1446 1622 1497 1675 in
1535 1632 1779 1689 tempore
1812 1630 1866 1675 tu

291 1723 507 1780 quoque
536 1710 601 1763 ad
628 1711 966 1766 Anastasium
994 1728 1180 1782 papam
1216 1716 1502 1779 scriberes,
1534 1722 1587 1768 et
1618 1724 1860 1768 nostram

1966 527 2093 581 dum
2125 510 2401 593 aliquanto
2442 533 2564 593 post
2605 524 2671 577 ad
2704 522 3109 576 Pammachium
3145 534 3199 579 et
3231 523 3537 578 Marcellam

1965 618 2207 672 scribens
2231 618 2315 672 '8:
2351 636 2369 667 ι
2401 614 2502 669 Ubi
2537 628 2676 668 nunc
2709 620 2808 674 cst,
2844 613 3037 682 inquit,
3066 614 3291 669 coluber
3335 625 3541 670 tortuo-

1966 711 2091 766 sos?
2121 711 2208 763 ubi
2240 709 2650 764 venenatissima
2679 708 2904 776 vipera?

2040 800 2220 853 Prima
2251 800 2473 854 hominis
2508 798 2667 867 facies
2701 809 2849 851 utero
2883 798 3160 851 commissa
3199 798 3440 867 luporum
3461 799 3542 854 ”?

1970 889 2070 946 Ubi
2108 890 2329 944 Incresis
2361 905 2482 958 qua:
2524 888 2771 943 sibilabat
2804 888 2855 941 in
2895 888 3130 941 mundo?
3159 907 3177 939 1
3216 896 3271 943 et
3304 889 3537 949 deinde:

1972 1001 1991 1034 1
2020 982 2285 1052 Oppressa
2319 991 2401 1036 est
2450 982 2566 1048 ejus
2605 980 2937 1053 (Theophili)
2978 981 3300 1035 auctoritate
3338 992 3391 1037 et
3424 983 3541 1038 elo-

1968 1075 2209 1143 quentia,
2248 1083 2303 1128 et
2349 1074 2402 1126 in
2440 1088 2641 1128 morem
2686 1072 3109 1127 daamonicorum
3146 1074 3430 1143 spirituum
3478 1075 3543 1132 de

1970 1179 2111 1223 terra
2142 1168 2417 1237 loquitur:
2455 1167 2629 1221 nescit
2658 1167 2801 1221 enim
2835 1181 2957 1221 eum
2997 1166 3086 1236 qui
3139 1168 3419 1222 desursum
3451 1183 3540 1224 ve—

1971 1261 2125 1313 niens
2175 1273 2235 1313 ea
2292 1258 2528 1328 loquitur
2576 1273 2695 1327 qua:
2767 1272 2979 1312 sursum
3049 1270 3196 1313 sunt.
3235 1278 3253 1311 1
3292 1259 3546 1327 Queritur

1969 1350 2308 1421 postmodum
2360 1348 2524 1402 tantis
2569 1348 3027 1403 simultationibus
3070 1349 3146 1402 uti
3186 1349 3374 1404 solitos
3420 1350 3543 1405 Ori-

1970 1440 2234 1512 genistas,
2262 1451 2322 1495 ut
2354 1440 2441 1494 vix
2476 1456 2505 1494 a
2535 1440 2832 1495 Catholicis
2862 1442 3397 1497 internoscerentur:
3433 1454 3545 1497 tum

1971 1532 2192 1589 subdit:
2227 1549 2247 1582 α
2277 1530 2417 1596 Quid
2460 1544 2681 1585 necesse
2725 1539 2808 1585 est
2848 1531 3097 1586 obsidere
3146 1530 3543 1601 Propontidem,

1971 1635 2183 1681 mutare
2218 1624 2359 1688 loca,
2402 1624 2642 1679 diversas
2682 1624 2914 1680 lustrare
2961 1625 3231 1696 regiones,
3272 1634 3326 1679 et
3360 1625 3547 1681 claris-

1972 1716 2165 1771 simum
2210 1713 2518 1784 pontiﬁcem
2555 1713 2797 1777 Christi,
2852 1714 3083 1785 ejusque
3125 1716 3414 1787 discipulos
3464 1733 3548 1771 ra-

290 1798 423 1855 dum
456 1800 673 1871 ignoras
699 1802 1015 1856 sententiam
1050 1804 1388 1859 roborares.»
1425 1803 1487 1857 Et
1523 1804 1680 1873 paulo
1710 1812 1865 1873 post:
1902 1787 1945 1847 Β
1972 1807 2098 1863 hido
2128 1820 2222 1861 ore
2256 1806 2596 1875 discerpere?
2649 1803 2705 1858 Si
2740 1821 2867 1859 vera
2917 1806 3219 1876 loquimini,
3258 1808 3545 1876 pristinum

298 1909 322 1943 ι
356 1890 661 1947 Vincentius
690 1893 968 1963 presbyter
988 1904 1113 1949 ante
1141 1894 1360 1949 biduum
1388 1910 1549 1965 quam
1584 1896 1723 1949 hanc
1753 1896 1869 1963 epi-

294 1986 489 2042 stolam
517 1988 721 2052 darem,
747 1989 812 2042 de
855 1985 998 2042 Urbe
1024 1988 1190 2052 venit,
1214 2000 1270 2043 et
1294 1988 1609 2058 suppliciter
1640 1999 1691 2044 te
1728 1988 1873 2043 salu-

301 2087 412 2141 tat,
458 2077 759 2147 crehroque
811 2093 1060 2133 sermone
1119 2080 1465 2135 concelebrat
1514 2080 1775 2143 Romam,
1818 2091 1873 2135 et

298 2178 464 2223 totam
512 2168 716 2222 Italiam
767 2170 870 2224 tuis
909 2179 1029 2239 post
1065 2171 1339 2225 Christum
1386 2171 1628 2239 epistolis
1668 2170 1869 2225 libera-

300 2270 448 2314 tam:
476 2278 495 2312 1
535 2275 663 2314 cura
692 2260 942 2315 nimirum
979 2263 1246 2316 Anastasii
1280 2277 1448 2330 papae,
1484 2277 1513 2315 a
1540 2278 1667 2330 quo,
1699 2273 1755 2316 ut
1782 2276 1872 2315 su-

296 2355 509 2424 periore
538 2355 776 2410 sectione
818 2355 1019 2409 dictum
1059 2363 1165 2418 est,
1197 2353 1514 2423 proﬂigatus
1544 2353 1719 2408 fuerat
1746 2353 1870 2408 011--

294 2445 586 2515 genismus.
631 2445 685 2499 In
730 2445 831 2499 alia
873 2445 939 2499 ad
977 2445 1226 2500 eumdem
1263 2444 1493 2513 epistola
1525 2445 1593 2508 “,
1628 2444 1868 2518 Priscum

289 2548 351 2591 et
393 2537 658 2593 Eubulum
703 2553 733 2592 a
786 2538 1083 2606 Theophila
1149 2537 1204 2590 in
1258 2536 1602 2591 Palaestinam
1666 2536 1872 2607 legatos

294 2638 480 2683 narrat
506 2630 777 2699 dispersos
814 2629 1044 2699 regulos.
1075 2628 1413 2696 Origenistas
1456 2628 1735 2691 nimirum,
1775 2643 1869 2681 us-

288 2736 401 2791 que
440 2722 507 2775 ad
554 2737 677 2776 snas
725 2722 961 2776 latebras
1016 2720 1183 2775 fuisse
1235 2730 1585 2788 persecutos;
1638 2720 1872 2790 gaudere

291 2828 482 2869 omnes
518 2815 587 2869 oh
627 2824 835 2884 partam
866 2814 934 2867 ab
968 2813 1237 2868 haereticis
1284 2813 1609 2868 victoriam:
1649 2830 1668 2863 1
1698 2810 1872 2866 Macte

294 2906 522 2971 virtute,
568 2905 772 2975 inquit.
817 2916 991 2958 macte
1029 2904 1144 2958 zelo
1196 2904 1355 2968 ﬁdei,
1399 2903 1680 2958 ostendisti
1730 2903 1872 2973 quod

296 2996 400 3050 huc
448 3009 618 3064 usque
665 2995 1009 3050 taciturnitas
1043 2996 1376 3065 dispensatio
1418 2996 1552 3062 fuit,
1599 3011 1703 3050 non
1738 3012 1860 3050 con-

294 3104 505 3143 sensus.
534 3107 556 3140 ι
607 3086 887 3143 Postremo
934 3085 1197 3143 Joannem
1249 3086 1755 3158 Jerosolymitanum
1799 3088 1869 3141 oh

292 3191 605 3250 susceptum
633 3181 995 3251 Origenistam
1025 3181 1341 3250 quemdam,
1371 3190 1660 3249 antequam
1694 3180 1870 3233 Theo-

293 3275 427 3343 phili
455 3274 665 3329 litteras
688 3276 1005 3340 accepisset,
1032 3285 1256 3329 excusat
1286 3273 1371 3327 his
1394 3274 1609 3327 verbis:
1647 3291 1665 3323 ι
1699 3274 1872 3341 Super

286 3366 641 3433 susceptione
673 3367 951 3434 cujusdam
990 3382 1094 3421 non
1125 3367 1287 3422 debes
1316 3374 1501 3420 contra
1535 3365 1685 3419 urbis
1714 3365 1870 3433 hujus

291 3457 478 3511 dolere
526 3456 856 3525 pontiﬁcem,
905 3458 1029 3526 quia
1074 3457 1207 3511 nihil
1258 3457 1362 3510 tuis
1416 3455 1614 3509 litteris
1666 3469 1868 3523 praece-

288 3554 421 3623 pisti
456 3569 472 3606 ε
518 3558 571 3605 et
614 3552 957 3605 temerarium
1010 3549 1109 3603 fuit
1155 3551 1220 3604 de
1257 3566 1322 3604 eo
1365 3550 1507 3619 quod
1557 3549 1867 3614 nesciebat,

296 3644 442 3696 ferre
472 3640 795 3695 sententiam
820 3658 834 3695 :
863 3648 1040 3695 tamen
1074 3654 1195 3694 reor
1221 3640 1370 3693 illum
1398 3654 1498 3694 nec
1526 3639 1743 3703 audere,
1771 3652 1869 3693 nec

292 3732 432 3787 velle
478 3742 530 3786 te
571 3730 624 3785 in
673 3729 857 3801 aliquo
898 3730 1111 3785 laedere.
1139 3748 1158 3782 1
1211 3728 1418 3797 Quibus
1464 3743 1566 3783 non
1608 3726 1866 3782 Joannem

291 3822 947 3894 Jerosolymitanum,'sed
980 3822 1431 3893 Chrysostomum
1470 3822 1643 3877 notari
1676 3832 1867 3891 putant

296 3915 533 3969 nonnulli
564 3932 579 3969 :
616 3914 710 3969 sed
745 3931 849 3969 non
882 3918 1203 3984 persuadent
1234 3933 1249 3983 ;
1303 3930 1424 3969 nam
1469 3931 1633 3968 unum
1679 3930 1867 3995 quem-

293 4012 418 4061 dam
452 4016 758 4075 susceptum
789 4006 923 4061 dicit
966 4007 1345 4077 Hieronymus,
1388 4015 1443 4060 at
1478 4006 1866 4076 quinquaginta

294 4099 712 4169 Chrysostomus
759 4099 1014 4169 suscepit.
1063 4099 1263 4154 Deinde
1305 4113 1429 4154 cum
1479 4099 1557 4153 ait
1606 4098 1867 4168 Hierony-

294 4207 435 4257 nms,
464 4189 619 4245 Urbis
652 4192 835 4261 hujus,
881 4201 1055 4245 utram
1096 4194 1275 4260 potius
1309 4192 1525 4246 videtur
1557 4191 1867 4260 signiﬁcem

292 4280 815 4348 Constantinopolim
848 4288 927 4334 tot
969 4280 1339 4335 mansionibus
1368 4280 1648 4345 dissitam;
1683 4297 1749 4333 an
1780 4279 1868 4335 Je-

296 4375 618 4445 rosolymam
658 4374 811 4442 cujus
841 4376 893 4429 in
922 4375 1114 4430 vicinia
1146 4375 1259 4429 haec
1290 4374 1595 4429 scribebat?
1632 4374 1867 4430 Omnino

1972 1902 2176 1955 erroris
2202 1901 2450 1954 ardorem
2483 1898 2675 1953 ardore
2714 1898 2836 1953 ﬁdei
2876 1908 3227 1954 commutate.
3254 1918 3272 1950 1
3325 1900 3547 1954 Demum

1972 1992 2264 2047 Paschales
2301 1991 2582 2060 Theophili
2618 1991 2901 2060 epistolas,
2941 1991 3136 2060 quibus
3179 1990 3548 2065 Origenismus

1971 2083 2255 2149 obteritur,
2300 2097 2328 2137 a
2375 2092 2485 2137 toto
2530 2080 2750 2137 Oriente
2793 2097 2914 2137 cum
2955 2081 3310 2136 admiratione
3349 2081 3547 2151 suscipi

1971 2183 2027 2229 et
2049 2175 2325 2241 pra-dicari
2359 2172 2660 2228 denuntiat.

2048 2264 2134 2318 Vl.
2170 2264 2383 2318 Prolixe
2418 2265 2531 2318 haec
2558 2277 2587 2316 a
2620 2277 2706 2317 me
2738 2271 2921 2316 notata
2951 2271 3099 2327 sunt,
3125 2272 3183 2316 ut
3213 2278 3334 2316 cum
3364 2274 3547 2317 aucto-

1972 2357 2130 2411 ritate
2160 2354 2421 2419 Palladii,
2469 2354 2733 2419 Socratis,
2780 2354 3105 2418 Sozomeni,
3158 2352 3377 2422 Georgii
3422 2355 3549 2410 Ale-

1971 2446 2246 2510 xandrini,
2288 2446 2541 2516 anonymi
2591 2445 2812 2499 alterius
2846 2444 2935 2513 qui
2970 2444 3341 2514 Chrysostomi
3383 2445 3549 2497 vitam

1971 2541 2025 2595 in
2074 2540 2281 2593 litteras
2308 2536 2512 2599 retulit,
2548 2544 2603 2590 et
2632 2550 2661 2588 a
2690 2534 2891 2589 Savilio
2931 2534 3108 2588 editus
3138 2543 3221 2587 est
3267 2544 3401 2587 tom.
3442 2532 3547 2587 VIII

1970 2634 2340 2705 Chrysostomi
2368 2643 2421 2687 et
2448 2630 2716 2685 Simeonis
2740 2629 3145 2699 Metapbrastaz,
3172 2628 3340 2682 lector
3361 2640 3548 2696 aequus

1972 2724 2257 2795 Epiphanii
2307 2734 2361 2777 et
2425 2720 2737 2792 Hieronymi
2781 2719 3157 2773 auctoritatem
3216 2724 3547 2785 componat,

1970 2827 2023 2872 et
2064 2832 2223 2887 quam
2284 2816 2494 2870 diversa
2566 2815 2632 2869 de
2684 2813 2963 2881 Theophili
3015 2823 3070 2866 et
3119 2811 3547 2879 Origenistarum

1970 2909 2193 2964 dissidio
2243 2906 2544 2973 senserint,
2593 2914 2903 2976 cognoscat.
2948 2903 3025 2956 Illi
3070 2918 3334 2957 summam
3380 2901 3548 2970 pieta'

1975 3005 2061 3067 tis,
2095 3002 2418 3067 sanctitatis,
2445 3009 2499 3055 et
2528 2999 2954 3059 mansuetudinis
2984 2997 3191 3050 laudem
3226 2995 3546 3063 Origenistis

1974 3090 2215 3143 tribuunt
2257 3105 2271 3141 :
2312 3087 2364 3141 hi
2398 3070 2729 3155 versipelles,
2766 3085 3108 3139 refractarios
3140 3092 3194 3137 et
3238 3084 3540 3153 pertinaces

1973 3179 2191 3234 eosdem
2228 3178 2455 3246 ﬁngunt.
2486 3176 2560 3230 llli
2599 3175 2953 3243 Theophilum
2983 3174 3328 3236 iracundum,
3368 3173 3545 3241 impo-

1975 3278 2211 3332 tentem,
2262 3268 2547 3336 iuiquum,
2597 3268 2838 3336 pecunia:
2889 3266 3179 3335 cupidum,
3224 3278 3447 3333 pronum
3494 3262 3547 3316 in

1971 3358 2283 3423 vindictam,
2317 3358 2541 3427 privatis
2585 3358 2795 3427 injuriis
2843 3356 2935 3410 Dei
2982 3371 3202 3409 causam
3275 3354 3413 3408 falso
3454 3353 3549 3408 ob-

1972 3454 2281 3506 tendentem
2318 3451 2616 3505 exhibent:
2650 3449 2703 3503 hi
2740 3448 2858 3502 zelo
2888 3448 3010 3501 ﬁdei
3040 3446 3232 3501 ardere
3273 3447 3544 3511 eumdem,

1972 3543 2172 3611 pollere
2201 3542 2515 3613 prudentia,
2551 3540 2747 3611 Moysis
2782 3540 3039 3593 virtutem
3084 3537 3288 3591 referre
3326 3537 3540 3590 dicunt.

1969 3636 2121 3702 Quod
2153 3636 2195 3690 si
2231 3650 2316 3689 res
2344 3636 2415 3688 ita
2444 3635 2669 3688 fuissent
2693 3644 2876 3701 gestae,
2902 3640 2959 3686 ut
2988 3646 3019 3684 a
3044 3629 3281 3683 Palladio
3316 3644 3539 3682 narran-

1971 3738 2075 3791 tur,
2107 3741 2234 3779 num
2267 3735 2581 3794 praesentem
2610 3724 3080 3785 Posthumianum,
3103 3731 3160 3775 et
3190 3719 3545 3789 Epiphaniam

1966 3834 2032 3873 ac
2062 3817 2449 3888 Hieronymum
2483 3817 2536 3870 in
2559 3816 2755 3870 vicinia
2778 3816 2981 3885 positos
3016 3813 3183 3867 latere
3212 3810 3550 3881 potuissent!

1968 3924 2097 3963 num
2128 3910 2371 3964 insontes
2407 3924 2472 3962 ac
2525 3910 2640 3977 pios
2668 3909 2913 3963 homines
2970 3916 3163 3976 praeter
3211 3904 3289 3958 fas
3336 3904 3550 3963 sedibus

1967 4000 2081 4054 suis
2115 4000 2506 4054 exterminatos
2537 3998 2789 4053 convitiis
2815 3998 2914 4066 ipsi
2951 4012 3163 4065 quoque
3195 3996 3550 4050 lacerassent?

1967 4071 2093 4146 num
2117 4076 2403 4161 Theophili
2444 4091 2753 4161 petulantiae
2780 4090 3219 4145 consensissent?
3248 4104 3373 4142 num
3418 4087 3550 4142 fero-

1965 4186 2185 4238 citatem
2232 4186 2350 4251 ejus
2405 4198 2470 4238 ac
2504 4184 2767 4238 saevitiam
2824 4183 3156 4247 laudassent,
3184 4191 3239 4235 et
3289 4180 3550 4233 laudando

1965 4276 2280 4331 auxissent?
2309 4274 2461 4341 Quod
2508 4275 2553 4329 si
2611 4275 2920 4329 econtrario
2953 4273 3087 4328 falsa
3118 4274 3185 4329 de
3209 4271 3549 4339 Origenistls.

1965 4379 2021 4420 et
2041 4366 2413 4439 Chrysostomi
2444 4379 2605 4419 causa
2630 4365 2956 4435 prodidisset
2988 4364 3213 4427 litteris;
3246 4377 3311 4415 an
3339 4362 3405 4413 de
3435 4362 3550 4428 ipso

292 4476 443 4521 certe
487 4464 971 4537 Jerosolymitanus
1008 4464 1246 4522 Joannes
1294 4467 1506 4521 videtur
1563 4467 1864 4538 intelligen-
1898 4493 1941 4548 Β
1968 4460 2367 4529 pronuntiasset
2401 4458 2619 4512 Photius
2648 4458 2765 4512 cod.
2787 4473 2930 4548 xcvi,
2956 4458 3038 4509 ὅτι
3074 4453 3371 4548 νδιαλογικῷ
3395 4454 3550 4548 τύπῳ

290 4557 414 4613 dus.
460 4557 538 4613 Ex
576 4560 659 4613 his
705 4559 969 4627 suspicari
1007 4558 1135 4613 licet
1185 4558 1521 4614 deferbuisse
1563 4559 1869 4627 aliquantu-

294 4649 403 4705 lum
438 4651 542 4705 hoc
570 4660 809 4721 tempore
833 4652 1001 4722 ipsius
1027 4666 1148 4706 eum
1184 4650 1512 4720 Hieronymo
1537 4651 1861 4718 simultates,

295 4727 467 4813 (quas
498 4760 708 4800 rursum
746 4754 924 4800 tamen
969 4746 1374 4813 redintegratas
1420 4745 1585 4800 fuisse
1638 4744 1866 4801 inferius

295 4837 684 4905 ostendemus),
712 4845 767 4891 et
796 4837 1126 4906 aliquantum
1158 4839 1224 4892 de
1252 4851 1436 4893 amore
1470 4854 1567 4892 suo
1601 4838 1863 4893 adversus

296 4928 581 4996 Origenem
614 4929 907 4994 remisisse,
930 4929 1014 4984 vel
1046 4930 1376 4985 sententiam
1407 4938 1554 4983 certe
1582 4944 1731 4982 suam
1762 4928 1866 4984 dis-

293 5018 598 5074 simulasse.
623 5020 774 5085 Quod
806 5031 865 5074 ut
892 5022 1137 5090 suspicer
1174 5022 1303 5076 facit
1334 5020 1462 5074 illud
1492 5019 1769 5089 Theophili
1810 5021 1864 5073 in

296 5110 401 5162 alia
449 5110 514 5162 ad
555 5110 940 5181 llieronymmn
991 5112 1215 5183 epistola
1256 5113 1296 5145 ⁸⁷
1342 5131 1356 5166 :
1391 5130 1410 5163 ‹
1439 5113 1616 5180 Atque
1658 5112 1863 5164 utinam

297 5200 438 5269 apud
484 5215 578 5255 vos
601 5216 832 5271 'quoque
870 5204 1202 5272 deponerent
1251 5203 1607 5273 hypocrisim,
1652 5202 1741 5271 qui
1771 5216 1862 5255 oc-

296 5289 439 5345 culte
470 5289 723 5346 dicuntur
766 5293 1028 5347 subruere
1063 5293 1346 5346 veritatem
1374 5311 1388 5347 :
1421 5292 1487 5347 de
1531 5292 1724 5359 quibus
1753 5306 1862 5345 non

296 5380 435 5436 bene
478 5384 771 5438 sentientes
815 5384 866 5436 in
911 5383 978 5437 iis
1017 5383 1324 5453 regionibus
1380 5383 1575 5437 fratres
1618 5382 1733 5437 haec
1781 5397 1867 5436 me

294 5474 537 5529 scribere
592 5476 1024 5544 provocarunt!»
1078 5476 1240 5529 Addit
1287 5474 1620 5545 Theophilus
1671 5475 1867 5544 fugatis

296 5565 616 5635 OrigeniStis
644 5567 709 5621 ad
743 5567 1021 5636 pristinam
1056 5566 1495 5637 tranquillitatem
1536 5564 1864 5621 monasteria

1974 4551 2154 4616 καλῶς
2180 4568 2241 4603 τε
2272 4550 2367 4604 καὶ
2402 4549 2853 4620 ἐσπουδασμένως
2873 4547 2942 4601 τὰ
2966 4547 3094 4618 περὶ
3128 4546 3219 4600 τὸν
3250 4546 3548 4618 Χρυσόπο-

1976 4660 2075 4714 μον
2107 4640 2475 4714 ἀνεγράψατο.
2524 4659 2545 4692 ι
2571 4641 2845 4710 Dialogico
2874 4640 3047 4709 ipsum
3082 4640 3394 4694 charactere
3428 4638 3550 4709 pul-

1972 4736 2102 4788 chre
2130 4749 2192 4789 ac
2222 4733 2507 4803 diligenter
2557 4747 2646 4787 res
2695 4730 3066 4803 Chrysostomi
3112 4731 3544 4801 descripsisseh

1972 4825 2231 4895 Equidem
2261 4836 2314 4880 et
2339 4825 2450 4895 jam
2474 4839 2635 4894 supra
2668 4823 2802 4888 dixi,
2824 4832 2880 4877 et
2912 4839 3055 4877 nunc
3075 4839 3287 4894 quoque
3310 4838 3548 4893 pronun-

1973 4921 2045 4974 tio
2082 4919 2308 4988 duplicis
2367 4917 2532 4972 fuisse
2562 4916 2774 4986 generis
2812 4915 3145 4987 Origenistas
3172 4955 3187 4981 ,
3224 4914 3548 4969 orthodoxos

1974 5021 2029 5066 et
2062 5011 2465 5077 heterodoxos;
2504 5025 2639 5078 quos
2670 5024 2789 5063 cum
2815 5010 2881 5064 ab
2914 5011 3141 5064 invicem
3175 5021 3460 5062 secernere
3493 5008 3545 5061 in

1972 5114 2221 5174 prmnptu
2246 5120 2349 5159 non
2374 5114 2540 5169 esset,
2572 5114 2830 5172 utrosque
2871 5100 3335 5157 indiscriminatim
3370 5099 3547 5155 Theo-

1968 5199 2171 5267 philum
2209 5199 2531 5261 divexasse;
2572 5198 2921 5266 eamdemque
2955 5194 3024 5249 ob
3053 5208 3266 5247 causam
3296 5203 3545 5261 utrosque

1973 5291 2444 5346 indiscriminatim
2494 5290 2755 5347 Joannem
2802 5290 3241 5359 Chrysostomum
3298 5286 3542 5341 fovisse:

1973 5381 2103 5437 hinc
2158 5383 2442 5437 nonnullos
2495 5380 2693 5437 factum
2745 5380 3025 5447 Theophili
3075 5380 3430 5434 heterodoxos
3464 5378 3547 5430 in-

1974 5474 2229 5529 sectantis
2292 5475 2589 5541 probasse;
2640 5474 2756 5528 aliis
2799 5473 3122 5526 orthodoxos
3177 5470 3313 5524 male
3361 5468 3543 5525 haberi

1975 5565 2229 5620 doluisse.
2269 5563 2623 5633 TheOphilum
2658 5573 2916 5634 praeterea
2962 5563 3163 5634 judicio
3206 5562 3373 5618 fuisse
3410 5573 3546 5631 prm-

371 5701 418 5731 “
443 5700 611 5756 Exod.
639 5719 767 5768 mi,
798 5704 879 5757 lxi.
957 5705 1000 5736 ³⁵
1032 5703 1175 5760 lIier.
1206 5704 1359 5774 epist.
1398 5704 1483 5759 7|.
1563 5705 1605 5735 ⁸⁵
1635 5703 1777 5760 IIier.
1800 5701 2059 5774 epistJO.
2141 5703 2182 5732 ³⁷
2205 5700 2347 5756 llier.
2375 5700 2533 5772 epist.
2557 5700 2642 5755 7:2.
2722 5699 2765 5731 ’⁸
2785 5700 2931 5756 Ilier.
2950 5701 3106 5770 epist.
3133 5701 3218 5756 78.
3294 5690 3543 5769 "Virgil.

301 5770 514 5826 Αῖηείιι.
542 5789 630 5837 m,
660 5789 797 5830 vers.
829 5774 949 5833 49.6.
980 5776 1098 5829 4918.
