4068 6308
532 316 537 325 ’
604 329 737 383 tm

1933 308 1991 362 P.
2034 300 2345 359 DANIELIS
2383 298 2613 355 HUETII

3698 286 3825 340 “l8

605 444 780 515 cipiti,
812 450 867 497 et
928 438 1088 494 animi
1120 432 1398 489 affectibus
1436 431 1659 485 nimium
1705 429 2104 495 obtemperasse
2135 420 2179 474 si
2209 426 2254 479 Α
2283 432 2411 471 vero
2470 424 2623 485 rogat
2672 409 3025 515 Epiphanium
3081 404 3454 515 Theophilus;
3488 410 3544 507 ut
3601 403 3823 472 aliquem

608 514 883 607 negarem,
911 531 1228 586 reclamaret
1250 524 1694 592 Chrysostomus,
1733 519 1783 570 in
1812 531 1971 585 quem
2012 514 2180 579 impo-

607 640 787 685 tenter
809 623 1049 680 deszeviit
1074 639 1089 685 ;
1123 618 1443 674 reclamaret
1473 624 1526 668 et
1544 612 1737 667 Paulus
1764 610 1850 663 ille
1872 608 2175 677 cpiscOpus,

607 737 765 792 quem
810 726 927 787 post
964 712 1189 781 ﬂagella,
1238 722 1511 764 carcerem
1558 715 1611 760 et
1650 701 1881 766 metalla,
1936 714 1965 752 a
2006 697 2180 750 Theo-

607 790 773 882 philo,
804 822 908 861 non
939 814 1156 875 prapter
1208 800 1626 870 Origenismum,
1655 795 1746 849 sed
1792 792 1925 846 alias
1951 790 2019 844 ob
2054 804 2182 842 cau-

608 919 698 958 sas
749 915 814 955 ex
848 898 1077 968 Egypto
1102 896 1436 951 eliminatum
1486 889 1845 957 Hieronymus
1897 894 2181 939 transeun-

610 1008 715 1051 tem
739 994 972 1063 hospitio
998 990 1253 1058 suscepit,
1310 995 1365 1042 et
1388 994 1445 1038 ut
1477 997 1571 1054 per
1600 978 1877 1049 imperiale
1917 974 2176 1042 scriptum

608 1086 1010 1144 restitueretur,
1047 1077 1327 1134 laboravit.
1364 1072 1597 1129 Privatis
1645 1068 1869 1139 proinde
1904 1064 2080 1120 causis
2109 1063 2179 1116 ad

609 1174 908 1244 carpendos
935 1169 1267 1238 Origenistas
1318 1164 1603 1218 adductum
1671 1158 1832 1211 fuisse
1884 1154 1996 1209 veri
2046 1150 2176 1206 mihi

608 1266 823 1319 videtur
853 1276 1110 1331 perquam
1148 1256 1500 1316 simillimum,
1549 1260 1604 1307 et
1629 1249 1873 1303 vindictae
1912 1262 2023 1300 sua:
2058 1244 2179 1300 Ori-

608 1356 908 1426 genismum
957 1351 1180 1406 subdole
1234 1346 1616 1418 przetexuisse;
1650 1339 2004 1411 Epiphanium
2049 1350 2177 1390 vero

608 1456 677 1501 et.
701 1445 1104 1513 Hieronymum,
1160 1454 1273 1494 rem
1342 1438 1513 1505 ipsam
1573 1432 1822 1487 Ecclesia:
1867 1427 2173 1498 perutilem,

611 1536 935 1607 Origenismi
966 1534 1170 1588 scilicet
1189 1528 1629 1598 exst-irpationem
1665 1533 1953 1592 spectasse,
1986 1534 2177 1575 causas

576 1670 579 1671 ν
612 1630 755 1697 ipsas
788 1629 1003 1695 insuper
1046 1624 1320 1679 habuisse.
1364 1621 1704 1687 Quaecunque
1726 1626 1871 1671 certe
1895 1631 1982 1670 res
2004 1615 2175 1669 Theo-

576 1760 581 1763 .
610 1719 811 1787 philum
847 1717 1135 1787 impulerit,
1166 1722 1377 1769 constat
1429 1712 1677 1781 legitimae
1715 1710 1901 1780 synodi
1943 1708 2174 1763 decretis

2280 511 2459 564 mittat
2497 504 3037 573 Constantinopolim,
3085 501 3222 554 sicut
3252 515 3279 551 a
3309 512 3367 551 se
3395 494 3691 549 Nitrienses
3720 512 3824 549 mo-

2277 602 2432 655 nachi
2483 600 2631 653 missi
2664 608 2826 653 sunt:
2854 611 2960 665 quo
3005 592 3188 646 missi?
3225 604 3415 658 nempe
3472 603 3574 656 quo
3606 588 3824 656 aliquem

2279 693 2417 747 mitti
2446 693 2558 745 vult
2603 691 2670 744 ab
2719 688 3058 757 Epiphanio;
3095 680 3611 749 Constantinopolim
3654 694 3670 731 :
3718 695 3825 734 nam

2277 785 2406 853 quid
2475 784 2618 837 aliud
2663 783 2827 836 verba
2884 777 3117 833 sonant?
3146 775 3295 842 Quod
3324 784 3501 827 autem
3555 773 3831 841 peregrina

2278 877 2657 932 communione
2683 889 2775 928 eos
2805 871 3076 939 exceperit
3102 868 3538 938 Chrysostomus,
3563 863 3694 917 inde
3716 878 3831 918 con-

2279 969 2451 1023 cludit
2498 966 2765 1021 Baronius
2809 963 2995 1036 synodi
3056 958 3436 1015 Alexandrinae
3470 957 3685 1010 litteras
3722 956 3831 1011 illuc

2277 1061 2513 1116 nondum
2550 1058 2712 1113 fuisse
2759 1057 3021 1126 perlatas;
3054 1053 3249 1120 alioqui
3294 1054 3581 1105 damnatos
3621 1058 3676 1102 et
3720 1062 3831 1117 pro-

2279 1152 2512 1220 scriptos
2566 1150 2859 1203 monachos
2906 1147 3122 1201 miuime
3174 1144 3339 1199 fuisse
3368 1150 3743 1210 excepturum.
3778 1142 3836 1197 Ut

2278 1244 2329 1298 id
2353 1245 2529 1310 detur,
2565 1246 2706 1313 quod
2731 1243 2912 1312 negari
2956 1250 3127 1294 tamen
3155 1247 3350 1309 pctest,
3382 1251 3506 1291 nam
3539 1236 3835 1291 damnatio-

2279 1339 2363 1393 nis
2387 1351 2605 1393 causam
2647 1347 2854 1391 certum
2884 1343 2968 1388 est
3007 1333 3167 1387 licere
3198 1330 3415 1398 inquiri,
3450 1344 3560 1383 non
3601 1329 3727 1383 inde
3758 1343 3834 1383 se.

2278 1430 2460 1498 quitur
2492 1424 3149 1495 Constantinopolitanum
3210 1424 3312 1477 iter
3342 1421 3492 1491 prius
3541 1420 3836 1489 suscepisse

2277 1520 2576 1574 Nitrienses
2626 1518 2982 1588 Origenistas,
3038 1532 3198 1587 quam
3249 1516 3453 1586 legatos
3502 1529 3637 1569 suos
3659 1515 3831 1567 eodem

2277 1612 2604 1682 Theophilus
2654 1612 2913 1664 misisset.
2973 1607 3256 1664 Probabile
3300 1606 3495 1676 quippe
3550 1614 3637 1658 est
3668 1602 3827 1659 Theo-

2277 1706 2407 1776 phili
2441 1706 2643 1775 legatos
2680 1704 2985 1772 provincias
3015 1702 3210 1756 multas
3236 1701 3454 1764 adiisse,
3480 1698 3827 1753 disseminan-

610 1809 1034 1878 Origenistarum
1067 1820 1281 1861 errores
1306 1805 1471 1858 fuisse
1502 1803 1797 1867 rescissos;
1839 1816 1902 1855 ac
1927 1816 2031 1855 non
2057 1809 2176 1852 tan-
2204 1778 2247 1831 Β
2279 1802 2464 1855 darum
2505 1797 2748 1867 prmsulis
2786 1796 2926 1851 illius
2958 1795 3331 1867 synodicarum
3381 1792 3689 1846 litterarum
3721 1806 3827 1860 gra-

613 1914 722 1955 tum
753 1902 983 1958 fortasse
1010 1898 1310 1968 Theophili,
1348 1906 1605 1967 quantum
1655 1894 1841 1964 synodi
1871 1892 2179 1949 auctoritati

613 1995 994 2064 Hieronymum
1030 2001 1083 2047 et
1112 1991 1465 2061 Epiphanium
1504 1987 1771 2042 tribuisse.

685 2084 794 2138 Vll.
846 2085 1012 2139 Porro
1069 2098 1174 2138 non
1221 2082 1533 2152 synodicam
1596 2079 1856 2133 duntaxat
1899 2078 2180 2148 Theophili

612 2176 920 2245 epistolam,
980 2179 1159 2230 datam
1197 2189 1336 2229 anno
1367 2172 1568 2227 Christi
1608 2172 1733 2238 399,
1766 2176 1858 2226 sed
1893 2171 2181 2227 Paschales

610 2272 773 2324 etiam
801 2279 1050 2336 quatuor,
1079 2269 1235 2322 annis
1276 2266 1401 2332 400,
1435 2266 1559 2326 401,
1589 2263 1713 2328 402,
1739 2264 1866 2328 405,
1893 2263 2019 2329 404,
2045 2264 2183 2319 scri-

613 2372 748 2430 ptas,
804 2360 1161 2433 Hieronymus
1211 2359 1496 2414 Latinitate
1556 2356 1794 2420 donavit,
1836 2365 1891 2409 ut
1949 2370 2067 2423 qua:
2115 2356 2181 2410 iis

613 2454 996 2507 continebatur
1022 2452 1268 2523 Origenis
1299 2450 1590 2513 damnatio,
1631 2448 1811 2512 latius,
1850 2458 1903 2502 et
1937 2448 1988 2501 in
2027 2448 2183 2504 Occi-

614 2545 775 2597 dente
822 2546 1156 2614 potissimum
1216 2542 1637 2612 pervulgaretur.
1698 2540 2065 2594 Pervenerunt
2116 2540 2183 2594 ad

618 2635 757 2689 hanc
779 2646 989 2689 aetatem
1035 2636 1359 2702 posteriores
1393 2645 1527 2697 tres,
1584 2632 1730 2701 prior
1776 2647 1896 2686 cum
1929 2631 2179 2701 synodica

584 2772 587 2775 .
616 2726 921 2791 intercidit;
958 2727 1007 2778 in
1033 2725 1225 2793 quibus
1247 2726 1537 2792 depravata
1564 2723 1739 2790 aliqua
1765 2722 1831 2775 ab
1858 2719 2184 2791 Hieronymo

616 2831 735 2868 cum
774 2816 942 2883 ipsius
965 2816 1255 2870 adversarii
1275 2816 1588 2882 jactassent,
1618 2828 1736 2869 sese
1760 2814 1811 2866 in
1837 2813 2059 2881 epistola
2092 2813 2180 2878 78.

616 2908 684 2958 ad
723 2905 1114 2959 Pammachium
1157 2917 1202 2958 et
1244 2904 1578 2965 Marcellam,
1636 2921 1755 2959 cum
1788 2907 1853 2959 ad
1882 2920 1974 2960 eos
2001 2915 2181 2975 poste-

619 2999 795 3050 riores
818 2997 1106 3051 Paschales
1140 2999 1392 3063 mitteret,
1420 2996 1715 3051 luculenter
1743 2997 2007 3067 purgavit.

2282 1894 2375 1958 tia,
2404 1893 2733 1961 proindeque
2758 1890 2928 1945 serius
2956 1885 3470 1955 Constantinopolim
3502 1884 3723 1939 easdem
3748 1886 3835 1937 im-

2279 1998 2559 2057 portasse;
2593 2000 2713 2040 eum
2771 1983 2979 2036 interea
3016 1979 3341 2035 discessione
3392 1976 3615 2030 illorum
3650 1976 3833 2041 audita,

2281 2084 2483 2140 nullam
2516 2082 2922 2148 interponentes
2957 2088 3187 2138 moram,
3221 2069 3431 2140 magnis
3464 2069 3754 2122 itineribus
3778 2067 3835 2119 il-

2282 2177 2367 2231 luc
2394 2173 2798 2230 contendissent
2839 2167 3190 2238 Origenistze;
3232 2174 3286 2220 et
3318 2164 3409 2233 qui
3452 2163 3643 2218 serius
3673 2174 3835 2215 susce-

2281 2276 2474 2339 perant
2509 2267 2629 2330 iter,
2663 2264 2927 2318 maturius
2955 2261 3083 2315 illud
3110 2258 3484 2315 confecissent.

2354 2359 2445 2415 1X.
2472 2354 2983 2423 Constantinopolim
3016 2351 3177 2407 delati
3216 2350 3540 2416 Origenistze
3586 2344 3837 2415 supplices

2285 2452 2537 2507 aeridunt
2568 2450 2631 2503 ad
2679 2463 2851 2517 genua
2886 2445 3125 2509 Joannis,
3173 2444 3554 2512 postulantque
3585 2450 3643 2493 ut
3693 2452 3836 2507 opera

2285 2543 2450 2610 ipsius
2476 2550 2530 2595 et
2553 2540 2894 2601 auctoritate,
2924 2535 3205 2606 Theophili
3238 2535 3525 2589 adversum
3556 2548 3619 2587 se
3642 2532 3834 2585 iracun-

2286 2638 2371 2691 dia
2418 2642 2660 2701 sedetur,
2702 2643 2755 2689 et
2786 2632 3076 2704 Egyptum
3111 2631 3362 2685 redeundi
3388 2630 3491 2684 sibi
3532 2628 3690 2696 copia
3717 2626 3833 2679 fiat:

2285 2728 2425 2797 quod
2458 2728 2502 2782 si
2533 2726 2833 2781 reverentia
2863 2734 2954 2777 aut
2983 2731 3125 2776 metu
3148 2720 3451 2789 Theophili,
3489 2721 3564 2773 ab
3590 2720 3701 2788 ipso
3728 2731 3837 2786 quo-

2286 2798 2389 2889 que
2421 2818 2867 2888 quemadmodum
2890 2825 2943 2869 et
2971 2816 3037 2869 ab
3058 2814 3176 2869 aliis
3198 2812 3464 2884 episcopis
3501 2812 3833 2880 repellantur,

2288 2910 2626 2979 imperatoris
2655 2924 2807 2979 Opem
2842 2923 2901 2963 se
2924 2907 3156 2975 denique
3189 2906 3595 2974 imploraturos.
3627 2904 3836 2970 Coinpo-

2289 3003 2425 3055 situs
2455 3002 2521 3054 ad
2560 2998 2959 3053 miserationem
3008 2995 3442 3050 commovendam
3474 2994 3711 3047 virorum
3741 2992 3835 3045 ha-

693 3087 825 3141 Vlll.
859 3088 976 3141 Jant
1014 3102 1141 3141 vero
1173 3102 1352 3140 rerum
1376 3087 1571 3140 seriem
1597 3102 2004 3157 persequamur.
2037 3087 2186 3142 Dixi-
2212 3109 2254 3165 ο
2288 3094 2430 3146 bitus
2455 3092 2841 3163 Chrysostomo
2888 3088 3153 3158 lacrymas
3181 3086 3438 3139 excussit.
3487 3083 3714 3149 Benigne
3740 3083 3835 3134 ita-

618 3192 736 3230 mus
776 3177 1297 3245 Constantinopolim
1342 3178 1613 3247 profectos
1653 3192 1774 3233 esse
1826 3178 2177 3248 Origenistas,

620 3278 900 3337 postquam
944 3268 1130 3323 eodem
1175 3269 1378 3338 legatos
1419 3285 1448 3323 a
1472 3268 1770 3337 Theophilo
1807 3270 1998 3324 missos
2027 3285 2181 3326 acce-

620 3372 831 3429 perunt.
864 3359 1021 3414 Falso
1051 3361 1100 3413 id
1132 3376 1160 3413 a
1193 3360 1427 3415 Palladio
1459 3370 1515 3416 et
1568 3360 1869 3416 Sozomeno
1892 3361 2178 3415 condictum

618 3452 794 3521 arguit
820 3450 1079 3506 Barouius
1108 3452 1175 3505 ad
1204 3469 1290 3505 an.
1326 3452 1450 3518 400,
1475 3468 1594 3521 cap.
1618 3452 1706 3518 6i,
1737 3468 1833 3507 nec
1858 3468 2178 3522 quemquam

620 3547 749 3599 illuc
783 3556 907 3599 ante
934 3546 1140 3614 legasse
1164 3544 1514 3615 Theophilum
1558 3546 1854 3611 contendit,
1891 3560 2050 3616 quam
2085 3561 2181 3601 eo-

619 3639 738 3691 dem
774 3638 970 3691 abiisse
1004 3636 1340 3707 Origenistas
1375 3639 1653 3694 intellexit.
1715 3639 1927 3693 Falsum
1972 3654 2182 3708 quoque

616 3744 736 3782 esse
759 3731 893 3796 vult,
925 3731 1065 3784 inter
1094 3730 1425 3800 Origeuistas
1459 3731 1626 3786 fuisse
1692 3732 1951 3787 lsidorum
1979 3750 1994 3799 ;
2028 3734 2079 3786 id
2113 3733 2181 3786 li-

619 3832 703 3875 cet
756 3832 949 3890 praeter
999 3822 1357 3877 Sozomenum
1392 3822 1644 3878 Socrates
1672 3832 1960 3878 asseveret.
1990 3822 2184 3876 Nititur
2220 3830 2226 3835 ‘

619 3913 878 3967 Baronius
904 3913 1185 3983 Theophili
1217 3918 1285 3968 ad
1308 3914 1661 3984 Epiphaniam
1681 3916 1928 3985 epistola,
1962 3931 2081 3984 quae
2101 3924 2185 3970 est

620 4006 759 4059 inter
809 4006 1251 4078 Hieronymianas
1280 4009 1384 4073 67;
1438 4009 1517 4061 sic
1572 4007 1731 4061 habet
1769 4008 1855 4061 illa
1915 4025 1980 4061 ε(
2010 4007 2183 4062 Didici

620 4099 762 4151 enim
812 4102 952 4167 quod
1002 4100 1418 4154 calumniatores
1469 4115 1608 4153 verte
1655 4100 1800 4165 fidei,
1836 4100 2180 4165 Ammonius,

622 4191 903 4256 Eusebius,
934 4201 988 4244 et
1029 4190 1367 4260 Euthymius,
1420 4206 1558 4244 novo
1616 4206 1713 4258 pro
1775 4191 1962 4245 haeresi
2004 4189 2203 4243 furore

588 4326 593 4333 ,
620 4284 964 4351 bacchantes,
1001 4281 1514 4351 Constantinopolim
1538 4282 1840 4350 navigarint
1869 4299 1882 4334 :
1918 4292 1974 4334 ut
2006 4291 2061 4333 et
2090 4295 2185 4335 no-

619 4393 735 4443 vos,
768 4378 810 4431 si
844 4392 978 4447 quos
1021 4376 1303 4438 valuerint,
1335 4376 1624 4443 decipiant,
1685 4383 1736 4428 et
1761 4374 2031 4429 veteribus
2074 4388 2184 4427 suae

2280 3199 2384 3253 que
2418 3185 2563 3253 ipsos
2590 3182 2903 3249 alloquitur,
2934 3178 3085 3246 jubet
3123 3193 3338 3234 causam
3385 3178 3640 3231 adventus
3660 3175 3833 3228 suisi—

2280 3278 2445 3340 leant,
2475 3277 2542 3331 de
2588 3276 2828 3344 ipsorum
2870 3273 3207 3329 restitutione
3253 3284 3372 3325 sese
3397 3285 3516 3336 cum
3546 3265 3833 3335 TheOphilo

2281 3383 2376 3437 per
2400 3367 2607 3422 litteras
2645 3375 2911 3430 acturum,
2952 3364 3004 3418 in
3031 3362 3229 3433 templo
3257 3362 3496 3424 interim,
3531 3361 3618 3414 cui
3650 3372 3833 3413 nomen

2278 3459 2588 3524 Anastasis,
2642 3458 2821 3512 sedem
2860 3472 2924 3511 ac
2953 3456 3283 3510 mansionem
3328 3453 3515 3521 figant.
3544 3451 3834 3505 Paruerunt

2282 3550 2380 3614 illi,
2417 3559 2471 3605 et
2490 3550 2611 3603 vitae
2636 3549 2939 3603 necessaria
2969 3548 3161 3617 partim
3193 3546 3419 3615 propriis
3453 3544 3552 3614 ipsi
3583 3545 3832 3609 manibus,

2284 3654 2340 3696 ut
2379 3657 2493 3696 mos
2515 3651 2632 3695 erat
2665 3641 3071 3702 monachorum,
3096 3642 3289 3711 partim
3324 3637 3697 3707 religiosarum
3730 3650 3833 3689 mu-

2282 3736 2467 3791 lierum
2498 3734 2815 3790 liberalitate
2848 3743 3244 3802 compararunt,
3283 3746 3345 3785 ac
3372 3728 3709 3802 Olympiadis
3744 3745 3827 3799 po-

2285 3828 2574 3890 tissimum,
2616 3841 2734 3893 quae
2768 3834 2888 3894 post
2909 3824 3113 3879 obitum
3143 3822 3379 3878 Nebridii
3401 3823 3647 3892 conjugis
3668 3835 3831 3878 creata

2282 3918 2533 3973 Ecclesiae
2603 3917 3203 3985 Constantinopolitanze
3270 3915 3571 3972 diaconissa
3604 3957 3620 3981 ,
3696 3931 3836 3984 pere-

2283 4010 2468 4080 grinos
2501 4010 2734 4077 hOSpitio
2755 4009 3025 4078 excipere,
3053 4016 3108 4063 et
3141 4006 3485 4064 facultatibus
3513 4012 3621 4064 suis
3657 4009 3838 4063 fovere

2283 4102 2507 4157 solebat.
2561 4101 2904 4156 Publicarum
2953 4100 3037 4155 his
3075 4100 3444 4169 precationum
3510 4100 3839 4155 communio-

2285 4210 2404 4249 nem
2458 4194 2727 4249 concessit
2781 4194 3212 4264 Chrysostomus,
3270 4208 3335 4249 ac
3386 4203 3835 4248 sacramentorum

2286 4302 2440 4341 usum
2472 4302 2577 4341 non
2607 4286 2849 4350 admisit,
2893 4286 3126 4339 nondum
3150 4285 3358 4354 cognita
3386 4286 3625 4352 ipsorum
3648 4299 3834 4346 causa;

2284 4394 2404 4432 cum
2444 4378 2739 4447 praesertim
2787 4377 3012 4432 clericos
3043 4378 3299 4445 quosdam
3338 4393 3367 4430 a
3399 4377 3696 4446 The0philo
3736 4378 3834 4445 jam

621 4469 916 4539 impietatis
973 4466 1133 4525 sociis
1181 4468 1595 4538 coniungantur.
1628 4485 1647 4517 ι
1685 4464 1838 4520 Nulla
1874 4466 1962 4519 hic
1994 4466 2181 4520 lsidori
2216 4447 2257 4503 θ
2288 4481 2410 4525 ante
2441 4470 2558 4524 aliis
2593 4470 2659 4524 de
2693 4462 2854 4523 rebus
2880 4468 3392 4537 Constantinopolim
3434 4471 3633 4524 missos
3666 4484 3833 4525 accer-

624 4561 867 4614 mentio:
900 4571 1046 4616 certe
1090 4575 1263 4629 neque
1306 4560 1564 4623 Dioscori,
1616 4575 1714 4615 nec
1762 4559 1985 4614 aliorum
2030 4560 2187 4629 quin-

621 4652 895 4720 quaginta,
952 4669 1084 4722 quos
1149 4654 1271 4708 illuc
1319 4653 1619 4720 perrexisse
1664 4653 1841 4707 tradit
1890 4651 2180 4707 Palladius.

622 4742 785 4807 Quasi
821 4758 949 4796 vero
1007 4746 1218 4797 nomina
1251 4745 1579 4813 singulorum
1635 4759 1959 4813 percensere
2008 4744 2184 4799 Theo-

623 4833 805 4902 philus
842 4832 1154 4886 instituerit.
1193 4836 1266 4885 At
1311 4834 1502 4887 deinde
1535 4832 1862 4902 Theophilus
1911 4851 1926 4887 :
1983 4851 2001 4883 ι
2031 4833 2096 4887 Et
2128 4842 2186 4887 ut

621 4925 854 4979 celerius
882 4933 1065 4978 nostra
1088 4924 1599 4993 Constantinopolim
1628 4926 1822 4994 scripta
1851 4925 2182 4993 perveniant,

622 5019 776 5072 mitte
826 5017 1143 5070 industrium
1178 5016 1371 5083 virum,
1393 5028 1447 5071 et
1466 5017 1695 5085 aliquem
1721 5018 1785 5068 de
1805 5016 2036 5080 clericis,
2076 5017 2178 5071 sic-

623 5116 681 5159 ut
721 5117 774 5162 et
818 5123 916 5161 nos
936 5107 1001 5161 de
1028 5105 1163 5175 ipsis
1190 5105 1369 5158 Nitriae
1408 5105 1754 5161 monasteriis
1785 5118 1966 5175 patres
1996 5122 2182 5161 mona-

622 5198 867 5263 chorum,
900 5214 1019 5253 cum
1052 5197 1172 5252 aliis
1215 5197 1415 5251 sanctis
1456 5208 1509 5252 et
1553 5198 2028 5254 continentissimis
2054 5198 2183 5252 viris

622 5288 889 5352 misimus,
925 5291 1014 5357 qui
1051 5289 1259 5359 possint
1290 5300 1519 5343 cunctos
1575 5290 1627 5343 in
1663 5290 1944 5356 prmsentia
1990 5290 2182 5345 docere

620 5393 741 5447 quae
769 5387 916 5448 gesta
951 5391 1097 5435 sunt.
1136 5400 1155 5432 ι
1199 5380 1274 5434 Ex
1309 5380 1391 5434 his
1444 5380 1579 5434 efﬁci
1628 5389 1780 5450 putat
1820 5380 2081 5436 Baronius
2119 5382 2186 5435 ab

622 5471 944 5541 Epiphanio,
982 5487 1085 5525 non
1134 5482 1312 5525 autem
1378 5486 1408 5523 a
1438 5469 1733 5539 Theophila
1790 5479 1918 5526 tunc
1952 5472 2184 5542 legatum

623 5562 789 5616 fuisse
829 5560 1050 5614 missum
1085 5560 1606 5629 ConstantinOpolim
1634 5578 1648 5628 ;
1681 5559 2036 5631 Theophilum
2089 5578 2184 5615 au-

623 5660 729 5703 tent
759 5650 1016 5719 quosdam
1047 5666 1077 5703 e
1108 5652 1381 5706 monachis
1415 5651 1772 5707 Nitriensibus
1797 5654 1902 5706 alio
1935 5653 2179 5723 ablegas-

623 5756 701 5794 se.
757 5742 899 5797 Sane
949 5743 1000 5797 id
1030 5758 1092 5796 ex
1135 5743 1373 5811 epistolae
1409 5744 1587 5799 verbis
1621 5761 1722 5800 non
1769 5747 1979 5815 cogitur
2022 5769 2032 5801 :
2078 5749 2182 5803 imo

2288 4562 2447 4617 sisset
2475 4560 2731 4626 Joannes,
2774 4575 2921 4630 nque
2948 4575 3107 4629 super
3147 4562 3306 4616 rebus
3341 4563 3730 4616 monachorum
3762 4562 3833 4614 in-

2289 4643 2543 4721 terrogati
2574 4667 2820 4723 magnam
2844 4653 2962 4707 illos
2999 4651 3248 4721 injuriam
3289 4653 3612 4708 sustinuisse
3635 4654 3829 4722 quidem

2286 4743 2563 4806 dixissent,
2601 4748 2694 4797 sed
2737 4743 2804 4796 ad
2835 4743 3263 4796 communionem
3317 4751 3494 4796 tamen
3536 4744 3830 4811 neutiquam

2286 4850 2380 4890 eos
2404 4835 2613 4889 admitti
2672 4835 3050 4903 postulassent,
3078 4850 3145 4889 ne
3184 4834 3479 4903 Theophilo
3504 4849 3594 4889 res
3625 4850 3689 4890 ea
3716 4836 3831 4888 foret

2289 4924 2591 4980 offensioni.
2629 4924 2831 4980 Scribit
2882 4926 2948 4979 ad
3006 4925 3357 4995 Theophilum
3406 4925 3827 4997 Chrysostomus.

2290 5026 2547 5087 rogatque
2584 5025 2642 5070 ut
2672 5018 2949 5072 restitutos
2969 5017 3297 5085 Origenistas
3330 5019 3381 5072 in
3420 5020 3827 5073 communionem

2290 5113 2541 5166 admittat
2577 5128 2592 5166 :
2621 5114 2704 5165 sin
2736 5111 2938 5178 judicio
2968 5114 3291 5167 contendere
3315 5112 3485 5176 malit,
3512 5112 3827 5168 necessarios

2291 5202 2577 5272 mittatqui
2615 5217 2700 5257 res
2738 5202 2903 5271 ipsius
2944 5212 3250 5272 procurent.
3291 5202 3403 5257 Non
3434 5204 3712 5271 rescripsit
3740 5202 3825 5259 ille.

2284 5295 2546 5361 quosdam
2594 5308 2624 5347 e
2654 5294 2763 5347 suis
2790 5293 2916 5347 illud
2959 5292 3218 5363 allegasse
3266 5304 3572 5358 contentus,
3601 5313 3620 5344 ‹
3646 5291 3826 5346 libellos

2287 5394 2345 5438 ut
2367 5385 2698 5455 porrigerent
2713 5386 3028 5447 admonens,
3052 5386 3221 5453 inquit
3241 5384 3527 5450 Palladius,
3550 5400 3683 5454 quos
3699 5395 3826 5435 more

2286 5476 2443 5531 solito
2470 5477 2599 5545 ipsis
2655 5475 2968 5539 dictaverat,
3017 5485 3259 5545 apertum
3295 5475 3510 5544 quidem
3550 5485 3602 5529 et
3624 5486 3825 5542 expres-

2286 5585 2404 5623 sum
2434 5570 2767 5623 mendacium
2800 5571 3157 5633 continentes,
3190 5571 3357 5624 variis
3377 5570 3659 5625 calumniis
3685 5582 3826 5636 opero

2290 5671 2401 5715 tum
2451 5670 2503 5715 et
2553 5661 2924 5715 obumbratutn
2954 5678 2968 5722 ;
3000 5670 3051 5714 et
3080 5676 3199 5715 cum
3253 5677 3359 5714 non
3408 5672 3586 5729 posset
3632 5660 3823 5712 illorum

2290 5754 2409 5809 vitae
2435 5752 2712 5823 derogare,
2764 5753 2892 5809 facit
2944 5763 3003 5808 ut
3062 5754 3200 5809 intra
3232 5755 3484 5823 palatium
3522 5753 3668 5824 quasi
3700 5750 3823 5820 magi

3897 5613 3905 5651 l
