4068 6308
304 331 481 387 .11-19

1199 330 1773 389 ORIGENIANORUM
1813 334 1942 394 LIB.
1986 335 2052 402 ll,
2096 337 2246 394 CAP.
2290 336 2379 404 IV,
2422 336 2616 395 SECT.
2651 337 2717 394 ll.

3457 348 3596 405 “50

342 460 685 505 notarentur.
714 469 733 503 ι
778 448 975 504 Subdit
1002 450 1340 521 postmodum
1370 452 1711 507 advertentes
1738 454 1925 525 Orige—
1954 459 2001 515 Α
2028 465 2123 509 sta:
2149 456 2353 525 experti
2382 466 2508 511 sunt
2535 471 2549 509 :
2582 456 2850 526 proditum
2902 457 3096 529 quippe
3127 467 3209 515 est
3236 474 3267 513 a
3294 458 3594 517 Sozomeno

344 544 514 597 nistas
544 541 675 595 nihil
720 556 777 596 se
807 542 1127 611 profecisse,
1169 542 1494 613 «plerosque
1542 546 1595 600 in
1631 548 1909 618 dignitati-

343 635 442 686 bus
477 636 809 689 constitutos
836 636 1123 689 adduxisse
1155 649 1361 702 secum,
1387 652 1576 693 omnes
1599 640 1911 694 anathema-

342 725 545 780 lizasse
580 727 851 781 haeresim.
884 746 903 777 ι
940 724 1074 780 Tum
1135 726 1327 781 deinde
1352 728 1610 799 follectas
1655 730 1912 785 adversus

344 815 625 885 Thmphili
679 819 1014 890 tyrannidem
1046 820 1439 887 accusationes,
1487 822 1628 876 etin
1681 822 1910 878 libellum

343 910 617 977 conjectas
657 909 848 963 Joanni
904 909 1101 964 frustra
1136 911 1258 966 illos
1308 912 1374 965 ab
1400 912 1613 983 incepto
1644 916 1913 970 revocanti

347 1002 585 1055 tradunt.
650 1002 825 1056 Monet
866 1001 955 1055 ille
980 1001 1335 1071 Theophilum
1365 1004 1607 1060 conﬂata:
1629 1008 1912 1063 adversum

342 1105 402 1144 se
432 1092 807 1146 accusationis.
856 1091 1128 1147 Rescribit
1172 1092 1499 1163 Theophilus
1537 1096 1760 1151 vetitum
1796 1110 1915 1152 esse

342 1180 577 1239 Nicmnis
622 1185 940 1254 canonibus,
978 1202 1043 1241 ne
1093 1185 1215 1255 quis
1243 1186 1526 1257 episcopus
1582 1193 1645 1243 de
1678 1206 1736 1244 re
1759 1201 1912 1244 extra

346 1275 600 1329 ditionem
652 1291 804 1330 suam
845 1278 1017 1346 posita
1045 1280 1253 1348 judicet
1285 1299 1299 1335 :
1328 1298 1407 1345 se,
1441 1282 1484 1336 si
1525 1282 1573 1335 in
1602 1282 1690 1350 jus
1721 1298 1916 1339 vocan-

343 1366 444 1420 dus
470 1366 559 1431 sit,
597 1367 663 1422 ab
689 1368 960 1439 Egyptiis
988 1373 1253 1442 episcopis
1276 1389 1397 1429 esse
1436 1373 1807 1443 iudicandum.
1831 1377 1915 1430 Ad

343 1456 460 1512 haec
504 1463 921 1526 permovebatur
969 1462 1117 1518 falsis
1162 1466 1503 1531 rumoribus;
1550 1476 1915 1521 sacramento-

342 1562 460 1601 rum
492 1551 923 1605 communionem
944 1551 1260 1620 Origenistis
1283 1558 1613 1612 concessisse
1629 1555 1913 1624 Joannem,

343 1646 397 1694 et
423 1641 603 1695 animo
633 1656 754 1696 esse
810 1643 875 1696 ad
923 1644 1172 1700 ferendas
1221 1647 1351 1716 ipsis
1381 1650 1653 1718 suppetias
1703 1659 1912 1720 parato.

344 1729 524 1794 Quare
584 1732 651 1783 ad
708 1733 988 1801 episcopos
1023 1735 1189 1788 mittit
1244 1736 1455 1792 litteras
1492 1753 1914 1808 quaquaversus,

342 1818 604 1874 Joannem
627 1821 892 1891 dignitate
920 1834 974 1878 et
1004 1827 1316 1895 episcopatu
1341 1840 1606 1895 evertere,
1630 1841 1687 1886 et
1713 1831 1928 1887 Diosco-

346 1926 463 1963 rum
492 1926 614 1965 cum
655 1911 909 1970 fratribus
949 1931 1013 1972 ac
1039 1917 1202 1974 sociis
1244 1919 1431 1974 ulcisci
1460 1921 1607 1975 omni
1639 1922 1798 1977 modo
1828 1938 1913 1978 sa-

347 2010 557 2071 tagens,
590 2004 870 2059 consilium
908 2016 1087 2063 tamen
1136 2020 1296 2065 caute
1339 2012 1636 2080 occultans,
1666 2011 1914 2084 Origenis

346 2092 509 2148 libros
536 2096 872 2154 solummodo
900 2114 1146 2168 carpens.

415 2186 472 2241 Si
504 2189 623 2257 quis
645 2188 978 2261 Origenistas
1015 2210 1044 2248 a
1076 2194 1282 2251 Joanne
1312 2208 1566 2266 exceptos
1609 2198 1778 2255 fuisse
1815 2200 1916 2255 mi-

346 2289 516 2342 retur,
552 2295 798 2350 magnam
840 2285 978 2353 apud
1014 2300 1200 2341 onmes
1228 2287 1580 2344 Nitriensium
1622 2292 1913 2346 monacho-

345 2384 463 2422 rum
503 2371 961 2429 existimationem
1008 2375 1172 2432 fuisse
1209 2380 1549 2446 meminerit;
1593 2390 1648 2435 et
1675 2381 1914 2453 Chryso-

344 2471 522 2515 stomo
563 2461 676 2529 jam
722 2464 844 2533 inde
888 2476 1041 2522 notas
1079 2483 1202 2523 esse
1251 2468 1533 2540 TheOphili
1579 2482 1741 2540 artes,
1790 2488 1911 2528 cum

339 2551 600 2608 lsidorum
641 2556 692 2609 in
715 2557 1366 2630 ConstantinOpolitanam
1394 2562 1575 2619 sedem
1617 2565 1912 2631 intrudere,

341 2654 397 2699 et
435 2648 722 2715 quominus
750 2650 817 2704 ad
856 2666 977 2706 eam
1019 2656 1345 2711 eveheretur
1388 2655 1621 2713 Joannes
1654 2658 1914 2728 impedire

340 2747 562 2792 conatus
589 2752 692 2794 est.
728 2740 995 2797 Przeterea
1041 2743 1399 2815 Origenianos
1441 2763 1654 2804 errores
1704 2749 1913 2819 publice

340 2826 587 2883 detestati
642 2829 857 2887 fuerant
891 2833 1191 2892 Nitrienses
1241 2856 1255 2893 :
1309 2837 1436 2894 hinc
1468 2839 1621 2895 valde
1666 2852 1912 2911 suspecta

342 2918 417 2973 illi
453 2919 730 2991 Theophili
758 2926 1083 2983 criminatio.
1126 2933 1197 2982 At
1230 2944 1329 2985 nec
1351 2930 1474 2985 dum
1502 2933 1636 2987 satis
1665 2933 1913 2989 adverte-

342 3021 427 3066 rat
453 3015 572 3083 pius
607 3015 834 3072 antistes
883 3018 1253 3075 simulationes
1284 3018 1740 3091 Origenistarum,
1788 3023 1910 3092 qui-

341 3103 443 3159 bus
495 3104 736 3176 objectos
784 3124 999 3164 errores
1048 3109 1356 3180 iuramento
1416 3113 1619 3169 diluere
1676 3114 1911 3183 proclive

2018 557 2073 600 et
2106 544 2427 615 Nicephoro,
2470 547 2535 600 ad
2563 560 2705 610 eam,
2730 562 2851 601 cum
2883 545 3024 601 forte
3049 563 3210 602 curru
3239 552 3593 618 przetervebe-

2019 646 2191 702 retur,
2226 638 2525 692 accessisse
2564 636 2881 702 monachos,
2918 637 3127 708 sibique
3151 639 3327 694 illatas
3355 655 3383 694 a
3415 640 3593 695 Theo-

2021 729 2170 799 philo
2203 728 2428 799 injurias
2468 731 2805 799 exposuisse,
2854 733 2992 785 banc
3021 732 3223 786 honore
3248 734 3375 801 ipsis
3409 734 3593 789 habito

2019 819 2338 887 pollicitam,
2366 818 2608 873 futurum
2639 830 2697 873 ut
2726 820 2875 875 brevi
2905 833 3190 890 cogeretur
3221 825 3476 892 synodus,
3525 826 3591 880 ad

2019 923 2245 979 eamque
2272 908 2599 979 Theophilus
2624 920 2958 966 evocaretur.

2095 999 2161 1054 Χ.
2192 1001 2324 1055 Dum
2352 1002 2466 1057 inec
2496 1010 2806 1071 agerentur,
2840 1002 3175 1073 Epiphanius
3200 1004 3394 1061 litteris
3419 1006 3593 1062 Thoo-

2022 1092 2150 1162 phili
2192 1094 2441 1160 acceptis,
2516 1095 2710 1163 quibus
2741 1097 2807 1150 ad
2862 1098 3261 1152 convocandam
3310 1101 3589 1169 synodum,

2024 1197 2078 1241 et
2111 1186 2446 1241 damnandos
2509 1185 2850 1257 Origenistas
2906 1191 3186 1244 incitatum
3238 1189 3401 1245 fuisse
3432 1208 3592 1260 supra

2022 1279 2274 1345 diximus,
2323 1282 2466 1351 cogit
2501 1286 2870 1352 episcoporum
2913 1280 3231 1353 Cypriorum
3281 1282 3593 1349 concilium,

2026 1372 2288 1427 librorum
2332 1374 2578 1447 Origenis
2611 1376 2894 1431 lectionem
2941 1377 3160 1430 decreto
3202 1376 3468 1444 prohibet,
3508 1392 3595 1430 cu-

2015 1466 2107 1535 jus
2137 1467 2336 1521 decreti
2384 1468 2663 1539 exemplar
2714 1483 2835 1523 cum
2867 1467 2970 1521 alia
3000 1468 3054 1521 in
3105 1467 3241 1532 loca,
3268 1477 3378 1522 tum
3409 1469 3596 1538 praeci-

2022 1574 2126 1630 pue
2147 1558 2663 1631 Constantinopolim
2716 1560 2902 1625 mittit,
2934 1559 3196 1614 Joannem
3243 1561 3306 1615 ad
3348 1560 3487 1614 idem
3518 1558 3595 1612 fa-

2025 1653 2273 1708 ciendum
2302 1654 2616 1708 adhortans.
2648 1652 2941 1708 Collectam
2990 1666 3204 1721 quoque
3234 1667 3263 1705 a
3299 1649 3595 1719 Theophilo

2028 1755 2213 1814 postea
2243 1746 2505 1817 synodum
2533 1745 2878 1800 Alexandria:
2909 1747 3096 1799 eadem
3148 1746 3213 1799 de
3240 1760 3399 1799 causa
3429 1743 3595 1798 fuisse

1960 1834 2001 1889 Β
2026 1836 2269 1891 scribunt
2315 1836 2590 1901 Socrates,
2624 1846 2676 1892 et
2723 1835 3055 1891 Sozomenus
3080 1853 3093 1902 ;
3122 1846 3279 1905 negat
3312 1835 3592 1896 Baronius,

2022 1937 2077 1981 et
2108 1943 2389 1997 perperam
2418 1929 2482 1982 ad
2524 1929 2575 1982 id
2606 1938 2819 1996 tempus
2855 1928 3074 1982 relatam
3119 1928 3282 1981 fuisse
3323 1928 3389 1982 ab
3424 1927 3595 1997 impu-

2023 2022 2097 2076 ris
2126 2021 2478 2092 scriptoribus
2518 2024 2779 2095 synodum
2803 2022 3223 2077 Alexandrinam
3259 2022 3470 2088 asserit,
3504 2032 3589 2075 nt-

2022 2126 2147 2185 pote
2175 2131 2295 2185 qua:
2336 2116 2445 2186 jam
2482 2127 2605 2170 ante
2636 2118 2813 2171 fuerat
2855 2116 3144 2170 celebrata.
3180 2115 3290 2185 Ego
3319 2130 3446 2169 vero
3467 2114 3595 2183 quid

2023 2218 2288 2273 statuam,
2323 2224 2427 2263 non
2460 2208 2660 2272 habeo;
2696 2224 2819 2262 nam
2848 2223 2954 2262 non
2998 2223 3159 2261 unum
3187 2208 3445 2261 adversus
3469 2207 3593 2260 Ori—

2021 2301 2258 2370 genistas
2299 2300 2589 2355 conflatum
2627 2300 2800 2355 fuisse
2841 2300 3128 2355 concilium
3161 2307 3347 2353 narrat
3375 2298 3605 2353 POSIhu-

2022 2392 2231 2447 mianus
2261 2394 2402 2461 apud
2426 2392 2721 2463 Sulpicium
2757 2391 3046 2457 Severum,
3072 2391 3277 2461 Dialog.
3322 2409 3359 2457 ι,
3394 2406 3512 2460 cap.
3538 2391 3593 2445 5.

2094 2482 2181 2537 Xl.
2215 2482 2408 2539 Missas
2441 2485 2507 2538 ad
2539 2498 2600 2540 se
2633 2486 2702 2540 ab
2733 2484 3034 2556 Epiphanio
3084 2492 3137 2538 et
3171 2481 3467 2553 TheOphilo
3490 2482 3598 2551 epi-

2024 2576 2211 2641 stolas,
2264 2586 2596 2645 paratasque
2621 2576 2722 2632 sibi
2756 2577 2982 2631 insidias
3018 2574 3595 2644 neglexitChrysosto—

2022 2682 2162 2732 mus,
2203 2670 2549 2737 animumque
2577 2668 2629 2721 in
2669 2668 3030 2723 ecclesiastiCa
3060 2666 3398 2721 restituenda
3437 2665 3597 2719 disci-

2021 2758 2164 2827 plina
2209 2760 2417 2814 habuit.
2455 2758 2645 2828 Legati
2679 2759 2894 2812 interim
2939 2774 2966 2811 a
3000 2758 3296 2825 Theolthilo
3327 2756 3595 2811 Constan-

2027 2851 2305 2921 tinOpolim
2360 2852 2613 2906 monachi
2648 2849 2984 2919 Origenistas
3040 2849 3233 2904 libellis
3280 2848 3595 2916 proscinde-

2018 2945 2185 2999 bant:
2212 2944 2264 2997 hi
2284 2953 2491 3006 contra,
2522 2958 2615 3012 spe
2644 2944 2794 3012 pacis
2827 2942 3111 3013 praeclusa,
3136 2940 3274 3010 apud
3308 2940 3593 2993 Arcadium

2022 3039 2406 3106 imperatorem
2454 3045 2508 3090 et
2544 3036 2867 3101 Eudoxiam,
2922 3033 3201 3102 Theophili
3251 3032 3424 3100 questi
3471 3038 3597 3084 sunt

2022 3129 2273 3199 injurias,
2325 3129 2611 3196 libelloque
2652 3128 2836 3185 oblato
2890 3141 3084 3198 graves
3142 3126 3241 3195 ipsi
3275 3133 3329 3178 et
3371 3124 3596 3177 acerbas

340 3207 478 3250 erat.
522 3196 764 3253 Notanda
802 3201 917 3254 hazc
957 3199 1267 3273 Hieronymi
1294 3204 1452 3273 epist.
1490 3204 1580 3269 65,
1642 3207 1711 3259 ad
1752 3206 1913 3260 Pam-

2022 3196 2429 3271 cr—iminationes
2462 3218 2821 3287 impegerunt,
2865 3196 3311 3285 postularuntque
3344 3223 3400 3267 ut
3422 3214 3593 3267 addu-

340 3290 515 3343 mach.
538 3303 583 3345 et
613 3292 831 3359 Ocean,
870 3310 990 3364 cap.
1020 3296 1074 3360 1,
1126 3314 1144 3347 σ
1175 3295 1390 3351 Faciam
1432 3299 1571 3366 quod
1610 3297 1784 3352 solum
1821 3313 1912 3353 ca-

342 3390 492 3446 vent,
529 3392 585 3435 ut
636 3399 788 3439 sacra
828 3400 1012 3439 eorum
1044 3398 1207 3456 atque
1252 3390 1506 3459 mysteria
1540 3390 1594 3443 in
1643 3390 1915 3460 publicum

343 3472 643 3542 proferam,
671 3488 725 3529 et
757 3477 936 3530 omnis
960 3477 1241 3547 prudentia
1274 3494 1482 3546 eorum,
1525 3496 1631 3550 qua
1661 3496 1759 3534 nos
1785 3481 1916 3536 sim-

345 3565 512 3635 plices
538 3567 748 3633 ludunt,
778 3569 828 3623 in
861 3552 1142 3639 propatulo
1182 3573 1291 3638 sit;
1326 3582 1379 3626 et
1407 3573 1495 3642 qui
1546 3574 1760 3643 neganti
1800 3575 1915 3630 voci

343 3676 451 3713 non
495 3663 747 3727 credunt,
802 3665 1026 3717 credant
1084 3664 1275 3719 saltem
1320 3667 1564 3736 arguenti
1593 3666 1752 3738 stylo.
1802 3666 1915 3723 Hoc

342 3754 487 3809 enim
512 3753 594 3808 vel
646 3755 877 3811 maxime
908 3768 1119 3823 cavent,
1151 3774 1221 3812 ne
1254 3759 1468 3827 quando
1502 3770 1688 3815 contra
1733 3771 1917 3817 aucto-

345 3864 458 3902 rem
491 3863 649 3901 suum
690 3863 875 3903 eorum
911 3851 1111 3920 scripta
1161 3861 1465 3905 teneantur.
1517 3852 1694 3907 Facile
1732 3853 1918 3908 dicunt

345 3953 465 3992 cum
491 3938 823 4005 iuramento,
856 3942 996 4010 quod
1053 3952 1235 4012 postea
1271 3943 1378 3997 alio
1422 3943 1630 3999 solvant
1656 3945 1913 4014 periurio.

343 4033 426 4087 Ad
456 4032 869 4103 suscriptionem
900 4036 1345 4106 tergiversantur,
1373 4045 1723 4106 quaeruntque
1750 4035 1915 4091 sulfu-

343 4124 452 4195 gia.
491 4123 640 4179 Alius
678 4124 832 4179 :Non
869 4141 1107 4192 possum,
1141 4126 1334 4196 inquit,
1367 4127 1629 4183 damnare
1652 4129 1791 4198 quod
1819 4144 1915 4183 ne-

345 4234 434 4273 mo
466 4219 762 4272 damnavit.
800 4218 949 4274 Alius
985 4236 999 4272 :
1032 4218 1176 4274 Nihil
1224 4235 1386 4289 super
1434 4221 1536 4276 hoc
1573 4237 1604 4275 a
1664 4221 1914 4278 Patribus

342 4320 605 4365 statutum
640 4320 759 4376 est;
788 4324 847 4366 ut
882 4313 1005 4366 dum
1034 4313 1198 4366 totius
1221 4312 1368 4367 orbis
1384 4324 1704 4382 provocatur
1729 4325 1914 4369 aucto-

344 4402 494 4467 ritas,
522 4403 892 4458 subscribendi
920 4403 1209 4458 necessitas
1226 4403 1520 4459 ditl‘eratur.
1539 4406 1762 4473 Quidam
1786 4420 1915 4461 con-

344 4494 597 4559 stantius,
638 4494 935 4560 Quomodo,
971 4494 1163 4563 inquit,
1198 4493 1568 4549 damnabimus
1593 4509 1726 4564 quos
1762 4509 1913 4565 syno-

344 4587 445 4641 dus
480 4586 693 4640 Nicaena
729 4602 831 4640 non
873 4587 1119 4655 tetigit?»
1150 4588 1323 4655 Atque
1351 4586 1403 4640 id
1435 4602 1538 4641 non
1566 4587 1630 4640 de
1665 4588 1913 4642 omnibus

343 4677 679 4746 Origenistis,
723 4686 1067 4747 quotcunque
1092 4680 1157 4731 ad
1194 4677 1640 4748 Chrysostomum
1662 4677 1915 4749 confuge-

346 4779 489 4834 rant,
549 4772 874 4825 intellectum
928 4772 1109 4835 velim,
1157 4787 1280 4825 nam
1339 4774 1534 4840 partim
1577 4774 1909 4839 orthodoxis,

346 4857 538 4926 partim
572 4857 908 4912 heterodoxis
941 4861 1081 4913 hanc
1107 4861 1414 4916 constitisse
1451 4871 1720 4916 catervam
1759 4873 1916 4931 puto;

344 4948 481 5003 adeo
532 4959 589 5003 ut
632 4950 705 5004 illi
744 4966 809 5004 ex
860 4952 1057 5019 animo,
1115 4954 1166 5007 hi
1201 4964 1451 5008 oretenus
1478 4969 1690 5010 errores
1727 4954 1915 5025 Orige-

347 5043 435 5096 nis
476 5042 874 5098 damnaverint.
932 5044 1061 5110 Quae
1102 5062 1224 5100 cum
1253 5046 1640 5116 Chrysostomo
1696 5048 1916 5102 minime

340 5143 623 5204 perspecta
664 5149 781 5188 esse
816 5145 1052 5203 possent,
1081 5137 1243 5190 corda
1289 5137 1396 5190 Deo
1427 5137 1712 5191 scrutanda
1749 5138 1911 5192 relin—

344 5236 540 5292 quens,
575 5223 755 5277 verbis
789 5225 905 5279 illos
949 5227 1195 5279 haeresim
1246 5225 1489 5293 ejurasse
1519 5228 1650 5281 satis
1698 5229 1906 5284 habuit.

343 5316 592 5370 Accessit
631 5315 818 5369 eodem
868 5314 1098 5370 fortasse
1142 5316 1319 5385 aliqua
1342 5315 1652 5387 Origeniani
1682 5318 1909 5373 nominis

343 5406 663 5469 reverentia,
701 5404 854 5474 cujus
900 5408 1098 5475 scripta
1152 5408 1388 5461 studiose
1434 5408 1701 5462 lectitasse
1741 5407 1908 5463 Joan-

346 5512 492 5562 nem,
520 5497 795 5564 multaque
823 5512 888 5550 ex
928 5497 993 5551 iis
1023 5497 1089 5552 ad
1130 5511 1257 5551 suos
1287 5499 1625 5554 transtulisse
1662 5516 1789 5554 usus
1813 5501 1908 5555 ob-

349 5604 593 5645 servasse
624 5589 753 5643 mihi
781 5589 981 5655 videor,
1011 5601 1066 5645 et
1118 5591 1170 5646 in
1201 5593 1551 5662 sequentibus
1586 5593 1729 5648 notis
1765 5607 1910 5648 com-

347 5683 616 5751 probasse.

421 5773 671 5830 Eadoxim
713 5790 925 5845 quoque
956 5776 1205 5845 Augusta.-
1253 5778 1634 5833 humanitatem
1668 5776 1909 5847 Origeni-

2019 3317 2235 3362 ceretur
2264 3307 2345 3362 vel
2398 3307 2624 3371 invitus,
2683 3316 2737 3361 et
2770 3322 2951 3361 coram
2977 3305 3183 3361 Joanne
3226 3305 3595 3359 vadimonium

2020 3404 2274 3467 sisteret;
2335 3400 2550 3455 conficti
2584 3414 2712 3455 vero
2768 3399 3055 3453 adversum
3098 3413 3156 3453 se
3188 3398 3594 3451 accusationum

2017 3493 2180 3548 libelli
2233 3492 2503 3563 praefectis
2551 3493 2699 3547 urbis
2753 3492 3081 3561 dijudicaudi
3130 3490 3593 3559 permitterentur.

2018 3582 2350 3637 Adducendo
2408 3580 2714 3651 Theophilo
2750 3581 2982 3635 mittitur
3037 3579 3420 3633 Alexandriam
3470 3578 3595 3632 Ela-

2019 3675 2210 3745 phius;
2243 3688 2462 3729 causam
2492 3673 2796 3729 libellorum
2833 3682 2887 3728 et
2915 3673 3319 3727 accusationum
3354 3672 3593 3740 praefecti

2017 3773 2375 3832 cognoscunt.
2412 3762 2755 3831 Deprehensa
2788 3761 3262 3830 Theophilensium
3295 3762 3591 3829 legatorum

2017 3852 2309 3917 calumnia,
2373 3854 2580 3908 crimen
2627 3852 2680 3906 hi
2713 3851 2764 3905 in
2796 3850 3149 3920 TheOphilnm
3192 3850 3496 3914 conferunt,
3525 3851 3592 3903 ab

2027 3960 2200 4013 eoque
2226 3945 2549 4001 subornatos
2607 3959 2727 4000 sese
2779 3945 3034 3999 fatentur.
3074 3942 3327 4011 Flagellis
3356 3942 3593 4011 graviter

2016 4039 2140 4091 caesi
2185 4037 2542 4092 detruduntur
2580 4037 2634 4091 in
2694 4051 2996 4101 carcerem,
3043 4035 3218 4104 quoad
3262 4033 3591 4101 Theophilus

2015 4141 2231 4181 causam
2263 4142 2361 4196 pro
2388 4141 2449 4182 se
2476 4128 2724 4181 dicturus
2756 4127 2969 4180 adesset
3002 4144 3014 4178 :
3051 4140 3157 4194 quo
3181 4125 3354 4179 serius
3384 4125 3590 4178 adven-

2014 4231 2163 4274 tante
2204 4234 2328 4289 pars
2362 4221 2414 4274 in
2455 4220 2690 4276 vinculis
2733 4220 2890 4288 obiit,
2947 4232 3069 4287 pars
3105 4219 3156 4271 in
3190 4217 3417 4271 insulam
3460 4216 3591 4270 Pro-

2016 4327 2310 4367 connesum
2343 4313 2656 4381 deportatur
2703 4321 2825 4380 post
2857 4312 3141 4364 adventum
3178 4307 3481 4375 Theophili,
3504 4305 3591 4374 jn-

2014 4401 2197 4455 dicum
2228 4402 2429 4455 animis
2471 4401 2698 4469 pecunia
2731 4400 2968 4455 mollitis.
3018 4400 3141 4453 llaec
3175 4400 3245 4451 ita
3283 4414 3312 4450 a
3348 4396 3587 4450 Palladio

2015 4492 2348 4547 referuntur.
2391 4493 2808 4563 Cbrysostomus
2861 4492 3074 4545 interim
3105 4488 3436 4558 Origenistas
3465 4503 3590 4542 con-

2020 4585 2157 4640 siliis
2191 4594 2246 4639 et
2274 4583 2602 4638 auctoritate
2648 4598 2741 4637 sua
2790 4581 3007 4650 juvasse
3035 4582 3275 4636 creditus
3308 4591 3409 4635 est.
3438 4581 3585 4647 Quo-

2020 4680 2166 4733 circa
2192 4676 2293 4732 sub
2322 4674 2584 4730 Barnabaa
2642 4674 2862 4729 nomine
2900 4676 3130 4731 obscure
3159 4674 3227 4729 ab
3258 4673 3585 4743 Hieronymo

2020 4768 2405 4840 perstringitur
2444 4768 2495 4821 in
2528 4766 2696 4835 Epist.
2726 4764 2793 4818 16
2836 4766 2903 4817 ad
2938 4763 3265 4833 Principiam
3304 4782 3321 4818 :
3361 4784 3379 4816 ‹
3411 4764 3585 4819 Refri-

2018 4864 2225 4924 gerata,
2257 4854 2449 4923 inquit,
2475 4853 2741 4906 charitate
2782 4852 3096 4917 multorum,
3128 4854 3282 4922 pauci
3316 4852 3407 4921 qui
3431 4867 3582 4906 ama-

2015 4948 2146 5002 bant
2170 4948 2292 5002 tidei
2324 4949 2609 5001 veritatem
2642 4955 2827 5000 nostro
2866 4944 3409 5016 laterijungebantnr,
3445 4962 3579 5015 quo-

2021 5056 2135 5094 rum
2171 5040 2386 5110 publice
2415 5040 2697 5109 petebatur
2729 5047 2910 5107 caput,
2938 5047 3123 5091 contra
3155 5052 3290 5106 quos
3320 5053 3447 5105 opes
3467 5053 3581 5092 om-

2019 5148 2116 5186 nes
2145 5132 2507 5200 parabantur;
2563 5130 2636 5184 ita
2667 5138 2723 5184 ut
2743 5129 3019 5184 Barnabas
3058 5144 3273 5199 quoque
3297 5130 3582 5184 duceretur

2017 5224 2070 5278 in
2124 5224 2265 5278 illaut
2317 5224 2738 5288 simulationem,
2795 5224 2902 5277 imo
2933 5231 3177 5291 apertum
3209 5220 3579 5289 parricidium,

2017 5316 2157 5386 quod
2188 5330 2291 5369 non
2321 5315 2548 5381 viribus,
2576 5316 2669 5369 sed
2696 5314 2973 5367 voluntate
2995 5312 3285 5367 commisit.
3311 5330 3329 5362 ι

2088 5404 2203 5461 XII.
2236 5404 2465 5476 Jamque
2493 5406 2633 5459 fama
2659 5406 3048 5476 percrebuerat
3075 5403 3213 5458 male
3238 5404 3289 5457 in
3319 5402 3578 5458 Joannem

2016 5498 2263 5553 affectum
2292 5513 2414 5553 esse
2460 5497 2838 5567 Tthphilum,
2895 5507 2948 5550 et
2971 5512 3162 5551 causas
3193 5510 3434 5566 quaerere
3465 5511 3583 5565 qur-

2006 5580 2116 5647 bus
2145 5607 2267 5645 eum
2319 5591 2447 5645 sede
2499 5589 2774 5657 dejiceret.
2820 5586 2935 5643 Hoc
2993 5588 3264 5643 intellecto
3296 5586 3579 5641 concilium

2015 5683 2479 5753 Constantinopoli
2546 5684 2661 5753 cogi
2711 5682 2896 5735 volunt
2927 5680 3235 5751 optimates,
3289 5689 3343 5733 et
3401 5679 3581 5733 clerici

2017 5778 2337 5847 complures,
2376 5793 2599 5846 quorum
2633 5775 2944 5831 inimicitias
2987 5775 3407 5843 Cbrysostomus
3438 5788 3587 5828 seven
