4068 6308
625 311 756 368 1151

1910 308 1969 364 Ρ.
2015 306 2340 363 DANIELISI
2367 307 2606 365 HUETII

3689 319 3788 378 “5?.

624 433 788 487 ritate
813 447 914 488 sua
955 433 1057 489 sibi
1108 441 1414 505 pepererat.
1470 432 1732 489 Futurum
1762 434 1812 490 id
1840 434 2074 502 pollicita
2097 431 2206 501 jam
2237 435 2283 489 Α
2315 430 2484 484 nistas
2529 431 2596 485 ad
2630 429 3003 501 Epiphanium
3047 429 3358 498 quaesivisse
3403 446 3523 486 num
3568 431 3788 503 aliquando

625 534 754 578 ante
777 523 1102 596 Origeuistis
1134 527 1309 580 fuerat
1353 525 1615 580 Eudoxio.
1653 523 1836 595 Itaque
1873 523 2204 594 Theophilus

622 613 912 686 Egyptios
964 617 1248 686 episcopos
1279 633 1344 673 eo
1398 617 1682 672 conlestim
1737 617 1990 688 navigare
2029 616 2202 684 jubet,

624 710 899 764 antistites
927 709 1164 765 Orientis
1193 711 1259 766 ad
1303 711 1592 765 concilium
1643 710 1854 765 invitat.
1898 709 2007 765 Nec
2035 707 2204 763 multo

625 810 745 868 post
783 801 959 870 Cypro
1017 802 1238 856 solvens
1300 803 1630 872 Epiphanius
1681 803 2200 872 Constantinopolim

625 893 864 963 appellit.
891 892 1113 948 Obviam
1140 911 1459 964 progressus
1492 896 1725 951 Joannes
1753 898 1914 953 totius
1948 898 2076 952 eleri
2111 913 2201 953 co«

623 988 817 1041 mitatu
842 988 1214 1042 advenientem
1242 990 1569 1052 honestavit,
1617 1005 1720 1046 nec
1753 1005 1818 1046 eo
1854 992 2083 1062 perpulit
2118 1001 2198 1045 ta-

625 1095 747 1135 men
779 1095 837 1134 ttt
861 1082 1092 1151 hospitio
1124 1096 1246 1143 suo,
1279 1081 1362 1136 vel
1402 1082 1652 1139 domibus
1691 1085 2102 1153 ecclesiasticis,’
2117 1087 2200 1141 vel

623 1186 719 1225 sua
743 1171 974 1242 denique
996 1175 1388 1229 consuetudine
1415 1176 1491 1229 uti
1526 1176 1684 1230 vellet
1716 1195 1730 1230 :
1771 1179 1904 1232 adeo
1930 1177 2198 1233 infensum

625 1262 821 1319 Joanni
860 1267 1102 1320 animum
1142 1275 1364 1336 propter
1393 1279 1674 1338 susceptos
1709 1268 2042 1340 Origenistas
2091 1287 2200 1340 prze

623 1372 684 1412 se
717 1357 943 1414 ferebat.
981 1359 1175 1414 Statim
1222 1361 1550 1430 Epiphanius
1587 1363 1653 1417 ad
1685 1378 1742 1418 se
1781 1373 2044 1420 convocat
2086 1367 2200 1434 epi-

626 1465 821 1522 scopos
853 1452 943 1521 qui
969 1461 1077 1506 tum
1127 1452 1269 1508 forte
1299 1455 1764 1524 ConstantinOpoli
1795 1457 2195 1512 versabantur:

625 1543 839 1596 decreta
887 1545 1210 1615 synodorum
1248 1545 1478 1615 profert,
1521 1548 1719 1616 quibus
1751 1548 1976 1604 lectione
2004 1547 2196 1621 Orige-

623 1634 708 1688 nis
737 1635 985 1689 omnibus
1016 1635 1469 1705 interdicebatur;
1502 1639 1738 1706 postulat
1769 1649 1826 1694 ut
1853 1655 1912 1694 ea
1939 1641 2040 1706 ipsi
2064 1657 2197 1710 quo-

619 1737 729 1792 que
772 1723 1044 1795 suffragiis
1071 1726 1184 1781 suis
1211 1729 1548 1782 confirment.
1602 1729 1904 1786 Paruerunt
1933 1733 2193 1798 nonnulli,

620 1815 804 1884 plures
841 1815 1296 1874 detrectaverunt.
1345 1819 1398 1873 In
1432 1820 1516 1876 his
1543 1821 1858 1878 Theotimus
1885 1823 2198 1881 Tomitanus

621 1906 926 1974 episcopus,
973 1918 1225 1975 spectata:
1269 1911 1351 1964 vir
1409 1915 1734 1975 sanctitatis.
1792 1916 2032 1984 iniquum
2079 1933 2200 1974 esse

623 1997 778 2064 dixit,
805 2000 1006 2053 homini
1027 2001 1346 2069 jampridem
1375 2014 1588 2059 moutuo
1616 2006 1863 2075 injuriam
1890 2010 2112 2074 inferre,
2145 2021 2200 2066 et

623 2089 886 2156 majorum
921 2092 987 2145 de
1016 2109 1080 2147 eo
1108 2093 1325 2148 decreta
1381 2098 1689 2153 rescindere
1731 2119 1746 2154 :
1791 2115 1898 2168 quo
1937 2101 2081 2157 dicto
2138 2103 2200 2156 li-

623 2182 776 2236 brum
801 2187 1085 2253 quemdam
1117 2184 1368 2257 Origenis
1398 2190 1624 2257 profert,
1660 2191 2010 2262 pellecﬁsque
2037 2195 2202 2249 versi-

618 2275 719 2328 bus
754 2275 984 2344 aliquot,
1013 2279 1210 2346 quibus
1242 2278 1494 2334 Ecclesia:
1525 2281 1683 2337 utiles
1718 2285 1999 2339 sentcntiae
2025 2288 2197 2340 conti-

617 2365 885 2420 nebantur
911 2386 924 2421 :
950 2369 1280 2439 lntelligant,
1309 2372 1502 2440 inquit,
1525 2374 1614 2441 qui
1646 2375 1812 2429 libros
1839 2374 2086 2446 Origenis
2118 2393 2199 2432 re-

617 2457 867 2524 pudiant,
903 2459 1016 2513 haec
1048 2477 1260 2529 quoque
1289 2479 1316 2515 a
1364 2479 1423 2517 se
1479 2463 1772 2531 repudiari.
1814 2465 1988 2520 Nihilo
2019 2478 2194 2521 tamen

617 2549 794 2602 secius
837 2552 1044 2620 roganti
1092 2551 1500 2622 Chrysostomo,
1539 2564 1596 2609 ut
1650 2571 1752 2608 una
1790 2559 2191 2624 secumfdomo,

617 2649 675 2694 et
711 2657 812 2693 una
847 2639 1087 2696 Ecclesia
1131 2653 1396 2711 uteretur,
1428 2647 1758 2712 renuntiavit
1787 2647 2118 2717 Epiphanius
2141 2649 2193 2702 in

618 2730 810 2786 domus
837 2741 888 2785 et.
917 2747 1134 2800 precum
1176 2739 1608 2794 communionem
1641 2755 1764 2794 cum
1793 2741 1885 2795 illo
1920 2757 2040 2797 sese
2066 2758 2195 2798 ven-

619 2825 819 2876 turum.
874 2820 946 2873 ita
979 2823 1020 2875 si
1052 2821 1218 2876 libros
1253 2824 1505 2895 Origenis
1540 2829 1816 2895 damnare,
1857 2841 1910 2886 et
1941 2831 2191 2904 Origeni-

619 2921 732 2963 stas
762 2908 1050 2980 Egyptios
1081 2931 1109 2968 a
1139 2932 1195 2970 sc
1241 2919 1469 2988 rejicere
1501 2920 1663 2976 vellet
1697 2941 1709 2976 :
1745 2925 1887 2992 quod
1917 2941 2037 2980 cum
2070 2937 2194 2982 ante

617 3001 1059 3070 disceptationem
1086 3025 1261 3064 causae
1289 3011 1466 3065 facere
1488 3025 1768 3070 recusaret
1796 3015 2050 3080 Joannes,
2077 3034 2193 3086 per-

617 3109 810 3149 suasus
841 3104 920 3149 est
952 3097 1280 3168 Epiphanius
1328 3117 1356 3155 a
1388 3103 1712 3170 quibusdam
1741 3105 1963 3162 Joannis
2001 3112 2192 3164 adverc

616 3184 798 3247 sariis,
828 3195 888 3240 ut
919 3188 968 3241 in
1000 3191 1254 3257 templum
1293 3193 1690 3260 Apostolorum,
1724 3210 1832 3271 quo
1869 3197 2190 3253 celebranda

614 3287 734 3330 erat
767 3276 1018 3348 Synaxis,
1050 3282 1260 3348 publice
1285 3285 1542 3358 prodiret,
1571 3286 1853 3342 damnaret
1887 3289 2050 3344 libros
2079 3291 2193 3347 Ori-

614 3368 767 3437 genis
796 3385 858 3423 ac
887 3369 1235 3438 Origcnistas.
1270 3384 1323 3427 et
1350 3375 1791 3447 Chrysostomttm
1816 3380 1986 3449 ipsum
2018 3383 2188 3436 inces-

613 3469 777 3513 seret.
813 3459 877 3513 Et
907 3461 1122 3518 fecisset
1161 3480 1310 3530 sane,
1337 3467 1439 3519 nisi
1464 3467 1576 3537 jam
1610 3470 1806 3539 templo
1832 3473 2188 3543 propinquum

614 3553 835 3607 adiisset
866 3555 1126 3623 Serapion
1181 3559 1440 3612 diaconus
1486 3575 1513 3612 a
1548 3559 1755 3618 Joanne
1803 3566 2020 3630 missus,
2075 3584 2190 3622 mo-

611 3643 927 3712 nuissetque
950 3647 1188 3714 periculo
1241 3649 1407 3716 ipsius
1459 3650 1717 3718 futurum,
1755 3653 1798 3708 si
1833 3656 1974 3724 quod
2007 3658 2188 3712 animo

610 3733 1003 3802 destinaverat,
1033 3739 1208 3807 reipsa
1247 3750 1560 3808 prmstaret;
1591 3743 1654 3796 ad
1685 3745 2003 3800 seditionem
2029 3749 2188 3816 quip-

611 3840 679 3893 pe
705 3843 816 3880 rem
843 3839 1105 3894 spectare.
1140 3831 1519 3888 Admonitione
1543 3837 1833 3892 deterritus
1862 3838 2189 3909 Epiphanius

611 3918 796 3984 pedem
826 3920 1020 3974 retulit.

682 4005 817 4060 XIII.
849 4008 1004 4063 Circa
1043 4011 1182 4065 idem
1220 4023 1429 4084 tempus
1462 4019 1606 4073 hunc
1642 4021 1785 4076 inter
1809 4032 1859 4076 et
1889 4023 2184 4078 Eudoxiam

612 4099 858 4168 simultas
889 4101 1224 4156 intervenit:
1275 4121 1492 4159 causam
1538 4111 1687 4164 varie
1723 4113 2019 4182 scriptores
2059 4131 2188 4170 nar-

609 4202 753 4246 rant.
802 4192 1056 4247 Scribunt
1107 4195 1216 4251 Leo
1271 4197 1564 4266 imperator
1623 4211 1677 4254 et
1722 4203 1938 4259 Simeon
2011 4205 2183 4261 Meta-

611 4285 860 4354 pbrastes
908 4287 1203 4342 Eudoxiatu
1255 4292 1576 4359 Augustam,
1627 4293 1851 4348 inimico
1887 4307 1944 4350 ιιι
1977 4307 2097 4352 erat
2131 4300 2182 4355 in

609 4377 1053 4447 Chrysostomum
1099 4381 1303 4449 animo,
1337 4381 1512 4451 ipsum
1565 4385 1834 4442 haereseos
1877 4390 2016 4456 apud
2059 4391 2184 4460 Epi-

2219 3160 2263 3218 C

2310 523 2363 577 in
2394 523 2560 578 libros
2585 539 2712 577 suos
2739 523 2820 578 vel
2847 522 3140 592 discipulos
3172 522 3481 589 incidisset;
3513 539 3706 594 negante
3726 530 3789 584 illo

2309 624 2657 683 percontatos
2692 616 2832 668 unde
2866 629 2924 668 se
2950 614 3238 669 haereticos
3270 614 3694 683 deprehendisset,
3728 624 3790 690 qui

2310 705 2592 758 sentcntiae
2619 719 2731 758 sua:
2757 704 2963 758 nullum
3017 703 3232 758 fecisset
3277 705 3596 773 periculum;
3623 709 3722 764 huic
3747 728 3792 766 ex

2259 798 2264 802 ’
2309 797 2495 850 auditu
2525 811 2583 851 se
2606 795 2938 851 intellexisse
2977 796 3353 864 respondenti,
3392 797 3659 866 subiecisse
3677 802 3794 858 illos:

2307 887 2476 943 Nobis
2509 903 2636 942 vero
2679 887 3013 943 contrarium
3064 887 3269 951 evenit,
3317 903 3436 941 nam
3484 903 3546 943 ex
3587 891 3798 962 discipulis

2309 983 2417 1036 tuis
2443 991 2496 1037 et
2524 980 2694 1045 libris,
2733 995 2796 1036 ac
2828 980 3094 1035 Ancorato
3141 981 3405 1051 pratcipue
3440 991 3526 1036 tua
3568 985 3698 1040 nobis
3717 1003 3799 1055 per-

2315 1084 2502 1144 specta
2543 1074 2811 1129 sententia
2865 1073 3150 1128 nonnullos
3191 1088 3332 1142 szepe
3365 1073 3704 1142 refutavimus,
3735 1083 3798 1149 qui

2309 1168 2584 1222 haeresws
2619 1165 2946 1220 calumniam
2981 1165 3080 1220 tibi
3110 1165 3516 1235 impingebant;
3551 1183 3704 1235 parem
3729 1173 3801 1225 ita-

2308 1276 2415 1330 que
2438 1260 2592 1314 oobis
2621 1259 2794 1313 vicem
2823 1257 3126 1313 retribuere
3151 1258 3417 1313 debueras
3442 1276 3455 1312 :
3479 1259 3557 1314 his
3577 1262 3800 1320 intellectis

2311 1353 2581 1422 placatum
2625 1352 2985 1422 Epiphanium
3039 1351 3185 1406 viros
3223 1351 3493 1407 dimisisse
3529 1370 3542 1418 ;
3591 1363 3637 1408 et
3672 1355 3797 1424 ipsum

2304 1459 2519 1514 quoque
2550 1443 2708 1513 paulo
2740 1453 2862 1513 post
2900 1444 3181 1512 navigasse
3225 1443 3278 1498 in
3316 1442 3561 1514 Cyprum,
3589 1446 3683 1500 sive
3698 1446 3800 1502 Con-

2306 1535 2656 1604 stantinopoli
2709 1535 3060 1605 paenituisset
3119 1550 3242 1589 eum
3300 1535 3524 1599 itineris,
3567 1537 3664 1591 sive
3697 1537 3800 1595 Deus

2303 1634 2524 1689 oraculo
2545 1643 2776 1688 mortem
2820 1633 3026 1688 instare
3081 1634 3404 1686 monuisset.
3444 1632 3636 1698 Ecquas
3671 1634 3794 1691 disce.

2303 1727 2464 1783 dendi
2501 1741 2694 1781 causas
2749 1724 3018 1789 habuerit,
3068 1725 3338 1778 incertum
3383 1733 3482 1780 est.
3531 1725 3666 1780 Certe
3685 1737 3795 1782 ante-

2233 1799 2276 1854 Β
2304 1835 2462 1889 quam
2495 1819 2760 1888 attigisset
2787 1816 3044 1888 Cyprum,
3080 1817 3133 1870 in
3159 1817 3274 1886 ipsa
3307 1816 3681 1882 navi'decessit,
3707 1793 3798 1874 ειιιιιΙ

2295 1911 2406 1980 jam
2451 1918 2594 1965 esset
2632 1923 2824 1978 magno
2863 1917 3013 1962 natu.
3066 1907 3203 1962 Fato
3250 1924 3464 1977 quoque
3505 1909 3694 1964 circiter
3722 1911 3795 1966 hoc

2303 2011 2514 2072 tempus
2539 2001 2792 2056 exstincti
2829 2009 2958 2054 sunt
3004 2000 3480 2070 Constantinopoli
3520 2000 3731 2068 Isidorus,
3757 2012 3797 2057 et

2303 2095 2611 2159 Dioscorus,
2639 2101 2693 2146 et
2726 2092 2884 2161 paulo
2911 2101 3036 2160 post
3071 2091 3415 2157 Ammonius,
3461 2107 3678 2162 magnam
3712 2103 3796 2162 post

2300 2187 2511 2240 obitum
2551 2184 2852 2238 sanctitatis
2881 2181 3080 2236 fatuam
3125 2183 3421 2238 consecuti.
3471 2183 3578 2250 Quo
3615 2193 3796 2252 tempore

2300 2293 2474 2331 annus
2501 2277 2766 2346 agebatur
2787 2274 2910 2329 405.

2374 2369 2517 2425 XIV.
2551 2367 2691 2434 Quid
2726 2369 2791 2422 de
2827 2368 2928 2421 hoc
2974 2367 3191 2432 itinere,
3222 2366 3533 2437 itinerisque
3568 2383 3704 2424 causa
3730 2369 3793 2422 lit-

2299 2459 2428 2512 teris
2472 2456 2752 2512 tradiderit
2820 2456 3074 2527 Polybius
3127 2456 3409 2526 Epiphanii
3465 2459 3714 2527 discipulus
3751 2473 3794 2513 ac

2297 2549 2496 2613 socius,
2540 2563 2604 2602 ac
2648 2563 2828 2602 rerum
2884 2548 3126 2602 omnium
3173 2549 3423 2605 oculatus
3469 2551 3622 2613 testis,
3658 2565 3790 2619 operte

2299 2639 2531 2709 pretium
2596 2648 2678 2693 est
2735 2655 3084 2710 cognoscere.
3133 2641 3345 2696 Scribit
3387 2641 3472 2696 ille
3510 2641 3790 2709 Theophilum

2295 2732 2485 2788 Joanni
2514 2732 2904 2804 Cbrysostomo
2932 2735 3199 2789 iufensmn
3271 2735 3339 2788 ob
3387 2734 3704 2790 communioni
3730 2749 3792 2788 re-

2297 2826 2513 2881 stitutos
2545 2825 2762 2894 Longos
2804 2824 3024 2888 fratres,
3055 2841 3177 2880 cum
3208 2825 3592 2896 imperatricem
3631 2825 3790 2878 mittere

2298 2919 2439 2972 hunc
2475 2917 2528 2970 in
2566 2918 2816 2972 exsilium
2851 2916 2986 2970 velle
3033 2918 3366 2985 accepisset,
3413 2917 3461 2970 id
3496 2927 3547 2970 ut
3573 2917 3792 2985 perlicere-

2299 3018 2383 3062 tur
2417 3023 2760 3078 summopere
2813 3009 3136 3072 laborasse;
3172 3009 3388 3064 dedisse
3439 3009 3595 3078 itaque
3630 3007 3788 3062 litteras

2300 3102 2364 3153 ad
2401 3101 2784 3170 Epiphaniam,
2817 3102 3016 3171 quibus
3042 3101 3374 3169 Origenismi
3411 3099 3628 3156 Joannem
3661 3113 3787 3151 accu-

2297 3194 2484 3256 sabat;
2523 3191 2686 3244 aliam
2729 3200 2908 3245 autem
2945 3193 3014 3246 ob
3065 3207 3299 3246 causam
3345 3186 3786 3256 Constantinopolim

2295 3285 2672 3352 navigaturqu
2727 3283 3085 3352 Epiphanium
3141 3299 3208 3338 eo
3259 3283 3432 3353 magis
3475 3279 3784 3351 profectionem

2294 3376 2650 3440 accelerasse,
2684 3391 2788 3429 non
2821 3377 3209 3447 Chrysostomo
3247 3385 3425 3431 tamen
3473 3372 3663 3429 nocendi
3697 3380 3784 3424 stu-

2295 3469 2418 3524 dio:
2451 3483 2699 3538 magnam
2735 3479 2842 3521 tum
2870 3467 3041 3521 fuisse
3075 3469 3127 3522 In
3161 3469 3302 3524 urbe
3335 3467 3474 3538 regia
3508 3480 3658 3521 rerum
3694 3476 3785 3531 per-

2293 3561 2674 3626 turbationem,
2717 3568 2936 3630 propter
2963 3559 3221 3614 Eudoxiaa
3257 3575 3322 3616 ac
3349 3556 3679 3632 Chrysostomi
3705 3555 3788 3607 dis-

2292 3655 2429 3710 sidia
2468 3670 2482 3718 ;
2539 3653 2845 3724 ingressum
2893 3653 3288 3708 monasterium
3326 3652 3575 3724 quoddam
3608 3646 3789 3718 Epipha-

2293 3745 2440 3798 nium
2473 3744 2797 3797 necessitate
2825 3743 2992 3797 fuisse
3021 3754 3297 3810 coactum,
3321 3752 3378 3796 ut
3408 3738 3658 3812 quemdam
3681 3735 3790 3790 ordi-

2291 3846 2446 3890 narct
2471 3853 2485 3900 ;
2509 3851 2650 3905 mgre
2681 3836 2730 3888 id
2760 3835 2945 3889 tulisse
2974 3834 3425 3906 Cbrysostomum
3452 3851 3464 3894 ;
3497 3833 3606 3886 hinc
3626 3829 3788 3883 dissen-

2289 3927 2472 3981 siones
2496 3928 2638 3980 inter
2672 3935 2960 3994 utrumque
3001 3926 3323 3991 exstitisse;
3391 3921 3645 3980 Eudoxiam
3683 3929 3786 3970 vero

2292 4017 2376 4071 his
2410 4016 2703 4086 compertis
2753 4017 3112 4073 accersivisse
3157 4018 3529 4088 Epiphanium,
3572 4015 3788 4068 hereseos

2288 4123 2571 4162 accusasse
2602 4109 3063 4179 Chrysostomum,
3119 4120 3172 4163 et
3201 4110 3498 4179 postulasse
3517 4116 3565 4162 ut
3587 4119 3638 4158 eo
3660 4104 3790 4156 abro-

2287 4212 2409 4272 gato
2445 4201 2608 4255 alium
2645 4199 3112 4269 Constantinopoli
3155 4202 3466 4270 episc0pum
3509 4195 3788 4267 praeﬁceret;

2288 4295 2633 4363 respondisse
2678 4293 3062 4364 Epiphanium,
3103 4293 3408 4349 sacerdotio
3459 4291 3644 4362 quidem
3684 4283 3790 4337 indi-

2287 4402 2453 4455 gnum
2488 4401 2608 4441 esse
2643 4384 2930 4452 Joannem,
2961 4387 3006 4442 si
3035 4387 3210 4456 reipsa
3265 4388 3318 4442 in
3356 4385 3585 4442 haeresim
3618 4376 3790 4435 incidis-

611 4465 866 4532 pbauium
914 4485 1207 4525 accusasse
1244 4489 1259 4538 ;
1328 4471 1626 4540 postulasse
1684 4475 2060 4544 Epiphaniam,
2120 4491 2180 4534 ut
2212 4499 2256 4553 ι)
2285 4487 2403 4543 set;
2436 4477 2516 4531 sin
2547 4478 2656 4544 ipsa
2683 4477 2748 4529 ad
2779 4476 3110 4531 ulciscendas
3180 4477 3419 4546 privatas
3464 4474 3662 4544 injurias
3693 4479 3786 4521 eum

609 4569 828 4610 causam
877 4559 1121 4618 dicturus
1170 4562 1404 4618 Joannes
1445 4576 1844 4632 accerseretur,
1878 4583 1937 4622 se
1981 4569 2180 4639 alioqui

607 4646 831 4702 minime
888 4665 1280 4722 assensurum;
1328 4656 1395 4709 ad
1445 4655 1557 4711 hmo
1613 4657 1945 4714 exrlamasse
2001 4660 2182 4733 Augu-

609 4749 768 4807 stam,
799 4743 846 4797 si
873 4741 1098 4798 Joannis
1131 4747 1357 4802 exitium
1395 4749 1724 4820 interpellet,
1757 4766 1878 4807 sese
1911 4752 2171 4808 idolorum

609 4829 810 4885 cultum
847 4833 1257 4901 restituturam;
1294 4853 1401 4906 quo
1436 4839 1622 4894 audito
1657 4841 1843 4896 dolore
1868 4842 2177 4910 perculsum

607 4922 961 4992 Epiphanium
992 4923 1126 4980 fusis
1165 4925 1416 4998 Iacrymis
1467 4929 1931 5002 Constantinopoli
1984 4948 2174 4990 exces-

607 5015 764 5068 sisse.
809 5016 877 5069 At
917 5017 1128 5070 diversa
1165 5017 1327 5072 habet
1376 5019 1709 5077 Sozomenus
1748 5041 1763 5089 ;
1821 5024 1872 5078 in
1929 5027 2176 5079 morbum

609 5103 1234 5177 iucidisseitnperatoris
1267 5109 1488 5164 filiolum
1517 5129 1530 5176 ;
1563 5113 1723 5180 hujus
1745 5115 1868 5169 vitae
1899 5116 2177 5172 timentem

612 5195 1009 5263 imperatricem
1059 5215 1280 5268 rogasse
1315 5201 1677 5271 Epiphanium
1727 5215 1786 5259 ut
1836 5222 1935 5276 pro
1969 5221 2034 5261 eo
2057 5223 2179 5264 ora-

611 5297 692 5341 ret
720 5304 734 5354 ;
770 5289 860 5357 qui
890 5305 1011 5344 cum
1054 5292 1292 5349 futurum
1324 5293 1642 5362 recepisset,
1671 5307 1732 5351 ut
1775 5301 2180 5356 convalesceret

609 5377 776 5442 Illius,
812 5379 854 5432 si
881 5380 948 5433 ab
981 5380 1415 5453 Origenistarum
1444 5385 1690 5454 partibus
1711 5387 1799 5440 illa
1832 5389 2180 5455 descisceret,

610 5471 952 5540 respondisse
1007 5473 1303 5542 Augustam
1359 5493 1373 5528 :
1448 5475 1502 5529 lu
1559 5477 1651 5531 Dei
1719 5488 1988 5548 potestate
2039 5481 2181 5535 filius

611 5574 762 5614 meus
790 5571 908 5624 est;
944 5571 998 5614 tu
1034 5577 1181 5628 vero,
1220 5564 1507 5635 Epiphani.
1544 5565 1586 5620 si
1621 5573 1860 5623 mortuos
1905 5569 1970 5622 ad
2013 5571 2176 5623 vitam

611 5664 869 5707 revocare
903 5667 1109 5722 posses,
1155 5659 1466 5726 neutiquam
1497 5658 1721 5713 obiisset
1761 5669 1884 5714 tuus
1911 5661 2179 5715 archidia-

620 5755 832 5801 conus;
868 5745 1062 5800 missos
1100 5747 1288 5802 eodem
1332 5757 1573 5820 tempore
1619 5753 1686 5807 al.
1719 5751 1956 5805 Eudoxia
1993 5751 2180 5822 Orige-

2283 4577 2642 4622 exauctorare
2675 4567 2860 4634 vellet,
2885 4569 3207 4639 neutiquam
3235 4581 3294 4624 se
3319 4568 3784 4636 obtemperaturum;

2282 4657 2641 4713 excanduisse
2669 4657 2838 4723 illam,
2870 4667 2926 4714 et
2953 4659 3357 4714 interminatam
3389 4659 3612 4712 futurum
3630 4662 3679 4705 ut
3703 4649 3786 4704 ido-

2283 4751 2458 4802 lorum
2490 4747 2684 4817 templa
2721 4751 2978 4818 aperiret,
3037 4750 3081 4806 si
3116 4749 3343 4806 Joannis
3389 4747 3568 4804 exsilio
3609 4745 3785 4799 interce-

2281 4838 2410 4894 dere
2463 4838 2656 4894 vellet:
2691 4840 2953 4910 perlalum
3018 4841 3183 4898 fuisse
3213 4843 3279 4897 ad
3301 4842 3723 4910 Chrysustomum,
3747 4831 3782 4885 in

2282 4929 2534 4985 exsilium
2566 4947 2723 4986 suum
2758 4931 3116 5002 Epiphanium
3159 4934 3528 4998 consensisse;
3557 4928 3693 4996 eique
3717 4937 3782 4974 V8-

2276 5022 2555 5078 ticinatum
2599 5023 2745 5078 illum
2777 5025 2892 5079 fore
2933 5035 2992 5080 ut
3022 5026 3074 5082 in
3109 5027 3303 5083 throno
3341 5041 3442 5080 non
3497 5019 3695 5090 amplius
3718 5029 3779 5068 se-

2277 5115 2451 5178 deret,
2500 5123 2662 5184 atque
2713 5116 2858 5170 hunc
2913 5117 3154 5173 vicissim
3207 5116 3589 5188 praenuntiasse
3626 5103 3775 5165 Joanni

2277 5203 2516 5260 futurum
2557 5214 2615 5258 ut
2638 5206 2703 5260 ad
2738 5207 2915 5261 exsilii
2966 5208 3141 5263 locum
3193 5225 3295 5264 non
3345 5207 3658 5278 perveniret;
3686 5213 3777 5253 ουυ·

2276 5312 2468 5352 scensa
2495 5299 2712 5353 demum
2749 5301 2868 5354 navi
2893 5298 3273 5368 Epiphanium,
3297 5310 3570 5368 antequam
3593 5295 3774 5364 Cyprum

2279 5389 2592 5459 attingeret,
2631 5389 2854 5443 obiisse.
2897 5389 3160 5446 Baronius
3210 5391 3280 5444 ad
3331 5407 3419 5444 an.
3448 5388 3564 5450 402,
3600 5397 3698 5451 cap.
3734 5374 3773 5438 7»

2279 5477 2470 5532 falsum
2489 5493 2609 5533 esse
2627 5478 2824 5534 asserit
2849 5481 2914 5533 ad
2957 5480 3297 5535 diaconatum
3326 5490 3626 5550 quemquam
3649 5469 3774 5524 fuisse

2284 5580 2591 5637 promotum
2653 5569 2722 5623 ab
2791 5556 3091 5640 Epiphanio
3145 5571 3198 5624 in
3251 5558 3772 5630 ConstantinOpolitaua

2287 5661 2533 5729 dioecesi,
2573 5670 2629 5717 et
2661 5661 2822 5717 unius
2847 5661 3138 5719 Sozomeni
3160 5663 3424 5718 silentium
3446 5650 3656 5728 opinioni
3689 5655 3775 5699 sua?

2297 5755 2618 5823 praetendit;
2651 5768 2872 5811 causam
2905 5769 3034 5812 vero
3067 5771 3163 5812 cur
3196 5754 3512 5825 idjactatum
3553 5747 3628 5811 sit,
3665 5740 3769 5796 hanc
