4068 6308
353 324 494 382 1255
1204 325 1776 383 ORIGENIANORUM
1812 326 1937 383 LIB.

1982 329 2046 393 ll,
2087 330 2237 385 CAP.
2282 332 2370 395 IV,
2416 333 2608 387 SEC'I.
2653 336 2716 387 ll.
3444 342 3587 398 115⁸4

350 455 472 495 esse
497 441 729 505 divinat,
762 442 907 511 quod
944 439 995 496 in
1029 440 1253 497 Joannis
1301 439 1747 513 Jerosolymitani
1792 443 1921 498 dim-
1950 452 1996 506 Α
2024 456 2312 513 praesentat
2354 446 2573 501 Photius
2624 448 2742 503 cod.
2794 465 2910 504 ιιι.
2941 452 3007 505 At
3047 451 3319 510 Palladius
3374 457 3591 529 triginta

347 533 459 587 cesi
488 534 600 603 jam
631 549 661 588 a
687 547 776 589 nte
810 535 1121 589 Pauliniano
1150 533 1460 605 Hieronymi
1488 534 1645 589 fratri
1695 536 1920 608 presby-

351 627 869 682 teriieharacterem
907 628 1276 697 imposuerat;
1312 627 1469 681 facile
1523 627 1702 697 itaque
1749 626 1922 683 Joan-

348 733 472 773 nem
534 720 1046 793 Jerosolymitanum
1125 735 1247 775 cum
1315 719 1915 791 Constantinopolitano

346 809 553 869 Joanne
608 815 902 884 scriptores
965 813 1296 869 confudisse.
1366 812 1563 869 Verum
1624 824 1683 869 ut
1735 817 1917 872 dicere

345 907 754 972 praetermittam
785 921 944 975 quam
975 905 1095 961 leve
1128 907 1199 961 sit
1227 916 1606 977 argumentum
1634 923 1699 962 ex
1734 906 1907 963 Sozo-

347 996 490 1051 tneni
524 998 630 1064 (cui
662 1008 716 1051 et
741 996 1044 1052 Cedrenum
1075 996 1275 1051 addere
1306 1000 1501 1067 potuit)
1532 998 1747 1053 silentio
1778 1003 1915 1069 peti-

346 1095 486 1152 tum,
516 1095 701 1140 contra
725 1084 988 1151 Socratis,
1016 1086 1210 1141 Leonis
1255 1089 1615 1157 imperatoris,
1646 1088 1915 1145 Simeonis

348 1176 762 1245 Metaphrastte,
828 1187 881 1231 et
954 1177 1240 1247 Nicephori
1304 1180 1705 1245 auctoritatem,
1766 1183 1904 1237 tollit

340 1280 504 1317 omne
546 1265 767 1320 dubium
813 1266 1071 1339 Polybius
1106 1268 1157 1322 id
1188 1268 1361 1338 ipsum
1391 1283 1663 1338 asserens,
1704 1272 1796 1342 qui
1833 1273 1909 1327 rei

340 1366 506 1425 gestae
529 1356 800 1413 interluit.

409 1446 526 1503 XV.
578 1447 691 1502 Hac
758 1457 1078 1517 tempestate
1134 1450 1605 1522 Constantinopoli
1667 1456 1925 1524 agebant

333 1541 570 1597 Aeacius
588 1541 921 1601 Bermensis.
953 1542 1286 1598 Severianus
1309 1544 1691 1614 Gabalitanus,
1722 1555 1777 1602 et
1805 1549 1908 1603 An-

337 1634 547 1690 tiochus
600 1634 948 1689 Ptolemaidis
993 1636 1249 1706 episcopi,
1276 1647 1329 1692 et
1361 1636 1586 1708 Syrulus
1614 1632 1930 1697 monachus
1958 1679 1965 1685 ι

335 1726 571 1781 lsaacus.
620 1725 682 1779 Hi
714 1728 955 1796 privatas
990 1728 1305 1783 inimicitias
1352 1747 1474 1785 cum
1517 1731 1905 1802 Chrysostomo

334 1828 607 1887 gerentes,
662 1816 1015 1888 Theophilum
1068 1820 1358 1876 sollicitant
1417 1838 1514 1892 per
1579 1826 1794 1881 nuntios
1846 1834 1903 1880 ut

334 1925 519 1964 secum
552 1924 748 1978 Operas
792 1912 858 1965 ad
889 1912 1263 1981 expellendum
1309 1910 1572 1969 Joannem
1609 1918 1883 1971 consocia-

332 2011 437 2055 ret.
469 2001 767 2058 Morantem
804 2020 1023 2072 quoque
1047 2015 1199 2076 urget
1234 2006 1478 2062 Eudoxia
1518 2008 1902 2080 Chrysostomo

331 2092 610 2161 oﬂ‘ensior,
646 2095 765 2149 ideo
797 2097 938 2165 quod
963 2099 1135 2152 sacris
1161 2098 1329 2167 ipsius
1357 2101 1735 2168 concionibus,
1781 2102 1901 2172 qni-

332 2187 434 2241 bus
464 2188 758 2243 aulicarum
794 2191 1081 2245 mulierum
1115 2207 1296 2247 mores
1330 2207 1471 2262 smpe
1517 2195 1897 2263 carpebantur,

327 2280 580 2335 vitiorum
610 2298 827 2337 suorum
858 2284 957 2338 sibi
986 2284 1200 2340 conscia
1232 2286 1407 2341 notari
1447 2299 1505 2339 se
1529 2286 1805 2342 censebat.
1826 2285 1898 2340 E-

328 2374 603 2427 contrario
634 2390 762 2428 vero
781 2376 1098 2431 accersitum
1135 2391 1256 2431 eum
1287 2378 1351 2431 ad
1396 2376 1646 2432 diluenda
1669 2377 1895 2432 crimina

327 2462 487 2532 (apud
538 2466 915 2534 imperatorem
973 2468 1168 2537 quippe
1243 2467 1417 2523 fuerat
1471 2469 1791 2524 seditionum
1839 2478 1895 2525 et

326 2554 549 2606 caedium
583 2559 886 2625 accusatus)
943 2566 1168 2612 testatur
1217 2559 1330 2626 ipse
1371 2558 1792 2628 Chrysostomus
1833 2560 1884 2614 in

317 2645 548 2713 epistola
608 2648 673 2701 ad
726 2649 1093 2703 Innocentium
1165 2665 1391 2719 papam,
1450 2666 1607 2720 quam
1678 2651 1891 2706 exhibet

317 2734 610 2795 Palladius.
653 2738 763 2794 Leo
807 2750 985 2794 autem
1038 2742 1370 2810 imperator,
1406 2751 1761 2811 cognomento
1787 2744 1888 2797 Sa-

320 2828 495 2896 piens,
538 2829 728 2884 scribit
777 2832 830 2885 in
863 2829 985 2885 Vita
1010 2830 1400 2903 Chrysostomi,
1446 2832 1670 2901 jussisse
1717 2834 1888 2888 Arca-

315 2920 462 2973 diu-tn
516 2922 563 2974 vi
614 2923 809 2976 adduci
868 2921 1247 2991 Theophilum,
1309 2940 1582 2993 cumquae
1628 2925 1884 2981 adversus

316 3007 576 3065 Joannem
613 3010 793 3066 fuerat
851 3012 1069 3068 molitus
1105 3016 1493 3083 comperisset;
1539 3024 1593 3069 et
1631 3017 1698 3071 ab
1730 3016 1887 3070 lnno-

1934 1793 1977 1847 B

2023 552 2118 591 sex
2152 539 2413 591 duntaxat
2440 542 2686 610 agnoscit
2727 558 2740 594 :
2770 543 2849 596 sic
2896 543 3038 597 enim
3079 545 3356 616 episcopos
3385 550 3475 619 qui
3505 565 3590 605 as-

2022 628 2275 683 sidebant
2326 628 2558 697 Joanni,
2628 633 2695 686 ad
2754 634 3184 690 conventiculum
3246 640 3592 710 rescripsisse

2025 718 2219 773 tradit:
2257 741 2276 770 ι
2306 719 2418 775 Tua
2443 721 2659 791 quidem
2690 724 2928 792 synodus
2959 725 3178 796 triginta
3205 735 3259 781 et
3290 743 3386 784 sex
3425 732 3590 788 habet

1956 826 1960 830 ·
2019 810 2301 880 episcopos
2366 828 2432 866 ex
2484 828 2586 868 una
2644 816 2959 884 provincia:
3005 833 3103 873 nos
3149 830 3327 876 autem
3354 824 3587 893 quadra-

2018 903 2165 972 ginta
2211 919 2399 959 sumus
2427 919 2490 959 ex
2522 908 2812 975 provinciis
2842 909 3025 974 variis,
3066 912 3119 965 in
3143 913 3336 981 quibus
3381 923 3437 970 et
3492 931 3582 972 se-

2018 1003 2161 1061 ptem
2233 1005 2357 1049 sunt
2430 998 2801 1067 metropolitte.
2835 1017 2855 1052 ι
2924 1001 3067 1059 Duos
3119 1013 3175 1058 et
3232 1006 3585 1079 quadraginta

2015 1083 2204 1139 Joanni
2235 1085 2475 1143 adfuisse
2500 1100 2687 1144 auctor
2723 1101 2805 1146 est
2848 1091 2957 1148 Leo
2988 1094 3301 1166 imperator.
3342 1098 3475 1154 Cum
3501 1102 3585 1168 _sit

2016 1185 2193 1229 autem
2251 1177 2303 1230 in
2369 1178 2695 1235 adnotandis
2748 1184 2986 1238 numeris
3037 1186 3294 1255 proclivis
3363 1187 3579 1260 lapsus,

2014 1269 2317 1335 promptius
2352 1278 2434 1323 est
2462 1272 2726 1341 suspicari
2757 1285 3069 1343 corruptum
3115 1293 3401 1335 numerum
3436 1284 3578 1351 apud

2012 1360 2305 1430 scriptores
2335 1363 2473 1427 illos,
2509 1380 2671 1434 quam
2726 1368 2864 1435 apud
2905 1367 3203 1425 Palladium
3232 1373 3323 1441 qui
3363 1377 3578 1443 paucioo

2012 1468 2099 1508 res
2122 1468 2280 1522 quam
2307 1456 2685 1527 quadringinta
2739 1458 3040 1526 Theophilo
3101 1462 3339 1518 adfuisse
3376 1465 3577 1522 diserte

2012 1544 2227 1597 asserit.
2261 1545 2457 1599 Statim
2489 1548 2685 1603 adesse
2710 1547 2928 1616 iubetur
2951 1549 3207 1618 Joannes,
3236 1563 3284 1608 et
3313 1556 3379 1609 ad
3412 1571 3574 1612 accu-

2010 1636 2251 1691 sationes
2288 1636 2633 1706 respondere,
2666 1657 2879 1711 unaque
2914 1658 3036 1698 cum
3079 1660 3143 1699 eo
3190 1645 3477 1717 Serapion,
3523 1659 3579 1704 ct

2010 1726 2185 1796 Tigris
2220 1729 2496 1783 eunuchus
2540 1732 2871 1802 presbyteri,
2943 1746 2995 1789 et
3039 1734 3236 1792 Paulus
3277 1737 3469 1805 lector;
3503 1740 3579 1794 si-

2008 1819 2119 1873 mul
2151 1821 2463 1874 universum
2510 1821 2767 1876 Ecclesiae
2805 1824 3418 1895 Constantinopolitanae
3461 1830 3573 1886 cle-

2008 1925 2126 1964 rum
2159 1912 2397 1982 synodus
2425 1914 2679 1967 accersit.
2707 1914 2964 1980 Quamvis
3000 1928 3177 1971 autem
3215 1916 3408 1973 Joanni
3445 1936 3572 1991 qna-

2004 2000 2250 2070 draginta
2274 2003 2596 2060 assisterent
2622 2005 2881 2074 episcopi,
2914 2022 3018 2060 non
3050 2008 3250 2063 idcirco
3286 2018 3465 2065 tamen
3496 2013 3566 2068 ad

2002 2090 2276 2156 Quercum
2325 2105 2549 2148 causam
2590 2095 2835 2150 dicturus
2887 2098 3076 2151 adesse
3133 2102 3467 2163 recusabat;
3523 2103 3571 2158 si

2001 2180 2159 2233 modo
2189 2195 2256 2234 ex
2328 2184 2625 2237 antistitum
2667 2202 2890 2241 numero
2916 2197 3149 2255 quatuor
3181 2190 3568 2259 eximerentur,

2000 2271 2195 2326 merito
2224 2272 2325 2327 sibi
2357 2276 2462 2329 odii
2492 2286 2545 2330 et
2576 2276 2977 2333 inimicitiarum
3033 2281 3269 2348 suspecti
3310 2298 3324 2346 ;
3375 2282 3458 2336 sin
3497 2283 3572 2337 ul-

2000 2364 2166 2417 terius
2205 2368 2623 2434 pertenderent,
2656 2371 2916 2440 synodum
2958 2372 3348 2426 (Beutnenicam
3386 2374 3570 2443 appel-

1998 2451 2111 2509 lare
2132 2469 2191 2509 se
2217 2457 2616 2513 obtestabatur.
2650 2462 2860 2527 Quibus
2895 2462 3117 2527 auditis,
3157 2474 3353 2533 quater
3379 2481 3443 2521 eo
3474 2481 3570 2521 vo-

1995 2559 2140 2615 cato,
2190 2552 2487 2620 eademque
2531 2554 2850 2622 exceptione
2904 2571 3022 2619 uso,
3075 2555 3143 2610 ad
3189 2558 3568 2615 accusationes

1994 2646 2210 2700 tandem
2261 2646 2642 2714 expendendos
2684 2648 2927 2701 animum
2972 2648 3329 2715 Quercetanae
3371 2651 3563 2722 synodi

1993 2736 2248 2806 praesules
2278 2736 2620 2805 appulerunt.

2061 2827 2202 2882 XVI.
2248 2827 2366 2882 Non
2416 2844 2503 2883 res
2554 2829 2662 2883 illic
2708 2843 2773 2882 ex
2816 2844 2972 2899 aequo
3013 2844 3301 2899 expensas,
3344 2834 3436 2887 sed
3466 2848 3566 2904 per

1988 2921 2373 2976 contumeliam
2412 2931 2466 2975 et
2496 2921 2777 2975 maledicta
2828 2920 2997 2977 fuisse
3040 2936 3219 2994 gestas
3268 2929 3561 2996 scriptores

1990 3013 2230 3067 tradunt.
2264 3011 2329 3066 Et
2361 3023 2469 3068 tres
2493 3013 2712 3082 quidem
2754 3015 3194 3069 criminationum
3237 3018 3447 3073 libellos
3493 3020 3561 3074 ad

316 3101 496 3157 centio
539 3104 791 3173 pontilice
825 3103 1086 3170 Romano,
1118 3114 1171 3160 et
1203 3107 1270 3159 ab
1301 3105 1537 3161 Honorio
1571 3105 1741 3161 fratre
1789 3123 1884 3175 po-
1909 3141 1951 3199 α
1986 3105 2398 3159 conciliabulum
2462 3105 2666 3159 delatos
2700 3117 3129 3161 commemorant
3184 3118 3303 3162 acta
3355 3110 3494 3164 illius
3526 3126 3556 3165 a

312 3195 566 3261 stillasse,
602 3205 661 3250 ut
690 3197 853 3266 aliqui
886 3197 1056 3251 Roma
1102 3197 1463 3262 mitterentur,
1496 3198 1585 3267 qui
1618 3198 1691 3253 de‘
1706 3197 1882 3253 Theo-

314 3286 443 3353 phili
468 3301 626 3340 causa
653 3299 1083 3355 cognoscerent:
1118 3290 1517 3359 tergiversante
1552 3304 1681 3342 vero
1715 3289 1881 3343 Inno-

309 3378 512 3441 centio,
566 3377 921 3445 Theophilum
977 3377 1298 3449 Origenismi
1360 3379 1536 3434 dicam
1599 3380 1883 3449 scripsisse

306 3463 523 3530 Joanni,
558 3476 614 3521 et
655 3466 1014 3524 Nitriensibus
1064 3468 1343 3523 monachis
1368 3512 1382 3533 ,
1423 3484 1453 3523 a
1504 3468 1698 3537 quibus
1740 3470 1880 3539 apud

309 3558 687 3627 imperatorem
733 3559 906 3614 fuerat
958 3570 1265 3623 accusatus,
1302 3575 1536 3628 suasque
1592 3561 1644 3614 in
1698 3572 1880 3629 partes

308 3654 663 3725 Epiphanium
716 3655 967 3710 illexisse.
1005 3653 1241 3709 Narrant
1265 3653 1375 3709 Leo
1402 3665 1454 3708 et
1485 3654 1750 3711 Palladius
1784 3658 1879 3710 da-

307 3754 390 3801 tos
423 3746 684 3801 adversus
715 3745 1069 3814 Theophilum
1097 3745 1467 3800 accusationis
1518 3744 1749 3811 libellos,
1799 3760 1875 3801 se-

304 3840 578 3909 ptuaginta
613 3838 792 3908 capita
844 3839 1125 3893 habuisse.
1160 3836 1392 3891 Maturat
1414 3851 1541 3906 ergo
1574 3837 1678 3891 iter
1704 3835 1875 3891 Theo-

303 3929 502 3997 philus,
534 3938 587 3985 et
614 3930 1005 3985 Chalcedonem
1030 3930 1293 4000 pervenit.
1340 3927 1539 3984 Eodem
1593 3928 1871 3983 conﬂuunt

297 4018 556 4087 episcopi,
623 4020 816 4086 partim
842 4017 1123 4089 Theophili
1162 4020 1383 4083 nuntiis,
1415 4019 1607 4088 partim
1638 4021 1871 4090 impera-

302 4112 433 4165 toris
467 4111 721 4165 mandato
747 4114 930 4167 exciti.
981 4112 1056 4168 Ex
1112 4129 1214 4166 una
1251 4128 1440 4168 omnes
1489 4115 1698 4170 venisse
1743 4130 1869 4185 pro-

300 4203 474 4257 vincia
503 4205 696 4259 scribit
739 4204 1054 4273 Palladius;
1095 4206 1182 4259 alii
1225 4222 1291 4262 ex
1331 4205 1593 4278 Egypto,
1644 4209 1869 4277 aliisque

296 4295 567 4363 profectos
624 4296 757 4352 locis
789 4307 1037 4362 narrant,
1088 4313 1294 4352 necnon
1340 4314 1403 4352 ex
1433 4300 1581 4366 Asia,
1642 4303 1869 4370 quicun-

293 4400 401 4453 que
425 4387 643 4441 sedibus
696 4388 807 4443 suis
852 4388 1103 4457 depulsos
1129 4404 1187 4445 se
1225 4405 1255 4443 a
1281 4389 1490 4445 Joanne
1548 4409 1691 4462 tegre
1726 4393 1867 4448 fcre-

1990 3194 2180 3248 Photio
2203 3196 2470 3261 exhibita,
2508 3205 2563 3249 et
2612 3196 2662 3249 in
2701 3194 2830 3250 Jure
2859 3195 3325 3253 Graeco-Romano
3365 3200 3556 3263 relata,

1986 3286 2129 3351 quod
2164 3286 2334 3338 edidit
2364 3284 2743 3338 Leunclavius.
2788 3284 3034 3340 Priorem
3078 3289 3276 3341 obtulit
3319 3288 3555 3346 Joannes

1984 3375 2353 3446 Chrysostomi
2390 3376 2671 3439 diaconus,
2704 3375 2894 3443 viginti
2922 3392 3114 3430 novem
3145 3380 3551 3434 accusationum

1982 3468 2248 3537 capitibus
2301 3467 2557 3520 refertum
2600 3483 2614 3531 ;
2653 3466 2885 3521 alterum
2932 3466 3180 3523 Joannes
3233 3470 3549 3537 monachus,

1981 3575 2088 3629 quo
2138 3560 2450 3614 Heraclides
2491 3559 2814 3628 Origenismi
2866 3574 2929 3614 ac
2974 3560 3105 3615 l'nrti
3150 3562 3547 3627 arcessebatur,

1979 3653 2367 3723 Chrysostomo
2416 3666 2544 3706 vero
2594 3651 2809 3705 crimini
2843 3654 3095 3719 dabatur,
3127 3655 3267 3723 quod
3305 3652 3551 3710 Heracli-

1978 3746 2103 3810 den,
2136 3745 2447 3799 hzcreticum
2477 3745 2604 3799 licet
2630 3761 2693 3799 ac
2728 3741 2925 3809 furem,
2984 3743 3313 3813 Ephesinum
3339 3746 3551 3814 episeo-

1977 3850 2101 3905 pmn
2130 3836 2533 3901 constituisset,
2572 3838 2846 3904 multaque
2878 3851 3072 3903 passus
3130 3846 3272 3891 esset
3297 3836 3545 3907 Origeni-

1978 3940 2181 3980 starnm
2204 3940 2366 3980 causa
2389 3943 2402 3992 ;
2432 3926 2785 3996 posteriorem
2815 3926 2959 3980 dedit
2987 3927 3223 3981 lsaacius
3244 3929 3542 3998 episcopus,

1972 4020 2149 4089 capita
2179 4019 2482 4074 octodecim
2520 4018 2962 4073 criminationum
3008 4020 3373 4089 complexum,
3409 4036 3534 4076 cum

1972 4111 2122 4179 prius
2164 4107 2485 4177 Origenismi
2538 4108 2787 4162 eumdem
2838 4106 3159 4162 Heracliden
3205 4119 3538 4166 accusasset.

1970 4198 2167 4253 Narrat
2205 4197 2425 4252 Photius
2452 4198 2704 4253 tredecim
2736 4199 3040 4254 actionibus
3075 4200 3340 4271 synodum
3372 4202 3542 4267 illam,

1969 4308 2089 4362 quae
2121 4307 2148 4345 a
2173 4307 2232 4345 se
2261 4290 2400 4345 lecta
2428 4300 2531 4354 est,
2572 4290 2738 4345 fuisse
2768 4289 3097 4352 absolutam,
3144 4305 3367 4358 quarum
3394 4292 3542 4358 prio-

1971 4402 2055 4439 res
2084 4384 2367 4439 duodecim
2420 4383 2867 4454 Chrysostomum
2935 4382 3213 4451 petebant,
3265 4392 3539 4451 postrema

290 4477 444 4542 bant,
484 4477 565 4531 vel
593 4477 725 4539 aliis
758 4479 857 4547 ipsi
891 4481 956 4533 de
1003 4480 1186 4534 causis
1225 4486 1632 4538 succensebant.
1686 4483 1853 4556 Egy-
1892 4480 1935 4534 D
1966 4476 2311 4536 Heracliden:
2339 4474 2533 4542 Ρΐίοῖίε
2557 4474 2721 4528 “hem
2768 4483 2930 4541 οίὶυυι
2959 4473 3191 4541 Primum
3245 4488 3308 4527 ³ο
3354 4489 3541 4528 δείξαθ’

291 4571 419 4639 ptiis
447 4570 518 4624 illi
547 4573 769 4627 navibus
796 4573 1116 4627 transmisso
1160 4573 1440 4643 Bosphoro
1471 4576 1857 4632 Constantino-

289 4663 454 4732 polim
482 4664 773 4732 appellunt.
793 4664 1231 4735 AtTlteophilum
1259 4682 1379 4720 cum
1422 4666 1607 4736 plausu
1626 4684 1854 4739 excepe-

290 4764 419 4809 runt
446 4754 688 4826 ngyptii
723 4766 942 4823 nautae;
977 4758 1317 4813 clericorum
1357 4760 1565 4813 obviam
1594 4762 1858 4830 processit

289 4846 501 4912 nullus,
574 4858 753 4916 utpote
829 4849 1092 4903 infensum
1148 4850 1539 4921 Cbrysostomo
1614 4852 1853 4905 animum

288 4952 400 5007 pra:
426 4953 484 4992 se
530 4938 739 4992 ferenti.
795 4939 910 5008 Ipse
951 4942 1232 4996 ecclesiam
1283 4954 1721 5012 praetergressus,
1798 4945 1849 4997 in

289 5029 693 5097 imperatoriam
722 5030 1013 5098 quamdam
1051 5033 1267 5086 domum
1316 5034 1418 5087 sibi
1462 5044 1707 5103 paratam
1762 5036 1845 5088 di—

287 5121 471 5175 vertit.
499 5119 645 5173 Mora
676 5121 783 5175 illic
816 5121 975 5175 trium
1008 5122 1471 5177 hebdomadarum
1514 5123 1682 5189 facta,
1728 5142 1850 5194 per-

284 5213 505 5270 tentatis
533 5214 824 5267 multorum
851 5213 1067 5278 animis,
1101 5224 1156 5268 et
1186 5216 1253 5268 ad
1289 5218 1653 5271 accusandum
1680 5217 1846 5273 Joan-

280 5322 428 5369 nem,
462 5302 619 5374 cujus
649 5319 1007 5373 congressum
1054 5315 1212 5360 cante
1270 5305 1497 5373 vitabat,
1547 5309 1846 5375 instructis,

278 5399 332 5455 in
372 5397 639 5465 Quereum
687 5396 1045 5453 Chalcedonis
1097 5398 1418 5456 suburbium
1457 5417 1562 5456 una
1596 5418 1716 5456 cum
1767 5404 1847 5457 fa-

276 5494 473 5548 ctionis
510 5507 621 5547 sua:
664 5492 982 5560 pra:sulihus
1010 5494 1308 5559 concessit,
1350 5504 1404 5548 et
1426 5495 1842 5551 conciliabulum

274 5584 603 5640 celebravit.’
639 5583 1009 5652 Quadraginta
1054 5586 1297 5656 quinque
1349 5588 1661 5643 interfuisse
1725 5591 1841 5657 epi-

275 5691 465 5745 scopos
508 5676 787 5730 declarant
828 5674 1096 5746 Georgius
1129 5678 1559 5745 Alexandrinus,
1615 5679 1837 5735 Simeon

278 5768 684 5836 Metaphrastes,
718 5778 770 5822 et
800 5769 937 5823 Acta
970 5771 1369 5839 pseudosynodi
1401 5770 1572 5833 illius,
1599 5786 1716 5839 quae
1751 5788 1837 5828 re-

1968 4568 2090 4621 dum
2124 4566 2463 4620 examinasse
2512 4565 2819 4633 episcopos,
2857 4562 2978 4616 inde
3019 4562 3071 4616 in
3130 4561 3445 4619 Heracliden
3482 4575 3539 4621 et

1964 4659 2256 4713 Palladium
2285 4657 2636 4726 quaestionem
2663 4655 2943 4722 habuisse,
2974 4656 3025 4710 in
3057 4672 3256 4710 nonum
3282 4658 3536 4728 deinceps

1962 4767 2026 4805 ac
2042 4752 2355 4806 vicesimum
2374 4749 2661 4817 septimum
2681 4761 2842 4816 caput
2863 4749 3205 4818 inquisivisse
3230 4767 3243 4805 :
3272 4752 3530 4820 postremi

1965 4847 2195 4915 denique
2248 4843 2411 4898 libelli
2448 4856 2735 4897 excussum
2789 4841 2954 4897 fuisse
3005 4851 3165 4911 caput
3213 4842 3527 4904 secundum,

1960 4940 2101 5008 quod
2156 4938 2254 4990 fuit
2294 4933 2598 5005 hujusmodi
2630 4952 2641 4987 :
2687 4935 2807 4987 ’Ὀτι
2844 4936 2871 4986 ὁ
2909 4934 3176 5006 μακάριος
3219 4934 3530 5002 Ἐπιφάνιος

1958 5031 2046 5084 διὰ
2076 5032 2203 5094 τοὺς
2243 5026 2672 5101 Ὠριγενειαστὰς
2712 5026 3038 5097 Ἀμμώνιον,
3098 5025 3402 5096 Ἐυθύμιον,
3434 5027 3528 5079 καὶ

1968 5122 2340 5196 Ἡρακλείδην,
2359 5121 2451 5174 καὶ
2474 5120 2790 5184 Παλλάδιον,
2812 5120 2909 5170 οὐκ
2935 5117 3157 5187 ἐθέλησε
3182 5116 3523 5186 κοινωνῆσαι.

1962 5242 1980 5267 ι
2013 5216 2235 5269 Beatum
2272 5214 2627 5282 Epiphanium
2676 5220 2897 5279 prepler
2928 5207 3263 5277 Origcnistas
3300 5209 3523 5261 Ammo~

1953 5311 2123 5375 nium,
2183 5307 2551 5378 Eulhymium,
2617 5303 2926 5367 Eusebium,
2974 5310 3029 5355 et
3078 5299 3415 5365 Heracliden,
3468 5307 3523 5352 et

1950 5402 2271 5465 Palladium,
2316 5397 2755 5454 communionem
2813 5409 2934 5449 cum
2986 5407 3051 5447 eo
3091 5390 3520 5463 (t'ihrysostomo)

1948 5496 2148 5550 habere
2176 5493 2451 5547 noluisse:
2483 5510 2501 5542 ι
2537 5502 2826 5545 excussum
2868 5485 3083 5553 insuper
3105 5485 3389 5554 septimum
3430 5498 3522 5537 ca-

1945 5596 2063 5657 put,
2094 5600 2158 5640 ac
2183 5585 2375 5639 deinde
2412 5582 2652 5637 tertium.
2681 5579 2884 5633 Praeter
2915 5577 3066 5641 illud,
3100 5578 3203 5630 duo
3227 5576 3517 5631 admodum

1948 5680 2015 5732 ad
2056 5678 2451 5747 Origenismnm
2489 5672 2830 5744 pertinebant
2864 5687 2880 5735 ;
2938 5671 3196 5740 primum,
3242 5668 3513 5731 ,Joannetn

1947 5772 2271 5829 monachum
2310 5778 2528 5837 propter
2555 5766 2891 5834 Origeuistas
2916 5781 3115 5821 ccesum
3147 5763 3513 5836 Chrysostomi
