4068 6308
637 379 778 431 H55

628 497 802 566 jussu,
845 507 901 554 et
944 515 1105 571 porro
1134 500 1388 556 ’vinctum
1436 500 1605 555 fuisse
1653 500 1921 554 decimum
1956 508 2199 562 sextum,

632 592 878 646 eumdem
919 592 1222 661 suscepisse
1245 591 1604 664 Origenistas,
1644 609 1696 648 in
1745 607 2018 647 carcerem
2075 607 2200 647 con-

630 683 825 753 iecisse
855 681 1133 753 Theophili
1163 683 1394 754 legatos,
1441 695 1498 741 et
1545 701 1614 741 ne
1665 685 1958 741 morientes
1981 685 2198 755 quidem

635 774 703 827 ad
738 774 1014 828 visendum
1070 776 1288 831 adiisse.
1346 776 1501 831 Nulla
1553 787 1814 847 prmterea
1872 777 1926 831 in
1977 777 2201 847 reliquis

636 864 1106 922 criminationibus
1129 867 1479 936 Origenismi,
1510 869 2010 940 Origenistarumve
2049 883 2204 923 men-

636 957 709 1010 tio
737 973 751 1009 :
782 957 834 1010 in
866 957 1045 1026 priore
1077 975 1208 1015 vero
1235 960 1413 1016 libello
1441 962 1583 1016 nulla
1612 964 1846 1032 penitus.

708 1046 866 1104 XVII.
940 1051 1195 1104 Actorum
1257 1050 1642 1108 Photianorum
1712 1053 2074 1108 conventiculi
2133 1053 2201 1107 ad

639 1140 913 1207 Quercum
952 1141 1114 1196 ﬁdem
1149 1143 1362 1198 elevare
1409 1155 1636 1200 conatur
1670 1144 1934 1200 Baronius
1972 1145 2076 1200 hoc
2115 1161 2204 1200 ar-

635 1242 909 1304 gmnento,
936 1237 1078 1302 quod
1104 1236 1363 1304 pleraque
1390 1237 1456 1291 ab
1483 1237 1604 1292 aliis
1645 1246 2091 1305 commemorata,
2145 1237 2198 1291 in

637 1327 706 1378 iis
737 1327 937 1380 omissa
967 1327 1097 1380 sint.
1131 1327 1329 1381 Verum
1379 1344 1482 1381 non
1530 1329 1757 1382 attendit
1802 1328 2200 1384 illustrissimus

635 1415 923 1468 cardinalis
975 1416 1169 1470 eximia
1232 1419 1478 1485 qumdam
1526 1417 1900 1471 tantummodo
1945 1418 2204 1486 selegisse

640 1505 931 1572 Photium,
973 1516 1026 1560 et
1079 1508 1130 1560 in
1188 1506 1560 1577 Myriobiblum
1613 1507 1916 1574 retulisse;
1974 1507 2202 1576 plurima

635 1614 765 1652 vero
805 1601 1050 1653 consulto
1082 1599 1515 1668 praetermisisse.
1579 1601 1686 1654 Sua
1734 1615 1861 1670 ergo
1921 1601 2055 1657 actis
2095 1602 2204 1657 illis

637 1703 884 1744 servetur
914 1692 1232 1757 auctoritas,
1266 1691 1441 1759 quoad
1460 1691 1708 1746 validiori
1742 1692 1948 1747 ratione
1985 1691 2200 1748 Baronii

637 1783 942 1851 conjectura
985 1783 1248 1836 firmetur.

1939 377 1998 431 P.
2041 375 2350 431 DANIISLIS
2387 369 2622 430 HUETII

3692 387 3789 444 “56

2231 503 2280 560 Α,
2309 498 2571 563 Eudoxia,
2599 507 2656 552 ιιι
2685 513 2807 553 ειιιιι
2839 497 2905 552 ab
2933 496 3127 552 exsilio
3153 496 3396 552 revocari
3431 499 3659 558 continuo
3680 519 3794 564 cura-

2308 590 2470 642 verit.
2507 589 2575 642 At
2608 588 3115 644 recrudescentibus
3145 596 3407 657 sequente
3432 603 3566 645 anno
3594 592 3788 650 simulta-

2311 681 2454 736 tibus
2499 689 2556 736 et
2591 677 2942 744 factionibus,
2984 679 3194 749 injuriae
3253 681 3516 746 concedit,
3561 691 3611 736 et
3654 684 3795 744 Nicaa

2308 773 2696 842 aliquantisper
2745 780 3011 834 moratus,
3065 770 3366 839 Cucusum,
3427 788 3539 842 qua:
3587 775 3796 836 Armenia:

2307 865 2436 919 urbs
2460 872 2562 928 est,
2585 862 2671 916 vel
2701 871 2762 917 ut
2789 870 3018 916 testatur
3046 861 3160 929 ipse
3183 861 3606 932 Chrysostomus,
3628 865 3796 939 Cilicia,

2309 958 2359 1010 in
2393 955 2644 1011 exsilium
2683 954 2952 1008 mittitur:
2981 953 3195 1010 Cucuso
3220 955 3530 1009 Arabissum
3555 967 3603 1010 et
3630 957 3798 1029 Pityun-

2312 1059 2416 1103 tcm
2455 1047 2665 1116 migrat.
2698 1043 2980 1100 Sufﬁcitur
3019 1045 3118 1115 ipsi
3147 1046 3404 1101 Arsacius
3445 1049 3694 1120 presbyter
3717 1051 3792 1108 Ne-

2309 1141 2462 1196 ctarii
2493 1137 3078 1207 Constantinopolitani
3110 1137 3236 1192 olim
3265 1139 3506 1207 prmsulis
3552 1140 3709 1208 frater,
3731 1145 3800 1199 Ar~

2310 1229 2706 1286 sacio'Atticus.
2737 1227 2890 1282 Pium
2933 1227 3152 1282 interim
3189 1230 3428 1283 exsulem
3483 1231 3674 1288 mitibus
3718 1237 3800 1304 cpi-

2309 1323 2462 1377 stolis
2500 1321 2708 1376 solatur
2742 1321 3088 1376 Innocentius
3116 1336 3251 1390 papa
3319 1322 3428 1392 (qui
3473 1337 3632 1376 rerum
3670 1335 3801 1393 gesta-

2311 1429 2428 1468 rum
2460 1428 2556 1482 per
2583 1413 2752 1483 ipsius
2778 1413 2991 1469 litteras
3013 1416 3217 1469 certior
3241 1413 3416 1470 factus
3439 1414 3620 1485 fuerat)
3635 1428 3678 1472 et
3694 1435 3799 1474 como

2311 1507 2571 1562 munione
2605 1523 2702 1562 sua
2737 1509 3085 1578 impertitur;
3123 1509 3425 1580 improbata
3467 1509 3710 1582 Theophili
3736 1515 3796 1568 fa-

2311 1606 2416 1663 cto,
2448 1613 2607 1666 quem
2643 1609 2698 1652 et
2752 1601 3214 1656 consentientibus
3254 1603 3370 1658 fere
3408 1602 3618 1671 Europa:
3641 1607 3797 1675 episco-

2311 1689 2393 1760 pis
2421 1705 2450 1742 a
2479 1691 2864 1746 communione
2893 1708 2995 1748 sua
3029 1693 3224 1748 deinde
3252 1695 3550 1763 segregavit
3576 1712 3590 1760 ;
3620 1708 3668 1749 ut
3693 1708 3798 1766 patet

2309 1793 2375 1834 ex
2414 1781 2642 1849 epistola
2673 1781 2910 1850 quadam
2945 1781 3245 1837 Innocentii
3282 1785 3350 1836 ad
3380 1785 3660 1849 Arcadium,
3681 1801 3794 1854 quam

708 1875 892 1930 XVIII.
932 1876 1197 1928 Ceeterum
1236 1875 1304 1929 de
1334 1875 1490 1929 libris
1522 1875 1770 1945 Origenis
1803 1874 1970 1929 altum
2019 1875 2197 1930 fuitin
2231 1874 2274 1930 B
2301 1871 2560 1925 exhibent
2608 1871 2872 1943 Georgius
2908 1873 3312 1928 Alexandrinus
3375 1872 3428 1926 in
3478 1871 3585 1927 Vita
3627 1874 3797 1946 Chryso-

638 1967 995 2023 conciliabulo
1042 1966 1351 2022 silentium:
1401 1966 1468 2020 de
1506 1965 1830 2034 Origenistis
1860 1980 1988 2020 vero
2018 1975 2212 2036 praeter

638 2074 909 2128 perpauca
945 2058 1056 2122 illa,
1094 2074 1213 2128 qum
1239 2059 1616 2122 disseruimus,
1643 2058 1757 2113 ha‘c
1778 2059 1942 2112 etiam
1975 2058 2212 2113 referun-

643 2159 773 2215 tur;
817 2147 1062 2204 Scetinos
1112 2148 1304 2203 leniter
1341 2148 1636 2220 appellasse
1670 2148 2057 2218 The0philum,
2089 2153 2214 2207 hor-

643 2251 811 2295 tatum
847 2256 965 2296 esse
1001 2243 1065 2295 ad
1096 2242 1493 2310 ptenitentiam,
1530 2241 1905 2312 impunitatem
1933 2256 2051 2297 esse
2097 2245 2213 2314 pol-

640 2330 874 2397 licitum,
909 2331 1066 2387 simul
1095 2346 1188 2386 eos
1217 2331 1282 2385 ad
1321 2333 1708 2402 implorandam
1760 2334 1971 2388 veniam
2006 2337 2213 2404 magnis

639 2424 1123 2480 vociferationibus
1202 2425 1476 2495 impulisse
1521 2426 1610 2494 qui
1652 2427 1880 2481 aderant
1930 2426 2212 2497 Theophili

641 2515 972 2583 familiares;
1011 2531 1117 2584 qua
1161 2531 1219 2570 rc
1271 2525 1552 2586 permotos
1587 2518 1884 2572 monachos
1911 2533 2082 2572 noxas
2109 2519 2211 2574 sibi

644 2609 934 2663 condonari
967 2609 1306 2676 postulasse;
1351 2608 1528 2663 foedus
1562 2610 1727 2664 inisse
1752 2625 1876 2664 cum
1915 2611 2020 2665 illis
2044 2611 2216 2666 Theo-

641 2700 873 2768 philum,
919 2709 974 2752 et
1023 2702 1073 2752 in
1112 2700 1546 2755 communionem
1596 2701 1888 2771 recepisse,
1931 2714 2094 2773 atque
2139 2706 2211 2759 ita

643 2788 871 2843 crimine
905 2789 1182 2842 absolutos
1214 2805 1334 2843 esse
1359 2790 1685 2856 Nitrienses,
1717 2805 1746 2845 ε
1767 2795 1966 2862 quibus
1993 2795 2128 2864 jam,
2156 2803 2216 2849 ut

644 2878 900 2941 diximus,
935 2881 1274 2945 interierunt,
1307 2881 1598 2936 Dioscorus
1625 2892 1679 2937 et
1705 2881 1962 2952 Isidorus,
1992 2888 2212 2940 Ammo-

646 2969 768 3023 nius
794 2985 926 3024 vero
957 2972 1008 3024 in
1044 2969 1258 3036 Qucrcu
1288 2973 1389 3026 sub
1421 2973 1533 3044 ipsa
1565 2977 1753 3046 synodi
1779 2976 1930 3030 initia
1962 2978 2211 3034 decesse-

647 3070 750 3116 rat.
783 3062 982 3117 Fertur
1011 3063 1171 3133 hujus
1200 3066 1378 3119 audita
1413 3076 1584 3122 morte
1630 3068 1996 3139 illacrymasse
2039 3069 2214 3125 Theo-

645 3157 850 3227 philus,
892 3155 1177 3226 palamque
1208 3159 1416 3214 dixisse
1445 3160 1675 3215 similem
1710 3161 1850 3216 inter
1880 3177 2006 3216 suos
2040 3167 2212 3220 nemi-

647 3264 769 3302 nem
795 3247 1050 3302 habuisse
1085 3247 1451 3303 Ammonium.
1485 3250 1800 3306 Dioscorum
1833 3253 2045 3321 quidem
2093 3265 2213 3324 post

646 3341 908 3411 synodum
944 3350 1000 3394 et
1030 3339 1313 3410 Theophili
1348 3341 1527 3412 fugam
1563 3343 1764 3398 obiisse
1788 3347 2019 3412 produnt
2047 3346 2215 3402 Geor-

645 3432 764 3501 gius
813 3430 1211 3486 Alexandrinus
1262 3445 1318 3487 et
1392 3431 1684 3500 Socrates;
1736 3437 1828 3490 sed
1873 3436 1925 3489 in
1977 3447 2214 3507 tempora

648 3523 854 3594 synodo
889 3525 1072 3592 priora
1100 3533 1327 3580 mortem
1376 3525 1548 3595 ipsius
1596 3525 1930 3584 Sozomenus
1974 3530 2213 3600 coniicit,

647 3616 730 3670 cui
757 3618 1083 3685 prtecipuam
1127 3615 1286 3670 fidem
1335 3617 1643 3674 tribuimus.
1673 3619 1851 3687 Atque
1884 3619 1963 3673 ita
1999 3622 2214 3676 demum

647 3709 926 3778 consopita
959 3718 1042 3763 est
1073 3709 1244 3763 tristis
1268 3707 1357 3763 illa
1406 3719 1458 3764 et
1509 3710 1829 3766 calamitosa
1867 3713 1934 3768 de
1966 3711 2216 3785 Origenis

646 3803 926 3856 erroribus
969 3801 1384 3855 controversia:
1425 3803 1673 3870 quamvis
1713 3804 1857 3857 enim
1908 3805 2037 3860 hinc
2084 3817 2217 3860 orta:

647 3895 754 3947 sint
787 3901 1133 3960 tempestates
1160 3901 1214 3946 et
1238 3893 1524 3959 tumultus,
1553 3895 1752 3962 quibus
1780 3891 1975 3950 ve'xata
2018 3897 2214 3953 deinde

648 3993 704 4038 et
755 3986 968 4038 turbata
1019 3984 1272 4055 Ecclesia
1306 3991 1409 4050 est,
1439 3988 1820 4042 accedentibus
1872 3999 2049 4044 tamen
2081 3992 2207 4044 sub-

651 4075 774 4128 inde
829 4075 982 4128 novis
1041 4077 1387 4145 querelarum
1441 4087 1492 4132 et
1534 4079 1640 4132 odii
1694 4083 2048 4148 argumentis,
2089 4082 2213 4134 dum

651 4178 843 4239 praesto
872 4179 999 4224 sunt
1032 4172 1365 4225 recentiores
1422 4170 1663 4237 offensae,
1702 4183 1913 4228 veteres
1962 4175 2216 4227 exoleve-

649 4271 799 4317 runt.
833 4261 1029 4316 Paucis
1057 4262 1238 4330 itaque
1267 4271 1320 4314 et
1347 4263 1551 4316 cursim
1587 4277 1704 4329 quae
1739 4274 2028 4331 supersunt
2058 4267 2218 4319 attin-

650 4369 859 4423 gamus.

725 4443 862 4500 XIX.
915 4447 1071 4499 Anno
1113 4444 1314 4500 Christi
1360 4444 1485 4512 405,
1536 4445 1681 4500 circa
1730 4460 1969 4501 mensem
2016 4445 2214 4503 Julium

652 4537 1008 4592 conventiculi
1045 4537 1316 4607 sulIragiis
1347 4547 1734 4617 exauctoratur
1762 4538 2208 4612 Chrysostmnus.

653 4627 710 4680 Id
743 4642 905 4679 unum
936 4631 1298 4683 causabantur
1326 4630 1585 4699 episc0pi,
1618 4635 1760 4698 quod
1808 4632 2077 4686 mandatis
2104 4635 2216 4690 suis

657 4717 863 4770 accitus
895 4719 1199 4772 audientem
1237 4735 1298 4774 se
1329 4737 1435 4775 non
1468 4722 1808 4791 praebuisset.
1855 4721 1960 4777 Per
1994 4740 2214 4780 causam

651 4825 782 4864 vero
831 4811 908 4864 rei
962 4821 1125 4877 gestae
1169 4813 1234 4865 ad
1275 4815 1657 4883 imperatorem
1706 4815 2021 4883 referendae,
2082 4819 2218 4874 laesae

653 4916 864 4970 quoque
907 4902 1199 4970 maiestatis
1235 4906 1683 4977 Chrysostomum
1716 4910 1854 4979 apud
1911 4911 2086 4979 ipsum
2117 4927 2214 4968 ac-

654 5005 864 5051 cusant.
893 4996 1088 5064 quippe
1122 4997 1221 5049 sub
1246 4996 1509 5054 Jezabclze
1537 5011 1591 5054 et
1620 5001 1939 5056 llerudiadis
1986 5005 2216 5058 nomini-

660 5081 760 5137 bus
798 5087 1008 5153 publice
1043 5089 1181 5156 apud
1211 5088 1463 5156 pepulum
1492 5093 1838 5160 perstrictam
1865 5095 1934 5148 ab
1961 5109 2024 5148 eo
2051 5095 2216 5151 fuisse

655 5173 974 5231 Eudoxiam.
1011 5177 1208 5232 Verum
1239 5179 1474 5235 Arcadio
1500 5183 1635 5236 satis
1673 5183 1774 5238 fuit
1818 5185 2078 5240 Joannem
2119 5187 2220 5242 Ec-

657 5263 820 5319 clesia
867 5267 1152 5336 depulisse,
1193 5271 1361 5324 misso
1390 5273 1458 5324 ad
1491 5274 1542 5327 id
1572 5275 1769 5329 comite
1812 5286 1867 5329 et
1924 5277 2209 5336 militibus.

658 5354 1038 5412 Tumultuante
1076 5360 1266 5414 deinde
1306 5361 1525 5428 populo,
1557 5373 1610 5417 et
1641 5365 2016 5435 Chrysostomi
2050 5369 2218 5422 resti-

659 5445 918 5498 tutionem
959 5449 1211 5503 seditiose
1265 5459 1595 5520 postulante,
1642 5453 1924 5523 ingruente
1951 5467 2215 5525 praeterea

664 5539 761 5591 sub
811 5537 978 5607 ipsam
1026 5551 1259 5607 noctem,
1320 5558 1439 5611 qua:
1490 5543 1659 5613 ipsius
1709 5546 1913 5600 exitum
1974 5549 2216 5616 proxime

592 5663 632 5698 τί
668 5641 955 5684 consecuta
1004 5641 1104 5696 est,
1150 5643 1306 5688 terra:
1359 5645 1528 5703 motu,
1577 5636 1649 5691 ita
1699 5641 2090 5709 perterrefacta
2132 5651 2218 5698 est

2311 1961 2488 2026 atomi,
2517 1976 2632 2031 cap.
2663 1961 2750 2027 68,
2778 1971 2833 2016 et
2865 1977 3168 2033 anonymus
3208 1963 3334 2016 vitae
3362 1962 3585 2030 ejusdem
3607 1965 3796 2034 scriptor,

2314 2067 2434 2121 cap.
2469 2053 2595 2118 150,
2656 2068 2884 2123 qumque
2929 2053 2982 2108 in
3035 2055 3198 2108 tomis
3247 2054 3596 2109 Conciliorum
3634 2066 3796 2110 exstat:

2314 2156 2371 2198 et
2401 2145 2634 2201 stitisset
2666 2157 2813 2201 certe
2836 2147 3208 2201 vadimonium
3236 2161 3422 2200 coram
3466 2147 3716 2203 universali
3739 2162 3800 2216 sy-

2314 2236 2481 2300 nodo,
2511 2251 2672 2306 quam
2697 2252 2894 2307 cogere
2927 2238 3298 2293 meditabatur
3329 2237 3595 2302 Arcadius,
3623 2239 3708 2293 nisi
3740 2239 3800 2293 ln-

2314 2329 2630 2384 nocentium
2656 2345 2874 2400 papam,
2929 2328 3236 2385 conflandae
3273 2332 3388 2400 eius
3417 2341 3800 2387 auctorem‘mors

2314 2430 2659 2490 occupasset.
2725 2421 2965 2476 Tandem
3022 2423 3174 2476 varie
3227 2423 3462 2493 jactatus
3504 2422 3728 2487 Joannes,
3764 2433 3801 2477 et

2313 2526 2523 2567 summa
2562 2513 2956 2569 inhumanitate
2981 2514 3049 2569 ab
3087 2515 3326 2570 inimicis
3358 2517 3578 2582 habitus,
3611 2514 3800 2571 Cumanis

2313 2603 2449 2658 obiit
2478 2619 2622 2660 anno
2648 2606 2773 2659 407.

2385 2695 2502 2752 XX.
2535 2697 2646 2753 Nec
2689 2699 2766 2753 ita
2797 2708 2974 2754 tamen
3032 2698 3320 2770 Theophili
3369 2701 3458 2755 iraa
3497 2701 3798 2769 conquierunt.

2317 2788 2364 2844 Is
2396 2799 2516 2859 post
2539 2795 2780 2860 priorem
2815 2792 3194 2864 Chrysostomi
3235 2793 3636 2856 restitutionem,
3660 2791 3701 2845 in
3730 2792 3799 2844 de-

2314 2883 2451 2938 cima
2508 2883 2662 2938 tertia
2699 2885 3087 2956 pseudosynodi
3122 2889 3340 2942 actione
3379 2885 3650 2947 Heraclidae,
3683 2899 3799 2954 quem

2313 2975 2649 3046 Ephesinum
2685 2978 2995 3048 episcOpum
3024 2979 3276 3036 Joannes
3303 2990 3578 3041 creaverat,
3622 2979 3801 3046 dignitao

2319 3077 2427 3122 tem
2459 3070 2726 3140 abrogare
2756 3071 2996 3125 studuit:
3038 3079 3093 3125 at
3117 3073 3532 3143 repugnantibus
3577 3071 3730 3135 multis,
3757 3069 3798 3120 in

2316 3171 2558 3230 apertam
2587 3161 2921 3218 seditionem
2971 3165 3260 3220 contentio
3305 3166 3499 3234 erupit.
3534 3163 3708 3230 Jamque
3731 3175 3800 3214 res

2241 3235 2283 3293 ο
2319 3251 2487 3306 annis
2515 3253 2816 3322 agebatur;
2859 3254 3047 3309 multis
3097 3255 3428 3324 vulneratis,
3463 3255 3618 3325 paucis
3643 3253 3801 3320 aliquot

2319 3343 2659 3412 interfectis,
2710 3345 2801 3413 qui
2846 3361 2984 3400 unus
3037 3347 3284 3401 omnium
3329 3349 3544 3402 maxime
3586 3346 3802 3413 petebatur

2320 3435 2675 3504 Theophilus,
2710 3435 2832 3507 fuga
2886 3439 2987 3492 sibi
3027 3438 3304 3492 consuluit
3345 3456 3359 3506 ;
3407 3438 3622 3508 quamvis
3656 3435 3802 3488 litteris

2317 3541 2725 3595 quaquaversus
2755 3531 2960 3596 missis,
2985 3532 3049 3584 ad
3077 3533 3347 3602 synodum
3375 3530 3720 3589 celebrandam,
3740 3539 3802 3579 ro-

2317 3627 2442 3686 gatu
2481 3617 2878 3688 Chrysostomi,
2927 3624 3213 3692 episcopos
3258 3624 3518 3678 Arcadius
3562 3619 3799 3674 accivisset.

2315 3711 2446 3768 Post
2501 3715 2709 3768 obitqu
2767 3726 2945 3768 autem
2997 3713 3246 3779 Joannis,
3295 3731 3400 3770 non
3449 3726 3636 3782 operam
3671 3709 3800 3762 solum

2318 3803 2652 3876 Theophilus
2684 3805 2831 3860 dedit
2866 3822 2932 3860 ne
2967 3807 3019 3859 in
3058 3806 3323 3877 Diptycha
3354 3820 3533 3860 nomen
3577 3802 3713 3872 ipsius
3749 3810 3803 3850 re-

2319 3900 2551 3955 ferretur
2579 3903 2643 3956 ab
2665 3900 2910 3956 Orientis
2947 3901 3240 3970 episcopis,
3284 3901 3374 3954 sed
3413 3909 3467 3951 ut
3491 3896 3657 3950 infame
3675 3890 3802 3943 etiam

2319 3994 2480 4064 vulgo
2536 3994 2852 4057 haberetur,
2895 3995 3102 4064 scripto
3157 3994 3223 4046 ad
3260 3993 3313 4048 id
3356 3990 3532 4062 grandi
3572 3981 3802 4040 volumine.

2319 4087 2485 4154 Cujus
2518 4087 2636 4141 libri
2664 4085 3030 4157 fragmentum
3082 4086 3224 4141 libro
3271 4101 3370 4139 suo
3414 4094 3552 4138 sexto
3582 4073 3806 4131 Faculldlli

2320 4179 2586 4244 inseruit,
2618 4182 2977 4248 eumdemque
3001 4179 3068 4232 ab
3098 4178 3428 4249 Hieronymo
3453 4177 3612 4230 Latine
3629 4178 3805 4224 conver-

2319 4288 2435 4328 sum
2467 4274 2633 4328 fuisse
2663 4283 2890 4329 testatus
2924 4285 3027 4329 est.
3063 4275 3155 4328 liae
3182 4275 3388 4330 Isidoro
3412 4272 3657 4328 Pelusiotae
3672 4274 3806 4318 causa!

2319 4366 2558 4430 fuerunt,
2587 4383 2684 4420 cur
2711 4367 3068 4435 Theophilum
3094 4368 3336 4437 graviter
3366 4369 3663 4434 coargueret,
3702 4353 3806 4407 λιθο-

2323 4458 2467 4528 μανῆ
2494 4458 2664 4524 illum,
2688 4469 2744 4512 et
2778 4459 3138 4531 χρυσολάτριν
3181 4460 3476 4528 appellans,
3505 4467 3554 4510 et
3580 4453 3802 4505 adductum

2321 4551 2511 4604 dicens
2559 4553 2625 4603 ad
2677 4552 3050 4605 insectandum
3096 4549 3362 4606 Joannem
3391 4567 3454 4604 ex
3489 4544 3654 4601 lsidori
3701 4539 3802 4594 illius

2322 4656 2482 4709 supra
2497 4657 2522 4694 a
2541 4641 2692 4696 nobis
2709 4644 3111 4698 commemorati
3125 4643 3406 4698 occasione
3421 4643 3461 4672 ³⁰
3481 4659 3492 4693 :
3513 4639 3602 4690 Τὸν
3622 4629 3800 4700 θεοφιλῆ»

2324 4730 2519 4798 inquit,
2545 4731 2637 4783 καὶ
2672 4730 2920 4800 Θεόλογον
2958 4734 3396 4805 κατεπολέμησεν
3437 4729 3701 4800 ἄνθρωπονν
3735 4720 3801 4788 τὴν

2326 4820 2455 4890 περὶ
2484 4820 2573 4875 τὸν
2599 4823 2722 4892 ἐμοὶ
2748 4822 3037 4894 ὁμώνυμον
3076 4825 3370 4895 ἀπέχθειαν
3415 4823 3502 4877 καὶ
3535 4817 3798 4885 δυσμένειαν,

2327 4914 2662 4985 ὁρμητήριον
2691 4915 2788 4985 τῆς
2816 4916 3024 4980 οἰκείας
3053 4918 3325 4988 εὑρηκότα
3358 4913 3662 4980 σκαιότητος.
3692 4923 3707 4954 ί
3729 4903 3799 4954 Deo

2327 5008 2573 5071 charum,
2606 5019 2660 5062 et
2685 5022 2866 5061 rerum
2897 5009 3203 5064 divinarmn
3237 5010 3528 5064 consultum
3546 4992 3798 5070 oppugnat“

2326 5098 2622 5163 hominem,
2660 5116 2783 5154 cum
2817 5102 3160 5157 inimicitiam
3195 5113 3249 5159 et
3271 5103 3446 5158 odium
3479 5100 3701 5152 adversus
3740 5086 3800 5140 b0-

2329 5191 2526 5244 minem
2556 5193 2684 5246 mihi
2728 5195 3101 5263 cognominem
3139 5198 3363 5266 propria:
3392 5183 3798 5263 perversitatisoc-

2326 5282 2596 5337 casioaem
2648 5286 2960 5352 reperisset.
3009 5305 3028 5338 ι
3079 5285 3235 5342 Unde
3286 5282 3554 5341 Sozomeni
3598 5267 3797 5334 narratio,

2326 5383 2606 5442 susceptas
2656 5377 2917 5432 adversus
2973 5379 3238 5435 Isidorum
3287 5376 3578 5434 inimicitias
3636 5370 3797 5422 causam

2305 5463 2629 5536 ‘Tbeophilc
2680 5471 2890 5525 dedisse
2951 5472 3208 5538 dicentis,
3269 5487 3363 5526 cur
3417 5477 3579 5522 tantas
3617 5452 3798 5514 conciret

2328 5557 2536 5625 turbas,
2567 5561 2829 5618 adversus
2856 5563 3146 5618 Baronium
3176 5557 3586 5620 conﬁrmatur“.
3735 5630 3757 5640 __

2397 5649 2536 5708 XXI.
2557 5652 2814 5725 Synesius
2842 5671 3058 5727 quoque
3087 5666 3379 5729 temporum
3407 5652 3593 5708 illorum
3611 5631 3795 5708 aequalis,
3828 5717 3842 5728 ι

2247 4588 2290 4643 D

732 5808 773 5838 ³ο
803 5806 985 5863 Isidor.
1020 5810 1216 5879 Pclus.,
1249 5814 1332 5870 5‘2.
1411 5818 1450 5849 ³¹
1487 5819 1681 5875 Baron.
1715 5836 1804 5875 an.
1841 5823 1964 5889 400,
1988 5839 2105 5895 cap.
2139 5825 2255 5898 58.]
