4068 6308
274 422 425 497 “Si

1143 433 1708 491 ONGENIANORUM
1749 433 1871 487 LIB.
1915 431 1979 496 II,
2015 431 2164 487 CAP.
2208 430 2299 497 IV,
2337 429 2526 486 SECT.
2569 429 2633 483 II.

3359 430 3496 486 H58

270 555 400 609 licet
431 556 532 609 sub
564 553 843 623 Theophili
875 552 1074 607 ditione
1115 551 1340 619 positus,
1376 551 1428 603 in
1476 548 1698 618 epistola
1751 557 1833 600 ta—
1864 555 1911 608 Α
1938 548 2134 615 quibus
2156 562 2309 600 suum
2339 545 2597 599 adversus
2628 542 2915 614 Origenem
2949 543 3031 597 vel
3066 556 3275 606 verum,
3310 544 3392 597 vel
3419 545 3496 596 si-

273 660 395 699 men
420 645 486 698 ad
520 646 691 715 ipsum
724 644 870 706 data,
893 641 1119 696 Joannis
1141 640 1488 693 nihilominus
1514 637 1830 692 memoriam

272 734 435 788 laude
495 734 843 805 prosequitur
896 733 960 785 ⁸¹.
1012 732 1152 785 Idem
1211 746 1330 784 cum
1366 730 1432 784 ad
1466 730 1831 797 episcOpatum

273 825 637 895 Cyrenensem
679 823 953 892 superiore
982 835 1125 875 anno
1168 820 1369 873 invitus
1405 825 1831 887 promoveretur,

276 924 347 973 ad
381 918 747 975 declinandum
765 930 919 981 onus,
944 922 998 967 et
1022 913 1270 983 populum
1301 910 1704 966 absterrendum
1739 926 1835 979 pu-

275 1010 416 1066 blice
439 1012 860 1071 contestabatur,
880 1021 981 1061 nec
1004 1004 1187 1059 mundi
1215 1018 1485 1067 occasum,
1518 1018 1617 1057 nec
1647 1017 1831 1057 resur-

276 1103 574 1157 rectionem
604 1114 914 1167 corporum,
956 1111 1055 1151 nec
1087 1097 1292 1150 animas
1323 1095 1431 1164 jam
1478 1093 1722 1148 formatis
1753 1095 1837 1147 iu-

276 1195 384 1248 seri
415 1191 729 1261 corporibus
761 1189 866 1244 sibi
907 1202 1064 1256 posse
1084 1187 1395 1256 persuaderi
1422 1203 1435 1238 :
1465 1200 1583 1254 quae
1610 1200 1730 1239 cum
1756 1186 1837 1238 in-

277 1285 450 1354 signia
485 1283 591 1337 sint
611 1281 788 1349 capita
828 1278 1166 1349 Origenianaa
1185 1278 1465 1341 doctrinae,
1497 1276 1650 1330 valde
1672 1277 1725 1329 in
1752 1276 1836 1332 his

274 1375 413 1428 locis
440 1387 656 1427 exosam
694 1380 821 1424 tunc
842 1368 1007 1422 fuisse
1037 1367 1431 1422 concludimus.
1463 1370 1531 1421 At
1564 1367 1835 1437 Hierony-

275 1480 395 1519 mus
411 1462 777 1533 Chrysostomi
799 1459 1165 1528 expulsionem
1196 1459 1509 1514 etexsilium
1538 1459 1838 1529 Theophilo

276 1570 373 1624 per
410 1553 689 1623 epistolam
745 1549 1047 1619 gratulatus
1082 1559 1163 1604 est
1212 1549 1259 1581 ³³
1292 1567 1305 1603 :
1346 1567 1365 1599 ι
1418 1549 1569 1605 Unde
1601 1560 1654 1605 et
1704 1566 1836 1618 nos,

279 1645 472 1713 inquit,
503 1643 761 1698 Joannem
819 1641 911 1711 qui
965 1641 1158 1695 dudum
1191 1640 1836 1711 Constantinopolitanam

278 1737 426 1791 rexit
453 1735 778 1799 Ecclesiam,
806 1733 912 1787 Deo
949 1733 1161 1802 placere
1193 1748 1405 1802 semper
1427 1734 1751 1802 optavimus,
1785 1742 1841 1789 et

279 1842 471 1881 causas
503 1825 824 1895 perditionis
859 1824 1005 1894 ejus,
1044 1825 1096 1879 in
1129 1838 1265 1893 quas
1310 1825 1586 1879 ferebatur
1643 1826 1841 1896 impro-

1932 638 2191 693 mulatum
2221 637 2403 691 odium
2446 635 2744 704 insignibus
2793 632 3153 687 monumentis
3188 634 3483 702 expressit.

1938 730 2008 783 De
2032 743 2095 783 eo
2123 727 2391 781 volumine
2428 726 2509 780 sic
2533 725 2841 781 Gennadius
2872 724 2965 778 lib.
3005 724 3078 778 De
3123 725 3220 776 uir.
3256 725 3449 780 illustr.
3476 738 3494 777 :

1936 838 1957 872 ι
1992 819 2223 887 Scripsit
2250 818 2533 874 adversum
2563 816 2852 885 Origenem
2888 829 3050 869 unum
3080 825 3135 868 et
3175 814 3378 883 grande
3404 828 3498 866 vo-

1934 912 2143 976 lumen,
2170 913 2225 966 in
2266 928 2372 982 quo
2413 910 2594 965 omnia
2616 924 2750 978 pene
2776 908 2892 975 ejus
2919 908 3083 973 dicta,
3113 918 3167 961 et
3194 908 3366 973 ipsum
3404 921 3496 974 pa-

1935 1007 2069 1060 riter
2096 1005 2349 1070 damnat;
2378 1002 2627 1057 similiter
2663 1002 2863 1055 docens
2889 1015 2992 1053 non
3036 1015 3065 1052 a
3126 1013 3185 1053 se
3216 1013 3337 1053 cum
3386 999 3495 1066 pri-

1935 1110 2105 1158 mum,
2129 1094 2222 1149 sed
2253 1098 2320 1147 ab
2350 1092 2590 1161 antiquis
2614 1091 2893 1155 Patribus,
2924 1099 2978 1143 et
3004 1090 3239 1143 maxime
3270 1088 3496 1144 Heracla

1936 1183 2101 1237 fuisse
2126 1192 2179 1236 et
2211 1197 2239 1235 a
2271 1182 2611 1251 presbyterio
2636 1179 2890 1247 ejectum,
2922 1188 2976 1233 et
3007 1178 3074 1233 tle
3098 1178 3335 1232 Ecclesia
3378 1177 3497 1246 pul-

1937 1292 2076 1341 sum,
2133 1276 2281 1330 etde
2329 1274 2548 1329 civitate
2587 1271 2851 1342 fugatum.
2891 1289 2908 1322 ›
2957 1271 3145 1324 Refert
3176 1284 3242 1323 ex
3293 1269 3499 1325 Isidoro

1936 1367 2167 1422 diacono
2205 1366 2441 1420 Joannes
2494 1365 2881 1427 Damascenus,
2930 1361 3285 1429 TheOphilum
3336 1361 3495 1414 morti

1937 1455 2259 1525 proximum,
2287 1469 2405 1508 cum
2438 1462 2659 1523 propter
2688 1452 2978 1506 admissum
3006 1452 3056 1504 in
3079 1450 3306 1505 Joannis
3335 1465 3498 1504 causa

1939 1543 2535 1616 peccatum,'exhalare
2561 1542 2808 1612 spiritum
2835 1557 2938 1596 non
2972 1552 3173 1610 posset,
3200 1539 3373 1596 oblata
3397 1539 3501 1610 ipsi

1939 1635 2311 1707 Chrysostomi
2364 1634 2597 1703 imagine
2650 1642 2705 1687 et
2751 1634 2972 1688 adorata
3031 1632 3213 1686 statim
3264 1631 3500 1684 animam
3578 1636 3587 1645 '

1938 1730 2133 1799 egisse.
2163 1724 2342 1780 Nihilo
2397 1726 2573 1780 secius
2606 1735 2785 1778 tamen
2823 1723 2937 1792 ejus
2968 1723 3165 1777 famam
3211 1721 3502 1776 lancinavit

1939 1818 2169 1891 Cyrillus
2197 1815 2477 1885 Theophili
2507 1824 2785 1884 cognatus.
2810 1815 2880 1867 At
2910 1830 3032 1870 cum
3060 1814 3301 1868 animum
3334 1813 3504 1882 ipsius

281 1918 461 1981 vidus,
492 1891 833 1986 nequaquam
888 1891 1113 1969 credere
1145 1891 1427 1973 voluimus.
1482 1913 1589 1972 Sed
1622 1891 1733 1981 ille;
1784 1928 1844 1972 ut
1871 1891 1915 1946 Β
1947 1910 2198 1979 mitigare
2230 1908 2468 1964 studenti
2508 1908 2690 1962 Attico
2734 1907 3333 1976 ConstantinOpolitano
3382 1905 3503 1973 epi-

280 2016 477 2061 caetera
500 2005 695 2075 flagitia
725 2004 839 2073 ejus
874 2016 1101 2071 taceam,
1133 2004 1468 2077 Origenistas
1489 2010 1542 2062 in
1569 2023 1719 2063 suam
1759 2024 1844 2064 re-

282 2097 485 2164 cipiens
515 2094 960 2160 familiaritatem,
981 2103 1037 2148 et
1064 2109 1129 2149 ex
1158 2094 1533 2165 his-plurimos
1575 2094 1627 2148 in
1659 2109 1843 2149 sacer-

285 2187 487 2241 dmium
520 2186 841 2255 provehens,
877 2196 1042 2256 atque
1072 2187 1141 2241 ob
1172 2187 1277 2242 hoc
1326 2186 1501 2241 scelus
1536 2187 1706 2241 beatae
1731 2201 1846 2241 me-

286 2278 475 2330 moria:
502 2276 770 2330 hominem
798 2275 890 2331 Dei
930 2276 1309 2346 Epiphanium,
1336 2276 1427 2345 qui
1463 2275 1604 2330 inter
1642 2276 1846 2346 episco—

286 2381 384 2435 pos
417 2366 618 2420 clarum
644 2366 697 2420 in
726 2368 856 2421 orbe
877 2366 1025 2421 sidus
1054 2365 1272 2433 ell‘ulsit,
1299 2382 1404 2421 non
1427 2382 1593 2435 parvo
1615 2382 1847 2422 mterore

286 2459 613 2514 contristans
659 2458 855 2513 meruit
898 2461 1125 2513 audire:
1155 2458 1377 2521 Cecidit,
1424 2458 1610 2512 cecidit
1666 2457 1843 2527 Baby-

287 2548 377 2600 lon
410 2547 477 2601 “.
519 2567 537 2599 ι
570 2547 790 2601 Minime
844 2547 1024 2616 itaque
1073 2547 1474 2602 assentiendum
1510 2547 1742 2601 Baronio
1773 2547 1843 2611 ³⁸,

285 2639 379 2703 qui
405 2637 704 2691 concitatas
733 2651 762 2688 a
781 2635 1080 2706 Theophilo
1112 2638 1369 2691 adversus
1398 2616 1847 2706 Chrysostomum

290 2727 480 2780 turbas
515 2726 798 2795 aegerrime
839 2726 1022 2781 tulisse
1048 2726 1435 2797 Hieronymum
1479 2725 1772 2794 conjectat.

359 2816 521 2870 XXII.
582 2815 975 2871 Observatione
1020 2832 1149 2871 vero
1186 2817 1404 2884 dignum
1438 2816 1687 2885 estquod
1724 2829 1848 2869 nar-

289 2917 413 2961 rant
447 2906 719 2972 Socrates,
772 2906 1033 2977 Georgius
1072 2905 1472 2959 Alexandrinus
1528 2915 1580 2960 et
1628 2904 1847 2961 Simeon

295 2998 706 3067 Metaphrastcs,
743 2998 797 3051 in
817 2996 1172 3066 Theophilum
1196 2997 1338 3067 vulgi
1379 2996 1560 3051 odium
1586 2997 1846 3063 crevisse,

288 3092 493 3146 idcirco
518 3092 658 3160 quod
710 3100 830 3160 post
863 3092 1146 3145 damnatos
1202 3100 1348 3146 tanto
1376 3100 1568 3145 conatu
1599 3088 1850 3160 Origenis

286 3182 477 3249 libros,
517 3198 703 3236 eorum
734 3184 899 3236 etiam
936 3193 1053 3236 tum
1107 3182 1322 3236 lectioni
1367 3183 1578 3237 deditus
1599 3196 1719 3237 esse
1751 3183 1848 3236 de-

288 3275 585 3345 prehensus
623 3276 728 3339 sit;
767 3274 917 3342 cujus
971 3275 1048 3328 rei
1092 3289 1311 3329 causam
1356 3289 1479 3328 cum
1520 3275 1589 3329 ab
1620 3288 1687 3329 eo
1724 3288 1849 3343 per-

287 3378 605 3423 contaretur
662 3368 928 3438 quispiam
958 3407 973 3431 ,
1032 3368 1372 3437 respondisse
1424 3376 1579 3437 prato
1632 3365 1852 3420 ﬂoribus

296 3460 511 3515 consito
540 3458 742 3514 similes
773 3473 892 3513 esse
925 3458 1093 3513 libros
1138 3458 1386 3528 Origenis
1408 3498 1422 3522 ,
1458 3458 1750 3526 decerpere
1795 3470 1854 3511 se

294 3566 416 3618 quae
448 3550 673 3620 pulchra
701 3558 861 3616 sunt;
899 3564 1015 3616 quae
1043 3548 1284 3617 spinosa,
1315 3549 1593 3618 praeterire
1623 3566 1636 3601 :
1694 3555 1855 3615 atque

294 3645 348 3696 id
380 3642 630 3705 omnibus
683 3639 966 3695 offensioni
1016 3639 1206 3694 fuisse.
1254 3642 1327 3694 De
1356 3654 1419 3695 ea
1447 3654 1504 3693 re
1538 3640 1613 3693 ita
1648 3638 1855 3707 Ruper-

297 3745 385 3788 tus
411 3733 701 3788 Tuitiensis
728 3733 820 3787 lib.
848 3748 864 3786 1
927 3731 1216 3786 Comment.
1241 3732 1294 3785 in
1322 3731 1603 3786 Deuteron.
1637 3745 1758 3799 cap.
1778 3745 1854 3785 tx.

304 3844 322 3876 ι
347 3826 508 3880 Juxta
537 3824 771 3878 litteram
835 3824 1119 3878 manifesta
1144 3832 1229 3878 est
1264 3823 1513 3893 mquitas,
1549 3823 1702 3892 juxta
1733 3836 1858 3875 ana-

298 3932 468 3987 gogen
502 3930 633 3971 vero
656 3916 843 3986 judicii
884 3916 1145 3970 lectorum
1194 3916 1469 3970 inhibetur
1505 3915 1856 3981 mutabilitas,

299 4009 551 4064 videlicet
580 4023 739 4077 quam
767 4008 819 4061 in
864 4006 1163 4077 Theophilo
1198 4007 1585 4063 Alexandrinae
1624 4007 1860 4061 civitatis

300 4102 553 4170 episcopo
572 4099 935 4155 ecclesiastica
964 4100 1304 4170 reprehendit
1336 4100 1542 4153 relatio.
1578 4098 1680 4166 Qui
1740 4114 1859 4154 cum

294 4189 520 4246 Joannis
543 4190 1144 4260 Constantinopolitani,
1173 4190 1265 4261 qui
1296 4190 1713 4261 Chrysostomus
1767 4206 1864 4261 ap-

298 4283 568 4353 pellatur,
597 4292 742 4337 esset
773 4283 1041 4349 inimicus,
1070 4283 1354 4337 lectionem
1379 4282 1648 4354 Origenis,
1683 4284 1767 4337 cui
1799 4283 1863 4337 Ii-

300 4373 493 4428 henter
517 4372 877 4440 incumbebat,
908 4375 1025 4428 zelo
1052 4375 1293 4445 ejusdem
1314 4373 1542 4429 Joannis
1568 4375 1862 4441 damnavit;

308 4467 630 4536 tandemque
686 4467 939 4522 damnato
984 4467 1191 4522 Joanne
1219 4508 1234 4534 ,
1292 4469 1416 4536 quia
1451 4482 1512 4521 se
1563 4483 1592 4520 a
1636 4468 1867 4523 lcetione

1944 2016 2106 2071 sc0po
2134 2009 2419 2069 perpetuas
2441 2012 2560 2053 sese
2595 2012 2716 2051 cum
2751 1996 3120 2065 Chrysostomi
3150 1997 3369 2051 nomine
3399 1996 3500 2048 ini-

1945 2091 2176 2146 micitias
2240 2101 2518 2159 gesmrum
2560 2087 2788 2158 Cyrillus
2840 2088 3222 2152 renuntiasset;
3269 2089 3322 2141 in
3352 2102 3506 2143 acres

1946 2182 2133 2238 Isidori
2165 2181 2450 2236 Pelusiotae
2475 2178 2878 2248 objurgationes
2918 2176 3145 2231 incurrit
3171 2194 3187 2230 :
3215 2187 3269 2231 et
3296 2179 3361 2232 ad
3392 2194 3506 2231 me-

1946 2276 2135 2331 liorem
2170 2275 2382 2328 tandem
2415 2281 2700 2331 reyocatus
2734 2280 2963 2324 mentem
2989 2286 3109 2323 cum
3141 2267 3365 2323 Joannis
3398 2284 3511 2323 me-

1947 2369 2118 2423 moria
2147 2368 2306 2423 rediit
2335 2368 2386 2420 in
2418 2366 2671 2435 gratiam,
2696 2377 3002 2431 nomenque
3030 2362 3200 2431 ipsius
3233 2362 3511 2432 Diptychis

1946 2460 2193 2515 inseruit.
2218 2461 2535 2528 Anonymus
2576 2454 2943 2525 Chrysostomi
2980 2455 3105 2506 vitae
3167 2455 3425 2522 scriptor.
3452 2455 3508 2507 in

1946 2552 2152 2608 somnis
2188 2551 2450 2604 monitum
2510 2565 2538 2602 a
2596 2545 2806 2601 Joanne
2861 2544 3120 2616 Cyrillum
3185 2546 3511 2599 sententiam

1948 2654 2185 2698 mutasse
2214 2651 2416 2706 narrat,
2445 2642 2619 2709 deque
2667 2640 2785 2706 ejus
2840 2639 3040 2706 pietate
3093 2647 3148 2691 et
3201 2639 3513 2707 integritate

1949 2735 2181 2790 saniora
2211 2733 2464 2787 sensisse.
2502 2731 2689 2784 Relato
2723 2729 2841 2797 ejus
2867 2728 2920 2781 in
2957 2728 3216 2797 Diptycha
3255 2729 3512 2796 nomine,

1951 2825 2177 2894 reliquis
2200 2824 2515 2894 praesulibus
2543 2823 2678 2876 idem
2706 2830 2764 2874 ut
2795 2820 3058 2885 facerent,
3084 2820 3331 2887 exemplo
3391 2820 3512 2876 fuit.

1947 2918 2096 2972 Adeo
2121 2927 2175 2970 ut
2210 2915 2417 2985 publice
2467 2913 2569 2968 coli
2608 2914 2799 2969 deinde
2834 2922 3043 2980 cceptus
3074 2912 3144 2964 sit
3190 2911 3510 2981 Chrysosto—

1948 3023 2088 3074 mus,
2118 3019 2173 3063 et
2194 3022 2383 3076 magna
2431 3006 2642 3059 demum
2673 3019 2861 3072 pompa
2888 3020 2951 3056 ac
2975 3002 3228 3056 comitatu
3253 3003 3515 3058 Constan-

1953 3097 2234 3167 tinopolim
2270 3094 2529 3163 reliquias
2556 3094 2725 3161 ipsius
2764 3092 3017 3146 Cumanis
3049 3093 3335 3145 devexerit
3387 3092 3515 3146 Pro-

1952 3189 2064 3244 clus
2090 3189 2315 3242 antistes
2335 3185 2981 3254 Constantinopolitanus.
3005 3183 3103 3238 Hic
3130 3200 3288 3254 porro
3302 3185 3515 3239 .frustra

1954 3282 2179 3335 miratur
2202 3277 2473 3342 Socrates,
2508 3277 2635 3345 quid
2663 3277 2734 3330 sit
2757 3290 2854 3329 cur
2888 3281 2973 3329 tot‘
2987 3286 3109 3344 post
3145 3277 3352 3350 obitum
3411 3292 3514 3328 an-

1956 3374 2038 3427 nis
2072 3371 2358 3441 Origenem
2391 3370 2457 3422 ab
2486 3367 2741 3422 Ecclesia:
2769 3370 3145 3422 communione
3178 3380 3519 3438 segregatum

1954 3462 2384 3535 pronuntiaverit
2413 3460 2768 3529 Theophilus,
2800 3459 3060 3514 Joannem
3083 3474 3215 3514 vero
3243 3461 3519 3515 tricesimo

1956 3557 2143 3625 quinto
2175 3570 2203 3607 a
2232 3564 2408 3609 morte
2437 3568 2582 3608 anno
2622 3553 2673 3606 in
2707 3553 2950 3607 eamdem
2990 3552 3210 3607 Proclus
3239 3563 3514 3621 receptum

1953 3645 2186 3700 voluerit
2217 3660 2230 3697 :
2266 3658 2387 3696 nam
2419 3642 2548 3695 licet
2576 3640 2820 3710 Origenis
2846 3642 3025 3708 potius
3054 3640 3318 3705 doctrina,
3359 3656 3519 3708 quam

1959 3750 2156 3790 nomen
2202 3733 2364 3787 fuerit
2410 3748 2442 3788 a
2482 3732 2785 3801 Theophila
2817 3733 3205 3797 damnandum,
3247 3732 3519 3786 nihilomi-

1959 3842 2064 3885 nus
2089 3835 2264 3880 tamen
2295 3835 2353 3879 ut
2396 3832 2521 3895 pote
2555 3824 2774 3877 nefariae
2797 3824 3059 3877 doctrinae
3109 3832 3299 3878 auctor
3326 3823 3521 3893 Orige-

1961 3936 2057 3975 nes
2086 3932 2369 3974 censuram
2404 3917 2644 3987 aliquam
2675 3926 2728 3971 et
2754 3916 3228 3984 reprehensionem
3289 3930 3523 3970 comme-

1962 4016 2103 4080 ruit;
2144 4031 2266 4070 cum
2313 4015 2513 4069 nullius
2561 4014 2863 4069 econtrario
2904 4014 3107 4068 erroris
3150 4011 3320 4067 alIinis
3355 4013 3524 4081 Chry-

1962 4118 2255 4171 sostomus,
2317 4122 2414 4176 per
2468 4121 2736 4163 summum
2778 4105 2958 4160 scelus
3003 4106 3071 4159 ab
3126 4104 3359 4159 Ecclesia
3397 4120 3524 4173 pro-

1976 4199 2230 4266 scriptus,
2247 4197 2369 4266 jure
2402 4197 2453 4250 in
2480 4211 2599 4250 eam
2617 4197 2843 4251 subinde
2872 4205 3119 4264 receptus
3139 4196 3228 4250 sit.
3256 4195 3373 4251 Jam
3402 4206 3527 4250 ante

1967 4291 2084 4344 haec
2125 4300 2368 4358 tempora
2396 4288 2593 4341 librum
2620 4287 2694 4341 De
2719 4289 3095 4341 resurrectione
3121 4288 3377 4343 adversus
3405 4287 3525 4341 Ori-

1966 4397 2153 4452 genem
2182 4380 2484 4449 scripserat
2512 4379 2770 4434 Hammon
2806 4380 3334 4449 Adrianopolitanus,
3394 4389 3453 4430 ut.
3495 4394 3526 4432 a

1966 4473 2203 4527 Maximo
2232 4473 2488 4526 traditum
2518 4479 2603 4526 est
2653 4473 2706 4525 in
2736 4472 2970 4527 Scholiis
2996 4474 3062 4526 ad
3109 4471 3421 4540 Dionysium
3454 4471 3529 4525 De

300 4559 550 4629 Origenis
607 4576 714 4615 non
781 4560 1038 4625 cohibuit,
1084 4574 1268 4613 rursus
1319 4561 1431 4629 ipse
1478 4560 1695 4614 lectioni
1749 4559 1868 4616 Ori-
1899 4570 1942 4626 1)
1970 4565 2161 4618 caelesti
2185 4562 2504 4628 hierarchia,
2538 4578 2657 4631 cap.
2713 4561 2763 4615 7.
2799 4562 2873 4615 De
2900 4563 3015 4628 ejus
3047 4570 3205 4615 actate
3244 4578 3407 4614 unum
3439 4563 3530 4616 ha-

303 4654 457 4724 genis
483 4651 721 4723 ejusdem
754 4651 1016 4706 incubuit.
1080 4671 1099 4703 ι
1151 4650 1289 4706 Hinc
1335 4650 1639 4705 existimari
1685 4659 1865 4720 potest

302 4755 505 4814 quanta
537 4744 750 4798 vafritie
777 4742 1132 4813 Theophilus.
1159 4757 1253 4811 per
1297 4742 1533 4811 speciem
1566 4741 1863 4796 insectandi

307 4836 630 4905 Origenismi
658 4838 900 4906 privatas
927 4836 1227 4890 simultates
1249 4834 1389 4888 ultus
1418 4836 1519 4901 sit;
1550 4833 1709 4889 facile
1736 4848 1867 4902 prte-

308 4929 491 4983 sertim
530 4929 761 4997 receptis
788 4933 947 4995 paulo
1004 4936 1129 4982 ante
1168 4927 1220 4981 in
1247 4928 1477 4994 gratiam
1502 4926 1820 4996 Origenistis
1848 4942 1862 4979 :

308 5023 402 5077 sed
439 5034 493 5075 ut
521 5022 573 5075 in
599 5032 775 5090 empta
804 5031 983 5076 tamen
1040 5021 1387 5074 simulatione
1440 5027 1818 5089 perseveraret
1848 5059 1864 5086 ,

309 5113 506 5185 stylum
529 5113 629 5166 hoc
651 5115 784 5181 ipso,
823 5121 876 5166 et
909 5122 1165 5181 sequente
1193 5120 1452 5181 praeterea
1482 5125 1625 5164 anno
1655 5124 1865 5164 summa

310 5207 602 5277 asperitate
640 5215 693 5261 et
722 5204 1096 5259 maledicentia
1121 5206 1363 5260 exercuit
1390 5204 1648 5258 adversus
1677 5202 1868 5272 Orige-

311 5312 435 5353 nem
464 5298 515 5351 in
545 5296 785 5366 epistolis
812 5296 1185 5361 Paschalibus,
1225 5312 1362 5364 quas
1405 5296 1594 5349 Latine
1627 5294 1873 5364 exposuit

314 5389 689 5458 Hieronymus,
721 5389 771 5441 in
797 5387 1075 5443 abolendis
1112 5387 1537 5458 Origenistarum
1600 5382 1874 5439 erroribus

282 5548 285 5553 g
311 5478 609 5547 TheOphilo
636 5480 1007 5532 consentiens.

280 5614 289 5623 .
383 5570 568 5626 XXIII.
600 5571 755 5623 Anno
793 5569 988 5623 Christi
1020 5570 1126 5625 412
1149 5570 1378 5625 decessit
1403 5567 1758 5639 Theophilus,
1789 5583 1874 5623 re-

310 5667 435 5718 Iicto
468 5678 591 5718 cum
621 5663 863 5732 epistolis
889 5662 1241 5718 Paschalibus
1272 5665 1464 5733 grandi
1497 5663 1790 5728 volumine,
1822 5663 1873 5716 in

383 5848 426 5879 ³¹
470 5846 662 5917 Synes.
699 5847 856 5915 epist.
882 5846 968 5902 66.

1969 4657 2069 4711 beo
2108 4656 2249 4725 quod
2285 4656 2480 4721 dicam,
2521 4655 2870 4708 vetustiorem
2902 4653 3071 4707 fuisse
3106 4655 3279 4721 ipsum
3307 4655 3529 4724 Cyl-illo,

1972 4762 2001 4800 a
2031 4762 2139 4815 quo
2175 4748 2225 4799 in
2260 4746 2619 4800 testimonium
2658 4745 2856 4798 alicubi
2892 4745 3093 4799 citatus
3114 4755 3218 4799 est.

2038 4836 2228 4892 XXIV.
2257 4837 2527 4891 Restituto
2560 4838 2610 4889 in
2643 4828 2922 4906 pris'tinam
2963 4836 3160 4890 famam
3212 4837 3533 4906 Chrysosto-

1972 4944 2080 4993 mo,
2108 4944 2299 4997 magna
2358 4938 2535 4981 tamen
2583 4943 2648 4982 ex
2690 4928 2771 4981 his
2800 4927 3289 4982 conflictationibus
3342 4929 3533 4997 Orige-

1950 5022 2133 5075 niano
2169 5023 2374 5074 nomini
2414 5020 2701 5089 ignominia
2731 5019 2874 5073 illata
2898 5028 3002 5083 est,
3025 5031 3082 5074 ut
3106 5020 3216 5073 fere
3239 5020 3350 5088 jam
3376 5021 3533 5087 vulgo

1973 5130 2073 5183 pro
2098 5115 2355 5169 hazretico
2408 5115 2721 5193 haberetur.
2777 5111 3116 5182 Quapropter
3176 5112 3535 5182 Hieronymus

1975 5204 2372 5259 Demetriadem
2436 5203 2699 5273 virginem
2746 5205 3027 5272 praeceptis
3058 5203 3340 5256 instituens
3394 5219 3535 5257 anno

1978 5296 2103 5360 M5,
2145 5308 2303 5351 caute
2353 5306 2532 5350 monet
2580 5306 2637 5349 ut
2687 5296 2789 5350 sibi
2831 5296 2897 5348 ab
2945 5294 3378 5364 Origenistarum
3432 5296 3537 5350 fer-

1981 5401 2161 5446 mento
2188 5401 2395 5445 caveat.
2430 5389 2562 5443 Nam
2589 5405 2708 5443 cum
2736 5389 3130 5456 Origenismum
3156 5390 3222 5442 ab
3251 5389 3539 5443 Anastasio

1981 5485 2266 5552 protritum
2306 5482 2555 5545 dixisset,
2605 5482 2793 5534 addit:
2834 5497 2852 5529 ι
2894 5479 2960 5532 Ει
2999 5481 3124 5549 quia
3167 5495 3379 5543 vereor,
3432 5480 3540 5532 imo

1954 5620 1957 5623 .
1985 5591 2199 5629 rumore
2223 5574 2471 5644 cognovi,
2509 5574 2559 5626 in
2583 5571 2903 5641 quibusdam
2934 5570 3110 5623 adhuc
3138 5570 3319 5623 vivere
3344 5574 3397 5622 et
3424 5567 3541 5636 pul-

1984 5665 2147 5720 lulare
2179 5672 2439 5719 venenata
2475 5663 2766 5732 plantaria,
2829 5660 2958 5714 illud
3003 5672 3055 5714 te
3116 5661 3204 5729 pio
3250 5659 3535 5714 charitatis

1048 5846 1091 5878 ³³
1117 5845 1334 5902 Hieron.
1366 5847 1523 5915 epist.
1550 5848 1636 5905 88.
1713 5848 1757 5880 ³⁸
1790 5846 1887 5902 Isa.
1922 5863 2031 5911 xxi,
2061 5846 2112 5903 9.
2188 5846 2231 5879 ³⁵
2266 5846 2462 5903 Baron.
2494 5859 2583 5900 an.
2607 5843 2731 5906 404,
2766 5857 2883 5906 cap.
2916 5858 2982 5898 an
3012 5841 3131 5897 135.
