  <div class='ocr_page' id='page_1' title='image "/cluster/home/n/w/nwhite01/storage/ocr_20150623/17/mdp.39015031604831/585.png"; bbox 0 0 4068 6312; ppageno 0'>
   <div class='ocr_carea' id='block_1_1' title="bbox 649 385 787 443">
    <p class='ocr_par' dir='ltr' id='par_1_1' title="bbox 649 385 787 443">
     <span class='ocr_line' id='line_1_1' title="bbox 649 385 787 443; baseline 0.022 -3"><span class='ocrx_word' id='word_1_1' title='bbox 649 385 676 440; x_wconf 76' lang='lat' dir='ltr'><strong>I</strong></span> <span class='ocrx_word' id='word_1_2' title='bbox 692 387 787 443; x_wconf 64' lang='lat' dir='ltr'><strong>I59</strong></span> 
     </span>
    </p>
   </div>
   <div class='ocr_carea' id='block_1_2' title="bbox 1869 375 2600 436">
    <p class='ocr_par' dir='ltr' id='par_1_2' title="bbox 1869 375 2600 436">
     <span class='ocr_line' id='line_1_2' title="bbox 1869 375 2600 436; baseline 0 -2"><span class='ocrx_word' id='word_1_3' title='bbox 1869 407 1890 422; x_wconf 83' lang='lat'><strong>-</strong></span> <span class='ocrx_word' id='word_1_4' title='bbox 1913 381 1972 436; x_wconf 85' lang='lat' dir='ltr'><strong>P.</strong></span> <span class='ocrx_word' id='word_1_5' title='bbox 2012 377 2326 435; x_wconf 81' lang='lat' dir='ltr'><strong>BANIELIS</strong></span> <span class='ocrx_word' id='word_1_6' title='bbox 2364 375 2600 435; x_wconf 80' lang='lat' dir='ltr'><strong>IIUETII</strong></span> 
     </span>
    </p>
   </div>
   <div class='ocr_carea' id='block_1_3' title="bbox 3703 383 3802 440">
    <p class='ocr_par' dir='ltr' id='par_1_3' title="bbox 3703 383 3802 440">
     <span class='ocr_line' id='line_1_3' title="bbox 3703 383 3802 440; baseline 0.03 -3"><span class='ocrx_word' id='word_1_7' title='bbox 3703 383 3802 440; x_wconf 72' lang='lat' dir='ltr'><strong>I160</strong></span> 
     </span>
    </p>
   </div>
   <div class='ocr_carea' id='block_1_4' title="bbox 648 490 3803 574">
    <p class='ocr_par' dir='ltr' id='par_1_4' title="bbox 648 490 3803 574">
     <span class='ocr_line' id='line_1_4' title="bbox 648 490 3803 574; baseline -0.003 -14"><span class='ocrx_word' id='word_1_8' title='bbox 648 505 841 560; x_wconf 83' lang='lat' dir='ltr'><strong>affectu</strong></span> <span class='ocrx_word' id='word_1_9' title='bbox 871 499 1300 574; x_wconf 73' lang='lat' dir='ltr'><strong>praemonendam</strong></span> <span class='ocrx_word' id='word_1_10' title='bbox 1352 504 1500 569; x_wconf 90' lang='lat' dir='ltr'><strong>puto,</strong></span> <span class='ocrx_word' id='word_1_11' title='bbox 1533 507 1592 554; x_wconf 91' lang='lat' dir='ltr'><strong>ut</strong></span> <span class='ocrx_word' id='word_1_12' title='bbox 1646 498 1817 553; x_wconf 77' lang='lat' dir='ltr'><strong>sancti</strong></span> <span class='ocrx_word' id='word_1_13' title='bbox 1865 498 2162 554; x_wconf 90' lang='lat' dir='ltr'><strong>Innocentii</strong></span> <span class='ocrx_word' id='word_1_14' title='bbox 2193 539 2208 563; x_wconf 94' lang='lat'><strong>,</strong></span> <span class='ocrx_word' id='word_1_15' title='bbox 2241 503 2288 559; x_wconf 77' lang='grc' dir='ltr'><strong>Α</strong></span> <span class='ocrx_word' id='word_1_16' title='bbox 2315 498 2548 568; x_wconf 81' lang='lat' dir='ltr'><strong>Denique</strong></span> <span class='ocrx_word' id='word_1_17' title='bbox 2579 497 2882 568; x_wconf 87' lang='lat' dir='ltr'><strong>Stephanus</strong></span> <span class='ocrx_word' id='word_1_18' title='bbox 2919 495 3166 552; x_wconf 89' lang='lat' dir='ltr'><strong>Gobarus</strong></span> <span class='ocrx_word' id='word_1_19' title='bbox 3183 490 3442 551; x_wconf 80' lang='lat' dir='ltr'><strong>Tritheita</strong></span> <span class='ocrx_word' id='word_1_20' title='bbox 3458 494 3803 564; x_wconf 72' lang='lat' dir='ltr'><strong>reprehendendi</strong></span> 
     </span>
    </p>
   </div>
   <div class='ocr_carea' id='block_1_5' title="bbox 649 590 2222 667">
    <p class='ocr_par' dir='ltr' id='par_1_5' title="bbox 649 590 2222 667">
     <span class='ocr_line' id='line_1_5' title="bbox 649 590 2222 667; baseline -0.003 -16"><span class='ocrx_word' id='word_1_21' title='bbox 649 599 739 667; x_wconf 88' lang='lat' dir='ltr'><strong>qui</strong></span> <span class='ocrx_word' id='word_1_22' title='bbox 765 595 1076 666; x_wconf 76' lang='lat' dir='ltr'><strong>apostolicae</strong></span> <span class='ocrx_word' id='word_1_23' title='bbox 1113 591 1414 655; x_wconf 69' lang='lat' dir='ltr'><strong>cathedrae,</strong></span> <span class='ocrx_word' id='word_1_24' title='bbox 1439 599 1495 645; x_wconf 92' lang='lat' dir='ltr'><strong>et</strong></span> <span class='ocrx_word' id='word_1_25' title='bbox 1515 591 1807 660; x_wconf 81' lang='lat' dir='ltr'><strong>supradicti</strong></span> <span class='ocrx_word' id='word_1_26' title='bbox 1850 590 1953 644; x_wconf 90' lang='lat' dir='ltr'><strong>viri</strong></span> <span class='ocrx_word' id='word_1_27' title='bbox 2000 604 2222 646; x_wconf 87' lang='lat' dir='ltr'><strong>succes-</strong></span> 
     </span>
    </p>
   </div>
   <div class='ocr_carea' id='block_1_6' title="bbox 650 677 2224 749">
    <p class='ocr_par' dir='ltr' id='par_1_6' title="bbox 650 677 2224 749">
     <span class='ocr_line' id='line_1_6' title="bbox 650 677 2224 749; baseline -0.008 -4"><span class='ocrx_word' id='word_1_28' title='bbox 650 704 739 745; x_wconf 86' lang='lat' dir='ltr'><strong>sor</strong></span> <span class='ocrx_word' id='word_1_29' title='bbox 769 696 822 742; x_wconf 91' lang='lat' dir='ltr'><strong>et</strong></span> <span class='ocrx_word' id='word_1_30' title='bbox 857 685 1000 739; x_wconf 89' lang='lat' dir='ltr'><strong>filius</strong></span> <span class='ocrx_word' id='word_1_31' title='bbox 1026 692 1131 746; x_wconf 85' lang='lat' dir='ltr'><strong>est,</strong></span> <span class='ocrx_word' id='word_1_32' title='bbox 1159 689 1347 736; x_wconf 80' lang='lat' dir='ltr'><strong>teneas</strong></span> <span class='ocrx_word' id='word_1_33' title='bbox 1373 681 1555 736; x_wconf 87' lang='lat' dir='ltr'><strong>fidem.</strong></span> <span class='ocrx_word' id='word_1_34' title='bbox 1587 698 1606 731; x_wconf 85' lang='grc'><strong>›</strong></span> <span class='ocrx_word' id='word_1_35' title='bbox 1634 678 1925 749; x_wconf 84' lang='lat' dir='ltr'><strong>Postquam</strong></span> <span class='ocrx_word' id='word_1_36' title='bbox 1948 693 2079 734; x_wconf 86' lang='lat' dir='ltr'><strong>vero</strong></span> <span class='ocrx_word' id='word_1_37' title='bbox 2106 677 2224 732; x_wconf 91' lang='lat' dir='ltr'><strong>ani-</strong></span> 
     </span>
    </p>
   </div>
   <div class='ocr_carea' id='block_1_7' title="bbox 650 770 2222 847">
    <p class='ocr_par' dir='ltr' id='par_1_7' title="bbox 650 770 2222 847">
     <span class='ocr_line' id='line_1_7' title="bbox 650 770 2222 847; baseline -0.006 -14"><span class='ocrx_word' id='word_1_38' title='bbox 650 791 859 833; x_wconf 88' lang='lat' dir='ltr'><strong>marum</strong></span> <span class='ocrx_word' id='word_1_39' title='bbox 890 773 1256 847; x_wconf 72' lang='grc' dir='ltr'><strong>προῦπαρξιν,</strong></span> <span class='ocrx_word' id='word_1_40' title='bbox 1288 782 1344 828; x_wconf 92' lang='lat' dir='ltr'><strong>et</strong></span> <span class='ocrx_word' id='word_1_41' title='bbox 1371 773 1611 828; x_wconf 85' lang='lat' dir='ltr'><strong>admissa</strong></span> <span class='ocrx_word' id='word_1_42' title='bbox 1660 771 1728 825; x_wconf 89' lang='lat' dir='ltr'><strong>ab</strong></span> <span class='ocrx_word' id='word_1_43' title='bbox 1760 771 1825 825; x_wconf 92' lang='lat' dir='ltr'><strong>iis</strong></span> <span class='ocrx_word' id='word_1_44' title='bbox 1875 779 2001 824; x_wconf 87' lang='lat' dir='ltr'><strong>ante</strong></span> <span class='ocrx_word' id='word_1_45' title='bbox 2055 770 2222 824; x_wconf 88' lang='lat' dir='ltr'><strong>vitam</strong></span> 
     </span>
    </p>
   </div>
   <div class='ocr_carea' id='block_1_8' title="bbox 649 860 2226 938">
    <p class='ocr_par' dir='ltr' id='par_1_8' title="bbox 649 860 2226 938">
     <span class='ocr_line' id='line_1_8' title="bbox 649 860 2226 938; baseline -0.005 -16"><span class='ocrx_word' id='word_1_46' title='bbox 649 876 893 938; x_wconf 86' lang='lat' dir='ltr'><strong>peccata,</strong></span> <span class='ocrx_word' id='word_1_47' title='bbox 931 865 1078 919; x_wconf 91' lang='lat' dir='ltr'><strong>velut</strong></span> <span class='ocrx_word' id='word_1_48' title='bbox 1107 865 1378 920; x_wconf 68' lang='lat' dir='ltr'><strong>haereseos</strong></span> <span class='ocrx_word' id='word_1_49' title='bbox 1415 863 1560 918; x_wconf 91' lang='lat' dir='ltr'><strong>illius</strong></span> <span class='ocrx_word' id='word_1_50' title='bbox 1597 860 2076 917; x_wconf 90' lang='lat' dir='ltr'><strong>characteristicon</strong></span> <span class='ocrx_word' id='word_1_51' title='bbox 2127 874 2226 914; x_wconf 85' lang='lat' dir='ltr'><strong>no-</strong></span> 
     </span>
    </p>
   </div>
   <div class='ocr_carea' id='block_1_9' title="bbox 653 950 2221 1024">
    <p class='ocr_par' dir='ltr' id='par_1_9' title="bbox 653 950 2221 1024">
     <span class='ocr_line' id='line_1_9' title="bbox 653 950 2221 1024; baseline -0.004 -14"><span class='ocrx_word' id='word_1_52' title='bbox 653 957 806 1021; x_wconf 87' lang='lat' dir='ltr'><strong>tavit,</strong></span> <span class='ocrx_word' id='word_1_53' title='bbox 846 974 865 1006; x_wconf 88' lang='grc'><em>‹</em></span> <span class='ocrx_word' id='word_1_54' title='bbox 896 954 1022 1011; x_wconf 66' lang='lat' dir='ltr'><strong>Haec</strong></span> <span class='ocrx_word' id='word_1_55' title='bbox 1061 956 1245 1024; x_wconf 89' lang='lat' dir='ltr'><strong>impia,</strong></span> <span class='ocrx_word' id='word_1_56' title='bbox 1305 955 1499 1023; x_wconf 78' lang='lat' dir='ltr'><strong>inquit,</strong></span> <span class='ocrx_word' id='word_1_57' title='bbox 1545 962 1602 1006; x_wconf 87' lang='lat' dir='ltr'><strong>et</strong></span> <span class='ocrx_word' id='word_1_58' title='bbox 1655 951 1921 1008; x_wconf 89' lang='lat' dir='ltr'><strong>scelerata</strong></span> <span class='ocrx_word' id='word_1_59' title='bbox 1975 950 2221 1006; x_wconf 86' lang='lat' dir='ltr'><strong>doctrina</strong></span> 
     </span>
    </p>
   </div>
   <div class='ocr_carea' id='block_1_10' title="bbox 649 1042 2224 1117">
    <p class='ocr_par' dir='ltr' id='par_1_10' title="bbox 649 1042 2224 1117">
     <span class='ocr_line' id='line_1_10' title="bbox 649 1042 2224 1117; baseline -0.003 -16"><span class='ocrx_word' id='word_1_60' title='bbox 649 1048 778 1102; x_wconf 91' lang='lat' dir='ltr'><strong>olim</strong></span> <span class='ocrx_word' id='word_1_61' title='bbox 809 1048 860 1100; x_wconf 93' lang='lat' dir='ltr'><strong>iu</strong></span> <span class='ocrx_word' id='word_1_62' title='bbox 889 1046 1142 1117; x_wconf 65' lang='lat' dir='ltr'><strong>Egypto,</strong></span> <span class='ocrx_word' id='word_1_63' title='bbox 1168 1054 1224 1100; x_wconf 91' lang='lat' dir='ltr'><strong>et</strong></span> <span class='ocrx_word' id='word_1_64' title='bbox 1257 1045 1500 1099; x_wconf 83' lang='lat' dir='ltr'><strong>Orientis</strong></span> <span class='ocrx_word' id='word_1_65' title='bbox 1523 1044 1770 1114; x_wconf 88' lang='lat' dir='ltr'><strong>partibus</strong></span> <span class='ocrx_word' id='word_1_66' title='bbox 1797 1042 2138 1106; x_wconf 87' lang='lat' dir='ltr'><strong>versabatur.</strong></span> <span class='ocrx_word' id='word_1_67' title='bbox 2164 1049 2224 1096; x_wconf 89' lang='lat' dir='ltr'><strong>et</strong></span> 
     </span>
    </p>
   </div>
   <div class='ocr_carea' id='block_1_11' title="bbox 657 1132 2222 1205">
    <p class='ocr_par' dir='ltr' id='par_1_11' title="bbox 657 1132 2222 1205">
     <span class='ocr_line' id='line_1_11' title="bbox 657 1132 2222 1205; baseline -0.003 -13"><span class='ocrx_word' id='word_1_68' title='bbox 657 1153 802 1192; x_wconf 89' lang='lat' dir='ltr'><strong>nunc</strong></span> <span class='ocrx_word' id='word_1_69' title='bbox 829 1137 1158 1200; x_wconf 87' lang='lat' dir='ltr'><strong>abscondite,</strong></span> <span class='ocrx_word' id='word_1_70' title='bbox 1204 1136 1359 1205; x_wconf 85' lang='lat' dir='ltr'><strong>quasi</strong></span> <span class='ocrx_word' id='word_1_71' title='bbox 1409 1135 1464 1189; x_wconf 92' lang='lat' dir='ltr'><strong>in</strong></span> <span class='ocrx_word' id='word_1_72' title='bbox 1518 1133 1686 1188; x_wconf 81' lang='lat' dir='ltr'><strong>foveis</strong></span> <span class='ocrx_word' id='word_1_73' title='bbox 1715 1134 2028 1203; x_wconf 81' lang='lat' dir='ltr'><strong>viperarum</strong></span> <span class='ocrx_word' id='word_1_74' title='bbox 2079 1132 2222 1202; x_wconf 85' lang='lat' dir='ltr'><strong>apud</strong></span> 
     </span>
    </p>
   </div>
   <div class='ocr_carea' id='block_1_12' title="bbox 654 1223 2226 1300">
    <p class='ocr_par' dir='ltr' id='par_1_12' title="bbox 654 1223 2226 1300">
     <span class='ocr_line' id='line_1_12' title="bbox 654 1223 2226 1300; baseline -0.001 -20"><span class='ocrx_word' id='word_1_75' title='bbox 654 1229 940 1300; x_wconf 89' lang='lat' dir='ltr'><strong>plerosque</strong></span> <span class='ocrx_word' id='word_1_76' title='bbox 961 1236 1267 1291; x_wconf 86' lang='lat' dir='ltr'><strong>versantur,</strong></span> <span class='ocrx_word' id='word_1_77' title='bbox 1300 1225 1618 1292; x_wconf 83' lang='lat' dir='ltr'><strong>illarumque</strong></span> <span class='ocrx_word' id='word_1_78' title='bbox 1650 1224 1883 1292; x_wconf 88' lang='lat' dir='ltr'><strong>partium</strong></span> <span class='ocrx_word' id='word_1_79' title='bbox 1914 1223 2104 1292; x_wconf 92' lang='lat' dir='ltr'><strong>polluit</strong></span> <span class='ocrx_word' id='word_1_80' title='bbox 2126 1238 2226 1292; x_wconf 88' lang='lat' dir='ltr'><strong>pu-</strong></span> 
     </span>
    </p>
   </div>
   <div class='ocr_carea' id='block_1_13' title="bbox 652 1314 2222 1386">
    <p class='ocr_par' dir='ltr' id='par_1_13' title="bbox 652 1314 2222 1386">
     <span class='ocr_line' id='line_1_13' title="bbox 652 1314 2222 1386; baseline -0.001 -14"><span class='ocrx_word' id='word_1_81' title='bbox 652 1321 902 1382; x_wconf 83' lang='lat' dir='ltr'><strong>ritatem;</strong></span> <span class='ocrx_word' id='word_1_82' title='bbox 933 1327 986 1370; x_wconf 93' lang='lat' dir='ltr'><strong>et</strong></span> <span class='ocrx_word' id='word_1_83' title='bbox 1009 1318 1164 1386; x_wconf 88' lang='lat' dir='ltr'><strong>quasi</strong></span> <span class='ocrx_word' id='word_1_84' title='bbox 1188 1315 1537 1370; x_wconf 56' lang='lat' dir='ltr'><strong>hereditario</strong></span> <span class='ocrx_word' id='word_1_85' title='bbox 1567 1314 1708 1370; x_wconf 81' lang='lat' dir='ltr'><strong>malo</strong></span> <span class='ocrx_word' id='word_1_86' title='bbox 1739 1315 1904 1383; x_wconf 89' lang='lat' dir='ltr'><strong>serpit</strong></span> <span class='ocrx_word' id='word_1_87' title='bbox 1926 1315 1980 1368; x_wconf 90' lang='lat' dir='ltr'><strong>in</strong></span> <span class='ocrx_word' id='word_1_88' title='bbox 2008 1314 2222 1384; x_wconf 86' lang='lat' dir='ltr'><strong>paucis,</strong></span> 
     </span>
    </p>
   </div>
   <div class='ocr_carea' id='block_1_14' title="bbox 651 1406 2224 1480">
    <p class='ocr_par' dir='ltr' id='par_1_14' title="bbox 651 1406 2224 1480">
     <span class='ocr_line' id='line_1_14' title="bbox 651 1406 2224 1480; baseline -0.001 -18"><span class='ocrx_word' id='word_1_89' title='bbox 651 1421 713 1462; x_wconf 92' lang='lat' dir='ltr'><strong>ut</strong></span> <span class='ocrx_word' id='word_1_90' title='bbox 744 1409 1024 1480; x_wconf 84' lang='lat' dir='ltr'><strong>perveniat</strong></span> <span class='ocrx_word' id='word_1_91' title='bbox 1054 1409 1118 1461; x_wconf 90' lang='lat' dir='ltr'><strong>ad</strong></span> <span class='ocrx_word' id='word_1_92' title='bbox 1146 1407 1459 1476; x_wconf 67' lang='lat' dir='ltr'><strong>plurimos.)</strong></span> <span class='ocrx_word' id='word_1_93' title='bbox 1482 1407 1658 1474; x_wconf 84' lang='lat' dir='ltr'><strong>Atque</strong></span> <span class='ocrx_word' id='word_1_94' title='bbox 1680 1406 1764 1461; x_wconf 91' lang='lat' dir='ltr'><strong>his</strong></span> <span class='ocrx_word' id='word_1_95' title='bbox 1793 1416 1850 1459; x_wconf 92' lang='lat' dir='ltr'><strong>et</strong></span> <span class='ocrx_word' id='word_1_96' title='bbox 1877 1406 2224 1474; x_wconf 79' lang='lat' dir='ltr'><strong>sequentibus</strong></span> 
     </span>
    </p>
   </div>
   <div class='ocr_carea' id='block_1_15' title="bbox 654 1495 2223 1568">
    <p class='ocr_par' dir='ltr' id='par_1_15' title="bbox 654 1495 2223 1568">
     <span class='ocr_line' id='line_1_15' title="bbox 654 1495 2223 1568; baseline -0.001 -18"><span class='ocrx_word' id='word_1_97' title='bbox 654 1515 759 1552; x_wconf 88' lang='lat' dir='ltr'><strong>non</strong></span> <span class='ocrx_word' id='word_1_98' title='bbox 808 1496 1201 1568; x_wconf 82' lang='lat' dir='ltr'><strong>Origeaismum</strong></span> <span class='ocrx_word' id='word_1_99' title='bbox 1230 1496 1513 1560; x_wconf 84' lang='lat' dir='ltr'><strong>duntaxat,</strong></span> <span class='ocrx_word' id='word_1_100' title='bbox 1548 1497 1641 1550; x_wconf 91' lang='lat' dir='ltr'><strong>sed</strong></span> <span class='ocrx_word' id='word_1_101' title='bbox 1679 1505 1733 1550; x_wconf 92' lang='lat' dir='ltr'><strong>et</strong></span> <span class='ocrx_word' id='word_1_102' title='bbox 1760 1495 1917 1563; x_wconf 88' lang='lat' dir='ltr'><strong>hujus</strong></span> <span class='ocrx_word' id='word_1_103' title='bbox 1948 1498 2223 1550; x_wconf 78' lang='lat' dir='ltr'><strong>traducem</strong></span> 
     </span>
    </p>
   </div>
   <div class='ocr_carea' id='block_1_16' title="bbox 654 1587 2219 1658">
    <p class='ocr_par' dir='ltr' id='par_1_16' title="bbox 654 1587 2219 1658">
     <span class='ocr_line' id='line_1_16' title="bbox 654 1587 2219 1658; baseline -0.001 -14"><span class='ocrx_word' id='word_1_104' title='bbox 654 1589 1112 1658; x_wconf 82' lang='lat' dir='ltr'><strong>Pelugianismum</strong></span> <span class='ocrx_word' id='word_1_105' title='bbox 1143 1597 1292 1640; x_wconf 89' lang='lat' dir='ltr'><strong>notat</strong></span> <span class='ocrx_word' id='word_1_106' title='bbox 1326 1603 1340 1640; x_wconf 88' lang='lat'><strong>:</strong></span> <span class='ocrx_word' id='word_1_107' title='bbox 1380 1603 1571 1656; x_wconf 89' lang='lat' dir='ltr'><strong>magna</strong></span> <span class='ocrx_word' id='word_1_108' title='bbox 1632 1587 1899 1656; x_wconf 87' lang='lat' dir='ltr'><strong>siquidem</strong></span> <span class='ocrx_word' id='word_1_109' title='bbox 1958 1587 2219 1642; x_wconf 76' lang='lat' dir='ltr'><strong>doctrina:</strong></span> 
     </span>
    </p>
   </div>
   <div class='ocr_carea' id='block_1_17' title="bbox 653 1677 2226 1751">
    <p class='ocr_par' dir='ltr' id='par_1_17' title="bbox 653 1677 2226 1751">
     <span class='ocr_line' id='line_1_17' title="bbox 653 1677 2226 1751; baseline -0.002 -16"><span class='ocrx_word' id='word_1_110' title='bbox 653 1683 934 1751; x_wconf 89' lang='lat' dir='ltr'><strong>utriusque</strong></span> <span class='ocrx_word' id='word_1_111' title='bbox 968 1680 1220 1736; x_wconf 72' lang='lat' dir='ltr'><strong>afﬁnitas.</strong></span> <span class='ocrx_word' id='word_1_112' title='bbox 1260 1677 1419 1733; x_wconf 84' lang='lat' dir='ltr'><strong>Unde</strong></span> <span class='ocrx_word' id='word_1_113' title='bbox 1463 1677 1700 1734; x_wconf 82' lang='lat' dir='ltr'><strong>Joannes</strong></span> <span class='ocrx_word' id='word_1_114' title='bbox 1746 1678 1836 1733; x_wconf 90' lang='lat' dir='ltr'><strong>ille</strong></span> <span class='ocrx_word' id='word_1_115' title='bbox 1867 1677 2226 1750; x_wconf 82' lang='lat' dir='ltr'><strong>Jerosolymi-</strong></span> 
     </span>
    </p>
   </div>
   <div class='ocr_carea' id='block_1_18' title="bbox 657 1771 2225 1844">
    <p class='ocr_par' dir='ltr' id='par_1_18' title="bbox 657 1771 2225 1844">
     <span class='ocr_line' id='line_1_18' title="bbox 657 1771 2225 1844; baseline -0.001 -17"><span class='ocrx_word' id='word_1_116' title='bbox 657 1784 814 1828; x_wconf 89' lang='lat' dir='ltr'><strong>tanus</strong></span> <span class='ocrx_word' id='word_1_117' title='bbox 835 1789 975 1844; x_wconf 67' lang='lat' dir='ltr'><strong>stupe</strong></span> <span class='ocrx_word' id='word_1_118' title='bbox 988 1773 1099 1842; x_wconf 91' lang='lat' dir='ltr'><strong>jam</strong></span> <span class='ocrx_word' id='word_1_119' title='bbox 1133 1783 1362 1828; x_wconf 89' lang='lat' dir='ltr'><strong>vocatus</strong></span> <span class='ocrx_word' id='word_1_120' title='bbox 1404 1773 1455 1826; x_wconf 94' lang='lat' dir='ltr'><strong>in</strong></span> <span class='ocrx_word' id='word_1_121' title='bbox 1482 1782 1686 1841; x_wconf 90' lang='lat' dir='ltr'><strong>partes,</strong></span> <span class='ocrx_word' id='word_1_122' title='bbox 1719 1781 2004 1842; x_wconf 88' lang='lat' dir='ltr'><strong>postquam</strong></span> <span class='ocrx_word' id='word_1_123' title='bbox 2032 1771 2225 1838; x_wconf 79' lang='lat' dir='ltr'><strong>Orige-</strong></span> 
     </span>
    </p>
   </div>
   <div class='ocr_carea' id='block_1_19' title="bbox 2321 581 3804 654">
    <p class='ocr_par' dir='ltr' id='par_1_19' title="bbox 2321 581 3804 654">
     <span class='ocr_line' id='line_1_19' title="bbox 2321 581 3804 654; baseline -0.007 -12"><span class='ocrx_word' id='word_1_124' title='bbox 2321 588 2512 643; x_wconf 87' lang='lat' dir='ltr'><strong>lsidori</strong></span> <span class='ocrx_word' id='word_1_125' title='bbox 2532 587 2817 643; x_wconf 63' lang='lat' dir='ltr'><strong>Pelusiotae</strong></span> <span class='ocrx_word' id='word_1_126' title='bbox 2840 600 3028 641; x_wconf 88' lang='lat' dir='ltr'><strong>ansam</strong></span> <span class='ocrx_word' id='word_1_127' title='bbox 3061 590 3392 654; x_wconf 64' lang='lat' dir='ltr'><strong>quaerentem</strong></span> <span class='ocrx_word' id='word_1_128' title='bbox 3423 581 3679 648; x_wconf 84' lang='lat' dir='ltr'><strong>Severum,</strong></span> <span class='ocrx_word' id='word_1_129' title='bbox 3718 588 3804 645; x_wconf 66' lang='lat' dir='ltr'><strong>ori.</strong></span> 
     </span>
    </p>
   </div>
   <div class='ocr_carea' id='block_1_20' title="bbox 2331 674 3808 751">
    <p class='ocr_par' dir='ltr' id='par_1_20' title="bbox 2331 674 3808 751">
     <span class='ocr_line' id='line_1_20' title="bbox 2331 674 3808 751; baseline 0.001 -17"><span class='ocrx_word' id='word_1_130' title='bbox 2331 679 2633 751; x_wconf 82' lang='lat' dir='ltr'><strong>genismum</strong></span> <span class='ocrx_word' id='word_1_131' title='bbox 2687 679 2787 747; x_wconf 88' lang='lat' dir='ltr'><strong>ipsi</strong></span> <span class='ocrx_word' id='word_1_132' title='bbox 2846 676 3121 732; x_wconf 78' lang='lat' dir='ltr'><strong>ailinxisse</strong></span> <span class='ocrx_word' id='word_1_133' title='bbox 3169 674 3397 740; x_wconf 84' lang='lat' dir='ltr'><strong>scribit;</strong></span> <span class='ocrx_word' id='word_1_134' title='bbox 3445 674 3630 732; x_wconf 89' lang='lat' dir='ltr'><strong>idcirco</strong></span> <span class='ocrx_word' id='word_1_135' title='bbox 3669 693 3808 751; x_wconf 77' lang='lat' dir='ltr'><strong>nempe</strong></span> 
     </span>
    </p>
   </div>
   <div class='ocr_carea' id='block_1_21' title="bbox 2322 763 3807 838">
    <p class='ocr_par' dir='ltr' id='par_1_21' title="bbox 2322 763 3807 838">
     <span class='ocr_line' id='line_1_21' title="bbox 2322 763 3807 838; baseline 0.001 -16"><span class='ocrx_word' id='word_1_136' title='bbox 2322 769 2462 836; x_wconf 93' lang='lat' dir='ltr'><strong>quod</strong></span> <span class='ocrx_word' id='word_1_137' title='bbox 2482 765 2856 838; x_wconf 88' lang='lat' dir='ltr'><strong>Chrysostomi</strong></span> <span class='ocrx_word' id='word_1_138' title='bbox 2883 779 3101 821; x_wconf 87' lang='lat' dir='ltr'><strong>causam</strong></span> <span class='ocrx_word' id='word_1_139' title='bbox 3135 764 3396 820; x_wconf 84' lang='lat' dir='ltr'><strong>adversus</strong></span> <span class='ocrx_word' id='word_1_140' title='bbox 3426 763 3736 835; x_wconf 76' lang='lat' dir='ltr'><strong>Theophilum</strong></span> <span class='ocrx_word' id='word_1_141' title='bbox 3768 782 3807 826; x_wconf 84' lang='lat' dir='ltr'><strong>et</strong></span> 
     </span>
    </p>
   </div>
   <div class='ocr_carea' id='block_1_22' title="bbox 2321 856 3805 940">
    <p class='ocr_par' dir='ltr' id='par_1_22' title="bbox 2321 856 3805 940">
     <span class='ocr_line' id='line_1_22' title="bbox 2321 856 3805 940; baseline 0 -26"><span class='ocrx_word' id='word_1_142' title='bbox 2321 859 2586 931; x_wconf 87' lang='lat' dir='ltr'><strong>Cyrillum</strong></span> <span class='ocrx_word' id='word_1_143' title='bbox 2623 859 2951 915; x_wconf 88' lang='lat' dir='ltr'><strong>defendisset</strong></span> <span class='ocrx_word' id='word_1_144' title='bbox 2979 876 2992 911; x_wconf 93' lang='lat'>:</span> <span class='ocrx_word' id='word_1_145' title='bbox 3025 865 3260 913; x_wconf 87' lang='lat' dir='ltr'><strong>attamen</strong></span> <span class='ocrx_word' id='word_1_146' title='bbox 3306 857 3532 932; x_wconf 80' lang='lat' dir='ltr'><strong>veritate</strong></span> <span class='ocrx_word' id='word_1_147' title='bbox 3554 856 3727 940; x_wconf 79' lang='lat' dir='ltr'><strong>victum</strong></span> <span class='ocrx_word' id='word_1_148' title='bbox 3747 877 3805 918; x_wconf 85' lang='lat' dir='ltr'><strong>re-</strong></span> 
     </span>
    </p>
   </div>
   <div class='ocr_carea' id='block_1_23' title="bbox 2330 947 3806 1019">
    <p class='ocr_par' dir='ltr' id='par_1_23' title="bbox 2330 947 3806 1019">
     <span class='ocr_line' id='line_1_23' title="bbox 2330 947 3806 1019; baseline 0.002 -13"><span class='ocrx_word' id='word_1_149' title='bbox 2330 950 2586 1019; x_wconf 89' lang='lat' dir='ltr'><strong>sipuisse,</strong></span> <span class='ocrx_word' id='word_1_150' title='bbox 2610 959 2902 1006; x_wconf 68' lang='lat' dir='ltr'><strong>et&#39;temere</strong></span> <span class='ocrx_word' id='word_1_151' title='bbox 2939 947 3199 1018; x_wconf 79' lang='lat' dir='ltr'><strong>iactatam</strong></span> <span class='ocrx_word' id='word_1_152' title='bbox 3229 947 3550 1004; x_wconf 89' lang='lat' dir='ltr'><strong>calumniam</strong></span> <span class='ocrx_word' id='word_1_153' title='bbox 3579 952 3806 1019; x_wconf 84' lang='lat' dir='ltr'><strong>prudenter</strong></span> 
     </span>
    </p>
   </div>
   <div class='ocr_carea' id='block_1_24' title="bbox 2327 1055 2636 1096">
    <p class='ocr_par' dir='ltr' id='par_1_24' title="bbox 2327 1055 2636 1096">
     <span class='ocr_line' id='line_1_24' title="bbox 2327 1055 2636 1096; baseline 0.003 -1"><span class='ocrx_word' id='word_1_154' title='bbox 2327 1055 2636 1096; x_wconf 83' lang='lat' dir='ltr'><strong>revocasse.</strong></span> 
     </span>
    </p>
   </div>
   <div class='ocr_carea' id='block_1_25' title="bbox 2394 1132 3814 1193">
    <p class='ocr_par' dir='ltr' id='par_1_25' title="bbox 2394 1132 3814 1193">
     <span class='ocr_line' id='line_1_25' title="bbox 2394 1132 3814 1193; baseline 0.004 -6"><span class='ocrx_word' id='word_1_155' title='bbox 2394 1133 2568 1188; x_wconf 71' lang='lat' dir='ltr'><strong>XXV.</strong></span> <span class='ocrx_word' id='word_1_156' title='bbox 2598 1132 2897 1188; x_wconf 89' lang='lat' dir='ltr'><strong>Nonnullos</strong></span> <span class='ocrx_word' id='word_1_157' title='bbox 2921 1139 3098 1188; x_wconf 87' lang='lat' dir='ltr'><strong>autem</strong></span> <span class='ocrx_word' id='word_1_158' title='bbox 3131 1133 3428 1190; x_wconf 88' lang='lat' dir='ltr'><strong>contrariis</strong></span> <span class='ocrx_word' id='word_1_159' title='bbox 3466 1133 3640 1190; x_wconf 89' lang='lat' dir='ltr'><strong>ductos</strong></span> <span class='ocrx_word' id='word_1_160' title='bbox 3671 1137 3814 1193; x_wconf 78' lang='lat' dir='ltr'><strong>studiis</strong></span> 
     </span>
    </p>
   </div>
   <div class='ocr_carea' id='block_1_26' title="bbox 2325 1224 3811 1296">
    <p class='ocr_par' dir='ltr' id='par_1_26' title="bbox 2325 1224 3811 1296">
     <span class='ocr_line' id='line_1_26' title="bbox 2325 1224 3811 1296; baseline 0 -15"><span class='ocrx_word' id='word_1_161' title='bbox 2325 1225 2657 1294; x_wconf 87' lang='lat' dir='ltr'><strong>Origeniano</strong></span> <span class='ocrx_word' id='word_1_162' title='bbox 2690 1227 2893 1281; x_wconf 90' lang='lat' dir='ltr'><strong>nomini</strong></span> <span class='ocrx_word' id='word_1_163' title='bbox 2946 1227 3049 1282; x_wconf 91' lang='lat' dir='ltr'><strong>hoc</strong></span> <span class='ocrx_word' id='word_1_164' title='bbox 3083 1235 3324 1295; x_wconf 91' lang='lat' dir='ltr'><strong>tempore</strong></span> <span class='ocrx_word' id='word_1_165' title='bbox 3358 1224 3552 1280; x_wconf 87' lang='lat' dir='ltr'><strong>favisse</strong></span> <span class='ocrx_word' id='word_1_166' title='bbox 3581 1229 3811 1296; x_wconf 83' lang='lat' dir='ltr'><strong>comperio.</strong></span> 
     </span>
    </p>
   </div>
   <div class='ocr_carea' id='block_1_27' title="bbox 2325 1315 3812 1380">
    <p class='ocr_par' dir='ltr' id='par_1_27' title="bbox 2325 1315 3812 1380">
     <span class='ocr_line' id='line_1_27' title="bbox 2325 1315 3812 1380; baseline 0.001 -10"><span class='ocrx_word' id='word_1_167' title='bbox 2325 1315 2700 1372; x_wconf 86' lang='lat' dir='ltr'><strong>Theodoretus</strong></span> <span class='ocrx_word' id='word_1_168' title='bbox 2727 1318 2997 1372; x_wconf 69' lang='lat' dir='ltr'><strong>hmreseon</strong></span> <span class='ocrx_word' id='word_1_169' title='bbox 3026 1316 3230 1372; x_wconf 89' lang='lat' dir='ltr'><strong>seriem</strong></span> <span class='ocrx_word' id='word_1_170' title='bbox 3261 1325 3566 1380; x_wconf 79' lang='lat' dir='ltr'><strong>contexens,</strong></span> <span class='ocrx_word' id='word_1_171' title='bbox 3591 1317 3754 1372; x_wconf 90' lang='lat' dir='ltr'><strong>nullum</strong></span> <span class='ocrx_word' id='word_1_172' title='bbox 3775 1321 3812 1373; x_wconf 89' lang='lat' dir='ltr'><strong>in</strong></span> 
     </span>
    </p>
   </div>
   <div class='ocr_carea' id='block_1_28' title="bbox 2327 1407 3810 1479">
    <p class='ocr_par' dir='ltr' id='par_1_28' title="bbox 2327 1407 3810 1479">
     <span class='ocr_line' id='line_1_28' title="bbox 2327 1407 3810 1479; baseline 0.003 -18"><span class='ocrx_word' id='word_1_173' title='bbox 2327 1408 2396 1463; x_wconf 91' lang='lat' dir='ltr'><strong>iis</strong></span> <span class='ocrx_word' id='word_1_174' title='bbox 2423 1407 2852 1479; x_wconf 85' lang='lat' dir='ltr'><strong>Origenismum,</strong></span> <span class='ocrx_word' id='word_1_175' title='bbox 2895 1409 3070 1463; x_wconf 89' lang='lat' dir='ltr'><strong>nullos</strong></span> <span class='ocrx_word' id='word_1_176' title='bbox 3100 1407 3437 1477; x_wconf 88' lang='lat' dir='ltr'><strong>Origenistas</strong></span> <span class='ocrx_word' id='word_1_177' title='bbox 3462 1419 3709 1473; x_wconf 86' lang='lat' dir='ltr'><strong>recenset;</strong></span> <span class='ocrx_word' id='word_1_178' title='bbox 3732 1410 3810 1466; x_wconf 86' lang='lat' dir='ltr'><strong>imo</strong></span> 
     </span>
    </p>
   </div>
   <div class='ocr_carea' id='block_1_29' title="bbox 2326 1498 3809 1570">
    <p class='ocr_par' dir='ltr' id='par_1_29' title="bbox 2326 1498 3809 1570">
     <span class='ocr_line' id='line_1_29' title="bbox 2326 1498 3809 1570; baseline 0.003 -16"><span class='ocrx_word' id='word_1_179' title='bbox 2326 1511 2452 1554; x_wconf 86' lang='lat' dir='ltr'><strong>vero</strong></span> <span class='ocrx_word' id='word_1_180' title='bbox 2476 1498 2768 1568; x_wconf 83' lang='lat' dir='ltr'><strong>Origenem</strong></span> <span class='ocrx_word' id='word_1_181' title='bbox 2789 1515 2910 1554; x_wconf 91' lang='lat' dir='ltr'><strong>cum</strong></span> <span class='ocrx_word' id='word_1_182' title='bbox 2940 1500 3097 1554; x_wconf 91' lang='lat' dir='ltr'><strong>laude</strong></span> <span class='ocrx_word' id='word_1_183' title='bbox 3126 1509 3181 1555; x_wconf 90' lang='lat' dir='ltr'><strong>et</strong></span> <span class='ocrx_word' id='word_1_184' title='bbox 3213 1500 3421 1555; x_wconf 89' lang='lat' dir='ltr'><strong>honore</strong></span> <span class='ocrx_word' id='word_1_185' title='bbox 3447 1500 3675 1570; x_wconf 87' lang='lat' dir='ltr'><strong>appellat.</strong></span> <span class='ocrx_word' id='word_1_186' title='bbox 3694 1502 3809 1558; x_wconf 85' lang='lat' dir='ltr'><strong>Certe</strong></span> 
     </span>
    </p>
   </div>
   <div class='ocr_carea' id='block_1_30' title="bbox 2329 1592 3811 1662">
    <p class='ocr_par' dir='ltr' id='par_1_30' title="bbox 2329 1592 3811 1662">
     <span class='ocr_line' id='line_1_30' title="bbox 2329 1592 3811 1662; baseline 0.004 -17"><span class='ocrx_word' id='word_1_187' title='bbox 2329 1593 2456 1648; x_wconf 89' lang='lat' dir='ltr'><strong>totis</strong></span> <span class='ocrx_word' id='word_1_188' title='bbox 2527 1593 2918 1662; x_wconf 76' lang='lat' dir='ltr'><strong>quinquaginta</strong></span> <span class='ocrx_word' id='word_1_189' title='bbox 2996 1593 3155 1647; x_wconf 87' lang='lat' dir='ltr'><strong>annis</strong></span> <span class='ocrx_word' id='word_1_190' title='bbox 3206 1592 3570 1648; x_wconf 91' lang='lat' dir='ltr'><strong>Theodoretus</strong></span> <span class='ocrx_word' id='word_1_191' title='bbox 3616 1596 3811 1652; x_wconf 84' lang='lat' dir='ltr'><strong>vetustior</strong></span> 
     </span>
    </p>
   </div>
   <div class='ocr_carea' id='block_1_31' title="bbox 2329 1671 3808 1754">
    <p class='ocr_par' dir='ltr' id='par_1_31' title="bbox 2329 1671 3808 1754">
     <span class='ocr_line' id='line_1_31' title="bbox 2329 1671 3808 1754; baseline 0.001 -16"><span class='ocrx_word' id='word_1_192' title='bbox 2329 1683 2648 1739; x_wconf 85' lang='lat' dir='ltr'><strong>Philastrius</strong></span> <span class='ocrx_word' id='word_1_193' title='bbox 2684 1683 3010 1750; x_wconf 71' lang='lat' dir='ltr'><strong>RrixienSis,</strong></span> <span class='ocrx_word' id='word_1_194' title='bbox 3047 1684 3138 1754; x_wconf 91' lang='lat' dir='ltr'><strong>qui</strong></span> <span class='ocrx_word' id='word_1_195' title='bbox 3171 1671 3546 1738; x_wconf 74' lang='lat' dir='ltr'><strong>haereticorum</strong></span> <span class='ocrx_word' id='word_1_196' title='bbox 3579 1684 3683 1739; x_wconf 86' lang='lat' dir='ltr'><strong>item</strong></span> <span class='ocrx_word' id='word_1_197' title='bbox 3702 1695 3808 1740; x_wconf 79' lang='lat' dir='ltr'><strong>esta-</strong></span> 
     </span>
    </p>
   </div>
   <div class='ocr_carea' id='block_1_32' title="bbox 2327 1774 3804 1847">
    <p class='ocr_par' dir='ltr' id='par_1_32' title="bbox 2327 1774 3804 1847">
     <span class='ocr_line' id='line_1_32' title="bbox 2327 1774 3804 1847; baseline 0.002 -18"><span class='ocrx_word' id='word_1_198' title='bbox 2327 1774 2503 1846; x_wconf 85' lang='lat' dir='ltr'><strong>logum</strong></span> <span class='ocrx_word' id='word_1_199' title='bbox 2553 1776 2741 1838; x_wconf 75' lang='lat' dir='ltr'><strong>edid.t,</strong></span> <span class='ocrx_word' id='word_1_200' title='bbox 2775 1776 2979 1830; x_wconf 91' lang='lat' dir='ltr'><strong>nullam</strong></span> <span class='ocrx_word' id='word_1_201' title='bbox 3019 1779 3237 1846; x_wconf 87' lang='lat' dir='ltr'><strong>penitus</strong></span> <span class='ocrx_word' id='word_1_202' title='bbox 3287 1776 3416 1831; x_wconf 88' lang='lat' dir='ltr'><strong>fecit</strong></span> <span class='ocrx_word' id='word_1_203' title='bbox 3461 1774 3804 1847; x_wconf 79' lang='lat' dir='ltr'><strong>Origeuistsrum</strong></span> 
     </span>
    </p>
   </div>
   <div class='ocr_carea' id='block_1_33' title="bbox 658 1863 3807 1936">
    <p class='ocr_par' dir='ltr' id='par_1_33' title="bbox 658 1863 3807 1936">
     <span class='ocr_line' id='line_1_33' title="bbox 658 1863 3807 1936; baseline 0.001 -16"><span class='ocrx_word' id='word_1_204' title='bbox 658 1868 872 1920; x_wconf 88' lang='lat' dir='ltr'><strong>nianam</strong></span> <span class='ocrx_word' id='word_1_205' title='bbox 900 1866 988 1919; x_wconf 90' lang='lat' dir='ltr'><strong>diu</strong></span> <span class='ocrx_word' id='word_1_206' title='bbox 1019 1866 1376 1936; x_wconf 90' lang='lat' dir='ltr'><strong>propugnavit</strong></span> <span class='ocrx_word' id='word_1_207' title='bbox 1407 1864 1732 1930; x_wconf 87' lang='lat' dir='ltr'><strong>doctrinam,</strong></span> <span class='ocrx_word' id='word_1_208' title='bbox 1777 1863 1832 1917; x_wconf 88' lang='lat' dir='ltr'><strong>in</strong></span> <span class='ocrx_word' id='word_1_209' title='bbox 1873 1863 2220 1934; x_wconf 82' lang='lat' dir='ltr'><strong>Pelagianam</strong></span> <span class='ocrx_word' id='word_1_210' title='bbox 2259 1863 2301 1916; x_wconf 85' lang='grc' dir='ltr'><strong>Β</strong></span> <span class='ocrx_word' id='word_1_211' title='bbox 2331 1867 2696 1930; x_wconf 85' lang='lat' dir='ltr'><strong>mentionem;</strong></span> <span class='ocrx_word' id='word_1_212' title='bbox 2729 1871 2869 1936; x_wconf 89' lang='lat' dir='ltr'><strong>quod</strong></span> <span class='ocrx_word' id='word_1_213' title='bbox 2898 1866 2950 1920; x_wconf 88' lang='lat' dir='ltr'><strong>in</strong></span> <span class='ocrx_word' id='word_1_214' title='bbox 2973 1882 3038 1922; x_wconf 91' lang='lat' dir='ltr'><strong>eo</strong></span> <span class='ocrx_word' id='word_1_215' title='bbox 3061 1877 3241 1921; x_wconf 90' lang='lat' dir='ltr'><strong>tamen</strong></span> <span class='ocrx_word' id='word_1_216' title='bbox 3271 1867 3448 1922; x_wconf 89' lang='lat' dir='ltr'><strong>minus</strong></span> <span class='ocrx_word' id='word_1_217' title='bbox 3462 1867 3718 1923; x_wconf 88' lang='lat' dir='ltr'><strong>mirandum</strong></span> <span class='ocrx_word' id='word_1_218' title='bbox 3735 1880 3807 1933; x_wconf 89' lang='lat' dir='ltr'><strong>est,</strong></span> 
     </span>
    </p>
   </div>
   <div class='ocr_carea' id='block_1_34' title="bbox 659 1953 2221 2026">
    <p class='ocr_par' dir='ltr' id='par_1_34' title="bbox 659 1953 2221 2026">
     <span class='ocr_line' id='line_1_34' title="bbox 659 1953 2221 2026; baseline -0.003 -12"><span class='ocrx_word' id='word_1_219' title='bbox 659 1961 874 2014; x_wconf 78' lang='lat' dir='ltr'><strong>domum</strong></span> <span class='ocrx_word' id='word_1_220' title='bbox 908 1957 1188 2025; x_wconf 81' lang='lat' dir='ltr'><strong>prolapsus</strong></span> <span class='ocrx_word' id='word_1_221' title='bbox 1217 1967 1334 2022; x_wconf 88' lang='lat' dir='ltr'><strong>est;</strong></span> <span class='ocrx_word' id='word_1_222' title='bbox 1387 1973 1486 2011; x_wconf 91' lang='lat' dir='ltr'><strong>nec</strong></span> <span class='ocrx_word' id='word_1_223' title='bbox 1533 1955 1812 2026; x_wconf 81' lang='lat' dir='ltr'><strong>Pelagium</strong></span> <span class='ocrx_word' id='word_1_224' title='bbox 1852 1953 1986 2009; x_wconf 84' lang='lat' dir='ltr'><strong>fovit</strong></span> <span class='ocrx_word' id='word_1_225' title='bbox 2039 1955 2221 2021; x_wconf 77' lang='lat' dir='ltr'><strong>modo,</strong></span> 
     </span>
    </p>
   </div>
   <div class='ocr_carea' id='block_1_35' title="bbox 657 2046 2224 2120">
    <p class='ocr_par' dir='ltr' id='par_1_35' title="bbox 657 2046 2224 2120">
     <span class='ocr_line' id='line_1_35' title="bbox 657 2046 2224 2120; baseline -0.001 -16"><span class='ocrx_word' id='word_1_226' title='bbox 657 2051 750 2104; x_wconf 90' lang='lat' dir='ltr'><strong>sed</strong></span> <span class='ocrx_word' id='word_1_227' title='bbox 807 2049 1117 2120; x_wconf 84' lang='lat' dir='ltr'><strong>Hieronymi</strong></span> <span class='ocrx_word' id='word_1_228' title='bbox 1181 2050 1342 2103; x_wconf 88' lang='lat' dir='ltr'><strong>etiam</strong></span> <span class='ocrx_word' id='word_1_229' title='bbox 1405 2046 1863 2118; x_wconf 85' lang='lat' dir='ltr'><strong>Pelagiomasticis</strong></span> <span class='ocrx_word' id='word_1_230' title='bbox 1932 2047 2224 2102; x_wconf 84' lang='lat' dir='ltr'><strong>ulciscendi</strong></span> 
     </span>
    </p>
   </div>
   <div class='ocr_carea' id='block_1_36' title="bbox 657 2137 2226 2208">
    <p class='ocr_par' dir='ltr' id='par_1_36' title="bbox 657 2137 2226 2208">
     <span class='ocr_line' id='line_1_36' title="bbox 657 2137 2226 2208; baseline -0.002 -13"><span class='ocrx_word' id='word_1_231' title='bbox 657 2141 860 2206; x_wconf 89' lang='lat' dir='ltr'><strong>studio,</strong></span> <span class='ocrx_word' id='word_1_232' title='bbox 897 2140 949 2192; x_wconf 88' lang='lat' dir='ltr'><strong>in</strong></span> <span class='ocrx_word' id='word_1_233' title='bbox 991 2139 1377 2208; x_wconf 89' lang='lat' dir='ltr'><strong>discipularum</strong></span> <span class='ocrx_word' id='word_1_234' title='bbox 1409 2138 1576 2205; x_wconf 90' lang='lat' dir='ltr'><strong>ipsius</strong></span> <span class='ocrx_word' id='word_1_235' title='bbox 1613 2137 1886 2192; x_wconf 87' lang='lat' dir='ltr'><strong>Eustochii</strong></span> <span class='ocrx_word' id='word_1_236' title='bbox 1945 2149 2001 2191; x_wconf 91' lang='lat' dir='ltr'><strong>et</strong></span> <span class='ocrx_word' id='word_1_237' title='bbox 2046 2137 2226 2192; x_wconf 65' lang='lat' dir='ltr'><strong>Paula:</strong></span> 
     </span>
    </p>
   </div>
   <div class='ocr_carea' id='block_1_37' title="bbox 658 2230 2226 2300">
    <p class='ocr_par' dir='ltr' id='par_1_37' title="bbox 658 2230 2226 2300">
     <span class='ocr_line' id='line_1_37' title="bbox 658 2230 2226 2300; baseline -0.001 -14"><span class='ocrx_word' id='word_1_238' title='bbox 658 2232 984 2286; x_wconf 85' lang='lat' dir='ltr'><strong>monasteria</strong></span> <span class='ocrx_word' id='word_1_239' title='bbox 1011 2232 1270 2295; x_wconf 72' lang='lat' dir='ltr'><strong>caedibus,</strong></span> <span class='ocrx_word' id='word_1_240' title='bbox 1318 2232 1582 2286; x_wconf 86' lang='lat' dir='ltr'><strong>incendiis</strong></span> <span class='ocrx_word' id='word_1_241' title='bbox 1612 2246 1676 2286; x_wconf 89' lang='lat' dir='ltr'><strong>ac</strong></span> <span class='ocrx_word' id='word_1_242' title='bbox 1724 2230 1926 2300; x_wconf 87' lang='lat' dir='ltr'><strong>rapinis</strong></span> <span class='ocrx_word' id='word_1_243' title='bbox 1956 2244 2052 2296; x_wconf 87' lang='lat' dir='ltr'><strong>per</strong></span> <span class='ocrx_word' id='word_1_244' title='bbox 2096 2231 2226 2284; x_wconf 86' lang='lat' dir='ltr'><strong>sub-</strong></span> 
     </span>
    </p>
   </div>
   <div class='ocr_carea' id='block_1_38' title="bbox 657 2321 2221 2394">
    <p class='ocr_par' dir='ltr' id='par_1_38' title="bbox 657 2321 2221 2394">
     <span class='ocr_line' id='line_1_38' title="bbox 657 2321 2221 2394; baseline -0.002 -15"><span class='ocrx_word' id='word_1_245' title='bbox 657 2324 851 2379; x_wconf 83' lang='lat' dir='ltr'><strong>missos</strong></span> <span class='ocrx_word' id='word_1_246' title='bbox 879 2324 1120 2394; x_wconf 87' lang='lat' dir='ltr'><strong>gregales</strong></span> <span class='ocrx_word' id='word_1_247' title='bbox 1152 2338 1280 2378; x_wconf 92' lang='lat' dir='ltr'><strong>suos</strong></span> <span class='ocrx_word' id='word_1_248' title='bbox 1332 2333 1613 2393; x_wconf 88' lang='lat' dir='ltr'><strong>grassatus</strong></span> <span class='ocrx_word' id='word_1_249' title='bbox 1667 2332 1772 2376; x_wconf 91' lang='lat' dir='ltr'><strong>est.</strong></span> <span class='ocrx_word' id='word_1_250' title='bbox 1813 2323 1883 2376; x_wconf 87' lang='lat' dir='ltr'><strong>At</strong></span> <span class='ocrx_word' id='word_1_251' title='bbox 1908 2337 2028 2376; x_wconf 85' lang='lat' dir='ltr'><strong>eum</strong></span> <span class='ocrx_word' id='word_1_252' title='bbox 2065 2321 2221 2390; x_wconf 89' lang='lat' dir='ltr'><strong>paulo</strong></span> 
     </span>
    </p>
   </div>
   <div class='ocr_carea' id='block_1_39' title="bbox 656 2413 2223 2486">
    <p class='ocr_par' dir='ltr' id='par_1_39' title="bbox 656 2413 2223 2486">
     <span class='ocr_line' id='line_1_39' title="bbox 656 2413 2223 2486; baseline -0.001 -16"><span class='ocrx_word' id='word_1_253' title='bbox 656 2425 780 2486; x_wconf 92' lang='lat' dir='ltr'><strong>post</strong></span> <span class='ocrx_word' id='word_1_254' title='bbox 807 2431 951 2470; x_wconf 86' lang='lat' dir='ltr'><strong>mors</strong></span> <span class='ocrx_word' id='word_1_255' title='bbox 995 2417 1285 2486; x_wconf 89' lang='lat' dir='ltr'><strong>oppressit,</strong></span> <span class='ocrx_word' id='word_1_256' title='bbox 1324 2432 1468 2470; x_wconf 88' lang='lat' dir='ltr'><strong>anno</strong></span> <span class='ocrx_word' id='word_1_257' title='bbox 1503 2417 1756 2470; x_wconf 89' lang='lat' dir='ltr'><strong>nimirum</strong></span> <span class='ocrx_word' id='word_1_258' title='bbox 1791 2425 1912 2483; x_wconf 86' lang='lat' dir='ltr'><strong>post</strong></span> <span class='ocrx_word' id='word_1_259' title='bbox 1945 2413 2223 2469; x_wconf 89' lang='lat' dir='ltr'><strong>Christum</strong></span> 
     </span>
    </p>
   </div>
   <div class='ocr_carea' id='block_1_40' title="bbox 659 2505 2228 2576">
    <p class='ocr_par' dir='ltr' id='par_1_40' title="bbox 659 2505 2228 2576">
     <span class='ocr_line' id='line_1_40' title="bbox 659 2505 2228 2576; baseline -0.001 -14"><span class='ocrx_word' id='word_1_260' title='bbox 659 2517 841 2562; x_wconf 81' lang='lat' dir='ltr'><strong>nulum</strong></span> <span class='ocrx_word' id='word_1_261' title='bbox 869 2507 995 2569; x_wconf 74' lang='grc'><strong>416,</strong></span> <span class='ocrx_word' id='word_1_262' title='bbox 1056 2519 1108 2562; x_wconf 87' lang='lat' dir='ltr'><strong>et</strong></span> <span class='ocrx_word' id='word_1_263' title='bbox 1152 2507 1511 2576; x_wconf 85' lang='lat' dir='ltr'><strong>quadriennio</strong></span> <span class='ocrx_word' id='word_1_264' title='bbox 1570 2515 1714 2574; x_wconf 89' lang='lat' dir='ltr'><strong>post,</strong></span> <span class='ocrx_word' id='word_1_265' title='bbox 1775 2505 1950 2575; x_wconf 80' lang='lat' dir='ltr'><strong>ipsum</strong></span> <span class='ocrx_word' id='word_1_266' title='bbox 2010 2520 2228 2575; x_wconf 88' lang='lat' dir='ltr'><strong>quoque</strong></span> 
     </span>
    </p>
   </div>
   <div class='ocr_carea' id='block_1_41' title="bbox 666 2599 2222 2671">
    <p class='ocr_par' dir='ltr' id='par_1_41' title="bbox 666 2599 2222 2671">
     <span class='ocr_line' id='line_1_41' title="bbox 666 2599 2222 2671; baseline -0.002 -17"><span class='ocrx_word' id='word_1_267' title='bbox 666 2601 1074 2671; x_wconf 83' lang='lat' dir='ltr'><strong>Hieronymum.</strong></span> <span class='ocrx_word' id='word_1_268' title='bbox 1105 2599 1213 2654; x_wconf 87' lang='lat' dir='ltr'><strong>Leo</strong></span> <span class='ocrx_word' id='word_1_269' title='bbox 1237 2615 1369 2668; x_wconf 86' lang='lat' dir='ltr'><strong>papa</strong></span> <span class='ocrx_word' id='word_1_270' title='bbox 1401 2613 1602 2668; x_wconf 84' lang='lat' dir='ltr'><strong>suppar</strong></span> <span class='ocrx_word' id='word_1_271' title='bbox 1629 2599 1756 2652; x_wconf 89' lang='lat' dir='ltr'><strong>huic</strong></span> <span class='ocrx_word' id='word_1_272' title='bbox 1783 2599 1926 2652; x_wconf 60' lang='lat' dir='ltr'><strong>aetati</strong></span> <span class='ocrx_word' id='word_1_273' title='bbox 1970 2599 2020 2653; x_wconf 92' lang='lat' dir='ltr'><strong>in</strong></span> <span class='ocrx_word' id='word_1_274' title='bbox 2063 2601 2222 2667; x_wconf 86' lang='lat' dir='ltr'><strong>epist.</strong></span> 
     </span>
    </p>
   </div>
   <div class='ocr_carea' id='block_1_42' title="bbox 661 2689 2226 2758">
    <p class='ocr_par' dir='ltr' id='par_1_42' title="bbox 661 2689 2226 2758">
     <span class='ocr_line' id='line_1_42' title="bbox 661 2689 2226 2758; baseline 0.001 -16"><span class='ocrx_word' id='word_1_275' title='bbox 661 2691 720 2744; x_wconf 78' lang='lat' dir='ltr'><strong>Il</strong></span> <span class='ocrx_word' id='word_1_276' title='bbox 778 2691 848 2743; x_wconf 87' lang='lat' dir='ltr'><strong>ad</strong></span> <span class='ocrx_word' id='word_1_277' title='bbox 896 2689 1172 2743; x_wconf 75' lang='lat' dir='ltr'><strong>lulianum</strong></span> <span class='ocrx_word' id='word_1_278' title='bbox 1218 2689 1468 2743; x_wconf 85' lang='lat' dir='ltr'><strong>Coensem</strong></span> <span class='ocrx_word' id='word_1_279' title='bbox 1519 2689 1867 2758; x_wconf 68' lang='lat' dir='ltr'><strong>Origeniana:</strong></span> <span class='ocrx_word' id='word_1_280' title='bbox 1924 2690 2226 2744; x_wconf 87' lang='lat' dir='ltr'><strong>animarum</strong></span> 
     </span>
    </p>
   </div>
   <div class='ocr_carea' id='block_1_43' title="bbox 659 2781 2226 2852">
    <p class='ocr_par' dir='ltr' id='par_1_43' title="bbox 659 2781 2226 2852">
     <span class='ocr_line' id='line_1_43' title="bbox 659 2781 2226 2852; baseline 0.002 -20"><span class='ocrx_word' id='word_1_281' title='bbox 659 2781 1061 2852; x_wconf 80' lang='grc' dir='ltr'><strong>προῦπάρξεως</strong></span> <span class='ocrx_word' id='word_1_282' title='bbox 1124 2781 1522 2835; x_wconf 88' lang='lat' dir='ltr'><strong>damnationem</strong></span> <span class='ocrx_word' id='word_1_283' title='bbox 1595 2781 1790 2852; x_wconf 84' lang='lat' dir='ltr'><strong>probat</strong></span> <span class='ocrx_word' id='word_1_284' title='bbox 1832 2792 1887 2836; x_wconf 89' lang='lat' dir='ltr'><strong>et</strong></span> <span class='ocrx_word' id='word_1_285' title='bbox 1947 2783 2226 2850; x_wconf 76' lang='lat' dir='ltr'><strong>prtedicat.</strong></span> 
     </span>
    </p>
   </div>
   <div class='ocr_carea' id='block_1_44' title="bbox 659 2872 2230 2943">
    <p class='ocr_par' dir='ltr' id='par_1_44' title="bbox 659 2872 2230 2943">
     <span class='ocr_line' id='line_1_44' title="bbox 659 2872 2230 2943; baseline -0.001 -15"><span class='ocrx_word' id='word_1_286' title='bbox 659 2873 828 2928; x_wconf 68' lang='lat' dir='ltr'><strong>Leoni</strong></span> <span class='ocrx_word' id='word_1_287' title='bbox 856 2873 1077 2941; x_wconf 69' lang='lat' dir='ltr'><strong>aequalis</strong></span> <span class='ocrx_word' id='word_1_288' title='bbox 1112 2873 1426 2926; x_wconf 73' lang='lat' dir='ltr'><strong>Vincentius</strong></span> <span class='ocrx_word' id='word_1_289' title='bbox 1457 2872 1778 2938; x_wconf 89' lang='lat' dir='ltr'><strong>Lirinensis,</strong></span> <span class='ocrx_word' id='word_1_290' title='bbox 1825 2874 1892 2926; x_wconf 91' lang='lat' dir='ltr'><strong>de</strong></span> <span class='ocrx_word' id='word_1_291' title='bbox 1921 2875 2104 2943; x_wconf 88' lang='lat' dir='ltr'><strong>quoin</strong></span> <span class='ocrx_word' id='word_1_292' title='bbox 2137 2889 2230 2927; x_wconf 81' lang='lat' dir='ltr'><strong>su-</strong></span> 
     </span>
    </p>
   </div>
   <div class='ocr_carea' id='block_1_45' title="bbox 662 2963 2230 3033">
    <p class='ocr_par' dir='ltr' id='par_1_45' title="bbox 662 2963 2230 3033">
     <span class='ocr_line' id='line_1_45' title="bbox 662 2963 2230 3033; baseline 0.001 -16"><span class='ocrx_word' id='word_1_293' title='bbox 662 2965 874 3033; x_wconf 88' lang='lat' dir='ltr'><strong>periore</strong></span> <span class='ocrx_word' id='word_1_294' title='bbox 906 2964 1146 3018; x_wconf 87' lang='lat' dir='ltr'><strong>sectione</strong></span> <span class='ocrx_word' id='word_1_295' title='bbox 1195 2963 1449 3025; x_wconf 78' lang='lat' dir='ltr'><strong>diximus,</strong></span> <span class='ocrx_word' id='word_1_296' title='bbox 1503 2964 1556 3017; x_wconf 92' lang='lat' dir='ltr'><strong>in</strong></span> <span class='ocrx_word' id='word_1_297' title='bbox 1599 2965 1775 3018; x_wconf 89' lang='lat' dir='ltr'><strong>libello</strong></span> <span class='ocrx_word' id='word_1_298' title='bbox 1825 2966 2087 3018; x_wconf 83' lang='lat' dir='ltr'><strong>Adversus</strong></span> <span class='ocrx_word' id='word_1_299' title='bbox 2119 2964 2230 3018; x_wconf 78' lang='lat' dir='ltr'><strong>lue-</strong></span> 
     </span>
    </p>
   </div>
   <div class='ocr_carea' id='block_1_46' title="bbox 668 3051 2227 3122">
    <p class='ocr_par' dir='ltr' id='par_1_46' title="bbox 668 3051 2227 3122">
     <span class='ocr_line' id='line_1_46' title="bbox 668 3051 2227 3122; baseline 0.003 -18"><span class='ocrx_word' id='word_1_300' title='bbox 668 3071 799 3118; x_wconf 80' lang='lat' dir='ltr'><strong>res.,</strong></span> <span class='ocrx_word' id='word_1_301' title='bbox 825 3068 944 3121; x_wconf 85' lang='lat' dir='ltr'><strong>cap.</strong></span> <span class='ocrx_word' id='word_1_302' title='bbox 967 3053 1058 3116; x_wconf 75' lang='lat'><strong>23,</strong></span> <span class='ocrx_word' id='word_1_303' title='bbox 1090 3053 1341 3108; x_wconf 79' lang='lat' dir='ltr'><strong>maximis</strong></span> <span class='ocrx_word' id='word_1_304' title='bbox 1379 3051 1664 3122; x_wconf 84' lang='lat' dir='ltr'><strong>Origenem</strong></span> <span class='ocrx_word' id='word_1_305' title='bbox 1708 3053 1885 3108; x_wconf 72' lang='lat' dir='ltr'><strong>aIchlt</strong></span> <span class='ocrx_word' id='word_1_306' title='bbox 1940 3054 2184 3108; x_wconf 85' lang='lat' dir='ltr'><strong>laudibus</strong></span> <span class='ocrx_word' id='word_1_307' title='bbox 2209 3091 2227 3118; x_wconf 88' lang='lat'><strong>,</strong></span> 
     </span>
    </p>
   </div>
   <div class='ocr_carea' id='block_1_47' title="bbox 662 3144 2230 3214">
    <p class='ocr_par' dir='ltr' id='par_1_47' title="bbox 662 3144 2230 3214">
     <span class='ocr_line' id='line_1_47' title="bbox 662 3144 2230 3214; baseline 0.002 -18"><span class='ocrx_word' id='word_1_308' title='bbox 662 3160 768 3213; x_wconf 89' lang='lat' dir='ltr'><strong>quo</strong></span> <span class='ocrx_word' id='word_1_309' title='bbox 794 3144 1128 3214; x_wconf 86' lang='lat' dir='ltr'><strong>splendidior</strong></span> <span class='ocrx_word' id='word_1_310' title='bbox 1175 3153 1322 3198; x_wconf 91' lang='lat' dir='ltr'><strong>esset</strong></span> <span class='ocrx_word' id='word_1_311' title='bbox 1364 3145 1604 3214; x_wconf 85' lang='lat' dir='ltr'><strong>subjecta</strong></span> <span class='ocrx_word' id='word_1_312' title='bbox 1641 3146 1984 3213; x_wconf 88' lang='lat' dir='ltr'><strong>vituperatio.</strong></span> <span class='ocrx_word' id='word_1_313' title='bbox 2024 3146 2230 3200; x_wconf 85' lang='lat' dir='ltr'><strong>Auctor</strong></span> 
     </span>
    </p>
   </div>
   <div class='ocr_carea' id='block_1_48' title="bbox 2331 1955 3808 2030">
    <p class='ocr_par' dir='ltr' id='par_1_48' title="bbox 2331 1955 3808 2030">
     <span class='ocr_line' id='line_1_48' title="bbox 2331 1955 3808 2030; baseline -0.001 -18"><span class='ocrx_word' id='word_1_314' title='bbox 2331 1967 2517 2027; x_wconf 87' lang='lat' dir='ltr'><strong>utpote</strong></span> <span class='ocrx_word' id='word_1_315' title='bbox 2549 1958 2637 2026; x_wconf 92' lang='lat' dir='ltr'><strong>qui</strong></span> <span class='ocrx_word' id='word_1_316' title='bbox 2673 1958 2960 2028; x_wconf 84' lang='lat' dir='ltr'><strong>Epiphanii</strong></span> <span class='ocrx_word' id='word_1_317' title='bbox 2982 1997 2998 2020; x_wconf 94' lang='lat'><strong>,</strong></span> <span class='ocrx_word' id='word_1_318' title='bbox 3025 1956 3362 2028; x_wconf 83' lang='lat' dir='ltr'><strong>Hieronymi.</strong></span> <span class='ocrx_word' id='word_1_319' title='bbox 3385 1955 3593 2013; x_wconf 81' lang='lat' dir='ltr'><strong>Joannis</strong></span> <span class='ocrx_word' id='word_1_320' title='bbox 3611 1957 3808 2030; x_wconf 77' lang='lat' dir='ltr'><strong>Jerosoly-</strong></span> 
     </span>
    </p>
   </div>
   <div class='ocr_carea' id='block_1_49' title="bbox 2333 2047 3808 2118">
    <p class='ocr_par' dir='ltr' id='par_1_49' title="bbox 2333 2047 3808 2118">
     <span class='ocr_line' id='line_1_49' title="bbox 2333 2047 3808 2118; baseline -0.001 -15"><span class='ocrx_word' id='word_1_321' title='bbox 2333 2049 2547 2112; x_wconf 89' lang='lat' dir='ltr'><strong>mitani,</strong></span> <span class='ocrx_word' id='word_1_322' title='bbox 2581 2048 2894 2118; x_wconf 76' lang='lat' dir='ltr'><strong>Theophili,</strong></span> <span class='ocrx_word' id='word_1_323' title='bbox 2926 2047 3306 2114; x_wconf 81' lang='lat' dir='ltr'><strong>Nitriensium,</strong></span> <span class='ocrx_word' id='word_1_324' title='bbox 3331 2056 3385 2102; x_wconf 90' lang='lat' dir='ltr'><strong>et</strong></span> <span class='ocrx_word' id='word_1_325' title='bbox 3411 2047 3729 2116; x_wconf 84' lang='lat' dir='ltr'><strong>Chrysostomi</strong></span> <span class='ocrx_word' id='word_1_326' title='bbox 3759 2051 3808 2104; x_wconf 78' lang='lat' dir='ltr'><strong>al-</strong></span> 
     </span>
    </p>
   </div>
   <div class='ocr_carea' id='block_1_50' title="bbox 2331 2140 3806 2213">
    <p class='ocr_par' dir='ltr' id='par_1_50' title="bbox 2331 2140 3806 2213">
     <span class='ocr_line' id='line_1_50' title="bbox 2331 2140 3806 2213; baseline 0.002 -19"><span class='ocrx_word' id='word_1_327' title='bbox 2331 2140 2659 2195; x_wconf 84' lang='lat' dir='ltr'><strong>tercationes</strong></span> <span class='ocrx_word' id='word_1_328' title='bbox 2680 2149 2841 2194; x_wconf 70' lang='lat' dir='ltr'><strong>aetate</strong></span> <span class='ocrx_word' id='word_1_329' title='bbox 2881 2141 3243 2208; x_wconf 69' lang='lat' dir='ltr'><strong>praecesserit.</strong></span> <span class='ocrx_word' id='word_1_330' title='bbox 3282 2141 3602 2210; x_wconf 84' lang='lat' dir='ltr'><strong>Origenistas</strong></span> <span class='ocrx_word' id='word_1_331' title='bbox 3623 2157 3724 2197; x_wconf 83' lang='lat' dir='ltr'><strong>vero</strong></span> <span class='ocrx_word' id='word_1_332' title='bbox 3742 2159 3806 2213; x_wconf 76' lang='lat' dir='ltr'><strong>pa-</strong></span> 
     </span>
    </p>
   </div>
   <div class='ocr_carea' id='block_1_51' title="bbox 2333 2233 3808 2303">
    <p class='ocr_par' dir='ltr' id='par_1_51' title="bbox 2333 2233 3808 2303">
     <span class='ocr_line' id='line_1_51' title="bbox 2333 2233 3808 2303; baseline 0.003 -17"><span class='ocrx_word' id='word_1_333' title='bbox 2333 2233 2438 2287; x_wconf 86' lang='lat' dir='ltr'><strong>lam</strong></span> <span class='ocrx_word' id='word_1_334' title='bbox 2469 2248 2528 2288; x_wconf 90' lang='lat' dir='ltr'><strong>se</strong></span> <span class='ocrx_word' id='word_1_335' title='bbox 2549 2233 2786 2303; x_wconf 91' lang='lat' dir='ltr'><strong>produnt</strong></span> <span class='ocrx_word' id='word_1_336' title='bbox 2820 2233 3076 2288; x_wconf 89' lang='lat' dir='ltr'><strong>Socrates</strong></span> <span class='ocrx_word' id='word_1_337' title='bbox 3109 2233 3503 2299; x_wconf 85' lang='lat' dir='ltr'><strong>Scholasticus,</strong></span> <span class='ocrx_word' id='word_1_338' title='bbox 3537 2245 3585 2290; x_wconf 91' lang='lat' dir='ltr'><strong>et</strong></span> <span class='ocrx_word' id='word_1_339' title='bbox 3625 2235 3808 2291; x_wconf 71' lang='lat' dir='ltr'><strong>llemnias</strong></span> 
     </span>
    </p>
   </div>
   <div class='ocr_carea' id='block_1_52' title="bbox 2334 2323 3808 2398">
    <p class='ocr_par' dir='ltr' id='par_1_52' title="bbox 2334 2323 3808 2398">
     <span class='ocr_line' id='line_1_52' title="bbox 2334 2323 3808 2398; baseline 0.001 -19"><span class='ocrx_word' id='word_1_340' title='bbox 2334 2323 2667 2380; x_wconf 84' lang='lat' dir='ltr'><strong>Sozomeuus</strong></span> <span class='ocrx_word' id='word_1_341' title='bbox 2695 2325 2748 2379; x_wconf 92' lang='lat' dir='ltr'><strong>in</strong></span> <span class='ocrx_word' id='word_1_342' title='bbox 2777 2325 3032 2380; x_wconf 80' lang='lat' dir='ltr'><strong>Historiis</strong></span> <span class='ocrx_word' id='word_1_343' title='bbox 3066 2326 3180 2382; x_wconf 83' lang='lat' dir='ltr'><strong>suis</strong></span> <span class='ocrx_word' id='word_1_344' title='bbox 3211 2343 3225 2390; x_wconf 90' lang='lat'><strong>;</strong></span> <span class='ocrx_word' id='word_1_345' title='bbox 3281 2326 3355 2380; x_wconf 88' lang='lat' dir='ltr'><strong>ita</strong></span> <span class='ocrx_word' id='word_1_346' title='bbox 3404 2327 3656 2396; x_wconf 86' lang='lat' dir='ltr'><strong>diligenter</strong></span> <span class='ocrx_word' id='word_1_347' title='bbox 3696 2342 3808 2398; x_wconf 79' lang='lat' dir='ltr'><strong>argu-</strong></span> 
     </span>
    </p>
   </div>
   <div class='ocr_carea' id='block_1_53' title="bbox 2335 2417 3808 2486">
    <p class='ocr_par' dir='ltr' id='par_1_53' title="bbox 2335 2417 3808 2486">
     <span class='ocr_line' id='line_1_53' title="bbox 2335 2417 3808 2486; baseline 0.003 -17"><span class='ocrx_word' id='word_1_348' title='bbox 2335 2425 2516 2470; x_wconf 90' lang='lat' dir='ltr'><strong>menta</strong></span> <span class='ocrx_word' id='word_1_349' title='bbox 2550 2417 2868 2486; x_wconf 80' lang='lat' dir='ltr'><strong>perquirunt</strong></span> <span class='ocrx_word' id='word_1_350' title='bbox 2892 2418 3098 2481; x_wconf 89' lang='lat' dir='ltr'><strong>omnia,</strong></span> <span class='ocrx_word' id='word_1_351' title='bbox 3127 2418 3328 2486; x_wconf 88' lang='lat' dir='ltr'><strong>quibus</strong></span> <span class='ocrx_word' id='word_1_352' title='bbox 3369 2417 3537 2472; x_wconf 80' lang='lat' dir='ltr'><strong>fulciri</strong></span> <span class='ocrx_word' id='word_1_353' title='bbox 3573 2428 3695 2473; x_wconf 88' lang='lat' dir='ltr'><strong>secta</strong></span> <span class='ocrx_word' id='word_1_354' title='bbox 3731 2421 3808 2473; x_wconf 72' lang='lat' dir='ltr'><strong>hac</strong></span> 
     </span>
    </p>
   </div>
   <div class='ocr_carea' id='block_1_54' title="bbox 2334 2506 3805 2579">
    <p class='ocr_par' dir='ltr' id='par_1_54' title="bbox 2334 2506 3805 2579">
     <span class='ocr_line' id='line_1_54' title="bbox 2334 2506 3805 2579; baseline 0.001 -19"><span class='ocrx_word' id='word_1_355' title='bbox 2334 2516 2389 2560; x_wconf 89' lang='lat' dir='ltr'><strong>et</strong></span> <span class='ocrx_word' id='word_1_356' title='bbox 2414 2506 2660 2561; x_wconf 85' lang='lat' dir='ltr'><strong>roborari</strong></span> <span class='ocrx_word' id='word_1_357' title='bbox 2695 2515 2895 2575; x_wconf 88' lang='lat' dir='ltr'><strong>potest.</strong></span> <span class='ocrx_word' id='word_1_358' title='bbox 2923 2506 3046 2562; x_wconf 84' lang='lat' dir='ltr'><strong>Fuit</strong></span> <span class='ocrx_word' id='word_1_359' title='bbox 3075 2523 3138 2562; x_wconf 74' lang='lat' dir='ltr'><strong>ex</strong></span> <span class='ocrx_word' id='word_1_360' title='bbox 3175 2509 3371 2562; x_wconf 88' lang='lat' dir='ltr'><strong>eodem</strong></span> <span class='ocrx_word' id='word_1_361' title='bbox 3424 2524 3572 2579; x_wconf 85' lang='lat' dir='ltr'><strong>grege</strong></span> <span class='ocrx_word' id='word_1_362' title='bbox 3615 2508 3805 2562; x_wconf 75' lang='lat' dir='ltr'><strong>Sidonius</strong></span> 
     </span>
    </p>
   </div>
   <div class='ocr_carea' id='block_1_55' title="bbox 2333 2596 3803 2670">
    <p class='ocr_par' dir='ltr' id='par_1_55' title="bbox 2333 2596 3803 2670">
     <span class='ocr_line' id='line_1_55' title="bbox 2333 2596 3803 2670; baseline 0.001 -20"><span class='ocrx_word' id='word_1_363' title='bbox 2333 2596 2681 2665; x_wconf 78' lang='lat' dir='ltr'><strong>Apollinaris,</strong></span> <span class='ocrx_word' id='word_1_364' title='bbox 2702 2598 2802 2652; x_wconf 90' lang='lat' dir='ltr'><strong>fuit</strong></span> <span class='ocrx_word' id='word_1_365' title='bbox 2823 2608 2878 2653; x_wconf 92' lang='lat' dir='ltr'><strong>et</strong></span> <span class='ocrx_word' id='word_1_366' title='bbox 2905 2607 3094 2653; x_wconf 88' lang='lat' dir='ltr'><strong>auctor</strong></span> <span class='ocrx_word' id='word_1_367' title='bbox 3116 2598 3487 2655; x_wconf 66' lang='lat' dir='ltr'><strong>Prtedestinati</strong></span> <span class='ocrx_word' id='word_1_368' title='bbox 3509 2601 3694 2670; x_wconf 73' lang='lat' dir='ltr'><strong>aequalis</strong></span> <span class='ocrx_word' id='word_1_369' title='bbox 3717 2609 3803 2654; x_wconf 81' lang='lat' dir='ltr'><strong>tem-</strong></span> 
     </span>
    </p>
   </div>
   <div class='ocr_carea' id='block_1_56' title="bbox 2335 2688 3807 2758">
    <p class='ocr_par' dir='ltr' id='par_1_56' title="bbox 2335 2688 3807 2758">
     <span class='ocr_line' id='line_1_56' title="bbox 2335 2688 3807 2758; baseline 0 -16"><span class='ocrx_word' id='word_1_370' title='bbox 2335 2703 2525 2758; x_wconf 82' lang='lat' dir='ltr'><strong>porum</strong></span> <span class='ocrx_word' id='word_1_371' title='bbox 2549 2688 2788 2753; x_wconf 89' lang='lat' dir='ltr'><strong>illorum,</strong></span> <span class='ocrx_word' id='word_1_372' title='bbox 2809 2705 2838 2744; x_wconf 91' lang='lat' dir='ltr'><strong>a</strong></span> <span class='ocrx_word' id='word_1_373' title='bbox 2863 2690 3069 2746; x_wconf 73' lang='lat' dir='ltr'><strong>Iacobo</strong></span> <span class='ocrx_word' id='word_1_374' title='bbox 3100 2691 3396 2746; x_wconf 90' lang='lat' dir='ltr'><strong>Sirmondo</strong></span> <span class='ocrx_word' id='word_1_375' title='bbox 3421 2694 3468 2746; x_wconf 93' lang='lat' dir='ltr'><strong>in</strong></span> <span class='ocrx_word' id='word_1_376' title='bbox 3492 2693 3640 2746; x_wconf 89' lang='lat' dir='ltr'><strong>lucem</strong></span> <span class='ocrx_word' id='word_1_377' title='bbox 3665 2690 3807 2752; x_wconf 76' lang='lat' dir='ltr'><strong>editus,</strong></span> 
     </span>
    </p>
   </div>
   <div class='ocr_carea' id='block_1_57' title="bbox 2335 2780 3806 2854">
    <p class='ocr_par' dir='ltr' id='par_1_57' title="bbox 2335 2780 3806 2854">
     <span class='ocr_line' id='line_1_57' title="bbox 2335 2780 3806 2854; baseline -0.001 -20"><span class='ocrx_word' id='word_1_378' title='bbox 2335 2780 2568 2834; x_wconf 88' lang='lat' dir='ltr'><strong>studium</strong></span> <span class='ocrx_word' id='word_1_379' title='bbox 2641 2796 2797 2835; x_wconf 91' lang='lat' dir='ltr'><strong>suum</strong></span> <span class='ocrx_word' id='word_1_380' title='bbox 2855 2783 3112 2837; x_wconf 82' lang='lat' dir='ltr'><strong>adversus</strong></span> <span class='ocrx_word' id='word_1_381' title='bbox 3137 2782 3427 2852; x_wconf 83' lang='lat' dir='ltr'><strong>Origenem</strong></span> <span class='ocrx_word' id='word_1_382' title='bbox 3466 2799 3564 2854; x_wconf 75' lang='lat' dir='ltr'><strong>pra:</strong></span> <span class='ocrx_word' id='word_1_383' title='bbox 3583 2798 3632 2836; x_wconf 88' lang='lat' dir='ltr'><strong>se</strong></span> <span class='ocrx_word' id='word_1_384' title='bbox 3655 2781 3806 2835; x_wconf 82' lang='lat' dir='ltr'><strong>ferens.</strong></span> 
     </span>
    </p>
   </div>
   <div class='ocr_carea' id='block_1_58' title="bbox 2336 2872 3807 2941">
    <p class='ocr_par' dir='ltr' id='par_1_58' title="bbox 2336 2872 3807 2941">
     <span class='ocr_line' id='line_1_58' title="bbox 2336 2872 3807 2941; baseline 0 -17"><span class='ocrx_word' id='word_1_385' title='bbox 2336 2881 2391 2924; x_wconf 90' lang='lat' dir='ltr'><strong>et</strong></span> <span class='ocrx_word' id='word_1_386' title='bbox 2418 2885 2634 2926; x_wconf 87' lang='lat' dir='ltr'><strong>errores</strong></span> <span class='ocrx_word' id='word_1_387' title='bbox 2673 2872 2844 2941; x_wconf 84' lang='lat' dir='ltr'><strong>ipsius</strong></span> <span class='ocrx_word' id='word_1_388' title='bbox 2896 2873 3151 2941; x_wconf 89' lang='lat' dir='ltr'><strong>operibus</strong></span> <span class='ocrx_word' id='word_1_389' title='bbox 3184 2875 3469 2939; x_wconf 88' lang='lat' dir='ltr'><strong>admistos,</strong></span> <span class='ocrx_word' id='word_1_390' title='bbox 3497 2891 3522 2928; x_wconf 87' lang='lat' dir='ltr'><strong>a</strong></span> <span class='ocrx_word' id='word_1_391' title='bbox 3555 2873 3748 2936; x_wconf 84' lang='lat' dir='ltr'><strong>falsariis,</strong></span> <span class='ocrx_word' id='word_1_392' title='bbox 3771 2882 3807 2925; x_wconf 89' lang='lat' dir='ltr'><strong>et</strong></span> 
     </span>
    </p>
   </div>
   <div class='ocr_carea' id='block_1_59' title="bbox 2338 2960 3803 3019">
    <p class='ocr_par' dir='ltr' id='par_1_59' title="bbox 2338 2960 3803 3019">
     <span class='ocr_line' id='line_1_59' title="bbox 2338 2960 3803 3019; baseline -0.001 -5"><span class='ocrx_word' id='word_1_393' title='bbox 2338 2960 2597 3016; x_wconf 86' lang='lat' dir='ltr'><strong>librorum</strong></span> <span class='ocrx_word' id='word_1_394' title='bbox 2638 2963 3094 3019; x_wconf 88' lang='lat' dir='ltr'><strong>adulteratoribus</strong></span> <span class='ocrx_word' id='word_1_395' title='bbox 3121 2965 3397 3019; x_wconf 62' lang='lat' dir='ltr'><strong>haereticis</strong></span> <span class='ocrx_word' id='word_1_396' title='bbox 3423 2966 3630 3018; x_wconf 88' lang='lat' dir='ltr'><strong>intrusos</strong></span> <span class='ocrx_word' id='word_1_397' title='bbox 3670 2973 3712 3016; x_wconf 89' lang='lat' dir='ltr'><strong>et</strong></span> <span class='ocrx_word' id='word_1_398' title='bbox 3739 2977 3803 3015; x_wconf 83' lang='lat' dir='ltr'><strong>ss-</strong></span> 
     </span>
    </p>
   </div>
   <div class='ocr_carea' id='block_1_60' title="bbox 2338 3055 3804 3124">
    <p class='ocr_par' dir='ltr' id='par_1_60' title="bbox 2338 3055 3804 3124">
     <span class='ocr_line' id='line_1_60' title="bbox 2338 3055 3804 3124; baseline 0.001 -18"><span class='ocrx_word' id='word_1_399' title='bbox 2338 3068 2526 3122; x_wconf 79' lang='lat' dir='ltr'><strong>persos</strong></span> <span class='ocrx_word' id='word_1_400' title='bbox 2564 3055 2732 3109; x_wconf 84' lang='lat' dir='ltr'><strong>fuisse</strong></span> <span class='ocrx_word' id='word_1_401' title='bbox 2763 3056 3010 3124; x_wconf 85' lang='lat' dir='ltr'><strong>gnaviter</strong></span> <span class='ocrx_word' id='word_1_402' title='bbox 3033 3059 3390 3113; x_wconf 87' lang='lat' dir='ltr'><strong>contendens.</strong></span> <span class='ocrx_word' id='word_1_403' title='bbox 3418 3057 3591 3114; x_wconf 82' lang='lat' dir='ltr'><strong>Fertur</strong></span> <span class='ocrx_word' id='word_1_404' title='bbox 3613 3058 3734 3112; x_wconf 81' lang='lat' dir='ltr'><strong>etiam</strong></span> <span class='ocrx_word' id='word_1_405' title='bbox 3757 3071 3804 3109; x_wconf 81' lang='lat' dir='ltr'><strong>es</strong></span> 
     </span>
    </p>
   </div>
   <div class='ocr_carea' id='block_1_61' title="bbox 2337 3143 3807 3220">
    <p class='ocr_par' dir='ltr' id='par_1_61' title="bbox 2337 3143 3807 3220">
     <span class='ocr_line' id='line_1_61' title="bbox 2337 3143 3807 3220; baseline 0.001 -23"><span class='ocrx_word' id='word_1_406' title='bbox 2337 3144 2490 3199; x_wconf 85' lang='lat' dir='ltr'><strong>libris</strong></span> <span class='ocrx_word' id='word_1_407' title='bbox 2521 3143 2769 3217; x_wconf 83' lang='lat' dir='ltr'><strong>Origenis</strong></span> <span class='ocrx_word' id='word_1_408' title='bbox 2796 3147 3092 3202; x_wconf 86' lang='lat' dir='ltr'><strong>instructus</strong></span> <span class='ocrx_word' id='word_1_409' title='bbox 3125 3149 3187 3202; x_wconf 86' lang='lat' dir='ltr'><strong>ad</strong></span> <span class='ocrx_word' id='word_1_410' title='bbox 3215 3149 3537 3220; x_wconf 89' lang='lat' dir='ltr'><strong>impietatem</strong></span> <span class='ocrx_word' id='word_1_411' title='bbox 3561 3161 3602 3203; x_wconf 86' lang='lat' dir='ltr'><strong>et</strong></span> <span class='ocrx_word' id='word_1_412' title='bbox 3623 3158 3807 3202; x_wconf 79' lang='lat' dir='ltr'><strong>srntatus</strong></span> 
     </span>
    </p>
   </div>
   <div class='ocr_carea' id='block_1_62' title="bbox 662 3221 2268 3308">
    <p class='ocr_par' dir='ltr' id='par_1_62' title="bbox 662 3230 2268 3308">
     <span class='ocr_line' id='line_1_62' title="bbox 662 3230 2268 3308; baseline 0.001 -18"><span class='ocrx_word' id='word_1_413' title='bbox 662 3238 905 3307; x_wconf 83' lang='lat' dir='ltr'><strong>Catalogi</strong></span> <span class='ocrx_word' id='word_1_414' title='bbox 941 3238 1258 3308; x_wconf 78' lang='lat' dir='ltr'><strong>scriptorum</strong></span> <span class='ocrx_word' id='word_1_415' title='bbox 1283 3236 1763 3292; x_wconf 85' lang='lat' dir='ltr'><strong>ecclesiasticarum</strong></span> <span class='ocrx_word' id='word_1_416' title='bbox 1780 3239 1845 3292; x_wconf 90' lang='lat' dir='ltr'><strong>ad</strong></span> <span class='ocrx_word' id='word_1_417' title='bbox 1878 3239 2231 3304; x_wconf 88' lang='lat' dir='ltr'><strong>Desiderium,</strong></span> <span class='ocrx_word' id='word_1_418' title='bbox 2260 3230 2268 3273; x_wconf 69' lang='grc'><strong>⁴</strong></span> 
     </span>
    </p>
   </div>
   <div class='ocr_carea' id='block_1_63' title="bbox 2199 3221 3805 3308">
    <p class='ocr_par' dir='ltr' id='par_1_63' title="bbox 2199 3221 3805 3304">
     <span class='ocr_line' id='line_1_63' title="bbox 2199 3221 3805 3304; baseline 0.004 -24"><span class='ocrx_word' id='word_1_419' title='bbox 2199 3255 2231 3304; x_wconf 66' lang='grc' dir='ltr'><strong>ι,</strong></span> <span class='ocrx_word' id='word_1_420' title='bbox 2260 3221 2303 3279; x_wconf 86' lang='lat' dir='ltr'><strong>C</strong></span> <span class='ocrx_word' id='word_1_421' title='bbox 2337 3229 2630 3300; x_wconf 79' lang='lat' dir='ltr'><strong>Eutychos,</strong></span> <span class='ocrx_word' id='word_1_422' title='bbox 2687 3232 2933 3301; x_wconf 90' lang='lat' dir='ltr'><strong>impurus</strong></span> <span class='ocrx_word' id='word_1_423' title='bbox 2968 3235 3290 3302; x_wconf 61' lang='lat' dir='ltr'><strong>haereticus,</strong></span> <span class='ocrx_word' id='word_1_424' title='bbox 3341 3239 3538 3293; x_wconf 86' lang='lat' dir='ltr'><strong>unicam</strong></span> <span class='ocrx_word' id='word_1_425' title='bbox 3562 3238 3602 3291; x_wconf 92' lang='lat' dir='ltr'><strong>in</strong></span> <span class='ocrx_word' id='word_1_426' title='bbox 3638 3236 3805 3290; x_wconf 86' lang='lat' dir='ltr'><strong>Christo</strong></span> 
     </span>
    </p>
   </div>
   <div class='ocr_carea' id='block_1_64' title="bbox 665 3329 2232 3400">
    <p class='ocr_par' dir='ltr' id='par_1_64' title="bbox 665 3329 2232 3400">
     <span class='ocr_line' id='line_1_64' title="bbox 665 3329 2232 3400; baseline 0.002 -18"><span class='ocrx_word' id='word_1_427' title='bbox 665 3329 992 3400; x_wconf 85' lang='lat' dir='ltr'><strong>Ilierouymo</strong></span> <span class='ocrx_word' id='word_1_428' title='bbox 1020 3343 1301 3398; x_wconf 82' lang='lat' dir='ltr'><strong>perperam</strong></span> <span class='ocrx_word' id='word_1_429' title='bbox 1334 3331 1574 3399; x_wconf 89' lang='lat' dir='ltr'><strong>ascripti,</strong></span> <span class='ocrx_word' id='word_1_430' title='bbox 1605 3330 1874 3384; x_wconf 61' lang='lat' dir='ltr'><strong>haereticis</strong></span> <span class='ocrx_word' id='word_1_431' title='bbox 1897 3330 2099 3400; x_wconf 86' lang='lat' dir='ltr'><strong>alioqui</strong></span> <span class='ocrx_word' id='word_1_432' title='bbox 2126 3345 2232 3385; x_wconf 93' lang='lat' dir='ltr'><strong>non</strong></span> 
     </span>
    </p>
   </div>
   <div class='ocr_carea' id='block_1_65' title="bbox 663 3419 2234 3492">
    <p class='ocr_par' dir='ltr' id='par_1_65' title="bbox 663 3419 2234 3492">
     <span class='ocr_line' id='line_1_65' title="bbox 663 3419 2234 3492; baseline 0.004 -22"><span class='ocrx_word' id='word_1_433' title='bbox 663 3419 820 3475; x_wconf 83' lang='lat' dir='ltr'><strong>valde</strong></span> <span class='ocrx_word' id='word_1_434' title='bbox 862 3421 1098 3488; x_wconf 78' lang='lat' dir='ltr'><strong>iniquus,</strong></span> <span class='ocrx_word' id='word_1_435' title='bbox 1126 3419 1420 3492; x_wconf 82' lang='lat' dir='ltr'><strong>Origenem</strong></span> <span class='ocrx_word' id='word_1_436' title='bbox 1463 3431 1640 3475; x_wconf 88' lang='lat' dir='ltr'><strong>tamen</strong></span> <span class='ocrx_word' id='word_1_437' title='bbox 1673 3422 1998 3476; x_wconf 89' lang='lat' dir='ltr'><strong>temeritatis</strong></span> <span class='ocrx_word' id='word_1_438' title='bbox 2043 3431 2094 3476; x_wconf 90' lang='lat' dir='ltr'><strong>et</strong></span> <span class='ocrx_word' id='word_1_439' title='bbox 2145 3436 2234 3476; x_wconf 89' lang='lat' dir='ltr'><strong>er-</strong></span> 
     </span>
    </p>
   </div>
   <div class='ocr_carea' id='block_1_66' title="bbox 665 3510 2235 3582">
    <p class='ocr_par' dir='ltr' id='par_1_66' title="bbox 665 3510 2235 3582">
     <span class='ocr_line' id='line_1_66' title="bbox 665 3510 2235 3582; baseline 0.003 -20"><span class='ocrx_word' id='word_1_440' title='bbox 665 3511 807 3564; x_wconf 89' lang='lat' dir='ltr'><strong>roris</strong></span> <span class='ocrx_word' id='word_1_441' title='bbox 871 3510 1176 3564; x_wconf 89' lang='lat' dir='ltr'><strong>insimulat.</strong></span> <span class='ocrx_word' id='word_1_442' title='bbox 1254 3511 1542 3567; x_wconf 88' lang='lat' dir='ltr'><strong>Dioscorus</strong></span> <span class='ocrx_word' id='word_1_443' title='bbox 1592 3511 1990 3567; x_wconf 84' lang='lat' dir='ltr'><strong>Alexandrinus</strong></span> <span class='ocrx_word' id='word_1_444' title='bbox 2039 3511 2235 3582; x_wconf 65' lang='lat' dir='ltr'><strong>praesul</strong></span> 
     </span>
    </p>
   </div>
   <div class='ocr_carea' id='block_1_67' title="bbox 663 3603 2233 3677">
    <p class='ocr_par' dir='ltr' id='par_1_67' title="bbox 663 3603 2233 3677">
     <span class='ocr_line' id='line_1_67' title="bbox 663 3603 2233 3677; baseline 0 -19"><span class='ocrx_word' id='word_1_445' title='bbox 663 3605 802 3674; x_wconf 91' lang='lat' dir='ltr'><strong>apud</strong></span> <span class='ocrx_word' id='word_1_446' title='bbox 865 3606 1126 3676; x_wconf 83' lang='lat' dir='ltr'><strong>synodum</strong></span> <span class='ocrx_word' id='word_1_447' title='bbox 1181 3605 1669 3662; x_wconf 89' lang='lat' dir='ltr'><strong>Chalcedonensem</strong></span> <span class='ocrx_word' id='word_1_448' title='bbox 1723 3603 2048 3677; x_wconf 84' lang='lat' dir='ltr'><strong>Origenismi</strong></span> <span class='ocrx_word' id='word_1_449' title='bbox 2102 3607 2233 3660; x_wconf 87' lang='lat' dir='ltr'><strong>insi-</strong></span> 
     </span>
    </p>
   </div>
   <div class='ocr_carea' id='block_1_68' title="bbox 681 3692 2238 3750">
    <p class='ocr_par' dir='ltr' id='par_1_68' title="bbox 681 3692 2238 3750">
     <span class='ocr_line' id='line_1_68' title="bbox 681 3692 2238 3750; baseline -0.002 -1"><span class='ocrx_word' id='word_1_450' title='bbox 681 3695 918 3750; x_wconf 84' lang='lat' dir='ltr'><strong>mulatus</strong></span> <span class='ocrx_word' id='word_1_451' title='bbox 949 3707 1033 3749; x_wconf 91' lang='lat' dir='ltr'><strong>est</strong></span> <span class='ocrx_word' id='word_1_452' title='bbox 1055 3712 1084 3748; x_wconf 89' lang='lat' dir='ltr'><strong>a</strong></span> <span class='ocrx_word' id='word_1_453' title='bbox 1119 3695 1404 3750; x_wconf 88' lang='lat' dir='ltr'><strong>Theodoro</strong></span> <span class='ocrx_word' id='word_1_454' title='bbox 1444 3695 1819 3749; x_wconf 69' lang='lat' dir='ltr'><strong>Alexandrina:</strong></span> <span class='ocrx_word' id='word_1_455' title='bbox 1849 3693 2100 3748; x_wconf 73' lang='lat' dir='ltr'><strong>Ecclesia:</strong></span> <span class='ocrx_word' id='word_1_456' title='bbox 2126 3692 2238 3747; x_wconf 84' lang='lat' dir='ltr'><strong>dia-</strong></span> 
     </span>
    </p>
   </div>
   <div class='ocr_carea' id='block_1_69' title="bbox 665 3783 2232 3856">
    <p class='ocr_par' dir='ltr' id='par_1_69' title="bbox 665 3783 2232 3856">
     <span class='ocr_line' id='line_1_69' title="bbox 665 3783 2232 3856; baseline -0.003 -15"><span class='ocrx_word' id='word_1_457' title='bbox 665 3802 820 3841; x_wconf 83' lang='lat' dir='ltr'><strong>cono.</strong></span> <span class='ocrx_word' id='word_1_458' title='bbox 843 3787 1031 3841; x_wconf 82' lang='lat' dir='ltr'><strong>Refert</strong></span> <span class='ocrx_word' id='word_1_459' title='bbox 1052 3787 1288 3856; x_wconf 78' lang='lat' dir='ltr'><strong>Cyrillus</strong></span> <span class='ocrx_word' id='word_1_460' title='bbox 1315 3787 1636 3848; x_wconf 89' lang='lat' dir='ltr'><strong>monachus,</strong></span> <span class='ocrx_word' id='word_1_461' title='bbox 1671 3786 1722 3838; x_wconf 92' lang='lat' dir='ltr'><strong>in</strong></span> <span class='ocrx_word' id='word_1_462' title='bbox 1764 3783 1883 3838; x_wconf 81' lang='lat' dir='ltr'><strong>Vita</strong></span> <span class='ocrx_word' id='word_1_463' title='bbox 1917 3783 1979 3840; x_wconf 88' lang='lat' dir='ltr'><strong>S.</strong></span> <span class='ocrx_word' id='word_1_464' title='bbox 2023 3783 2232 3854; x_wconf 68' lang='lat' dir='ltr'><strong>Euthy-</strong></span> 
     </span>
    </p>
   </div>
   <div class='ocr_carea' id='block_1_70' title="bbox 664 3876 2236 3948">
    <p class='ocr_par' dir='ltr' id='par_1_70' title="bbox 664 3876 2236 3948">
     <span class='ocr_line' id='line_1_70' title="bbox 664 3876 2236 3948; baseline 0.001 -17"><span class='ocrx_word' id='word_1_465' title='bbox 664 3881 778 3942; x_wconf 88' lang='lat' dir='ltr'><strong>mii,</strong></span> <span class='ocrx_word' id='word_1_466' title='bbox 812 3880 1102 3932; x_wconf 78' lang='lat' dir='ltr'><strong>maximam</strong></span> <span class='ocrx_word' id='word_1_467' title='bbox 1138 3879 1572 3948; x_wconf 84' lang='lat' dir='ltr'><strong>Origenistarum</strong></span> <span class='ocrx_word' id='word_1_468' title='bbox 1603 3877 2006 3932; x_wconf 88' lang='lat' dir='ltr'><strong>multitudinem</strong></span> <span class='ocrx_word' id='word_1_469' title='bbox 2043 3877 2096 3931; x_wconf 91' lang='lat' dir='ltr'><strong>in</strong></span> <span class='ocrx_word' id='word_1_470' title='bbox 2121 3876 2236 3932; x_wconf 73' lang='lat' dir='ltr'><strong>Cse-</strong></span> 
     </span>
    </p>
   </div>
   <div class='ocr_carea' id='block_1_71' title="bbox 665 3968 2236 4037">
    <p class='ocr_par' dir='ltr' id='par_1_71' title="bbox 665 3968 2236 4037">
     <span class='ocr_line' id='line_1_71' title="bbox 665 3968 2236 4037; baseline -0.001 -13"><span class='ocrx_word' id='word_1_471' title='bbox 665 3984 834 4024; x_wconf 61' lang='lat' dir='ltr'><strong>sareae</strong></span> <span class='ocrx_word' id='word_1_472' title='bbox 873 3969 1176 4024; x_wconf 76' lang='lat' dir='ltr'><strong>Pahestinze</strong></span> <span class='ocrx_word' id='word_1_473' title='bbox 1199 3971 1397 4024; x_wconf 89' lang='lat' dir='ltr'><strong>vicinia</strong></span> <span class='ocrx_word' id='word_1_474' title='bbox 1427 3970 1749 4032; x_wconf 66' lang='lat' dir='ltr'><strong>habitasse;</strong></span> <span class='ocrx_word' id='word_1_475' title='bbox 1805 3983 2040 4037; x_wconf 89' lang='lat' dir='ltr'><strong>cumque</strong></span> <span class='ocrx_word' id='word_1_476' title='bbox 2091 3968 2127 4022; x_wconf 90' lang='lat' dir='ltr'><strong>ii</strong></span> <span class='ocrx_word' id='word_1_477' title='bbox 2167 3968 2236 4022; x_wconf 89' lang='lat' dir='ltr'><strong>ad</strong></span> 
     </span>
    </p>
   </div>
   <div class='ocr_carea' id='block_1_72' title="bbox 667 4059 2234 4134">
    <p class='ocr_par' dir='ltr' id='par_1_72' title="bbox 667 4059 2234 4134">
     <span class='ocr_line' id='line_1_72' title="bbox 667 4059 2234 4134; baseline -0.003 -17"><span class='ocrx_word' id='word_1_478' title='bbox 667 4061 1067 4117; x_wconf 88' lang='lat' dir='ltr'><strong>sanctissimum</strong></span> <span class='ocrx_word' id='word_1_479' title='bbox 1096 4061 1343 4116; x_wconf 88' lang='lat' dir='ltr'><strong>abbatem</strong></span> <span class='ocrx_word' id='word_1_480' title='bbox 1368 4060 1720 4134; x_wconf 85' lang='lat' dir='ltr'><strong>Euthymium</strong></span> <span class='ocrx_word' id='word_1_481' title='bbox 1754 4059 2073 4131; x_wconf 88' lang='lat' dir='ltr'><strong>frequenter</strong></span> <span class='ocrx_word' id='word_1_482' title='bbox 2100 4074 2234 4114; x_wconf 84' lang='lat' dir='ltr'><strong>ven-</strong></span> 
     </span>
    </p>
   </div>
   <div class='ocr_carea' id='block_1_73' title="bbox 670 4151 2236 4222">
    <p class='ocr_par' dir='ltr' id='par_1_73' title="bbox 670 4151 2236 4222">
     <span class='ocr_line' id='line_1_73' title="bbox 670 4151 2236 4222; baseline 0 -18"><span class='ocrx_word' id='word_1_483' title='bbox 670 4153 896 4206; x_wconf 81' lang='lat' dir='ltr'><strong>litarent</strong></span> <span class='ocrx_word' id='word_1_484' title='bbox 924 4152 1140 4220; x_wconf 89' lang='lat' dir='ltr'><strong>pietatis</strong></span> <span class='ocrx_word' id='word_1_485' title='bbox 1168 4152 1416 4217; x_wconf 89' lang='lat' dir='ltr'><strong>obtentu,</strong></span> <span class='ocrx_word' id='word_1_486' title='bbox 1447 4152 1742 4205; x_wconf 89' lang='lat' dir='ltr'><strong>vanitatem</strong></span> <span class='ocrx_word' id='word_1_487' title='bbox 1769 4151 2012 4222; x_wconf 92' lang='lat' dir='ltr'><strong>ipsorum</strong></span> <span class='ocrx_word' id='word_1_488' title='bbox 2051 4161 2108 4207; x_wconf 89' lang='lat' dir='ltr'><strong>et</strong></span> <span class='ocrx_word' id='word_1_489' title='bbox 2145 4166 2236 4206; x_wconf 78' lang='lat' dir='ltr'><strong>er-</strong></span> 
     </span>
    </p>
   </div>
   <div class='ocr_carea' id='block_1_74' title="bbox 667 4242 2236 4298">
    <p class='ocr_par' dir='ltr' id='par_1_74' title="bbox 667 4242 2236 4298">
     <span class='ocr_line' id='line_1_74' title="bbox 667 4242 2236 4298; baseline -0.002 -1"><span class='ocrx_word' id='word_1_490' title='bbox 667 4258 846 4298; x_wconf 83' lang='lat' dir='ltr'><strong>rorem</strong></span> <span class='ocrx_word' id='word_1_491' title='bbox 876 4244 1053 4296; x_wconf 90' lang='lat' dir='ltr'><strong>virum</strong></span> <span class='ocrx_word' id='word_1_492' title='bbox 1103 4246 1294 4296; x_wconf 87' lang='lat' dir='ltr'><strong>harum</strong></span> <span class='ocrx_word' id='word_1_493' title='bbox 1350 4257 1536 4296; x_wconf 86' lang='lat' dir='ltr'><strong>rerum</strong></span> <span class='ocrx_word' id='word_1_494' title='bbox 1598 4242 2044 4297; x_wconf 89' lang='lat' dir='ltr'><strong>callentissimum</strong></span> <span class='ocrx_word' id='word_1_495' title='bbox 2079 4255 2236 4295; x_wconf 90' lang='lat' dir='ltr'><strong>coar-</strong></span> 
     </span>
    </p>
   </div>
   <div class='ocr_carea' id='block_1_75' title="bbox 666 4327 2237 4404">
    <p class='ocr_par' dir='ltr' id='par_1_75' title="bbox 666 4327 2237 4404">
     <span class='ocr_line' id='line_1_75' title="bbox 666 4327 2237 4404; baseline -0.003 -18"><span class='ocrx_word' id='word_1_496' title='bbox 666 4334 870 4404; x_wconf 87' lang='lat' dir='ltr'><strong>guisse,</strong></span> <span class='ocrx_word' id='word_1_497' title='bbox 904 4343 959 4388; x_wconf 89' lang='lat' dir='ltr'><strong>et</strong></span> <span class='ocrx_word' id='word_1_498' title='bbox 977 4332 1318 4388; x_wconf 88' lang='lat' dir='ltr'><strong>reluctantes</strong></span> <span class='ocrx_word' id='word_1_499' title='bbox 1349 4331 1686 4402; x_wconf 87' lang='lat' dir='ltr'><strong>argumentis</strong></span> <span class='ocrx_word' id='word_1_500' title='bbox 1733 4330 2090 4399; x_wconf 89' lang='lat' dir='ltr'><strong>oppressisse.</strong></span> <span class='ocrx_word' id='word_1_501' title='bbox 2124 4327 2237 4383; x_wconf 71' lang='lat' dir='ltr'><strong>hle-</strong></span> 
     </span>
    </p>
   </div>
   <div class='ocr_carea' id='block_1_76' title="bbox 667 4420 2234 4494">
    <p class='ocr_par' dir='ltr' id='par_1_76' title="bbox 667 4420 2234 4494">
     <span class='ocr_line' id='line_1_76' title="bbox 667 4420 2234 4494; baseline -0.002 -16"><span class='ocrx_word' id='word_1_502' title='bbox 667 4425 929 4479; x_wconf 82' lang='lat' dir='ltr'><strong>morabile</strong></span> <span class='ocrx_word' id='word_1_503' title='bbox 962 4440 1092 4480; x_wconf 92' lang='lat' dir='ltr'><strong>vero</strong></span> <span class='ocrx_word' id='word_1_504' title='bbox 1126 4425 1395 4494; x_wconf 90' lang='lat' dir='ltr'><strong>imprimis</strong></span> <span class='ocrx_word' id='word_1_505' title='bbox 1429 4425 1642 4479; x_wconf 86' lang='lat' dir='ltr'><strong>concilii</strong></span> <span class='ocrx_word' id='word_1_506' title='bbox 1665 4423 1914 4487; x_wconf 80' lang='lat' dir='ltr'><strong>RCmaui,</strong></span> <span class='ocrx_word' id='word_1_507' title='bbox 1947 4440 2088 4478; x_wconf 90' lang='lat' dir='ltr'><strong>anno</strong></span> <span class='ocrx_word' id='word_1_508' title='bbox 2109 4420 2234 4484; x_wconf 75' lang='grc'><strong>496,</strong></span> 
     </span>
    </p>
   </div>
   <div class='ocr_carea' id='block_1_77' title="bbox 669 4512 2236 4586">
    <p class='ocr_par' dir='ltr' id='par_1_77' title="bbox 669 4512 2236 4586">
     <span class='ocr_line' id='line_1_77' title="bbox 669 4512 2236 4586; baseline -0.002 -17"><span class='ocrx_word' id='word_1_509' title='bbox 669 4517 769 4570; x_wconf 91' lang='lat' dir='ltr'><strong>sub</strong></span> <span class='ocrx_word' id='word_1_510' title='bbox 803 4514 1018 4570; x_wconf 75' lang='lat' dir='ltr'><strong>Gelasio</strong></span> <span class='ocrx_word' id='word_1_511' title='bbox 1052 4531 1192 4586; x_wconf 91' lang='lat' dir='ltr'><strong>papa</strong></span> <span class='ocrx_word' id='word_1_512' title='bbox 1233 4514 1402 4569; x_wconf 81' lang='lat' dir='ltr'><strong>habiti</strong></span> <span class='ocrx_word' id='word_1_513' title='bbox 1461 4515 1763 4576; x_wconf 90' lang='lat' dir='ltr'><strong>decretum,</strong></span> <span class='ocrx_word' id='word_1_514' title='bbox 1810 4528 1970 4584; x_wconf 88' lang='lat' dir='ltr'><strong>super</strong></span> <span class='ocrx_word' id='word_1_515' title='bbox 2000 4512 2236 4582; x_wconf 88' lang='lat' dir='ltr'><strong>Origene</strong></span> 
     </span>
    </p>
   </div>
   <div class='ocr_carea' id='block_1_78' title="bbox 667 4588 2231 4673">
    <p class='ocr_par' dir='ltr' id='par_1_78' title="bbox 667 4588 2231 4673">
     <span class='ocr_line' id='line_1_78' title="bbox 667 4588 2231 4673; baseline -0.002 -16"><span class='ocrx_word' id='word_1_516' title='bbox 667 4588 949 4673; x_wconf 88' lang='lat' dir='ltr'><strong>ipsiusque</strong></span> <span class='ocrx_word' id='word_1_517' title='bbox 984 4604 1475 4668; x_wconf 89' lang='lat' dir='ltr'><strong>lucubrationibus,</strong></span> <span class='ocrx_word' id='word_1_518' title='bbox 1538 4603 1684 4672; x_wconf 90' lang='lat' dir='ltr'><strong>quod</strong></span> <span class='ocrx_word' id='word_1_519' title='bbox 1753 4611 1839 4656; x_wconf 89' lang='lat' dir='ltr'><strong>est</strong></span> <span class='ocrx_word' id='word_1_520' title='bbox 1886 4601 2231 4671; x_wconf 85' lang='lat' dir='ltr'><strong>hujusmodi:</strong></span> 
     </span>
    </p>
   </div>
   <div class='ocr_carea' id='block_1_79' title="bbox 681 4693 2238 4764">
    <p class='ocr_par' dir='ltr' id='par_1_79' title="bbox 681 4693 2238 4764">
     <span class='ocr_line' id='line_1_79' title="bbox 681 4693 2238 4764; baseline 0.003 -20"><span class='ocrx_word' id='word_1_521' title='bbox 681 4713 698 4744; x_wconf 77' lang='grc' dir='ltr'>ι</span> <span class='ocrx_word' id='word_1_522' title='bbox 732 4693 981 4764; x_wconf 86' lang='lat' dir='ltr'><strong>Origenis</strong></span> <span class='ocrx_word' id='word_1_523' title='bbox 1011 4695 1264 4749; x_wconf 89' lang='lat' dir='ltr'><strong>nonnulla</strong></span> <span class='ocrx_word' id='word_1_524' title='bbox 1315 4695 1594 4764; x_wconf 91' lang='lat' dir='ltr'><strong>opuscula,</strong></span> <span class='ocrx_word' id='word_1_525' title='bbox 1633 4709 1755 4764; x_wconf 66' lang='lat' dir='ltr'><strong>quae</strong></span> <span class='ocrx_word' id='word_1_526' title='bbox 1791 4695 1871 4748; x_wconf 90' lang='lat' dir='ltr'><strong>vir</strong></span> <span class='ocrx_word' id='word_1_527' title='bbox 1897 4695 2086 4749; x_wconf 82' lang='lat' dir='ltr'><strong>beatus</strong></span> <span class='ocrx_word' id='word_1_528' title='bbox 2119 4693 2238 4748; x_wconf 86' lang='lat' dir='ltr'><strong>Hie-</strong></span> 
     </span>
    </p>
   </div>
   <div class='ocr_carea' id='block_1_80' title="bbox 672 4784 2236 4857">
    <p class='ocr_par' dir='ltr' id='par_1_80' title="bbox 672 4784 2236 4857">
     <span class='ocr_line' id='line_1_80' title="bbox 672 4784 2236 4857; baseline -0.001 -17"><span class='ocrx_word' id='word_1_529' title='bbox 672 4799 928 4857; x_wconf 84' lang='lat' dir='ltr'><strong>ronymus</strong></span> <span class='ocrx_word' id='word_1_530' title='bbox 957 4801 1058 4838; x_wconf 92' lang='lat' dir='ltr'><strong>non</strong></span> <span class='ocrx_word' id='word_1_531' title='bbox 1085 4787 1354 4855; x_wconf 89' lang='lat' dir='ltr'><strong>repudiat,</strong></span> <span class='ocrx_word' id='word_1_532' title='bbox 1385 4787 1616 4855; x_wconf 79' lang='lat' dir='ltr'><strong>legenda</strong></span> <span class='ocrx_word' id='word_1_533' title='bbox 1640 4786 1967 4854; x_wconf 86' lang='lat' dir='ltr'><strong>suscipimus</strong></span> <span class='ocrx_word' id='word_1_534' title='bbox 1991 4802 2006 4837; x_wconf 90' lang='lat'><strong>:</strong></span> <span class='ocrx_word' id='word_1_535' title='bbox 2034 4784 2236 4853; x_wconf 85' lang='lat' dir='ltr'><strong>reliqua</strong></span> 
     </span>
    </p>
   </div>
   <div class='ocr_carea' id='block_1_81' title="bbox 671 4877 2238 4934">
    <p class='ocr_par' dir='ltr' id='par_1_81' title="bbox 671 4877 2238 4934">
     <span class='ocr_line' id='line_1_81' title="bbox 671 4877 2238 4934; baseline -0.001 -1"><span class='ocrx_word' id='word_1_536' title='bbox 671 4888 845 4933; x_wconf 88' lang='lat' dir='ltr'><strong>autem</strong></span> <span class='ocrx_word' id='word_1_537' title='bbox 872 4877 1053 4931; x_wconf 89' lang='lat' dir='ltr'><strong>omnia</strong></span> <span class='ocrx_word' id='word_1_538' title='bbox 1093 4892 1216 4930; x_wconf 90' lang='lat' dir='ltr'><strong>cum</strong></span> <span class='ocrx_word' id='word_1_539' title='bbox 1269 4889 1492 4934; x_wconf 89' lang='lat' dir='ltr'><strong>auctore</strong></span> <span class='ocrx_word' id='word_1_540' title='bbox 1544 4893 1643 4933; x_wconf 87' lang='lat' dir='ltr'><strong>suo</strong></span> <span class='ocrx_word' id='word_1_541' title='bbox 1687 4877 1918 4933; x_wconf 87' lang='lat' dir='ltr'><strong>dicimus</strong></span> <span class='ocrx_word' id='word_1_542' title='bbox 1965 4891 2087 4933; x_wconf 88' lang='lat' dir='ltr'><strong>esse</strong></span> <span class='ocrx_word' id='word_1_543' title='bbox 2151 4893 2238 4932; x_wconf 82' lang='lat' dir='ltr'><strong>re-</strong></span> 
     </span>
    </p>
   </div>
   <div class='ocr_carea' id='block_1_82' title="bbox 670 4990 2239 5061">
    <p class='ocr_par' dir='ltr' id='par_1_82' title="bbox 670 4990 2239 5061">
     <span class='ocr_line' id='line_1_82' title="bbox 670 4990 2239 5061; baseline 0.001 -16"><span class='ocrx_word' id='word_1_544' title='bbox 670 4991 900 5045; x_wconf 90' lang='lat' dir='ltr'><strong>nuenda.</strong></span> <span class='ocrx_word' id='word_1_545' title='bbox 933 5009 952 5042; x_wconf 79' lang='grc' dir='ltr'><strong><em>ι</em></strong></span> <span class='ocrx_word' id='word_1_546' title='bbox 981 4990 1062 5043; x_wconf 82' lang='lat' dir='ltr'><strong>Ad</strong></span> <span class='ocrx_word' id='word_1_547' title='bbox 1091 4990 1205 5043; x_wconf 69' lang='lat' dir='ltr'><strong>haec</strong></span> <span class='ocrx_word' id='word_1_548' title='bbox 1232 4991 1372 5044; x_wconf 83' lang='lat' dir='ltr'><strong>vitio</strong></span> <span class='ocrx_word' id='word_1_549' title='bbox 1409 4991 1504 5043; x_wconf 87' lang='lat' dir='ltr'><strong>dat</strong></span> <span class='ocrx_word' id='word_1_550' title='bbox 1527 4992 1781 5055; x_wconf 85' lang='lat' dir='ltr'><strong>Eusebio,</strong></span> <span class='ocrx_word' id='word_1_551' title='bbox 1806 4991 1948 5061; x_wconf 90' lang='lat' dir='ltr'><strong>quod</strong></span> <span class='ocrx_word' id='word_1_552' title='bbox 1983 5010 2001 5043; x_wconf 75' lang='grc' dir='ltr'>ι</span> <span class='ocrx_word' id='word_1_553' title='bbox 2040 4991 2089 5045; x_wconf 90' lang='lat' dir='ltr'><strong>in</strong></span> <span class='ocrx_word' id='word_1_554' title='bbox 2125 4991 2239 5046; x_wconf 86' lang='lat' dir='ltr'><strong>lau-</strong></span> 
     </span>
    </p>
   </div>
   <div class='ocr_carea' id='block_1_83' title="bbox 672 5082 2232 5153">
    <p class='ocr_par' dir='ltr' id='par_1_83' title="bbox 672 5082 2232 5153">
     <span class='ocr_line' id='line_1_83' title="bbox 672 5082 2232 5153; baseline 0.001 -18"><span class='ocrx_word' id='word_1_555' title='bbox 672 5084 827 5138; x_wconf 87' lang='lat' dir='ltr'><strong>dibus</strong></span> <span class='ocrx_word' id='word_1_556' title='bbox 865 5094 1027 5153; x_wconf 90' lang='lat' dir='ltr'><strong>atque</strong></span> <span class='ocrx_word' id='word_1_557' title='bbox 1056 5083 1406 5138; x_wconf 82' lang='lat' dir='ltr'><strong>excusatione</strong></span> <span class='ocrx_word' id='word_1_558' title='bbox 1428 5082 1681 5151; x_wconf 83' lang='lat' dir='ltr'><strong>Origenis</strong></span> <span class='ocrx_word' id='word_1_559' title='bbox 1705 5085 2042 5140; x_wconf 86' lang='lat' dir='ltr'><strong>schismatici</strong></span> <span class='ocrx_word' id='word_1_560' title='bbox 2070 5099 2232 5137; x_wconf 91' lang='lat' dir='ltr'><strong>unum</strong></span> 
     </span>
    </p>
   </div>
   <div class='ocr_carea' id='block_1_84' title="bbox 675 5175 2237 5245">
    <p class='ocr_par' dir='ltr' id='par_1_84' title="bbox 675 5175 2237 5245">
     <span class='ocr_line' id='line_1_84' title="bbox 675 5175 2237 5245; baseline 0.002 -21"><span class='ocrx_word' id='word_1_561' title='bbox 675 5175 995 5244; x_wconf 88' lang='lat' dir='ltr'><strong>conscripsit</strong></span> <span class='ocrx_word' id='word_1_562' title='bbox 1026 5175 1243 5229; x_wconf 92' lang='lat' dir='ltr'><strong>librum.</strong></span> <span class='ocrx_word' id='word_1_563' title='bbox 1281 5193 1300 5227; x_wconf 72' lang='grc' dir='ltr'><strong><em>ι</em></strong></span> <span class='ocrx_word' id='word_1_564' title='bbox 1357 5175 1557 5229; x_wconf 89' lang='lat' dir='ltr'><strong>Deinde</strong></span> <span class='ocrx_word' id='word_1_565' title='bbox 1598 5178 1880 5245; x_wconf 84' lang='lat' dir='ltr'><strong>scriptum,</strong></span> <span class='ocrx_word' id='word_1_566' title='bbox 1916 5191 2024 5245; x_wconf 86' lang='lat' dir='ltr'><strong>quo</strong></span> <span class='ocrx_word' id='word_1_567' title='bbox 2053 5177 2237 5245; x_wconf 87' lang='lat' dir='ltr'><strong>agitur</strong></span> 
     </span>
    </p>
   </div>
   <div class='ocr_carea' id='block_1_85' title="bbox 675 5266 2236 5338">
    <p class='ocr_par' dir='ltr' id='par_1_85' title="bbox 675 5266 2236 5338">
     <span class='ocr_line' id='line_1_85' title="bbox 675 5266 2236 5338; baseline 0.001 -20"><span class='ocrx_word' id='word_1_568' title='bbox 675 5267 740 5319; x_wconf 88' lang='lat' dir='ltr'><strong>de</strong></span> <span class='ocrx_word' id='word_1_569' title='bbox 768 5268 1082 5333; x_wconf 71' lang='lat' dir='ltr'><strong>paenitentia</strong></span> <span class='ocrx_word' id='word_1_570' title='bbox 1105 5266 1374 5336; x_wconf 80' lang='lat' dir='ltr'><strong>Origenis,</strong></span> <span class='ocrx_word' id='word_1_571' title='bbox 1405 5269 1772 5338; x_wconf 86' lang='lat' dir='ltr'><strong>apocryphum</strong></span> <span class='ocrx_word' id='word_1_572' title='bbox 1805 5281 1925 5322; x_wconf 82' lang='lat' dir='ltr'><strong>esse</strong></span> <span class='ocrx_word' id='word_1_573' title='bbox 1942 5267 2116 5337; x_wconf 84' lang='lat' dir='ltr'><strong>jubet.</strong></span> <span class='ocrx_word' id='word_1_574' title='bbox 2141 5267 2236 5320; x_wconf 83' lang='lat' dir='ltr'><strong>At-</strong></span> 
     </span>
    </p>
   </div>
   <div class='ocr_carea' id='block_1_86' title="bbox 673 5357 2233 5428">
    <p class='ocr_par' dir='ltr' id='par_1_86' title="bbox 673 5357 2233 5428">
     <span class='ocr_line' id='line_1_86' title="bbox 673 5357 2233 5428; baseline 0 -19"><span class='ocrx_word' id='word_1_575' title='bbox 673 5366 850 5411; x_wconf 89' lang='lat' dir='ltr'><strong>tamen</strong></span> <span class='ocrx_word' id='word_1_576' title='bbox 881 5361 1215 5428; x_wconf 86' lang='lat' dir='ltr'><strong>supposititia</strong></span> <span class='ocrx_word' id='word_1_577' title='bbox 1247 5361 1358 5413; x_wconf 62' lang='lat' dir='ltr'><strong>bare</strong></span> <span class='ocrx_word' id='word_1_578' title='bbox 1391 5373 1536 5422; x_wconf 84' lang='lat' dir='ltr'><strong>esse,</strong></span> <span class='ocrx_word' id='word_1_579' title='bbox 1569 5368 1844 5428; x_wconf 85' lang='lat' dir='ltr'><strong>totamque</strong></span> <span class='ocrx_word' id='word_1_580' title='bbox 1869 5361 2006 5412; x_wconf 86' lang='lat' dir='ltr'><strong>adeo</strong></span> <span class='ocrx_word' id='word_1_581' title='bbox 2033 5357 2233 5412; x_wconf 89' lang='lat' dir='ltr'><strong>decreti</strong></span> 
     </span>
    </p>
   </div>
   <div class='ocr_carea' id='block_1_87' title="bbox 673 5448 2237 5519">
    <p class='ocr_par' dir='ltr' id='par_1_87' title="bbox 673 5448 2237 5519">
     <span class='ocr_line' id='line_1_87' title="bbox 673 5448 2237 5519; baseline -0.001 -15"><span class='ocrx_word' id='word_1_582' title='bbox 673 5448 830 5516; x_wconf 89' lang='lat' dir='ltr'><strong>hujus</strong></span> <span class='ocrx_word' id='word_1_583' title='bbox 857 5461 1089 5519; x_wconf 80' lang='lat' dir='ltr'><strong>partem,</strong></span> <span class='ocrx_word' id='word_1_584' title='bbox 1119 5467 1238 5519; x_wconf 68' lang='lat' dir='ltr'><strong>quae</strong></span> <span class='ocrx_word' id='word_1_585' title='bbox 1275 5451 1341 5506; x_wconf 90' lang='lat' dir='ltr'><strong>ab</strong></span> <span class='ocrx_word' id='word_1_586' title='bbox 1372 5450 1457 5504; x_wconf 88' lang='lat' dir='ltr'><strong>bis</strong></span> <span class='ocrx_word' id='word_1_587' title='bbox 1508 5450 1694 5505; x_wconf 83' lang='lat' dir='ltr'><strong>verbis</strong></span> <span class='ocrx_word' id='word_1_588' title='bbox 1722 5469 1736 5505; x_wconf 93' lang='lat'><strong>:</strong></span> <span class='ocrx_word' id='word_1_589' title='bbox 1771 5469 1788 5502; x_wconf 78' lang='grc' dir='ltr'>ι</span> <span class='ocrx_word' id='word_1_590' title='bbox 1817 5451 1950 5504; x_wconf 93' lang='lat' dir='ltr'><strong>Item</strong></span> <span class='ocrx_word' id='word_1_591' title='bbox 1989 5452 2237 5504; x_wconf 89' lang='lat' dir='ltr'><strong>decreta-</strong></span> 
     </span>
    </p>
   </div>
   <div class='ocr_carea' id='block_1_88' title="bbox 673 5541 2233 5612">
    <p class='ocr_par' dir='ltr' id='par_1_88' title="bbox 673 5541 2233 5612">
     <span class='ocr_line' id='line_1_88' title="bbox 673 5541 2233 5612; baseline 0.002 -18"><span class='ocrx_word' id='word_1_592' title='bbox 673 5542 748 5596; x_wconf 90' lang='lat' dir='ltr'><strong>les</strong></span> <span class='ocrx_word' id='word_1_593' title='bbox 775 5543 1012 5612; x_wconf 80' lang='lat' dir='ltr'><strong>epistohe</strong></span> <span class='ocrx_word' id='word_1_594' title='bbox 1051 5561 1068 5594; x_wconf 79' lang='grc' dir='ltr'><strong><em>ι</em></strong></span> <span class='ocrx_word' id='word_1_595' title='bbox 1105 5545 1172 5596; x_wconf 87' lang='lat' dir='ltr'><strong>ad</strong></span> <span class='ocrx_word' id='word_1_596' title='bbox 1204 5542 1368 5596; x_wconf 83' lang='lat' dir='ltr'><strong>linem</strong></span> <span class='ocrx_word' id='word_1_597' title='bbox 1417 5556 1588 5612; x_wconf 89' lang='lat' dir='ltr'><strong>usque</strong></span> <span class='ocrx_word' id='word_1_598' title='bbox 1624 5543 1885 5612; x_wconf 85' lang='lat' dir='ltr'><strong>pertinet,</strong></span> <span class='ocrx_word' id='word_1_599' title='bbox 1915 5557 1944 5596; x_wconf 89' lang='lat' dir='ltr'><strong>a</strong></span> <span class='ocrx_word' id='word_1_600' title='bbox 1975 5541 2233 5597; x_wconf 85' lang='lat' dir='ltr'><strong>Gratiano</strong></span> 
     </span>
    </p>
   </div>
   <div class='ocr_carea' id='block_1_89' title="bbox 672 5629 2234 5700">
    <p class='ocr_par' dir='ltr' id='par_1_89' title="bbox 672 5629 2234 5700">
     <span class='ocr_line' id='line_1_89' title="bbox 672 5629 2234 5700; baseline 0.004 -20"><span class='ocrx_word' id='word_1_601' title='bbox 672 5630 907 5682; x_wconf 85' lang='lat' dir='ltr'><strong>additam</strong></span> <span class='ocrx_word' id='word_1_602' title='bbox 933 5640 1073 5694; x_wconf 85' lang='lat' dir='ltr'><strong>esse,</strong></span> <span class='ocrx_word' id='word_1_603' title='bbox 1101 5631 1340 5700; x_wconf 86' lang='lat' dir='ltr'><strong>nihilque</strong></span> <span class='ocrx_word' id='word_1_604' title='bbox 1391 5629 1699 5698; x_wconf 87' lang='lat' dir='ltr'><strong>hujusmodi</strong></span> <span class='ocrx_word' id='word_1_605' title='bbox 1736 5632 1788 5685; x_wconf 91' lang='lat' dir='ltr'><strong>in</strong></span> <span class='ocrx_word' id='word_1_606' title='bbox 1823 5631 2062 5700; x_wconf 88' lang='lat' dir='ltr'><strong>antiquis</strong></span> <span class='ocrx_word' id='word_1_607' title='bbox 2085 5631 2234 5686; x_wconf 87' lang='lat' dir='ltr'><strong>codi-</strong></span> 
     </span>
    </p>
   </div>
   <div class='ocr_carea' id='block_1_90' title="bbox 673 5719 2229 5788">
    <p class='ocr_par' dir='ltr' id='par_1_90' title="bbox 673 5719 2229 5788">
     <span class='ocr_line' id='line_1_90' title="bbox 673 5719 2229 5788; baseline 0.005 -18"><span class='ocrx_word' id='word_1_608' title='bbox 673 5719 823 5772; x_wconf 87' lang='lat' dir='ltr'><strong>cibus</strong></span> <span class='ocrx_word' id='word_1_609' title='bbox 857 5722 1080 5788; x_wconf 90' lang='lat' dir='ltr'><strong>reperiri</strong></span> <span class='ocrx_word' id='word_1_610' title='bbox 1121 5721 1398 5774; x_wconf 73' lang='lat' dir='ltr'><strong>affirmant</strong></span> <span class='ocrx_word' id='word_1_611' title='bbox 1434 5723 1676 5776; x_wconf 91' lang='lat' dir='ltr'><strong>nonnulli</strong></span> <span class='ocrx_word' id='word_1_612' title='bbox 1708 5741 1722 5782; x_wconf 83' lang='lat'><strong>;</strong></span> <span class='ocrx_word' id='word_1_613' title='bbox 1784 5724 1928 5777; x_wconf 90' lang='lat' dir='ltr'><strong>velut</strong></span> <span class='ocrx_word' id='word_1_614' title='bbox 1976 5720 2229 5778; x_wconf 85' lang='lat' dir='ltr'><strong>Nicolaus</strong></span> 
     </span>
    </p>
   </div>
   <div class='ocr_carea' id='block_1_91' title="bbox 675 5806 2224 5886">
    <p class='ocr_par' dir='ltr' id='par_1_91' title="bbox 675 5806 2224 5886">
     <span class='ocr_line' id='line_1_91' title="bbox 675 5806 2224 5886; baseline 0.005 -26"><span class='ocrx_word' id='word_1_615' title='bbox 675 5809 740 5860; x_wconf 88' lang='lat' dir='ltr'><strong>de</strong></span> <span class='ocrx_word' id='word_1_616' title='bbox 774 5806 910 5861; x_wconf 84' lang='lat' dir='ltr'><strong>Cusa</strong></span> <span class='ocrx_word' id='word_1_617' title='bbox 937 5811 988 5862; x_wconf 90' lang='lat' dir='ltr'><strong>in</strong></span> <span class='ocrx_word' id='word_1_618' title='bbox 1017 5810 1152 5864; x_wconf 91' lang='lat' dir='ltr'><strong>libro</strong></span> <span class='ocrx_word' id='word_1_619' title='bbox 1195 5811 1268 5864; x_wconf 85' lang='lat' dir='ltr'><strong>De</strong></span> <span class='ocrx_word' id='word_1_620' title='bbox 1294 5814 1665 5867; x_wconf 72' lang='lat' dir='ltr'><strong>concordantizt</strong></span> <span class='ocrx_word' id='word_1_621' title='bbox 1703 5814 1974 5882; x_wconf 82' lang='lat' dir='ltr'><strong>catholica,</strong></span> <span class='ocrx_word' id='word_1_622' title='bbox 2017 5832 2133 5886; x_wconf 84' lang='lat' dir='ltr'><strong>cup.</strong></span> <span class='ocrx_word' id='word_1_623' title='bbox 2171 5817 2224 5868; x_wconf 82' lang='grc'><strong>5.</strong></span> 
     </span>
    </p>
   </div>
   <div class='ocr_carea' id='block_1_92' title="bbox 2335 3325 3806 3396">
    <p class='ocr_par' dir='ltr' id='par_1_92' title="bbox 2335 3325 3806 3396">
     <span class='ocr_line' id='line_1_92' title="bbox 2335 3325 3806 3396; baseline 0.006 -21"><span class='ocrx_word' id='word_1_624' title='bbox 2335 3331 2586 3377; x_wconf 87' lang='lat' dir='ltr'><strong>naturam</strong></span> <span class='ocrx_word' id='word_1_625' title='bbox 2620 3325 2894 3393; x_wconf 85' lang='lat' dir='ltr'><strong>posuisse.</strong></span> <span class='ocrx_word' id='word_1_626' title='bbox 2927 3327 3075 3381; x_wconf 87' lang='lat' dir='ltr'><strong>Adeo</strong></span> <span class='ocrx_word' id='word_1_627' title='bbox 3101 3329 3324 3385; x_wconf 87' lang='lat' dir='ltr'><strong>diversa</strong></span> <span class='ocrx_word' id='word_1_628' title='bbox 3364 3327 3806 3396; x_wconf 70' lang='lat' dir='ltr'><strong>hominesdeOrige-</strong></span> 
     </span>
    </p>
   </div>
   <div class='ocr_carea' id='block_1_93' title="bbox 2335 3413 3535 3488">
    <p class='ocr_par' dir='ltr' id='par_1_93' title="bbox 2335 3413 3535 3488">
     <span class='ocr_line' id='line_1_93' title="bbox 2335 3413 3535 3488; baseline 0.007 -20"><span class='ocrx_word' id='word_1_629' title='bbox 2335 3413 2420 3469; x_wconf 88' lang='lat' dir='ltr'><strong>uis</strong></span> <span class='ocrx_word' id='word_1_630' title='bbox 2451 3416 2693 3469; x_wconf 87' lang='lat' dir='ltr'><strong>doctrina</strong></span> <span class='ocrx_word' id='word_1_631' title='bbox 2721 3418 2824 3473; x_wconf 92' lang='lat' dir='ltr'><strong>hac</strong></span> <span class='ocrx_word' id='word_1_632' title='bbox 2864 3427 3184 3488; x_wconf 85' lang='lat' dir='ltr'><strong>tempestate</strong></span> <span class='ocrx_word' id='word_1_633' title='bbox 3215 3423 3535 3478; x_wconf 81' lang='lat' dir='ltr'><strong>sentiebant.</strong></span> 
     </span>
    </p>
   </div>
   <div class='ocr_carea' id='block_1_94' title="bbox 2923 3509 3287 3568">
    <p class='ocr_par' dir='ltr' id='par_1_94' title="bbox 2923 3509 3287 3568">
     <span class='ocr_line' id='line_1_94' title="bbox 2923 3509 3287 3568; baseline 0.008 -4"><span class='ocrx_word' id='word_1_634' title='bbox 2923 3509 3163 3567; x_wconf 83' lang='lat' dir='ltr'><strong>SECTIO</strong></span> <span class='ocrx_word' id='word_1_635' title='bbox 3207 3513 3287 3568; x_wconf 86' lang='lat' dir='ltr'><strong>Ill</strong></span> 
     </span>
    </p>
   </div>
   <div class='ocr_carea' id='block_1_95' title="bbox 2335 3573 3807 3654">
    <p class='ocr_par' dir='ltr' id='par_1_95' title="bbox 2335 3573 3807 3654">
     <span class='ocr_line' id='line_1_95' title="bbox 2335 3573 3807 3654; baseline 0.005 -25"><span class='ocrx_word' id='word_1_636' title='bbox 2335 3573 2379 3630; x_wconf 84' lang='grc' dir='ltr'><strong>Ι.</strong></span> <span class='ocrx_word' id='word_1_637' title='bbox 2438 3574 2640 3654; x_wconf 81' lang='lat' dir='ltr'><strong>Rursus</strong></span> <span class='ocrx_word' id='word_1_638' title='bbox 2682 3597 2720 3654; x_wconf 88' lang='lat' dir='ltr'><strong>_e_</strong></span> <span class='ocrx_word' id='word_1_639' title='bbox 2776 3578 3083 3654; x_wconf 51' lang='lat' dir='ltr'><strong>[intestinae</strong></span> <span class='ocrx_word' id='word_1_640' title='bbox 3151 3587 3478 3641; x_wconf 80' lang='lat' dir='ltr'><strong>monasteriis</strong></span> <span class='ocrx_word' id='word_1_641' title='bbox 3531 3583 3807 3654; x_wconf 76' lang='lat' dir='ltr'><strong>Origenismttt</strong></span> 
     </span>
    </p>
   </div>
   <div class='ocr_carea' id='block_1_96' title="bbox 2405 3648 3806 3722">
    <p class='ocr_par' dir='ltr' id='par_1_96' title="bbox 2405 3648 3806 3722">
     <span class='ocr_line' id='line_1_96' title="bbox 2405 3648 3806 3722; baseline -0.008 -14"><span class='ocrx_word' id='word_1_642' title='bbox 2405 3652 2645 3722; x_wconf 55' lang='lat' dir='ltr'><strong>emergit.</strong></span> <span class='ocrx_word' id='word_1_643' title='bbox 2681 3648 3114 3722; x_wconf 17' lang='lat' dir='ltr'><strong>Il._70rig.enistas</strong></span> <span class='ocrx_word' id='word_1_644' title='bbox 3147 3659 3296 3722; x_wconf 81' lang='lat' dir='ltr'><strong>apud</strong></span> <span class='ocrx_word' id='word_1_645' title='bbox 3337 3648 3658 3711; x_wconf 53' lang='lat' dir='ltr'><strong>Iustinianum</strong></span> <span class='ocrx_word' id='word_1_646' title='bbox 3696 3667 3806 3722; x_wconf 54' lang='lat' dir='ltr'><strong>accu-</strong></span> 
     </span>
    </p>
   </div>
   <div class='ocr_carea' id='block_1_97' title="bbox 2406 3717 3806 3792">
    <p class='ocr_par' dir='ltr' id='par_1_97' title="bbox 2406 3717 3806 3792">
     <span class='ocr_line' id='line_1_97' title="bbox 2406 3717 3806 3792; baseline 0.001 -20"><span class='ocrx_word' id='word_1_647' title='bbox 2406 3727 2488 3772; x_wconf 84' lang='lat' dir='ltr'><strong>sat</strong></span> <span class='ocrx_word' id='word_1_648' title='bbox 2522 3717 2712 3792; x_wconf 87' lang='lat' dir='ltr'><strong>Snb_as.</strong></span> <span class='ocrx_word' id='word_1_649' title='bbox 2739 3720 2822 3776; x_wconf 93' lang='lat' dir='ltr'><strong>III.</strong></span> <span class='ocrx_word' id='word_1_650' title='bbox 2851 3717 3232 3792; x_wconf 74' lang='lat' dir='ltr'><strong>Origenismttm</strong></span> <span class='ocrx_word' id='word_1_651' title='bbox 3248 3729 3442 3792; x_wconf 86' lang='lat' dir='ltr'><strong>passim</strong></span> <span class='ocrx_word' id='word_1_652' title='bbox 3468 3735 3680 3792; x_wconf 82' lang='lat' dir='ltr'><strong>spargunt</strong></span> <span class='ocrx_word' id='word_1_653' title='bbox 3706 3718 3806 3792; x_wconf 68' lang='lat' dir='ltr'><strong>Natt-</strong></span> 
     </span>
    </p>
   </div>
   <div class='ocr_carea' id='block_1_98' title="bbox 2408 3788 3804 3862">
    <p class='ocr_par' dir='ltr' id='par_1_98' title="bbox 2408 3788 3804 3862">
     <span class='ocr_line' id='line_1_98' title="bbox 2408 3788 3804 3862; baseline -0.002 -20"><span class='ocrx_word' id='word_1_654' title='bbox 2408 3805 2506 3862; x_wconf 75' lang='lat' dir='ltr'><strong>nus</strong></span> <span class='ocrx_word' id='word_1_655' title='bbox 2525 3800 2574 3862; x_wconf 80' lang='lat' dir='ltr'><strong>et</strong></span> <span class='ocrx_word' id='word_1_656' title='bbox 2606 3788 2893 3862; x_wconf 47' lang='lat' dir='ltr'><strong>licentius;</strong></span> <span class='ocrx_word' id='word_1_657' title='bbox 2925 3791 3009 3846; x_wconf 82' lang='lat' dir='ltr'><strong>IV.</strong></span> <span class='ocrx_word' id='word_1_658' title='bbox 3047 3801 3099 3846; x_wconf 86' lang='lat' dir='ltr'><strong>et</strong></span> <span class='ocrx_word' id='word_1_659' title='bbox 3130 3788 3399 3862; x_wconf 80' lang='lat' dir='ltr'><strong>aliquanto</strong></span> <span class='ocrx_word' id='word_1_660' title='bbox 3440 3788 3541 3862; x_wconf 79' lang='lat' dir='ltr'><strong>post</strong></span> <span class='ocrx_word' id='word_1_661' title='bbox 3567 3788 3709 3847; x_wconf 78' lang='grc' dir='ltr'><strong>Νοηηὶ</strong></span> <span class='ocrx_word' id='word_1_662' title='bbox 3730 3790 3804 3841; x_wconf 81' lang='lat' dir='ltr'><strong>dis-</strong></span> 
     </span>
    </p>
   </div>
   <div class='ocr_carea' id='block_1_99' title="bbox 2409 3859 3804 3933">
    <p class='ocr_par' dir='ltr' id='par_1_99' title="bbox 2409 3859 3804 3933">
     <span class='ocr_line' id='line_1_99' title="bbox 2409 3859 3804 3933; baseline -0.001 -23"><span class='ocrx_word' id='word_1_663' title='bbox 2409 3859 2607 3933; x_wconf 74' lang='lat' dir='ltr'><strong>cipu_li__</strong></span> <span class='ocrx_word' id='word_1_664' title='bbox 2630 3860 2930 3933; x_wconf 73' lang='lat' dir='ltr'><strong>Theodorus</strong></span> <span class='ocrx_word' id='word_1_665' title='bbox 2967 3872 3015 3914; x_wconf 87' lang='lat' dir='ltr'><strong>et</strong></span> <span class='ocrx_word' id='word_1_666' title='bbox 3045 3859 3374 3933; x_wconf 76' lang='lat' dir='ltr'><strong>Domitianus</strong></span> <span class='ocrx_word' id='word_1_667' title='bbox 3393 3859 3662 3933; x_wconf 72' lang='lat' dir='ltr'><strong>Origenismi</strong></span> <span class='ocrx_word' id='word_1_668' title='bbox 3687 3876 3804 3933; x_wconf 73' lang='lat' dir='ltr'><strong>musa</strong></span> 
     </span>
    </p>
   </div>
   <div class='ocr_carea' id='block_1_100' title="bbox 2409 3930 3802 3999">
    <p class='ocr_par' dir='ltr' id='par_1_100' title="bbox 2409 3930 3802 3999">
     <span class='ocr_line' id='line_1_100' title="bbox 2409 3930 3802 3999; baseline -0.003 -18"><span class='ocrx_word' id='word_1_669' title='bbox 2409 3930 2643 3999; x_wconf 71' lang='lat' dir='ltr'><strong>crudelia</strong></span> <span class='ocrx_word' id='word_1_670' title='bbox 2658 3931 2823 3982; x_wconf 88' lang='lat' dir='ltr'><strong>multa</strong></span> <span class='ocrx_word' id='word_1_671' title='bbox 2841 3942 3162 3999; x_wconf 85' lang='lat' dir='ltr'><strong>perpetrant.</strong></span> <span class='ocrx_word' id='word_1_672' title='bbox 3187 3932 3245 3986; x_wconf 89' lang='lat' dir='ltr'><strong>V.</strong></span> <span class='ocrx_word' id='word_1_673' title='bbox 3269 3930 3547 3988; x_wconf 76' lang='lat' dir='ltr'><strong>Sarabaita’</strong></span> <span class='ocrx_word' id='word_1_674' title='bbox 3563 3935 3668 3988; x_wconf 77' lang='lat' dir='ltr'><strong>unde</strong></span> <span class='ocrx_word' id='word_1_675' title='bbox 3688 3931 3802 3984; x_wconf 85' lang='lat' dir='ltr'><strong>dicti.</strong></span> 
     </span>
    </p>
   </div>
   <div class='ocr_carea' id='block_1_101' title="bbox 2413 3995 3806 4072">
    <p class='ocr_par' dir='ltr' id='par_1_101' title="bbox 2413 3995 3806 4072">
     <span class='ocr_line' id='line_1_101' title="bbox 2413 3995 3806 4072; baseline -0.003 -20"><span class='ocrx_word' id='word_1_676' title='bbox 2413 3995 2941 4072; x_wconf 66' lang='lat' dir='ltr'><strong>Yl._0rigenistarum</strong></span> <span class='ocrx_word' id='word_1_677' title='bbox 2979 4012 3123 4069; x_wconf 86' lang='lat' dir='ltr'><strong>gesta</strong></span> <span class='ocrx_word' id='word_1_678' title='bbox 3163 4005 3460 4072; x_wconf 81' lang='lat' dir='ltr'><strong>imperatori</strong></span> <span class='ocrx_word' id='word_1_679' title='bbox 3498 4004 3806 4072; x_wconf 80' lang='lat' dir='ltr'><strong>renuntiaturus</strong></span> 
     </span>
    </p>
   </div>
   <div class='ocr_carea' id='block_1_102' title="bbox 2411 4068 3806 4145">
    <p class='ocr_par' dir='ltr' id='par_1_102' title="bbox 2411 4068 3806 4145">
     <span class='ocr_line' id='line_1_102' title="bbox 2411 4068 3806 4145; baseline -0.002 -24"><span class='ocrx_word' id='word_1_680' title='bbox 2411 4068 2653 4145; x_wconf 67' lang='lat' dir='ltr'><strong>Gelasius</strong></span> <span class='ocrx_word' id='word_1_681' title='bbox 2681 4069 2872 4145; x_wconf 73' lang='lat' dir='ltr'><strong>L_aur_a:</strong></span> <span class='ocrx_word' id='word_1_682' title='bbox 2897 4068 3196 4145; x_wconf 74' lang='lat' dir='ltr'><strong>prtefectus,</strong></span> <span class='ocrx_word' id='word_1_683' title='bbox 3237 4068 3312 4128; x_wconf 74' lang='lat' dir='ltr'><strong>ab</strong></span> <span class='ocrx_word' id='word_1_684' title='bbox 3345 4075 3454 4145; x_wconf 86' lang='lat' dir='ltr'><strong>ejus</strong></span> <span class='ocrx_word' id='word_1_685' title='bbox 3477 4075 3638 4145; x_wconf 60' lang='lat' dir='ltr'><strong>auditu</strong></span> <span class='ocrx_word' id='word_1_686' title='bbox 3666 4068 3806 4145; x_wconf 68' lang='lat' dir='ltr'><strong>esciu-</strong></span> 
     </span>
    </p>
   </div>
   <div class='ocr_carea' id='block_1_103' title="bbox 2408 4139 3805 4210">
    <p class='ocr_par' dir='ltr' id='par_1_103' title="bbox 2408 4139 3805 4210">
     <span class='ocr_line' id='line_1_103' title="bbox 2408 4139 3805 4210; baseline 0 -19"><span class='ocrx_word' id='word_1_687' title='bbox 2408 4141 2583 4210; x_wconf 68' lang='lat' dir='ltr'><strong>ditur;</strong></span> <span class='ocrx_word' id='word_1_688' title='bbox 2634 4141 2754 4193; x_wconf 82' lang='lat' dir='ltr'><strong>huic</strong></span> <span class='ocrx_word' id='word_1_689' title='bbox 2806 4142 2865 4210; x_wconf 73' lang='lat' dir='ltr'><strong>in</strong></span> <span class='ocrx_word' id='word_1_690' title='bbox 2907 4139 3079 4194; x_wconf 81' lang='lat' dir='ltr'><strong>reditu</strong></span> <span class='ocrx_word' id='word_1_691' title='bbox 3106 4139 3579 4210; x_wconf 55' lang='lat' dir='ltr'><strong>defuncto&#39;succedit</strong></span> <span class='ocrx_word' id='word_1_692' title='bbox 3607 4139 3805 4210; x_wconf 68' lang='lat' dir='ltr'><strong>Georgius</strong></span> 
     </span>
    </p>
   </div>
   <div class='ocr_carea' id='block_1_104' title="bbox 2410 4208 3803 4279">
    <p class='ocr_par' dir='ltr' id='par_1_104' title="bbox 2410 4208 3803 4279">
     <span class='ocr_line' id='line_1_104' title="bbox 2410 4208 3803 4279; baseline -0.014 0"><span class='ocrx_word' id='word_1_693' title='bbox 2410 4208 2708 4277; x_wconf 72' lang='grc' dir='ltr'><strong>ονεαεηίεια</strong></span> <span class='ocrx_word' id='word_1_694' title='bbox 2735 4227 2752 4273; x_wconf 85' lang='grc'><em>;</em></span> <span class='ocrx_word' id='word_1_695' title='bbox 2787 4209 3012 4279; x_wconf 73' lang='lat' dir='ltr'><strong>Georgio</strong></span> <span class='ocrx_word' id='word_1_696' title='bbox 3037 4208 3344 4276; x_wconf 82' lang='lat' dir='ltr'><strong>Cassianus,</strong></span> <span class='ocrx_word' id='word_1_697' title='bbox 3373 4216 3599 4270; x_wconf 85' lang='lat' dir='ltr'><strong>Cassiano</strong></span> <span class='ocrx_word' id='word_1_698' title='bbox 3631 4209 3803 4279; x_wconf 68' lang='lat' dir='ltr'><strong>(Zenon,</strong></span> 
     </span>
    </p>
   </div>
   <div class='ocr_carea' id='block_1_105' title="bbox 2409 4276 3804 4353">
    <p class='ocr_par' dir='ltr' id='par_1_105' title="bbox 2409 4276 3804 4353">
     <span class='ocr_line' id='line_1_105' title="bbox 2409 4276 3804 4353; baseline 0.001 -23"><span class='ocrx_word' id='word_1_699' title='bbox 2409 4276 2730 4353; x_wconf 61' lang='lat' dir='ltr'><strong>orthodoxi&quot;</strong></span> <span class='ocrx_word' id='word_1_700' title='bbox 2766 4276 3081 4353; x_wconf 69' lang='lat' dir='ltr'><strong>orthodoxa.</strong></span> <span class='ocrx_word' id='word_1_701' title='bbox 3128 4285 3446 4339; x_wconf 79' lang='lat' dir='ltr'><strong>Antiocltena</strong></span> <span class='ocrx_word' id='word_1_702' title='bbox 3489 4276 3804 4353; x_wconf 81' lang='lat' dir='ltr'><strong>synodus.</strong></span> 
     </span>
    </p>
   </div>
   <div class='ocr_carea' id='block_1_106' title="bbox 2410 4346 3803 4423">
    <p class='ocr_par' dir='ltr' id='par_1_106' title="bbox 2410 4346 3803 4423">
     <span class='ocr_line' id='line_1_106' title="bbox 2410 4346 3803 4423; baseline -0.001 -21"><span class='ocrx_word' id='word_1_703' title='bbox 2410 4348 2704 4423; x_wconf 55' lang='lat' dir='ltr'><strong>Epistulam</strong></span> <span class='ocrx_word' id='word_1_704' title='bbox 2733 4351 2798 4402; x_wconf 88' lang='lat' dir='ltr'><strong>ad</strong></span> <span class='ocrx_word' id='word_1_705' title='bbox 2837 4351 3060 4423; x_wconf 17' lang='lat' dir='ltr'><strong>ihlenam</strong></span> <span class='ocrx_word' id='word_1_706' title='bbox 3114 4356 3362 4408; x_wconf 82' lang='lat' dir='ltr'><strong>adversus</strong></span> <span class='ocrx_word' id='word_1_707' title='bbox 3397 4346 3639 4423; x_wconf 52' lang='lat' dir='ltr'><strong>Orig&#39;enem</strong></span> <span class='ocrx_word' id='word_1_708' title='bbox 3674 4346 3803 4402; x_wconf 76' lang='lat' dir='ltr'><strong>scribit</strong></span> 
     </span>
    </p>
   </div>
   <div class='ocr_carea' id='block_1_107' title="bbox 2408 4418 3805 4493">
    <p class='ocr_par' dir='ltr' id='par_1_107' title="bbox 2408 4418 3805 4493">
     <span class='ocr_line' id='line_1_107' title="bbox 2408 4418 3805 4493; baseline -0.002 -21"><span class='ocrx_word' id='word_1_709' title='bbox 2408 4418 2756 4493; x_wconf 65' lang='lat' dir='ltr'><strong>Justinianus</strong></span> <span class='ocrx_word' id='word_1_710' title='bbox 2784 4436 2804 4474; x_wconf 88' lang='lat'><strong><em>:</em></strong></span> <span class='ocrx_word' id='word_1_711' title='bbox 2828 4421 2966 4493; x_wconf 55' lang='lat' dir='ltr'><strong>Sili.</strong></span> <span class='ocrx_word' id='word_1_712' title='bbox 3023 4423 3174 4491; x_wconf 87' lang='lat' dir='ltr'><strong>cujus</strong></span> <span class='ocrx_word' id='word_1_713' title='bbox 3217 4427 3442 4493; x_wconf 74' lang='lat' dir='ltr'><strong>epistola:</strong></span> <span class='ocrx_word' id='word_1_714' title='bbox 3469 4418 3643 4478; x_wconf 71' lang='lat' dir='ltr'><strong>summa</strong></span> <span class='ocrx_word' id='word_1_715' title='bbox 3666 4430 3805 4493; x_wconf 63' lang='lat' dir='ltr'><strong>nigra-</strong></span> 
     </span>
    </p>
   </div>
   <div class='ocr_carea' id='block_1_108' title="bbox 2408 4484 3803 4559">
    <p class='ocr_par' dir='ltr' id='par_1_108' title="bbox 2408 4484 3803 4559">
     <span class='ocr_line' id='line_1_108' title="bbox 2408 4484 3803 4559; baseline -0.006 -18"><span class='ocrx_word' id='word_1_716' title='bbox 2408 4501 2666 4559; x_wconf 78' lang='lat' dir='ltr'><strong>sentatur.</strong></span> <span class='ocrx_word' id='word_1_717' title='bbox 2696 4490 2783 4544; x_wconf 80' lang='lat' dir='ltr'><strong>IX.</strong></span> <span class='ocrx_word' id='word_1_718' title='bbox 2826 4484 3149 4559; x_wconf 74' lang='lat' dir='ltr'><strong>TlteOpItanis</strong></span> <span class='ocrx_word' id='word_1_719' title='bbox 3187 4484 3458 4548; x_wconf 69' lang='lat' dir='ltr'><strong>somniant.</strong></span> <span class='ocrx_word' id='word_1_720' title='bbox 3491 4493 3690 4546; x_wconf 79' lang='lat' dir='ltr'><strong>Joannes</strong></span> <span class='ocrx_word' id='word_1_721' title='bbox 3714 4484 3803 4536; x_wconf 84' lang='lat' dir='ltr'><strong>Plu-</strong></span> 
     </span>
    </p>
   </div>
   <div class='ocr_carea' id='block_1_109' title="bbox 2409 4557 3802 4631">
    <p class='ocr_par' dir='ltr' id='par_1_109' title="bbox 2409 4557 3802 4631">
     <span class='ocr_line' id='line_1_109' title="bbox 2409 4557 3802 4631; baseline 0.001 -19"><span class='ocrx_word' id='word_1_722' title='bbox 2409 4557 2628 4631; x_wconf 76' lang='lat' dir='ltr'><strong>loponus</strong></span> <span class='ocrx_word' id='word_1_723' title='bbox 2672 4557 2978 4629; x_wconf 65' lang='lat' dir='ltr'><strong>origenizat.</strong></span> <span class='ocrx_word' id='word_1_724' title='bbox 3009 4561 3074 4615; x_wconf 81' lang='grc' dir='ltr'><strong>Χ.</strong></span> <span class='ocrx_word' id='word_1_725' title='bbox 3119 4562 3299 4617; x_wconf 80' lang='lat' dir='ltr'><strong>Trium</strong></span> <span class='ocrx_word' id='word_1_726' title='bbox 3337 4565 3660 4631; x_wconf 54' lang='lat' dir='ltr'><strong>capitulorum</strong></span> <span class='ocrx_word' id='word_1_727' title='bbox 3684 4569 3802 4631; x_wconf 61' lang='lat' dir='ltr'><strong>cal“</strong></span> 
     </span>
    </p>
   </div>
   <div class='ocr_carea' id='block_1_110' title="bbox 2412 4628 3802 4701">
    <p class='ocr_par' dir='ltr' id='par_1_110' title="bbox 2412 4628 3802 4701">
     <span class='ocr_line' id='line_1_110' title="bbox 2412 4628 3802 4701; baseline -0.006 -19"><span class='ocrx_word' id='word_1_728' title='bbox 2412 4628 2856 4701; x_wconf 74' lang='lat' dir='ltr'><strong>aliquanto_post</strong></span> <span class='ocrx_word' id='word_1_729' title='bbox 2910 4632 3150 4685; x_wconf 78' lang='lat' dir='ltr'><strong>ventilari</strong></span> <span class='ocrx_word' id='word_1_730' title='bbox 3204 4646 3364 4701; x_wconf 72' lang='lat' dir='ltr'><strong>erepta</strong></span> <span class='ocrx_word' id='word_1_731' title='bbox 3398 4628 3486 4686; x_wconf 83' lang='lat' dir='ltr'><strong>est.</strong></span> <span class='ocrx_word' id='word_1_732' title='bbox 3516 4630 3592 4685; x_wconf 74' lang='lat' dir='ltr'><strong>XI.</strong></span> <span class='ocrx_word' id='word_1_733' title='bbox 3623 4628 3802 4701; x_wconf 78' lang='lat' dir='ltr'><strong>Edicter</strong></span> 
     </span>
    </p>
   </div>
   <div class='ocr_carea' id='block_1_111' title="bbox 2413 4695 3804 4772">
    <p class='ocr_par' dir='ltr' id='par_1_111' title="bbox 2413 4695 3804 4772">
     <span class='ocr_line' id='line_1_111' title="bbox 2413 4695 3804 4772; baseline -0.001 -20"><span class='ocrx_word' id='word_1_734' title='bbox 2413 4695 2660 4752; x_wconf 82' lang='lat' dir='ltr'><strong>adversus</strong></span> <span class='ocrx_word' id='word_1_735' title='bbox 2691 4695 2816 4752; x_wconf 72' lang='lat' dir='ltr'><strong>Tria</strong></span> <span class='ocrx_word' id='word_1_736' title='bbox 2839 4702 3085 4767; x_wconf 78' lang='lat' dir='ltr'><strong>Capitula</strong></span> <span class='ocrx_word' id='word_1_737' title='bbox 3111 4695 3405 4772; x_wconf 80' lang='lat' dir='ltr'><strong>promulgat</strong></span> <span class='ocrx_word' id='word_1_738' title='bbox 3438 4695 3804 4772; x_wconf 37' lang='lat' dir='ltr'><strong>imperataque“</strong></span> 
     </span>
    </p>
   </div>
   <div class='ocr_carea' id='block_1_112' title="bbox 2413 4765 3802 4840">
    <p class='ocr_par' dir='ltr' id='par_1_112' title="bbox 2413 4765 3802 4840">
     <span class='ocr_line' id='line_1_112' title="bbox 2413 4765 3802 4840; baseline 0.003 -16"><span class='ocrx_word' id='word_1_739' title='bbox 2413 4771 2699 4824; x_wconf 77' lang='lat' dir='ltr'><strong>schismata</strong></span> <span class='ocrx_word' id='word_1_740' title='bbox 2729 4775 2896 4823; x_wconf 85' lang='lat' dir='ltr'><strong>multa</strong></span> <span class='ocrx_word' id='word_1_741' title='bbox 2918 4765 3196 4826; x_wconf 77' lang='lat' dir='ltr'><strong>oriuntur.</strong></span> <span class='ocrx_word' id='word_1_742' title='bbox 3240 4765 3350 4828; x_wconf 56' lang='lat' dir='ltr'><strong>XII&#39;.</strong></span> <span class='ocrx_word' id='word_1_743' title='bbox 3385 4765 3802 4840; x_wconf 61' lang='lat' dir='ltr'><strong>Re/iorescitoflll&quot;</strong></span> 
     </span>
    </p>
   </div>
   <div class='ocr_carea' id='block_1_113' title="bbox 2416 4836 3800 4913">
    <p class='ocr_par' dir='ltr' id='par_1_113' title="bbox 2416 4836 3800 4913">
     <span class='ocr_line' id='line_1_113' title="bbox 2416 4836 3800 4913; baseline -0.007 -23"><span class='ocrx_word' id='word_1_744' title='bbox 2416 4842 2610 4913; x_wconf 62' lang='lat' dir='ltr'><strong>insutus</strong></span> <span class='ocrx_word' id='word_1_745' title='bbox 2650 4843 2709 4913; x_wconf 80' lang='lat' dir='ltr'><strong>in</strong></span> <span class='ocrx_word' id='word_1_746' title='bbox 2741 4840 3050 4913; x_wconf 69' lang='lat' dir='ltr'><strong>Palwstina.</strong></span> <span class='ocrx_word' id='word_1_747' title='bbox 3097 4843 3340 4913; x_wconf 84' lang='lat' dir='ltr'><strong>Synodus</strong></span> <span class='ocrx_word' id='word_1_748' title='bbox 3377 4836 3542 4913; x_wconf 75' lang='lat' dir='ltr'><strong>quinta</strong></span> <span class='ocrx_word' id='word_1_749' title='bbox 3565 4836 3800 4913; x_wconf 69' lang='lat' dir='ltr'><strong>celebratur;</strong></span> 
     </span>
    </p>
   </div>
   <div class='ocr_carea' id='block_1_114' title="bbox 2415 4907 3800 4979">
    <p class='ocr_par' dir='ltr' id='par_1_114' title="bbox 2415 4907 3800 4979">
     <span class='ocr_line' id='line_1_114' title="bbox 2415 4907 3800 4979; baseline -0.007 -15"><span class='ocrx_word' id='word_1_750' title='bbox 2415 4909 2550 4964; x_wconf 78' lang='lat' dir='ltr'><strong>XIII.</strong></span> <span class='ocrx_word' id='word_1_751' title='bbox 2588 4920 2638 4979; x_wconf 61' lang='lat' dir='ltr'><strong>et</strong></span> <span class='ocrx_word' id='word_1_752' title='bbox 2678 4911 2894 4964; x_wconf 87' lang='lat' dir='ltr'><strong>damnat</strong></span> <span class='ocrx_word' id='word_1_753' title='bbox 2933 4910 3054 4964; x_wconf 82' lang='lat' dir='ltr'><strong>Tria</strong></span> <span class='ocrx_word' id='word_1_754' title='bbox 3087 4907 3348 4979; x_wconf 77' lang='lat' dir='ltr'><strong>Capitula.</strong></span> <span class='ocrx_word' id='word_1_755' title='bbox 3385 4907 3512 4964; x_wconf 85' lang='lat' dir='ltr'><strong>Hinc</strong></span> <span class='ocrx_word' id='word_1_756' title='bbox 3535 4907 3710 4976; x_wconf 84' lang='lat' dir='ltr'><strong>magnis</strong></span> <span class='ocrx_word' id='word_1_757' title='bbox 3729 4913 3800 4979; x_wconf 63' lang='lat' dir='ltr'><strong>utt-</strong></span> 
     </span>
    </p>
   </div>
   <div class='ocr_carea' id='block_1_115' title="bbox 2413 4977 3798 5041">
    <p class='ocr_par' dir='ltr' id='par_1_115' title="bbox 2413 4977 3798 5041">
     <span class='ocr_line' id='line_1_115' title="bbox 2413 4977 3798 5041; baseline -0.012 -8"><span class='ocrx_word' id='word_1_758' title='bbox 2413 4982 2550 5034; x_wconf 88' lang='lat' dir='ltr'><strong>tibus</strong></span> <span class='ocrx_word' id='word_1_759' title='bbox 2578 4977 2811 5032; x_wconf 83' lang='lat' dir='ltr'><strong>Ecclesia</strong></span> <span class='ocrx_word' id='word_1_760' title='bbox 2845 4977 3206 5035; x_wconf 78' lang='lat' dir='ltr'><strong>conturbatur.</strong></span> <span class='ocrx_word' id='word_1_761' title='bbox 3237 4982 3368 5037; x_wconf 69' lang='lat' dir='ltr'><strong>XIV.</strong></span> <span class='ocrx_word' id='word_1_762' title='bbox 3396 4980 3567 5034; x_wconf 87' lang='lat' dir='ltr'><strong>Utrum</strong></span> <span class='ocrx_word' id='word_1_763' title='bbox 3598 4980 3641 5028; x_wconf 81' lang='lat' dir='ltr'><strong>in</strong></span> <span class='ocrx_word' id='word_1_764' title='bbox 3670 4977 3798 5041; x_wconf 76' lang='lat' dir='ltr'><strong>quinta</strong></span> 
     </span>
    </p>
   </div>
   <div class='ocr_carea' id='block_1_116' title="bbox 2414 5036 3800 5120">
    <p class='ocr_par' dir='ltr' id='par_1_116' title="bbox 2414 5036 3800 5120">
     <span class='ocr_line' id='line_1_116' title="bbox 2414 5036 3800 5120; baseline -0.006 -18"><span class='ocrx_word' id='word_1_765' title='bbox 2414 5053 2613 5120; x_wconf 83' lang='lat' dir='ltr'><strong>synodo</strong></span> <span class='ocrx_word' id='word_1_766' title='bbox 2648 5053 2710 5102; x_wconf 88' lang='lat' dir='ltr'><strong>de</strong></span> <span class='ocrx_word' id='word_1_767' title='bbox 2738 5049 2958 5120; x_wconf 79' lang='lat' dir='ltr'><strong>Origene</strong></span> <span class='ocrx_word' id='word_1_768' title='bbox 2991 5062 3162 5104; x_wconf 87' lang='lat' dir='ltr'><strong>actum</strong></span> <span class='ocrx_word' id='word_1_769' title='bbox 3192 5036 3419 5106; x_wconf 69' lang='lat' dir='ltr'><strong>sit.XV.</strong></span> <span class='ocrx_word' id='word_1_770' title='bbox 3454 5049 3580 5120; x_wconf 77' lang='lat' dir='ltr'><strong>Quid</strong></span> <span class='ocrx_word' id='word_1_771' title='bbox 3605 5036 3800 5120; x_wconf 41' lang='lat' dir='ltr'><strong>incauti.-</strong></span> 
     </span>
    </p>
   </div>
   <div class='ocr_carea' id='block_1_117' title="bbox 2414 5107 3795 5188">
    <p class='ocr_par' dir='ltr' id='par_1_117' title="bbox 2414 5107 3795 5188">
     <span class='ocr_line' id='line_1_117' title="bbox 2414 5107 3795 5188; baseline -0.009 -14"><span class='ocrx_word' id='word_1_772' title='bbox 2414 5107 2589 5174; x_wconf 49' lang='lat' dir='ltr'><strong>ubrsus</strong></span> <span class='ocrx_word' id='word_1_773' title='bbox 2615 5107 2892 5187; x_wconf 46' lang='lat' dir='ltr'><strong>Origene&#39;in</strong></span> <span class='ocrx_word' id='word_1_774' title='bbox 2920 5123 3256 5176; x_wconf 80' lang='lat' dir='ltr'><strong>constitutum</strong></span> <span class='ocrx_word' id='word_1_775' title='bbox 3287 5125 3373 5186; x_wconf 83' lang='lat' dir='ltr'><strong>sit,</strong></span> <span class='ocrx_word' id='word_1_776' title='bbox 3411 5107 3795 5188; x_wconf 47' lang='lat' dir='ltr'><strong>seponitur.</strong></span> 
     </span>
    </p>
   </div>
   <div class='ocr_carea' id='block_1_118' title="bbox 2415 5175 3795 5259">
    <p class='ocr_par' dir='ltr' id='par_1_118' title="bbox 2415 5175 3795 5259">
     <span class='ocr_line' id='line_1_118' title="bbox 2415 5175 3795 5259; baseline -0.007 -16"><span class='ocrx_word' id='word_1_777' title='bbox 2415 5189 2645 5243; x_wconf 83' lang='lat' dir='ltr'><strong>Novain</strong></span> <span class='ocrx_word' id='word_1_778' title='bbox 2670 5175 3058 5258; x_wconf 56' lang='lat' dir='ltr'><strong>Origenismaut</strong></span> <span class='ocrx_word' id='word_1_779' title='bbox 3097 5191 3239 5259; x_wconf 81' lang='lat' dir='ltr'><strong>facta</strong></span> <span class='ocrx_word' id='word_1_780' title='bbox 3267 5175 3373 5245; x_wconf 77' lang='lat' dir='ltr'><strong>odii</strong></span> <span class='ocrx_word' id='word_1_781' title='bbox 3415 5175 3649 5259; x_wconf 63' lang='lat' dir='ltr'><strong>aceessio;</strong></span> <span class='ocrx_word' id='word_1_782' title='bbox 3686 5175 3795 5259; x_wconf 51' lang='lat' dir='ltr'><strong>XVII.</strong></span> 
     </span>
    </p>
   </div>
   <div class='ocr_carea' id='block_1_119' title="bbox 2413 5247 3798 5330">
    <p class='ocr_par' dir='ltr' id='par_1_119' title="bbox 2413 5247 3798 5330">
     <span class='ocr_line' id='line_1_119' title="bbox 2413 5247 3798 5330; baseline -0.023 0"><span class='ocrx_word' id='word_1_783' title='bbox 2413 5247 2934 5330; x_wconf 41' lang='lat' dir='ltr'><strong>quwPde&#39;Bibus</strong></span> <span class='ocrx_word' id='word_1_784' title='bbox 2963 5247 3182 5314; x_wconf 73' lang='lat' dir='ltr'><strong>subinde</strong></span> <span class='ocrx_word' id='word_1_785' title='bbox 3221 5265 3367 5316; x_wconf 87' lang='lat' dir='ltr'><strong>anuis</strong></span> <span class='ocrx_word' id='word_1_786' title='bbox 3410 5257 3640 5330; x_wconf 74' lang='lat' dir='ltr'><strong>paulatim</strong></span> <span class='ocrx_word' id='word_1_787' title='bbox 3665 5247 3798 5330; x_wconf 58' lang='lat' dir='ltr'><strong>obsblf-</strong></span> 
     </span>
    </p>
   </div>
   <div class='ocr_carea' id='block_1_120' title="bbox 2411 5315 3796 5402">
    <p class='ocr_par' dir='ltr' id='par_1_120' title="bbox 2411 5315 3796 5402">
     <span class='ocr_line' id='line_1_120' title="bbox 2411 5315 3796 5402; baseline -0.009 -17"><span class='ocrx_word' id='word_1_788' title='bbox 2411 5315 2501 5386; x_wconf 67' lang='lat' dir='ltr'><strong>bu.</strong></span> <span class='ocrx_word' id='word_1_789' title='bbox 2525 5315 2768 5398; x_wconf 51' lang='lat' dir='ltr'><strong>l&#39;nfensos</strong></span> <span class='ocrx_word' id='word_1_790' title='bbox 2804 5329 2900 5383; x_wconf 85' lang='lat' dir='ltr'><strong>sibi</strong></span> <span class='ocrx_word' id='word_1_791' title='bbox 2932 5342 3102 5402; x_wconf 73' lang='lat' dir='ltr'><strong>tamen</strong></span> <span class='ocrx_word' id='word_1_792' title='bbox 3123 5315 3419 5402; x_wconf 43' lang='lat' dir='ltr'><strong>nonnullos.</strong></span> <span class='ocrx_word' id='word_1_793' title='bbox 3447 5326 3689 5402; x_wconf 70' lang='lat' dir='ltr'><strong>identidem</strong></span> <span class='ocrx_word' id='word_1_794' title='bbox 3712 5315 3796 5402; x_wconf 61' lang='lat' dir='ltr'><strong>Oti:</strong></span> 
     </span>
    </p>
   </div>
   <div class='ocr_carea' id='block_1_121' title="bbox 2446 5395 3796 5464">
    <p class='ocr_par' dir='ltr' id='par_1_121' title="bbox 2446 5395 3796 5464">
     <span class='ocr_line' id='line_1_121' title="bbox 2446 5395 3796 5464; baseline -0.009 -12"><span class='ocrx_word' id='word_1_795' title='bbox 2446 5416 2563 5452; x_wconf 80' lang='lat' dir='ltr'><strong>cnes</strong></span> <span class='ocrx_word' id='word_1_796' title='bbox 2594 5395 2776 5452; x_wconf 81' lang='lat' dir='ltr'><strong>nactus</strong></span> <span class='ocrx_word' id='word_1_797' title='bbox 2803 5411 2876 5452; x_wconf 89' lang='lat' dir='ltr'><strong>est</strong></span> <span class='ocrx_word' id='word_1_798' title='bbox 2907 5416 2924 5464; x_wconf 91' lang='lat'><em>;</em></span> <span class='ocrx_word' id='word_1_799' title='bbox 2973 5400 3156 5455; x_wconf 76' lang='lat' dir='ltr'><strong>XVIII.</strong></span> <span class='ocrx_word' id='word_1_800' title='bbox 3209 5401 3464 5456; x_wconf 72' lang='lat' dir='ltr'><strong>erculos</strong></span> <span class='ocrx_word' id='word_1_801' title='bbox 3506 5395 3796 5464; x_wconf 53' lang='lat' dir='ltr'><strong>pracipes-&#39;0</strong></span> 
     </span>
    </p>
   </div>
   <div class='ocr_carea' id='block_1_122' title="bbox 2457 5458 3794 5539">
    <p class='ocr_par' dir='ltr' id='par_1_122' title="bbox 2457 5458 3794 5539">
     <span class='ocr_line' id='line_1_122' title="bbox 2457 5458 3794 5539; baseline 0 -17"><span class='ocrx_word' id='word_1_802' title='bbox 2457 5471 2615 5522; x_wconf 85' lang='lat' dir='ltr'><strong>atinis</strong></span> <span class='ocrx_word' id='word_1_803' title='bbox 2640 5485 2758 5522; x_wconf 79' lang='lat' dir='ltr'><strong>vero</strong></span> <span class='ocrx_word' id='word_1_804' title='bbox 2788 5458 3056 5539; x_wconf 70' lang='lat' dir='ltr'><strong>benignius</strong></span> <span class='ocrx_word' id='word_1_805' title='bbox 3091 5483 3326 5539; x_wconf 68' lang='lat' dir='ltr'><strong>exceptus</strong></span> <span class='ocrx_word' id='word_1_806' title='bbox 3356 5481 3446 5524; x_wconf 82' lang='lat' dir='ltr'><strong>est.</strong></span> <span class='ocrx_word' id='word_1_807' title='bbox 3495 5458 3615 5539; x_wconf 57' lang='lat' dir='ltr'><strong>XIX.</strong></span> <span class='ocrx_word' id='word_1_808' title='bbox 3643 5458 3794 5539; x_wconf 34' lang='lat' dir='ltr'><strong>0n”?</strong></span> 
     </span>
    </p>
   </div>
   <div class='ocr_carea' id='block_1_123' title="bbox 2411 5527 3794 5610">
    <p class='ocr_par' dir='ltr' id='par_1_123' title="bbox 2411 5527 3794 5610">
     <span class='ocr_line' id='line_1_123' title="bbox 2411 5527 3794 5610; baseline -0.007 -20"><span class='ocrx_word' id='word_1_809' title='bbox 2411 5539 2790 5610; x_wconf 61' lang='lat' dir='ltr'><strong>luntjdiuinitus</strong></span> <span class='ocrx_word' id='word_1_810' title='bbox 2828 5527 3023 5594; x_wconf 60' lang='lat' dir='ltr'><strong>editum</strong></span> <span class='ocrx_word' id='word_1_811' title='bbox 3056 5539 3115 5595; x_wconf 87' lang='lat' dir='ltr'><strong>S.</strong></span> <span class='ocrx_word' id='word_1_812' title='bbox 3147 5527 3407 5610; x_wconf 73' lang='lat' dir='ltr'><strong>Meciuildi</strong></span> <span class='ocrx_word' id='word_1_813' title='bbox 3429 5540 3486 5590; x_wconf 86' lang='lat' dir='ltr'><strong>de</strong></span> <span class='ocrx_word' id='word_1_814' title='bbox 3504 5527 3794 5610; x_wconf 29' lang='lat' dir='ltr'><strong>saturei-litigi?</strong></span> 
     </span>
    </p>
   </div>
   <div class='ocr_carea' id='block_1_124' title="bbox 2409 5600 3794 5676">
    <p class='ocr_par' dir='ltr' id='par_1_124' title="bbox 2409 5600 3794 5676">
     <span class='ocr_line' id='line_1_124' title="bbox 2409 5600 3794 5676; baseline 0.006 -13"><span class='ocrx_word' id='word_1_815' title='bbox 2409 5600 2808 5663; x_wconf 60' lang='lat' dir='ltr'><strong>nis.&#39;Guidonis</strong></span> <span class='ocrx_word' id='word_1_816' title='bbox 2859 5622 2904 5663; x_wconf 82' lang='lat' dir='ltr'><strong>et</strong></span> <span class='ocrx_word' id='word_1_817' title='bbox 2957 5611 3184 5665; x_wconf 77' lang='lat' dir='ltr'><strong>Platime</strong></span> <span class='ocrx_word' id='word_1_818' title='bbox 3227 5614 3290 5666; x_wconf 80' lang='lat' dir='ltr'><strong>de</strong></span> <span class='ocrx_word' id='word_1_819' title='bbox 3343 5609 3547 5676; x_wconf 61' lang='lat' dir='ltr'><strong>Origene</strong></span> <span class='ocrx_word' id='word_1_820' title='bbox 3576 5600 3794 5676; x_wconf 55' lang='grc' dir='ltr'><strong>Ῐκέίίδίνπῗῖ</strong></span> 
     </span>
    </p>
   </div>
   <div class='ocr_carea' id='block_1_125' title="bbox 2412 5667 3792 5750">
    <p class='ocr_par' dir='ltr' id='par_1_125' title="bbox 2412 5667 3792 5750">
     <span class='ocr_line' id='line_1_125' title="bbox 2412 5667 3792 5750; baseline -0.013 -18"><span class='ocrx_word' id='word_1_821' title='bbox 2470 5696 2499 5731; x_wconf 87' lang='lat' dir='ltr'><strong>u</strong></span> <span class='ocrx_word' id='word_1_822' title='bbox 2499 5679 2590 5748; x_wconf 87' lang='lat' dir='ltr'><strong>jus</strong></span> <span class='ocrx_word' id='word_1_823' title='bbox 2612 5695 2824 5732; x_wconf 88' lang='lat' dir='ltr'><strong>causam</strong></span> <span class='ocrx_word' id='word_1_824' title='bbox 2851 5690 3060 5734; x_wconf 85' lang='lat' dir='ltr'><strong>tuentur</strong></span> <span class='ocrx_word' id='word_1_825' title='bbox 3081 5681 3314 5735; x_wconf 77' lang='lat' dir='ltr'><strong>Joannes</strong></span> <span class='ocrx_word' id='word_1_826' title='bbox 3352 5667 3517 5736; x_wconf 64' lang='lat' dir='ltr'><strong>Picus,</strong></span> <span class='ocrx_word' id='word_1_827' title='bbox 3542 5667 3792 5750; x_wconf 41' lang='lat' dir='ltr'><strong>{eleuatus</strong></span> 
     </span>
    </p>
   </div>
   <div class='ocr_carea' id='block_1_126' title="bbox 2412 5739 3790 5821">
    <p class='ocr_par' dir='ltr' id='par_1_126' title="bbox 2412 5739 3790 5821">
     <span class='ocr_line' id='line_1_126' title="bbox 2412 5739 3790 5821; baseline -0.012 -21"><span class='ocrx_word' id='word_1_828' title='bbox 2412 5739 2730 5802; x_wconf 69' lang='lat' dir='ltr'><strong>Nauclerus.</strong></span> <span class='ocrx_word' id='word_1_829' title='bbox 2765 5750 2924 5803; x_wconf 80' lang='lat' dir='ltr'><strong>Favet</strong></span> <span class='ocrx_word' id='word_1_830' title='bbox 2946 5751 3042 5816; x_wconf 88' lang='lat' dir='ltr'><strong>ipsi</strong></span> <span class='ocrx_word' id='word_1_831' title='bbox 3072 5768 3270 5821; x_wconf 77' lang='lat' dir='ltr'><strong>quoque</strong></span> <span class='ocrx_word' id='word_1_832' title='bbox 3292 5739 3790 5821; x_wconf 29' lang='lat' dir='ltr'><strong>Joannesdiluerat-tif:</strong></span> 
     </span>
    </p>
   </div>
   <div class='ocr_carea' id='block_1_127' title="bbox 2408 5804 3791 5892">
    <p class='ocr_par' dir='ltr' id='par_1_127' title="bbox 2408 5804 3791 5892">
     <span class='ocr_line' id='line_1_127' title="bbox 2408 5804 3791 5892; baseline -0.015 -19"><span class='ocrx_word' id='word_1_833' title='bbox 2408 5821 2497 5873; x_wconf 78' lang='lat' dir='ltr'><strong>sed</strong></span> <span class='ocrx_word' id='word_1_834' title='bbox 2526 5821 2659 5872; x_wconf 81' lang='lat' dir='ltr'><strong>citra</strong></span> <span class='ocrx_word' id='word_1_835' title='bbox 2684 5836 2919 5875; x_wconf 77' lang='lat' dir='ltr'><strong>errorum</strong></span> <span class='ocrx_word' id='word_1_836' title='bbox 2947 5804 3112 5888; x_wconf 64' lang='grc' dir='ltr'><strong>ἡ).ςὶηὲ</strong></span> <span class='ocrx_word' id='word_1_837' title='bbox 3144 5804 3489 5892; x_wconf 64' lang='lat' dir='ltr'><strong>defensionem.</strong></span> <span class='ocrx_word' id='word_1_838' title='bbox 3517 5809 3612 5866; x_wconf 71' lang='lat' dir='ltr'><strong>XX.</strong></span> <span class='ocrx_word' id='word_1_839' title='bbox 3638 5804 3791 5857; x_wconf 63' lang='lat' dir='ltr'><strong>Primus</strong></span> 
     </span>
    </p>
   </div>
  </div>
