4068 6312
266 368 393 423 ηθι

1102 353 1667 421 ΟΒῘΟΕΝΙΑΝΟΒΗΜ
1704 356 1831 416 LIB.
1874 358 1937 425 ll,
1972 359 2122 415 CAP.
2163 357 2251 425 IV,
2293 357 2483 415 SECT.
2527 361 2591 415 ll.

3347 366 3484 418 1162

332 483 571 551 Urigenis
599 479 775 549 Opera,
795 483 937 549 prelo
964 482 1235 533 eommittit
1272 480 1503 551 Iacobus
1533 477 1812 551 Mediana,
1846 483 1895 541 Α
1924 492 2086 532 unum
2136 477 2188 531 id
2219 479 2376 533 enixe
2419 478 2712 547 postulavit
2752 477 2947 545 Sabas,
2974 488 3037 536 ut
3077 479 3213 546 Arii,
3245 478 3477 535 Nestorii

331 563 380 608 et
411 547 504 621 pro
530 570 586 606 eo
610 547 915 621 A'pologiam
942 551 1117 621 scribit
1140 565 1158 613 ;
1181 552 1325 621 pnite
1357 549 1634 621 Masswiet
1662 547 1817 602 Beda:

332 616 581 678 conviciis
633 616 914 689 appet—itur.
971 619 1110 673 XXI.
1168 618 1469 730 Deéendunt
1541 616 1819 688 Origenem

338 692 587 730 Πηηηηη
659 689 937 730 Formm-in;
1006 690 1194 730 Sirrhu
1237 689 1497 730 .pnpnniL
1528 684 1819 730 Canehrar.

332 692 609 751 Erasmus,
654 684 958 753 Il‘errarius,
1006 690 1194 743 δίπαις
1236 684 1501 751 Senensis,
1528 684 1819 741 Genébraro

332 764 431 817 dus
489 773 535 815 et
573 760 892 815 Hailoxius:
926 760 1162 812 eumdem
1193 760 1500 828 impugnant
1555 757 1818 828 Barom'tts

331 846 376 886 et
405 832 799 894 Bellarminus;
838 828 1097 882 Lutherus
1140 839 1187 882 et
1213 825 1356 881 Βακὰ
1381 843 1400 881 :
1428 828 1631 880 incerta
1663 825 1820 880 Scuto

330 905 422 956 teti
454 908 588 955 ratio
612 916 630 952 :
656 902 902 966 aequiores
926 901 981 952 in
1006 913 1124 950 eum
1150 914 1204 950 se
1235 906 1418 966 gerunt
1468 896 1781 966 Espencwus
1805 936 1820 963 ,

332 971 667 1034 l’ossevinus,
697 966 986 1032 Gretserus,
1011 979 1058 1021 et
1090 966 1330 1022 Binetus.

331 1063 384 1117 l.
420 1060 739 1132 Superiores
766 1061 970 1122 turbas,
1015 1057 1163 1111 velut
1206 1057 1274 1111 de
1298 1066 1598 1125 compacto,
1630 1056 1824 1110 multo-

260 1169 378 1207 rum
413 1166 672 1206 annorum
714 1149 946 1203 induciae
981 1158 1285 1204 consecutae
1310 1148 1824 1218 sunt,-Origenismo

258 1243 563 1297 faventibus
612 1240 833 1310 quidem
893 1238 1099 1300 multis,
1154 1238 1397 1308 pluribus
1433 1239 1599 1294 etiam
1632 1240 1823 1293 adver-

258 1332 521 1392 santibus,
556 1331 650 1384 sed
673 1330 917 1397 utrisque
940 1327 1023 1381 vel
1065 1328 1431 1396 prementibus
1465 1328 1822 1395 sententiam,

257 1416 340 1470 vel
368 1416 506 1470 citra
540 1414 865 1468 discordiam
905 1410 1307 1480 aperientibus;
1350 1411 1528 1478 quoad
1579 1424 1610 1464 c
1658 1409 1825 1464 Palaea

257 1508 420 1564 stinte
452 1504 797 1560 monasteriis
845 1515 982 1556 nova
1019 1516 1233 1555 rursum
1273 1501 1629 1555 dissensionis
1667 1500 1825 1554 llam-

258 1615 345 1655 ma
376 1612 688 1666 erumpens,
723 1596 1018 1649 maximum
1050 1594 1105 1648 in
1130 1592 1368 1647 Ecclesia
1402 1591 1610 1661 peperit
1642 1592 1827 1646 incen-

259 1689 429 1743 dium.
463 1687 595 1741 Nam
630 1701 750 1739 cum
776 1700 839 1739 ex
869 1686 1070 1739 erectis
1097 1698 1126 1737 a
1153 1682 1214 1737 S.
1251 1682 1393 1737 Saba
1427 1683 1708 1737 asceteriis
1735 1698 1828 1751 per

259 1783 415 1837 nel'as
445 1780 706 1834 exiissem
741 1778 989 1833 monachi
1018 1776 1237 1846 quidam
1281 1776 1602 1845 perduelles,
1656 1786 1709 1831 et
1760 1775 1823 1830 ad

1921 579 1977 625 et
2007 568 2258 640 Origenis
2283 572 2554 641 dogmata,
2595 571 2791 640 quibus
2828 572 3082 627 Ecclesia:
3114 574 3477 628 conturbaba-

1924 668 2014 713 tur
2044 658 2428 730 tranquillitas,
2464 660 2531 716 de
2567 662 2745 716 medio
2777 661 3116 718 tollerentur.
3150 664 3350 718 Annuit
3382 664 3481 718 ini-

1887 758 2160 818 °perator,
2223 756 2279 805 et
2343 750 2579 806 Antonio
2635 750 3041 819 Ascalonitano,
3090 764 3146 809 et
3204 754 3481 810 Zachariae

1923 838 2081 896 Pella:
2134 841 2400 912 episcopis
2452 858 2553 912 per
2612 842 2824 899 litteras
2879 844 3025 901 dedit
3082 848 3371 915 negotium,
3425 857 3483 902 ut

1924 930 2023 987 has
2082 933 2429 1003 proﬂigarent
2475 934 2730 999 haereses,
2769 943 2823 989 et
2867 936 3198 993 anathemati
3246 938 3481 1009 subjice-

1924 1031 2063 1077 TCDI.

1996 1112 2084 1169 lll.
2126 1114 2238 1170 Sub
2267 1114 2423 1171 linem
2458 1118 2739 1186 sequentis
2771 1120 2897 1172 anni
2949 1118 3201 1175 humanis
3230 1129 3483 1190 exempto

1929 1205 2091 1270 Saba,
2113 1220 2360 1277 magnum
2393 1207 2443 1260 in
2479 1206 2758 1263 Palaestina
2790 1210 3192 1275 incrementum
3243 1210 3486 1278 Origeni-

1929 1309 2078 1351 smus
2120 1297 2329 1365 accepit
2373 1312 2387 1349 :
2424 1296 2725 1365 huiusmodi
2753 1301 2897 1353 enim
2941 1300 3264 1370 castigatore
3324 1314 3487 1369 expc.

1926 1389 2068 1444 ditus
2093 1388 2333 1451 Nonnus,
2369 1389 2686 1444 administro
2715 1406 2842 1447 usus
2864 1392 3112 1458 Leontio,
3150 1406 3254 1446 non
3284 1390 3485 1444 Novam

1928 1480 2102 1535 solum
2128 1481 2386 1546 Lauram,
2427 1485 2526 1538 sed
2578 1484 2682 1538 alia
2718 1485 2879 1538 etiam
2914 1486 3074 1554 hujus
3100 1482 3266 1539 eremi
3304 1496 3488 1536 mona—

1931 1574 2091 1628 steria
2124 1585 2273 1643 peste
2311 1574 2529 1630 amavit.
2564 1575 2787 1631 Frustra
2816 1585 2995 1631 tamen
3016 1579 3068 1632 in
3093 1575 3489 1645 corrumpendo

1932 1664 2203 1721 Sucacensi
2241 1670 2504 1723 asceterio
2537 1680 2763 1725 conatus
2807 1686 2933 1724 suos
2962 1669 3312 1738 consumpsit,
3343 1676 3491 1721 artes

1932 1755 2073 1811 illius
2105 1755 2418 1811 exsttmante
2446 1758 2691 1828 Cyriaco,
2731 1761 3060 1814 admiranda:
3092 1760 3306 1813 virtutis
3338 1771 3489 1813 sene.

1024 1828 1601 1924 ἶειωειῑηξηπξδέωςξ
1618 1828 1825 1921 ηδτ.θῶ
1858 1828 1901 1885 Β
1928 1842 2168 1914 lgiturut
2188 1848 2243 1900 in
2268 1846 2424 1916 hujus
2443 1849 2753 1902 monasterii
2785 1850 3022 1918 regimen
3052 1844 3493 1916 allegercturPe-

260 1950 905 2020 eistruxissentcirciter
948 1975 1150 2015 annum
1178 1958 1385 2015 Christi
1420 1957 1545 2025 517,
1581 1956 1829 2012 reconci-

263 2058 429 2112 liatus
454 2070 574 2110 cum
600 2054 702 2108 illis
731 2052 924 2119 Sabas,
952 2050 1233 2105 decorata:
1269 2064 1298 2104 a
1328 2064 1386 2105 se
1411 2057 1465 2104 et
1492 2047 1832 2118 ampliﬁcatae

262 2150 504 2218 ipsorum
539 2148 702 2201 Iaurat
764 2145 1027 2200 Joannem
1054 2142 1343 2213 quemdam
1385 2140 1643 2211 praefecit.
1681 2139 1833 2195 Scri-

259 2243 343 2296 bit
372 2239 611 2313 Cyrillus
644 2236 965 2300 monachus,
1024 2234 1177 2290 testis
1219 2233 1482 2304 locuples,
1535 2242 1594 2287 ut
1620 2234 1712 2303 qui
1749 2232 1834 2287 his

261 2332 398 2388 locis
426 2339 480 2385 et
514 2329 846 2397 temporibus
868 2326 1091 2392 vixerit,
1130 2325 1292 2381 morti
1318 2327 1625 2394 proximum
1666 2322 1832 2379 Joan-

261 2438 385 2479 nem
416 2421 719 2493 hujusmodi
745 2420 1061 2474 vaticinium
1091 2419 1325 2473 edidisse
1359 2436 1371 2472 :
1407 2436 1427 2468 i
1456 2418 1594 2472 Ecce
1615 2419 1835 2471 veniunt

262 2515 404 2579 dies,
438 2514 493 2567 in
526 2511 721 2582 quibus
744 2512 834 2580 qui
872 2519 1199 2580 praesentem
1242 2507 1417 2562 locum
1449 2507 1713 2572 habitant,
1743 2510 1835 2562 de-

264 2606 500 2661 scissent
528 2618 557 2655 a
586 2611 733 2656 recta
767 2601 891 2666 ﬁde,
926 2610 980 2654 et
1008 2597 1339 2653 extollentur
1369 2596 1585 2665 quidem
1637 2595 1689 2648 in
1745 2610 1835 2650 se-

264 2694 420 2765 ipsis,
447 2705 506 2747 ut
532 2708 653 2748 cum
681 2694 864 2748 divino
891 2691 1057 2745 David
1078 2691 1274 2754 dicam,
1302 2703 1389 2760 qut
1412 2687 1730 2742 exacerbant
1749 2687 1831 2743 “z

264 2786 320 2841 in
353 2785 582 2840 audacia
612 2799 740 2839 vere
770 2798 868 2837 sua
900 2784 1275 2844 destruantur,
1305 2791 1360 2835 et
1389 2779 1614 2833 altitudo
1645 2792 1835 2833 eorum

263 2884 493 2946 repente
518 2874 731 2930 decidet
755 2873 820 2927 ³⁷.
857 2890 877 2924 ›
908 2872 1119 2927 Dictum
1144 2886 1231 2926 res
1262 2870 1638 2939 comprobavit
1672 2887 1684 2922 :
1721 2867 1835 2921 suf-

262 2966 444 3023 fectus
466 2968 610 3021 enim
635 2965 790 3019 Sabae
825 2974 955 3018 nutu
1002 2964 1053 3017 in
1086 2962 1311 3018 Joannis
1346 2962 1521 3017 locum
1586 2961 1786 3016 Paulus
1814 2999 1830 3024 ,

264 3060 349 3113 vir
379 3058 631 3126 simplex,
670 3058 722 3111 in
784 3056 1174 3110 monachorum
1208 3063 1411 3109 ctetum
1460 3063 1699 3123 quatuor
1735 3053 1835 3108 ho-

1931 1944 2048 1989 trus
2096 1935 2519 2004 Alexandrinus,
2558 1936 2933 2008 Origenistica:
2987 1939 3069 1992 vir
3103 1939 3348 1993 addictus
3406 1952 3493 1991 se-

1931 2035 2050 2087 cm,
2079 2025 2304 2095 perfecit
2336 2026 2562 2084 Nonnus
2589 2046 2603 2083 :
2642 2042 2828 2083 verum
2861 2037 2919 2083 ut
2947 2029 2992 2083 is
3014 2029 3312 2084 doctrinam
3338 2043 3493 2083 suam

1931 2116 2201 2186 explicare
2238 2119 2423 2188 coepit,
2460 2134 2655 2190 magno
2704 2120 2887 2173 statim
2935 2119 3172 2173 omnium
3225 2135 3494 2174 consensu

1933 2208 2170 2275 deiectus
2220 2218 2325 2266 est.
2400 2208 2617 2264 Petrum
2682 2210 2846 2264 alium
2915 2209 3123 2265 Graecia
3178 2210 3492 2274 oriundum,

1933 2300 2128 2367 prioris
2182 2299 2325 2355 Petri
2367 2302 2705 2357 consimilem
2757 2311 2811 2356 et
2874 2302 3213 2371 partiarium,
3249 2305 3407 2370 eique
3465 2318 3497 2356 τι

1937 2389 2111 2448 Nonni
2144 2394 2368 2448 asseclis
2401 2393 2705 2459 suﬂ‘ectum,
2741 2393 3006 2449 Catholici
3046 2394 3232 2448 itidem
3275 2394 3497 2448 abdica-

1936 2498 2061 2539 runt
2092 2484 2375 2553 dignitate,
2413 2497 2469 2540 et
2511 2484 2832 2541 Cassranum
2888 2487 3104 2540 tandem
3153 2486 3498 2557 Scythopoli-

1937 2584 2141 2642 tanum,
2175 2575 2297 2630 ﬁdei
2319 2590 2382 2631 ac
2414 2591 2625 2632 morum
2658 2576 2970 2646 integritate
2987 2578 3287 2643 ﬂorentem,
3316 2594 3499 2632 mona-

1955 2666 2112 2721 sterii
2175 2663 2478 2722 Sucaeensis
2538 2667 3017 2722 archimandritam
3083 2670 3498 2722 constituerunt.

1935 2756 2189 2827 Cyrillum
2220 2774 2434 2828 quoque
2458 2760 2807 2824 monachum,
2836 2760 2927 2829 qui
2954 2758 3110 2814 Sabae
3156 2758 3330 2813 Vitam
3358 2759 3502 2815 litte-

1936 2849 2011 2903 ris
2043 2849 2337 2915 mandavit,
2389 2850 2455 2904 ad
2482 2852 2728 2904 eumdem
2776 2850 3063 2921 Cyriacum
3106 2850 3317 2905 litteras
3355 2850 3501 2904 ferre

1930 2938 2089 3007 jussit
2111 2938 2342 2995 Joannes
2360 2940 2721 3007 Silentiarius,
2739 2944 3047 3011 episcopus,
3068 2943 3118 2996 in
3145 2942 3299 2997 Saba:
3324 2942 3503 2998 Laura

1939 3040 2062 3087 tunc
2081 3032 2340 3102 temporis
2368 3034 2712 3101 delitescens,
2738 3032 3061 3104 Origenistis
3093 3033 3353 3101 infensus,
3384 3036 3504 3104 qui-

263 3152 442 3208 mines
468 3150 793 3221 Origeniana
827 3149 914 3203 lue
942 3147 1259 3202 laborantes
1282 3162 1387 3201 non
1425 3147 1557 3203 satis
1614 3161 1833 3217 perspe-

1938 3124 2038 3179 bus
2084 3126 2245 3179 enixe
2282 3125 2349 3179 ah
2381 3140 2445 3179 eo
2480 3126 2802 3196 postulabat,
2838 3136 2896 3180 ut
2951 3125 3125 3181 Nomii
3171 3142 3232 3182 ac
3269 3126 3502 3190 Leontii,

261 3253 348 3298 cta
388 3256 581 3296 eorum
614 3242 857 3294 doctrina
890 3238 1111 3293 admisit
1140 3255 1153 3290 :
1179 3253 1316 3307 quos
1343 3241 1487 3294 inter
1510 3238 1713 3307 primas
1734 3239 1835 3293 ob-

263 3334 518 3387 tinebant
546 3329 771 3384 Nonnus
801 3329 1023 3397 quidam
1051 3327 1397 3391 Palaestinus,
1431 3336 1537 3384 non
1585 3328 1838 3399 Origeni-

259 3432 475 3477 Starum
533 3422 819 3480 duntaxat,
877 3419 969 3472 sed
1019 3418 1298 3488 gentilium
1337 3420 1502 3473 etiam
1553 3430 1609 3474 et
1667 3419 1837 3474 Mani-

260 3515 541 3569 chaeorum
580 3509 858 3565 erroribus
892 3508 1223 3578 implicatus,
1266 3519 1320 3563 et
1345 3509 1605 3565 Leontius
1636 3510 1838 3581 Byzan-

261 3607 392 3670 tius,
421 3603 581 3657 velut
602 3602 721 3656 aliis
749 3601 943 3671 placet,
968 3600 1303 3672 Byzacenus.
1328 3601 1392 3655 lli
1422 3602 1521 3655 suh
1572 3602 1834 3673 Agapeto,

258 3711 426 3765 quem
453 3693 614 3749 Nova:
643 3693 833 3749 Laurae
873 3709 1107 3764 prazesse
1131 3694 1368 3763 jusserat
1423 3692 1594 3750 Sabas
1616 3736 1632 3762 ,
1686 3706 1837 3764 post-

259 3798 429 3857 quam
459 3784 655 3839 Paulus
678 3785 985 3840 solitudinis
1008 3800 1199 3841 amans
1226 3786 1278 3839 in
1304 3785 1563 3840 Arabiam
1590 3788 1837 3852 secessit,

264 3879 540 3935 insaniam
588 3893 742 3934 suam
801 3877 1174 3949 prodiderunt.
1213 3878 1332 3945 Quo
1366 3888 1651 3948 comperto
1708 3879 1840 3935 Elite

262 3968 730 4041 Jerosolymorum
749 3971 1011 4041 episcopi,
1038 3980 1095 4025 et
1122 3969 1279 4026 Saba:
1298 3971 1525 4026 consilio
1550 3986 1679 4026 usus
1703 3973 1841 4042 Aga-

264 4074 454 4134 petus,
483 4075 553 4116 ne
590 4060 753 4116 latius
787 4072 1038 4130 serperet
1085 4061 1260 4128 labes,
1321 4062 1655 4134 Origenistas
1691 4062 1839 4117 laura

265 4156 557 4213 confestim
593 4156 921 4210 exturbavit.
962 4153 1073 4211 Nec
1111 4156 1406 4227 impetrare
1441 4165 1734 4227 potuerunt
1763 4157 1841 4212 illi

267 4250 336 4303 ab
357 4246 816 4318 Jerosolymitano
841 4246 1088 4316 prasule,
1143 4247 1235 4318 qui
1295 4248 1422 4304 Elia;
1470 4249 1751 4314 successit,
1784 4258 1843 4303 ut

270 4339 324 4393 in
380 4338 655 4407 integrum
695 4335 1147 4401 restituerentur;
1212 4339 1391 4406 quoad
1454 4352 1547 4393 eos
1584 4338 1839 4405 Maemas,

271 4437 395 4496 post
430 4425 651 4495 Agapeti
681 4426 907 4495 obitum,
948 4426 1110 4482 Novae
1144 4425 1336 4483 Laurte
1372 4438 1550 4483 rector
1578 4430 1837 4498 suscepit,

1938 3215 2269 3286 aliorumque
2300 3216 2754 3286 Origenistarum,
2785 3217 2874 3286 qui
2912 3214 3113 3270 Novam
3160 3216 3388 3272 Lauram
3423 3218 3505 3271 iu—

1938 3307 2205 3371 sidebant,
2235 3306 2656 3362 confutationem
2693 3318 2748 3362 et
2772 3308 3023 3363 exsilium
3046 3324 3074 3361 a
3105 3310 3209 3363 Deo
3243 3311 3505 3378 impetra-

1939 3409 2042 3455 ret.
2076 3399 2370 3470 Respondit
2403 3400 2662 3471 Cyriacus
2699 3415 2863 3470 prope
2880 3415 3019 3465 esse,
3047 3416 3168 3455 cum
3202 3401 3504 3458 miserrime

1939 3492 2164 3549 Nonnus
2217 3504 2271 3549 et
2310 3492 2569 3548 Leontius
2610 3502 2794 3548 essent
2825 3493 3116 3558 interituri,
3150 3493 3338 3561 reliqui
3379 3508 3504 3548 vero

1942 3586 2176 3656 ipsorum
2205 3586 2425 3640 assecla:
2458 3599 2488 3638 e
2530 3583 2679 3638 Nova
2711 3583 2883 3638 Laura
2915 3584 3336 3653 expellerentur.
3368 3584 3504 3639 Tum

1940 3693 2218 3733 sermones
2245 3678 2385 3731 hunc
2426 3676 2566 3732 inter
2621 3687 2675 3730 et
2719 3676 2973 3747 Cyrillum
3016 3677 3082 3731 de
3130 3677 3290 3731 rebus
3314 3678 3505 3749 Orige-

1944 3773 2203 3826 nistarum
2241 3770 2381 3825 ultro
2426 3770 2674 3839 citroque
2710 3770 2921 3825 habitos
2970 3771 3135 3825 fuisse
3175 3782 3361 3826 narrat
3417 3772 3504 3826 Si-

1941 3878 2095 3915 meon
2136 3860 2547 3930 Metaphrastes,
2589 3877 2617 3915 a
2653 3879 2757 3932 quo
2793 3862 3003 3933 Cyriaci
3049 3860 3169 3917 Vita
3199 3863 3507 3933 conscripta

1939 3964 2046 4006 cst.
2079 3950 2235 4006 Circa
2271 3952 2370 4005 hoc
2409 3950 2583 4018 ipsum
2622 3960 2828 4020 tempus
2858 3950 3032 4019 aliqua
3065 3950 3317 4020 Origenis
3369 3965 3508 4020 cpu-

1940 4043 2087 4100 scula
2124 4042 2361 4099 Bellator
2393 4043 2675 4113 presbyter
2705 4041 2759 4094 in
2791 4039 3038 4095 Latinam
3063 4041 3299 4113 linguam
3334 4045 3509 4097 refun-

1940 4134 2122 4188 debat.

2012 4244 2100 4300 IV.
2146 4244 2252 4300 Res
2303 4244 2698 4315 aliquantisper
2756 4241 3117 4312 tranquillatre
3167 4241 3508 4303 videbantur,

1942 4353 2065 4393 cum
2126 4335 2302 4391 Nonni
2358 4335 2605 4402 discipuli
2657 4334 2996 4388 Domitianus
3057 4342 3113 4389 et
3171 4333 3508 4401 Theodorus,

1942 4438 2299 4500 cognomento
2327 4427 2573 4491 Ascidas,
2615 4427 2935 4496 Aucyranus
2983 4426 3093 4491 ille,
3127 4426 3215 4481 hic
3247 4424 3510 4482 ϐαδιεῖ-θα)

272 4518 673 4588 Uiigetiismum
712 4518 936 4587 quidem
987 4518 1041 4573 in
1076 4520 1195 4574 sinu
1226 4528 1525 4589 gestantes,
1558 4522 1650 4576 sed
1682 4521 1841 4576 Saba:
1873 4504 1916 4560 Β
1945 4518 2296 4589 Cappadociae
2326 4525 2543 4572 creatus
2562 4516 2806 4581 antistes,
2833 4517 2898 4570 ad
2942 4516 3361 4585 promovendum
3386 4515 3512 4573 Ori-

272 4622 421 4666 tnetu
446 4613 684 4667 animum
723 4612 1145 4668 dissimulantes.

342 4704 407 4756 ll.
438 4704 756 4761 Crassantes
786 4706 989 4760 interea
1016 4719 1113 4774 per
1139 4704 1480 4759 Palaestinam
1530 4703 1692 4760 Sama
1705 4705 1838 4760 rita-

272 4796 331 4849 ni
358 4796 610 4852 maximis
632 4797 1033 4852 calamitatibus
1073 4811 1186 4851 rem
1236 4794 1599 4851 Christianam
1633 4796 1844 4851 alllixe-

272 4895 423 4943 runt.
454 4887 630 4942 Nihilo
657 4888 833 4942 secius
882 4887 1266 4951 Justinianum,
1295 4887 1518 4957 ejusque
1562 4888 1845 4958 conjugem

272 4975 634 5045 Theodoram,
664 4992 860 5033 recens
885 4979 1173 5047 imperium
1214 4978 1437 5046 adeptos
1462 4977 1712 5032 conﬁctis
1744 4993 1841 5032 ca-

271 5067 497 5120 lntnniis
529 5068 990 5123 circumvenitvir
1032 5070 1296 5141 dignitate
1342 5067 1590 5133 illustris,
1627 5068 1843 5123 nomine

272 5160 559 5225 Arsenius,
597 5169 714 5214 arte
759 5171 1033 5217 veterator
1070 5176 1132 5215 ac
1167 5160 1523 5232 sycophanta,
1556 5168 1611 5215 et
1645 5159 1839 5214 Samao

272 5253 577 5305 ritanorum
600 5252 880 5307 seditionis
909 5265 1127 5305 causam
1162 5252 1212 5304 in
1241 5250 1581 5305 Christianos
1616 5249 1836 5304 refudit.

267 5341 484 5410 Quibus
514 5344 751 5413 acceptis
782 5341 980 5398 Sabam
1004 5342 1301 5398 refutandae
1334 5340 1619 5397 calumniae
1644 5341 1712 5397 ad
1742 5341 1846 5396 im-

268 5445 581 5507 peratorem
631 5436 828 5508 allegat
878 5435 1370 5506 Jerosolymitanus
1418 5433 1649 5490 antistes
1699 5449 1842 5489 anno

266 5531 474 5586 Christi
513 5529 635 5585 550.
704 5529 1024 5585 Liberaliter
1071 5545 1195 5584 eum
1227 5530 1428 5599 excipit
1479 5526 1839 5591 Justinianus,

270 5623 587 5695 prolixeque
618 5623 799 5679 omnia
847 5622 1211 5694 deiert.‘,Tum
1253 5637 1383 5679 vero
1450 5637 1564 5693 prae
1621 5621 1840 5677 cmteris

346 5799 392 5831 “
415 5798 560 5855 Psal.
591 5814 714 5866 va,
742 5800 792 5853 7.

514 5894 782 5954 Parnm“
827 5894 942 5954 (ΞΒ.
986 5894 1189 5955 XV“.

1943 4610 2243 4681 genismum
2272 4621 2462 4663 recens
2490 4605 2692 4676 adepta
2715 4614 2985 4674 potestate
3008 4606 3163 4662 abusi
3202 4615 3353 4662 sunt.
3399 4607 3508 4662 Eo-

1945 4717 2060 4757 rum
2104 4701 2304 4771 quippe
2341 4698 2593 4769 praasidio
2641 4696 2828 4752 conﬁsi
2877 4696 3196 4767 Origenistte
3241 4713 3345 4753 non
3393 4700 3509 4767 jam

1946 4807 2039 4861 per
2060 4791 2355 4854 cuniculos,
2388 4804 2491 4843 non
2517 4788 2757 4843 subdolis
2791 4789 3299 4845 ratiocinationibus
3325 4791 3511 4843 incau-

1948 4896 2030 4940 tas
2066 4892 2272 4938 mentes
2294 4895 2603 4950 expugnare
2625 4889 2916 4946 tentarunt,
2944 4881 3036 4936 sed
3069 4891 3252 4951 aperta
3281 4880 3328 4933 vi
3358 4895 3512 4948 gras-

1945 4984 2150 5040 santes,
2180 4975 2345 5028 armis
2381 4971 2654 5036 instructi,
2688 4986 2916 5040 quorum
2947 4971 3156 5026 animos
3182 4971 3511 5027 labefactare

1946 5084 2051 5124 non
2097 5050 2618 5137 poterant,‘eorum
2673 5065 2996 5120 monasteria
3037 5064 3275 5119 funditus
3327 5064 3512 5118 dirue-

1944 5161 2095 5216 bant.
2132 5159 2198 5212 Et
2253 5158 2305 5212 in
2363 5160 2650 5214 maximam
2708 5173 2920 5227 quoque
2968 5157 3122 5211 Sabat
3162 5155 3396 5210 Lauram
3445 5171 3512 5212 ea

1947 5262 2153 5324 strages
2192 5251 2544 5316 incubuisset,
2579 5250 2681 5306 nisi
2728 5252 2816 5305 via
2867 5249 3184 5303 aberrantes
3226 5248 3280 5301 in
3317 5262 3513 5317 aspera

1945 5344 2267 5399 incidissent
2298 5342 2440 5407 loca,
2475 5342 2615 5396 unde
2643 5341 2841 5396 inlecta
2871 5356 2929 5395 re
2953 5341 3141 5408 pedem
3184 5338 3399 5393 demum
3428 5350 3515 5391 re-

1944 5436 2200 5492 tulerunt.
2231 5434 2454 5504 Magnos
2485 5435 2649 5489 etiam
2682 5449 2749 5489 ex
2777 5447 2842 5487 eo
2885 5439 3238 5501 sumpserunt
3261 5429 3511 5498 spiritus.

1938 5528 2078 5597 quod
2119 5527 2339 5583 Petrum
2372 5526 2877 5597 Jcrosolymitauum
2924 5524 3233 5593 episcopum
3288 5534 3529 5590 compa-7

1938 5618 2060 5674 sitis
2087 5619 2224 5676 dolis
2243 5633 2308 5677 eo
2337 5617 2709 5690 perpulerunt,
2738 5622 2800 5671 ut
2841 5615 2897 5670 in
2945 5615 3381 5671 communionem
3423 5626 3531 5673 res

876 5800 917 5831 ³⁷
942 5798 1124 5870 Cyrill.
1153 5800 1207 5856 in
1242 5798 1355 5855 Vita
1382 5797 1439 5854 S.
1475 5797 1647 5865 Saba',
1679 5810 1799 5868 cap.
1832 5792 1921 5858 49,
1945 5793 2033 5849 50.

3121 5887 3200 5949 37
