4068 6312
709 333 844 388 “Ob

1963 339 2024 395 P.
2065 340 2379 398 DANIELIS
2416 342 2648 400 HUETII

3730 366 3821 424 lilii

703 450 908 515 eiperet
967 447 1185 503 Petrum
1239 450 1686 521 Alexandrinum,
1740 467 1898 523 quem
1957 453 2260 510 Suczeerrsis
2289 462 2469 526 Aque
2516 468 2735 514 notatur
2787 463 3096 532 monachus,
3129 465 3392 522 oriturex
3442 473 3574 539 am,
3615 482 3820 532 conturba.

703 541 1014 595 monasterii
1042 541 1352 610 praefectura
1381 543 1658 613 depulsum
1704 546 1962 612 diximus,
1999 557 2052 602 et
2086 547 2258 602 han--

702 645 823 684 nem
883 642 1235 700 cognomento
1281 633 1646 706 Strongylum.
1679 636 1798 703 Quo
1852 637 1996 694 facto
2055 648 2260 695 tantum

699 720 1016 792 Origenistis
1044 726 1275 780 accessit
1307 728 1535 792 lidueize,
1584 737 1643 782 nt
1689 730 1799 800 jam
1851 746 2259 802 quaquaversus

696 814 996 868 doctrinam
1055 831 1228 879 suam,
1276 819 1358 872 sic
1403 828 1656 887 tanquam
1700 820 1892 892 legem,
1953 824 2259 894 promulga-

693 914 845 970 rent;
904 907 949 961 si
997 921 1134 976 quos
1174 909 1363 966 obvios
1421 909 1681 967 haberent
1733 913 2080 986 Jerosolymae
2142 931 2257 971 mo-

691 1000 897 1056 nachos
935 1002 1290 1069 orthodoxos,
1339 1004 1478 1059 male
1540 1006 1829 1062 rnultautes
1887 1009 2113 1077 turpiter
2155 1009 2255 1078 eji-

689 1101 911 1160 cerent;
943 1094 1144 1151 multos
1168 1096 1330 1150 etiam
1357 1099 1700 1167 gravissimis
1747 1100 2027 1169 suppliciis
2058 1116 2255 1158 excru-

690 1179 919 1238 ciarent.
953 1181 1162 1249 Quibus
1191 1186 1256 1240 ad
1283 1201 1376 1241 eos
1402 1189 1746 1258 perlatis,qui
1783 1191 1928 1245 circa
1962 1189 2251 1248 Jordanem

687 1273 845 1330 sedes
881 1286 1193 1344 posuerant,
1231 1280 1297 1333 ad
1338 1295 1492 1349 opem
1529 1283 1692 1336 sociis
1717 1282 1993 1337 ferendam
2037 1293 2250 1350 coeunt,

686 1373 742 1418 et
771 1363 823 1418 in
854 1364 1009 1419 Sabe
1033 1365 1291 1430 Lauram,
1317 1368 1462 1422 velut
1496 1369 1547 1423 in
1572 1371 2028 1442 propugnaculum
2063 1373 2254 1427 confu-

686 1456 864 1524 giunt.
889 1457 958 1510 At
985 1457 1116 1513 illuc
1137 1473 1355 1529 quoque
1385 1477 1544 1515 manu
1571 1461 1716 1516 facta
1751 1463 2004 1516 advolant
2056 1463 2244 1534 Orige-

685 1548 862 1614 nistae,
889 1558 943 1603 et
971 1547 1177 1605 foribus
1203 1551 1471 1618 eiira‘ctis,
1505 1553 1681 1608 Laura
1734 1555 1910 1624 potiti,
1946 1571 2012 1609 ex
2060 1558 2248 1610 ortho-

683 1639 844 1696 doxis
869 1642 1174 1712 complures
1202 1643 1521 1700 vulneribus
1551 1645 1864 1700 concidunt.

756 1737 820 1792 ν.
850 1737 975 1794 llaec
1006 1737 1060 1792 in
1103 1735 1223 1791 Vita
1250 1735 1411 1792 Sabo:
1438 1751 1668 1791 narrans
1690 1735 1943 1806 Cyrillus,
1970 1745 2024 1792 et
2059 1736 2245 1808 Orige-

2362 546 2456 611 vit,
2478 551 2751 613 perterruit
2784 565 2802 604 :
2829 553 2953 607 hinc
2990 553 3114 625 quis
3149 554 3379 610 fortasse
3419 562 3683 625 sarabaitas
3707 566 3821 625 dictos

2360 648 2512 706 putet
2559 643 2856 699 monachos
2920 645 3209 715 inquietos,
3262 658 3589 706 contumaces
3622 663 3667 707 et
3691 660 3820 714 turbu-

2360 729 2565 796 lentos;
2623 747 2748 786 nam
2796 748 2890 789 eos
2942 735 3084 790 inter
3112 750 3174 792 se
3210 737 3456 792 altercari
3487 751 3537 793 et
3580 749 3824 806 contendere

2360 822 2545 877 solitos
2585 822 2748 876 tradit
2777 823 3181 894 -llieronymus.
3227 825 3538 883 Nominatus
3565 832 3740 899 quidam
3759 852 3820 892 su-

2358 911 2632 979 Spicaulur
2657 911 2764 964 ἀπὸ
2795 911 2887 964 τοῦ
2909 911 3177 983 Σαράϐου,
3210 913 3455 966 τουτέστι
3485 915 3570 968 τοῦ
3596 925 3822 985 γυναικεία)

2357 1001 2580 1066 αἰδόίου,
2609 1002 2688 1056 sic
2713 1003 2858 1057 enim
2891 1018 3074 1058 vocem
3104 1004 3240 1059 hanc
3285 1005 3681 1076 interpretantur
3706 1010 3821 1084 Hesy-

2357 1094 2512 1148 chius
2539 1101 2596 1148 et
2646 1091 2861 1150 Suidas.
2911 1094 3150 1166 Prompti
3184 1103 3365 1151 autem
3391 1107 3542 1152 erant
3577 1100 3622 1153 in
3644 1116 3823 1159 venerem

2356 1187 2648 1242 sarabaitae.
2677 1203 2694 1240 :
2731 1195 3072 1258 quapropter
3108 1188 3184 1241 ait
3221 1181 3539 1244 Humbertus
3563 1192 3822 1249 cardinalis:

2359 1298 2379 1332 ε
2411 1277 2564 1335 Unde
2590 1291 2643 1336 ct
2680 1279 3009 1336 fornicantes
3041 1280 3341 1340 sarabaitas
3373 1294 3705 1352 venerantur;
3728 1306 3742 1339 ι
3762 1292 3822 1345 sed

2353 1371 2702 1426 verisimilius
2732 1381 2832 1437 est,
2861 1373 3001 1442 quod
3027 1371 3304 1426 attulimus
3333 1375 3507 1442 priore
3530 1375 3634 1430 loco
3656 1381 3824 1437 nominis

2355 1463 2514 1532 hujus
2538 1464 2917 1534 veriloquium.
2948 1463 3081 1520 Utut
3108 1474 3192 1520 est
3245 1482 3351 1520 non
3401 1478 3584 1535 prtetcr
3625 1470 3818 1526 rationem

2352 1555 2498 1608 credi
2532 1555 2722 1624 possit,
2748 1553 3009 1622 ejusmodi
3044 1555 3288 1611 convicio
3336 1557 3450 1627 pios
3489 1567 3540 1614 et
3576 1560 3821 1619 orthodoxe:

2351 1647 2647 1701 monachos
2692 1648 2760 1701 ab
2791 1648 2968 1715 impiis
3002 1646 3325 1719 Origenistis
3370 1649 3530 1714 fuisse
3572 1654 3817 1711 traductos:

2351 1737 2443 1790 sed
2488 1737 2620 1791 nihil
2651 1747 2827 1793 tamen
2889 1748 3204 1796 mutamus:
3243 1756 3342 1796 nec
3401 1742 3673 1799 asserimus
3708 1747 3814 1815 quid-

651 1885 655 1888 ,
683 1829 955 1886 nistarum
1015 1826 1230 1883 illorum
1274 1827 1624 1899 petulantiam
1672 1829 2007 1893 describens,
2043 1845 2061 1878 ‹
2104 1828 2242 1894 Quin
2276 1809 2317 1865 Β
2347 1843 2528 1898 quam,
2556 1830 2649 1883 sed
2678 1839 2882 1883 tantum
2913 1834 3282 1900 proponimus.
3317 1833 3490 1903 Atque
3515 1835 3619 1890 haec
3643 1809 3784 1890 obiter.

681 1921 869 1987 etiam,
899 1919 1094 1990 inquit,
1122 1920 1169 1975 si
1200 1919 1435 1989 aliquem
1490 1933 1558 1975 ex
1607 1918 1928 1974 orthodoxis
1965 1919 2246 1973 monachis

682 2013 1168 2083 deprehendissent
1200 2013 1252 2067 in
1275 2021 1464 2068 sancta
1496 2012 1734 2080 civitate,
1767 2005 1928 2083 im'pia
1959 2028 2118 2092 manu
2160 2012 2242 2068 fe-

680 2109 883 2165 rientes
933 2119 987 2164 et
1040 2110 1282 2164 sabaiten
1335 2117 1610 2172 vocantes,
1672 2107 1820 2162 illinc
1861 2122 1983 2162 eum
2015 2108 2245 2177 turpiter

676 2203 1016 2274 expellebant
1054 2214 1067 2254 :
1103 2201 1418 2271 iisabaiten
1455 2199 1712 2270 intellige,
1747 2186 2242 2255 Sabaesectatorent

675 2303 732 2348 et
761 2293 1115 2361 discipulum;
1148 2291 1252 2348 nisi
1297 2291 1440 2346 forte
1491 2291 1648 2347 malis
1676 2291 1879 2360 legere,
1908 2291 2237 2345 sarabaiten.

672 2386 888 2453 Triplex
927 2394 1044 2440 erat
1093 2385 1233 2456 apud
1278 2381 1561 2456 [Egyptios
1608 2384 1996 2438 monachorum
2047 2398 2237 2453 genus,

671 2478 1090 2544 cmuobitarum,
1157 2478 1612 2534 anachoretarum
1699 2485 1754 2530 et
1818 2476 2234 2530 sarabaitarum.

670 2571 969 2627 Sarabaitat
989 2570 1209 2640 proprio
1234 2569 1460 2624 arbitrio
1484 2569 1735 2623 vivebant
1774 2579 1927 2623 extra
1959 2567 2232 2632 cmnobia,

672 2663 923 2719 homines
955 2662 1126 2726 avari,
1159 2660 1476 2732 hypocrita},
1499 2671 1849 2723 scortatores,
1874 2659 2069 2728 gulosi.
2098 2659 2236 2714 Dicti

666 2757 919 2811 videntur
958 2769 987 2808 a
1035 2763 1183 2820 :‘l'D.
1236 2752 1475 2817 rebellis,
1522 2751 1879 2819 refractarius,
1933 2760 2234 2805 contumax.

666 2851 961 2914 Meminero
999 2848 1213 2903 illorum
1237 2846 1551 2909 Cassianus,
1587 2844 1933 2910 Benedictus,
1966 2843 2232 2897 Hurnber-

666 2953 772 3008 tus,
796 2943 907 3006 lvo,
935 2951 990 2997 et
1014 2940 1128 2995 alii.
1159 2939 1391 2994 Eosdem
1417 2937 1680 2992 remobatlt
1714 2937 2010 3007 appellatos
2043 2935 2233 2990 scribit

661 3038 1023 3111 Hieronymus
1056 3037 1214 3108 epist.
1259 3035 1350 3101 22,
1381 3037 1446 3091 ad
1489 3034 1771 3100 Eustoch.,
1829 3049 1951 3104 cap.
1986 3033 2074 3088 15.
2103 3033 2231 3100 Qui-

2343 1928 2363 1983 ξ
2398 1918 2482 1974 Vl.
2505 1920 2816 1991 Expugnata
2837 1920 2990 1976 Saba:
3009 1922 3187 1977 Laura
3203 1924 3270 1978 ad
3297 1925 3648 1995 imperatorem
3664 1927 3814 1983 Patrum

2344 2013 2570 2069 consilio
2621 2015 2985 2083 proﬁciscitur
3034 2015 3285 2071 Gelasius
3333 2019 3637 2074 monasterio
3681 2020 3814 2088 prafe-

2343 2113 2484 2172 ctus,
2515 2122 2695 2161 rerum
2723 2117 2995 2177 gestarum
3020 2122 3290 2162 summam
3313 2108 3376 2164 ad
3406 2124 3522 2164 eum
3549 2111 3813 2180 perlaturus:

2343 2213 2528 2254 verum
2578 2199 2844 2254 Theodori
2876 2198 3235 2256 Caesariensis
3288 2201 3520 2270 episcopi
3541 2202 3814 2258 artibuselito

2341 2301 2490 2347 ctum
2537 2301 2640 2356 est,
2674 2301 2731 2344 ιιι
2784 2293 2962 2346 omnis
2990 2293 3057 2346 ad
3121 2293 3498 2362 imperatorem
3538 2304 3587 2348 et
3631 2294 3685 2348 ad
3719 2295 3812 2349 Con-

2341 2384 2877 2454 stantinopolitanum
2905 2385 3228 2454 episcopum
3268 2386 3442 2438 aditus
3472 2385 3516 2439 ei
3546 2385 3814 2454 praecludere-

2342 2486 2451 2538 tur,
2473 2483 2529 2530 et
2563 2490 2618 2528 re
2647 2475 2863 2527 tandem
2905 2473 3102 2528 inlecta
3153 2474 3474 2529 discederet.
3515 2473 3809 2528 Revertentem

2337 2566 2563 2630 Amorii,
2601 2581 2718 2634 qua:
2745 2563 2997 2635 Phrygia:
3018 2566 3148 2618 urbs
3167 2575 3279 2626 est,
3306 2580 3450 2621 mors
3471 2565 3812 2634 oppressit.Qui-

2338 2661 2437 2714 bus
2468 2657 2776 2726 intellectis,
2812 2656 2966 2712 Saba:
2994 2656 3226 2712 Lauram
3277 2657 3504 2728 Georgio
3527 2658 3700 2713 cuidam
3720 2674 3811 2712 cori-

2337 2765 2592 2805 secraneo
2624 2766 2721 2805 suo
2753 2751 3066 2821 regendam.
3103 2749 3456 2803 committunt
3484 2747 3744 2803 Theodorus
3773 2756 3808 2802 et

2337 2841 2691 2896 Domitianus.
2727 2841 3078 2896 Orthodoxos
3120 2839 3208 2894 ille
3267 2839 3537 2895 confestim
3569 2839 3707 2892 Laura
3730 2839 3810 2892 exi-

2335 2937 2430 3006 git.
2457 2937 2525 2989 At
2554 2936 2666 3005 ipse
2696 2949 2910 3004 quoque
2939 2948 3043 2987 non
3079 2933 3257 2988 multo
3293 2942 3411 3003 post
3459 2932 3706 2987 libidinosa:
3738 2945 3806 2984 cuo

2329 3030 2541 3100 jusdam
2580 3028 2904 3099 impuritatis
2935 3027 3217 3082 convictus
3268 3026 3579 3080 monasterio
3617 3023 3804 3093 abigitur.

658 3131 992 3203 damleguut
1021 3129 1278 3194 rembotli,
1304 3142 1463 3198 quam
1504 3141 1688 3182 vocem
1733 3143 1763 3180 a
1806 3121 1996 3182 Graeco
2025 3126 2228 3198 ῥέμῦος
2255 3154 2298 3212 c
2331 3137 2454 3178 cum
2508 3121 2666 3192 paulo
2719 3129 2845 3174 ante
2905 3120 3215 3189 turpissimo
3282 3120 3430 3174 exitu
3477 3116 3659 3172 Nonnus
3683 3115 3802 3212 vitant

659 3225 927 3280 detortam
974 3221 1169 3292 aliquis
1229 3218 1456 3276 forsitan
1515 3219 1931 3277 existimaverit.
1993 3218 2228 3290 Ῥέμϐος

661 3316 936 3372 hominem
965 3327 1163 3384 vagum
1195 3320 1356 3383 atque
1383 3327 1631 3368 erronem
1660 3322 1834 3366 sonat.
1853 3311 2012 3367 Tales
2043 3322 2224 3366 autem

657 3408 966 3464 sarabaitas.
989 3406 1301 3470 Cassianus,
1324 3403 1502 3459 collat.
1524 3403 1610 3466 18,
1646 3421 1665 3454 ι
1701 3403 2012 3458 Sarabaitas
2032 3420 2055 3455 ι
2076 3417 2225 3457 asse-

654 3503 733 3557 rit
753 3519 772 3553 ¢
803 3515 909 3555 non
929 3508 1211 3556 contentos
1226 3497 1433 3553 abbatis
1449 3511 1576 3550 cura
1595 3505 1756 3566 atque.
1780 3496 2003 3565 imperio
2031 3495 2226 3566 guber-

661 3595 802 3662 nari,
838 3594 939 3649 hoc
967 3592 1238 3662 praecipue
1279 3603 1597 3658 procurare,
1632 3597 1691 3642 ut
1727 3587 1956 3642 absoluti
1987 3604 2016 3642 a
2044 3589 2226 3643 senio-

657 3695 778 3743 rum
797 3685 948 3755 jugo,
976 3682 1263 3738 exercendi
1291 3681 1592 3736 voluntates
1623 3695 1772 3744 suas,
1798 3691 1850 3735 et
1873 3681 2221 3750 procedendi,

657 3779 745 3834 vel
771 3794 881 3847 quo
905 3776 1166 3844 placuerit
1213 3775 1477 3846 evagandi
1519 3774 1820 3843 agendique
1845 3773 1988 3842 quod
2010 3773 2220 3828 libitqu

657 3871 840 3933 luerit,
866 3869 1101 3924 habeant
1138 3867 1464 3922 libertatem.
1503 3885 1521 3918 ι
1553 3866 1689 3933 Quid
1725 3866 1768 3918 si
1801 3881 1898 3934 pro
1955 3866 2221 3920 remobotlt

653 3961 899 4032 legamus
961 3958 1229 4024 rehobotli,
1298 3973 1327 4011 a
1381 3965 1550 4023 nam,
1601 3973 1693 4013 seu
1731 3965 1933 4031 tum,
1992 3959 2219 4012 Arabica

653 4065 807 4120 voce,
841 4063 960 4120 qua:
985 4050 1304 4104 monachum
1355 4059 1532 4104 sonat.
1567 4049 1635 4103 At
1673 4049 1909 4105 Isidorus
1936 4050 2028 4104 lib.
2071 4066 2107 4104 tt
2142 4049 2219 4105 De

595 4127 598 4130 ’
651 4143 783 4213 οπερ.
837 4139 966 4194 eccl.
1013 4153 1134 4206 cap.
1179 4137 1269 4192 15.
1317 4154 1336 4188 ε
1387 4121 1611 4192 Sextum
1649 4154 1818 4207 genus
1873 4149 1973 4204 est,
2021 4141 2215 4210 inquit,

651 4231 1043 4290 monachorum
1077 4237 1134 4284 et
1197 4227 1371 4297 ipsum
1429 4228 1764 4282 teterrimum
1821 4240 1983 4300 atque
2035 4231 2219 4301 negle-

649 4337 820 4391 ctum,
853 4321 995 4392 quod
1031 4336 1128 4390 per
1157 4318 1427 4374 Ananiam
1457 4331 1512 4374 et
1544 4318 1863 4389 Sapphiram
1894 4323 1948 4377 in
1989 4327 2219 4381 exordio

646 4415 900 4471 Ecclesiae
923 4411 1228 4483 pullulavit,
1263 4420 1318 4466 et
1365 4411 1592 4480 apostoli
1617 4413 1768 4469 Petri
1800 4416 2093 4472 severitate
2117 4432 2215 4472 ex-

2331 3217 2636 3273 clausisset.
2689 3215 2991 3284 Georgium
3019 3212 3233 3281 excepit
3267 3210 3548 3265 Cassianus
3567 3208 3631 3260 vir
3655 3205 3802 3271 Sallclis

2328 3319 2381 3365 et
2407 3309 2660 3380 legitimis
2683 3307 2979 3376 disciplinis
3013 3307 3065 3360 in
3103 3305 3267 3360 Saba:
3321 3302 3621 3359 umbraculis
3645 3301 3800 3354 institui

2329 3412 2447 3468 tus;
2477 3401 2788 3458 Cassianum
2808 3401 3125 3469 postdecem
3158 3413 3372 3453 menses
3389 3391 3801 3450 defunctumConon

2327 3497 2582 3552 doctrinae
2614 3495 2920 3565 integritate
2948 3503 3002 3549 et
3024 3494 3223 3547 virtute
3250 3491 3386 3546 nulli
3411 3491 3659 3556 secumlus,
3684 3502 3797 3556 aquo

2326 3587 2703 3658 frequentibus
2738 3587 2973 3642 dissidiis
3007 3586 3225 3649 aillicta,
3263 3596 3316 3641 et
3348 3600 3503 3655 prope
3526 3587 3618 3652 jam
3644 3585 3799 3636 deserta

2323 3681 2499 3735 Laura
2541 3682 2809 3735 revocatis
2864 3679 3115 3733 Patribus
3161 3679 3476 3733 orthodoxis
3513 3679 3562 3731 in
3583 3676 3797 3746 pristinum

2321 3774 2660 3844 splendorem
2700 3777 2945 3827 restituta
2995 3782 3122 3827 est:
3181 3787 3305 3826 cum
3355 3771 3623 3843 praesertim
3667 3765 3800 3834 proﬂi-

2323 3867 2498 3937 gando
2539 3864 2878 3934 Origenismo
2926 3877 3148 3932 operam
3206 3878 3361 3916 suam
3420 3869 3617 3917 navaret
3656 3855 3797 3910 iisdem

2323 3958 2656 4026 temporibus
2690 3954 3027 4010 Theodosius
3059 3954 3198 4022 apud
3235 3952 3538 4007 Palaestinos
3559 3945 3794 4004 C(Bttobiar-

2321 4049 2443 4114 eha,
2475 4049 2566 4118 qui
2599 4050 2741 4102 inter
2769 4045 3048 4116 regionum
3099 4030 3317 4099 iilarum
3354 4042 3615 4099 monachos
3640 4032 3794 4101 insigni

2320 4155 2527 4196 tuorum
2586 4137 2874 4194 sanctitate
2945 4151 3192 4207 magnam
3266 4135 3440 4190 fuerat
3491 4128 3795 4187 auctoritatem

2317 4239 2658 4288 consecutus.
2679 4228 2794 4295 Qua
2818 4228 3034 4282 circiter
3058 4237 3377 4297 tempestate
3392 4229 3564 4280 harum
3582 4221 3794 4289 regionum

2317 4322 2652 4392 Origenistas
2683 4319 2908 4375 collecta
2942 4321 3006 4372 ab
3041 4317 3346 4387 Ephraamio
3367 4315 3667 4371 Antiocheno
3692 4321 3793 4378 pra:-

2316 4413 2432 4470 sule
2463 4413 2701 4484 synodus
2727 4410 3069 4466 anathemate
3108 4409 3416 4474 damnavit,
3449 4416 3502 4460 ut
3543 4411 3697 4459 narrat
3729 4412 3798 4451 au-

642 4509 814 4564 cisum
837 4518 958 4572 est;
983 4507 1183 4577 quique
1219 4505 1290 4561 ab
1321 4519 1390 4560 eo
1407 4505 1549 4575 quod
1575 4506 1894 4576 semetipsos
1915 4523 1945 4561 a
1966 4511 2210 4564 etenobi-
2245 4499 2290 4556 D
2318 4515 2434 4561 ctor
2460 4504 2724 4575 synodici,
2747 4502 2890 4572 quod
2929 4515 3096 4569 nuper
3126 4503 3175 4556 in
3205 4501 3515 4554 Bibliotheca
3532 4496 3650 4567 juris
3677 4504 3795 4544 cana-

643 4600 737 4656 tali
766 4599 1046 4667 disciplina
1075 4607 1441 4668 sequestrant,
1468 4612 1564 4653 sua
1581 4613 1715 4668 sque
1738 4609 2000 4670 appetunt
2045 4601 2206 4656 liberi

641 4690 968 4754 voluntates,
998 4688 1376 4760 [Egyptiorum
1421 4688 1600 4760 lingua
1645 4691 1943 4756 sarrbaitw,
1977 4706 2071 4746 seu
2120 4709 2205 4746 re-

639 4782 801 4837 nuitw
826 4789 1224 4849 nuncupantur.
1245 4798 1264 4831 i
1284 4790 1396 4842 ’,τετυ
1414 4783 1555 4834 enim
1584 4781 1724 4835 idem
1741 4791 1898 4836 sonat
1922 4798 1985 4837 ac
2012 4785 2202 4838 renuit.

640 4875 748 4930 Sed
785 4885 962 4929 tamen
995 4889 1102 4928 non
1130 4873 1361 4927 absurde
1386 4875 1507 4942 quis
1533 4875 1834 4943 coniecerit
1857 4875 1960 4930 hoc
1985 4876 2103 4931 loco
2128 4878 2206 4931 le-

637 4969 868 5039 gendum
922 4965 1156 5021 rehiuitee
1206 4964 1346 5032 quod
1399 4965 1537 5019 idem
1595 4973 1678 5020 est
1737 4980 1798 5020 ac
1834 4968 2106 5032 reltebotlt,
2173 4983 2204 5023 a

631 5065 794 5122 arm,
849 5059 982 5113 adeo
1037 5066 1096 5110 ut
1143 5056 1279 5110 duas
1327 5058 1712 5111 monachorum
1757 5058 1969 5112 illorum
2029 5058 2202 5132 [Egy-

645 5149 854 5219 ptlacas
896 5145 1301 5218 appellationes,
1323 5146 1660 5212 sarabaitas,
1703 5156 1757 5202 et
1783 5147 2055 5214 rehobuth,
2089 5153 2208 5208 sive

634 5239 890 5294 rehiuitas
921 5237 1250 5307 expresserit
1277 5252 1292 5302 ;
1327 5237 1404 5290 ait
1427 5237 1570 5291 enim
1601 5253 1614 5289 :
1647 5257 1664 5290 ι
1705 5237 2079 5310 Egyptiorum
2109 5240 2206 5296 lin-

633 5348 738 5403 gua
783 5331 1090 5394 sarabaitas,
1133 5332 1249 5385 sive
1291 5331 1524 5385 reltivites
1577 5344 1973 5401 nuncupantur.
2016 5355 2034 5386 ι
2072 5335 2202 5401 Quae

629 5440 733 5480 vox
773 5423 1034 5493 posterior
1081 5421 1236 5476 facile
1267 5437 1454 5477 recusa
1503 5434 1585 5477 est
1631 5424 1684 5477 in
1735 5426 1953 5479 reuuitw
1991 5443 2009 5480 :
2049 5429 2193 5484 unde

627 5516 744 5572 Odo
774 5511 1168 5577 Cluniacensis,
1203 5511 1386 5568 collat.
1417 5513 1472 5578 5,
1509 5531 1528 5565 ε
1567 5512 1674 5568 Nos
1715 5515 1895 5570 miseri
1947 5532 2052 5571 non
2105 5532 2196 5573 su-

627 5620 748 5660 mas
776 5602 1046 5670 monachi,
1079 5612 1138 5657 ut
1178 5601 1314 5660 falso
1351 5606 1716 5670 nominamur,
1747 5607 1844 5661 sed
1877 5609 2184 5674 sarabaitze,

626 5696 680 5748 id
725 5705 809 5748 est
862 5696 1121 5760 renuitze,
1179 5695 1271 5762 qui
1323 5695 1507 5766 jugum
1571 5697 1839 5768 regularis
1891 5699 2189 5770 disciplima

625 5784 918 5840 reuuimus.
957 5805 974 5838 ι
1008 5787 1276 5844 Creteer
1323 5790 1997 5883 .vocabuquiunn'tus‘cu
2026 5804 2200 5884 't'tznft.
2295 5793 2592 5852 acerrimus
2645 5790 3016 5878 Origenianze
3055 5801 3236 5845 causa:
3299 5780 3597 5855 ριὀρυεηειο

2316 4596 2420 4650 nici
2451 4594 2631 4648 recudi
2663 4592 2875 4647 curavit
2903 4593 3307 4647 eruditissimus
3359 4600 3413 4645 et
3452 4581 3794 4642 humanissimus

2315 4686 2576 4742 Henricus
2615 4684 2898 4750 Justellus,
2918 4684 3313 4752 Christophoro
3354 4691 3497 4752 patre
3523 4674 3792 4746 dignissimus

2314 4779 2476 4834 ﬁlius.
2521 4777 2735 4832 Fractis
2769 4789 2947 4832 autem
2979 4776 3298 4846 Origenistte
3329 4772 3518 4828 viribus
3542 4766 3792 4822 destiterunt

2311 4872 2381 4928 ab
2412 4872 2840 4926 orthodoxorum
2894 4869 3281 4930 insectatione;
3331 4863 3515 4919 multas
3543 4869 3652 4911 vero
3690 4853 3791 4904 inter

2318 4978 2378 5020 se
2402 4963 2590 5017 turbas
2625 4972 2681 5016 et
2717 4959 2896 5030 praelia
2936 4958 3314 5013 conciverunt.

2379 5053 2488 5110 Vll.
2517 5029 2731 5122 Pelagio
2775 5053 2834 5105 δ.
2869 5050 2934 5103 R.
2971 5048 3030 5103 Ε.
3076 5049 3303 5102 diacono
3338 5029 3778 5102 Constantinopolim

2306 5161 2337 5203 e
2375 5145 2654 5202 Palaestina
2684 5142 2933 5199 redeunti
2963 5141 3189 5197 comites
3219 5155 3274 5195 se
3298 5138 3625 5206 adjunxerunt
3643 5135 3781 5216 ruona:

2305 5240 2392 5295 chi
2449 5239 2652 5307 aliquot
2715 5233 3004 5289 Palaestini.
3078 5232 3257 5287 Causa
3320 5231 3427 5283 hare.
3479 5211 3778 5316 proﬁciscendi

2308 5335 2427 5388 fuit.
2458 5332 2733 5400 Praecipua
2761 5330 3007 5398 quaedam
3033 5342 3098 5383 ex
3129 5316 3372 5398 Origenis
3403 5319 3541 5374 libris
3565 5315 3774 5369 haereseon

2305 5410 2482 5494 capita
2517 5430 2923 5492 excerpserant.
2980 5417 3057 5474 Ea
3090 5417 3390 5473 Iustiniano
3422 5411 3612 5468 offerre,
3653 5409 3694 5494 et
3733 5403 3771 5446 υ¹

2303 5490 2406 5572 una
2433 5532 2552 5571 cum
2586 5490 2819 5583 Origene
2840 5514 3244 5575 damnarentur,
3273 5510 3541 5576 impetrare
3567 5490 3768 5583 volebant-

2299 5609 2552 5664 Florehat
2585 5579 2712 5661 tunc
2743 5605 3001 5674 teruporis
3039 5600 3376 5672 imperatoris
3396 5593 3550 5666 gratia
3580 5579 3767 5639 Theodo'

2300 5717 2391 5756 ius
2427 5700 2513 5754 ille
2544 5714 2702 5768 quem
2729 5697 2864 5762 dixi,
2895 5695 3156 5751 Caesareae
3174 5685 3504 5762 Cappadociae
3524 5678 3766 5806 εερίείεοριιείΞ

2300 5809 2316 5812 ’
2342 5793 2588 5812 ’““”ε“”“’
2646 5790 2982 5812 Π⁸’²“⁴“²’“··-“
3058 5801 3235 5812 ἰη’-ησ-
3299 5780 3622 5812 nnnmmnnlm'
3663 5772 3738 5812 εει

3600 5773 3738 5823 τίει
