  <div class='ocr_page' id='page_1' title='image "/cluster/home/n/w/nwhite01/storage/ocr_20150623/17/mdp.39015031604831/588.png"; bbox 0 0 4068 6312; ppageno 0'>
   <div class='ocr_carea' id='block_1_1' title="bbox 286 391 438 445">
    <p class='ocr_par' dir='ltr' id='par_1_1' title="bbox 286 391 438 445">
     <span class='ocr_line' id='line_1_1' title="bbox 286 391 438 445; baseline 0.007 -2"><span class='ocrx_word' id='word_1_1' title='bbox 286 391 438 445; x_wconf 76' lang='lat'><strong>“63&#39;</strong></span> 
     </span>
    </p>
   </div>
   <div class='ocr_carea' id='block_1_2' title="bbox 1138 390 2652 460">
    <p class='ocr_par' dir='ltr' id='par_1_2' title="bbox 1138 390 2652 460">
     <span class='ocr_line' id='line_1_2' title="bbox 1138 390 2652 460; baseline 0.007 -19"><span class='ocrx_word' id='word_1_2' title='bbox 1138 392 1710 447; x_wconf 71' lang='lat' dir='ltr'><strong>OliIGEMANORUM</strong></span> <span class='ocrx_word' id='word_1_3' title='bbox 1749 391 1879 447; x_wconf 84' lang='lat' dir='ltr'><strong>LIB.</strong></span> <span class='ocrx_word' id='word_1_4' title='bbox 1923 391 1987 459; x_wconf 88' lang='lat' dir='ltr'><strong>Il,</strong></span> <span class='ocrx_word' id='word_1_5' title='bbox 2028 390 2182 450; x_wconf 83' lang='lat' dir='ltr'><strong>CAP.</strong></span> <span class='ocrx_word' id='word_1_6' title='bbox 2224 392 2313 460; x_wconf 82' lang='lat' dir='ltr'><strong>IV,</strong></span> <span class='ocrx_word' id='word_1_7' title='bbox 2354 393 2547 451; x_wconf 85' lang='lat' dir='ltr'><strong>SECT.</strong></span> <span class='ocrx_word' id='word_1_8' title='bbox 2588 394 2652 451; x_wconf 90' lang='grc'><strong>11.</strong></span> 
     </span>
    </p>
   </div>
   <div class='ocr_carea' id='block_1_3' title="bbox 3374 400 3527 471">
    <p class='ocr_par' dir='ltr' id='par_1_3' title="bbox 3374 400 3527 471">
     <span class='ocr_line' id='line_1_3' title="bbox 3374 400 3527 471; baseline 0.026 -18"><span class='ocrx_word' id='word_1_9' title='bbox 3374 400 3527 471; x_wconf 75' lang='lat' dir='ltr'><strong>meo</strong></span> 
     </span>
    </p>
   </div>
   <div class='ocr_carea' id='block_1_4' title="bbox 283 510 3544 589">
    <p class='ocr_par' dir='ltr' id='par_1_4' title="bbox 283 510 3544 589">
     <span class='ocr_line' id='line_1_4' title="bbox 283 510 3544 589; baseline 0.003 -24"><span class='ocrx_word' id='word_1_10' title='bbox 283 527 408 565; x_wconf 88' lang='lat' dir='ltr'><strong>cum</strong></span> <span class='ocrx_word' id='word_1_11' title='bbox 444 510 583 564; x_wconf 91' lang='lat' dir='ltr'><strong>male</strong></span> <span class='ocrx_word' id='word_1_12' title='bbox 612 510 819 566; x_wconf 84' lang='lat' dir='ltr'><strong>ideirco</strong></span> <span class='ocrx_word' id='word_1_13' title='bbox 850 510 1009 565; x_wconf 91' lang='lat' dir='ltr'><strong>vellet</strong></span> <span class='ocrx_word' id='word_1_14' title='bbox 1033 510 1304 582; x_wconf 79' lang='lat' dir='ltr'><strong>Pelagius,</strong></span> <span class='ocrx_word' id='word_1_15' title='bbox 1328 511 1653 569; x_wconf 82' lang='lat' dir='ltr'><strong>Palaestinos</strong></span> <span class='ocrx_word' id='word_1_16' title='bbox 1682 530 1863 570; x_wconf 90' lang='lat' dir='ltr'><strong>mona-</strong></span> <span class='ocrx_word' id='word_1_17' title='bbox 1890 521 1935 578; x_wconf 81' lang='grc' dir='ltr'>Α</span> <span class='ocrx_word' id='word_1_18' title='bbox 1964 531 2084 571; x_wconf 91' lang='lat' dir='ltr'><strong>cum</strong></span> <span class='ocrx_word' id='word_1_19' title='bbox 2115 517 2374 573; x_wconf 88' lang='lat' dir='ltr'><strong>adversus</strong></span> <span class='ocrx_word' id='word_1_20' title='bbox 2403 518 2655 588; x_wconf 87' lang='lat' dir='ltr'><strong>Origenis</strong></span> <span class='ocrx_word' id='word_1_21' title='bbox 2689 517 3034 586; x_wconf 88' lang='lat' dir='ltr'><strong>sententiam,</strong></span> <span class='ocrx_word' id='word_1_22' title='bbox 3084 533 3204 589; x_wconf 71' lang='lat' dir='ltr'><strong>quae</strong></span> <span class='ocrx_word' id='word_1_23' title='bbox 3237 528 3380 574; x_wconf 92' lang='lat' dir='ltr'><strong>astra</strong></span> <span class='ocrx_word' id='word_1_24' title='bbox 3440 536 3544 574; x_wconf 73' lang='grc' dir='ltr'>το·-</span> 
     </span>
    </p>
   </div>
   <div class='ocr_carea' id='block_1_5' title="bbox 282 603 1855 675">
    <p class='ocr_par' dir='ltr' id='par_1_5' title="bbox 282 603 1855 675">
     <span class='ocr_line' id='line_1_5' title="bbox 282 603 1855 675; baseline 0.003 -18"><span class='ocrx_word' id='word_1_25' title='bbox 282 605 419 657; x_wconf 77' lang='lat' dir='ltr'><strong>chos</strong></span> <span class='ocrx_word' id='word_1_26' title='bbox 444 603 967 673; x_wconf 71' lang='lat' dir='ltr'><strong>Cotistantinopolim</strong></span> <span class='ocrx_word' id='word_1_27' title='bbox 1020 604 1292 671; x_wconf 84' lang='lat' dir='ltr'><strong>perduxit,</strong></span> <span class='ocrx_word' id='word_1_28' title='bbox 1345 614 1399 659; x_wconf 86' lang='lat' dir='ltr'><strong>et</strong></span> <span class='ocrx_word' id='word_1_29' title='bbox 1449 606 1855 675; x_wconf 88' lang='lat' dir='ltr'><strong>astipulatorem</strong></span> 
     </span>
    </p>
   </div>
   <div class='ocr_carea' id='block_1_6' title="bbox 284 696 1854 768">
    <p class='ocr_par' dir='ltr' id='par_1_6' title="bbox 284 696 1854 768">
     <span class='ocr_line' id='line_1_6' title="bbox 284 696 1854 768; baseline 0.002 -17"><span class='ocrx_word' id='word_1_30' title='bbox 284 696 500 751; x_wconf 87' lang='lat' dir='ltr'><strong>habens</strong></span> <span class='ocrx_word' id='word_1_31' title='bbox 534 696 739 750; x_wconf 80' lang='lat' dir='ltr'><strong>Menam</strong></span> <span class='ocrx_word' id='word_1_32' title='bbox 783 697 1436 766; x_wconf 86' lang='lat' dir='ltr'><strong>Constantinopolitanum</strong></span> <span class='ocrx_word' id='word_1_33' title='bbox 1471 700 1854 768; x_wconf 89' lang='lat' dir='ltr'><strong>patriarcham,</strong></span> 
     </span>
    </p>
   </div>
   <div class='ocr_carea' id='block_1_7' title="bbox 280 786 1855 859">
    <p class='ocr_par' dir='ltr' id='par_1_7' title="bbox 280 786 1855 859">
     <span class='ocr_line' id='line_1_7' title="bbox 280 786 1855 859; baseline 0.004 -18"><span class='ocrx_word' id='word_1_34' title='bbox 280 802 313 841; x_wconf 85' lang='lat' dir='ltr'><strong>a</strong></span> <span class='ocrx_word' id='word_1_35' title='bbox 348 786 657 843; x_wconf 85' lang='lat' dir='ltr'><strong>Justiniano</strong></span> <span class='ocrx_word' id='word_1_36' title='bbox 689 788 966 858; x_wconf 78' lang='lat' dir='ltr'><strong>ﬂagilavit,</strong></span> <span class='ocrx_word' id='word_1_37' title='bbox 1001 796 1058 841; x_wconf 90' lang='lat' dir='ltr'><strong>ut</strong></span> <span class='ocrx_word' id='word_1_38' title='bbox 1102 804 1291 843; x_wconf 90' lang='lat' dir='ltr'><strong>eorum</strong></span> <span class='ocrx_word' id='word_1_39' title='bbox 1338 792 1624 859; x_wconf 74' lang='lat' dir='ltr'><strong>postulatis</strong></span> <span class='ocrx_word' id='word_1_40' title='bbox 1650 808 1855 847; x_wconf 86' lang='lat' dir='ltr'><strong>annue-</strong></span> 
     </span>
    </p>
   </div>
   <div class='ocr_carea' id='block_1_8' title="bbox 282 880 1853 941">
    <p class='ocr_par' dir='ltr' id='par_1_8' title="bbox 282 880 1853 941">
     <span class='ocr_line' id='line_1_8' title="bbox 282 880 1853 941; baseline 0.006 -9"><span class='ocrx_word' id='word_1_41' title='bbox 282 891 391 935; x_wconf 89' lang='lat' dir='ltr'><strong>ret.</strong></span> <span class='ocrx_word' id='word_1_42' title='bbox 426 880 626 935; x_wconf 83' lang='lat' dir='ltr'><strong>Rerum</strong></span> <span class='ocrx_word' id='word_1_43' title='bbox 652 880 1143 935; x_wconf 91' lang='lat' dir='ltr'><strong>ecclesiasticarum</strong></span> <span class='ocrx_word' id='word_1_44' title='bbox 1179 884 1459 937; x_wconf 87' lang='lat' dir='ltr'><strong>arbitrium</strong></span> <span class='ocrx_word' id='word_1_45' title='bbox 1480 886 1545 938; x_wconf 94' lang='lat' dir='ltr'><strong>ad</strong></span> <span class='ocrx_word' id='word_1_46' title='bbox 1573 900 1632 940; x_wconf 90' lang='lat' dir='ltr'><strong>se</strong></span> <span class='ocrx_word' id='word_1_47' title='bbox 1656 885 1853 941; x_wconf 89' lang='lat' dir='ltr'><strong>deferri</strong></span> 
     </span>
    </p>
   </div>
   <div class='ocr_carea' id='block_1_9' title="bbox 278 972 1857 1043">
    <p class='ocr_par' dir='ltr' id='par_1_9' title="bbox 278 972 1857 1043">
     <span class='ocr_line' id='line_1_9' title="bbox 278 972 1857 1043; baseline 0.006 -22"><span class='ocrx_word' id='word_1_48' title='bbox 278 973 530 1039; x_wconf 78' lang='lat' dir='ltr'><strong>gaudens</strong></span> <span class='ocrx_word' id='word_1_49' title='bbox 561 973 849 1039; x_wconf 72' lang='lat' dir='ltr'><strong>imperator</strong></span> <span class='ocrx_word' id='word_1_50' title='bbox 874 972 980 1025; x_wconf 93' lang='lat' dir='ltr'><strong>voti</strong></span> <span class='ocrx_word' id='word_1_51' title='bbox 1035 987 1129 1027; x_wconf 93' lang='lat' dir='ltr'><strong>eos</strong></span> <span class='ocrx_word' id='word_1_52' title='bbox 1168 984 1444 1043; x_wconf 87' lang='lat' dir='ltr'><strong>compotes</strong></span> <span class='ocrx_word' id='word_1_53' title='bbox 1475 974 1625 1041; x_wconf 86' lang='lat' dir='ltr'><strong>fecit,</strong></span> <span class='ocrx_word' id='word_1_54' title='bbox 1660 986 1713 1032; x_wconf 90' lang='lat' dir='ltr'><strong>et</strong></span> <span class='ocrx_word' id='word_1_55' title='bbox 1760 993 1857 1031; x_wconf 86' lang='lat' dir='ltr'><strong>no-</strong></span> 
     </span>
    </p>
   </div>
   <div class='ocr_carea' id='block_1_10' title="bbox 281 1062 1852 1139">
    <p class='ocr_par' dir='ltr' id='par_1_10' title="bbox 281 1062 1852 1139">
     <span class='ocr_line' id='line_1_10' title="bbox 281 1062 1852 1139; baseline 0.007 -27"><span class='ocrx_word' id='word_1_56' title='bbox 281 1062 435 1116; x_wconf 86' lang='lat' dir='ltr'><strong>mine</strong></span> <span class='ocrx_word' id='word_1_57' title='bbox 459 1077 557 1115; x_wconf 89' lang='lat' dir='ltr'><strong>suo</strong></span> <span class='ocrx_word' id='word_1_58' title='bbox 584 1062 875 1131; x_wconf 86' lang='lat' dir='ltr'><strong>Epistolam</strong></span> <span class='ocrx_word' id='word_1_59' title='bbox 912 1062 979 1117; x_wconf 90' lang='lat' dir='ltr'><strong>ad</strong></span> <span class='ocrx_word' id='word_1_60' title='bbox 1012 1062 1226 1118; x_wconf 84' lang='lat' dir='ltr'><strong>Menam</strong></span> <span class='ocrx_word' id='word_1_61' title='bbox 1258 1067 1527 1120; x_wconf 88' lang='lat' dir='ltr'><strong>conscribi</strong></span> <span class='ocrx_word' id='word_1_62' title='bbox 1557 1067 1852 1139; x_wconf 88' lang='lat' dir='ltr'><strong>jussit,qua</strong></span> 
     </span>
    </p>
   </div>
   <div class='ocr_carea' id='block_1_11' title="bbox 276 1152 1853 1223">
    <p class='ocr_par' dir='ltr' id='par_1_11' title="bbox 276 1152 1853 1223">
     <span class='ocr_line' id='line_1_11' title="bbox 276 1152 1853 1223; baseline 0.005 -16"><span class='ocrx_word' id='word_1_63' title='bbox 276 1152 535 1223; x_wconf 83' lang='lat' dir='ltr'><strong>Origenis</strong></span> <span class='ocrx_word' id='word_1_64' title='bbox 573 1162 625 1206; x_wconf 92' lang='lat' dir='ltr'><strong>et</strong></span> <span class='ocrx_word' id='word_1_65' title='bbox 704 1153 1154 1221; x_wconf 79' lang='lat' dir='ltr'><strong>Origenianorum</strong></span> <span class='ocrx_word' id='word_1_66' title='bbox 1206 1157 1511 1223; x_wconf 79' lang='lat' dir='ltr'><strong>dogmatum</strong></span> <span class='ocrx_word' id='word_1_67' title='bbox 1579 1161 1853 1215; x_wconf 84' lang='lat' dir='ltr'><strong>damnatio</strong></span> 
     </span>
    </p>
   </div>
   <div class='ocr_carea' id='block_1_12' title="bbox 273 1243 1851 1317">
    <p class='ocr_par' dir='ltr' id='par_1_12' title="bbox 273 1243 1851 1317">
     <span class='ocr_line' id='line_1_12' title="bbox 273 1243 1851 1317; baseline 0.006 -21"><span class='ocrx_word' id='word_1_68' title='bbox 273 1246 607 1299; x_wconf 79' lang='lat' dir='ltr'><strong>continetur.</strong></span> <span class='ocrx_word' id='word_1_69' title='bbox 636 1243 826 1314; x_wconf 88' lang='lat' dir='ltr'><strong>Operae</strong></span> <span class='ocrx_word' id='word_1_70' title='bbox 854 1247 1083 1314; x_wconf 88' lang='lat' dir='ltr'><strong>pretium</strong></span> <span class='ocrx_word' id='word_1_71' title='bbox 1107 1256 1191 1301; x_wconf 90' lang='lat' dir='ltr'><strong>est</strong></span> <span class='ocrx_word' id='word_1_72' title='bbox 1224 1248 1335 1317; x_wconf 89' lang='lat' dir='ltr'><strong>ipsa</strong></span> <span class='ocrx_word' id='word_1_73' title='bbox 1367 1248 1602 1304; x_wconf 86' lang='lat' dir='ltr'><strong>Liberali</strong></span> <span class='ocrx_word' id='word_1_74' title='bbox 1625 1251 1851 1306; x_wconf 89' lang='lat' dir='ltr'><strong>Cartha-</strong></span> 
     </span>
    </p>
   </div>
   <div class='ocr_carea' id='block_1_13' title="bbox 272 1336 1853 1403">
    <p class='ocr_par' dir='ltr' id='par_1_13' title="bbox 272 1336 1853 1403">
     <span class='ocr_line' id='line_1_13' title="bbox 272 1336 1853 1403; baseline 0.006 -15"><span class='ocrx_word' id='word_1_75' title='bbox 272 1336 519 1403; x_wconf 87' lang='lat' dir='ltr'><strong>ginensis</strong></span> <span class='ocrx_word' id='word_1_76' title='bbox 549 1337 915 1390; x_wconf 89' lang='lat' dir='ltr'><strong>archidiaconi</strong></span> <span class='ocrx_word' id='word_1_77' title='bbox 947 1339 1109 1392; x_wconf 91' lang='lat' dir='ltr'><strong>verba</strong></span> <span class='ocrx_word' id='word_1_78' title='bbox 1141 1340 1369 1395; x_wconf 87' lang='lat' dir='ltr'><strong>recitare</strong></span> <span class='ocrx_word' id='word_1_79' title='bbox 1386 1341 1432 1372; x_wconf 82' lang='grc'><strong>³⁸</strong></span> <span class='ocrx_word' id='word_1_80' title='bbox 1469 1359 1485 1392; x_wconf 77' lang='grc' dir='ltr'><strong>ι</strong></span> <span class='ocrx_word' id='word_1_81' title='bbox 1515 1341 1745 1399; x_wconf 70' lang='lat' dir='ltr'><strong>lubente</strong></span> <span class='ocrx_word' id='word_1_82' title='bbox 1788 1359 1853 1399; x_wconf 88' lang='lat' dir='ltr'><strong>eo</strong></span> 
     </span>
    </p>
   </div>
   <div class='ocr_carea' id='block_1_14' title="bbox 273 1429 1851 1503">
    <p class='ocr_par' dir='ltr' id='par_1_14' title="bbox 273 1429 1851 1503">
     <span class='ocr_line' id='line_1_14' title="bbox 273 1429 1851 1503; baseline 0.004 -20"><span class='ocrx_word' id='word_1_83' title='bbox 273 1429 477 1484; x_wconf 89' lang='lat' dir='ltr'><strong>dictata</strong></span> <span class='ocrx_word' id='word_1_84' title='bbox 511 1440 594 1485; x_wconf 90' lang='lat' dir='ltr'><strong>est</strong></span> <span class='ocrx_word' id='word_1_85' title='bbox 627 1430 680 1484; x_wconf 93' lang='lat' dir='ltr'><strong>in</strong></span> <span class='ocrx_word' id='word_1_86' title='bbox 706 1429 1020 1499; x_wconf 86' lang='lat' dir='ltr'><strong>Origenem,</strong></span> <span class='ocrx_word' id='word_1_87' title='bbox 1043 1440 1097 1484; x_wconf 89' lang='lat' dir='ltr'><strong>et</strong></span> <span class='ocrx_word' id='word_1_88' title='bbox 1128 1431 1180 1484; x_wconf 95' lang='lat' dir='ltr'><strong>in</strong></span> <span class='ocrx_word' id='word_1_89' title='bbox 1210 1431 1304 1486; x_wconf 89' lang='lat' dir='ltr'><strong>illa</strong></span> <span class='ocrx_word' id='word_1_90' title='bbox 1349 1433 1584 1503; x_wconf 85' lang='lat' dir='ltr'><strong>capitula</strong></span> <span class='ocrx_word' id='word_1_91' title='bbox 1625 1436 1851 1490; x_wconf 90' lang='lat' dir='ltr'><strong>anathe-</strong></span> 
     </span>
    </p>
   </div>
   <div class='ocr_carea' id='block_1_15' title="bbox 272 1522 1851 1592">
    <p class='ocr_par' dir='ltr' id='par_1_15' title="bbox 272 1522 1851 1592">
     <span class='ocr_line' id='line_1_15' title="bbox 272 1522 1851 1592; baseline 0.004 -16"><span class='ocrx_word' id='word_1_92' title='bbox 272 1523 442 1577; x_wconf 90' lang='lat' dir='ltr'><strong>matis</strong></span> <span class='ocrx_word' id='word_1_93' title='bbox 467 1524 767 1586; x_wconf 84' lang='lat' dir='ltr'><strong>damnatio,</strong></span> <span class='ocrx_word' id='word_1_94' title='bbox 787 1538 945 1592; x_wconf 89' lang='lat' dir='ltr'><strong>quam</strong></span> <span class='ocrx_word' id='word_1_95' title='bbox 980 1522 1389 1579; x_wconf 84' lang='lat' dir='ltr'><strong>subseribentes</strong></span> <span class='ocrx_word' id='word_1_96' title='bbox 1420 1541 1526 1581; x_wconf 87' lang='lat' dir='ltr'><strong>una</strong></span> <span class='ocrx_word' id='word_1_97' title='bbox 1554 1542 1672 1583; x_wconf 93' lang='lat' dir='ltr'><strong>cum</strong></span> <span class='ocrx_word' id='word_1_98' title='bbox 1700 1527 1851 1582; x_wconf 84' lang='lat' dir='ltr'><strong>Mena</strong></span> 
     </span>
    </p>
   </div>
   <div class='ocr_carea' id='block_1_16' title="bbox 271 1614 1851 1686">
    <p class='ocr_par' dir='ltr' id='par_1_16' title="bbox 271 1614 1851 1686">
     <span class='ocr_line' id='line_1_16' title="bbox 271 1614 1851 1686; baseline 0.004 -18"><span class='ocrx_word' id='word_1_99' title='bbox 271 1615 687 1685; x_wconf 80' lang='lat' dir='ltr'><strong>archiepiscopo</strong></span> <span class='ocrx_word' id='word_1_100' title='bbox 713 1616 851 1682; x_wconf 89' lang='lat' dir='ltr'><strong>apud</strong></span> <span class='ocrx_word' id='word_1_101' title='bbox 870 1614 1394 1685; x_wconf 89' lang='lat' dir='ltr'><strong>Constantinopolim</strong></span> <span class='ocrx_word' id='word_1_102' title='bbox 1412 1620 1631 1686; x_wconf 89' lang='lat' dir='ltr'><strong>reperti,</strong></span> <span class='ocrx_word' id='word_1_103' title='bbox 1657 1620 1851 1675; x_wconf 88' lang='lat' dir='ltr'><strong>deinde</strong></span> 
     </span>
    </p>
   </div>
   <div class='ocr_carea' id='block_1_17' title="bbox 272 1705 1851 1777">
    <p class='ocr_par' dir='ltr' id='par_1_17' title="bbox 272 1705 1851 1777">
     <span class='ocr_line' id='line_1_17' title="bbox 272 1705 1851 1777; baseline 0.004 -19"><span class='ocrx_word' id='word_1_104' title='bbox 272 1707 483 1761; x_wconf 89' lang='lat' dir='ltr'><strong>directa</strong></span> <span class='ocrx_word' id='word_1_105' title='bbox 518 1716 599 1760; x_wconf 89' lang='lat' dir='ltr'><strong>est</strong></span> <span class='ocrx_word' id='word_1_106' title='bbox 633 1706 827 1776; x_wconf 82' lang='lat' dir='ltr'><strong>Vigilio</strong></span> <span class='ocrx_word' id='word_1_107' title='bbox 860 1705 1107 1761; x_wconf 85' lang='lat' dir='ltr'><strong>Romano</strong></span> <span class='ocrx_word' id='word_1_108' title='bbox 1130 1709 1405 1777; x_wconf 77' lang='lat' dir='ltr'><strong>episcopo,</strong></span> <span class='ocrx_word' id='word_1_109' title='bbox 1434 1708 1584 1765; x_wconf 87' lang='lat' dir='ltr'><strong>Zoilo</strong></span> <span class='ocrx_word' id='word_1_110' title='bbox 1613 1712 1851 1765; x_wconf 83' lang='lat' dir='ltr'><strong>Alexan-</strong></span> 
     </span>
    </p>
   </div>
   <div class='ocr_carea' id='block_1_18' title="bbox 275 1799 1852 1874">
    <p class='ocr_par' dir='ltr' id='par_1_18' title="bbox 275 1799 1852 1874">
     <span class='ocr_line' id='line_1_18' title="bbox 275 1799 1852 1874; baseline 0.002 -21"><span class='ocrx_word' id='word_1_111' title='bbox 275 1800 459 1863; x_wconf 87' lang='lat' dir='ltr'><strong>drino,</strong></span> <span class='ocrx_word' id='word_1_112' title='bbox 493 1799 795 1869; x_wconf 66' lang='lat' dir='ltr'><strong>Ephra&#39;mio</strong></span> <span class='ocrx_word' id='word_1_113' title='bbox 824 1800 1165 1854; x_wconf 81' lang='lat' dir='ltr'><strong>Autiocheno</strong></span> <span class='ocrx_word' id='word_1_114' title='bbox 1220 1812 1274 1855; x_wconf 89' lang='lat' dir='ltr'><strong>et</strong></span> <span class='ocrx_word' id='word_1_115' title='bbox 1310 1800 1468 1856; x_wconf 88' lang='lat' dir='ltr'><strong>Petro</strong></span> <span class='ocrx_word' id='word_1_116' title='bbox 1504 1800 1852 1874; x_wconf 82' lang='lat' dir='ltr'><strong>Jeroselymi-</strong></span> 
     </span>
    </p>
   </div>
   <div class='ocr_carea' id='block_1_19' title="bbox 1964 610 3528 680">
    <p class='ocr_par' dir='ltr' id='par_1_19' title="bbox 1964 610 3528 680">
     <span class='ocr_line' id='line_1_19' title="bbox 1964 610 3528 680; baseline 0.004 -19"><span class='ocrx_word' id='word_1_117' title='bbox 1964 610 2109 663; x_wconf 89' lang='lat' dir='ltr'><strong>tione</strong></span> <span class='ocrx_word' id='word_1_118' title='bbox 2141 610 2366 679; x_wconf 66' lang='lat' dir='ltr'><strong>praedita</strong></span> <span class='ocrx_word' id='word_1_119' title='bbox 2420 621 2563 665; x_wconf 86' lang='lat' dir='ltr'><strong>esset</strong></span> <span class='ocrx_word' id='word_1_120' title='bbox 2596 611 2769 680; x_wconf 83' lang='lat' dir='ltr'><strong>fingit,</strong></span> <span class='ocrx_word' id='word_1_121' title='bbox 2821 612 3128 679; x_wconf 90' lang='lat' dir='ltr'><strong>disputans,</strong></span> <span class='ocrx_word' id='word_1_122' title='bbox 3176 612 3317 666; x_wconf 94' lang='lat' dir='ltr'><strong>hunc</strong></span> <span class='ocrx_word' id='word_1_123' title='bbox 3368 611 3528 667; x_wconf 77' lang='lat' dir='ltr'><strong>affert</strong></span> 
     </span>
    </p>
   </div>
   <div class='ocr_carea' id='block_1_20' title="bbox 1959 700 3527 773">
    <p class='ocr_par' dir='ltr' id='par_1_20' title="bbox 1959 700 3527 773">
     <span class='ocr_line' id='line_1_20' title="bbox 1959 700 3527 773; baseline 0.001 -19"><span class='ocrx_word' id='word_1_124' title='bbox 1959 700 2137 755; x_wconf 82' lang='lat' dir='ltr'><strong>Basilii</strong></span> <span class='ocrx_word' id='word_1_125' title='bbox 2173 702 2346 757; x_wconf 89' lang='lat' dir='ltr'><strong>locum</strong></span> <span class='ocrx_word' id='word_1_126' title='bbox 2382 717 2448 756; x_wconf 80' lang='lat' dir='ltr'><strong>ex</strong></span> <span class='ocrx_word' id='word_1_127' title='bbox 2478 702 2679 756; x_wconf 72' lang='lat' dir='ltr'><strong>&#39;homil.</strong></span> <span class='ocrx_word' id='word_1_128' title='bbox 2716 703 2749 756; x_wconf 80' lang='grc'><strong>5</strong></span> <span class='ocrx_word' id='word_1_129' title='bbox 2810 704 2863 756; x_wconf 85' lang='lat' dir='ltr'><strong>in</strong></span> <span class='ocrx_word' id='word_1_130' title='bbox 2912 702 3168 757; x_wconf 74' lang='lat' dir='ltr'><strong>&quot;exaem.</strong></span> <span class='ocrx_word' id='word_1_131' title='bbox 3208 719 3226 757; x_wconf 90' lang='lat'><strong><em>:</em></strong></span> <span class='ocrx_word' id='word_1_132' title='bbox 3267 704 3429 773; x_wconf 83' lang='grc' dir='ltr'><strong>Ἡμῖν</strong></span> <span class='ocrx_word' id='word_1_133' title='bbox 3466 703 3527 756; x_wconf 80' lang='grc' dir='ltr'>δὲ</span> 
     </span>
    </p>
   </div>
   <div class='ocr_carea' id='block_1_21' title="bbox 1958 790 3553 865">
    <p class='ocr_par' dir='ltr' id='par_1_21' title="bbox 1958 790 3553 865">
     <span class='ocr_line' id='line_1_21' title="bbox 1958 790 3553 865; baseline 0.003 -22"><span class='ocrx_word' id='word_1_134' title='bbox 1958 791 2201 863; x_wconf 77' lang='grc' dir='ltr'>καὶπρὸς</span> <span class='ocrx_word' id='word_1_135' title='bbox 2217 791 2340 854; x_wconf 77' lang='grc' dir='ltr'>τοὺς</span> <span class='ocrx_word' id='word_1_136' title='bbox 2360 791 2467 845; x_wconf 87' lang='grc' dir='ltr'><strong>ἀπὸ</strong></span> <span class='ocrx_word' id='word_1_137' title='bbox 2481 792 2578 861; x_wconf 84' lang='grc' dir='ltr'>τῆς</span> <span class='ocrx_word' id='word_1_138' title='bbox 2617 790 2940 860; x_wconf 82' lang='grc' dir='ltr'>Ἐκκλησίας</span> <span class='ocrx_word' id='word_1_139' title='bbox 2969 792 3083 844; x_wconf 83' lang='grc' dir='ltr'>έστί</span> <span class='ocrx_word' id='word_1_140' title='bbox 3107 809 3190 854; x_wconf 88' lang='grc' dir='ltr'><strong>τις</strong></span> <span class='ocrx_word' id='word_1_141' title='bbox 3220 791 3375 859; x_wconf 77' lang='grc' dir='ltr'>λόγος</span> <span class='ocrx_word' id='word_1_142' title='bbox 3398 794 3528 864; x_wconf 77' lang='grc' dir='ltr'>περὶ</span> <span class='ocrx_word' id='word_1_143' title='bbox 3550 862 3553 865; x_wconf 95' lang='lat'><em>_</em></span> 
     </span>
    </p>
   </div>
   <div class='ocr_carea' id='block_1_22' title="bbox 1956 883 3527 955">
    <p class='ocr_par' dir='ltr' id='par_1_22' title="bbox 1956 883 3527 955">
     <span class='ocr_line' id='line_1_22' title="bbox 1956 883 3527 955; baseline 0.003 -19"><span class='ocrx_word' id='word_1_144' title='bbox 1956 883 2063 936; x_wconf 84' lang='grc' dir='ltr'><strong>τῶν</strong></span> <span class='ocrx_word' id='word_1_145' title='bbox 2111 884 2495 955; x_wconf 86' lang='grc' dir='ltr'>διακριθέντων</span> <span class='ocrx_word' id='word_1_146' title='bbox 2520 885 2748 946; x_wconf 79' lang='grc' dir='ltr'><strong>ὑδάτων,</strong></span> <span class='ocrx_word' id='word_1_147' title='bbox 2783 894 2931 952; x_wconf 82' lang='lat' dir='ltr'><strong>etc.;</strong></span> <span class='ocrx_word' id='word_1_148' title='bbox 2968 895 3075 939; x_wconf 89' lang='lat' dir='ltr'><strong>tum</strong></span> <span class='ocrx_word' id='word_1_149' title='bbox 3105 886 3294 940; x_wconf 85' lang='lat' dir='ltr'><strong>deinde</strong></span> <span class='ocrx_word' id='word_1_150' title='bbox 3331 888 3527 940; x_wconf 81' lang='lat' dir='ltr'><strong>suime-</strong></span> 
     </span>
    </p>
   </div>
   <div class='ocr_carea' id='block_1_23' title="bbox 1958 974 3526 1047">
    <p class='ocr_par' dir='ltr' id='par_1_23' title="bbox 1958 974 3526 1047">
     <span class='ocr_line' id='line_1_23' title="bbox 1958 974 3526 1047; baseline 0.001 -20"><span class='ocrx_word' id='word_1_151' title='bbox 1958 974 2053 1027; x_wconf 89' lang='lat' dir='ltr'><strong>c.tit</strong></span> <span class='ocrx_word' id='word_1_152' title='bbox 2093 992 2104 1027; x_wconf 91' lang='lat'><strong>:</strong></span> <span class='ocrx_word' id='word_1_153' title='bbox 2136 977 2226 1026; x_wconf 87' lang='grc' dir='ltr'><strong>Δεῖ</strong></span> <span class='ocrx_word' id='word_1_154' title='bbox 2255 976 2310 1027; x_wconf 82' lang='grc' dir='ltr'><strong>δὲ</strong></span> <span class='ocrx_word' id='word_1_155' title='bbox 2340 976 2625 1047; x_wconf 77' lang='grc' dir='ltr'>προσέχειν</span> <span class='ocrx_word' id='word_1_156' title='bbox 2658 976 2785 1037; x_wconf 77' lang='grc' dir='ltr'>τοὺς</span> <span class='ocrx_word' id='word_1_157' title='bbox 2811 974 3105 1046; x_wconf 75' lang='grc' dir='ltr'>ἀκροατὰς,</span> <span class='ocrx_word' id='word_1_158' title='bbox 3136 975 3216 1027; x_wconf 83' lang='grc' dir='ltr'>ὅτι</span> <span class='ocrx_word' id='word_1_159' title='bbox 3243 974 3320 1045; x_wconf 81' lang='grc' dir='ltr'><strong>τῷ</strong></span> <span class='ocrx_word' id='word_1_160' title='bbox 3353 977 3526 1029; x_wconf 80' lang='grc' dir='ltr'>εἰπεῖν</span> 
     </span>
    </p>
   </div>
   <div class='ocr_carea' id='block_1_24' title="bbox 1955 1065 3528 1139">
    <p class='ocr_par' dir='ltr' id='par_1_24' title="bbox 1955 1065 3528 1139">
     <span class='ocr_line' id='line_1_24' title="bbox 1955 1065 3528 1139; baseline 0.003 -22"><span class='ocrx_word' id='word_1_161' title='bbox 1955 1066 2043 1118; x_wconf 83' lang='grc' dir='ltr'><strong>τὸν</strong></span> <span class='ocrx_word' id='word_1_162' title='bbox 2059 1067 2277 1137; x_wconf 85' lang='grc' dir='ltr'><strong>Πατέρα</strong></span> <span class='ocrx_word' id='word_1_163' title='bbox 2292 1068 2472 1135; x_wconf 74' lang='grc' dir='ltr'>’Πρὸς</span> <span class='ocrx_word' id='word_1_164' title='bbox 2488 1067 2627 1132; x_wconf 82' lang='grc' dir='ltr'>τοὺς</span> <span class='ocrx_word' id='word_1_165' title='bbox 2643 1067 2757 1119; x_wconf 79' lang='grc' dir='ltr'><strong>ἀπὸ</strong></span> <span class='ocrx_word' id='word_1_166' title='bbox 2776 1065 2885 1134; x_wconf 84' lang='grc' dir='ltr'>τῆς</span> <span class='ocrx_word' id='word_1_167' title='bbox 2899 1068 3418 1139; x_wconf 60' lang='grc' dir='ltr'>Ἐκκλησίασςέστί</span> <span class='ocrx_word' id='word_1_168' title='bbox 3430 1082 3528 1121; x_wconf 71' lang='grc' dir='ltr'>τιον</span> 
     </span>
    </p>
   </div>
   <div class='ocr_carea' id='block_1_25' title="bbox 1955 1160 3526 1233">
    <p class='ocr_par' dir='ltr' id='par_1_25' title="bbox 1955 1160 3526 1233">
     <span class='ocr_line' id='line_1_25' title="bbox 1955 1160 3526 1233; baseline 0.003 -21"><span class='ocrx_word' id='word_1_169' title='bbox 1955 1160 2099 1228; x_wconf 76' lang='grc' dir='ltr'><strong>ἡμῖν</strong></span> <span class='ocrx_word' id='word_1_170' title='bbox 2123 1162 2321 1231; x_wconf 74' lang='grc' dir='ltr'>λόγος,</span> <span class='ocrx_word' id='word_1_171' title='bbox 2349 1163 2477 1232; x_wconf 79' lang='grc' dir='ltr'>περὶ</span> <span class='ocrx_word' id='word_1_172' title='bbox 2493 1162 2793 1233; x_wconf 89' lang='grc' dir='ltr'>Ὠριγένους</span> <span class='ocrx_word' id='word_1_173' title='bbox 2820 1162 3123 1230; x_wconf 79' lang='grc' dir='ltr'><strong>διαλέγεται</strong></span> <span class='ocrx_word' id='word_1_174' title='bbox 3144 1164 3242 1233; x_wconf 81' lang='grc' dir='ltr'>τῆς</span> <span class='ocrx_word' id='word_1_175' title='bbox 3266 1163 3357 1216; x_wconf 79' lang='grc' dir='ltr'><strong>τοῦ</strong></span> <span class='ocrx_word' id='word_1_176' title='bbox 3391 1162 3526 1218; x_wconf 80' lang='grc' dir='ltr'>Θεοῦ</span> 
     </span>
    </p>
   </div>
   <div class='ocr_carea' id='block_1_26' title="bbox 1954 1251 3527 1322">
    <p class='ocr_par' dir='ltr' id='par_1_26' title="bbox 1954 1251 3527 1322">
     <span class='ocr_line' id='line_1_26' title="bbox 1954 1251 3527 1322; baseline 0.004 -20"><span class='ocrx_word' id='word_1_177' title='bbox 1954 1251 2193 1321; x_wconf 87' lang='grc' dir='ltr'>χάριτος,</span> <span class='ocrx_word' id='word_1_178' title='bbox 2221 1252 2313 1304; x_wconf 72' lang='grc' dir='ltr'>καὶ</span> <span class='ocrx_word' id='word_1_179' title='bbox 2357 1251 2457 1321; x_wconf 80' lang='grc' dir='ltr'>τῆς</span> <span class='ocrx_word' id='word_1_180' title='bbox 2486 1253 2644 1319; x_wconf 86' lang='grc' dir='ltr'>ἁγίας</span> <span class='ocrx_word' id='word_1_181' title='bbox 2670 1252 2762 1305; x_wconf 75' lang='grc' dir='ltr'><strong>τοῦ</strong></span> <span class='ocrx_word' id='word_1_182' title='bbox 2797 1252 2927 1305; x_wconf 87' lang='grc' dir='ltr'>Θεοῦ</span> <span class='ocrx_word' id='word_1_183' title='bbox 2974 1254 3295 1322; x_wconf 83' lang='grc' dir='ltr'>Ἐκκλησίας</span> <span class='ocrx_word' id='word_1_184' title='bbox 3324 1254 3527 1308; x_wconf 83' lang='grc' dir='ltr'>ἀπελα-</span> 
     </span>
    </p>
   </div>
   <div class='ocr_carea' id='block_1_27' title="bbox 1953 1340 3528 1416">
    <p class='ocr_par' dir='ltr' id='par_1_27' title="bbox 1953 1340 3528 1416">
     <span class='ocr_line' id='line_1_27' title="bbox 1953 1340 3528 1416; baseline 0.005 -25"><span class='ocrx_word' id='word_1_185' title='bbox 1953 1340 2153 1404; x_wconf 87' lang='grc' dir='ltr'>θέντος,</span> <span class='ocrx_word' id='word_1_186' title='bbox 2177 1341 2270 1393; x_wconf 69' lang='grc' dir='ltr'>καὶ</span> <span class='ocrx_word' id='word_1_187' title='bbox 2300 1341 2408 1394; x_wconf 83' lang='grc' dir='ltr'><strong>τῶν</strong></span> <span class='ocrx_word' id='word_1_188' title='bbox 2428 1342 2742 1412; x_wconf 75' lang='grc' dir='ltr'>ὁμοφρόνων</span> <span class='ocrx_word' id='word_1_189' title='bbox 2768 1342 2978 1414; x_wconf 84' lang='grc' dir='ltr'>ἐκείνῳ.</span> <span class='ocrx_word' id='word_1_190' title='bbox 2998 1345 3071 1396; x_wconf 85' lang='grc' dir='ltr'>Ού</span> <span class='ocrx_word' id='word_1_191' title='bbox 3099 1345 3206 1416; x_wconf 80' lang='grc' dir='ltr'>γὰρ</span> <span class='ocrx_word' id='word_1_192' title='bbox 3231 1341 3351 1398; x_wconf 75' lang='grc' dir='ltr'>εἷπε</span> <span class='ocrx_word' id='word_1_193' title='bbox 3375 1345 3528 1414; x_wconf 80' lang='grc' dir='ltr'>πρὸς</span> 
     </span>
    </p>
   </div>
   <div class='ocr_carea' id='block_1_28' title="bbox 1951 1430 3529 1504">
    <p class='ocr_par' dir='ltr' id='par_1_28' title="bbox 1951 1430 3529 1504">
     <span class='ocr_line' id='line_1_28' title="bbox 1951 1430 3529 1504; baseline 0.006 -21"><span class='ocrx_word' id='word_1_194' title='bbox 1951 1430 2092 1496; x_wconf 88' lang='grc' dir='ltr'>τοὺς</span> <span class='ocrx_word' id='word_1_195' title='bbox 2116 1433 2185 1484; x_wconf 76' lang='grc' dir='ltr'>ἐν</span> <span class='ocrx_word' id='word_1_196' title='bbox 2201 1432 2275 1500; x_wconf 79' lang='grc' dir='ltr'>τῇ</span> <span class='ocrx_word' id='word_1_197' title='bbox 2308 1433 2651 1501; x_wconf 77' lang='grc' dir='ltr'>Ἐκκλησίᾳ,</span> <span class='ocrx_word' id='word_1_198' title='bbox 2672 1433 2807 1487; x_wconf 86' lang='grc' dir='ltr'>ἀλλὰ</span> <span class='ocrx_word' id='word_1_199' title='bbox 2821 1436 2970 1502; x_wconf 80' lang='grc' dir='ltr'>πρὸς</span> <span class='ocrx_word' id='word_1_200' title='bbox 2988 1436 3128 1502; x_wconf 79' lang='grc' dir='ltr'>τοὺς</span> <span class='ocrx_word' id='word_1_201' title='bbox 3141 1436 3258 1491; x_wconf 81' lang='grc' dir='ltr'><strong>ἀπὸ</strong></span> <span class='ocrx_word' id='word_1_202' title='bbox 3275 1437 3383 1504; x_wconf 83' lang='grc' dir='ltr'>τῆς</span> <span class='ocrx_word' id='word_1_203' title='bbox 3412 1439 3529 1492; x_wconf 83' lang='grc' dir='ltr'><strong>Ἐκ-</strong></span> 
     </span>
    </p>
   </div>
   <div class='ocr_carea' id='block_1_29' title="bbox 1952 1521 3525 1595">
    <p class='ocr_par' dir='ltr' id='par_1_29' title="bbox 1952 1521 3525 1595">
     <span class='ocr_line' id='line_1_29' title="bbox 1952 1521 3525 1595; baseline 0.006 -23"><span class='ocrx_word' id='word_1_204' title='bbox 1952 1521 2239 1586; x_wconf 79' lang='grc' dir='ltr'>κλησίας,</span> <span class='ocrx_word' id='word_1_205' title='bbox 2274 1523 2419 1591; x_wconf 74' lang='grc' dir='ltr'><strong>ἡμῖν</strong></span> <span class='ocrx_word' id='word_1_206' title='bbox 2437 1524 2569 1576; x_wconf 83' lang='grc' dir='ltr'>ἐστι</span> <span class='ocrx_word' id='word_1_207' title='bbox 2593 1542 2679 1590; x_wconf 86' lang='grc' dir='ltr'><strong>τις</strong></span> <span class='ocrx_word' id='word_1_208' title='bbox 2699 1526 2910 1595; x_wconf 75' lang='grc' dir='ltr'>λόγος·</span> <span class='ocrx_word' id='word_1_209' title='bbox 2948 1528 3041 1581; x_wconf 81' lang='grc' dir='ltr'>καὶ</span> <span class='ocrx_word' id='word_1_210' title='bbox 3084 1527 3169 1580; x_wconf 73' lang='grc' dir='ltr'>διὰ</span> <span class='ocrx_word' id='word_1_211' title='bbox 3204 1527 3296 1581; x_wconf 76' lang='grc' dir='ltr'>τοῦ</span> <span class='ocrx_word' id='word_1_212' title='bbox 3327 1531 3525 1595; x_wconf 79' lang='grc' dir='ltr'>εἰπεῖν,</span> 
     </span>
    </p>
   </div>
   <div class='ocr_carea' id='block_1_30' title="bbox 1951 1612 3522 1687">
    <p class='ocr_par' dir='ltr' id='par_1_30' title="bbox 1951 1612 3522 1687">
     <span class='ocr_line' id='line_1_30' title="bbox 1951 1612 3522 1687; baseline 0.006 -24"><span class='ocrx_word' id='word_1_213' title='bbox 1951 1612 2115 1681; x_wconf 74' lang='grc' dir='ltr'>ἡμῖν,</span> <span class='ocrx_word' id='word_1_214' title='bbox 2132 1615 2257 1676; x_wconf 82' lang='grc' dir='ltr'>τοὺς</span> <span class='ocrx_word' id='word_1_215' title='bbox 2280 1614 2377 1684; x_wconf 84' lang='grc' dir='ltr'><strong>τῆς</strong></span> <span class='ocrx_word' id='word_1_216' title='bbox 2402 1615 2720 1687; x_wconf 72' lang='grc' dir='ltr'>Ἐκκλησίας</span> <span class='ocrx_word' id='word_1_217' title='bbox 2741 1617 2996 1687; x_wconf 82' lang='grc' dir='ltr'>ἐδήλωσε·</span> <span class='ocrx_word' id='word_1_218' title='bbox 3020 1619 3108 1672; x_wconf 71' lang='grc' dir='ltr'><strong>διὰ</strong></span> <span class='ocrx_word' id='word_1_219' title='bbox 3128 1620 3183 1672; x_wconf 82' lang='grc' dir='ltr'>δὲ</span> <span class='ocrx_word' id='word_1_220' title='bbox 3212 1620 3305 1673; x_wconf 81' lang='grc' dir='ltr'>τοῦ</span> <span class='ocrx_word' id='word_1_221' title='bbox 3328 1623 3522 1685; x_wconf 80' lang='grc' dir='ltr'>εἰπεῖν,</span> 
     </span>
    </p>
   </div>
   <div class='ocr_carea' id='block_1_31' title="bbox 1951 1706 3527 1781">
    <p class='ocr_par' dir='ltr' id='par_1_31' title="bbox 1951 1706 3527 1781">
     <span class='ocr_line' id='line_1_31' title="bbox 1951 1706 3527 1781; baseline 0.006 -23"><span class='ocrx_word' id='word_1_222' title='bbox 1951 1706 2092 1771; x_wconf 88' lang='grc' dir='ltr'>τοὺς</span> <span class='ocrx_word' id='word_1_223' title='bbox 2112 1707 2229 1759; x_wconf 78' lang='grc' dir='ltr'><strong>ἀπὸ</strong></span> <span class='ocrx_word' id='word_1_224' title='bbox 2252 1707 2361 1775; x_wconf 80' lang='grc' dir='ltr'>τῆς</span> <span class='ocrx_word' id='word_1_225' title='bbox 2390 1708 2765 1776; x_wconf 77' lang='grc' dir='ltr'>Ἐκκλησίας,</span> <span class='ocrx_word' id='word_1_226' title='bbox 2782 1710 2906 1773; x_wconf 70' lang='grc' dir='ltr'>τοὺς</span> <span class='ocrx_word' id='word_1_227' title='bbox 2928 1711 3132 1781; x_wconf 81' lang='grc' dir='ltr'><strong>ταύτης</strong></span> <span class='ocrx_word' id='word_1_228' title='bbox 3150 1714 3527 1778; x_wconf 83' lang='grc' dir='ltr'>ἀποπεσόντας</span> 
     </span>
    </p>
   </div>
   <div class='ocr_carea' id='block_1_32' title="bbox 1951 1798 3527 1870">
    <p class='ocr_par' dir='ltr' id='par_1_32' title="bbox 1951 1798 3527 1870">
     <span class='ocr_line' id='line_1_32' title="bbox 1951 1798 3527 1870; baseline 0.006 -21"><span class='ocrx_word' id='word_1_229' title='bbox 1951 1798 2245 1869; x_wconf 77' lang='grc' dir='ltr'>ἐσήμανεν.</span> <span class='ocrx_word' id='word_1_230' title='bbox 2287 1816 2305 1849; x_wconf 73' lang='grc' dir='ltr'><strong>ι</strong></span> <span class='ocrx_word' id='word_1_231' title='bbox 2346 1800 2638 1856; x_wconf 76' lang='lat' dir='ltr'><strong>Advertere.</strong></span> <span class='ocrx_word' id='word_1_232' title='bbox 2669 1818 2827 1870; x_wconf 86' lang='lat' dir='ltr'><strong>porro</strong></span> <span class='ocrx_word' id='word_1_233' title='bbox 2856 1805 3053 1858; x_wconf 91' lang='lat' dir='ltr'><strong>debent</strong></span> <span class='ocrx_word' id='word_1_234' title='bbox 3099 1806 3393 1867; x_wconf 86' lang='lat' dir='ltr'><strong>auditores,</strong></span> <span class='ocrx_word' id='word_1_235' title='bbox 3421 1806 3527 1859; x_wconf 88' lang='lat' dir='ltr'><strong>Pa-</strong></span> 
     </span>
    </p>
   </div>
   <div class='ocr_carea' id='block_1_33' title="bbox 274 1862 3536 1960">
    <p class='ocr_par' dir='ltr' id='par_1_33' title="bbox 274 1862 3536 1960">
     <span class='ocr_line' id='line_1_33' title="bbox 274 1862 3536 1960; baseline 0.003 -18"><span class='ocrx_word' id='word_1_236' title='bbox 274 1862 660 1959; x_wconf 84' lang='lat' dir='ltr'><strong>tano,quibus</strong></span> <span class='ocrx_word' id='word_1_237' title='bbox 694 1905 814 1945; x_wconf 88' lang='lat' dir='ltr'><strong>eam</strong></span> <span class='ocrx_word' id='word_1_238' title='bbox 854 1890 1249 1960; x_wconf 85' lang='lat' dir='ltr'><strong>accipientibus</strong></span> <span class='ocrx_word' id='word_1_239' title='bbox 1275 1901 1329 1946; x_wconf 88' lang='lat' dir='ltr'><strong>et</strong></span> <span class='ocrx_word' id='word_1_240' title='bbox 1382 1862 1848 1948; x_wconf 56' lang='lat' dir='ltr'><strong>subscribeniibus</strong></span> <span class='ocrx_word' id='word_1_241' title='bbox 1882 1862 1923 1921; x_wconf 72' lang='grc' dir='ltr'>Β</span> <span class='ocrx_word' id='word_1_242' title='bbox 1955 1898 2089 1943; x_wconf 79' lang='lat' dir='ltr'><strong>trem</strong></span> <span class='ocrx_word' id='word_1_243' title='bbox 2129 1889 2443 1960; x_wconf 80' lang='lat' dir='ltr'><strong>(Basilium)</strong></span> <span class='ocrx_word' id='word_1_244' title='bbox 2476 1906 2597 1946; x_wconf 83' lang='lat' dir='ltr'><strong>cum</strong></span> <span class='ocrx_word' id='word_1_245' title='bbox 2628 1893 2778 1957; x_wconf 85' lang='lat' dir='ltr'><strong>dicit,</strong></span> <span class='ocrx_word' id='word_1_246' title='bbox 2818 1895 3001 1947; x_wconf 84' lang='lat' dir='ltr'><strong>Sermo</strong></span> <span class='ocrx_word' id='word_1_247' title='bbox 3031 1896 3179 1948; x_wconf 77' lang='lat' dir='ltr'><strong>nobis</strong></span> <span class='ocrx_word' id='word_1_248' title='bbox 3216 1904 3293 1949; x_wconf 76' lang='lat' dir='ltr'><strong>est</strong></span> <span class='ocrx_word' id='word_1_249' title='bbox 3330 1896 3399 1949; x_wconf 85' lang='lat' dir='ltr'><strong>ad</strong></span> <span class='ocrx_word' id='word_1_250' title='bbox 3436 1911 3536 1951; x_wconf 74' lang='lat' dir='ltr'><strong>eo:</strong></span> 
     </span>
    </p>
   </div>
   <div class='ocr_carea' id='block_1_34' title="bbox 270 1980 1851 2053">
    <p class='ocr_par' dir='ltr' id='par_1_34' title="bbox 270 1980 1851 2053">
     <span class='ocr_line' id='line_1_34' title="bbox 270 1980 1851 2053; baseline 0.003 -18"><span class='ocrx_word' id='word_1_251' title='bbox 270 1980 546 2050; x_wconf 78' lang='lat' dir='ltr'><strong>Origenes</strong></span> <span class='ocrx_word' id='word_1_252' title='bbox 574 1982 861 2037; x_wconf 90' lang='lat' dir='ltr'><strong>damnatus</strong></span> <span class='ocrx_word' id='word_1_253' title='bbox 904 1992 987 2037; x_wconf 90' lang='lat' dir='ltr'><strong>est</strong></span> <span class='ocrx_word' id='word_1_254' title='bbox 1038 1992 1303 2051; x_wconf 90' lang='lat' dir='ltr'><strong>mortuus,</strong></span> <span class='ocrx_word' id='word_1_255' title='bbox 1346 1984 1434 2053; x_wconf 92' lang='lat' dir='ltr'><strong>qui</strong></span> <span class='ocrx_word' id='word_1_256' title='bbox 1483 1986 1671 2039; x_wconf 83' lang='lat' dir='ltr'><strong>vivens</strong></span> <span class='ocrx_word' id='word_1_257' title='bbox 1724 1985 1851 2039; x_wconf 90' lang='lat' dir='ltr'><strong>olim</strong></span> 
     </span>
    </p>
   </div>
   <div class='ocr_carea' id='block_1_35' title="bbox 269 2072 1854 2130">
    <p class='ocr_par' dir='ltr' id='par_1_35' title="bbox 269 2072 1854 2130">
     <span class='ocr_line' id='line_1_35' title="bbox 269 2072 1854 2130; baseline 0.003 -5"><span class='ocrx_word' id='word_1_258' title='bbox 269 2072 457 2127; x_wconf 76' lang='lat' dir='ltr'><strong>funerat</strong></span> <span class='ocrx_word' id='word_1_259' title='bbox 488 2081 614 2127; x_wconf 87' lang='lat' dir='ltr'><strong>ante</strong></span> <span class='ocrx_word' id='word_1_260' title='bbox 646 2074 954 2128; x_wconf 88' lang='lat' dir='ltr'><strong>damnatus.</strong></span> <span class='ocrx_word' id='word_1_261' title='bbox 996 2091 1015 2124; x_wconf 69' lang='grc' dir='ltr'><strong>ι</strong></span> <span class='ocrx_word' id='word_1_262' title='bbox 1057 2075 1135 2127; x_wconf 85' lang='lat' dir='ltr'><strong>lta</strong></span> <span class='ocrx_word' id='word_1_263' title='bbox 1186 2073 1500 2129; x_wconf 84' lang='lat' dir='ltr'><strong>Adamantii</strong></span> <span class='ocrx_word' id='word_1_264' title='bbox 1543 2074 1854 2130; x_wconf 83' lang='lat' dir='ltr'><strong>damnatio-</strong></span> 
     </span>
    </p>
   </div>
   <div class='ocr_carea' id='block_1_36' title="bbox 269 2164 1854 2225">
    <p class='ocr_par' dir='ltr' id='par_1_36' title="bbox 269 2164 1854 2225">
     <span class='ocr_line' id='line_1_36' title="bbox 269 2164 1854 2225; baseline 0.005 -8"><span class='ocrx_word' id='word_1_265' title='bbox 269 2180 403 2218; x_wconf 88' lang='lat' dir='ltr'><strong>nem</strong></span> <span class='ocrx_word' id='word_1_266' title='bbox 461 2164 777 2220; x_wconf 87' lang='lat' dir='ltr'><strong>nobilissimi</strong></span> <span class='ocrx_word' id='word_1_267' title='bbox 834 2164 1089 2220; x_wconf 70' lang='lat' dir='ltr'><strong>Ecclesiae</strong></span> <span class='ocrx_word' id='word_1_268' title='bbox 1149 2168 1423 2223; x_wconf 89' lang='lat' dir='ltr'><strong>antistites</strong></span> <span class='ocrx_word' id='word_1_269' title='bbox 1489 2169 1697 2225; x_wconf 87' lang='lat' dir='ltr'><strong>calculo</strong></span> <span class='ocrx_word' id='word_1_270' title='bbox 1756 2185 1854 2225; x_wconf 91' lang='lat' dir='ltr'><strong>suo</strong></span> 
     </span>
    </p>
   </div>
   <div class='ocr_carea' id='block_1_37' title="bbox 270 2255 1854 2327">
    <p class='ocr_par' dir='ltr' id='par_1_37' title="bbox 270 2255 1854 2327">
     <span class='ocr_line' id='line_1_37' title="bbox 270 2255 1854 2327; baseline 0.004 -17"><span class='ocrx_word' id='word_1_271' title='bbox 270 2257 790 2327; x_wconf 85' lang='lat' dir='ltr'><strong>comprobaverunt.</strong></span> <span class='ocrx_word' id='word_1_272' title='bbox 836 2255 963 2312; x_wconf 66' lang='lat' dir='ltr'><strong>llaec</strong></span> <span class='ocrx_word' id='word_1_273' title='bbox 991 2257 1136 2313; x_wconf 91' lang='lat' dir='ltr'><strong>circa</strong></span> <span class='ocrx_word' id='word_1_274' title='bbox 1164 2273 1361 2314; x_wconf 91' lang='lat' dir='ltr'><strong>annum</strong></span> <span class='ocrx_word' id='word_1_275' title='bbox 1412 2260 1516 2315; x_wconf 80' lang='lat'><strong>558</strong></span> <span class='ocrx_word' id='word_1_276' title='bbox 1570 2260 1717 2317; x_wconf 88' lang='lat' dir='ltr'><strong>facta</strong></span> <span class='ocrx_word' id='word_1_277' title='bbox 1761 2263 1854 2317; x_wconf 87' lang='lat' dir='ltr'><strong>de-</strong></span> 
     </span>
    </p>
   </div>
   <div class='ocr_carea' id='block_1_38' title="bbox 272 2350 687 2421">
    <p class='ocr_par' dir='ltr' id='par_1_38' title="bbox 272 2350 687 2421">
     <span class='ocr_line' id='line_1_38' title="bbox 272 2350 687 2421; baseline 0 -18"><span class='ocrx_word' id='word_1_278' title='bbox 272 2350 687 2421; x_wconf 82' lang='lat' dir='ltr'><strong>prehenditttus.</strong></span> 
     </span>
    </p>
   </div>
   <div class='ocr_carea' id='block_1_39' title="bbox 355 2439 1844 2514">
    <p class='ocr_par' dir='ltr' id='par_1_39' title="bbox 355 2439 1844 2514">
     <span class='ocr_line' id='line_1_39' title="bbox 355 2439 1844 2514; baseline 0.004 -25"><span class='ocrx_word' id='word_1_279' title='bbox 355 2441 479 2498; x_wconf 82' lang='lat' dir='ltr'><strong>Vlll.</strong></span> <span class='ocrx_word' id='word_1_280' title='bbox 539 2439 755 2495; x_wconf 80' lang='lat' dir='ltr'><strong>Minime</strong></span> <span class='ocrx_word' id='word_1_281' title='bbox 805 2455 931 2495; x_wconf 88' lang='lat' dir='ltr'><strong>vero</strong></span> <span class='ocrx_word' id='word_1_282' title='bbox 988 2440 1349 2512; x_wconf 85' lang='lat' dir='ltr'><strong>Origenistas,</strong></span> <span class='ocrx_word' id='word_1_283' title='bbox 1401 2447 1494 2497; x_wconf 84' lang='lat' dir='ltr'><strong>sed</strong></span> <span class='ocrx_word' id='word_1_284' title='bbox 1553 2442 1844 2514; x_wconf 85' lang='lat' dir='ltr'><strong>Origenem</strong></span> 
     </span>
    </p>
   </div>
   <div class='ocr_carea' id='block_1_40' title="bbox 276 2530 1853 2605">
    <p class='ocr_par' dir='ltr' id='par_1_40' title="bbox 276 2530 1853 2605">
     <span class='ocr_line' id='line_1_40' title="bbox 276 2530 1853 2605; baseline 0.003 -20"><span class='ocrx_word' id='word_1_285' title='bbox 276 2533 456 2601; x_wconf 85' lang='lat' dir='ltr'><strong>ipsum</strong></span> <span class='ocrx_word' id='word_1_286' title='bbox 492 2533 591 2586; x_wconf 90' lang='lat' dir='ltr'><strong>hac</strong></span> <span class='ocrx_word' id='word_1_287' title='bbox 614 2531 835 2601; x_wconf 87' lang='lat' dir='ltr'><strong>epistola</strong></span> <span class='ocrx_word' id='word_1_288' title='bbox 867 2530 1383 2602; x_wconf 81' lang='lat' dir='ltr'><strong>petitJustinianus,</strong></span> <span class='ocrx_word' id='word_1_289' title='bbox 1415 2536 1853 2605; x_wconf 91' lang='lat' dir='ltr'><strong>enumeratisque</strong></span> 
     </span>
    </p>
   </div>
   <div class='ocr_carea' id='block_1_41' title="bbox 278 2624 1852 2695">
    <p class='ocr_par' dir='ltr' id='par_1_41' title="bbox 278 2624 1852 2695">
     <span class='ocr_line' id='line_1_41' title="bbox 278 2624 1852 2695; baseline 0.001 -17"><span class='ocrx_word' id='word_1_290' title='bbox 278 2626 454 2695; x_wconf 84' lang='lat' dir='ltr'><strong>ipsius</strong></span> <span class='ocrx_word' id='word_1_291' title='bbox 487 2624 768 2694; x_wconf 78' lang='lat' dir='ltr'><strong>erroribus</strong></span> <span class='ocrx_word' id='word_1_292' title='bbox 804 2624 942 2678; x_wconf 89' lang='lat' dir='ltr'><strong>inter</strong></span> <span class='ocrx_word' id='word_1_293' title='bbox 973 2625 1263 2679; x_wconf 83' lang='lat' dir='ltr'><strong>haereticos</strong></span> <span class='ocrx_word' id='word_1_294' title='bbox 1298 2628 1687 2681; x_wconf 86' lang='lat' dir='ltr'><strong>recensendum</strong></span> <span class='ocrx_word' id='word_1_295' title='bbox 1725 2641 1852 2681; x_wconf 79' lang='lat' dir='ltr'><strong>san-</strong></span> 
     </span>
    </p>
   </div>
   <div class='ocr_carea' id='block_1_42' title="bbox 272 2717 1853 2790">
    <p class='ocr_par' dir='ltr' id='par_1_42' title="bbox 272 2717 1853 2790">
     <span class='ocr_line' id='line_1_42' title="bbox 272 2717 1853 2790; baseline 0.001 -19"><span class='ocrx_word' id='word_1_296' title='bbox 272 2718 391 2771; x_wconf 90' lang='lat' dir='ltr'><strong>cit:</strong></span> <span class='ocrx_word' id='word_1_297' title='bbox 422 2717 485 2772; x_wconf 79' lang='lat' dir='ltr'><strong>Ei</strong></span> <span class='ocrx_word' id='word_1_298' title='bbox 508 2718 711 2785; x_wconf 85' lang='grc' dir='ltr'><strong>τοίνυν,</strong></span> <span class='ocrx_word' id='word_1_299' title='bbox 766 2717 959 2785; x_wconf 83' lang='lat' dir='ltr'><strong>inquit,</strong></span> <span class='ocrx_word' id='word_1_300' title='bbox 1005 2717 1239 2781; x_wconf 80' lang='grc' dir='ltr'>ἅπαντες</span> <span class='ocrx_word' id='word_1_301' title='bbox 1274 2718 1540 2790; x_wconf 75' lang='grc' dir='ltr'>αἱρετικοὶ</span> <span class='ocrx_word' id='word_1_302' title='bbox 1578 2719 1673 2772; x_wconf 78' lang='grc' dir='ltr'><strong>ἐπὶ</strong></span> <span class='ocrx_word' id='word_1_303' title='bbox 1735 2719 1853 2782; x_wconf 82' lang='grc' dir='ltr'>ἐνὸς</span> 
     </span>
    </p>
   </div>
   <div class='ocr_carea' id='block_1_43' title="bbox 272 2808 1852 2881">
    <p class='ocr_par' dir='ltr' id='par_1_43' title="bbox 272 2808 1852 2881">
     <span class='ocr_line' id='line_1_43' title="bbox 272 2808 1852 2881; baseline -0.001 -19"><span class='ocrx_word' id='word_1_304' title='bbox 272 2808 454 2880; x_wconf 82' lang='grc' dir='ltr'>τυχὸν,</span> <span class='ocrx_word' id='word_1_305' title='bbox 488 2809 519 2879; x_wconf 86' lang='grc' dir='ltr'>ἢ</span> <span class='ocrx_word' id='word_1_306' title='bbox 553 2808 802 2879; x_wconf 79' lang='grc' dir='ltr'>δευτέρου</span> <span class='ocrx_word' id='word_1_307' title='bbox 846 2808 1111 2878; x_wconf 84' lang='grc' dir='ltr'>δόγματος</span> <span class='ocrx_word' id='word_1_308' title='bbox 1137 2814 1461 2881; x_wconf 84' lang='grc' dir='ltr'>παρατροπῇ</span> <span class='ocrx_word' id='word_1_309' title='bbox 1502 2810 1852 2881; x_wconf 80' lang='grc' dir='ltr'>ὲκὸέὸληνται</span> 
     </span>
    </p>
   </div>
   <div class='ocr_carea' id='block_1_44' title="bbox 270 2889 1852 2973">
    <p class='ocr_par' dir='ltr' id='par_1_44' title="bbox 270 2889 1852 2973">
     <span class='ocr_line' id='line_1_44' title="bbox 270 2889 1852 2973; baseline 0.001 -19"><span class='ocrx_word' id='word_1_310' title='bbox 270 2902 374 2972; x_wconf 80' lang='grc' dir='ltr'>τῆς</span> <span class='ocrx_word' id='word_1_311' title='bbox 395 2900 701 2970; x_wconf 83' lang='grc' dir='ltr'>ἁγιωτάτης</span> <span class='ocrx_word' id='word_1_312' title='bbox 738 2901 1083 2971; x_wconf 79' lang='grc' dir='ltr'>Ἐκκλησίας,</span> <span class='ocrx_word' id='word_1_313' title='bbox 1118 2889 1511 2973; x_wconf 70' lang='grc' dir='ltr'>ὑποδληθέντες</span> <span class='ocrx_word' id='word_1_314' title='bbox 1553 2902 1852 2973; x_wconf 82' lang='grc' dir='ltr'>ἀναθέματι</span> 
     </span>
    </p>
   </div>
   <div class='ocr_carea' id='block_1_45' title="bbox 270 2991 1851 3066">
    <p class='ocr_par' dir='ltr' id='par_1_45' title="bbox 270 2991 1851 3066">
     <span class='ocr_line' id='line_1_45' title="bbox 270 2991 1851 3066; baseline 0.001 -21"><span class='ocrx_word' id='word_1_315' title='bbox 270 2992 417 3063; x_wconf 85' lang='grc' dir='ltr'><strong>μετὰ</strong></span> <span class='ocrx_word' id='word_1_316' title='bbox 462 2991 567 3044; x_wconf 83' lang='grc' dir='ltr'><strong>τῶν</strong></span> <span class='ocrx_word' id='word_1_317' title='bbox 624 2991 764 3044; x_wconf 87' lang='grc' dir='ltr'>ἰδίων</span> <span class='ocrx_word' id='word_1_318' title='bbox 827 2991 1133 3063; x_wconf 82' lang='grc' dir='ltr'>δογμάτων,</span> <span class='ocrx_word' id='word_1_319' title='bbox 1168 2993 1252 3056; x_wconf 87' lang='grc' dir='ltr'><strong>τίς</strong></span> <span class='ocrx_word' id='word_1_320' title='bbox 1303 2993 1441 3057; x_wconf 84' lang='grc' dir='ltr'>ὅλως</span> <span class='ocrx_word' id='word_1_321' title='bbox 1505 2995 1851 3066; x_wconf 80' lang='grc' dir='ltr'>Χριστιανῶν</span> 
     </span>
    </p>
   </div>
   <div class='ocr_carea' id='block_1_46' title="bbox 266 3084 1852 3159">
    <p class='ocr_par' dir='ltr' id='par_1_46' title="bbox 266 3084 1852 3159">
     <span class='ocr_line' id='line_1_46' title="bbox 266 3084 1852 3159; baseline 0.001 -20"><span class='ocrx_word' id='word_1_322' title='bbox 266 3086 522 3150; x_wconf 80' lang='grc' dir='ltr'>ἀνέξεται</span> <span class='ocrx_word' id='word_1_323' title='bbox 569 3085 871 3159; x_wconf 85' lang='grc' dir='ltr'>Ὦριγένους</span> <span class='ocrx_word' id='word_1_324' title='bbox 892 3102 952 3138; x_wconf 86' lang='grc' dir='ltr'><strong>τε</strong></span> <span class='ocrx_word' id='word_1_325' title='bbox 982 3085 1073 3138; x_wconf 74' lang='grc' dir='ltr'>καὶ</span> <span class='ocrx_word' id='word_1_326' title='bbox 1107 3084 1215 3139; x_wconf 84' lang='grc' dir='ltr'>τῶν</span> <span class='ocrx_word' id='word_1_327' title='bbox 1245 3087 1497 3159; x_wconf 86' lang='grc' dir='ltr'>πονηρῶν</span> <span class='ocrx_word' id='word_1_328' title='bbox 1522 3087 1686 3141; x_wconf 77' lang='grc' dir='ltr'>αὑτοῦ</span> <span class='ocrx_word' id='word_1_329' title='bbox 1720 3104 1852 3157; x_wconf 90' lang='grc' dir='ltr'>συγ-</span> 
     </span>
    </p>
   </div>
   <div class='ocr_carea' id='block_1_47' title="bbox 1952 1979 3525 2059">
    <p class='ocr_par' dir='ltr' id='par_1_47' title="bbox 1952 1979 3525 2059">
     <span class='ocr_line' id='line_1_47' title="bbox 1952 1979 3525 2059; baseline 0.009 -28"><span class='ocrx_word' id='word_1_330' title='bbox 1952 1982 2046 2049; x_wconf 88' lang='lat' dir='ltr'><strong>qui</strong></span> <span class='ocrx_word' id='word_1_331' title='bbox 2073 1990 2198 2034; x_wconf 87' lang='lat' dir='ltr'><strong>sunt</strong></span> <span class='ocrx_word' id='word_1_332' title='bbox 2229 1980 2348 2034; x_wconf 79' lang='grc' dir='ltr'><strong>ἀπὸ</strong></span> <span class='ocrx_word' id='word_1_333' title='bbox 2378 1979 2485 2049; x_wconf 82' lang='grc' dir='ltr'>τῆς</span> <span class='ocrx_word' id='word_1_334' title='bbox 2523 1983 2885 2051; x_wconf 80' lang='grc' dir='ltr'>Ἑκκλησίας</span> <span class='ocrx_word' id='word_1_335' title='bbox 2908 2025 2924 2050; x_wconf 92' lang='grc'><strong>,</strong></span> <span class='ocrx_word' id='word_1_336' title='bbox 2965 1985 3031 2041; x_wconf 90' lang='lat' dir='ltr'><strong>de</strong></span> <span class='ocrx_word' id='word_1_337' title='bbox 3074 1985 3323 2056; x_wconf 77' lang='lat' dir='ltr'><strong>Origene,</strong></span> <span class='ocrx_word' id='word_1_338' title='bbox 3367 1989 3455 2059; x_wconf 92' lang='lat' dir='ltr'><strong>qui</strong></span> <span class='ocrx_word' id='word_1_339' title='bbox 3492 2004 3525 2045; x_wconf 85' lang='lat' dir='ltr'><strong>a</strong></span> 
     </span>
    </p>
   </div>
   <div class='ocr_carea' id='block_1_48' title="bbox 1953 2069 3523 2146">
    <p class='ocr_par' dir='ltr' id='par_1_48' title="bbox 1953 2069 3523 2146">
     <span class='ocr_line' id='line_1_48' title="bbox 1953 2069 3523 2146; baseline 0.008 -25"><span class='ocrx_word' id='word_1_340' title='bbox 1953 2069 2129 2139; x_wconf 87' lang='lat' dir='ltr'><strong>gratia</strong></span> <span class='ocrx_word' id='word_1_341' title='bbox 2157 2069 2249 2123; x_wconf 92' lang='lat' dir='ltr'><strong>Dei</strong></span> <span class='ocrx_word' id='word_1_342' title='bbox 2280 2080 2333 2123; x_wconf 90' lang='lat' dir='ltr'><strong>et.</strong></span> <span class='ocrx_word' id='word_1_343' title='bbox 2370 2084 2399 2123; x_wconf 90' lang='lat' dir='ltr'><strong>a</strong></span> <span class='ocrx_word' id='word_1_344' title='bbox 2450 2080 2638 2124; x_wconf 89' lang='lat' dir='ltr'><strong>sancta</strong></span> <span class='ocrx_word' id='word_1_345' title='bbox 2691 2072 2783 2127; x_wconf 90' lang='lat' dir='ltr'><strong>Dei</strong></span> <span class='ocrx_word' id='word_1_346' title='bbox 2846 2073 3089 2129; x_wconf 85' lang='lat' dir='ltr'><strong>Ecclesia</strong></span> <span class='ocrx_word' id='word_1_347' title='bbox 3141 2077 3392 2146; x_wconf 90' lang='lat' dir='ltr'><strong>depulsus</strong></span> <span class='ocrx_word' id='word_1_348' title='bbox 3420 2089 3523 2142; x_wconf 88' lang='lat' dir='ltr'><strong>est,</strong></span> 
     </span>
    </p>
   </div>
   <div class='ocr_carea' id='block_1_49' title="bbox 1954 2161 3524 2243">
    <p class='ocr_par' dir='ltr' id='par_1_49' title="bbox 1954 2161 3524 2243">
     <span class='ocr_line' id='line_1_49' title="bbox 1954 2161 3524 2243; baseline 0.008 -28"><span class='ocrx_word' id='word_1_349' title='bbox 1954 2162 2126 2231; x_wconf 88' lang='lat' dir='ltr'><strong>deque</strong></span> <span class='ocrx_word' id='word_1_350' title='bbox 2152 2161 2267 2230; x_wconf 87' lang='lat' dir='ltr'><strong>ejus</strong></span> <span class='ocrx_word' id='word_1_351' title='bbox 2292 2164 2509 2217; x_wconf 89' lang='lat' dir='ltr'><strong>asseclis</strong></span> <span class='ocrx_word' id='word_1_352' title='bbox 2538 2163 2745 2229; x_wconf 91' lang='lat' dir='ltr'><strong>loqui...</strong></span> <span class='ocrx_word' id='word_1_353' title='bbox 2783 2174 2835 2221; x_wconf 89' lang='lat' dir='ltr'><strong>et</strong></span> <span class='ocrx_word' id='word_1_354' title='bbox 2865 2167 3092 2223; x_wconf 88' lang='lat' dir='ltr'><strong>dicemlo</strong></span> <span class='ocrx_word' id='word_1_355' title='bbox 3109 2172 3342 2237; x_wconf 83' lang='lat' dir='ltr'><strong>quidem,</strong></span> <span class='ocrx_word' id='word_1_356' title='bbox 3369 2172 3524 2243; x_wconf 68' lang='grc' dir='ltr'>ἡμῖν.</span> 
     </span>
    </p>
   </div>
   <div class='ocr_carea' id='block_1_50' title="bbox 1954 2252 3526 2329">
    <p class='ocr_par' dir='ltr' id='par_1_50' title="bbox 1954 2252 3526 2329">
     <span class='ocr_line' id='line_1_50' title="bbox 1954 2252 3526 2329; baseline 0.008 -22"><span class='ocrx_word' id='word_1_357' title='bbox 1954 2268 2047 2308; x_wconf 85' lang='lat' dir='ltr'><strong>eos</strong></span> <span class='ocrx_word' id='word_1_358' title='bbox 2095 2253 2183 2321; x_wconf 90' lang='lat' dir='ltr'><strong>qui</strong></span> <span class='ocrx_word' id='word_1_359' title='bbox 2224 2254 2274 2308; x_wconf 93' lang='lat' dir='ltr'><strong>in</strong></span> <span class='ocrx_word' id='word_1_360' title='bbox 2315 2252 2554 2311; x_wconf 82' lang='lat' dir='ltr'><strong>Ecclesia</strong></span> <span class='ocrx_word' id='word_1_361' title='bbox 2591 2268 2878 2312; x_wconf 87' lang='lat' dir='ltr'><strong>censentur</strong></span> <span class='ocrx_word' id='word_1_362' title='bbox 2908 2260 3268 2329; x_wconf 83' lang='lat' dir='ltr'><strong>signiﬁcasse;</strong></span> <span class='ocrx_word' id='word_1_363' title='bbox 3300 2264 3526 2320; x_wconf 89' lang='lat' dir='ltr'><strong>dicendo</strong></span> 
     </span>
    </p>
   </div>
   <div class='ocr_carea' id='block_1_51' title="bbox 1954 2347 3525 2424">
    <p class='ocr_par' dir='ltr' id='par_1_51' title="bbox 1954 2347 3525 2424">
     <span class='ocr_line' id='line_1_51' title="bbox 1954 2347 3525 2424; baseline 0.009 -26"><span class='ocrx_word' id='word_1_364' title='bbox 1954 2360 2102 2410; x_wconf 90' lang='lat' dir='ltr'><strong>vero,</strong></span> <span class='ocrx_word' id='word_1_365' title='bbox 2131 2347 2258 2409; x_wconf 78' lang='grc' dir='ltr'>τοὺς</span> <span class='ocrx_word' id='word_1_366' title='bbox 2284 2347 2390 2400; x_wconf 71' lang='grc' dir='ltr'>ἀπὸ</span> <span class='ocrx_word' id='word_1_367' title='bbox 2428 2349 2523 2417; x_wconf 80' lang='grc' dir='ltr'>τῆς</span> <span class='ocrx_word' id='word_1_368' title='bbox 2565 2348 2907 2421; x_wconf 84' lang='grc' dir='ltr'>Ἐκκλησίας,</span> <span class='ocrx_word' id='word_1_369' title='bbox 2949 2366 3042 2407; x_wconf 90' lang='lat' dir='ltr'><strong>eos</strong></span> <span class='ocrx_word' id='word_1_370' title='bbox 3084 2362 3299 2409; x_wconf 88' lang='lat' dir='ltr'><strong>notasse</strong></span> <span class='ocrx_word' id='word_1_371' title='bbox 3331 2356 3422 2424; x_wconf 91' lang='lat' dir='ltr'><strong>qui</strong></span> <span class='ocrx_word' id='word_1_372' title='bbox 3459 2370 3525 2411; x_wconf 86' lang='lat' dir='ltr'><strong>ea</strong></span> 
     </span>
    </p>
   </div>
   <div class='ocr_carea' id='block_1_52' title="bbox 1954 2437 3525 2514">
    <p class='ocr_par' dir='ltr' id='par_1_52' title="bbox 1954 2437 3525 2514">
     <span class='ocr_line' id='line_1_52' title="bbox 1954 2437 3525 2514; baseline 0.004 -23"><span class='ocrx_word' id='word_1_373' title='bbox 1954 2437 2227 2491; x_wconf 82' lang='lat' dir='ltr'><strong>exturbati</strong></span> <span class='ocrx_word' id='word_1_374' title='bbox 2263 2447 2410 2492; x_wconf 84' lang='lat' dir='ltr'><strong>Sultl.</strong></span> <span class='ocrx_word' id='word_1_375' title='bbox 2453 2458 2471 2491; x_wconf 76' lang='grc' dir='ltr'><strong>ι</strong></span> <span class='ocrx_word' id='word_1_376' title='bbox 2508 2439 2709 2509; x_wconf 85' lang='lat' dir='ltr'><strong>Nempe</strong></span> <span class='ocrx_word' id='word_1_377' title='bbox 2734 2441 3017 2509; x_wconf 80' lang='lat' dir='ltr'><strong>ignorabat</strong></span> <span class='ocrx_word' id='word_1_378' title='bbox 3044 2443 3215 2497; x_wconf 88' lang='lat' dir='ltr'><strong>bonus</strong></span> <span class='ocrx_word' id='word_1_379' title='bbox 3243 2443 3330 2497; x_wconf 88' lang='lat' dir='ltr'><strong>ille</strong></span> <span class='ocrx_word' id='word_1_380' title='bbox 3354 2444 3525 2514; x_wconf 77' lang='lat' dir='ltr'><strong>impe-</strong></span> 
     </span>
    </p>
   </div>
   <div class='ocr_carea' id='block_1_53' title="bbox 1955 2528 3527 2602">
    <p class='ocr_par' dir='ltr' id='par_1_53' title="bbox 1955 2528 3527 2602">
     <span class='ocr_line' id='line_1_53' title="bbox 1955 2528 3527 2602; baseline 0.006 -21"><span class='ocrx_word' id='word_1_381' title='bbox 1955 2538 2121 2593; x_wconf 90' lang='lat' dir='ltr'><strong>rator,</strong></span> <span class='ocrx_word' id='word_1_382' title='bbox 2149 2528 2263 2582; x_wconf 85' lang='lat' dir='ltr'><strong>sive</strong></span> <span class='ocrx_word' id='word_1_383' title='bbox 2288 2530 2377 2597; x_wconf 89' lang='lat' dir='ltr'><strong>qui</strong></span> <span class='ocrx_word' id='word_1_384' title='bbox 2411 2530 2578 2599; x_wconf 87' lang='lat' dir='ltr'><strong>ipsius</strong></span> <span class='ocrx_word' id='word_1_385' title='bbox 2601 2532 2818 2586; x_wconf 90' lang='lat' dir='ltr'><strong>nomine</strong></span> <span class='ocrx_word' id='word_1_386' title='bbox 2836 2532 3113 2602; x_wconf 90' lang='lat' dir='ltr'><strong>epistolam</strong></span> <span class='ocrx_word' id='word_1_387' title='bbox 3146 2535 3283 2590; x_wconf 88' lang='lat' dir='ltr'><strong>hanc</strong></span> <span class='ocrx_word' id='word_1_388' title='bbox 3308 2538 3527 2591; x_wconf 85' lang='lat' dir='ltr'><strong>conciu-</strong></span> 
     </span>
    </p>
   </div>
   <div class='ocr_carea' id='block_1_54' title="bbox 1953 2622 3527 2696">
    <p class='ocr_par' dir='ltr' id='par_1_54' title="bbox 1953 2622 3527 2696">
     <span class='ocr_line' id='line_1_54' title="bbox 1953 2622 3527 2696; baseline 0.006 -23"><span class='ocrx_word' id='word_1_389' title='bbox 1953 2630 2173 2686; x_wconf 91' lang='lat' dir='ltr'><strong>narunt,</strong></span> <span class='ocrx_word' id='word_1_390' title='bbox 2225 2622 2562 2691; x_wconf 82' lang='lat' dir='ltr'><strong>particulam,</strong></span> <span class='ocrx_word' id='word_1_391' title='bbox 2596 2623 2743 2690; x_wconf 83' lang='grc' dir='ltr'>ἀπό,</span> <span class='ocrx_word' id='word_1_392' title='bbox 2779 2640 2881 2679; x_wconf 90' lang='lat' dir='ltr'><strong>non</strong></span> <span class='ocrx_word' id='word_1_393' title='bbox 2930 2627 3341 2696; x_wconf 88' lang='lat' dir='ltr'><strong>disjnnetionem</strong></span> <span class='ocrx_word' id='word_1_394' title='bbox 3380 2644 3527 2685; x_wconf 79' lang='lat' dir='ltr'><strong>sem-</strong></span> 
     </span>
    </p>
   </div>
   <div class='ocr_carea' id='block_1_55' title="bbox 1953 2714 3527 2788">
    <p class='ocr_par' dir='ltr' id='par_1_55' title="bbox 1953 2714 3527 2788">
     <span class='ocr_line' id='line_1_55' title="bbox 1953 2714 3527 2788; baseline 0.007 -21"><span class='ocrx_word' id='word_1_395' title='bbox 1953 2729 2051 2783; x_wconf 88' lang='lat' dir='ltr'><strong>per</strong></span> <span class='ocrx_word' id='word_1_396' title='bbox 2077 2723 2129 2769; x_wconf 88' lang='lat' dir='ltr'><strong>et</strong></span> <span class='ocrx_word' id='word_1_397' title='bbox 2154 2714 2499 2778; x_wconf 87' lang='lat' dir='ltr'><strong>divisionem,</strong></span> <span class='ocrx_word' id='word_1_398' title='bbox 2533 2718 2628 2771; x_wconf 89' lang='lat' dir='ltr'><strong>sed</strong></span> <span class='ocrx_word' id='word_1_399' title='bbox 2660 2718 3093 2788; x_wconf 89' lang='lat' dir='ltr'><strong>conjunctionem</strong></span> <span class='ocrx_word' id='word_1_400' title='bbox 3131 2722 3316 2786; x_wconf 90' lang='lat' dir='ltr'><strong>etiam,</strong></span> <span class='ocrx_word' id='word_1_401' title='bbox 3352 2734 3405 2777; x_wconf 90' lang='lat' dir='ltr'><strong>et</strong></span> <span class='ocrx_word' id='word_1_402' title='bbox 3439 2740 3527 2778; x_wconf 88' lang='lat' dir='ltr'><strong>se-</strong></span> 
     </span>
    </p>
   </div>
   <div class='ocr_carea' id='block_1_56' title="bbox 1953 2804 3527 2885">
    <p class='ocr_par' dir='ltr' id='par_1_56' title="bbox 1953 2804 3527 2885">
     <span class='ocr_line' id='line_1_56' title="bbox 1953 2804 3527 2885; baseline 0.008 -30"><span class='ocrx_word' id='word_1_403' title='bbox 1953 2812 2091 2855; x_wconf 88' lang='lat' dir='ltr'><strong>ctam</strong></span> <span class='ocrx_word' id='word_1_404' title='bbox 2130 2818 2195 2857; x_wconf 90' lang='lat' dir='ltr'><strong>ac</strong></span> <span class='ocrx_word' id='word_1_405' title='bbox 2222 2804 2346 2858; x_wconf 67' lang='lat' dir='ltr'><strong>vita:</strong></span> <span class='ocrx_word' id='word_1_406' title='bbox 2376 2805 2684 2860; x_wconf 88' lang='lat' dir='ltr'><strong>institutum</strong></span> <span class='ocrx_word' id='word_1_407' title='bbox 2718 2816 2911 2862; x_wconf 89' lang='lat' dir='ltr'><strong>notare</strong></span> <span class='ocrx_word' id='word_1_408' title='bbox 2953 2828 2966 2863; x_wconf 91' lang='lat'><strong>:</strong></span> <span class='ocrx_word' id='word_1_409' title='bbox 3000 2812 3050 2863; x_wconf 79' lang='grc' dir='ltr'><strong>οἱ</strong></span> <span class='ocrx_word' id='word_1_410' title='bbox 3085 2811 3193 2865; x_wconf 77' lang='grc' dir='ltr'><strong>ἀπὸ</strong></span> <span class='ocrx_word' id='word_1_411' title='bbox 3219 2812 3329 2866; x_wconf 82' lang='grc' dir='ltr'>τῶν</span> <span class='ocrx_word' id='word_1_412' title='bbox 3376 2816 3527 2885; x_wconf 83' lang='grc' dir='ltr'>αἰρε-</span> 
     </span>
    </p>
   </div>
   <div class='ocr_carea' id='block_1_57' title="bbox 1954 2894 3528 2969">
    <p class='ocr_par' dir='ltr' id='par_1_57' title="bbox 1954 2894 3528 2969">
     <span class='ocr_line' id='line_1_57' title="bbox 1954 2894 3528 2969; baseline 0.01 -22"><span class='ocrx_word' id='word_1_413' title='bbox 1954 2894 2111 2959; x_wconf 80' lang='grc' dir='ltr'>σέων,</span> <span class='ocrx_word' id='word_1_414' title='bbox 2140 2896 2405 2962; x_wconf 75' lang='lat' dir='ltr'><strong>hwrelici;</strong></span> <span class='ocrx_word' id='word_1_415' title='bbox 2435 2900 2482 2951; x_wconf 81' lang='lat' dir='ltr'><strong>oi</strong></span> <span class='ocrx_word' id='word_1_416' title='bbox 2516 2898 2624 2953; x_wconf 87' lang='grc' dir='ltr'>ἀπὸ</span> <span class='ocrx_word' id='word_1_417' title='bbox 2650 2900 2750 2969; x_wconf 81' lang='grc' dir='ltr'>τῆς</span> <span class='ocrx_word' id='word_1_418' title='bbox 2775 2902 2960 2966; x_wconf 80' lang='grc' dir='ltr'>Στόας,</span> <span class='ocrx_word' id='word_1_419' title='bbox 2990 2902 3189 2968; x_wconf 80' lang='lat' dir='ltr'><strong>Stoici;</strong></span> <span class='ocrx_word' id='word_1_420' title='bbox 3218 2906 3267 2958; x_wconf 81' lang='lat' dir='ltr'><strong>oi</strong></span> <span class='ocrx_word' id='word_1_421' title='bbox 3298 2906 3407 2959; x_wconf 86' lang='grc' dir='ltr'>ἀπὸ</span> <span class='ocrx_word' id='word_1_422' title='bbox 3431 2907 3528 2962; x_wconf 77' lang='grc' dir='ltr'>τοῦ</span> 
     </span>
    </p>
   </div>
   <div class='ocr_carea' id='block_1_58' title="bbox 1952 2986 3525 3069">
    <p class='ocr_par' dir='ltr' id='par_1_58' title="bbox 1952 2986 3525 3069">
     <span class='ocr_line' id='line_1_58' title="bbox 1952 2986 3525 3069; baseline 0.009 -32"><span class='ocrx_word' id='word_1_423' title='bbox 1952 2986 2290 3059; x_wconf 83' lang='grc' dir='ltr'>Πυθαγόρου,</span> <span class='ocrx_word' id='word_1_424' title='bbox 2324 2986 2684 3061; x_wconf 80' lang='lat' dir='ltr'><strong>Pythagorici.</strong></span> <span class='ocrx_word' id='word_1_425' title='bbox 2726 2990 2910 3060; x_wconf 89' lang='lat' dir='ltr'><strong>Igitur,</strong></span> <span class='ocrx_word' id='word_1_426' title='bbox 2942 2994 2989 3046; x_wconf 78' lang='grc' dir='ltr'><strong>οί</strong></span> <span class='ocrx_word' id='word_1_427' title='bbox 3016 2994 3124 3047; x_wconf 82' lang='grc' dir='ltr'>ἀπὸ</span> <span class='ocrx_word' id='word_1_428' title='bbox 3152 2995 3253 3065; x_wconf 82' lang='grc' dir='ltr'>τῆς</span> <span class='ocrx_word' id='word_1_429' title='bbox 3294 2997 3525 3069; x_wconf 87' lang='grc' dir='ltr'>Ἐκκλη-</span> 
     </span>
    </p>
   </div>
   <div class='ocr_carea' id='block_1_59' title="bbox 1955 3079 3523 3152">
    <p class='ocr_par' dir='ltr' id='par_1_59' title="bbox 1955 3079 3523 3152">
     <span class='ocr_line' id='line_1_59' title="bbox 1955 3079 3523 3152; baseline 0.01 -21"><span class='ocrx_word' id='word_1_430' title='bbox 1955 3079 2093 3143; x_wconf 89' lang='grc' dir='ltr'>σίας,</span> <span class='ocrx_word' id='word_1_431' title='bbox 2136 3083 2236 3135; x_wconf 91' lang='lat' dir='ltr'><strong>hoc</strong></span> <span class='ocrx_word' id='word_1_432' title='bbox 2267 3091 2367 3145; x_wconf 89' lang='lat' dir='ltr'><strong>est,</strong></span> <span class='ocrx_word' id='word_1_433' title='bbox 2399 3082 2689 3137; x_wconf 77' lang='lat' dir='ltr'><strong>Christiani</strong></span> <span class='ocrx_word' id='word_1_434' title='bbox 2715 3123 2728 3145; x_wconf 87' lang='lat'><strong>,</strong></span> <span class='ocrx_word' id='word_1_435' title='bbox 2754 3085 3125 3152; x_wconf 71' lang='lat' dir='ltr'><strong>ecclesiastici;</strong></span> <span class='ocrx_word' id='word_1_436' title='bbox 3161 3090 3225 3143; x_wconf 92' lang='lat' dir='ltr'><strong>ad</strong></span> <span class='ocrx_word' id='word_1_437' title='bbox 3258 3106 3349 3146; x_wconf 89' lang='lat' dir='ltr'><strong>eos</strong></span> <span class='ocrx_word' id='word_1_438' title='bbox 3378 3092 3523 3147; x_wconf 85' lang='lat' dir='ltr'><strong>enim</strong></span> 
     </span>
    </p>
   </div>
   <div class='ocr_carea' id='block_1_60' title="bbox 254 3175 1850 3266">
    <p class='ocr_par' dir='ltr' id='par_1_60' title="bbox 254 3175 1848 3250">
     <span class='ocr_line' id='line_1_60' title="bbox 254 3175 1848 3250; baseline 0.001 -20"><span class='ocrx_word' id='word_1_439' title='bbox 254 3177 619 3248; x_wconf 76' lang='grc' dir='ltr'>γραμμάτων</span> <span class='ocrx_word' id='word_1_440' title='bbox 649 3175 1058 3240; x_wconf 78' lang='grc' dir='ltr'>ἀντιποιεῖσθαι,</span> <span class='ocrx_word' id='word_1_441' title='bbox 1090 3176 1184 3229; x_wconf 75' lang='grc' dir='ltr'>τοῦ</span> <span class='ocrx_word' id='word_1_442' title='bbox 1214 3177 1478 3241; x_wconf 85' lang='grc' dir='ltr'>τοσαύτας</span> <span class='ocrx_word' id='word_1_443' title='bbox 1510 3179 1608 3248; x_wconf 85' lang='grc' dir='ltr'><strong>μὲν</strong></span> <span class='ocrx_word' id='word_1_444' title='bbox 1633 3179 1848 3250; x_wconf 76' lang='grc' dir='ltr'>εἰρηκόο</span> 
     </span>
    </p>
   </div>
   <div class='ocr_carea' id='block_1_61' title="bbox 1954 3175 3525 3266">
    <p class='ocr_par' dir='ltr' id='par_1_61' title="bbox 1954 3176 3525 3245">
     <span class='ocr_line' id='line_1_61' title="bbox 1954 3176 3525 3245; baseline 0.01 -22"><span class='ocrx_word' id='word_1_445' title='bbox 1954 3183 2218 3239; x_wconf 84' lang='lat' dir='ltr'><strong>quatenus</strong></span> <span class='ocrx_word' id='word_1_446' title='bbox 2283 3176 2505 3245; x_wconf 88' lang='lat' dir='ltr'><strong>paganis</strong></span> <span class='ocrx_word' id='word_1_447' title='bbox 2579 3190 3309 3245; x_wconf 83' lang='lat' dir='ltr'><strong>Opponttntur,-sertnonem</strong></span> <span class='ocrx_word' id='word_1_448' title='bbox 3365 3199 3525 3239; x_wconf 88' lang='lat' dir='ltr'><strong>suum</strong></span> 
     </span>
    </p>
   </div>
   <div class='ocr_carea' id='block_1_62' title="bbox 262 3267 1847 3342">
    <p class='ocr_par' dir='ltr' id='par_1_62' title="bbox 262 3267 1847 3342">
     <span class='ocr_line' id='line_1_62' title="bbox 262 3267 1847 3342; baseline 0 -18"><span class='ocrx_word' id='word_1_449' title='bbox 262 3289 367 3333; x_wconf 88' lang='grc' dir='ltr'><strong>τος</strong></span> <span class='ocrx_word' id='word_1_450' title='bbox 393 3269 759 3341; x_wconf 77' lang='grc' dir='ltr'>βλασφημίας,</span> <span class='ocrx_word' id='word_1_451' title='bbox 789 3269 922 3321; x_wconf 76' lang='grc' dir='ltr'>πᾶσι</span> <span class='ocrx_word' id='word_1_452' title='bbox 947 3267 1005 3320; x_wconf 84' lang='grc' dir='ltr'>δὲ</span> <span class='ocrx_word' id='word_1_453' title='bbox 1045 3268 1229 3337; x_wconf 84' lang='grc' dir='ltr'>σχεδὸν</span> <span class='ocrx_word' id='word_1_454' title='bbox 1260 3271 1554 3340; x_wconf 82' lang='grc' dir='ltr'>αἱρετικοίς</span> <span class='ocrx_word' id='word_1_455' title='bbox 1583 3272 1847 3342; x_wconf 85' lang='grc' dir='ltr'>τοσαύτην</span> 
     </span>
    </p>
   </div>
   <div class='ocr_carea' id='block_1_63' title="bbox 264 3360 1848 3433">
    <p class='ocr_par' dir='ltr' id='par_1_63' title="bbox 264 3360 1848 3433">
     <span class='ocr_line' id='line_1_63' title="bbox 264 3360 1848 3433; baseline -0.002 -15"><span class='ocrx_word' id='word_1_456' title='bbox 264 3363 413 3433; x_wconf 77' lang='grc' dir='ltr'>ὓλην</span> <span class='ocrx_word' id='word_1_457' title='bbox 452 3361 729 3424; x_wconf 85' lang='grc' dir='ltr'>ἀπωλείας</span> <span class='ocrx_word' id='word_1_458' title='bbox 763 3362 855 3414; x_wconf 76' lang='grc' dir='ltr'>καὶ</span> <span class='ocrx_word' id='word_1_459' title='bbox 901 3360 1249 3431; x_wconf 83' lang='grc' dir='ltr'>βλασφημίας</span> <span class='ocrx_word' id='word_1_460' title='bbox 1286 3361 1725 3432; x_wconf 82' lang='grc' dir='ltr'>παρασχομένου,</span> <span class='ocrx_word' id='word_1_461' title='bbox 1756 3363 1848 3415; x_wconf 77' lang='grc' dir='ltr'>καὶ</span> 
     </span>
    </p>
   </div>
   <div class='ocr_carea' id='block_1_64' title="bbox 260 3449 1849 3521">
    <p class='ocr_par' dir='ltr' id='par_1_64' title="bbox 260 3449 1849 3521">
     <span class='ocr_line' id='line_1_64' title="bbox 260 3449 1849 3521; baseline -0.003 -13"><span class='ocrx_word' id='word_1_462' title='bbox 260 3454 367 3508; x_wconf 80' lang='grc' dir='ltr'>διὰ</span> <span class='ocrx_word' id='word_1_463' title='bbox 389 3452 565 3517; x_wconf 77' lang='grc' dir='ltr'>τοῦτο,</span> <span class='ocrx_word' id='word_1_464' title='bbox 591 3451 686 3505; x_wconf 71' lang='grc' dir='ltr'><strong>καὶ</strong></span> <span class='ocrx_word' id='word_1_465' title='bbox 718 3450 870 3521; x_wconf 77' lang='grc' dir='ltr'>παρὰ</span> <span class='ocrx_word' id='word_1_466' title='bbox 893 3450 1002 3503; x_wconf 85' lang='grc' dir='ltr'><strong>τῶν</strong></span> <span class='ocrx_word' id='word_1_467' title='bbox 1028 3449 1194 3518; x_wconf 85' lang='grc' dir='ltr'>ἁγίων</span> <span class='ocrx_word' id='word_1_468' title='bbox 1212 3450 1461 3521; x_wconf 82' lang='grc' dir='ltr'>πατέρων</span> <span class='ocrx_word' id='word_1_469' title='bbox 1487 3449 1715 3503; x_wconf 75' lang='grc' dir='ltr'>ἔκπαλαι</span> <span class='ocrx_word' id='word_1_470' title='bbox 1746 3451 1849 3503; x_wconf 86' lang='grc' dir='ltr'><strong>ὑπὸ</strong></span> 
     </span>
    </p>
   </div>
   <div class='ocr_carea' id='block_1_65' title="bbox 261 3539 1849 3614">
    <p class='ocr_par' dir='ltr' id='par_1_65' title="bbox 261 3539 1849 3614">
     <span class='ocr_line' id='line_1_65' title="bbox 261 3539 1849 3614; baseline -0.002 -15"><span class='ocrx_word' id='word_1_471' title='bbox 261 3544 527 3614; x_wconf 82' lang='grc' dir='ltr'>ἀνάθεμα</span> <span class='ocrx_word' id='word_1_472' title='bbox 554 3540 845 3612; x_wconf 87' lang='grc' dir='ltr'>γενομένου</span> <span class='ocrx_word' id='word_1_473' title='bbox 872 3540 1008 3611; x_wconf 82' lang='grc' dir='ltr'>μετὰ</span> <span class='ocrx_word' id='word_1_474' title='bbox 1032 3539 1140 3593; x_wconf 83' lang='grc' dir='ltr'><strong>τῶν</strong></span> <span class='ocrx_word' id='word_1_475' title='bbox 1173 3539 1433 3613; x_wconf 85' lang='grc' dir='ltr'>μυσαρῶν</span> <span class='ocrx_word' id='word_1_476' title='bbox 1463 3541 1627 3594; x_wconf 80' lang='grc' dir='ltr'>αὐτοῦ</span> <span class='ocrx_word' id='word_1_477' title='bbox 1648 3541 1849 3613; x_wconf 68' lang='grc' dir='ltr'>δογμάο</span> 
     </span>
    </p>
   </div>
   <div class='ocr_carea' id='block_1_66' title="bbox 264 3633 1850 3705">
    <p class='ocr_par' dir='ltr' id='par_1_66' title="bbox 264 3633 1850 3705">
     <span class='ocr_line' id='line_1_66' title="bbox 264 3633 1850 3705; baseline 0 -15"><span class='ocrx_word' id='word_1_478' title='bbox 264 3654 420 3702; x_wconf 85' lang='grc' dir='ltr'>των;</span> <span class='ocrx_word' id='word_1_479' title='bbox 462 3656 480 3687; x_wconf 74' lang='grc' dir='ltr'><strong>ι</strong></span> <span class='ocrx_word' id='word_1_480' title='bbox 522 3635 579 3689; x_wconf 92' lang='lat' dir='ltr'><strong>Si</strong></span> <span class='ocrx_word' id='word_1_481' title='bbox 614 3635 779 3705; x_wconf 86' lang='lat' dir='ltr'><strong>igitur</strong></span> <span class='ocrx_word' id='word_1_482' title='bbox 817 3648 1003 3689; x_wconf 89' lang='lat' dir='ltr'><strong>omnes</strong></span> <span class='ocrx_word' id='word_1_483' title='bbox 1038 3634 1295 3698; x_wconf 56' lang='lat' dir='ltr'><strong>haeretici,</strong></span> <span class='ocrx_word' id='word_1_484' title='bbox 1325 3635 1393 3687; x_wconf 88' lang='lat' dir='ltr'><strong>ob</strong></span> <span class='ocrx_word' id='word_1_485' title='bbox 1433 3634 1591 3687; x_wconf 88' lang='lat' dir='ltr'><strong>unius</strong></span> <span class='ocrx_word' id='word_1_486' title='bbox 1620 3633 1850 3690; x_wconf 84' lang='lat' dir='ltr'><strong>fortasse</strong></span> 
     </span>
    </p>
   </div>
   <div class='ocr_carea' id='block_1_67' title="bbox 267 3725 1850 3797">
    <p class='ocr_par' dir='ltr' id='par_1_67' title="bbox 267 3725 1850 3797">
     <span class='ocr_line' id='line_1_67' title="bbox 267 3725 1850 3797; baseline -0.001 -13"><span class='ocrx_word' id='word_1_487' title='bbox 267 3728 367 3784; x_wconf 75' lang='lat' dir='ltr'><strong>vel</strong></span> <span class='ocrx_word' id='word_1_488' title='bbox 416 3726 642 3781; x_wconf 90' lang='lat' dir='ltr'><strong>alterius</strong></span> <span class='ocrx_word' id='word_1_489' title='bbox 684 3726 954 3796; x_wconf 82' lang='lat' dir='ltr'><strong>dogmatis</strong></span> <span class='ocrx_word' id='word_1_490' title='bbox 999 3726 1410 3797; x_wconf 88' lang='lat' dir='ltr'><strong>perversitatem</strong></span> <span class='ocrx_word' id='word_1_491' title='bbox 1464 3725 1619 3794; x_wconf 91' lang='lat' dir='ltr'><strong>ejecti</strong></span> <span class='ocrx_word' id='word_1_492' title='bbox 1666 3737 1791 3782; x_wconf 92' lang='lat' dir='ltr'><strong>sunt</strong></span> <span class='ocrx_word' id='word_1_493' title='bbox 1821 3743 1850 3783; x_wconf 93' lang='lat' dir='ltr'><strong>e</strong></span> 
     </span>
    </p>
   </div>
   <div class='ocr_carea' id='block_1_68' title="bbox 269 3818 1846 3888">
    <p class='ocr_par' dir='ltr' id='par_1_68' title="bbox 269 3818 1846 3888">
     <span class='ocr_line' id='line_1_68' title="bbox 269 3818 1846 3888; baseline -0.001 -13"><span class='ocrx_word' id='word_1_494' title='bbox 269 3820 626 3875; x_wconf 80' lang='lat' dir='ltr'><strong>sanctissima</strong></span> <span class='ocrx_word' id='word_1_495' title='bbox 681 3818 943 3883; x_wconf 83' lang='lat' dir='ltr'><strong>Ecclesia,</strong></span> <span class='ocrx_word' id='word_1_496' title='bbox 977 3819 1097 3887; x_wconf 89' lang='lat' dir='ltr'><strong>quis</strong></span> <span class='ocrx_word' id='word_1_497' title='bbox 1142 3834 1367 3888; x_wconf 84' lang='lat' dir='ltr'><strong>prorsus</strong></span> <span class='ocrx_word' id='word_1_498' title='bbox 1412 3818 1846 3875; x_wconf 74' lang='lat' dir='ltr'><strong>Christianorum</strong></span> 
     </span>
    </p>
   </div>
   <div class='ocr_carea' id='block_1_69' title="bbox 268 3908 1849 3981">
    <p class='ocr_par' dir='ltr' id='par_1_69' title="bbox 268 3908 1849 3981">
     <span class='ocr_line' id='line_1_69' title="bbox 268 3908 1849 3981; baseline -0.001 -15"><span class='ocrx_word' id='word_1_499' title='bbox 268 3911 569 3967; x_wconf 85' lang='lat' dir='ltr'><strong>sustinebit</strong></span> <span class='ocrx_word' id='word_1_500' title='bbox 597 3908 908 3980; x_wconf 88' lang='lat' dir='ltr'><strong>Origenem,</strong></span> <span class='ocrx_word' id='word_1_501' title='bbox 944 3911 1026 3965; x_wconf 88' lang='lat' dir='ltr'><strong>vel</strong></span> <span class='ocrx_word' id='word_1_502' title='bbox 1054 3910 1288 3965; x_wconf 90' lang='lat' dir='ltr'><strong>nefarias</strong></span> <span class='ocrx_word' id='word_1_503' title='bbox 1303 3911 1418 3981; x_wconf 88' lang='lat' dir='ltr'><strong>ejus</strong></span> <span class='ocrx_word' id='word_1_504' title='bbox 1446 3910 1849 3967; x_wconf 90' lang='lat' dir='ltr'><strong>lucubrationes</strong></span> 
     </span>
    </p>
   </div>
   <div class='ocr_carea' id='block_1_70' title="bbox 272 4003 1852 4073">
    <p class='ocr_par' dir='ltr' id='par_1_70' title="bbox 272 4003 1852 4073">
     <span class='ocr_line' id='line_1_70' title="bbox 272 4003 1852 4073; baseline -0.002 -15"><span class='ocrx_word' id='word_1_505' title='bbox 272 4003 599 4071; x_wconf 83' lang='lat' dir='ltr'><strong>defendere,</strong></span> <span class='ocrx_word' id='word_1_506' title='bbox 637 4018 667 4057; x_wconf 87' lang='lat' dir='ltr'><strong>a</strong></span> <span class='ocrx_word' id='word_1_507' title='bbox 701 4018 806 4071; x_wconf 90' lang='lat' dir='ltr'><strong>quo</strong></span> <span class='ocrx_word' id='word_1_508' title='bbox 855 4012 933 4057; x_wconf 90' lang='lat' dir='ltr'><strong>tot</strong></span> <span class='ocrx_word' id='word_1_509' title='bbox 982 4003 1287 4073; x_wconf 87' lang='lat' dir='ltr'><strong>impietates</strong></span> <span class='ocrx_word' id='word_1_510' title='bbox 1344 4003 1567 4073; x_wconf 75' lang='lat' dir='ltr'><strong>prolata:</strong></span> <span class='ocrx_word' id='word_1_511' title='bbox 1618 4010 1764 4068; x_wconf 92' lang='lat' dir='ltr'><strong>sunt,</strong></span> <span class='ocrx_word' id='word_1_512' title='bbox 1797 4011 1852 4056; x_wconf 91' lang='lat' dir='ltr'><strong>et</strong></span> 
     </span>
    </p>
   </div>
   <div class='ocr_carea' id='block_1_71' title="bbox 273 4095 1852 4168">
    <p class='ocr_par' dir='ltr' id='par_1_71' title="bbox 273 4095 1852 4168">
     <span class='ocr_line' id='line_1_71' title="bbox 273 4095 1852 4168; baseline -0.004 -15"><span class='ocrx_word' id='word_1_513' title='bbox 273 4106 429 4153; x_wconf 80' lang='lat' dir='ltr'><strong>tanta</strong></span> <span class='ocrx_word' id='word_1_514' title='bbox 456 4097 608 4151; x_wconf 86' lang='lat' dir='ltr'><strong>exitii</strong></span> <span class='ocrx_word' id='word_1_515' title='bbox 645 4105 700 4152; x_wconf 90' lang='lat' dir='ltr'><strong>et</strong></span> <span class='ocrx_word' id='word_1_516' title='bbox 746 4098 1041 4168; x_wconf 88' lang='lat' dir='ltr'><strong>impietatis</strong></span> <span class='ocrx_word' id='word_1_517' title='bbox 1076 4095 1301 4150; x_wconf 89' lang='lat' dir='ltr'><strong>materia</strong></span> <span class='ocrx_word' id='word_1_518' title='bbox 1350 4095 1623 4150; x_wconf 88' lang='lat' dir='ltr'><strong>universis</strong></span> <span class='ocrx_word' id='word_1_519' title='bbox 1656 4108 1852 4165; x_wconf 63' lang='lat' dir='ltr'><strong>prope«</strong></span> 
     </span>
    </p>
   </div>
   <div class='ocr_carea' id='block_1_72' title="bbox 276 4186 1851 4254">
    <p class='ocr_par' dir='ltr' id='par_1_72' title="bbox 276 4186 1851 4254">
     <span class='ocr_line' id='line_1_72' title="bbox 276 4186 1851 4254; baseline -0.003 -13"><span class='ocrx_word' id='word_1_520' title='bbox 276 4190 500 4242; x_wconf 89' lang='lat' dir='ltr'><strong>modum</strong></span> <span class='ocrx_word' id='word_1_521' title='bbox 534 4187 809 4241; x_wconf 68' lang='lat' dir='ltr'><strong>haereticis</strong></span> <span class='ocrx_word' id='word_1_522' title='bbox 834 4186 1246 4242; x_wconf 86' lang='lat' dir='ltr'><strong>subministrata</strong></span> <span class='ocrx_word' id='word_1_523' title='bbox 1270 4195 1375 4252; x_wconf 90' lang='lat' dir='ltr'><strong>est,</strong></span> <span class='ocrx_word' id='word_1_524' title='bbox 1412 4188 1637 4254; x_wconf 88' lang='lat' dir='ltr'><strong>ideoque</strong></span> <span class='ocrx_word' id='word_1_525' title='bbox 1663 4202 1689 4237; x_wconf 91' lang='lat' dir='ltr'><strong>a</strong></span> <span class='ocrx_word' id='word_1_526' title='bbox 1723 4202 1851 4239; x_wconf 87' lang='lat' dir='ltr'><strong>san-</strong></span> 
     </span>
    </p>
   </div>
   <div class='ocr_carea' id='block_1_73' title="bbox 276 4276 1851 4347">
    <p class='ocr_par' dir='ltr' id='par_1_73' title="bbox 276 4276 1851 4347">
     <span class='ocr_line' id='line_1_73' title="bbox 276 4276 1851 4347; baseline -0.003 -14"><span class='ocrx_word' id='word_1_527' title='bbox 276 4279 387 4333; x_wconf 87' lang='lat' dir='ltr'><strong>ctis</strong></span> <span class='ocrx_word' id='word_1_528' title='bbox 415 4276 667 4332; x_wconf 88' lang='lat' dir='ltr'><strong>Patribns</strong></span> <span class='ocrx_word' id='word_1_529' title='bbox 697 4277 802 4347; x_wconf 79' lang='lat' dir='ltr'><strong>iam</strong></span> <span class='ocrx_word' id='word_1_530' title='bbox 843 4278 973 4332; x_wconf 92' lang='lat' dir='ltr'><strong>olim</strong></span> <span class='ocrx_word' id='word_1_531' title='bbox 1009 4277 1346 4331; x_wconf 88' lang='lat' dir='ltr'><strong>anathemati</strong></span> <span class='ocrx_word' id='word_1_532' title='bbox 1377 4292 1497 4331; x_wconf 90' lang='lat' dir='ltr'><strong>cum</strong></span> <span class='ocrx_word' id='word_1_533' title='bbox 1532 4276 1851 4344; x_wconf 88' lang='lat' dir='ltr'><strong>perniciosis</strong></span> 
     </span>
    </p>
   </div>
   <div class='ocr_carea' id='block_1_74' title="bbox 278 4369 1847 4439">
    <p class='ocr_par' dir='ltr' id='par_1_74' title="bbox 278 4369 1847 4439">
     <span class='ocr_line' id='line_1_74' title="bbox 278 4369 1847 4439; baseline -0.002 -13"><span class='ocrx_word' id='word_1_534' title='bbox 278 4371 396 4427; x_wconf 84' lang='lat' dir='ltr'><strong>suis</strong></span> <span class='ocrx_word' id='word_1_535' title='bbox 424 4369 763 4439; x_wconf 87' lang='lat' dir='ltr'><strong>dogmatibus</strong></span> <span class='ocrx_word' id='word_1_536' title='bbox 804 4370 1082 4438; x_wconf 86' lang='lat' dir='ltr'><strong>subjectus</strong></span> <span class='ocrx_word' id='word_1_537' title='bbox 1113 4372 1233 4426; x_wconf 86' lang='lat' dir='ltr'><strong>est?</strong></span> <span class='ocrx_word' id='word_1_538' title='bbox 1266 4389 1284 4423; x_wconf 72' lang='grc' dir='ltr'><strong>ι</strong></span> <span class='ocrx_word' id='word_1_539' title='bbox 1319 4371 1404 4424; x_wconf 87' lang='lat' dir='ltr'><strong>Ad</strong></span> <span class='ocrx_word' id='word_1_540' title='bbox 1449 4370 1565 4424; x_wconf 67' lang='lat' dir='ltr'><strong>haec</strong></span> <span class='ocrx_word' id='word_1_541' title='bbox 1604 4378 1847 4438; x_wconf 89' lang='lat' dir='ltr'><strong>prompta</strong></span> 
     </span>
    </p>
   </div>
   <div class='ocr_carea' id='block_1_75' title="bbox 279 4458 1847 4531">
    <p class='ocr_par' dir='ltr' id='par_1_75' title="bbox 279 4458 1847 4531">
     <span class='ocr_line' id='line_1_75' title="bbox 279 4458 1847 4531; baseline -0.002 -15"><span class='ocrx_word' id='word_1_542' title='bbox 279 4472 364 4518; x_wconf 90' lang='lat' dir='ltr'><strong>est</strong></span> <span class='ocrx_word' id='word_1_543' title='bbox 402 4471 455 4517; x_wconf 90' lang='lat' dir='ltr'><strong>et</strong></span> <span class='ocrx_word' id='word_1_544' title='bbox 482 4472 667 4531; x_wconf 90' lang='lat' dir='ltr'><strong>parata</strong></span> <span class='ocrx_word' id='word_1_545' title='bbox 700 4463 986 4530; x_wconf 84' lang='lat' dir='ltr'><strong>exceptio:</strong></span> <span class='ocrx_word' id='word_1_546' title='bbox 1044 4462 1086 4516; x_wconf 89' lang='lat' dir='ltr'><strong>si</strong></span> <span class='ocrx_word' id='word_1_547' title='bbox 1135 4477 1291 4517; x_wconf 89' lang='lat' dir='ltr'><strong>error</strong></span> <span class='ocrx_word' id='word_1_548' title='bbox 1334 4461 1647 4516; x_wconf 60' lang='lat' dir='ltr'><strong>hatretieum</strong></span> <span class='ocrx_word' id='word_1_549' title='bbox 1698 4458 1847 4527; x_wconf 87' lang='lat' dir='ltr'><strong>facit,</strong></span> 
     </span>
    </p>
   </div>
   <div class='ocr_carea' id='block_1_76' title="bbox 1955 3263 3523 3343">
    <p class='ocr_par' dir='ltr' id='par_1_76' title="bbox 1955 3263 3523 3343">
     <span class='ocr_line' id='line_1_76' title="bbox 1955 3263 3523 3343; baseline 0.009 -27"><span class='ocrx_word' id='word_1_550' title='bbox 1955 3263 2183 3318; x_wconf 88' lang='lat' dir='ltr'><strong>Basilius</strong></span> <span class='ocrx_word' id='word_1_551' title='bbox 2229 3266 2516 3319; x_wconf 89' lang='lat' dir='ltr'><strong>convertit.</strong></span> <span class='ocrx_word' id='word_1_552' title='bbox 2555 3267 2684 3322; x_wconf 87' lang='lat' dir='ltr'><strong>Post</strong></span> <span class='ocrx_word' id='word_1_553' title='bbox 2731 3283 2951 3325; x_wconf 92' lang='lat' dir='ltr'><strong>errores</strong></span> <span class='ocrx_word' id='word_1_554' title='bbox 2998 3269 3249 3340; x_wconf 84' lang='lat' dir='ltr'><strong>Origenis</strong></span> <span class='ocrx_word' id='word_1_555' title='bbox 3312 3277 3523 3343; x_wconf 84' lang='lat' dir='ltr'><strong>prolixe</strong></span> 
     </span>
    </p>
   </div>
   <div class='ocr_carea' id='block_1_77' title="bbox 1952 3352 3526 3428">
    <p class='ocr_par' dir='ltr' id='par_1_77' title="bbox 1952 3352 3526 3428">
     <span class='ocr_line' id='line_1_77' title="bbox 1952 3352 3526 3428; baseline 0.01 -23"><span class='ocrx_word' id='word_1_556' title='bbox 1952 3352 2260 3405; x_wconf 82' lang='lat' dir='ltr'><strong>confutatos</strong></span> <span class='ocrx_word' id='word_1_557' title='bbox 2309 3355 2443 3423; x_wconf 89' lang='lat' dir='ltr'><strong>petit</strong></span> <span class='ocrx_word' id='word_1_558' title='bbox 2496 3357 2710 3409; x_wconf 85' lang='lat' dir='ltr'><strong>demum</strong></span> <span class='ocrx_word' id='word_1_559' title='bbox 2760 3372 2790 3411; x_wconf 89' lang='lat' dir='ltr'><strong>a</strong></span> <span class='ocrx_word' id='word_1_560' title='bbox 2847 3357 3003 3412; x_wconf 80' lang='lat' dir='ltr'><strong>Mena</strong></span> <span class='ocrx_word' id='word_1_561' title='bbox 3060 3360 3415 3428; x_wconf 82' lang='lat' dir='ltr'><strong>.lustinianus,</strong></span> <span class='ocrx_word' id='word_1_562' title='bbox 3466 3376 3526 3421; x_wconf 87' lang='lat' dir='ltr'><strong>ut</strong></span> 
     </span>
    </p>
   </div>
   <div class='ocr_carea' id='block_1_78' title="bbox 1954 3442 3526 3521">
    <p class='ocr_par' dir='ltr' id='par_1_78' title="bbox 1954 3442 3526 3521">
     <span class='ocr_line' id='line_1_78' title="bbox 1954 3442 3526 3521; baseline 0.01 -26"><span class='ocrx_word' id='word_1_563' title='bbox 1954 3442 2331 3511; x_wconf 82' lang='lat' dir='ltr'><strong>episcoporum</strong></span> <span class='ocrx_word' id='word_1_564' title='bbox 2377 3454 2430 3500; x_wconf 90' lang='lat' dir='ltr'><strong>et</strong></span> <span class='ocrx_word' id='word_1_565' title='bbox 2488 3447 3023 3515; x_wconf 70' lang='lat' dir='ltr'><strong>emnobiarcharum,</strong></span> <span class='ocrx_word' id='word_1_566' title='bbox 3060 3453 3149 3521; x_wconf 90' lang='lat' dir='ltr'><strong>qui</strong></span> <span class='ocrx_word' id='word_1_567' title='bbox 3204 3462 3330 3507; x_wconf 90' lang='lat' dir='ltr'><strong>tunc</strong></span> <span class='ocrx_word' id='word_1_568' title='bbox 3382 3457 3526 3510; x_wconf 84' lang='lat' dir='ltr'><strong>Con-</strong></span> 
     </span>
    </p>
   </div>
   <div class='ocr_carea' id='block_1_79' title="bbox 1956 3535 3525 3617">
    <p class='ocr_par' dir='ltr' id='par_1_79' title="bbox 1956 3535 3525 3617">
     <span class='ocr_line' id='line_1_79' title="bbox 1956 3535 3525 3617; baseline 0.008 -29"><span class='ocrx_word' id='word_1_569' title='bbox 1956 3535 2306 3603; x_wconf 84' lang='lat' dir='ltr'><strong>stantitmpoli</strong></span> <span class='ocrx_word' id='word_1_570' title='bbox 2340 3537 2594 3605; x_wconf 80' lang='lat' dir='ltr'><strong>agebant,</strong></span> <span class='ocrx_word' id='word_1_571' title='bbox 2628 3551 2952 3595; x_wconf 88' lang='lat' dir='ltr'><strong>conventum</strong></span> <span class='ocrx_word' id='word_1_572' title='bbox 2991 3544 3208 3608; x_wconf 86' lang='lat' dir='ltr'><strong>habeat,</strong></span> <span class='ocrx_word' id='word_1_573' title='bbox 3240 3547 3308 3599; x_wconf 89' lang='lat' dir='ltr'><strong>ab</strong></span> <span class='ocrx_word' id='word_1_574' title='bbox 3352 3547 3525 3617; x_wconf 86' lang='lat' dir='ltr'><strong>iisque</strong></span> 
     </span>
    </p>
   </div>
   <div class='ocr_carea' id='block_1_80' title="bbox 1954 3627 3525 3704">
    <p class='ocr_par' dir='ltr' id='par_1_80' title="bbox 1954 3627 3525 3704">
     <span class='ocr_line' id='line_1_80' title="bbox 1954 3627 3525 3704; baseline 0.008 -23"><span class='ocrx_word' id='word_1_575' title='bbox 1954 3627 2267 3696; x_wconf 83' lang='lat' dir='ltr'><strong>Origenem,</strong></span> <span class='ocrx_word' id='word_1_576' title='bbox 2298 3640 2351 3683; x_wconf 89' lang='lat' dir='ltr'><strong>et</strong></span> <span class='ocrx_word' id='word_1_577' title='bbox 2386 3628 2637 3698; x_wconf 86' lang='lat' dir='ltr'><strong>Origenis</strong></span> <span class='ocrx_word' id='word_1_578' title='bbox 2684 3631 2934 3701; x_wconf 82' lang='lat' dir='ltr'><strong>dogmata</strong></span> <span class='ocrx_word' id='word_1_579' title='bbox 2989 3636 3163 3704; x_wconf 87' lang='lat' dir='ltr'><strong>respui</strong></span> <span class='ocrx_word' id='word_1_580' title='bbox 3212 3644 3266 3690; x_wconf 87' lang='lat' dir='ltr'><strong>et</strong></span> <span class='ocrx_word' id='word_1_581' title='bbox 3300 3639 3525 3693; x_wconf 90' lang='lat' dir='ltr'><strong>anathe-</strong></span> 
     </span>
    </p>
   </div>
   <div class='ocr_carea' id='block_1_81' title="bbox 1952 3722 3524 3792">
    <p class='ocr_par' dir='ltr' id='par_1_81' title="bbox 1952 3722 3524 3792">
     <span class='ocr_line' id='line_1_81' title="bbox 1952 3722 3524 3792; baseline 0.01 -20"><span class='ocrx_word' id='word_1_582' title='bbox 1952 3722 2112 3774; x_wconf 89' lang='lat' dir='ltr'><strong>matis</strong></span> <span class='ocrx_word' id='word_1_583' title='bbox 2139 3723 2346 3775; x_wconf 90' lang='lat' dir='ltr'><strong>conteri</strong></span> <span class='ocrx_word' id='word_1_584' title='bbox 2382 3731 2667 3792; x_wconf 88' lang='lat' dir='ltr'><strong>procuret;</strong></span> <span class='ocrx_word' id='word_1_585' title='bbox 2709 3733 2763 3778; x_wconf 89' lang='lat' dir='ltr'><strong>et</strong></span> <span class='ocrx_word' id='word_1_586' title='bbox 2790 3740 2968 3779; x_wconf 91' lang='lat' dir='ltr'><strong>rerum</strong></span> <span class='ocrx_word' id='word_1_587' title='bbox 3004 3742 3031 3779; x_wconf 95' lang='lat' dir='ltr'><strong>a</strong></span> <span class='ocrx_word' id='word_1_588' title='bbox 3058 3742 3116 3783; x_wconf 90' lang='lat' dir='ltr'><strong>se</strong></span> <span class='ocrx_word' id='word_1_589' title='bbox 3152 3728 3202 3782; x_wconf 95' lang='lat' dir='ltr'><strong>in</strong></span> <span class='ocrx_word' id='word_1_590' title='bbox 3240 3730 3340 3784; x_wconf 89' lang='lat' dir='ltr'><strong>hac</strong></span> <span class='ocrx_word' id='word_1_591' title='bbox 3363 3745 3524 3787; x_wconf 70' lang='lat' dir='ltr'><strong>causa</strong></span> 
     </span>
    </p>
   </div>
   <div class='ocr_carea' id='block_1_82' title="bbox 1953 3813 3524 3892">
    <p class='ocr_par' dir='ltr' id='par_1_82' title="bbox 1953 3813 3524 3892">
     <span class='ocr_line' id='line_1_82' title="bbox 1953 3813 3524 3892; baseline 0.011 -32"><span class='ocrx_word' id='word_1_592' title='bbox 1953 3823 2224 3881; x_wconf 61' lang='lat' dir='ltr'><strong>gestarum</strong></span> <span class='ocrx_word' id='word_1_593' title='bbox 2250 3813 2576 3884; x_wconf 80' lang='lat' dir='ltr'><strong>exemplaria</strong></span> <span class='ocrx_word' id='word_1_594' title='bbox 2614 3815 2679 3869; x_wconf 91' lang='lat' dir='ltr'><strong>ad</strong></span> <span class='ocrx_word' id='word_1_595' title='bbox 2725 3816 2979 3884; x_wconf 58' lang='lat' dir='ltr'><strong>praesules</strong></span> <span class='ocrx_word' id='word_1_596' title='bbox 3035 3828 3089 3874; x_wconf 91' lang='lat' dir='ltr'><strong>et</strong></span> <span class='ocrx_word' id='word_1_597' title='bbox 3144 3820 3363 3876; x_wconf 70' lang='lat' dir='ltr'><strong>abbates</strong></span> <span class='ocrx_word' id='word_1_598' title='bbox 3390 3838 3524 3892; x_wconf 88' lang='lat' dir='ltr'><strong>qua-</strong></span> 
     </span>
    </p>
   </div>
   <div class='ocr_carea' id='block_1_83' title="bbox 1954 3906 3524 3979">
    <p class='ocr_par' dir='ltr' id='par_1_83' title="bbox 1954 3906 3524 3979">
     <span class='ocr_line' id='line_1_83' title="bbox 1954 3906 3524 3979; baseline 0.008 -24"><span class='ocrx_word' id='word_1_599' title='bbox 1954 3920 2254 3972; x_wconf 71' lang='lat' dir='ltr'><strong>quaversus</strong></span> <span class='ocrx_word' id='word_1_600' title='bbox 2285 3906 2641 3971; x_wconf 86' lang='lat' dir='ltr'><strong>transmittat,</strong></span> <span class='ocrx_word' id='word_1_601' title='bbox 2678 3916 2737 3960; x_wconf 91' lang='lat' dir='ltr'><strong>ut</strong></span> <span class='ocrx_word' id='word_1_602' title='bbox 2772 3907 2872 3975; x_wconf 89' lang='lat' dir='ltr'><strong>ipsi</strong></span> <span class='ocrx_word' id='word_1_603' title='bbox 2904 3924 3121 3979; x_wconf 81' lang='lat' dir='ltr'><strong>quoque</strong></span> <span class='ocrx_word' id='word_1_604' title='bbox 3176 3914 3524 3969; x_wconf 86' lang='lat' dir='ltr'><strong>anathemata</strong></span> 
     </span>
    </p>
   </div>
   <div class='ocr_carea' id='block_1_84' title="bbox 1954 3994 3525 4068">
    <p class='ocr_par' dir='ltr' id='par_1_84' title="bbox 1954 3994 3525 4068">
     <span class='ocr_line' id='line_1_84' title="bbox 1954 3994 3525 4068; baseline 0.008 -18"><span class='ocrx_word' id='word_1_605' title='bbox 1954 3994 2202 4066; x_wconf 88' lang='lat' dir='ltr'><strong>Origenis</strong></span> <span class='ocrx_word' id='word_1_606' title='bbox 2248 3998 2468 4066; x_wconf 84' lang='lat' dir='ltr'><strong>propria</strong></span> <span class='ocrx_word' id='word_1_607' title='bbox 2523 3999 2923 4068; x_wconf 89' lang='lat' dir='ltr'><strong>subscriptione</strong></span> <span class='ocrx_word' id='word_1_608' title='bbox 2968 4002 3311 4058; x_wconf 83' lang='lat' dir='ltr'><strong>confirment.</strong></span> <span class='ocrx_word' id='word_1_609' title='bbox 3365 4006 3525 4062; x_wconf 76' lang='lat' dir='ltr'><strong>Vetat</strong></span> 
     </span>
    </p>
   </div>
   <div class='ocr_carea' id='block_1_85' title="bbox 1956 4090 3520 4159">
    <p class='ocr_par' dir='ltr' id='par_1_85' title="bbox 1956 4090 3520 4159">
     <span class='ocr_line' id='line_1_85' title="bbox 1956 4090 3520 4159; baseline 0.01 -21"><span class='ocrx_word' id='word_1_610' title='bbox 1956 4098 2216 4155; x_wconf 69' lang='lat' dir='ltr'><strong>praeterea</strong></span> <span class='ocrx_word' id='word_1_611' title='bbox 2256 4090 2567 4159; x_wconf 86' lang='lat' dir='ltr'><strong>episcopum</strong></span> <span class='ocrx_word' id='word_1_612' title='bbox 2598 4090 2681 4143; x_wconf 87' lang='lat' dir='ltr'><strong>vel</strong></span> <span class='ocrx_word' id='word_1_613' title='bbox 2727 4093 3214 4150; x_wconf 89' lang='lat' dir='ltr'><strong>archimandritam</strong></span> <span class='ocrx_word' id='word_1_614' title='bbox 3267 4099 3520 4154; x_wconf 87' lang='lat' dir='ltr'><strong>constitui</strong></span> 
     </span>
    </p>
   </div>
   <div class='ocr_carea' id='block_1_86' title="bbox 1955 4179 3525 4249">
    <p class='ocr_par' dir='ltr' id='par_1_86' title="bbox 1955 4179 3525 4249">
     <span class='ocr_line' id='line_1_86' title="bbox 1955 4179 3525 4249; baseline 0.012 -23"><span class='ocrx_word' id='word_1_615' title='bbox 1955 4191 2304 4245; x_wconf 81' lang='lat' dir='ltr'><strong>quemquam,</strong></span> <span class='ocrx_word' id='word_1_616' title='bbox 2341 4179 2439 4232; x_wconf 90' lang='lat' dir='ltr'><strong>nisi</strong></span> <span class='ocrx_word' id='word_1_617' title='bbox 2468 4179 2619 4247; x_wconf 93' lang='lat' dir='ltr'><strong>prius</strong></span> <span class='ocrx_word' id='word_1_618' title='bbox 2645 4179 2933 4249; x_wconf 79' lang='lat' dir='ltr'><strong>Origenem</strong></span> <span class='ocrx_word' id='word_1_619' title='bbox 2980 4200 3086 4239; x_wconf 90' lang='lat' dir='ltr'><strong>una</strong></span> <span class='ocrx_word' id='word_1_620' title='bbox 3126 4200 3246 4240; x_wconf 91' lang='lat' dir='ltr'><strong>cum</strong></span> <span class='ocrx_word' id='word_1_621' title='bbox 3274 4187 3393 4243; x_wconf 88' lang='lat' dir='ltr'><strong>aliis</strong></span> <span class='ocrx_word' id='word_1_622' title='bbox 3421 4191 3525 4245; x_wconf 70' lang='lat' dir='ltr'><strong>ha:-</strong></span> 
     </span>
    </p>
   </div>
   <div class='ocr_carea' id='block_1_87' title="bbox 1956 4268 3524 4338">
    <p class='ocr_par' dir='ltr' id='par_1_87' title="bbox 1956 4268 3524 4338">
     <span class='ocr_line' id='line_1_87' title="bbox 1956 4268 3524 4338; baseline 0.008 -16"><span class='ocrx_word' id='word_1_623' title='bbox 1956 4268 2155 4333; x_wconf 88' lang='lat' dir='ltr'><strong>reticis,</strong></span> <span class='ocrx_word' id='word_1_624' title='bbox 2199 4271 2285 4338; x_wconf 90' lang='lat' dir='ltr'><strong>qui</strong></span> <span class='ocrx_word' id='word_1_625' title='bbox 2334 4271 2401 4323; x_wconf 87' lang='lat' dir='ltr'><strong>de</strong></span> <span class='ocrx_word' id='word_1_626' title='bbox 2448 4286 2599 4326; x_wconf 92' lang='lat' dir='ltr'><strong>more</strong></span> <span class='ocrx_word' id='word_1_627' title='bbox 2628 4272 2679 4325; x_wconf 92' lang='lat' dir='ltr'><strong>in</strong></span> <span class='ocrx_word' id='word_1_628' title='bbox 2716 4273 2877 4327; x_wconf 89' lang='lat' dir='ltr'><strong>editis</strong></span> <span class='ocrx_word' id='word_1_629' title='bbox 2928 4275 3123 4331; x_wconf 83' lang='lat' dir='ltr'><strong>libellis</strong></span> <span class='ocrx_word' id='word_1_630' title='bbox 3159 4281 3524 4335; x_wconf 90' lang='lat' dir='ltr'><strong>anathematis</strong></span> 
     </span>
    </p>
   </div>
   <div class='ocr_carea' id='block_1_88' title="bbox 1954 4359 3523 4427">
    <p class='ocr_par' dir='ltr' id='par_1_88' title="bbox 1954 4359 3523 4427">
     <span class='ocr_line' id='line_1_88' title="bbox 1954 4359 3523 4427; baseline 0.008 -13"><span class='ocrx_word' id='word_1_631' title='bbox 1954 4359 2361 4425; x_wconf 89' lang='lat' dir='ltr'><strong>eonfodiuntnr,</strong></span> <span class='ocrx_word' id='word_1_632' title='bbox 2396 4373 2504 4415; x_wconf 92' lang='lat' dir='ltr'><strong>toto</strong></span> <span class='ocrx_word' id='word_1_633' title='bbox 2552 4364 2735 4417; x_wconf 90' lang='lat' dir='ltr'><strong>animo</strong></span> <span class='ocrx_word' id='word_1_634' title='bbox 2767 4368 3019 4421; x_wconf 87' lang='lat' dir='ltr'><strong>detestari</strong></span> <span class='ocrx_word' id='word_1_635' title='bbox 3071 4383 3129 4423; x_wconf 89' lang='lat' dir='ltr'><strong>se</strong></span> <span class='ocrx_word' id='word_1_636' title='bbox 3163 4378 3217 4422; x_wconf 92' lang='lat' dir='ltr'><strong>et</strong></span> <span class='ocrx_word' id='word_1_637' title='bbox 3264 4369 3523 4427; x_wconf 88' lang='lat' dir='ltr'><strong>damnare</strong></span> 
     </span>
    </p>
   </div>
   <div class='ocr_carea' id='block_1_89' title="bbox 1956 4456 3523 4528">
    <p class='ocr_par' dir='ltr' id='par_1_89' title="bbox 1956 4456 3523 4528">
     <span class='ocr_line' id='line_1_89' title="bbox 1956 4456 3523 4528; baseline 0.007 -21"><span class='ocrx_word' id='word_1_638' title='bbox 1956 4456 2119 4509; x_wconf 87' lang='lat' dir='ltr'><strong>fuerit</strong></span> <span class='ocrx_word' id='word_1_639' title='bbox 2148 4457 2448 4524; x_wconf 86' lang='lat' dir='ltr'><strong>professus.</strong></span> <span class='ocrx_word' id='word_1_640' title='bbox 2479 4457 2764 4526; x_wconf 80' lang='lat' dir='ltr'><strong>Significat</strong></span> <span class='ocrx_word' id='word_1_641' title='bbox 2792 4461 3135 4528; x_wconf 91' lang='lat' dir='ltr'><strong>postmodum</strong></span> <span class='ocrx_word' id='word_1_642' title='bbox 3180 4460 3389 4517; x_wconf 90' lang='lat' dir='ltr'><strong>litteras</strong></span> <span class='ocrx_word' id='word_1_643' title='bbox 3412 4478 3440 4516; x_wconf 91' lang='lat' dir='ltr'><strong>a</strong></span> <span class='ocrx_word' id='word_1_644' title='bbox 3465 4478 3523 4519; x_wconf 89' lang='lat' dir='ltr'><strong>se</strong></span> 
     </span>
    </p>
   </div>
   <div class='ocr_carea' id='block_1_90' title="bbox 279 4547 3524 4625">
    <p class='ocr_par' dir='ltr' id='par_1_90' title="bbox 279 4547 3524 4625">
     <span class='ocr_line' id='line_1_90' title="bbox 279 4547 3524 4625; baseline 0.001 -17"><span class='ocrx_word' id='word_1_645' title='bbox 279 4556 453 4609; x_wconf 84' lang='lat' dir='ltr'><strong>fateor</strong></span> <span class='ocrx_word' id='word_1_646' title='bbox 489 4554 797 4610; x_wconf 65' lang='lat' dir='ltr'><strong>haereticum</strong></span> <span class='ocrx_word' id='word_1_647' title='bbox 830 4568 950 4610; x_wconf 88' lang='lat' dir='ltr'><strong>esse</strong></span> <span class='ocrx_word' id='word_1_648' title='bbox 998 4554 1283 4625; x_wconf 88' lang='lat' dir='ltr'><strong>Origenem</strong></span> <span class='ocrx_word' id='word_1_649' title='bbox 1312 4571 1326 4619; x_wconf 90' lang='lat'><strong>;</strong></span> <span class='ocrx_word' id='word_1_650' title='bbox 1391 4554 1474 4607; x_wconf 87' lang='lat' dir='ltr'><strong>sin</strong></span> <span class='ocrx_word' id='word_1_651' title='bbox 1530 4553 1847 4621; x_wconf 88' lang='lat' dir='ltr'><strong>pertinacia,</strong></span> <span class='ocrx_word' id='word_1_652' title='bbox 1884 4555 1923 4608; x_wconf 91' lang='lat' dir='ltr'><strong>D</strong></span> <span class='ocrx_word' id='word_1_653' title='bbox 1954 4547 2143 4600; x_wconf 80' lang='lat' dir='ltr'><strong>eodem</strong></span> <span class='ocrx_word' id='word_1_654' title='bbox 2187 4548 2289 4600; x_wconf 82' lang='lat' dir='ltr'><strong>hoc</strong></span> <span class='ocrx_word' id='word_1_655' title='bbox 2312 4547 2559 4615; x_wconf 82' lang='lat' dir='ltr'><strong>exemplo</strong></span> <span class='ocrx_word' id='word_1_656' title='bbox 2592 4548 2786 4604; x_wconf 89' lang='lat' dir='ltr'><strong>missas</strong></span> <span class='ocrx_word' id='word_1_657' title='bbox 2835 4550 2901 4604; x_wconf 89' lang='lat' dir='ltr'><strong>ad</strong></span> <span class='ocrx_word' id='word_1_658' title='bbox 2941 4549 3188 4621; x_wconf 84' lang='lat' dir='ltr'><strong>Vigilium</strong></span> <span class='ocrx_word' id='word_1_659' title='bbox 3222 4568 3439 4623; x_wconf 86' lang='lat' dir='ltr'><strong>papam,</strong></span> <span class='ocrx_word' id='word_1_660' title='bbox 3469 4564 3524 4611; x_wconf 82' lang='lat' dir='ltr'><strong>et</strong></span> 
     </span>
    </p>
   </div>
   <div class='ocr_carea' id='block_1_91' title="bbox 280 4643 1843 4716">
    <p class='ocr_par' dir='ltr' id='par_1_91' title="bbox 280 4643 1843 4716">
     <span class='ocr_line' id='line_1_91' title="bbox 280 4643 1843 4716; baseline 0 -18"><span class='ocrx_word' id='word_1_661' title='bbox 280 4649 373 4716; x_wconf 85' lang='lat' dir='ltr'><strong>qui</strong></span> <span class='ocrx_word' id='word_1_662' title='bbox 402 4647 684 4701; x_wconf 89' lang='lat' dir='ltr'><strong>erroribus</strong></span> <span class='ocrx_word' id='word_1_663' title='bbox 718 4646 1071 4716; x_wconf 90' lang='lat' dir='ltr'><strong>pertinaciter</strong></span> <span class='ocrx_word' id='word_1_664' title='bbox 1101 4646 1391 4700; x_wconf 63' lang='lat' dir='ltr'><strong>adhaesisse</strong></span> <span class='ocrx_word' id='word_1_665' title='bbox 1428 4643 1714 4714; x_wconf 88' lang='lat' dir='ltr'><strong>Origenem</strong></span> <span class='ocrx_word' id='word_1_666' title='bbox 1764 4643 1843 4698; x_wconf 90' lang='lat' dir='ltr'><strong>di-</strong></span> 
     </span>
    </p>
   </div>
   <div class='ocr_carea' id='block_1_92' title="bbox 281 4737 1847 4808">
    <p class='ocr_par' dir='ltr' id='par_1_92' title="bbox 281 4737 1847 4808">
     <span class='ocr_line' id='line_1_92' title="bbox 281 4737 1847 4808; baseline -0.001 -16"><span class='ocrx_word' id='word_1_667' title='bbox 281 4754 406 4792; x_wconf 84' lang='lat' dir='ltr'><strong>cere</strong></span> <span class='ocrx_word' id='word_1_668' title='bbox 434 4739 671 4794; x_wconf 75' lang='lat' dir='ltr'><strong>audeati</strong></span> <span class='ocrx_word' id='word_1_669' title='bbox 702 4738 950 4793; x_wconf 86' lang='lat' dir='ltr'><strong>Ostendit</strong></span> <span class='ocrx_word' id='word_1_670' title='bbox 984 4738 1243 4808; x_wconf 87' lang='lat' dir='ltr'><strong>deinceps</strong></span> <span class='ocrx_word' id='word_1_671' title='bbox 1276 4738 1577 4805; x_wconf 88' lang='lat' dir='ltr'><strong>imperator</strong></span> <span class='ocrx_word' id='word_1_672' title='bbox 1622 4737 1847 4805; x_wconf 88' lang='lat' dir='ltr'><strong>paganis</strong></span> 
     </span>
    </p>
   </div>
   <div class='ocr_carea' id='block_1_93' title="bbox 282 4827 1847 4899">
    <p class='ocr_par' dir='ltr' id='par_1_93' title="bbox 282 4827 1847 4899">
     <span class='ocr_line' id='line_1_93' title="bbox 282 4827 1847 4899; baseline -0.001 -16"><span class='ocrx_word' id='word_1_673' title='bbox 282 4839 340 4883; x_wconf 90' lang='lat' dir='ltr'><strong>et</strong></span> <span class='ocrx_word' id='word_1_674' title='bbox 367 4827 673 4883; x_wconf 69' lang='lat' dir='ltr'><strong>Manichazis</strong></span> <span class='ocrx_word' id='word_1_675' title='bbox 702 4830 1081 4884; x_wconf 86' lang='lat' dir='ltr'><strong>Adamantium</strong></span> <span class='ocrx_word' id='word_1_676' title='bbox 1137 4828 1498 4893; x_wconf 88' lang='lat' dir='ltr'><strong>consensisse,</strong></span> <span class='ocrx_word' id='word_1_677' title='bbox 1528 4842 1596 4882; x_wconf 81' lang='lat' dir='ltr'><strong>ex</strong></span> <span class='ocrx_word' id='word_1_678' title='bbox 1624 4828 1847 4899; x_wconf 87' lang='lat' dir='ltr'><strong>ejusque</strong></span> 
     </span>
    </p>
   </div>
   <div class='ocr_carea' id='block_1_94' title="bbox 282 4920 1844 4978">
    <p class='ocr_par' dir='ltr' id='par_1_94' title="bbox 282 4920 1844 4978">
     <span class='ocr_line' id='line_1_94' title="bbox 282 4920 1844 4978; baseline -0.001 -3"><span class='ocrx_word' id='word_1_679' title='bbox 282 4921 512 4975; x_wconf 88' lang='lat' dir='ltr'><strong>decretis</strong></span> <span class='ocrx_word' id='word_1_680' title='bbox 535 4922 788 4976; x_wconf 80' lang='lat' dir='ltr'><strong>Arianam</strong></span> <span class='ocrx_word' id='word_1_681' title='bbox 807 4922 1056 4978; x_wconf 58' lang='lat' dir='ltr'><strong>haeresim</strong></span> <span class='ocrx_word' id='word_1_682' title='bbox 1075 4924 1343 4978; x_wconf 91' lang='lat' dir='ltr'><strong>coaluisse</strong></span> <span class='ocrx_word' id='word_1_683' title='bbox 1367 4939 1380 4975; x_wconf 91' lang='lat'><strong>:</strong></span> <span class='ocrx_word' id='word_1_684' title='bbox 1411 4931 1520 4976; x_wconf 93' lang='lat' dir='ltr'><strong>tum</strong></span> <span class='ocrx_word' id='word_1_685' title='bbox 1543 4920 1844 4975; x_wconf 90' lang='lat' dir='ltr'><strong>animarum</strong></span> 
     </span>
    </p>
   </div>
   <div class='ocr_carea' id='block_1_95' title="bbox 280 5010 1850 5088">
    <p class='ocr_par' dir='ltr' id='par_1_95' title="bbox 280 5010 1850 5088">
     <span class='ocr_line' id='line_1_95' title="bbox 280 5010 1850 5088; baseline 0 -21"><span class='ocrx_word' id='word_1_686' title='bbox 280 5014 626 5088; x_wconf 77' lang='grc' dir='ltr'>προΰπαρξιν</span> <span class='ocrx_word' id='word_1_687' title='bbox 671 5023 817 5069; x_wconf 85' lang='lat' dir='ltr'><strong>tanta</strong></span> <span class='ocrx_word' id='word_1_688' title='bbox 847 5017 1195 5071; x_wconf 86' lang='lat' dir='ltr'><strong>contentione</strong></span> <span class='ocrx_word' id='word_1_689' title='bbox 1244 5023 1535 5085; x_wconf 86' lang='lat' dir='ltr'><strong>oppugnat,</strong></span> <span class='ocrx_word' id='word_1_690' title='bbox 1590 5021 1648 5067; x_wconf 91' lang='lat' dir='ltr'><strong>ut</strong></span> <span class='ocrx_word' id='word_1_691' title='bbox 1690 5010 1850 5067; x_wconf 89' lang='lat' dir='ltr'><strong>facile</strong></span> 
     </span>
    </p>
   </div>
   <div class='ocr_carea' id='block_1_96' title="bbox 281 5104 1839 5175">
    <p class='ocr_par' dir='ltr' id='par_1_96' title="bbox 281 5104 1839 5175">
     <span class='ocr_line' id='line_1_96' title="bbox 281 5104 1839 5175; baseline -0.001 -17"><span class='ocrx_word' id='word_1_692' title='bbox 281 5117 538 5174; x_wconf 90' lang='lat' dir='ltr'><strong>appareat</strong></span> <span class='ocrx_word' id='word_1_693' title='bbox 572 5108 711 5159; x_wconf 89' lang='lat' dir='ltr'><strong>inter</strong></span> <span class='ocrx_word' id='word_1_694' title='bbox 742 5104 1097 5175; x_wconf 86' lang='lat' dir='ltr'><strong>Origenianas</strong></span> <span class='ocrx_word' id='word_1_695' title='bbox 1133 5106 1432 5163; x_wconf 85' lang='lat' dir='ltr'><strong>sententias</strong></span> <span class='ocrx_word' id='word_1_696' title='bbox 1477 5107 1618 5159; x_wconf 90' lang='lat' dir='ltr'><strong>hanc</strong></span> <span class='ocrx_word' id='word_1_697' title='bbox 1668 5104 1839 5173; x_wconf 87' lang='lat' dir='ltr'><strong>potis-</strong></span> 
     </span>
    </p>
   </div>
   <div class='ocr_carea' id='block_1_97' title="bbox 281 5196 1847 5267">
    <p class='ocr_par' dir='ltr' id='par_1_97' title="bbox 281 5196 1847 5267">
     <span class='ocr_line' id='line_1_97' title="bbox 281 5196 1847 5267; baseline -0.002 -16"><span class='ocrx_word' id='word_1_698' title='bbox 281 5199 478 5251; x_wconf 88' lang='lat' dir='ltr'><strong>simum</strong></span> <span class='ocrx_word' id='word_1_699' title='bbox 511 5196 671 5267; x_wconf 92' lang='lat' dir='ltr'><strong>hujus</strong></span> <span class='ocrx_word' id='word_1_700' title='bbox 698 5198 794 5252; x_wconf 71' lang='lat' dir='ltr'><strong>aevi</strong></span> <span class='ocrx_word' id='word_1_701' title='bbox 826 5196 1150 5267; x_wconf 90' lang='lat' dir='ltr'><strong>Origenistis</strong></span> <span class='ocrx_word' id='word_1_702' title='bbox 1180 5198 1452 5264; x_wconf 88' lang='lat' dir='ltr'><strong>arrisisse,</strong></span> <span class='ocrx_word' id='word_1_703' title='bbox 1500 5197 1641 5265; x_wconf 87' lang='lat' dir='ltr'><strong>quod</strong></span> <span class='ocrx_word' id='word_1_704' title='bbox 1690 5205 1745 5248; x_wconf 92' lang='lat' dir='ltr'><strong>et</strong></span> <span class='ocrx_word' id='word_1_705' title='bbox 1782 5209 1847 5249; x_wconf 81' lang='lat' dir='ltr'><strong>ex</strong></span> 
     </span>
    </p>
   </div>
   <div class='ocr_carea' id='block_1_98' title="bbox 281 5285 1855 5360">
    <p class='ocr_par' dir='ltr' id='par_1_98' title="bbox 281 5285 1855 5360">
     <span class='ocr_line' id='line_1_98' title="bbox 281 5285 1855 5360; baseline -0.004 -17"><span class='ocrx_word' id='word_1_706' title='bbox 281 5288 554 5359; x_wconf 81' lang='lat' dir='ltr'><strong>Eutltymii</strong></span> <span class='ocrx_word' id='word_1_707' title='bbox 585 5288 874 5357; x_wconf 81' lang='lat' dir='ltr'><strong>etCyriaei</strong></span> <span class='ocrx_word' id='word_1_708' title='bbox 918 5286 1053 5341; x_wconf 71' lang='lat' dir='ltr'><strong>Vitis</strong></span> <span class='ocrx_word' id='word_1_709' title='bbox 1093 5304 1121 5341; x_wconf 92' lang='lat' dir='ltr'><strong>a</strong></span> <span class='ocrx_word' id='word_1_710' title='bbox 1154 5289 1354 5360; x_wconf 82' lang='lat' dir='ltr'><strong>Cyrillo</strong></span> <span class='ocrx_word' id='word_1_711' title='bbox 1388 5286 1682 5343; x_wconf 87' lang='lat' dir='ltr'><strong>lucubratis</strong></span> <span class='ocrx_word' id='word_1_712' title='bbox 1708 5285 1855 5340; x_wconf 88' lang='lat' dir='ltr'><strong>intel-</strong></span> 
     </span>
    </p>
   </div>
   <div class='ocr_carea' id='block_1_99' title="bbox 281 5377 1850 5452">
    <p class='ocr_par' dir='ltr' id='par_1_99' title="bbox 281 5377 1850 5452">
     <span class='ocr_line' id='line_1_99' title="bbox 281 5377 1850 5452; baseline -0.004 -18"><span class='ocrx_word' id='word_1_713' title='bbox 281 5384 486 5452; x_wconf 90' lang='lat' dir='ltr'><strong>ligitur.</strong></span> <span class='ocrx_word' id='word_1_714' title='bbox 514 5381 817 5436; x_wconf 87' lang='lat' dir='ltr'><strong>Notandum</strong></span> <span class='ocrx_word' id='word_1_715' title='bbox 852 5397 1015 5452; x_wconf 91' lang='lat' dir='ltr'><strong>porro</strong></span> <span class='ocrx_word' id='word_1_716' title='bbox 1066 5379 1439 5451; x_wconf 87' lang='lat' dir='ltr'><strong>Chrysostomi</strong></span> <span class='ocrx_word' id='word_1_717' title='bbox 1489 5377 1850 5448; x_wconf 88' lang='lat' dir='ltr'><strong>patrocinium</strong></span> 
     </span>
    </p>
   </div>
   <div class='ocr_carea' id='block_1_100' title="bbox 282 5472 1850 5539">
    <p class='ocr_par' dir='ltr' id='par_1_100' title="bbox 282 5472 1850 5539">
     <span class='ocr_line' id='line_1_100' title="bbox 282 5472 1850 5539; baseline -0.004 -12"><span class='ocrx_word' id='word_1_718' title='bbox 282 5474 511 5530; x_wconf 90' lang='lat' dir='ltr'><strong>libenter</strong></span> <span class='ocrx_word' id='word_1_719' title='bbox 588 5475 858 5529; x_wconf 87' lang='lat' dir='ltr'><strong>asciscere</strong></span> <span class='ocrx_word' id='word_1_720' title='bbox 904 5472 1294 5539; x_wconf 82' lang='lat' dir='ltr'><strong>Justinianum,</strong></span> <span class='ocrx_word' id='word_1_721' title='bbox 1364 5480 1423 5526; x_wconf 91' lang='lat' dir='ltr'><strong>ut</strong></span> <span class='ocrx_word' id='word_1_722' title='bbox 1470 5472 1573 5525; x_wconf 90' lang='lat' dir='ltr'><strong>hoc</strong></span> <span class='ocrx_word' id='word_1_723' title='bbox 1637 5483 1850 5539; x_wconf 85' lang='lat' dir='ltr'><strong>quoque</strong></span> 
     </span>
    </p>
   </div>
   <div class='ocr_carea' id='block_1_101' title="bbox 283 5560 1845 5634">
    <p class='ocr_par' dir='ltr' id='par_1_101' title="bbox 283 5560 1845 5634">
     <span class='ocr_line' id='line_1_101' title="bbox 283 5560 1845 5634; baseline -0.005 -16"><span class='ocrx_word' id='word_1_724' title='bbox 283 5565 583 5621; x_wconf 86' lang='lat' dir='ltr'><strong>subsidium</strong></span> <span class='ocrx_word' id='word_1_725' title='bbox 637 5565 958 5634; x_wconf 83' lang='lat' dir='ltr'><strong>Origenistis</strong></span> <span class='ocrx_word' id='word_1_726' title='bbox 991 5563 1207 5633; x_wconf 89' lang='lat' dir='ltr'><strong>eripiat.</strong></span> <span class='ocrx_word' id='word_1_727' title='bbox 1273 5560 1538 5617; x_wconf 82' lang='lat' dir='ltr'><strong>Jocularis</strong></span> <span class='ocrx_word' id='word_1_728' title='bbox 1566 5575 1696 5615; x_wconf 86' lang='lat' dir='ltr'><strong>vero</strong></span> <span class='ocrx_word' id='word_1_729' title='bbox 1740 5568 1845 5623; x_wconf 89' lang='lat' dir='ltr'><strong>est,</strong></span> 
     </span>
    </p>
   </div>
   <div class='ocr_carea' id='block_1_102' title="bbox 286 5649 1845 5726">
    <p class='ocr_par' dir='ltr' id='par_1_102' title="bbox 286 5649 1845 5726">
     <span class='ocr_line' id='line_1_102' title="bbox 286 5649 1845 5726; baseline -0.004 -16"><span class='ocrx_word' id='word_1_730' title='bbox 286 5666 337 5711; x_wconf 91' lang='lat' dir='ltr'><strong>et</strong></span> <span class='ocrx_word' id='word_1_731' title='bbox 365 5668 421 5713; x_wconf 94' lang='lat' dir='ltr'><strong>ut</strong></span> <span class='ocrx_word' id='word_1_732' title='bbox 446 5657 626 5713; x_wconf 80' lang='lat' dir='ltr'><strong>verius</strong></span> <span class='ocrx_word' id='word_1_733' title='bbox 652 5656 845 5726; x_wconf 81' lang='lat' dir='ltr'><strong>loquar</strong></span> <span class='ocrx_word' id='word_1_734' title='bbox 871 5655 1093 5726; x_wconf 88' lang='lat' dir='ltr'><strong>puerilis</strong></span> <span class='ocrx_word' id='word_1_735' title='bbox 1130 5653 1422 5711; x_wconf 86' lang='lat' dir='ltr'><strong>Justiuiani</strong></span> <span class='ocrx_word' id='word_1_736' title='bbox 1468 5649 1845 5717; x_wconf 87' lang='lat' dir='ltr'><strong>halluciuatio,</strong></span> 
     </span>
    </p>
   </div>
   <div class='ocr_carea' id='block_1_103' title="bbox 353 5833 1278 5902">
    <p class='ocr_par' dir='ltr' id='par_1_103' title="bbox 353 5833 1278 5902">
     <span class='ocr_line' id='line_1_103' title="bbox 353 5833 1278 5902; baseline -0.006 -7"><span class='ocrx_word' id='word_1_737' title='bbox 353 5838 396 5870; x_wconf 79' lang='grc'><strong>³⁸</strong></span> <span class='ocrx_word' id='word_1_738' title='bbox 419 5837 636 5894; x_wconf 86' lang='lat' dir='ltr'><strong>Liberat</strong></span> <span class='ocrx_word' id='word_1_739' title='bbox 671 5837 819 5893; x_wconf 76' lang='lat' dir='ltr'><strong>Diac.</strong></span> <span class='ocrx_word' id='word_1_740' title='bbox 857 5835 1009 5892; x_wconf 83' lang='lat' dir='ltr'><strong>Brev.</strong></span> <span class='ocrx_word' id='word_1_741' title='bbox 1035 5852 1155 5902; x_wconf 85' lang='lat' dir='ltr'><strong>cap.</strong></span> <span class='ocrx_word' id='word_1_742' title='bbox 1187 5833 1278 5891; x_wconf 70' lang='lat'><strong>25.</strong></span> 
     </span>
    </p>
   </div>
   <div class='ocr_carea' id='block_1_104' title="bbox 1958 4638 3522 4715">
    <p class='ocr_par' dir='ltr' id='par_1_104' title="bbox 1958 4638 3522 4715">
     <span class='ocr_line' id='line_1_104' title="bbox 1958 4638 3522 4715; baseline 0.006 -24"><span class='ocrx_word' id='word_1_743' title='bbox 1958 4638 2025 4692; x_wconf 88' lang='lat' dir='ltr'><strong>ad</strong></span> <span class='ocrx_word' id='word_1_744' title='bbox 2093 4639 2461 4707; x_wconf 85' lang='lat' dir='ltr'><strong>patriarcham</strong></span> <span class='ocrx_word' id='word_1_745' title='bbox 2514 4640 2962 4709; x_wconf 86' lang='lat' dir='ltr'><strong>Alexandrinum,</strong></span> <span class='ocrx_word' id='word_1_746' title='bbox 3014 4642 3522 4715; x_wconf 84' lang='lat' dir='ltr'><strong>Jerosolymitanum</strong></span> 
     </span>
    </p>
   </div>
   <div class='ocr_carea' id='block_1_105' title="bbox 1952 4729 3523 4799">
    <p class='ocr_par' dir='ltr' id='par_1_105' title="bbox 1952 4729 3523 4799">
     <span class='ocr_line' id='line_1_105' title="bbox 1952 4729 3523 4799; baseline 0.006 -16"><span class='ocrx_word' id='word_1_747' title='bbox 1952 4738 2001 4783; x_wconf 93' lang='lat' dir='ltr'><strong>et</strong></span> <span class='ocrx_word' id='word_1_748' title='bbox 2026 4729 2500 4799; x_wconf 89' lang='lat' dir='ltr'><strong>Theopolitanum,</strong></span> <span class='ocrx_word' id='word_1_749' title='bbox 2568 4733 2672 4785; x_wconf 93' lang='lat' dir='ltr'><strong>hoc</strong></span> <span class='ocrx_word' id='word_1_750' title='bbox 2729 4742 2814 4786; x_wconf 89' lang='lat' dir='ltr'><strong>est</strong></span> <span class='ocrx_word' id='word_1_751' title='bbox 2867 4735 3284 4792; x_wconf 86' lang='lat' dir='ltr'><strong>Antiochenam.</strong></span> <span class='ocrx_word' id='word_1_752' title='bbox 3330 4740 3523 4794; x_wconf 84' lang='lat' dir='ltr'><strong>Antio-</strong></span> 
     </span>
    </p>
   </div>
   <div class='ocr_carea' id='block_1_106' title="bbox 1953 4825 3524 4899">
    <p class='ocr_par' dir='ltr' id='par_1_106' title="bbox 1953 4825 3524 4899">
     <span class='ocr_line' id='line_1_106' title="bbox 1953 4825 3524 4899; baseline 0.006 -22"><span class='ocrx_word' id='word_1_753' title='bbox 1953 4825 2126 4878; x_wconf 88' lang='lat' dir='ltr'><strong>chiam</strong></span> <span class='ocrx_word' id='word_1_754' title='bbox 2168 4826 2365 4897; x_wconf 82' lang='lat' dir='ltr'><strong>quippe</strong></span> <span class='ocrx_word' id='word_1_755' title='bbox 2398 4832 2515 4892; x_wconf 90' lang='lat' dir='ltr'><strong>post</strong></span> <span class='ocrx_word' id='word_1_756' title='bbox 2566 4833 2722 4879; x_wconf 71' lang='lat' dir='ltr'><strong>terra:</strong></span> <span class='ocrx_word' id='word_1_757' title='bbox 2754 4836 2959 4881; x_wconf 86' lang='lat' dir='ltr'><strong>motum</strong></span> <span class='ocrx_word' id='word_1_758' title='bbox 2995 4830 3275 4899; x_wconf 88' lang='lat' dir='ltr'><strong>auspicato</strong></span> <span class='ocrx_word' id='word_1_759' title='bbox 3305 4832 3524 4887; x_wconf 83' lang='lat' dir='ltr'><strong>nomine</strong></span> 
     </span>
    </p>
   </div>
   <div class='ocr_carea' id='block_1_107' title="bbox 1955 4916 3523 4988">
    <p class='ocr_par' dir='ltr' id='par_1_107' title="bbox 1955 4916 3523 4988">
     <span class='ocr_line' id='line_1_107' title="bbox 1955 4916 3523 4988; baseline 0.003 -15"><span class='ocrx_word' id='word_1_760' title='bbox 1955 4918 2266 4986; x_wconf 77' lang='lat' dir='ltr'><strong>TheOpoIim</strong></span> <span class='ocrx_word' id='word_1_761' title='bbox 2296 4916 2634 4973; x_wconf 85' lang='lat' dir='ltr'><strong>Justinianus</strong></span> <span class='ocrx_word' id='word_1_762' title='bbox 2686 4918 2991 4988; x_wconf 85' lang='lat' dir='ltr'><strong>appellavit.</strong></span> <span class='ocrx_word' id='word_1_763' title='bbox 3028 4922 3108 4975; x_wconf 82' lang='lat' dir='ltr'><strong>Ad</strong></span> <span class='ocrx_word' id='word_1_764' title='bbox 3154 4923 3267 4977; x_wconf 71' lang='lat' dir='ltr'><strong>haac</strong></span> <span class='ocrx_word' id='word_1_765' title='bbox 3302 4938 3364 4976; x_wconf 77' lang='lat' dir='ltr'><strong>ex</strong></span> <span class='ocrx_word' id='word_1_766' title='bbox 3418 4938 3523 4977; x_wconf 91' lang='lat' dir='ltr'><strong>uno</strong></span> 
     </span>
    </p>
   </div>
   <div class='ocr_carea' id='block_1_108' title="bbox 1952 5007 3524 5078">
    <p class='ocr_par' dir='ltr' id='par_1_108' title="bbox 1952 5007 3524 5078">
     <span class='ocr_line' id='line_1_108' title="bbox 1952 5007 3524 5078; baseline 0.002 -15"><span class='ocrx_word' id='word_1_767' title='bbox 1952 5008 2092 5078; x_wconf 77' lang='grc' dir='ltr'>Περὶ</span> <span class='ocrx_word' id='word_1_768' title='bbox 2123 5007 2322 5077; x_wconf 79' lang='grc' dir='ltr'><strong>ἀρχῶν</strong></span> <span class='ocrx_word' id='word_1_769' title='bbox 2353 5022 2535 5076; x_wconf 88' lang='lat' dir='ltr'><strong>opere,</strong></span> <span class='ocrx_word' id='word_1_770' title='bbox 2574 5008 2663 5077; x_wconf 86' lang='lat' dir='ltr'><strong>qui</strong></span> <span class='ocrx_word' id='word_1_771' title='bbox 2706 5009 2938 5062; x_wconf 79' lang='lat' dir='ltr'><strong>maxime</strong></span> <span class='ocrx_word' id='word_1_772' title='bbox 2974 5009 3234 5077; x_wconf 84' lang='lat' dir='ltr'><strong>capitales</strong></span> <span class='ocrx_word' id='word_1_773' title='bbox 3266 5010 3362 5065; x_wconf 88' lang='lat' dir='ltr'><strong>visi</strong></span> <span class='ocrx_word' id='word_1_774' title='bbox 3397 5021 3524 5067; x_wconf 80' lang='lat' dir='ltr'><strong>sunt</strong></span> 
     </span>
    </p>
   </div>
   <div class='ocr_carea' id='block_1_109' title="bbox 1951 5098 3517 5170">
    <p class='ocr_par' dir='ltr' id='par_1_109' title="bbox 1951 5098 3517 5170">
     <span class='ocr_line' id='line_1_109' title="bbox 1951 5098 3517 5170; baseline 0.002 -15"><span class='ocrx_word' id='word_1_775' title='bbox 1951 5116 2165 5156; x_wconf 86' lang='lat' dir='ltr'><strong>errores</strong></span> <span class='ocrx_word' id='word_1_776' title='bbox 2190 5100 2420 5170; x_wconf 90' lang='lat' dir='ltr'><strong>colligit,</strong></span> <span class='ocrx_word' id='word_1_777' title='bbox 2450 5108 2503 5153; x_wconf 89' lang='lat' dir='ltr'><strong>et</strong></span> <span class='ocrx_word' id='word_1_778' title='bbox 2527 5098 2595 5153; x_wconf 88' lang='lat' dir='ltr'><strong>ob</strong></span> <span class='ocrx_word' id='word_1_779' title='bbox 2637 5100 2902 5153; x_wconf 90' lang='lat' dir='ltr'><strong>lectorum</strong></span> <span class='ocrx_word' id='word_1_780' title='bbox 2931 5100 3120 5153; x_wconf 89' lang='lat' dir='ltr'><strong>ocu!os</strong></span> <span class='ocrx_word' id='word_1_781' title='bbox 3149 5101 3316 5168; x_wconf 87' lang='lat' dir='ltr'><strong>ponit.</strong></span> <span class='ocrx_word' id='word_1_782' title='bbox 3352 5100 3517 5158; x_wconf 83' lang='lat' dir='ltr'><strong>Deni-</strong></span> 
     </span>
    </p>
   </div>
   <div class='ocr_carea' id='block_1_110' title="bbox 1951 5191 3522 5262">
    <p class='ocr_par' dir='ltr' id='par_1_110' title="bbox 1951 5191 3522 5262">
     <span class='ocr_line' id='line_1_110' title="bbox 1951 5191 3522 5262; baseline 0.004 -17"><span class='ocrx_word' id='word_1_783' title='bbox 1951 5208 2055 5262; x_wconf 89' lang='lat' dir='ltr'><strong>que</strong></span> <span class='ocrx_word' id='word_1_784' title='bbox 2079 5193 2239 5246; x_wconf 87' lang='lat' dir='ltr'><strong>verba</strong></span> <span class='ocrx_word' id='word_1_785' title='bbox 2276 5192 2387 5260; x_wconf 88' lang='lat' dir='ltr'><strong>ipsa</strong></span> <span class='ocrx_word' id='word_1_786' title='bbox 2432 5191 2755 5260; x_wconf 59' lang='lat' dir='ltr'><strong>praiscribit,</strong></span> <span class='ocrx_word' id='word_1_787' title='bbox 2790 5191 2843 5245; x_wconf 91' lang='lat' dir='ltr'><strong>in</strong></span> <span class='ocrx_word' id='word_1_788' title='bbox 2894 5205 3013 5260; x_wconf 68' lang='lat' dir='ltr'><strong>quae</strong></span> <span class='ocrx_word' id='word_1_789' title='bbox 3040 5193 3522 5251; x_wconf 84' lang='lat' dir='ltr'><strong>anathernatismos</strong></span> 
     </span>
    </p>
   </div>
   <div class='ocr_carea' id='block_1_111' title="bbox 1951 5278 3519 5355">
    <p class='ocr_par' dir='ltr' id='par_1_111' title="bbox 1951 5278 3519 5355">
     <span class='ocr_line' id='line_1_111' title="bbox 1951 5278 3519 5355; baseline 0.004 -22"><span class='ocrx_word' id='word_1_790' title='bbox 1951 5281 2213 5336; x_wconf 88' lang='lat' dir='ltr'><strong>adversus</strong></span> <span class='ocrx_word' id='word_1_791' title='bbox 2246 5278 2500 5350; x_wconf 84' lang='lat' dir='ltr'><strong>Origenis</strong></span> <span class='ocrx_word' id='word_1_792' title='bbox 2544 5282 2793 5352; x_wconf 86' lang='lat' dir='ltr'><strong>dogmata</strong></span> <span class='ocrx_word' id='word_1_793' title='bbox 2843 5281 3051 5350; x_wconf 90' lang='lat' dir='ltr'><strong>concipi</strong></span> <span class='ocrx_word' id='word_1_794' title='bbox 3101 5283 3248 5347; x_wconf 91' lang='lat' dir='ltr'><strong>velit,</strong></span> <span class='ocrx_word' id='word_1_795' title='bbox 3289 5301 3519 5355; x_wconf 88' lang='lat' dir='ltr'><strong>quorum</strong></span> 
     </span>
    </p>
   </div>
   <div class='ocr_carea' id='block_1_112' title="bbox 1951 5373 3521 5448">
    <p class='ocr_par' dir='ltr' id='par_1_112' title="bbox 1951 5373 3521 5448">
     <span class='ocr_line' id='line_1_112' title="bbox 1951 5373 3521 5448; baseline 0.004 -21"><span class='ocrx_word' id='word_1_796' title='bbox 1951 5382 2254 5443; x_wconf 88' lang='lat' dir='ltr'><strong>postremus</strong></span> <span class='ocrx_word' id='word_1_797' title='bbox 2282 5373 2569 5443; x_wconf 88' lang='lat' dir='ltr'><strong>Origenem</strong></span> <span class='ocrx_word' id='word_1_798' title='bbox 2597 5376 2770 5445; x_wconf 90' lang='lat' dir='ltr'><strong>ipsum</strong></span> <span class='ocrx_word' id='word_1_799' title='bbox 2802 5374 3180 5430; x_wconf 90' lang='lat' dir='ltr'><strong>damnatorum</strong></span> <span class='ocrx_word' id='word_1_800' title='bbox 3211 5376 3521 5448; x_wconf 85' lang='lat' dir='ltr'><strong>dogmatmn</strong></span> 
     </span>
    </p>
   </div>
   <div class='ocr_carea' id='block_1_113' title="bbox 1954 5466 2517 5536">
    <p class='ocr_par' dir='ltr' id='par_1_113' title="bbox 1954 5466 2517 5536">
     <span class='ocr_line' id='line_1_113' title="bbox 1954 5466 2517 5536; baseline 0.002 -18"><span class='ocrx_word' id='word_1_801' title='bbox 1954 5474 2228 5520; x_wconf 90' lang='lat' dir='ltr'><strong>auctorem</strong></span> <span class='ocrx_word' id='word_1_802' title='bbox 2254 5466 2517 5536; x_wconf 87' lang='lat' dir='ltr'><strong>percellit.</strong></span> 
     </span>
    </p>
   </div>
   <div class='ocr_carea' id='block_1_114' title="bbox 2026 5556 3521 5629">
    <p class='ocr_par' dir='ltr' id='par_1_114' title="bbox 2026 5556 3521 5629">
     <span class='ocr_line' id='line_1_114' title="bbox 2026 5556 3521 5629; baseline 0.002 -17"><span class='ocrx_word' id='word_1_803' title='bbox 2026 5556 2114 5612; x_wconf 85' lang='lat' dir='ltr'><strong>IX.</strong></span> <span class='ocrx_word' id='word_1_804' title='bbox 2158 5558 2549 5615; x_wconf 87' lang='lat' dir='ltr'><strong>Conferendum</strong></span> <span class='ocrx_word' id='word_1_805' title='bbox 2581 5560 2687 5615; x_wconf 91' lang='lat' dir='ltr'><strong>huc</strong></span> <span class='ocrx_word' id='word_1_806' title='bbox 2716 5559 2927 5616; x_wconf 88' lang='lat' dir='ltr'><strong>videtur</strong></span> <span class='ocrx_word' id='word_1_807' title='bbox 2958 5560 3303 5629; x_wconf 87' lang='lat' dir='ltr'><strong>Theophanis</strong></span> <span class='ocrx_word' id='word_1_808' title='bbox 3330 5560 3521 5615; x_wconf 78' lang='lat' dir='ltr'><strong>Nesto-</strong></span> 
     </span>
    </p>
   </div>
   <div class='ocr_carea' id='block_1_115' title="bbox 1958 5648 3522 5735">
    <p class='ocr_par' dir='ltr' id='par_1_115' title="bbox 1958 5648 3522 5735">
     <span class='ocr_line' id='line_1_115' title="bbox 1958 5648 3522 5735; baseline 0.004 -32"><span class='ocrx_word' id='word_1_809' title='bbox 1958 5648 2092 5704; x_wconf 88' lang='lat' dir='ltr'><strong>riani</strong></span> <span class='ocrx_word' id='word_1_810' title='bbox 2143 5649 2389 5707; x_wconf 89' lang='lat' dir='ltr'><strong>monachi</strong></span> <span class='ocrx_word' id='word_1_811' title='bbox 2435 5649 2632 5719; x_wconf 82' lang='lat' dir='ltr'><strong>visura,</strong></span> <span class='ocrx_word' id='word_1_812' title='bbox 2678 5652 2818 5720; x_wconf 89' lang='lat' dir='ltr'><strong>quod</strong></span> <span class='ocrx_word' id='word_1_813' title='bbox 2865 5665 2894 5706; x_wconf 91' lang='lat' dir='ltr'><strong>a</strong></span> <span class='ocrx_word' id='word_1_814' title='bbox 2938 5649 3156 5709; x_wconf 80' lang='lat' dir='ltr'><strong>Moscho</strong></span> <span class='ocrx_word' id='word_1_815' title='bbox 3207 5652 3422 5735; x_wconf 76' lang='lat' dir='ltr'><strong>Evirato</strong></span> <span class='ocrx_word' id='word_1_816' title='bbox 3459 5652 3522 5725; x_wconf 78' lang='lat' dir='ltr'><strong>in</strong></span> 
     </span>
    </p>
   </div>
  </div>
