4068 6312
618 370 749 428 1167

1868 368 1928 426 P.
1970 366 2286 424 DANIELIS
2322 366 2568 424 HUETll-

3668 372 3768 437 “63

617 488 772 542 Prata
818 486 1100 553 spirituali,
1142 499 1262 553 cap.
1306 485 1400 550 26,
1447 493 1714 540 narratur.
1749 484 1968 540 Adierat
2006 484 2179 558 Cyril-
2206 485 2253 543 Δ
2278 494 2378 552 est,
2415 485 2636 539 Romam
2665 494 2853 537 recens
2887 476 3134 551 profecto
3163 475 3379 548 Pelagio
3403 477 3632 547 diacono,
3656 498 3767 553 post.

612 594 720 635 tum
756 578 1113 646 Theophanes
1138 577 1226 631 ille
1251 578 1373 631 aliis
1399 577 1568 645 ipsum
1600 579 1668 633 de
1706 581 1865 634 rebus
1889 590 2172 648 perconta-

610 676 782 733 turus,
802 681 958 734 quem
988 680 1110 720 cum
1138 664 1191 717 iu
1217 663 1452 718 Nestorii
1489 664 1604 719 luto
1637 664 1845 719 haerere
1872 664 2173 734 perspexis-

614 768 689 816 set
716 756 966 829 Cyrillns,
999 771 1159 810 orare
1188 755 1351 824 jussit
1375 765 1432 810 ut
1474 770 1660 825 ecquae
1701 756 1879 811 verior
1905 766 2047 811 esset
2077 755 2173 810 do-

610 844 798 905 ctrina,
826 841 925 895 sibi
951 842 1250 911 pateﬁeret.
1276 843 1463 897 Oranti
1490 843 1662 898 astitit
1687 844 1927 914 quidam,
1952 854 2171 914 aspectu

609 934 879 998 terribilis,
912 946 1358 1004 assumptumque
1382 936 1605 991 deduxit
1642 936 1694 991 in
1718 937 2058 994 tenebrosum
2093 938 2172 992 lo-

604 1041 747 1086 cum.
784 1037 839 1078 et
885 1023 1088 1079 fmtidis
1123 1025 1334 1094 ignibus
1380 1026 1696 1081 horridum:
1734 1035 1846 1080 tum
1894 1027 1945 1081 ei
1978 1027 2171 1082 mediis

605 1116 657 1170 in
707 1114 939 1171 ﬂammis
980 1114 1307 1171 Nestorium.
1358 1115 1732 1185 Eutychetem,
1774 1116 2166 1187 Apollinarem,

603 1205 939 1271 Dioscorum,
974 1204 1255 1270 Severum,
1280 1205 1594 1274 Origeuem,
1622 1216 1675 1261 et
1699 1207 1835 1262 alios
1859 1208 2167 1277 aspicienti,

603 1297 930 1352 destinatum
962 1297 1103 1351 hunc
1133 1310 1253 1351 esse
1284 1296 1459 1350 locum
1487 1297 1624 1351 dixit
1647 1297 2021 1353 hmreticoram
2052 1313 2172 1367 sup-

604 1389 810 1461 pliciis;
854 1389 905 1442 in
943 1403 1117 1456 eoque
1166 1388 1400 1441 futurum
1441 1397 1499 1442 ut
1537 1402 1725 1458 pennas
1777 1390 1894 1459 ipse
1933 1391 2024 1444 det
2065 1391 2167 1443 ali-

602 1483 836 1550 quando,
865 1480 1025 1533 nisi‘a
1060 1481 1341 1550 praeceptis
1370 1481 1549 1535 animo
1580 1480 1928 1549 opinionibus
1964 1480 2170 1535 disces-

603 1572 755 1625 serit.
789 1571 972 1624 Visum
1019 1570 1244 1640 Cyriaco
1281 1569 1525 1624 narravit
1555 1570 1938 1641 Theophanes,
1989 1580 2045 1625 et
2077 1586 2169 1623 ca-

606 1663 815 1717 tholicae
864 1661 1116 1716 Ecclesiae
1147 1677 1343 1716 nomen
1371 1661 1538 1716 dedit.
1565 1660 1844 1715 Laudatur
1870 1662 2014 1716 istud
2054 1661 2170 1717 Mo-

601 1756 719 1807 schi
749 1770 884 1823 Opus
914 1754 968 1809 in
1002 1758 1226 1825 septima
1262 1756 1489 1825 synodo,
1525 1754 1757 1823 indeque
1789 1754 2013 1809 multum
2066 1756 2165 1825 ipsi

2278 592 2438 646 quam
2468 575 2605 645 apud
2635 570 3000 627 Justinianum
3030 569 3364 639 apocrisiarii
3390 573 3771 635 munerel’unctue

2277 673 2377 721 est.
2414 664 2525 720 Hoc
2546 664 2724 718 edicto
2750 661 3037 716 anathema
3066 661 3113 715 is
3134 675 3252 715 esse
3274 660 3506 728 jubetur,
3536 664 3616 729 qui
3638 662 3771 720 Theo-

2281 759 2473 812 dorum
2531 756 2992 825 Mopsuestenum,
3049 752 3143 821 qui
3207 751 3486 820 epistolam
3539 754 3598 807 ad
3644 754 3775 814 Maria

2277 850 2499 906 Persam
2527 849 2866 912 htereticum,
2892 860 3054 916 quam
3079 845 3199 900 lbas
3230 845 3605 914 conscripsisse
3627 846 3775 915 fertur,

2278 944 2483 1013 quique
2531 941 2734 1010 scripta
2764 936 3116 994 'Theodoreti
3168 937 3430 992 adversus
3471 938 3698 1009 Cyrillum
3740 953 3780 994 et

2279 1034 2558 1089 duodecim
2601 1032 2719 1103 ejus
2745 1029 2999 1101 capitula,
3053 1027 3374 1083 defenderit.
3411 1027 3597 1084 Verum
3635 1048 3780 1102 perpa-

2279 1142 2394 1180 rum
2430 1125 2481 1179 id
2516 1124 2693 1178 valere
2730 1122 3035 1192 intelligens
3066 1120 3362 1190 imperator
3400 1121 3498 1175 uisi
3554 1122 3779 1193 episcopo-

2278 1232 2397 1271 rum
2419 1215 2813 1285 subscriptioue
2840 1213 2946 1268 vim
2978 1228 3039 1269 ac
3075 1212 3240 1267 robur
3264 1207 3652 1281 adipisceretur,
3673 1217 3785 1269 mul-

2279 1318 2360 1363 tos
2382 1309 2447 1362 ad
2474 1322 2757 1362 assensum
2791 1305 3098 1375 pertraxit;
3124 1302 3275 1357 multi
3309 1294 3449 1372 quod
3480 1303 3615 1357 salva
3636 1307 3783 1376 synodi

2276 1400 2734 1455 Chalcedonensis
2764 1399 3086 1453 auctoritate
3115 1396 3353 1465 capitula
3394 1396 3505 1451 hate
3527 1397 3781 1454 labefactari

2276 1508 2382 1548 non
2413 1506 2587 1563 posse,
2623 1500 2678 1547 et
2706 1490 2760 1545 in
2795 1489 3177 1546 ecclesiasticis
3208 1491 3369 1544 rebus
3397 1489 3601 1559 insuper
3624 1489 3775 1545 haben,

2276 1586 2396 1639 dam
2424 1600 2544 1640 esse
2574 1583 2918 1652 imperatoris
2951 1581 3336 1638 auctoritatem
3374 1582 3654 1645 crederent,
3681 1598 3782 1637 con-

2276 1678 2482 1733 sentire
2516 1687 2833 1732 renuerunt.
2867 1675 3118 1745 Vigilium
3164 1674 3343 1744 ipsum
3379 1673 3653 1727 ltotnauum
3681 1689 3778 1741 pou-

2275 1772 2496 1836 tilicem,
2565 1786 2629 1825 ea
2699 1778 2938 1823 tuentem
2994 1766 3259 1837 capitula,
3322 1766 3776 1836 Constantinopolim

603 1846 942 1900 auctoritatis
976 1846 1269 1901 accessisse
1296 1846 1582 1901 credentes
1615 1846 1881 1917 plerique,
1917 1849 1968 1902 id
1995 1848 2173 1905 Theo—
2205 1846 2249 1904 B
2279 1865 2511 1919 accersit
2553 1861 2937 1928 Justinianus;
2972 1857 3300 1914 sententiam
3343 1867 3495 1927 rogat
3536 1872 3674 1927 super
3710 1860 3758 1912 tri

602 1941 794 2009 phanis
821 1939 1088 1993 somnium
1119 1954 1217 2009 pro
1246 1939 1395 1994 edito
1414 1939 1677 1995 divinitus
1699 1941 1918 1997 oraculo
1946 1941 2166 1998 habent.

602 2032 721 2100 Quo
772 2032 1022 2102 equidem
1079 2046 1270 2100 parum
1323 2046 1665 2102 permoveor,
1725 2050 1850 2090 nam
1905 2034 2169 2104 ejusmodi

602 2124 1020 2178 somniationum
1054 2121 1206 2177 ferax
1243 2132 1327 2178 est
1352 2124 1746 2196 Graeculorum,
1782 2142 1845 2182 ac
1866 2129 2168 2199 praesertim

604 2216 989 2270 monachorum
1029 2215 1212 2280 natio;
1246 2226 1300 2270 et
1322 2232 1657 2290 quacunque
1696 2236 1791 2289 per
1832 2222 2002 2277 otium
2035 2223 2170 2277 ima-

603 2309 789 2378 ginum
837 2308 1030 2362 artifex
1079 2309 1278 2363 mentis
1325 2309 1552 2365 facultas
1595 2312 1767 2382 ﬁngit,
1796 2314 1875 2368 sic
1910 2324 2167 2383 tauquam

602 2400 695 2454 Dei
728 2398 887 2455 ell‘ata
911 2397 1012 2453 sibi
1038 2398 1266 2468 aliisque
1292 2415 1593 2471 pr0ponere
1618 2412 1863 2473 prompta
1891 2413 1945 2458 et
1972 2402 2167 2460 facilis.

598 2491 818 2548 Minime
846 2501 1025 2547 autem
1066 2506 1131 2547 ex
1169 2493 1383 2547 laudata
1428 2494 1480 2548 in
1525 2495 1753 2565 septima
1784 2497 1987 2566 synodo
2034 2497 2171 2552 scri-

598 2585 797 2656 ptionis
820 2584 962 2639 illius
989 2583 1188 2639 Moschi
1216 2585 1478 2653 particula
1505 2595 1677 2639 tutum
1698 2600 1832 2655 opus
1853 2587 2169 2643 existiman-

598 2679 723 2732 dum
753 2692 952 2731 censeo
979 2694 996 2733 :
1029 2676 1211 2732 multis
1251 2676 1492 2747 alioquin
1526 2666 1807 2733 damnosis
1837 2678 2170 2735 lucubratio-

598 2770 761 2822 nibus
802 2768 954 2836 plena
999 2782 1393 2836 usquequaque
1441 2766 1779 2838 adjungcuda
1824 2779 1970 2826 esset
2012 2771 2169 2839 ﬁdes,

597 2875 822 2929 quorum
861 2860 1119 2913 selectqu
1151 2859 1409 2927 aliquem,
1438 2861 1481 2914 si
1515 2859 1679 2927 forte,
1721 2862 1895 2917 locum
1926 2864 2168 2934 synodus

597 2949 773 3018 aliqua
807 2949 1171 3018 usurpaverit.
1208 2948 1439 3019 Vigebat
1478 2966 1542 3005 ea
1575 2960 1898 3022 tempestate
1932 2951 2166 3008 Joannes

597 3040 1020 3105 Grammaticus,
1050 3051 1416 3112 cognomento
1462 3042 1813 3114 Philoponus,
1846 3045 2167 3101 Alexandri-

598 3147 700 3185 nus
724 3131 918 3186 litteris
943 3132 1230 3202 exquisitis
1249 3134 1495 3203 apprime
1516 3137 1760 3192 eruditus
1786 3160 1797 3193 :
1831 3138 1924 3192 sed
1949 3150 2168 3209 propter

596 3223 1016 3279 catholicaalidei
1036 3225 1312 3279 contraria
1333 3225 1581 3296 dogmata
1605 3226 1748 3283 inter
1775 3230 2057 3285 haareticos
2073 3248 2162 3285 re-
2193 3211 2236 3273 Ο

598 3316 758 3381 latus,
791 3315 1320 3372 nam'fritheitamm
1346 3334 1542 3388 parens
1567 3319 1688 3387 fuit,
1715 3322 1937 3392 etjuxta
1978 3323 2167 3395 Orige-

596 3422 716 3462 nem
741 3421 1027 3476 corporum
1064 3410 1520 3465 resurrectionem
1540 3412 1812 3467 inliciatus
1839 3425 1937 3479 est,
1963 3417 2166 3484 scripto

596 3499 648 3552 in
666 3498 718 3551 id
746 3509 1131 3568 argumentum
1164 3514 1333 3569 opere
1369 3517 1478 3571 quo
1514 3502 1732 3559 Patrum
1784 3508 2161 3562 auctoritatem

596 3590 824 3645 ludibrio
847 3590 1227 3657 habuit;seda
1258 3592 1564 3649 Theodosio
1600 3598 1885 3660 mmmcho,
1921 3601 2162 3666 Conone,

592 3682 832 3750 Eugenio
885 3694 937 3738 et
973 3684 1272 3742 Themistio
1307 3685 1613 3743 luculenter
1641 3689 1905 3747 refutatus
1934 3704 2039 3753 est.

663 3772 733 3827 Χ.
775 3773 847 3827 At
873 3774 1191 3831 Theodorus
1218 3777 1444 3833 Ascidas
1467 3777 1918 3849 Origenistarum,
1953 3796 2007 3841 et
2032 3789 2165 3844 Ace-

595 3866 905 3934 phalorum,
967 3867 1080 3920 sive
1141 3867 1642 3943 MOquhysilarum
1699 3875 1982 3943 columen,
2043 3895 2163 3934 cum

591 3952 881 4021 Origeuem
913 3954 981 4008 ab
1009 3958 1276 4028 episcopis
1305 3960 1595 4018 Justiniaui
1624 3981 1790 4035 opera
1823 3972 2164 4039 reprobatqu

592 4058 737 4114 agre
787 4042 974 4112 ferret,
1029 4045 1372 4105 Theodorum
1429 4053 1769 4123 Mopsuestia:
1827 4061 2163 4130 episcopum,

594 4135 921 4208 Origeniauo
957 4140 1184 4205 nomini,
1218 4142 1343 4196 dum
1370 4144 1591 4209 viveret,
1623 4147 1913 4214 infensum,
1941 4161 1996 4207 et
2029 4154 2167 4207 mul-

596 4229 666 4283 tis
711 4230 971 4285 adversus
1008 4245 1128 4285 eum
1165 4234 1324 4289 editis
1362 4238 1636 4304 cpusculis
1677 4241 1949 4296 celebrem
1990 4260 2162 4314 oppu-

593 4321 873 4390 gnandum
914 4323 1046 4389 sibi,
1084 4333 1140 4378 et
1183 4327 1548 4384 anathematis
1593 4331 1989 4400 subjiciendum
2036 4352 2165 4406 pro-

594 4413 792 4479 posuit,
832 4414 900 4467 ob
934 4413 993 4466 id
1032 4415 1290 4481 maxime,
1335 4418 1477 4487 quod
1518 4434 1546 4472 a
1596 4419 2020 4481 Chalcedonensi
2073 4443 2165 4499 sy-

2275 1955 2377 2011 bus
2406 1951 2687 2023 capitulis;
2714 1949 3102 2018 tergiversatur
3127 1944 3668 2016 pontifex,episeopos
3685 1964 3779 2017 ιιι

2277 2044 2368 2115 qui
2411 2042 2639 2097 aderant
2687 2041 2743 2094 in
2779 2040 3042 2110 synodum
3087 2038 3330 2108 colligit;
3364 2047 3419 2091 et
3459 2038 3577 2107 quid
3605 2041 3781 2111 quisque

2276 2134 2525 2199 sentiret,
2554 2132 2756 2201 scripto
2790 2130 2952 2185 edere
2982 2128 3138 2199 jubet
3166 2166 3183 2193 ,
3222 2127 3541 2196 demumque
3571 2129 3617 2182 in
3651 2126 3780 2183 Justi-

2278 2226 2421 2281 niani
2454 2224 2777 2281 sententiam
2820 2221 3104 2287 concedit;
3134 2230 3190 2275 et
3230 2234 3377 2274 anno
3405 2219 3525 2286 548,
3562 2221 3781 2274 decretum

2275 2318 2422 2384 edit,
2470 2314 2611 2385 quod
2662 2313 2968 2367 Judicatum
3022 2312 3349 2381 appellatur,
3414 2326 3573 2382 eoque
3624 2315 3706 2366 tria
3741 2327 3785 2367 se

2277 2410 2535 2464 damnare
2564 2406 2794 2476 capitula
2824 2404 3085 2471 declarat,
3118 2403 3275 2459 salva
3323 2405 3506 2475 synodi
3535 2404 3778 2459 Chalcedo-

2275 2505 2457 2556 nensis
2506 2502 2847 2556 auctOritate.
2904 2496 3040 2553 llinc
3091 2509 3279 2553 tamen
3327 2497 3600 2553 schismata
3656 2498 3781 2551 multa

2274 2593 2502 2651 conﬂata
2536 2604 2683 2659 sunt,
2709 2609 2831 2648 cum
2865 2593 3053 2663 synodi
3078 2592 3247 2662 hujus
3272 2593 3608 2646 reverentiam
3633 2600 3678 2644 et
3706 2605 3789 2642 mav

2269 2686 2519 2756 jestatem
2552 2701 2580 2739 a
2615 2686 2858 2741 llotuano
2886 2685 3139 2754 pontiﬁce
3171 2683 3428 2738 violatam
3454 2683 3659 2753 episcopi
3683 2698 3787 2750 pra.

2275 2778 2430 2846 cipue
2480 2777 2789 2833 Occidentis
2846 2777 3264 2843 existimarent;
3326 2776 3560 2844 quamvis
3616 2775 3785 2845 urgenti

2273 2870 2603 2938 Iustiniano,
2651 2879 2710 2924 ut
2741 2871 2947 2939 absque
2994 2870 3099 2924 ulla
3140 2869 3336 2940 synodi
3383 2868 3532 2937 hujus
3567 2869 3783 2921 mentione

2276 2967 2327 3019 in
2382 2966 2541 3019 trium
2589 2965 2950 3031 capitulorum
3000 2964 3409 3018 damnationem
3469 2962 3781 3024 coaseutiret,

2274 3067 2583 3113 constanter
2620 3058 2895 3112 restiterit.
2929 3058 3035 3111 Sed
3067 3057 3290 3111 tandem
3315 3059 3379 3111 ad
3408 3058 3777 3112 sanioremnicu-

2275 3158 2381 3202 tem
2407 3149 2640 3203 reversis
2667 3149 2818 3203 Mena
2846 3148 3450 3218 Constantinopolitano
3472 3162 3522 3205 et
3556 3147 3785 3203 Theodoro

2269 3240 2616 3307 Caesariensi,
2648 3256 2783 3310 quos
2810 3256 2839 3295 a
2871 3256 2965 3296 sua
2995 3244 3387 3296 communione
3422 3249 3681 3309 removerat
3707 3239 3779 3291 Vi-

2268 3335 2452 3404 gilius,
2486 3344 2540 3389 et
2580 3335 2856 3403 abrogatis
2904 3335 3032 3389 item
3064 3334 3291 3402 edictis,
3320 3352 3439 3407 quas
3465 3337 3525 3392 de
3549 3336 3687 3389 tribus
3709 3347 3779 3386 ca-

2267 3424 2454 3493 pitulis
2510 3423 2880 3494 publicaverat
2925 3423 3296 3491 Justiniauus,
3354 3427 3546 3497 placuit
3586 3426 3782 3495 legitima:

2268 3516 2472 3587 synodo
2500 3517 2860 3585 quaestionum
2893 3516 3104 3572 illarum
3147 3519 3587 3590 disceptationem
3609 3530 3653 3571 et
3672 3517 3781 3571 arbi-

2269 3607 2430 3661 trium
2465 3606 2727 3676 permitti.

2335 3698 2447 3755 ΧΙΙ.
2505 3700 2934 3768 Origeuistarum
2988 3702 3203 3757 interim
3257 3715 3407 3760 secta
3451 3705 3499 3758 in
3552 3700 3783 3757 Palestina

2269 3807 2481 3846 rursum
2513 3807 2576 3846 ac
2609 3793 2802 3846 vicinis
2842 3794 3151 3864 regionibus
3194 3812 3336 3852 nova
3388 3799 3682 3851 incrementa
3709 3808 3783 3845 ca~

2268 3881 2467 3949 piebat.
2517 3880 2717 3937 Scribit
2764 3882 3023 3940 Leontius
3056 3884 3358 3956 Neapoleos
3400 3888 3549 3960 Cypri
3584 3886 3782 3950 antistes,

2265 3970 2355 4039 qui
2412 3972 2664 4027 lleraclio
2725 3975 3043 4045 imperatori
3094 3992 3311 4034 coaevus
3364 3980 3479 4043 fuit,
3522 3978 3780 4049 qumsivisse

2267 4061 2561 4131 aliquando
2592 4062 2731 4118 inter
2764 4079 2823 4118 se
2869 4065 3003 4120 duos
3047 4068 3317 4124 Asceterii
3358 4070 3632 4139 cujusdam,
3667 4064 3789 4133 quod

2266 4167 2386 4211 erat
2435 4157 2647 4213 Emesa’:
2691 4160 3019 4228 proximum,
3074 4166 3400 4227 monachos.
3444 4180 3535 4220 cur
3571 4162 3788 4231 Origenes

2268 4247 2554 4303 haereticus
2599 4248 2722 4320 (sic
2750 4250 2892 4305 enim
2927 4253 3271 4325 appellatur)
3297 4256 3457 4310 tantis
3490 4273 3516 4309 a
3551 4256 3645 4308 Deo
3674 4250 3781 4307 doti-

2266 4336 2364 4393 bus
2393 4348 2618 4395 ornatus
2649 4342 2752 4396 ﬁde
2784 4344 3096 4399 excidisset.
3137 4347 3389 4417 Cumque
3420 4348 3549 4403 alter
3577 4360 3666 4400 non
3692 4343 3782 4405 Dei,

2266 4428 2358 4483 sed
2388 4440 2597 4485 natura;
2630 4433 2851 4500 donum,
2872 4450 2993 4489 eam
3021 4450 3124 4506 qua
3157 4438 3391 4507 pollebat
3413 4438 3667 4495 scientiam
3692 4447 3789 4490 esse

594 4502 736 4611 potio
794 4501 983 4605 fuerat.
1014 4504 1295 4563 laudatus.
1335 4507 1654 4578 Imperatori
1711 4512 1897 4584 itaque
1947 4521 2160 4574 concilii
2194 4532 2569 4611 l)pugnaret;
2611 4524 2748 4579 alter
2795 4536 2989 4581 contra
3034 4501 3311 4584 neminem
3342 4547 3411 4586 ex-
3452 4542 3637 4584 naturae
3675 4528 3789 4582 done

594 4588 751 4657 hujus
779 4595 1159 4651 auctoritatem
1199 4600 1461 4655 adversus
1490 4601 1791 4673 Acepltalos
1820 4607 2040 4679 scriptis
2070 4612 2163 4667 de-

592 4681 857 4749 fendenti,
903 4683 1093 4741 favore
1121 4687 1421 4747 Theodorze
1459 4694 1715 4764 Augusta:
1743 4701 2003 4771 suggerit,
2043 4704 2158 4757 tiru-

593 4785 705 4830 stra
756 4776 1027 4832 scribendi
1066 4778 1311 4837 laborem
1358 4785 1435 4839 ab
1465 4802 1531 4841 eo
1569 4791 1793 4860 suscipi,
1838 4796 1932 4863 qui
1979 4807 2159 4865 posset

592 4866 893 4937 Acephalos
921 4868 986 4921 ad
1015 4884 1174 4924 suam
1190 4878 1624 4934 communionem
1664 4886 1981 4952 compendio
2007 4904 2157 4943 revo-

591 4970 743 5021 care,
779 4956 823 5011 si
863 4956 1183 5014 Theodorus
1210 4960 1636 5038 Mopsuestcnus,
1665 4983 1719 5025 et
1760 4974 1861 5029 Ibat
1898 4975 2155 5035 Edesseni

592 5047 661 5101 ad
688 5046 858 5102 Marin
890 5048 1109 5103 Persam
1135 5051 1383 5119 epistola,
1412 5066 1595 5127 utpote
1639 5061 1872 5120 Nestorii
1905 5068 1990 5124 lue
2025 5086 2158 5127 con-

595 5137 877 5203 taminata,
910 5150 967 5194 et
986 5139 1308 5199 Theodoreti
1330 5150 1712 5219 castigationes
1738 5159 2005 5217 adversus
2021 5164 2155 5219 duo-

594 5229 770 5283 decim
802 5229 987 5301 Cyrilli
1014 5237 1248 5305 capitula
1275 5238 1391 5293 sive
1422 5244 1901 5307 anathematismos
1931 5257 2158 5313 totidem

590 5316 824 5374 Nestorii
889 5325 1358 5382 anathematismis
1400 5335 1679 5401 oppositos
1733 5340 2159 5413 damnarentur;

591 5411 676 5466 his
705 5413 901 5481 quippe
923 5415 1314 5484 Acephalorum
1344 5437 1464 5477 cum
1492 5423 1786 5487 Catholicis
1810 5411 2154 5492 concordiam

590 5505 826 5560 maxime
859 5510 1147 5562 retardari.

665 5594 753 5688 xi.
792 5601 1038 5656 Assensit
1072 5604 1320 5662 credulus
1364 5609 1687 5687 imperator,
1710 5627 1763 5671 et
1793 5619 1946 5688 pacis
1971 5621 2023 5676 in
2054 5623 2158 5678 Ee-

594 5682 756 5740 elesia
808 5692 1157 5750 conciliandae
1206 5682 1441 5769 cupidus
1482 5703 1717 5760 edictum
1774 5682 1805 5763 a
1868 5710 2157 5771 Theodoro

595 5772 790 5831 Assido
834 5782 1121 5840 conﬁctam
1171 5803 1281 5870 suo
1316 5795 1533 5873 nomine
1584 5800 1907 5870 promulgari
1964 5821 2156 5871 passus

2266 4613 2526 4681 ejuSmodi
2577 4618 2849 4674 excudere
2878 4634 3042 4690 Opera
3080 4638 3235 4690 posse
3265 4627 3613 4695 pertenderet,
3640 4620 3785 4694 qualia

2266 4705 2334 4757 ab
2375 4720 2442 4761 eo
2487 4708 2801 4779 conscripta
2845 4722 3007 4779 sunt;
3053 4714 3229 4769 visum
3262 4718 3473 4786 utrique
3514 4726 3593 4771 est
3617 4730 3711 4769 rem
3732 4711 3787 4765 ad

2265 4795 2566 4853 Palaestinae
2610 4814 2924 4868 monaunos,
2962 4821 3193 4874 quorum
3229 4820 3339 4863 tum
3382 4824 3563 4880 magna
3601 4818 3783 4878 percrcv

2264 4888 2457 4943 huerat
2494 4889 2657 4958 fama,
2701 4893 3103 4964 dijudicaudam
3133 4900 3368 4956 deferre.
3397 4901 3618 4971 Pergunt
3645 4900 3706 4953 illi
3728 4896 3783 4949 ad

2266 4985 2593 5042 monasteria
2639 4988 2773 5041 mari
2818 4987 3030 5044 Mortuo
3071 4995 3427 5059 contermina,
3475 5005 3525 5048 et
3562 4991 3777 5047 hianuem

2266 5075 2514 5130 abbatem
2561 5092 2625 5131 ac
2666 5076 2976 5135 Simeonem
3021 5094 3235 5155 rogant,
3278 5087 3467 5156 ecquid
3496 5087 3557 5140 de
3586 5100 3635 5138 re
3670 5085 3774 5137 inter

2264 5178 2323 5219 se
2348 5166 2574 5234 quazsita
2604 5170 2845 5237 sentiant
2876 5185 2892 5223 :
2928 5172 3003 5227 illi
3036 5188 3167 5229 vero
3203 5176 3509 5231 Simeonem
3542 5175 3684 5229 alium
3708 5185 3772 5225 co-

2264 5267 2555 5335 gnomento
2587 5256 2766 5313 Sulum
2804 5259 2981 5330 (quod
3018 5274 3121 5330 est,
3152 5276 3211 5319 ut
3238 5266 3485 5335 coniicio,
3509 5251 3653 5331 ἢν,
3685 5277 3766 5316 ntu-

2270 5356 2381 5400 tato
2406 5330 2439 5406 5
2469 5347 2613 5403 fmali
2646 5350 2699 5405 in
2738 5369 2786 5416 ς,
2815 5356 3264 5422 quemadmodum
3304 5330 3354 5413 in
3400 5330 3653 5422 ’Avvt6agi
3695 5366 3767 5423 Ρ¹¹⁰

2264 5435 2526 5510 Ληιηὶὸαι)
2563 5441 2614 5496 id
2649 5450 2736 5497 est
2772 5445 3023 5502 insanum
3066 5459 3121 5504 et
3159 5450 3398 5517 fatuum,
3429 5452 3621 5507 Emesa:
3651 5445 3769 5502 habit

2268 5540 2468 5584 tantem
2494 5535 2699 5589 ctmsuli
2722 5534 2932 5604 jubeut.
2965 5538 3061 5594 Vir
3092 5541 3382 5599 ille-fastus-
3405 5560 3467 5600 ac
3492 5542 3653 5598 inanis
3674 5536 3757 5607 8'0'

2264 5621 2358 5675 rite
2384 5624 2757 5689 proculcandte
2779 5644 2938 5685 causa
2968 5634 3282 5691 modestiam
3312 5651 3460 5693 suam
3484 5628 3761 5690 delirationit

2264 5722 2614 5779 simulatione
2642 5727 2881 5796 tegebat,
2914 5731 3182 5803 vulgoque
3206 5747 3301 5803 pro
3330 5733 3553 5788 motione
3578 5726 3752 5784 habebo

2266 5812 2821 5903 tur.p_ls_lupino_ru_m,
2839 5836 2974 5885 quos
3001 5832 3112 5882 tum
3142 5825 3279 5883 torte
3309 5826 3624 5882 comedebat.
3648 5831 3758 5876 sat»-
