4068 6312
307 369 441 424 1169

1150 361 1722 420 ORICENIANORUM
1762 361 1889 419 Lm.
1931 361 1993 428 ll,
2031 361 2182 420 CAP.
2222 360 2310 424 tv,
2353 359 2545 416 SECT.
2586 346 2656 416 ll..-

3397 351 3551 408 H70-

306 492 428 547 bolo
471 505 617 552 usus,
667 483 995 541 adeuntibus
1036 488 1324 542 monachis
1355 487 1698 556 significavit,
1744 485 1865 542 Ori-
1898 490 1945 546 Α
1973 485 2117 539 mine
2137 481 2445 538 Christiano
2465 480 2700 536 latenter
2723 477 2775 531 in
2805 475 3039 531 Ecclesia
3061 472 3256 544 gentile
3285 471 3534 540 Origenis

306 587 497 645 gcn‘eut
523 576 732 645 ingenio
754 589 854 629 suo
880 575 1165 642 confisum,
1193 591 1314 630 cum
1338 577 1528 630 altiora
1553 585 1869 641 sectaretur,

305 669 363 724 iu
396 683 546 722 mare
579 668 783 735 lapsum
813 666 1060 736 periisse.
1091 665 1204 721 lloc
1236 667 1352 736 ipso
1382 682 1525 721 anno
1548 667 1872 738 Origenismi

308 769 620 828 Suspectum
643 758 930 812 Macarium
955 755 1465 829 Jerosolymitanum
1485 759 1871 828 patriarcham,

307 850 624 919 priusquam
655 850 968 904 electionem
1015 849 1186 919 ipsius
1221 848 1478 920 suffragio
1507 850 1875 920 suo.impera-

310 950 399 995 tor
431 943 760 1003 roborasset,
797 940 927 995 sede
961 954 1058 994 sua
1102 941 1443 995 deturbatum
1491 941 1658 996 fuisse
1688 950 1879 996 narrat

309 1033 618 1104 Evagrius:
651 1043 704 1086 at
727 1033 779 1086 in
811 1032 1057 1086 eamdem
1084 1031 1363 1101 aliquanto
1389 1040 1509 1103 post
1541 1033 1874 1100 restitutum,

310 1140 435 1179 cum
475 1126 781 1193 Origenem,
817 1124 1105 1192 Evagrium
1135 1135 1190 1178 et
1235 1124 1513 1195 Didymum
1545 1126 1872 1192 damnasset,

315 1218 384 1270 ab
416 1217 600 1269 eodem
635 1215 900 1283 proditum
933 1223 1034 1268 est.
1072 1214 1334 1281 Quamvis
1364 1226 1545 1270 autem
1584 1217 1795 1285 publice
1824 1227 1876 1272 et

314 1306 562 1376 privatim
610 1305 870 1374 Origenes
914 1307 1290 1374 infamaretur,
1339 1309 1509 1365 nihilo
1550 1311 1724 1380 magis
1753 1309 1876 1367 Ori-

313 1401 644 1470 genistarum
671 1401 1077 1456 Palmstinorum
1106 1404 1269 1457 animi
1300 1405 1692 1470 consederunt;
1723 1420 1875 1460 cum-

311 1504 416 1559 que
444 1490 494 1543 in
527 1490 672 1544 Nova
703 1492 970 1561 prmcipue
1001 1491 1176 1546 Laura
1205 1503 1354 1548 secta
1395 1497 1634 1563 ipsorum
1671 1495 1875 1550 invale-

314 1591 509 1643 sceret,
540 1581 607 1635 ab
639 1580 934 1636 Eustochio
961 1581 1420 1655 Jerosolymorum
1469 1585 1723 1654 episcopo
1756 1585 1886 1638 inde.

315 1673 516 1727 extrusi
549 1682 692 1728 sunt.
730 1672 788 1727 In
825 1676 1001 1729 varias
1028 1676 1102 1730 illi
1137 1685 1319 1746 partes
1347 1676 1707 1740 disseminati,
1737 1675 1876 1730 mul-

316 1774 400 1819 tos
425 1765 693 1834 dogmatis
724 1766 836 1820 suis
881 1767 1152 1822 inescatos
1183 1767 1248 1821 ad
1287 1781 1442 1837 opem
1473 1767 1570 1821 sibi
1601 1765 1876 1822 ferendam

1977 576 2171 646 dogma
2203 582 2503 629 sectantur.
2553 570 2620 624 Et
2645 568 2770 639 quia
2801 582 2895 638 per
2923 564 3235 620 instantiam
3276 571 3380 616 tua:
3411 557 3537 614 reli-

1973 667 2148 738 gionis
2176 666 2416 736 ejusdem
2465 660 2677 733 profani
2722 657 2991 729 dogmatis
3035 656 3225 709 iterata
3260 650 3536 707 damnatio

1973 765 2090 824 est;
2118 757 2242 812 hinc
2267 755 2387 826 ejus
2407 762 2708 808 sectatores
2731 754 3054 805 exarserunt
3082 745 3340 800 adversus
3361 741 3536 797 Eccle-

1974 849 2133 916 siam,
2171 855 2478 918 quaerentes
2523 858 2643 898 eam
2683 852 3003 911 quacunque
3044 843 3265 906 possent
3303 834 3356 888 in
3405 832 3536 887 mis-

1977 941 2131 996 sione
2162 938 2400 994 turhare.
2428 935 2493 991 Et
2523 935 2627 990 hoc
2660 942 2829 988 totum
2853 929 3121 1000 publicam
3148 924 3393 980 notitiam
3430 936 3534 976 non

1975 1029 2188 1099 effugit,
2223 1025 2525 1098 praesertim
2555 1038 2677 1079 cum
2703 1033 2758 1077 et
2805 1019 3141 1076 Domitianus
3169 1015 3385 1086 quidem
3422 1015 3533 1067 An-

1977 1122 2219 1192 cyrensis
2256 1119 2489 1175 civitatis
2515 1117 2796 1185 episcopus
2829 1110 3116 1183 provincia:
3143 1106 3330 1177 primae
3371 1101 3534 1158 Gala-

1978 1213 2086 1277 tiae,
2112 1212 2201 1281 qui
2243 1210 2344 1264 fuit
2384 1209 2551 1277 ipsius
2579 1205 2920 1276 Origenianae
2963 1199 3184 1256 haeresis
3219 1193 3537 1251 manifestus

1975 1313 2237 1368 assertor,
2269 1317 2362 1371 per
2399 1299 2635 1355 libellum
2662 1311 2821 1368 quem
2850 1293 2915 1347 ad
2936 1289 3305 1347 beatissimum
3346 1298 3536 1354 papam

1978 1395 2229 1466 Vigilium
2268 1394 2505 1463 scripsit,
2556 1392 2664 1446 Deo
2711 1393 3062 1456 extorquente
3106 1381 3387 1437 confessus
3431 1384 3536 1442 est,

1978 1489 2120 1558 quod
2149 1484 2263 1554 ejus
2292 1484 2584 1552 complices
2626 1478 2962 1549 Origeniani,
2998 1489 3119 1530 cum
3160 1473 3407 1527 viderent
3430 1482 3539 1558 non

1977 1556 2036 1632 se
2083 1590 2242 1644 posse
2290 1572 2564 1644 proprium
2611 1570 2805 1636 dogma
2851 1562 3160 1625 defendere,
3213 1573 3390 1628 neque
3437 1556 3539 1610 sibi

1979 1668 2266 1737 quidquam
2320 1662 2432 1732 spei
2476 1662 2541 1716 de
2588 1657 2841 1714 conﬂictu
2886 1663 3114 1714 restare.
3166 1651 3232 1705 ad
3283 1648 3537 1702 ultionem

1979 1771 2164 1812 eorum
2195 1769 2314 1824 qua:
2340 1761 2527 1808 c0ntra
2557 1750 2841 1820 Origenem
2867 1754 3014 1816 gesta
3045 1751 3188 1805 sunt,
3219 1743 3330 1796 haec
3354 1738 3541 1794 Eccle-

314 1856 672 1925 pellexerunt.
715 1856 958 1927 Impense
1003 1858 1219 1914 favebat
1263 1834 1370 1912 illis
1421 1857 1734 1913 Theodorus
1789 1856 1879 1912 ille
1909 1845 1952 1900 Β
1980 1848 2072 1902 site
2096 1845 2346 1902 scandala
2383 1848 2810 1899 commoverunt.
2845 1859 2863 1892 ι
2899 1837 3053 1906 Quod
3078 1845 3132 1890 et
3155 1834 3354 1890 clarius
3389 1845 3540 1899 repe-

317 1959 475 2014 quctn
505 1945 616 1998 dixi
641 1947 881 2011 Ascidas,
904 1945 1189 2002 Justiniani
1213 1947 1559 2003 consiliorum
1588 1949 1877 2018 particeps,

320 2054 619 2109 magnaque
646 2040 742 2107 ἱρέί
773 2039 1141 2094 familiaritate
1166 2039 1506 2108 conjunctus.
1539 2040 1764 2095 Factum
1791 2040 1885 2095 ille

319 2133 597 2187 Eustochii
644 2133 982 2202 vituperabat
1026 2134 1227 2201 palam,
1271 2141 1328 2187 et
1380 2132 1434 2186 in
1483 2133 1654 2201 ipsum
1701 2131 1879 2185 aulam

319 2225 708 2280 commovebat.
745 2224 924 2292 Atque
974 2225 1114 2280 hanc
1154 2224 1408 2292 cogenda:
1455 2223 1657 2292 quintae
1689 2223 1880 2292 synodi

319 2333 534 2374 causam
574 2317 739 2372 fuisse
767 2316 1011 2371 scribunt
1040 2317 1304 2385 Evagrius
1335 2326 1390 2369 et
1415 2315 1771 2387 Nicephorus.

389 2405 519 2460 Xlll.
567 2407 761 2462 Coacta
808 2406 1271 2476 Constantinopoli
1315 2407 1520 2477 synodo
1565 2423 1708 2460 anno
1753 2406 1878 2470 553,

317 2495 500 2550 multis
523 2496 574 2549 in
602 2511 662 2550 ea
692 2498 756 2550 de
796 2497 969 2551 tribus
994 2496 1242 2565 capitulis
1271 2506 1449 2551 actum
1475 2506 1576 2550 est.
1608 2495 1740 2561 Quae
1766 2498 1881 2551 sin-

316 2587 439 2656 gula
474 2587 580 2641 huc
612 2587 815 2643 referre
844 2588 1091 2656 quoniam
1135 2603 1244 2642 non
1275 2595 1358 2641 est
1401 2587 1568 2640 nostri
1611 2587 1877 2652 instituti,

315 2679 516 2734 dixisse
559 2681 660 2733 hoc
699 2695 860 2733 unum
907 2678 1157 2742 sufﬁciat,
1220 2679 1488 2733 renitente
1535 2676 1746 2748 Vigilio,
1789 2680 1877 2747 qui

311 2769 504 2840 synodi
535 2770 885 2825 celebrationi
911 2785 1008 2838 pro
1032 2770 1237 2822 viribus
1265 2770 1667 2841 intercesserat,
1698 2778 1752 2822 et
1779 2770 1877 2822 tria

313 2860 542 2929 capitula
581 2861 753 2916 denuo
784 2861 1112 2916 defendenda
1141 2868 1468 2930 sumpserat,
1497 2860 1755 2914 damnata
1791 2859 1879 2913 illa

310 2953 663 3008 nihilominus
695 2953 890 3021 fuisse,
926 2964 978 3008 et
1017 2952 1269 3024 Vigilium
1312 2951 1606 3018 Theodori,
1656 2952 1778 3020 lbae,
1828 2962 1880 3006 et

313 3047 636 3103 Theodoreti
678 3056 853 3116 partes
891 3055 1126 3102 tuentem
1162 3060 1258 3115 per
1299 3045 1534 3100 libellum
1571 3061 1600 3099 a
1637 3059 1695 3100 se
1725 3060 1878 3100 com-

309 3137 571 3208 positum,
601 3147 654 3192 et
700 3137 1002 3193 Justiniano
1047 3138 1296 3202 missum,
1329 3151 1489 3204 quem
1522 3134 1878 3190 Consulatum

313 3229 629 3299 appellavit,
669 3239 722 3283 et
754 3230 982 3284 concilio
1015 3228 1360 3285 subscribere
1412 3236 1782 3304 recusantem,
1824 3228 1878 3281 in

309 3319 614 3375 custodiam
667 3319 831 3373 fuisse
883 3329 1086 3383 actum,
1137 3337 1156 3371 ι
1208 3319 1476 3373 modicum
1519 3317 1567 3372 ei
1621 3318 1776 3386 panis
1829 3326 1884 3373 et

313 3425 469 3479 aqua:
517 3430 536 3462 ι
578 3409 742 3464 fuisse
788 3410 1211 3478 suppeditatum,
1255 3418 1312 3462 ut
1367 3409 1528 3464 habet
1568 3408 1885 3465 Anastasius

313 3502 372 3557 in
431 3501 598 3570 ipsius
658 3500 798 3565 Vita,
847 3501 1153 3570 multosque
1198 3501 1478 3570 episcopos
1537 3517 1604 3555 ex
1659 3500 1884 3570 Illyricis

311 3594 586 3662 praecipue
605 3600 658 3646 et
679 3592 844 3658 Afris,
875 3593 1118 3646 eamdem
1146 3593 1214 3646 ob
1237 3607 1454 3648 causam
1479 3593 1696 3646 sedibus
1717 3591 1884 3646 fuisse

314 3683 575 3752 dejectos,
606 3683 800 3738 exsilio
834 3682 1142 3747 mulctatos,
1177 3690 1234 3735 et
1260 3681 1432 3736 modis
1461 3684 1708 3736 omnibus
1745 3681 1884 3736 male

313 3774 563 3840 habitos;
620 3775 752 3828 alios
804 3774 1003 3829 ditatos
1054 3774 1378 3829 muneribus
1421 3789 1697 3828 assensum
1747 3788 1884 3842 pra:-

312 3866 555 3922 buisse:
612 3867 706 3920 sed
764 3865 1063 3920 Romanam
1115 3866 1329 3920 demum
1389 3865 1686 3922 Ecclesiam
1741 3867 1884 3924 inter

316 3961 683 4017 oecumenicas
729 3969 783 4016 et
839 3960 1106 4029 legitimas
1158 3959 1393 4030 synodos
1456 3960 1698 4029 quintam
1729 3999 1747 4024 ,
1798 3961 1882 4014 vel

318 4060 498 4130 Vigilii
551 4060 735 4130 ipsius,
780 4060 866 4117 vel
915 4057 1139 4130 Pelag-ii,
1187 4058 1525 4128 aliorumque
1567 4059 1881 4129 pontificum

317 4163 453 4208 nutu
501 4153 817 4217 admisisse;
867 4161 920 4205 et
962 4152 1030 4205 ab
1075 4151 1290 4216 exsilio,
1377 4160 1567 4220 rogatu
1617 4150 1879 4218 Narsetis,

317 4251 630 4299 revocatum
662 4256 782 4295 cum
815 4240 937 4295 aliis
965 4240 1243 4310 Vigilium,
1293 4239 1420 4294 dum
1465 4240 1690 4294 Romam
1727 4255 1878 4310 repe-

317 4345 477 4400 teret,
512 4336 563 4389 in
611 4334 792 4388 Sicilia
839 4335 1058 4388 obiisse.
1106 4331 1445 4388 Manifestum
1484 4334 1665 4402 itaque
1707 4345 1884 4390 estex

317 4427 744 4498 Origenistarum
796 4423 1256 4488 altercationibus,
1287 4432 1343 4477 et
1382 4423 1576 4492 Pelagii
1614 4437 1677 4477 ac
1704 4424 1880 4478 Theo-

1981 1941 2045 1994 tit
2071 1941 2164 1993 lib.
2193 1955 2267 2002 tv,
2300 1954 2419 2006 cap.
2460 1937 2515 1990 4.

2050 2032 2187 2088 XIV.
2231 2030 2419 2087 Utrum
2461 2043 2619 2100 porro
2659 2027 2724 2080 de
2763 2026 2997 2094 Origene
3035 2037 3099 2077 ac
3134 2017 3456 2090 Origenistis
3489 2015 3541 2070 in

1979 2128 2162 2196 quinta
2200 2125 2400 2195 synodo
2441 2133 2621 2176 actum
2655 2123 2745 2182 sit,
2789 2114 3216 2185 investigandum
3259 2120 3382 2168 est:
3417 2122 3541 2162 nam

1979 2219 2045 2272 de
2083 2218 2150 2271 iis
2181 2217 2391 2286 penitus
2431 2215 2641 2269 siluisse
2677 2213 2844 2280 ipsam
2875 2209 3020 2262 nulla
3055 2221 3186 2261 usus
3216 2201 3538 2258 circuitione

1980 2310 2252 2365 Halloxius
2278 2308 2545 2373 asseruit,
2584 2315 2637 2360 et
2662 2319 2780 2373 qua:
2804 2311 2952 2366 ante,
2992 2299 3076 2352 vel
3108 2304 3227 2365 post
3251 2292 3540 2349 concilium

1979 2404 2236 2457 adversus
2262 2400 2544 2468 Origenem
2573 2404 2722 2466 gesta
2759 2403 2904 2456 sunt,
2947 2406 3010 2445 ea
3055 2387 3253 2442 multos
3294 2383 3377 2438 vel
3411 2381 3536 2435 odio

1979 2493 2248 2561 Origenis,
2289 2491 2371 2544 vel
2410 2487 2721 2557 imperatori
2763 2482 3065 2540 adulantes,
3099 2477 3181 2531 vel
3230 2473 3544 2529 humanitus

1988 2586 2192 2653 lapsos,
2233 2584 2282 2634 in
2320 2579 2548 2635 concilio
2585 2578 2700 2647 ipso
2735 2586 2885 2645 gesta
2933 2570 3240 2640 scripsisse.
3282 2564 3544 2634 Equidem

1979 2675 2059 2729 sic
2085 2673 2213 2727 olim
2252 2671 2591 2726 existimasse
2626 2680 2712 2721 me
2748 2664 2943 2726 fateor,
2979 2661 3121 2729 quod
3151 2655 3347 2726 jactari
3386 2653 3546 2722 vulgo

1978 2777 2030 2821 et
2060 2764 2204 2819 credi
2239 2763 2398 2826 solet,
2427 2761 2591 2830 hujus
2628 2756 2947 2812 auctoritate
2978 2751 3192 2807 concilii
3227 2749 3544 2802 damnatum

1978 2858 2146 2913 fuisse
2187 2855 2496 2925 Origencm,
2538 2850 2894 2921 Origenisque
2940 2843 3267 2904 doctrinam,
3309 2838 3361 2892 id
3394 2835 3545 2891 Grae-

1978 2964 2162 3006 corum
2195 2947 2384 3001 fraude
2417 2945 2580 2999 fuisse
2610 2942 2919 3005 confictum,
2950 2946 3005 2992 et
3037 2937 3090 2989 in
3121 2930 3334 3001 Evagrii
3372 2929 3546 2984 histo-

1978 3042 2113 3096 riam
2153 3039 2385 3094 fortasse
2413 3033 2796 3091 inscrtum..Ad
2832 3032 2884 3085 id
2918 3026 3244 3083 credendum
3272 3021 3354 3075 his
3379 3019 3547 3088 potis-

1979 3137 2174 3191 simum
2199 3132 2497 3188 rationibus
2525 3126 2876 3198 permovebar
2911 3139 2924 3174 :
2955 3119 3157 3175 nullam
3184 3117 3238 3170 in
3264 3113 3400 3169 actis
3424 3124 3546 3164 con-

1984 3229 2096 3284 cilii
2141 3226 2392 3296 Origenis
2438 3233 2654 3278 exstare
2695 3217 3122 3278 damnationem,
3166 3210 3366 3266 nullam
3405 3206 3547 3275 apud

1986 3319 2259 3375 Victorem
2289 3315 2698 3376 Tununensem,
2724 3310 2808 3364 vel
2837 3306 3174 3369 Facundum,
3198 3303 3391 3357 horum
3421 3307 3530 3352 tem

1983 3425 2174 3481 porum
2209 3408 2466 3477 aequales,
2499 3412 2553 3458 et
2586 3417 2767 3456 rerum
2807 3407 3082 3471 gestarum
3117 3404 3302 3450 testes.
3349 3389 3547 3446 Verum

1984 3518 2044 3557 re
2075 3499 2381 3556 accuratius
2413 3496 2900 3567 pensitata,actam
2942 3490 2994 3543 in
3029 3487 3236 3558 synodo
3274 3481 3546 3552 Origenis,

1984 3592 2526 3664 Origenistarumque
2557 3601 2799 3650 causam,
2833 3584 3114 3652 ipsumque
3150 3593 3270 3633 cum
3302 3572 3546 3638 asseclis,

1982 3697 2037 3744 et
2073 3685 2343 3756 dogmatis
2371 3682 2707 3742 damnatum,
2747 3685 2802 3732 et
2835 3669 3199 3728 anathematis
3235 3666 3547 3724 confossum

1983 3779 2149 3835 fuisse
2201 3790 2307 3830 non
2356 3783 2650 3842 persuasus
2696 3783 2812 3822 sum
2853 3765 3037 3829 modo,
3089 3763 3182 3818 sed
3242 3761 3548 3830 quicunque

1981 3871 2143 3927 etiam
2183 3866 2340 3922 aliter
2378 3863 2633 3925 senserit,
2663 3860 2743 3914 vel
2776 3873 2964 3928 parum
3003 3863 3289 3918 attentum,
3328 3850 3413 3907 vel
3442 3864 3550 3904 non

1983 3961 2116 4017 satis
2148 3958 2437 4029 pudentem
2461 3969 2582 4008 esse
2611 3960 2884 4021 oportere.
2917 3949 3124 4003 Causas
3160 3961 3257 4000 cur
3286 3945 3340 3998 id
3370 3940 3550 3997 credi-

1983 4052 2150 4110 derim
2193 4051 2293 4104 has
2339 4046 2522 4102 habui.
2567 4045 2807 4104 Pri-mum
2839 4041 3004 4097 totius
3048 4039 3125 4094 rei
3157 4050 3446 4100 summam,
3497 4042 3552 4087 et

1981 4146 2145 4199 verba
2184 4144 2303 4212 ipsa
2341 4138 2703 4195 anathematis
2748 4137 2814 4190 ab
2851 4134 3080 4203 Evagrio
3124 4131 3291 4187 relata
3319 4143 3441 4184 esse
3468 4127 3549 4182 vi-

1982 4236 2104 4301 deo,
2134 4248 2293 4303 quem
2329 4241 2498 4285 totum
2527 4227 2895 4284 Graeculorum
2927 4239 3120 4293 agnten
3151 4224 3417 4292 sequitur,
3453 4237 3548 4274 au-

1983 4338 2099 4382 ctor
2168 4324 2418 4380 (Πιτθηὰὶ
2497 4320 2862 4382 Alexandrini,
2919 4316 3184 4385 Georgius
3240 4313 3547 4384 Syncellus,

1984 4420 2365 4489 Theophanes,
2412 4413 2640 4468 Photius
2689 4414 2741 4467 in
2784 4411 2963 4467 libello
3007 4410 3087 4464 De
3125 4407 3363 4477 synodis,
3398 4404 3550 4458 Nilus

318 4523 438 4576 dori
468 4519 818 4575 Ctesariensis
847 4517 1210 4573 simultatibus
1241 4524 1290 4570 et
1321 4517 1461 4570 odiis
1492 4518 1590 4570 hos
1626 4527 1802 4571 motus
1828 4525 1883 4571 et
1915 4525 1957 4580 ι)
1985 4511 2249 4572 Rhodius,
2295 4516 2350 4562 et
2390 4505 2642 4575 anonymi
2683 4505 2792 4558 duo
2825 4502 2915 4571 qui
2961 4501 3028 4554 de
3068 4498 3289 4571 synodis
3338 4512 3552 4565 quoque

319 4615 504 4670 turbas
531 4614 583 4668 in
606 4611 841 4666 Ecclesia
864 4610 1138 4664 exstitisse
1161 4625 1173 4661 :
1208 4626 1224 4659 ‹
1253 4606 1382 4662 illud
1409 4607 1614 4676 liquere
1635 4607 1885 4662 omnibus

319 4707 503 4767 credo,
538 4722 557 4756 ι
597 4703 776 4772 inquit
819 4701 1103 4756 Liberatus
1148 4699 1391 4754 Breviar.
1419 4700 1550 4768 :cap.
1600 4699 1691 4766 21,
1730 4717 1748 4751 t
1789 4715 1884 4770 per

317 4794 588 4864 Pelagium
620 4795 907 4848 diaconum
961 4802 1028 4859 Aet
1075 4790 1416 4848 Theodorum
1451 4790 1709 4846 Caesarea:
1740 4791 1884 4861 Cap-

321 4885 557 4952 padociae
603 4885 910 4952 episcopum
967 4883 1070 4937 hoc
1110 4882 1424 4936 scandalum
1481 4883 1532 4936 in
1585 4883 1880 4937 Ecclesium

321 4974 487 5030 fuisse
518 4977 835 5044 ingressum.
865 4973 1014 5041 Quod
1053 4975 1215 5028 etiam
1246 4973 1459 5042 publice
1488 4975 1603 5044 ipse
1630 4974 1879 5029 Theodo-

323 5080 416 5120 rus
445 5064 758 5128 clamitavit,
808 5079 868 5118 se
906 5073 959 5118 et
1003 5063 1277 5135 Pelagium
1307 5065 1458 5119 vivos
1489 5065 1878 5134 incendendos,

319 5171 416 5225 per
444 5170 576 5224 quos
609 5154 1043 5225 hoc:scandalum
1073 5157 1314 5212 introivit
1339 5156 1393 5211 in
1425 5157 1702 5211 mundum.
1730 5175 1748 5208 ο
1775 5157 1883 5211 Do-

319 5247 573 5301 mitianus
601 5248 713 5314 ipse
744 5247 1062 5318 Ancyranus
1089 5247 1389 5318 Origenicae
1421 5249 1684 5304 doctrinae
1704 5263 1881 5304 asser-

320 5346 427 5403 tor,
457 5338 507 5391 in
549 5337 773 5405 epistola
801 5338 1032 5405 quadam
1062 5339 1128 5392 ad
1155 5339 1406 5407 Vigilium
1439 5355 1654 5408 papam,
1692 5339 1880 5408 Orige-

317 5429 579 5482 nistarum
617 5444 777 5497 opera
821 5429 1022 5482 factum
1055 5431 1321 5499 agnoscit,
1359 5439 1417 5484 ut
1442 5432 1544 5485 tria
1585 5431 1815 5498 capitula
1847 5445 1878 5483 a

315 5518 622 5575 Justiniano
662 5523 1050 5575 damnarentur
1085 5540 1098 5576 :
1132 5523 1284 5576 testis
1315 5521 1600 5577 Facundos
1631 5522 1879 5576 Hermia—

317 5613 502 5667 nensis
548 5613 830 5682 episcopus
859 5615 980 5669 libr.
1019 5630 1036 5668 ι
1065 5615 1133 5667 ad
1161 5614 1386 5681 Malim,
1415 5631 1535 5685 cap.
1577 5615 1631 5681 2,
1667 5633 1688 5666 ‹
1720 5613 1879 5669 luve-

315 5705 414 5771 nit,
488 5705 695 5774 inquit,
746 5706 1104 5761 desideratam
1157 5708 1497 5761 occasionem
1565 5706 1881 5774 (haeretico-

322 5811 438 5854 rum
483 5797 742 5864 spiritus)
773 5814 840 5855 ex
887 5798 1070 5855 furore
1099 5798 1480 5864 quorumdam,
1513 5800 1603 5865 qui
1653 5799 1750 5854 sub
1787 5814 1881 5852 no-

1987 4607 2342 4672 scripserunt,
2381 4612 2622 4668 quosque
2658 4597 2710 4649 in
2753 4593 3000 4648 canonici
3041 4591 3180 4660 juris
3219 4589 3427 4659 antiqui
3462 4588 3551 4642 Bi-

1985 4692 2306 4749 blimbccam
2340 4685 2570 4743 contulit
2610 4684 2873 4739 Henricus
2902 4680 3158 4736 .lustellus
3197 4680 3280 4734 vir
3310 4679 3549 4733 clarissi-

1985 4803 2138 4850 mus;
2167 4783 2430 4848 Zonaras,
2463 4779 2678 4850 Glycas,
2711 4775 2944 4830 maxime
2974 4787 3102 4827 vero
3127 4770 3423 4835 Cedrenus,
3458 4767 3551 4837 qui

1985 4891 2039 4933 et
2076 4874 2363 4930 Iustiniani
2395 4870 2676 4940 epistolam
2705 4868 2771 4922 ad
2800 4865 3067 4938 synodum
3099 4867 3470 4932 repraesentat,
3496 4859 3548 4912 in

1987 4983 2092 5038 qua
2131 4965 2336 5034 ﬂagitat
2375 4978 2405 5014 a
2438 4960 2708 5024 Patribus,
2747 4966 2806 5010 ut
2849 4950 3549 5026 Origenem,.0rigenisque

1987 5057 2230 5130 gregales
2273 5055 2558 5118 damnent;
2608 5059 2664 5106 et
2701 5049 3052 5119 Nicephorus,
3091 5045 3180 5114 qui
3231 5043 3548 5097 anathema-

1987 5156 2178 5208 tismos
2207 5152 2260 5205 in
2293 5150 2578 5218 Origenem
2614 5161 2643 5199 a
2668 5148 2873 5216 synodo
2902 5143 3139 5196 vibratos
3161 5137 3433 5203 αὐτολεξεὶ
3466 5151 3548 5190 re-

1986 5247 2136 5302 citat.
2169 5241 2406 5313 Cyrillus
2435 5248 2692 5310 praeterea
2721 5236 3021 5291 monachus
3067 5245 3207 5300 saepe
3231 5231 3341 5299 jam
3378 5245 3408 5281 a
3451 5243 3547 5280 no—

1985 5339 2068 5393 bis
2103 5336 2318 5398 citatus,
2349 5333 2438 5402 qui
2465 5329 2750 5385 Justiniani
2789 5341 2903 5382 aevo
2942 5323 3145 5388 ﬂoruit,
3177 5332 3230 5376 et
3258 5336 3343 5376 res
3377 5321 3428 5372 iu
3455 5334 3545 5389 sy-

1985 5427 2126 5483 nodo
2155 5433 2343 5495 ;geslas
2393 5424 2638 5492 ignorare
2671 5435 2772 5473 non
2815 5417 3006 5487 potuit,
3053 5415 3337 5483 (lrigenetn
3381 5413 3433 5464 in
3482 5425 3545 5464 ea

1984 5522 2293 5576 damnatum
2345 5516 2510 5569 fuisse
2549 5514 2749 5568 diserte
2809 5511 2964 5566 docet
2993 5509 3044 5562 in
3097 5507 3213 5562 Vita
3254 5504 3544 5573 Eutltymit',

1983 5627 2102 5680 cap.
2138 5609 2258 5664 105.
2303 5626 2321 5660 ι
2369 5607 2497 5662 Cum
2527 5603 2862 5674 prmcedente
2906 5611 3084 5655 autem
3150 5607 3410 5664 tempore,
3461 5593 3546 5647 in-

1982 5704 2118 5774 quit,
2192 5711 2378 5772 postea
2437 5703 2758 5769 congregata
2830 5694 3019 5748 fuisset
3081 5687 3552 5758 Constantinopoli.

1981 5797 2166 5860 quinta
2203 5806 2383 5851 sancta
2417 5793 2672 5857 synodus,
2708 5796 2762 5842 et
2789 5787 3040 5851 Origenis
3084 5802 3146 5840 ac
3183 5782 3415 5850 Nestorii
3449 5781 3543 5835 dov-
