4068 6312
528 308 684 391 ἰιῖι

1785 336 1835 394 Ρ.
1880 333 2194 390 DANlELlS
2231 333 2464 390 HUETII

3669 334 3809 389 H72

551 464 731 520 gmata
769 455 996 513 fuissent
1041 457 1107 513 ab
1140 472 1201 512 ea
1231 472 1486 528 percussa
1527 461 1894 527 anathemate,
1938 469 1992 513 et
2020 457 2108 528 qui
2139 461 2189 520 Α
2215 457 2530 512 certationis
2549 457 2831 512 artiﬁcem.
2856 456 3008 524 Quod
3041 465 3099 510 ut
3127 459 3191 509 de
3234 455 3324 508 illo
3367 452 3588 522 opinari
3619 467 3808 521 prom-

554 543 756 602 Novam
794 547 1021 604 Lauram
1072 557 1356 605 tenuerant
1392 549 1710 621 Origenista:
1749 552 1895 606 illinc
1935 559 2115 605 essent

553 639 792 709 expulsi;
841 651 896 696 et
937 642 1121 698 ﬁdeles
1166 655 1220 699 et
1270 645 1555 699 orthodoxi
1599 645 1786 701 Patres
1837 660 2025 698 rursus
2061 645 2114 699 in

553 745 674 785 eam
699 731 1040 802 migrassent,
1064 736 1412 804 permittente
1435 738 1561 792 mihi
1593 737 1892 792 admirabili
1912 737 2117 793 Joanne

555 818 885 887 Silentiario,
917 838 999 888 eo,
1033 824 1271 895 inquam,
1298 827 1388 896 qui
1420 837 1536 882 erat
1561 829 1865 898 episc0pus,
1897 829 2116 883 discedo

554 926 586 964 a
621 911 866 967 coenobio
896 923 950 968 et
984 915 1097 984 ipse
1127 931 1341 987 quoque
1372 933 1564 974 versor
1610 919 1662 974 in
1713 920 1814 974 hac
1851 919 2044 973 Laura.
2077 920 2110 972 ἰ

551 1000 622 1056 Ει
660 1003 851 1058 iterum
873 1006 924 1059 in
961 1005 1080 1061 Vita
1105 1006 1282 1074 Saliae,
1318 1025 1438 1080 cap.
1467 1011 1561 1066 ult.
1591 1027 1604 1063 :
1638 1031 1656 1064 ι
1691 1011 1815 1066 Post
1850 1010 1967 1067 huic
1994 1026 2114 1066 cum

557 1104 741 1147 sancta
789 1104 843 1150 et
884 1101 1218 1154 (ecumeuica
1273 1105 1460 1169 quinta
1511 1105 1744 1174 synodus
1793 1114 2114 1172 congregata

556 1179 746 1238 fuisset
778 1184 1044 1257 Byzantii,
1088 1188 1403 1248 Theodorus
1439 1193 1796 1264 Mopsuestiae,
1836 1206 1889 1248 et
1928 1195 2118 1267 Orige-

553 1287 672 1339 nes,
712 1285 765 1331 et
802 1294 906 1333 una
951 1295 1072 1335 cum
1104 1282 1189 1338 his
1218 1285 1381 1354 impia
1407 1285 1472 1340 de
1500 1287 1924 1356 praaexsistentia
1955 1297 2008 1342 et
2042 1301 2120 1342 re-'

553 1369 892 1425 surrectione
930 1372 1178 1442 dogmata
1206 1375 1442 1445 generali
1477 1376 1692 1432 fuerant
1726 1378 1968 1446 subjecta
1995 1395 2119 1434 ana-

555 1457 800 1526 themati,
827 1472 882 1515 et
907 1462 986 1517 sic
1013 1463 1280 1521 haereticis
1306 1467 1556 1538 deinceps
1584 1472 1727 1525 omni
1760 1472 1934 1526 ablata
1960 1473 2120 1528 liber-

557 1553 670 1602 tate
699 1548 971 1619 loquendi,
1001 1555 1164 1610 divini
1196 1555 1351 1612 Saba:
1390 1557 1604 1628 Laurae,
1640 1571 1694 1617 et
1726 1566 1978 1620 universa
2008 1567 2120 1622 fere

555 1653 679 1694 cum
705 1643 784 1698 eis
816 1642 1123 1716 Palaestina,
1159 1651 1415 1708 vicesimo
1453 1657 1611 1710 tertio
1651 1671 1791 1711 anno
1823 1667 1944 1727 post
1978 1659 2121 1715 illius

555 1743 785 1790 mortem
825 1751 855 1790 a
895 1740 1145 1808 gravibus
1174 1743 1493 1812 haeresibus,
1529 1756 1582 1802 et
1615 1751 1878 1819 temporis
1905 1751 2116 1807 acerbi-

555 1828 670 1877 tate
703 1834 758 1879 et
797 1825 1079 1897 iniquitate
1116 1833 1471 1902 respirarunt.
1508 1855 1528 1888 ι
1575 1836 1630 1891 Id
1677 1837 2037 1908 fragmentum
2089 1856 2121 1897 e

565 1916 688 1974 Vim
728 1921 888 1979 Sabo:
931 1926 984 1981 in
1033 1931 1260 1997 septima
1304 1935 1537 2004 synodo,
1563 1935 1684 1990 Act.
1731 1953 1768 2002 ι,
1813 1939 2119 1994 adducitur.

555 2007 686 2066 Post
718 2028 888 2070 annos
925 2031 1052 2073 vero
1079 2022 1353 2092 octaginta
1379 2039 1537 2094 quam
1561 2028 1800 2096 synodus
1823 2027 1910 2082 illa
1935 2029 2122 2098 quinta

557 2103 828 2160 celebrata
887 2116 988 2174 est,
1050 2112 1117 2166 ad
1174 2112 1421 2186 Sergium
1463 2117 2122 2188 Constantinopolitanum

555 2198 922 2268 patriarcham
962 2203 1208 2260 scribens
1251 2203 1590 2278 Sophronius
1640 2207 2124 2280 Jerosolymitanus

556 2289 784 2346 antistes
811 2291 877 2347 de
907 2307 968 2348 ea
992 2293 1070 2350 sic
1105 2295 1321 2352 disserit
1349 2316 1362 2354 :
1399 2300 1634 2372 Ἀναιρεῐ
1669 2301 1725 2355 δὲ
1754 2304 1848 2355 καὶ
1875 2303 2122 2375 ὲκρίπτει

556 2379 694 2451 πρὸς
715 2382 933 2466 ὅλεθρᾳν
955 2388 1326 2459 πρωτοτύπως
1347 2391 1444 2462 μὲν
1482 2379 1758 2465 Ὠριγένην
1779 2395 1868 2448 τὸν
1890 2395 2119 2468 ἄφρονα,

555 2473 653 2525 καὶ
680 2473 855 2528 πάντα
883 2478 1046 2531 αὐτοῦ
1079 2479 1147 2533 τὰ
1175 2482 1433 2555 ὀνειρώόη
1469 2485 1853 2556 κομψεύματα,
1891 2488 1983 2542 καὶ
2022 2507 2121 2542 πο-

555 2562 796 2631 λυειδοῦς
840 2570 1092 2636 ἀσεϐείας
1133 2573 1312 2647 πλήρη
1357 2578 1782 2648 συγγράμματα,
1838 2578 2120 2653 Ἐυαγρίου

553 2653 613 2710 δὲ
658 2657 755 2711 σὺν
794 2659 943 2730 αὐτῷ
985 2661 1079 2715 καὶ
1123 2663 1356 2735 Διδύμου
1398 2665 1466 2718 τὰ
1502 2666 1766 2737 δόγματα,
1806 2670 1897 2722 καὶ
1944 2670 2123 2726 πάντα

554 2748 734 2804 αὐτῶν
755 2751 824 2804 τὰ
862 2752 1150 2825 Ἑλληνικὰ
1178 2757 1270 2810 καὶ
1297 2757 1597 2830 τερατώδη,
1631 2760 1691 2813 οὐ
1730 2760 1835 2834 μὴν
1863 2763 1998 2818 ἀλλὰ
2027 2766 2120 2818 καὶ

557 2838 777 2912 μυθώδη
825 2841 1135 2916 ληρήματα.
1177 2866 1196 2898 ι
1243 2848 1497 2904 Confudit
1535 2861 1712 2906 autem
1748 2864 1802 2907 et
1842 2855 1893 2908 in
1935 2855 2119 2910 interi-

554 2939 669 2982 tum
703 2932 920 3000 projicit
958 2939 1222 3006 praecipue
1259 2940 1474 3008 quidem
1521 2943 1767 2998 insanum
1811 2944 2117 3014 Origenem,

554 3027 611 3075 et
636 3021 815 3076 omnia
846 3023 964 3091 ejus
993 3028 1159 3085 delira
1192 3032 1533 3096 scitamenta,
1561 3043 1615 3090 et
1646 3035 1987 3092 multiformis
2016 3038 2120 3093 im-

2223 559 2371 620 ptum
2405 560 2486 604 est
2519 559 2738 619 propter
2773 559 3070 620 spectatam
3116 547 3350 603 hominis
3379 545 3698 608 vafritiem,
3733 545 3806 599 ita

2218 642 2283 697 de
2322 643 2584 712 Eutychio
2635 642 2975 697 sanctissimo
3024 650 3079 696 et
3129 640 3513 695 candidissimo
3570 639 3807 692 homine

2217 736 2480 804 suspicari
2507 735 2598 790 vix
2630 735 2872 805 equidem
2903 749 3145 804 possum.
3170 733 3396 789 Concilii
3423 731 3687 802 profecto
3712 731 3812 782 hu-

2211 827 2302 898 jus
2357 843 2478 882 cum
2527 827 2738 891 Graeca,
2783 835 2891 881 tum
2941 826 3135 881 Latina
3192 824 3526 894 exemplaria
3574 820 3809 876 Macarii

2217 917 2539 973 Autiocheni
2563 927 2617 972 et
2635 915 2890 985 Stephani
2910 917 3089 972 studio
3110 917 3276 972 fuisse
3289 917 3471 971 vitiata
3491 913 3812 969 declaravit

2218 1020 2367 1066 sexta
2403 1011 2664 1081 synodus,
2683 1011 2879 1066 action.
2902 1010 2987 1075 M,
3008 1018 3062 1064 et
3078 1009 3385 1064 eorumdem
3406 1023 3634 1078 quoque
3651 1006 3810 1060 adol-

2223 1103 2536 1158 teratiouem
2557 1102 2888 1174 praedicavit,
2911 1104 3108 1156 action.
3130 1101 3329 1166 l9,suh
3352 1101 3538 1154 ﬁnem.
3575 1100 3654 1152 At
3674 1097 3812 1154 Acta

2223 1205 2398 1251 tamen
2429 1195 2639 1251 concilii
2663 1194 2876 1250 etiamsi
2908 1195 3438 1265 integrazsuperesse
3467 1193 3700 1256 demus,
3733 1189 3810 1246 fa-

2220 1287 2438 1342 tendum
2469 1295 2616 1342 certe
2640 1289 2748 1343 erit
2797 1288 2851 1342 in
2891 1287 3178 1342 undecimo
3209 1301 3276 1341 ex
3298 1284 3808 1347 anathematismis,

2219 1377 2310 1446 qui
2337 1376 2391 1430 in
2424 1376 2708 1432 collatione
2753 1376 2788 1433 8
2832 1386 3067 1444 exstant,
3136 1375 3423 1446 Origenem
3471 1376 3624 1430 inter
3677 1374 3810 1428 alios

2221 1470 2502 1525 haereticos
2545 1469 2831 1524 anathema
2875 1483 2998 1525 esse
3041 1468 3260 1524 sanciri.
3295 1469 3366 1523 Et
3413 1468 3471 1522 in
3505 1467 3809 1522 collatione

2221 1561 2402 1616 itidem
2428 1562 2616 1631 quinta
2648 1563 2760 1619 hac
2790 1561 3040 1630 leguntur
3059 1561 3220 1616 verba
3249 1575 3264 1614 :
3300 1579 3319 1612 ι
3349 1559 3418 1614 Et
3450 1559 3656 1614 multos
3684 1557 3802 1626 qui-

2220 1655 2342 1708 dem
2374 1654 2541 1708 etiam
2567 1653 2704 1709 alios
2727 1653 3031 1708 invenimus
3056 1661 3178 1723 post
3204 1662 3434 1707 mortem
3473 1651 3802 1705 anathema-

2225 1745 2416 1801 tizatos
2442 1767 2455 1800 :
2504 1760 2711 1801 necnon
2741 1747 2902 1801 etiam
2935 1745 3253 1817 Origenem;
3299 1752 3354 1799 et
3381 1745 3426 1800 si
3455 1745 3523 1798 ad
3548 1751 3795 1812 tempora

2151 1807 2196 1868 Β
2227 1836 2512 1906 Theophili
2541 1845 2744 1893 sanctae
2771 1807 3065 1904 memoriae:
3092 1837 3178 1893 vel
3206 1807 3451 1907 superius
3489 1807 3691 1905 aliquis
3714 1850 3799 1911 re-

2223 1929 2474 1996 currerit,
2517 1938 2637 1998 post
2680 1938 2908 1984 mortem
2969 1929 3210 1984 inveniet
3249 1927 3794 1983 anathematizatum.

2224 2020 2373 2089 Quod
2407 2021 2596 2075 etiam‘
2620 2037 2764 2076 nunc
2805 2021 2859 2076 in
2891 2020 3009 2090 ipso
3045 2021 3172 2076 fecit
3209 2027 3263 2075 et
3287 2026 3464 2074 vestra
3511 2018 3797 2083 sanctitas,

2223 2122 2276 2167 et
2301 2111 2528 2182 Vigilius
2552 2110 2990 2182 religiosissimus
3017 2123 3154 2180 papa
3179 2107 3500 2178 antiquioris
3526 2107 3737 2162 Romae.
3775 2123 3791 2157 ι

2221 2203 2430 2259 Asserit
2475 2213 2650 2258 tamen
2685 2202 2818 2258 satis
2879 2201 3108 2257 fidenter
3144 2199 3422 2256 Halloxius
3455 2214 3651 2254 nomen
3671 2199 3799 2252 Ori-

2223 2296 2373 2366 genis
2397 2297 2448 2348 in
2481 2294 2638 2348 allata
2684 2309 2715 2350 e
2762 2292 3098 2350 collatioues
3123 2293 3284 2347 verba
3315 2290 3480 2346 fuisse
3502 2291 3793 2353 introsum,

2223 2394 2276 2441 et
2305 2385 2532 2440 aliorum
2559 2384 2935 2440 haereticorum
2979 2380 3288 2439 nominibus
3315 2379 3640 2448 subjectum,
3667 2396 3795 2435 cum

2222 2477 2402 2548 priore
2457 2477 2575 2531 loco
2629 2475 2819 2532 fuisset
2879 2475 3210 2545 ponendum.
3263 2472 3428 2540 Quasi
3463 2488 3573 2528 non
3628 2473 3794 2528 etiam

2223 2569 2505 2624 Theodoro
2547 2567 2925 2638 Mopsuesteuo
2958 2566 3205 2638 Origenis
3233 2580 3426 2622 nomen
3452 2565 3685 2637 Cyrillus
3741 2566 3795 2621 in

2230 2664 2345 2719 loco
2378 2679 2501 2717 mox
2538 2677 2570 2718 e
2613 2661 2738 2716 Vita
2789 2663 2945 2718 Saba:
2974 2663 3287 2731 depromptu
3312 2660 3670 2730 subjunxerit,
3738 2671 3796 2714 ut

2222 2753 2374 2826 plura
2397 2752 2642 2822 exempla
2673 2750 2876 2808 referre
2902 2750 3299 2820 supersedeam,
3333 2750 3388 2802 in
3428 2748 3624 2818 quibus
3649 2748 3793 2803 nullo

2221 2844 2560 2909 discrimine,
2595 2842 2740 2898 nulla
2788 2842 3045 2912 temporis
3090 2841 3275 2896 habita
3321 2841 3533 2895 ratione
3573 2840 3789 2894 nomina

2221 2947 2593 3000 recensentur.
2643 2935 2882 2990 Alterum
2937 2933 3134 2988 itidem
3167 2933 3341 2989 locum
3399 2933 3701 2988 collationis
3754 2933 3787 2988 5

2221 3031 2387 3088 fuisse
2415 3030 2731 3100 confictum,
2778 3037 2834 3083 ut
2865 3027 2999 3082 alias
3025 3027 3285 3096 quasdam
3315 3026 3617 3082 collationis
3649 3027 3789 3098 ejus-

554 3109 771 3223 pie't‘atlis
807 3113 995 3223 plenas
1025 3117 1457 3188 lucubrationes;
1493 3123 1702 3195 Evagrii
1736 3125 1865 3182 item
1908 3143 2030 3182 cum
2055 3144 2120 3185 eo
2149 3161 2193 3223 ο
2224 3124 2343 3179 dem
2375 3131 2580 3193 partes,
2611 3120 2910 3208 arbitratur
2946 3117 3240 3183 Halloxius,
3273 3118 3359 3174 his
3409 3117 3667 3188 impulsus
3694 3133 3787 3170 ar-

554 3209 612 3255 et
637 3201 841 3274 Didymi
871 3205 1141 3277 dogmata,
1166 3224 1459 3282 omnesque
1485 3228 1670 3268 eorum
1696 3215 2039 3274 Graecanicas
2066 3231 2121 3275 et

554 3303 909 3364 monstrosas,
941 3314 1146 3356 necnon
1165 3311 1218 3357 et
1235 3302 1505 3361 fabulosas
1537 3307 1790 3378 ineptias.
1818 3328 1838 3361 ι
1871 3311 2122 3367 Testatur

554 3383 696 3440 idem
723 3390 958 3458 synodus
984 3402 1158 3459 sexta,
1197 3407 1306 3452 act.
1331 3397 1397 3451 17
1428 3407 1482 3453 et
1513 3400 1601 3455 t8.
1631 3400 1884 3456 Testatur
1904 3413 1958 3457 et
1982 3402 2124 3460 Cona

552 3479 824 3535 stantinus
863 3483 1156 3553 imperator
1199 3487 1250 3541 in
1292 3489 1470 3545 edicto
1497 3492 1562 3545 ad
1589 3493 1840 3563 pupulum
1869 3495 2122 3553 occiduas

551 3580 733 3642 partes
759 3575 1078 3632 incolentem
1105 3598 1119 3634 :
1151 3588 1206 3635 et
1237 3579 1434 3651 Leo'll,
1472 3583 1749 3640 Romanus
1775 3587 2037 3658 pontifex,
2068 3589 2121 3644 iu

552 3664 777 3732 epistola
849 3669 930 3723 ad”
973 3668 1392 3727 Constantinum
1435 3687 1554 3742 quae
1609 3676 1934 3747 scriptiones
2006 3680 2125 3736 dote

552 3753 698 3808 inter
735 3755 869 3812 Acta
915 3761 1126 3815 concilii
1158 3761 1400 3831 ejusdem
1425 3765 1563 3820 sexti
1594 3766 1882 3824 habentur.
1935 3770 2124 3826 Testa-

552 3853 645 3899 tur
664 3854 718 3900 et
735 3850 1180 3921 pseudosynodus
1205 3855 1509 3924 quinisexta
1541 3873 1664 3915 can.
1696 3875 1737 3927 ι,
1766 3870 1822 3917 et
1851 3865 2124 3934 synodicae

552 3934 749 3992 littera:
787 3938 1056 3998 Theodori
1082 3943 1520 4018 Jerosolymitani
1552 3966 1677 4021 quas
1717 3953 1958 4009 recitatae
1997 3968 2124 4014 sunt

553 4029 765 4084 actione
791 4031 824 4084 5
881 4036 1069 4103 synodi
1111 4039 1389 4108 septimm;
1431 4052 1486 4096 et
1507 4043 1734 4110 epistola
1769 4044 1976 4102 Tarasii
2010 4049 2124 4118 epi-

553 4122 702 4189 scopi
752 4123 1358 4199 Constantinopolitani,
1412 4133 1691 4203 totiusque
1736 4137 1870 4191 adeo
1926 4140 2118 4210 synodi

553 4214 797 4282 septima:
834 4219 901 4272 ad
930 4216 1340 4277 Constantinum
1385 4234 1438 4279 et
1463 4224 1678 4291 lrenen,
1709 4242 1828 4294 qua:
1859 4238 2037 4283 exstat
2067 4232 2121 4284 in

552 4310 820 4366 actionem
849 4313 882 4366 7
916 4315 1130 4369 concilii
1160 4316 1435 4385 ejusdem;
1480 4327 1534 4373 et
1568 4319 1888 4376 Anastasius
1919 4321 2120 4379 Biblio-

556 4401 827 4459 thecarius
852 4408 918 4460 ad
962 4421 1162 4461 annum
1191 4407 1484 4465 Iustiniani
1524 4411 1838 4466 vicesimum
1883 4424 2118 4469 sextum.

2226 3215 2528 3288 gumentis,
2554 3199 2792 3286 quodin
2824 3212 3096 3284 prioribus
3135 3211 3519 3268 collationibus
3545 3225 3608 3266 ne
3656 3225 3785 3265 ver—-

2227 3311 2352 3365 bum
2382 3309 2596 3379 quidem
2615 3307 2678 3362 de
2702 3305 2934 3377 Origene
2958 3305 3160 3360 factum
3199 3304 3297 3371 sit;
3330 3313 3385 3360 et
3417 3305 3470 3359 in
3503 3305 3789 3360 constituto

2227 3401 2535 3473 probaverit
2559 3397 2785 3466 Vigilius
2822 3397 3087 3453 neminem
3104 3411 3224 3453 esse
3243 3406 3364 3468 post
3390 3408 3620 3451 mortem
3647 3396 3790 3449 dam-

2229 3493 2482 3550 nandum.
2541 3492 2622 3546 Ad
2646 3491 2794 3561 prius
2844 3499 3220 3561 argumentum
3253 3488 3606 3560 respondebit
3630 3489 3792 3542 Baro-

2228 3587 2350 3642 nius
2377 3584 2574 3640 multas
2607 3584 2676 3638 ab
2723 3581 3042 3654 Origenistis
3080 3582 3269 3654 synodi
3301 3581 3459 3651 hujus
3502 3581 3792 3649 particulas

2229 3680 2395 3736 fuisse
2427 3691 2741 3749 suppressas
2772 3694 2785 3730 :
2812 3675 3039 3730 alterum
3073 3690 3204 3732 vero
3239 3673 3337 3728 hac
3365 3672 3687 3742 exceptione
3714 3687 3792 3725 re-

2232 3771 2505 3836 tundetur,
2559 3768 2804 3824 docuisse
2846 3765 3062 3837 quidem
3109 3765 3163 3820 in
3212 3765 3504 3821 Constituto
3535 3762 3788 3832 Vigilium

2229 3863 2424 3919 debere
2446 3861 2710 3917 neminem
2734 3849 2854 3926 post
2873 3858 3078 3914 obitum
3100 3857 3343 3913 damnari
3361 3876 3375 3924 ;
3394 3867 3448 3912 at
3463 3855 3793 3913 contrarium

2229 3958 2284 4012 in
2316 3955 2566 4011 Judicato
2596 3957 2844 4009 eumdem
2871 3953 3149 4008 statuisse.

2298 4047 2414 4104 XV.
2448 4047 2599 4103 Nunc
2641 4046 2892 4116 quoniam
2933 4046 2999 4101 de
3029 4043 3260 4114 Origene
3282 4042 3337 4097 in
3366 4042 3552 4112 quinta
3582 4040 3792 4111 synodo

2229 4151 2407 4197 actum
2435 4139 2599 4195 fuisse
2635 4145 2874 4202 constat,
2900 4137 2976 4191 rei
3001 4144 3163 4206 gesta:
3189 4136 3383 4190 seriem
3411 4147 3789 4201 exsequamur.

2233 4229 2435 4286 Scribit
2464 4228 2728 4297 Evagrius
2760 4225 2996 4295 expulsis
3018 4241 3048 4280 e
3075 4223 3221 4278 Nova
3251 4223 3427 4277 Laura
3451 4222 3788 4293 Origenistis,

2230 4337 2350 4376 cum
2388 4322 2440 4376 id
2469 4319 2608 4388 apud
2638 4320 3023 4386 imperatorem
3056 4315 3255 4370 factum
3275 4316 3601 4385 vituperaret
3621 4313 3790 4367 Theo-

2232 4415 2398 4470 dorus
2431 4412 2677 4475 Ascidas,
2707 4407 3229 4478 Constantinopolim
3267 4407 3459 4461 missos
3488 4405 3654 4460 fuisse
3684 4407 3790 4459 liu-

554 4489 679 4547 l-ltec
706 4495 778 4549 ita
797 4497 1082 4553 manifesta
1101 4510 1246 4567 sunt,
1273 4509 1332 4556 ut
1352 4517 1508 4559 nemo
1526 4513 1712 4559 contra
1736 4505 1820 4561 vel
1843 4509 2120 4579 excipere,
2153 4521 2198 4575 ι)
2229 4505 2363 4572 fum,
2386 4514 2437 4558 et
2463 4503 2737 4559 Cononem
2769 4499 3219 4556 archimandritas
3240 4538 3255 4565 ,
3278 4498 3523 4570 aliosque
3547 4497 3790 4552 Palaesti-

554 4585 636 4638 vel
665 4590 1017 4655 praescribere
1055 4594 1247 4662 possit.

622 4679 775 4746 Quod
805 4684 872 4737 ad
923 4683 1232 4743 Facundum
1286 4698 1465 4746 autem
1521 4691 1794 4747 Victorem
1845 4695 2116 4765 pertinet},

553 4786 740 4840 parum
772 4781 918 4826 certe
966 4777 1145 4833 valere
1193 4780 1354 4836 debet
1391 4783 1649 4854 negativi,
1677 4795 1735 4838 ut
1765 4795 1984 4852 vocant,
2031 4802 2122 4840 ar-

554 4863 791 4927 gumenti
824 4866 1140 4934 auctoritas,
1176 4884 1296 4924 cum
1347 4875 1718 4942 καταφατικὸν
1748 4885 2120 4945 argumentum

554 4952 606 5005 in
638 4957 962 5010 contrariam
1000 4969 1205 5028 partem
1263 4961 1502 5018 aﬂ‘ertur.
1554 4965 1688 5021 Acta
1738 4982 1864 5022 vero
1911 4968 2122 5023 concilii

552 5059 649 5099 cur
679 5047 744 5100 de
773 5047 1004 5119 Origene
1036 5051 1254 5117 sileant,
1292 5056 1424 5110 mihi
1455 5057 1568 5112 veri
1601 5059 1812 5114 videtur
1837 5061 2125 5130 persimilis

554 5145 581 5182 a
605 5130 838 5189 Baronio
859 5136 1023 5192 allata
1052 5139 1207 5205 ratio,
1235 5142 1473 5196 mutilata
1501 5159 1562 5199 ea
1582 5155 1637 5201 et
1661 5157 1908 5203 truncata
1932 5149 2116 5205 fuisse.

553 5223 702 5279 Facti
727 5237 976 5286 auctores
1005 5233 1308 5302 suspicatur
1328 5234 1416 5290 ille
1436 5236 1897 5311 Origenistas,qui
1915 5245 2121 5314 synodo

549 5315 900 5388 praefuerunt,
951 5320 1273 5395 Eutychium
1323 5325 1977 5403 Constantinopolitanum
2025 5351 2120 5406 pa-

551 5405 866 5477 triarcham,
899 5413 1133 5482 quicum
1173 5414 1355 5472 carnis
1385 5421 1832 5477 resurrectionem
1866 5431 1992 5478 tunc
2016 5405 2119 5479 non

552 5497 857 5555 admitteret
908 5501 1089 5574 (quem
1134 5513 1311 5562 tamen
1359 5523 1600 5564 errorem
1648 5522 1831 5579 postea
1874 5513 2120 5585 Gregorii

553 5601 720 5654 papae,
765 5592 871 5647 hoc
901 5601 1138 5665 tempore
1181 5599 1242 5654 S.
1272 5598 1339 5653 Β.
1366 5599 1428 5654 Ε.
1470 5601 1682 5657 diaconi
1706 5614 1758 5658 et
1785 5605 2120 5674 apocrisiarii

553 5689 714 5732 suasu
760 5680 1034 5753 ejuravit),
1069 5689 1262 5746 merito
1310 5693 1362 5744 in
1401 5691 1725 5763 Onigenismi
1756 5697 2117 5766 suspicionem

556 5767 698 5825 venit
725 5787 739 5831 :
765 5770 1106 5836 Theodorum
1137 5794 1348 5852 quoque
1374 5783 1765 5846 Caesariensem
1797 5789 1962 5846 totius
1985 5803 2117 5846 con-

2230 4614 2312 4654 nze
2357 4595 2646 4652 monachos
2693 4594 2892 4648 virtute
2940 4592 3172 4658 nobiles;
3222 4607 3423 4662 eosque
3447 4591 3606 4645 simul
3638 4600 3789 4659 atque

2229 4687 2360 4743 illuc
2393 4685 2552 4740 delati
2573 4693 2722 4749 sunt,
2758 4685 2825 4739 ad
2875 4682 3239 4738 ventilandam
3273 4681 3538 4752 Origenis,
3580 4679 3788 4749 Evagrii

2220 4786 2276 4832 et
2328 4775 2536 4846 Didymi
2573 4789 2791 4829 causam
2837 4775 3132 4829 accessisse
3173 4795 3185 4829 :
3239 4773 3436 4827 Ascida
3469 4781 3686 4836 contra,
3739 4783 3787 4825 ut

2223 4869 2290 4923 de
2324 4867 2607 4923 Theodoro
2636 4867 3036 4937 Mopsuesteno,
3076 4864 3165 4920 lha
3220 4875 3273 4920 et
3299 4863 3639 4918 Theodoreto
3667 4879 3787 4935 age-

2222 4966 2372 5012 retur
2401 4956 2680 5012 laborante
2705 4974 2720 5009 :-
2769 4965 2896 5010 ante
2919 4956 3100 5010 omnia
3131 4956 3415 5024 quaesitum
3445 4969 3585 5020 esse,
3613 4966 3786 5008 utrum

2223 5049 2472 5104 homines
2514 5049 2625 5103 vita
2669 5047 2840 5103 functi
2892 5029 3260 5102 anathematis
3298 5047 3490 5116 subjici
3538 5048 3784 5115 possint;

2225 5144 2570 5215 Eutychium,
2611 5145 2702 5213 qui
2733 5143 3006 5197 Amaseno
3033 5143 3286 5212 episcopo
3329 5151 3454 5196 tunc
3497 5149 3615 5195 erat
3646 5156 3675 5193 a
3713 5155 3784 5194 re-

2223 5236 2458 5306 sponsis,
2503 5236 2854 5305 quazstionem
2892 5233 3120 5290 solvisse
3144 5233 3393 5304 exemplo
3415 5233 3578 5288 Josite
3629 5233 3782 5302 regis,

2223 5341 2254 5380 a
2289 5341 2397 5396 quo
2454 5343 2561 5383 non
2613 5327 2915 5382 daemonum
2958 5325 3132 5382 solum
3187 5325 3500 5380 sacerdotes
3554 5323 3609 5377 in
3658 5325 3781 5377 vivis

2224 5426 2467 5488 agentes,
2495 5417 2785 5482 interfecti,
2829 5416 2926 5470 sed
2956 5425 3290 5471 mortuorum
3319 5413 3488 5470 etiam
3521 5413 3683 5468 loculi
3705 5426 3780 5466 re-

2226 5508 2352 5565 fossi
2384 5518 2540 5565 sunt:
2572 5509 2674 5563 hoc
2693 5508 2893 5564 dictum
2923 5517 3073 5564 tanto
3097 5508 3359 5571 omnium,
3384 5507 3477 5560 sed
3499 5502 3782 5560 Justiniaui

2221 5603 2517 5672 praesertim
2548 5601 2806 5671 applausu
2844 5601 3019 5658 fuisse
3037 5609 3338 5670 exceptum,
3371 5606 3428 5652 ut
3451 5613 3573 5652 eum
3599 5596 3780 5651 deinde

2224 5699 2288 5752 ad
2305 5694 2954 5765 Constantinopolitanam
2980 5694 3159 5750 sedem
3187 5693 3385 5761 impera
3395 5701 3478 5745 tor
3496 5689 3778 5759 extulerit:

2222 5792 2288 5850 de
2322 5790 2605 5850 Theodoro
2638 5787 2891 5858 deinceps
2936 5787 3332 5857 Mopsuesteno,
3359 5783 3530 5854 deque
3569 5779 3791 5852 scriptis.
