4068 6312
351 362 485 418 “7'5

1190 355 1758 417 ORIGENIANORUM
1796 354 1921 411 LIB.
1964 354 2028 420 11,
2065 354 2213 411 CAP.
2255 355 2343 421 IV,
2379 354 2569 411 SECT.
2609 355 2673 413 ll.

3432 360 3567 417 1178

355 476 699 539 Theodoreti,
725 479 915 528 contra
953 472 1231 529 duodecim
1269 474 1498 543 capitula
1523 474 1730 545 Cyrilli,
1776 475 1914 529 etde
1944 477 1988 535 Α
2019 475 2265 529 hortatur
2312 482 2371 528 ut
2423 473 2610 529 deliria
2663 471 2949 542 ejusmodi,
2981 476 3102 543 juna
3150 491 3268 531 cum
3309 477 3575 553 Origene,

354 570 457 627 lbaz
495 570 716 641 epistola
756 565 822 621 ad
875 565 1049 621 Marin
1080 566 1298 620 Persam
1333 566 1499 621 fuisse
1546 567 1907 635 disputatum;

356 664 550 733 quibus
577 659 847 717 damnatis
894 674 1015 713 cum
1067 657 1324 712 adversus
1383 656 1626 727 Origenis
1666 658 1945 727 dogmata.

357 755 635 824 ipsiusque
689 765 964 820 sequaces,
1015 749 1337 803 obtulissent
1374 748 1584 803 libellos
1635 748 1908 817 Eulogius,

356 845 565 909 Conon,
594 845 849 915 Cyriacus
886 851 941 894 et
961 838 1273 897 Pancratius
1302 839 1571 903 monachi,
1593 839 1909 892 sententiam

355 937 543 1006 synodi
569 922 1194 1005 rogasseJustinianum,
1225 929 1444 999 prolatis
1474 944 1689 998 quoque
1712 930 1762 982 in
1795 942 1909 982 me—

355 1027 502 1080 diutn
536 1024 826 1079 lucubratis
859 1037 889 1076 a
947 1020 1139 1089 Vigilio
1176 1021 1242 1077 de
1292 1019 1361 1074 iis
1399 1020 1559 1074 rebus
1601 1018 1816 1083 libellis,
1856 1018 1910 1072 in

354 1116 546 1185 quibus
578 1112 858 1183 Origenem
887 1110 1163 1164 laborasse
1205 1108 1541 1173 ostendebat,
1572 1116 1631 1161 ut
1661 1107 1911 1177 apostoli-

355 1219 435 1260 cae
472 1202 727 1257 doctrinae
775 1201 1142 1257 sinceritatem
1177 1197 1483 1255 Graecorum
1513 1205 1567 1252 et
1589 1197 1911 1254 Manichaeo-

355 1310 475 1350 rum
501 1293 705 1349 deliriis
732 1299 1079 1361 aspergeret;
1112 1289 1251 1358 quod
1279 1288 1333 1343 in
1367 1303 1431 1344 eo
1457 1289 1616 1343 etiam
1644 1289 1757 1359 jam
1788 1299 1911 1344 ante

353 1378 662 1453 culpaverat
704 1378 1034 1433 Justinianus
1084 1377 1137 1432 in
1170 1377 1400 1445 Epistola
1425 1377 1490 1430 ad
1526 1375 1758 1445 Menam,
1783 1393 1909 1447 ope-

236 1527 253 1549 .
353 1488 468 1528 ram
507 1488 628 1526 eum
666 1471 876 1525 dedisse
919 1470 1124 1535 dicens,
1161 1469 1276 1521 Ἵνα
1307 1469 1413 1522 τῶν
1453 1468 1717 1539 Ἑλλήνων
1750 1468 1913 1539 μυθο-

352 1565 557 1634 λογίας,
612 1566 706 1617 acati.
755 1563 851 1635 τὴν
899 1561 1239 1631 Μανιχαῖκὴν
1298 1560 1460 1614 αὐτοῦ
1517 1562 1722 1639 πλάνην
1760 1563 1910 1623 εἰσαξ-

352 1657 519 1729 γάγῖγ
582 1674 600 1707 ‹
664 1654 733 1710 Ut
789 1654 999 1707 fabulas
1051 1649 1383 1718 Graecorum,
1418 1662 1471 1706 et
1521 1652 1910 1709 Manichaicum

350 1765 507 1803 suum
541 1761 778 1801 errorem
809 1745 1172 1800 introduceret
1198 1759 1211 1794 :
1253 1762 1270 1795 ι
1299 1751 1353 1798 et
1383 1743 1434 1798 in
1463 1745 1692 1809 epistola
1719 1744 1787 1800 ad
1815 1760 1908 1815 sy-

2015 568 2238 637 ejusque
2270 569 2610 637 sequacibus,
2665 570 3003 624 anathemate
3048 572 3315 628 obterant.
3358 574 3563 642 Quibus

2014 662 2251 728 acceptis
2282 661 2494 725 litteris,
2532 660 2718 715 Patres
2748 661 2989 716 unanimi
3031 678 3297 720 consensu
3325 669 3564 737 paruisse

2016 748 2229 816 subjicit
2249 750 2460 803 demum
2495 750 2786 805 Cedrenus.

2086 838 2223 894 XVI.
2254 839 2333 895 lta
2362 840 2652 911 proﬂigatis
2681 841 3102 912 Origenistarum
3134 846 3313 914 rebus,
3341 849 3566 917 quicun-

2014 945 2118 1000 que
2146 931 2395 987 factionis
2426 933 2580 1002 hujus
2597 932 2781 989 aﬂines
2810 944 2968 989 erant
3002 951 3032 991 e
3062 937 3216 992 Saba:
3234 939 3424 997 Lauris
3440 949 3567 998 sunt

2016 1019 2196 1088 cjecti,
2228 1021 2281 1075 in
2326 1035 2529 1090 easque
2573 1037 2786 1077 rursum
2830 1025 3111 1082 orthodoxi
3147 1026 3338 1084 Patres
3363 1030 3564 1100 migra-

2013 1120 2157 1166 runt.
2183 1108 2320 1166 Tum
2346 1126 2473 1167 vero
2509 1112 2577 1167 ab
2604 1114 2893 1171 haeresibus
2924 1122 2979 1171 et
3018 1124 3315 1187 temporum
3343 1118 3566 1178 difﬁcul-

2016 1217 2125 1263 tate
2162 1206 2443 1261 Palaastina
2470 1206 2770 1276 reSpiravit,
2801 1222 2922 1264 cum
2962 1210 3219 1269 adversus
3245 1214 3567 1270 (ecumenici

2014 1298 2227 1354 concilii
2277 1297 2649 1351 auctoritatem
2700 1297 2955 1369 deinceps
2999 1301 3194 1356 mutire
3227 1302 3313 1356 vix
3342 1303 3569 1359 auderet

2015 1390 2317 1459 quisquam.
2353 1387 2502 1444 Unde
2539 1387 2591 1442 in
2622 1396 2825 1447 tantam
2858 1390 3005 1445 venit
3031 1391 3191 1448 totius
3214 1391 3449 1448 Orientis
3479 1395 3565 1450 itt-

2016 1478 2211 1531 vitliam
2263 1476 2509 1547 Origenis
2546 1494 2737 1535 nonieu
2782 1494 2846 1535 ac
2901 1480 3167 1547 doctrina,
3200 1492 3259 1541 ut
3302 1484 3569 1555 hodieque

2015 1568 2393 1624 ecclesiasticis
2415 1570 2619 1637 legibus
2655 1572 2790 1638 apud
2825 1570 3041 1631 Graecos
3078 1574 3303 1629 vetitum
3336 1590 3455 1631 esse
3485 1576 3565 1631 fe-

2017 1672 2158 1725 rant,
2192 1662 2401 1730 nequis
2428 1677 2587 1731 opera
2610 1664 3089 1732 ipsiusdescribat;
3117 1667 3207 1737 qui
3241 1682 3394 1723 secus
3414 1668 3566 1736 faxit,

2015 1751 2161 1809 hunc
2175 1762 2326 1808 extra
2356 1752 2605 1809 Ecclesia:
2635 1757 3061 1810 communionem
3086 1771 3206 1811 esse
3229 1758 3425 1826 jubcri.
3456 1759 3567 1814 Ma-

350 1840 548 1895 nedum
571 1838 636 1890 de
680 1836 998 1906 Origenistis
1037 1835 1260 1904 loquens
1288 1857 1304 1891 :
1332 1837 1447 1891 ἰνα
1482 1835 1555 1908 μὴ
1590 1835 1789 1900 τέλεον,
1833 1836 1917 1890 in-
1944 1829 1990 1891 B
2016 1858 2175 1914 gnum
2207 1855 2332 1902 tunc
2364 1855 2478 1899 erat
2512 1846 2561 1899 in
2584 1846 2821 1901 Ecclesia
2850 1847 3151 1905 Cassiodori
3183 1852 3566 1918 notnen,cujus

349 1932 485 1998 quit,
506 1928 593 1982 διὰ
615 1927 710 1997 τῆς
746 1925 1058 1998 Ἑλληνικῆς
1086 1926 1177 1980 καὶ
1209 1927 1553 2005 Μανιχαῖκῆς
1573 1926 1785 1997 ἀπάτης
1817 1927 1913 1980 αὺ-

350 2021 458 2080 τῶν
488 2021 712 2084 πολλοὺς
742 2019 1095 2075 ἀπολέσωσιν.
1130 2039 1149 2073 ‹
1187 2020 1256 2076 Ut
1281 2036 1385 2075 non
1418 2020 1629 2090 penitus
1655 2020 1912 2089 percras-

350 2115 596 2172 canicam
652 2124 706 2171 et
759 2113 1145 2169 Manichaicam
1206 2128 1356 2169 suam
1403 2113 1642 2168 fraudem
1702 2112 1913 2171 multos

351 2208 609 2280 perdant:
636 2226 673 2261 ι»
715 2207 857 2262 unde
891 2205 1181 2277 Origenem
1206 2221 1327 2262 cum
1363 2205 1654 2260 Manichaee
1682 2203 1910 2274 conjun-

349 2301 428 2370 git
462 2298 743 2355 Facundus
775 2298 866 2355 lib.
921 2313 1022 2366 xu,
1067 2313 1187 2368 cap.
1234 2299 1259 2352 1
1295 2317 1307 2353 :
1342 2315 1360 2348 r
1395 2299 1475 2353 Ad
1510 2298 1669 2359 hanc,
1715 2297 1909 2366 inquit,

347 2391 765 2446 obstinationem
810 2388 1081 2457 pertinere
1128 2388 1379 2455 dicimus,
1415 2387 1522 2443 imo
1550 2387 1909 2458 principatum

347 2479 402 2534 in
426 2494 488 2535 ea
515 2488 697 2535 tenere
747 2477 1023 2535 firmamus
1054 2477 1171 2533 illas
1221 2478 1381 2532 etiam
1423 2477 1718 2543 doctrinas,
1777 2491 1909 2547 quas

348 2571 568 2641 quidam
601 2587 707 2626 non
731 2570 886 2640 quasi
916 2570 1092 2624 minus
1121 2567 1464 2639 intelligendo
1497 2567 1809 2637 Scripturas
1835 2568 1911 2622 di-

345 2666 526 2730 vinas,
554 2666 647 2722 sed
676 2665 756 2721 eis
787 2672 972 2734 aperte
1009 2662 1326 2726 resistendo,
1357 2661 1469 2715 sola
1493 2662 1909 2731 prtesumptione

349 2756 577 2826 spiritus
608 2755 985 2822 condiderunt,
1013 2753 1154 2808 sicut
1182 2752 1509 2807 Manichmus
1536 2760 1696 2822 atque
1718 2751 1908 2824 Orige-

348 2862 468 2902 nes.
511 2864 533 2900 ι
567 2846 730 2901 Addit
773 2846 1033 2916 Evagrius
1071 2852 1194 2915 post
1246 2845 1556 2899 damnatum
1598 2846 1785 2916 synodi
1818 2862 1911 2901 vo-

346 2938 761 2998 ciferationibus
805 2937 1115 3010 Origenem,
1150 2938 1422 3007 ipsiusque
1457 2938 1759 3008 partiarios,
1804 2938 1911 3007 pla-

347 3031 529 3087 cuisse
553 3040 612 3086 ut
634 3031 700 3087 de
721 3046 787 3087 eo
810 3032 876 3086 ad
899 3030 1262 3087 Justinianum
1295 3030 1620 3087 referretur:
1663 3041 1773 3086 tum
1797 3048 1911 3087 ver-

343 3122 417 3177 ba
449 3124 563 3193 ipsa
601 3132 970 3193 reprresentat,
1011 3124 1068 3179 in
1111 3124 1307 3193 quibus
1348 3123 1611 3194 Origenes
1653 3135 1906 3195 tanquam
1934 3168 1981 3228 α

342 3216 437 3270 fur
451 3217 852 3270 anathematum
880 3215 1090 3286 laqueis
1122 3216 1461 3284 constrictus,
1484 3224 1539 3271 et
1570 3226 1726 3271 extra
1754 3231 1913 3274 sacra

343 3306 549 3361 ntt‘enia
582 3306 821 3375 deiectus
847 3321 967 3361 esse
986 3306 1217 3373 dicitur;
1254 3317 1417 3375 atque
1438 3307 1521 3363 his
1552 3308 1758 3377 adjecta
1790 3322 1910 3364 esse

339 3397 424 3453 ait
442 3398 692 3451 damnata
719 3394 1141 3467 Origenistarum
1185 3397 1441 3466 capitula,
1478 3399 1618 3453 unde
1645 3397 1801 3454 facile
1830 3398 1910 3453 in-

342 3498 597 3546 notescat
621 3489 674 3543 in
704 3489 899 3558 quibus
923 3489 997 3544 illi
1029 3488 1295 3549 simulch
1330 3491 1672 3549 consentiant
1697 3492 1778 3549 vel
1799 3492 1908 3546 dis—

343 3582 621 3647 sentiant;
651 3581 897 3651 quintum
929 3594 997 3639 ex
1027 3580 1093 3637 iis
1116 3582 1371 3651 capitalis
1404 3583 1681 3638 continere
1716 3584 1906 3653 dogma

342 3690 378 3729 a
418 3673 699 3729 monachis
745 3674 1060 3743 quibusdam
1102 3672 1262 3729 Nova:
1303 3673 1513 3739 Laurae,
1541 3685 1595 3731 et
1625 3676 1910 3733 Theodoro.

342 3766 544 3823 Ascida
575 3779 862 3827 assertum.
907 3767 1048 3835 quod
1077 3766 1295 3823 Christo
1346 3767 1577 3837 aequales
1606 3767 1812 3823 futuros
1850 3768 1904 3822 in

345 3858 694 3914 restitutione
720 3858 1010 3927 apostolos,
1054 3868 1109 3914 et
1137 3870 1402 3928 martyres
1429 3875 1493 3914 ex
1528 3860 1800 3915 miraculis
1838 3862 1905 3916 ab

346 3951 479 4021 ipsis
502 3951 661 4006 editis
688 3950 989 4017 concludit;
1031 3951 1376 4021 nefariasque
1406 3951 1639 4023 Didymi,
1690 3951 1901 4022 Evagrii

344 4053 400 4099 et
421 4043 689 4098 Theodori
716 4045 1011 4103 sententias
1044 4044 1278 4114 reliquas
1302 4043 1581 4114 diligenter
1606 4045 1770 4100 fuisse
1795 4045 1906 4101 col-

346 4135 739 4191 lectas..liabet
772 4136 887 4193 haec
914 4137 1098 4192 eadem
1132 4135 1489 4206 Nicephorus,
1522 4140 1615 4193 sed
1649 4138 1907 4197 nonnulla.

342 4237 604 4299 prmterea
636 4229 702 4283 de
733 4243 831 4283 suo
864 4231 1121 4293 adnectit,
1164 4229 1329 4296 velut,
1356 4229 1551 4300 agitata
1577 4231 1688 4284 haec
1714 4245 1902 4285 secun-

344 4322 411 4375 da
437 4322 676 4376 sessione
701 4320 899 4386 fuisse;
928 4321 1166 4376 adnectit
1189 4330 1245 4376 et
1284 4323 1427 4391 ipsos
1456 4323 1644 4392 synodi
1680 4324 1904 4377 anathe-

342 4413 643 4479 matismos,
681 4426 820 4481 quos
849 4412 917 4467 ad
951 4413 1172 4468 verbum
1226 4413 1533 4469 describere
1566 4428 1625 4467 se
1650 4413 1898 4478 afﬁrmat,

2012 1936 2077 1991 de
2109 1935 2337 2006 Origene
2372 1939 2718 2003 sententiam,
2742 1949 2863 2009 post
2886 1939 3023 1995 latos
3055 1955 3086 1995 a
3117 1939 3566 2013 Constantinopo-

2010 2024 2171 2081 litana
2235 2029 2437 2099 synodo
2494 2029 2547 2083 in
2600 2045 2721 2084 eum
2775 2032 3253 2087 anathematismos
3295 2031 3564 2087 sciscitari

2009 2132 2186 2188 operae
2214 2120 2442 2189 pretium
2493 2130 2593 2174 est.
2640 2120 2692 2174 ln
2724 2121 2858 2175 libro
2897 2123 3077 2192 itaque
3109 2121 3183 2177 De
3235 2123 3565 2178 institutione

2009 2209 2305 2270 divinarum
2337 2208 2731 2278 Scripturarum
2758 2214 2883 2269 talia
2914 2214 2989 2269 de
3009 2229 3075 2270 eo
3111 2215 3335 2281 scribit,
3363 2214 3562 2269 multo-

2009 2316 2128 2357 rum
2165 2304 2334 2371 ipsutn
2362 2303 2579 2359 Patrum
2611 2310 2874 2361 sententia
2916 2308 3227 2362 haeretieum
3270 2306 3558 2370 declarari,

2009 2404 2063 2449 et
2089 2411 2118 2447 a
2152 2392 2341 2463 Vigilio
2363 2409 2498 2464 papa
2528 2396 2701 2451 denuo
2725 2412 2844 2452 esse
2872 2398 3227 2463 damnatum;
3259 2410 3450 2464 nempe
3468 2411 3565 2465 per

2013 2482 2391 2552 Constitutum,
2426 2487 2764 2556 utsuspicari
2797 2487 2940 2554 licet,
2972 2488 3026 2543 in
3048 2504 3166 2543 eam
3202 2503 3314 2542 rem
3355 2488 3561 2556 specia-

2011 2574 2102 2627 tim
2131 2574 2490 2644 publicatum;
2515 2576 2866 2646 Theophilum
2888 2579 3108 2647 triginta
3137 2580 3373 2647 quinque
3396 2578 3564 2646 ipsius

2008 2676 2222 2721 errores
2249 2664 2617 2734 redarguisse;
2661 2680 2857 2734 magno
2885 2666 2935 2720 in
2969 2682 3091 2721 eum
3124 2668 3309 2721 dolo‘re
3330 2667 3569 2736 Epipha-t

2009 2755 2155 2812 nium
2184 2758 2555 2814 succensuisse
2575 2773 2599 2825 ς,
2633 2754 2867 2815 maxime
2909 2759 2963 2813 in
2990 2774 3055 2814 eo
3081 2759 3308 2829 legendo
3334 2761 3566 2828 probanm

2007 2848 2131 2904 dam
2183 2848 2444 2918 regulam,
2494 2864 2614 2919 qua:
2641 2851 2709 2904 ab
2761 2849 3086 2921 Hieronymo
3127 2852 3181 2905 in
3228 2849 3468 2919 Epistola
3496 2854 3564 2907 ad

2010 2936 2434 3010 Tranquillinunt
2464 2940 2735 3011 proposita
2778 2947 2880 2996 est.
2929 2940 3220 2996 Florebant
3247 2942 3390 2996 circa
3424 2942 3565 2995 hanc

2011 3043 2380 3104 tempestatem
2413 3035 2729 3090 Anastasius
2770 3034 2977 3089 Sinaita
3027 3045 3083 3090 et
3111 3033 3349 3090 Joannes
3395 3033 3564 3088 Scho-

2010 3124 2253 3191 lasticus,
2282 3127 2451 3182 cuiex
2481 3124 2633 3181 titulo
2656 3125 2801 3190 libri,
2822 3122 2978 3183 Scala
3005 3124 3265 3194 paradisi,
3291 3124 3559 3192 inscripti,

2010 3217 2230 3274 Climaci
2278 3226 2691 3285 cognomentum
2753 3215 2999 3270 fecerunt
3028 3232 3054 3271 ευ
3089 3217 3281 3272 horutn
3334 3226 3559 3284 uterque

2008 3323 2133 3379 erga
2163 3307 2452 3378 Origenem'
2504 3307 2862 3378 Origenisque
2890 3308 3125 3364 asseclas
3158 3308 3301 3363 male
3332 3306 3562 3364 allectus

2008 3400 2127 3455 fuit.
2165 3399 2287 3462 Fuit
2310 3399 2436 3455 illud
2455 3399 2616 3453 etiam
2649 3399 2714 3454 ad
2756 3398 3183 3468 Origenistarum
3216 3397 3560 3453 minuendam

2007 3491 2456 3547 existimationem
2492 3489 2911 3560 perappositutn,
2958 3490 3101 3559 quod
3141 3490 3194 3543 in
3222 3502 3413 3543 novam
3450 3490 3560 3542 hae-

2007 3583 2168 3638 resim
2220 3583 2366 3649 lapso
2395 3581 2695 3637 Justiniano
2724 3583 2928 3655 assensi
2975 3590 3101 3637 sunt
3129 3598 3144 3637 :
3176 3579 3445 3635 hatreseos
3467 3595 3560 3632 au-

2010 3685 2114 3730 tem
2147 3675 2290 3730 illius
2337 3676 2569 3744 capitale
2618 3677 2721 3731 hoc
2747 3666 2865 3731 erat
2895 3675 3105 3745 dogma,
3137 3686 3334 3743 corpus
3358 3671 3561 3726 Christi

2006 3766 2132 3821 dum
2152 3766 2379 3837 agitaret
2399 3767 2589 3833 vitam,
2614 3766 2774 3821 nullis
2791 3764 3094 3829 affectibus,
3120 3764 3251 3819 nulli
3268 3761 3561 3819 obnoxium

2005 3859 2334 3928 corruptioni
2358 3858 2527 3913 fuisse
2564 3877 2577 3913 :
2607 3858 2748 3929 quod
2779 3872 2901 3919 cum
2928 3857 3134 3914 calculo
3153 3872 3250 3913 suo
3271 3860 3561 3928 probarent

2003 3950 2339 4020 Origenistaa,
2363 3950 2490 4004 nulli
2511 3964 2615 4008 non
2642 3947 2987 4008 manifestum
3018 3949 3138 4017 fuit,
3182 3967 3341 4022 quam
3379 3967 3560 4022 prom-

2003 4051 2153 4113 ptum
2178 4043 2245 4099 iis
2270 4052 2414 4098 esset
2433 4058 2461 4096 a
2483 4042 2707 4112 probata
2739 4043 3561 4102 Ecclesiae-doctrinarecedere.

2002 4133 2132 4190 Post
2164 4135 2373 4205 aliquot
2405 4149 2576 4191 annos
2613 4134 2854 4205 pontifex
2898 4134 3188 4197 Romanus,
3211 4146 3426 4192 creatur
3463 4137 3562 4192 Pe-

2003 4225 2173 4299 lagius
2193 4225 2481 4292 secundus,
2513 4228 2664 4297 cujus
2703 4230 2767 4283 de
2783 4225 3014 4298 Origene
3038 4227 3393 4299 Origcnisque
3412 4243 3562 4285 secta

2002 4316 2308 4386 opinionem
2342 4315 2599 4386 patefacit
2636 4318 2851 4371 nomine
2874 4318 3042 4387 ipsius
3065 4318 3281 4385 scripta.
3306 4333 3335 4370 a
3358 4318 3561 4386 Grego-

2002 4406 2085 4461 rio
2117 4405 2363 4462 Romano
2386 4406 2562 4467 adhuc
2589 4406 2816 4463 diacono
2835 4446 2853 4475 ,
2892 4409 3229 4476 postmodum
3265 4422 3397 4463 vero
3427 4423 3557 4476 pen.

342 4504 541 4575 quique
578 4505 614 4559 ii
651 4504 756 4574 ipsi
800 4513 946 4571 sunt,
997 4520 1132 4573 quos
1164 4503 1405 4574 epistola:
1456 4519 1565 4559 sua:
1594 4504 1661 4558 ad
1692 4503 1900 4559 Menam
1932 4499 1979 4557 D
2006 4496 2169 4564 tifice,
2201 4497 2449 4567 epistola.
2499 4497 2589 4551 Sic
2637 4497 2727 4552 ille
2759 4511 2886 4567 ergo
2937 4497 3110 4554 Eliam
3158 4497 3559 4566 Aquileiensem

341 4599 449 4668 iam
479 4607 602 4653 ante
645 4597 983 4653 Justinianus
1022 4598 1390 4652 subtexuerat.
1423 4595 1621 4651 Horum
1674 4597 1803 4650 fides
1831 4597 1901 4655 sit

343 4705 505 4759 penes
530 4689 911 4759 Nicephorum,
941 4689 1291 4755 levissimum,
1319 4697 1375 4742 ut
1399 4686 1507 4757 jam
1544 4697 1667 4743 ante
1697 4688 1903 4743 monui-

342 4796 487 4846 mus,
511 4789 566 4835 et
598 4780 805 4837 futilem
829 4779 1156 4836 Graeculum.
1189 4779 1462 4834 Cedrenus
1485 4788 1662 4834 autem
1694 4778 1899 4834 litteras

344 4873 559 4928 exhibet
592 4888 709 4941 quae
762 4888 791 4927 a
832 4871 1134 4927 Justiniano
1178 4872 1243 4926 ad
1274 4872 1534 4941 synodum
1562 4879 1749 4927 contra
1777 4869 1898 4925 Ori-

342 4979 529 5033 genem
554 4966 729 5019 missae
751 4972 875 5019 sunt
893 5003 908 5028 ,
932 4980 1156 5032 quarum
1178 4964 1445 5020 sententia
1477 4964 1590 5019 hate
1618 4973 1699 5019 cst
1721 4981 1734 5017 :
1760 4980 1896 5018 com-

340 5060 551 5121 pertutn
582 5054 781 5109 habere
810 5068 871 5109 se
914 5056 1205 5110 monachos
1234 5068 1351 5110 esse
1382 5052 1751 5123 Jerosolymis,
1808 5056 1898 5124 qui

341 5142 681 5212 Pythagorae,
714 5140 951 5199 Platonis
990 5153 1046 5200 et
1096 5144 1338 5213 Origenis
1369 5158 1582 5199 errores
1621 5153 1896 5211 tueantur,

341 5250 445 5302 qua
497 5234 564 5290 de
616 5252 678 5291 re
723 5237 1072 5305 quaerendum
1110 5235 1432 5291 decrevisse.
1482 5235 1615 5290 Tum
1652 5240 1905 5306 dogmata

339 5322 577 5393 ipsorum
617 5325 822 5393 aliquot
872 5335 1150 5389 recenset,
1195 5325 1323 5379 illud
1371 5325 1707 5394 potissimum
1754 5328 1895 5396 quod

340 5412 458 5469 istis
488 5414 718 5469 maxime
740 5415 1072 5484 temporibus
1102 5417 1411 5470 ventilatum
1438 5416 1812 5479 adnotavimus
1832 5419 1903 5472 de

339 5505 639 5565 animarum
664 5504 1026 5578 προϋπάρξει,
1056 5507 1194 5562 inter
1213 5523 1345 5577 quas
1368 5509 1545 5562 anima
1570 5507 1683 5563 sola
1700 5507 1897 5563 Christi

340 5608 495 5649 suum
514 5594 753 5650 ordinem
784 5597 1001 5651 immota
1027 5594 1287 5662 tenuerit;
1308 5597 1447 5666 quod
1471 5612 1535 5650 ex
1562 5596 1878 5666 Pythagora:

343 5694 398 5738 ct
424 5686 641 5752 Plotini,
668 5703 730 5741 ac
762 5690 1027 5759 praecipue
1071 5688 1305 5745 Platonis
1337 5690 1785 5744 somniationibus
1832 5689 1897 5742 ab

319 5774 571 5855 ‘Origcne
597 5780 914 5840 translatum
939 5780 1269 5842 demonstrat
1299 5798 1310 5837 :
1346 5781 1687 5847 quamobrem
1712 5780 1897 5839 Patres

2001 4589 2339 4660 episcopum,
2365 4588 2608 4657 aliosque
2642 4589 3014 4644 schismaticos
3043 4587 3213 4644 lstriat
3247 4589 3561 4660 episcopos,

1999 4689 2054 4735 et
2107 4682 2207 4736 tria
2254 4690 2653 4750 propugnantes
2704 4679 2938 4749 capitula
2982 4681 3315 4751 alloquitur:
3356 4700 3381 4734 ι
3414 4681 3554 4747 Quid

1999 4786 2231 4843 namque
2261 4773 2315 4829 in
2345 4771 2722 4828 hmresiarchis
2758 4770 3004 4841 Origene.
3019 4774 3279 4839 deterius,
3326 4783 3389 4829 et
3427 4775 3559 4843 quid

2001 4864 2053 4918 in
2084 4863 2530 4935 historiographis
2552 4863 2778 4919 inveniri
2803 4863 3036 4920 Eusebio
3065 4865 3436 4921 honorabilius
3463 4880 3561 4935 po-

2003 4954 2146 5010 test?
2176 4954 2242 5009 Et
2263 4955 2382 5026 quis
2409 4965 2653 5012 nostrum
2681 4958 2889 5013 nesciat
2929 4957 2984 5011 in
3015 4957 3168 5012 libris
3190 4957 3305 5011 suis
3337 4958 3559 5027 quantis

2004 5046 2288 5119 Origenem
2335 5047 2596 5103 Eusebius
2652 5047 2936 5117 praeconiis
2982 5047 3224 5101 attollat?
3281 5047 3386 5103 Sed
3432 5048 3557 5117 quia

2004 5148 2187 5193 sancta
2219 5138 2457 5197 Ecclesia
2510 5150 2727 5192 suorum
2761 5137 2996 5192 fidelium
3043 5136 3204 5191 corda
3252 5135 3556 5205 benignius,

2003 5244 2162 5298 quam
2195 5228 2357 5284 verba
2388 5229 2692 5289 districtius
2733 5238 2945 5302 pensat,
2975 5236 3030 5282 et
3066 5227 3186 5297 plus
3209 5228 3260 5285 in
3293 5227 3557 5283 haereticis

2001 5336 2220 5377 sensum
2248 5322 2546 5391 proprium,
2570 5336 2730 5391 quam
2779 5321 2992 5376 testatio
3019 5312 3233 5374 Eusebii
3274 5318 3555 5375 absolvere

2001 5413 2202 5483 potuit;
2231 5427 2335 5467 nec
2350 5428 2563 5467 rursum
2593 5412 2879 5467 Eusebium
2909 5411 3111 5467 laudati
3134 5411 3381 5482 Origenis
3403 5411 3563 5481 culpa

2003 5506 2294 5568 damnavit.
2322 5508 2515 5564 Annon
2546 5513 2602 5560 et
2644 5503 3149 5575 Gregorius~Nyssaa
3177 5504 3323 5560 urbis
3345 5504 3556 5573 episco~

2003 5614 2122 5669 pus,
2161 5614 2285 5655 cum
2340 5599 2623 5655 Canticum
2671 5598 3006 5654 canticorum
3053 5595 3290 5665 exponit,
3348 5593 3559 5661 magnis

2003 5684 2287 5754 Origencm
2315 5686 2560 5742 laudibus
2588 5684 2848 5756 prmfert?
2881 5685 3071 5738 Annon
3121 5694 3175 5738 et
3202 5681 3575 5752 Hieronymus.

2005 5788 2200 5839 nostra:
2221 5779 2475 5841 Ecclesiae
2502 5781 2805 5873 presbyter,
2828 5777 3180 5853 etsiattularis
3202 5775 3413 5843 Hebrzei
3434 5791 3547 5835 ser;
