4068 6312
552 290 710 362 Ῐίίῗδ

1825 287 1886 342 Ρ.
1926 287 2238 344 DANIELIS
2271 289 2502 346 HUETII

3652 291 3762 348 “76

551 371 746 464 :monts
779 382 1046 451 interpres
1081 387 1228 433 tanto
1247 393 1375 449 erga
1405 377 1694 448 Origenem
1721 379 1911 435 favore
1941 381 2123 436 inten-
2153 386 2202 442 Α
2228 379 2513 464 Solimihi
2541 379 2883 464 casuninspl
2913 378 3113 464 ἁρχὸξν
3138 379 3285 432 dicta
3313 379 3586 464 dederunt.

552 475 733 543 'ditur,
763 483 820 529 ut
850 489 984 544 pene
1029 471 1318 542 discipulus
1372 472 1488 542 ejus
1535 487 1654 528 esse
1699 473 1982 528 videatur?
2020 474 2127 529 Sed

569 567 692 635 quia
715 565 831 634 plus
854 577 1012 619 causa
1042 577 1202 632 quam
1224 563 1383 618 verba
1414 564 1684 634 pensanda
1709 573 1860 629 sunt,
1892 580 1992 620 nec
2013 564 2130 620 istis

569 673 665 714 sua
699 655 1000 725 benignitas
1039 653 1241 719 nocuit,
1271 669 1372 710 nec
1395 654 1538 708 illum
1571 671 1599 708 a
1633 665 1785 711 reatu
1811 657 2026 726 proprio
2045 657 2128 712 fa—

568 763 668 803 vor
699 746 885 800 alienae
918 744 1280 800 attestationis
1305 745 1607 814 excusavit.
1642 765 1661 800 ι
1705 746 1865 802 Certe
1900 749 1988 804 hic
2016 749 2131 820 ipse

567 837 882 909 Gregorius,
917 853 1039 893 cum
1073 849 1229 894 antea
1252 838 1590 908 apocrisiarii
1619 854 1843 895 munere
1861 840 2130 897 Constan-

570 931 790 1002 tinopoli
836 930 1174 1002 fungeretur,
1227 933 1510 986 adversum
1563 933 1964 988 sanctissimum
2003 947 2133 1002 praev

566 1021 738 1078 sulem
789 1018 1138 1092 Eutychium,
1173 1018 1422 1092 Origenis
1467 1022 1768 1076 doctrinam
1806 1023 1872 1078 de
1901 1037 2135 1078 resurre-

567 1113 750 1168 ctione
781 1120 1020 1168 tuentem
1052 1113 1230 1168 fuerat
1259 1113 1507 1168 velitatus
1542 1130 1556 1172 :
1593 1114 1846 1168 docuerat
1874 1115 2015 1168 enim
2038 1114 2132 1170 ho-

565 1218 671 1258 nus
706 1202 798 1258 ille
833 1204 944 1270 vir,
970 1208 1439 1275 corpus{nostrum
1461 1203 1516 1258 in
1547 1205 1939 1258 resurrectione
1957 1206 2133 1258 mani-

566 1295 669 1350 bus
687 1296 828 1366 tangi
855 1310 958 1351 non
983 1312 1163 1367 posse,
1185 1297 1466 1366 ventisque
1493 1305 1547 1351 et
1578 1311 1702 1351 aere
1728 1311 1848 1352 esse
1866 1297 2132 1354 subtilius.

569 1386 959 1442 Renascentetn
994 1401 1258 1453 errorem,
1285 1387 1379 1442 sed
1405 1387 1492 1441 vix
1520 1387 1616 1442 ulli
1647 1398 1824 1442 tamen
1854 1387 1939 1443 his
1957 1389 2008 1444 in
2025 1390 2137 1445 oris

569 1478 850 1546 probatum
872 1476 1164 1546 Gregorius
1187 1478 1445 1542 coercuit,
1467 1491 1696 1548 eumque
1723 1479 1959 1534 moriens
1975 1477 2139 1550 Euty-

501 1579 516 1593 '
570 1567 726 1622 chius
765 1568 1057 1630 revocavit,
1090 1581 1212 1621 cum
1261 1565 1457 1621 librum
1488 1567 1654 1638 ipsius
1696 1566 1943 1625 Tiberius
1969 1570 2133 1638 impe~

571 1665 722 1709 rator
749 1653 980 1710 ﬂammis
1009 1655 1228 1724 dignum
1262 1654 1574 1723 judicasset.
1601 1655 1713 1711 Hac
1734 1672 1947 1727 quoque
1975 1659 2138 1714 circi-

2299 450 2400 506 His
2424 468 2504 504 me
2532 451 2762 504 collectis
2783 466 2966 517 aspera
3003 450 3104 502 tela
3128 458 3398 516 premunt.

2297 543 2450 597 Anno
2476 541 2598 606 649,
2628 542 2850 610 primam
2882 539 3144 612 synodum
3165 539 3596 594 Lateranensem
3623 547 3764 614 coegit

2229 631 2486 689 Martinus
2517 630 2755 702 pontifex
2784 630 2851 685 ad
2883 628 3228 684 Constantini
3266 629 3768 700 imperatorisexplo-

2229 725 2460 781 dendum
2515 733 2720 794 typum,
2750 731 2802 775 et
2850 724 3002 778 novis
3034 736 3098 776 ac
3142 719 3398 790 repetitis
3452 722 3765 784 anathematis

2229 816 2581 887 proterendos
2623 812 2890 885 Sergium,
2937 813 3200 885 Pyrrhum
3239 826 3307 866 ac
3355 810 3576 865 Paulum
3613 812 3768 872 Mono-

2230 907 2464 964 thelitas.
2487 904 2748 974 Origenes
2771 906 2822 961 in
2847 920 2909 961 ea
2936 921 3058 962 cum
3088 907 3201 959 suis
3219 901 3547 972 sequacibus
3583 903 3769 976 Didymo

2230 1007 2285 1054 et
2315 999 2543 1069 Evagrio
2569 997 2638 1052 ab
2676 997 2918 1053 Ecclesia
2949 995 3333 1064 proscribitur.
3374 992 3592 1049 Favisse
3639 1010 3772 1052 econ-

2231 1089 2398 1145 trario
2434 1089 2649 1143 videtur
2689 1087 2902 1160 Drigeni
2926 1086 3232 1156 Stephanus
3252 1083 3502 1140 Gobarus
3525 1084 3770 1157 Tritheita,

2234 1185 2292 1233 ut
2326 1193 2392 1233 ex
2420 1178 2593 1234 {hctii
2612 1178 2796 1234 codice
2814 1192 3044 1240 :cxxxtt,
3077 1174 3354 1244 conjicere
3375 1186 3662 1245 promptum
3683 1189 3768 1242 est;

2232 1270 2488 1341 pleraque
2511 1271 2775 1341 siquidem
2799 1270 2966 1340 ipsius
2990 1270 3242 1339 dogmata
3269 1267 3510 1321 maxime
3527 1269 3767 1337 reprobata

2235 1363 2288 1417 in
2338 1372 2623 1431 utramque
2670 1360 2965 1430 disputavit
3027 1369 3276 1428 partem,
3333 1359 3642 1414 sententiam
3681 1362 3772 1429 ipse

2234 1469 2384 1511 suam
2437 1453 2668 1508 fortasse
2722 1455 2825 1509 hac
2861 1463 2979 1507 arte
3031 1449 3352 1515 occultans;
3411 1449 3768 1519 pmcipuosque

2235 1541 2478 1614 Origenis
2528 1541 2842 1606 ilaudatores
2918 1537 3391 1595 commemoravit.
3462 1537 3599 1592 Vixit
3652 1541 3765 1593 circa

2237 1650 2437 1690 annum
2490 1635 2615 1702 720,
2651 1634 2951 1690 Germanus
2983 1630 3299 1704 patriarcha
3330 1628 3765 1702 Constantinopoli-

574 1752 658 1800 ter
689 1754 1008 1814 tempestate
1038 1723 1293 1799 Leontius
1323 1743 1629 1815 Byzantius,
1657 1761 1685 1800 a
1716 1723 1942 1803 Leon—tio
1969 1748 2135 1805 altero

2236 1735 2412 1794 tantis,
2437 1729 2526 1797 qui
2560 1738 2755 1796 praeter
2784 1725 2885 1780 alia
2920 1724 3178 1794 opuscula
3207 1723 3644 1787 ἁνταποδοτικόν,
3678 1727 3766 1782 sive

573 1836 893 1906 Byzantino,
922 1837 1057 1901 sive,
1094 1837 1244 1906 juxta
1271 1835 1426 1902 alios,
1455 1836 1731 1908 Byzaceno
1756 1841 2016 1896 monacho
2043 1856 2136 1897 sua

573 1943 672 1998 pra
704 1938 1120 1983 commemorato
1160 1928 1423 1997 diversus,
1451 1927 1736 2002 Origenem
1766 1933 1981 2002 scriptis
2005 1949 2137 1990 acu-

575 2019 730 2072 leatis
763 2016 1035 2072 laceravit.

647 2149 810 2206 XVII.
841 2151 918 2206 Ex
944 2166 1010 2208 eo
1033 2149 1359 2221 Origenismi
1386 2153 1587 2210 invidia
1613 2154 1826 2224 paulum
1852 2156 2134 2224 obsolevit,

559 2243 688 2300 nec
719 2245 914 2300 multos
942 2259 1172 2314 sequens
1199 2256 1330 2302 aetas
1371 2246 1471 2316 ipsi
1505 2246 1747 2304 infensos
1774 2249 1911 2303 tulit.
1959 2251 2134 2317 Anno,

574 2345 860 2408 postquam
884 2338 1118 2408 synodus
1145 2338 1330 2406 quinta
1349 2338 1620 2393 celebrata
1642 2349 1745 2405 est,
1779 2342 2134 2410 octogesimo,

577 2426 914 2495 Sophronius
969 2426 1453 2497 Jerosolymitanus
1517 2429 1710 2497 praesul
1763 2429 1830 2483 ad
1893 2429 2135 2498 Sergium

577 2519 1234 2588 Coustantinopolitanum
1262 2521 1626 2589 patriarcham
1661 2521 1970 2592 synodicam
2002 2523 2139 2578 scri-

575 2611 713 2668 bens
731 2613 1037 2680 epistolam,
1061 2629 1180 2683 quae
1219 2623 1302 2667 est
1334 2613 1496 2667 veluti
1530 2612 1793 2683 professio
1824 2614 1969 2682 ﬁdei,
1999 2616 2139 2672 inter

579 2704 718 2759 alios
741 2705 1116 2760 haereticorum
1160 2719 1373 2760 errores
1395 2706 1661 2776 praecipua
1693 2718 1976 2763 enumerat
2017 2708 2138 2766 Ori-

578 2796 732 2868 genis
767 2797 1018 2866 dogmata
1065 2795 1188 2851 ﬁdei
1234 2797 1558 2853 Christianae
1607 2800 1898 2866 contraria,
1931 2811 1986 2856 et
2013 2817 2137 2873 gra-

580 2887 816 2942 vissimis
858 2887 1036 2942 verbis
1087 2888 1347 2954 confutat,
1396 2890 1748 2961 eumdemque
1799 2891 1854 2946 itt
1910 2893 2138 2948 concilio

579 2982 768 3051 quinto
795 2981 1103 3036 damnatum
1137 2980 1303 3037 fuisse
1327 2992 1630 3049 asseverat;
1660 2993 1769 3038 tum
1786 2985 1958 3052 ipsum
1983 2985 2128 3039 dein-

580 3074 646 3128 de
694 3088 817 3128 cum
858 3073 1239 3143 perditissimis
1263 3074 1532 3130 haereticis
1577 3076 1824 3131 collocat.
1849 3076 2032 3131 Relata
2059 3087 2143 3132 est
2166 3080 2210 3140 C

579 3167 696 3224 haec
730 3167 952 3236 epistola
991 3167 1132 3222 inter
1193 3168 1328 3222 Acta
1377 3167 1565 3239 synodi
1616 3177 1778 3224 sexta:
1827 3171 2024 3225 action.
2055 3171 2141 3225 ll.

581 3258 789 3315 Deinde
815 3259 1026 3314 actione
1049 3259 1116 3317 17
1154 3269 1209 3314 et
1243 3259 1333 3325 18,
1377 3259 1608 3314 iteratur
1641 3261 1854 3316 concilii
1882 3259 2142 3326 deﬁnitio,

582 3348 639 3404 in
667 3362 774 3418 qua
809 3351 1109 3419 probantur
1141 3360 1195 3406 et
1245 3351 1636 3407 confirmantur
1682 3353 1898 3408 decreta
1946 3355 2149 3423 quinta:

581 3439 800 3510 synodi,
825 3456 944 3510 quas
972 3441 1208 3513 synodus
1246 3441 1355 3496 illic
1386 3442 1585 3498 dicitur
1613 3445 1870 3499 adversus
1902 3443 2147 3502 Theodo-

584 3546 708 3585 rum
737 3531 1193 3602 Mopsuestenum,
1218 3532 1528 3602 Origenem,
1561 3533 1842 3605 Didymum
1899 3545 1954 3592 et
2006 3536 2148 3592 Eva-

583 3621 760 3691 grium
806 3621 974 3679 fuisse
1004 3634 1350 3694 congregata.
1381 3624 1436 3679 In
1466 3627 1655 3680 eadem
1691 3630 1906 3685 actione
1934 3629 2023 3695 l8,
2054 3630 2149 3684 ha.

581 3713 742 3768 betur
767 3713 1000 3770 edictum
1022 3715 1362 3770 Constantini
1384 3716 1748 3787 imperatoris,
1780 3721 1830 3773 in
1854 3736 1958 3791 qua
1977 3722 2152 3777 susci-

581 3818 710 3875 pere
731 3821 790 3860 se
814 3806 1112 3872 denuntiat,
1137 3825 1254 3878 qua:
1282 3811 1466 3878 quinta
1499 3813 1734 3881 synodus
1762 3816 1940 3867 sanxit
1969 3823 2148 3867 contra

583 3896 683 3952 Dei
705 3898 1091 3966 impugnatones
1115 3899 1414 3973 Origenem,
1451 3902 1729 3973 Didymum
1758 3914 1803 3956 et
1843 3904 2144 3974 Evagrium.

586 3989 825 4058 Denique
855 3988 1049 4046 Leonis
1089 3991 1131 4045 ll
1172 4007 1319 4061 papa:
1349 3995 1626 4062 epistolam
1649 3998 1715 4049 ad
1741 3995 2147 4051 Constantinum

586 4081 824 4146 exhibet,
866 4083 918 4136 in
946 4098 1053 4152 qua
1081 4093 1196 4137 rata
1245 4099 1364 4139 esse
1407 4086 1605 4154 jubens
1637 4101 1756 4154 quae
1802 4089 2151 4143 (ncumenica:

587 4171 777 4242 synodi
805 4186 900 4230 sex
926 4181 1243 4242 statuerant,
1262 4176 1401 4229 inter
1430 4175 1564 4228 alios
1600 4173 1899 4241 haereticos,
1929 4191 2061 4244 quos
2087 4193 2150 4231 ea

587 4261 817 4316 concilia
849 4263 1210 4317 anathematis
1257 4263 1635 4329 contuderant,
1663 4262 1946 4331 Origenem
2004 4265 2150 4320 Ada-

588 4354 874 4420 tnantium,
900 4354 1182 4424 Didymum
1217 4363 1272 4410 et
1305 4354 1592 4423 Evagrium
1628 4356 1798 4425 ponit.
1821 4354 1930 4410 Nec
1962 4356 2151 4411 melius

588 4443 806 4500 habitus
837 4444 1198 4514 estOrigenes
1221 4448 1290 4502 ab
1312 4445 1518 4502 Isidoro
1549 4447 1870 4516 Hispalensi,
1898 4448 1988 4516 qui
2021 4447 2146 4503 Ori-

588 4538 697 4611 gin.
743 4537 836 4592 lib.
875 4554 994 4606 vnt,
1045 4554 1163 4610 cap.
1213 4539 1266 4604 5,
1303 4541 1577 4596 haereseon
1627 4541 1767 4596 inter
1808 4541 2153 4599 Christianos

589 4639 900 4683 exortarum
928 4631 1122 4686 seriem
1174 4641 1483 4702 pertexens,
1523 4633 1880 4705 Origenianos
1903 4649 2151 4690 com-me-

587 4729 789 4789 morat,
849 4720 1192 4790 ipsorumque
1235 4725 1552 4795 reprobatas
1599 4727 1880 4796 opiniones
1900 4726 2150 4796 (exponit.

591 4809 782 4866 Refert
817 4825 882 4867 ex
914 4826 980 4867 eo
1012 4811 1352 4882 Epigramma
1387 4815 1529 4870 istud
1550 4813 1723 4871 Guido
1751 4815 2064 4882 Carmelita,
2099 4815 2153 4870 in

595 4919 704 4975 quo
734 4904 962 4975 loquens
990 4904 1260 4959 inducitur
1291 4904 1552 4977 Origenes
1579 4923 1596 4962 :

594 5063 701 5138 Ille
718 5064 962 5138 Origenes
993 5082 1084 5137 ego
1103 5067 1286 5120 doctor
1307 5066 1416 5138 (53)
1441 5069 1733 5124 verissimus
1761 5070 1884 5123 olim

667 5135 768 5207 Qui
799 5135 1036 5203 primum
1056 5138 1180 5205 ﬁdei
1211 5135 1503 5207 grainntata
1533 5139 1644 5207 (54)
1673 5141 1814 5192 clara
1846 5138 1968 5192 dedi
1996 5152 2014 5192 .'

595 5199 775 5278 Celsus
799 5199 956 5258 erant
986 5199 1294 5271 méritisfet
1333 5207 1506 5260 clarus
1535 5199 1747 5263 munere
1785 5210 1976 5278 fandi;

665 5272 978 5343 Pra’reptus-
999 5278 1166 5330 subito
1193 5294 1310 5331 vace
1339 5288 1548 5331 nocente
1576 5280 1680 5330 rui.

594 5341 858 5417 Condere,
878 5348 922 5397 si
945 5348 1130 5412 credis,
1165 5348 1339 5400 studui
1365 5356 1436 5400 tot
1473 5350 1637 5402 millia
1665 5347 1844 5417 libros,

718 5425 800 5466 μοι
829 5413 960 5483 legio
1000 5419 1184 5469 missos
1216 5419 1357 5470 ducit
1385 5419 1438 5469 in
1470 5434 1616 5470 arma
1646 5422 1802 5476 viros.

599 5479 648 5538 Ν
656 5479 771 5558 nilo
787 5479 928 5558 meos
950 5501 1177 5555 unquam
1203 5487 1366 5556 tetigit
1389 5487 1700 5558 blasphemia
1726 5505 1937 5558 sensus,

667 5552 771 5605 Sed
794 5554 936 5624 uigil,
960 5565 1006 5610 et
1033 5552 1264 5624 prudens
1292 5552 1433 5611 iuius
1461 5552 1524 5610 ab
1545 5557 1686 5611 hoste
1706 5561 1804 5626 fui.

669 5661 994 5724 "'“Anast.
1032 5669 1085 5724 in
1115 5669 1253 5726 Hist.
1286 5672 1354 5726 ad
1379 5691 1505 5728 ann.
1543 5673 1665 5730 Chr.
1708 5675 1809 5731 185
1843 5686 1894 5731 et
1923 5675 2049 5732 2H.

669 5755 782 5828 (ενδ)
813 5757 935 5828 ch.
969 5762 1105 5816 forte
1140 5777 1150 5811 :
1179 5761 1274 5816 Ille
1301 5781 1392 5836 ego
1426 5784 1538 5822 sum
1573 5765 1816 5839 Origenes
1843 5770 2040 5823 doctor.

2239 1818 2522 1873 ἀνόθευτον
2551 1817 2786 1888 scripsit.
2812 1817 2956 1872 Libri
2984 1815 3142 1886 hujus
3161 1830 3378 1870 summa
3407 1814 3605 1886 fastigia
3621 1816 3763 1886 legens

2234 1901 2456 1966 Photius
2485 1911 2604 1965 cod.
2639 1924 2897 1975 ccxxxut,
2931 1909 2984 1964 in
3006 1925 3069 1964 eo
3092 1908 3368 1978 prtecipue
3399 1910 3500 1964 hoc
3523 1910 3598 1979 agi
3621 1908 3767 1978 refert,

2248 2010 2309 2057 ut
2347 2000 2592 2072 Gregorii
2639 2000 2860 2072 Nysseni
2899 2002 3098 2072 scripta
3130 2002 3202 2056 ab
3236 2001 3331 2056 illo
3363 1999 3596 2071 Origenis
3622 2015 3766 2056 errore

2237 2089 2493 2146 immunia
2527 2106 2647 2147 esse
2698 2093 3016 2162 probentur,
3049 2107 3154 2161 quo
3192 2094 3469 2147 daemones
3486 2107 3547 2145 ac
3569 2093 3767 2147 homines

2237 2183 2462 2239 infernis
2511 2184 2725 2252 ignibus
2764 2183 3047 2238 damnatos
3089 2182 3385 2237 liberatum
3418 2183 3677 2252 aliquando
3715 2183 3763 2236 iri

2239 2275 2560 2342 afﬁrmatur;
2607 2277 2673 2330 ab
2707 2274 3028 2346 Origenistis
3064 2288 3197 2344 ergo
3226 2273 3474 2344 Gregorii
3503 2274 3654 2330 libros
3675 2290 3768 2343 par-

2237 2369 2331 2422 tim
2372 2367 2571 2436 spuriis
2621 2367 3020 2433 additamentis,
3048 2367 3253 2437 partim
3283 2365 3605 2433 etiammale
3638 2366 3764 2420 inter-

2238 2461 2462 2530 pretatis
2477 2461 2658 2516 verbis
2679 2458 2843 2516 fuisse
2863 2462 3078 2516 vitiatos
3101 2459 3435 2516 Germanum
3454 2459 3763 2528 pertendisse,

2239 2567 2411 2622 coque
2451 2566 2615 2622 opere
2647 2552 2912 2622 insignem
2949 2553 3014 2607 de
3048 2550 3378 2623 Origenistis
3409 2559 3580 2619 aperte
3618 2549 3763 2604 convi-

2237 2646 2341 2701 ctis
2379 2645 2708 2714 triumphum
2741 2646 2938 2716 egisse.
2995 2645 3225 2700 Comvus
3287 2641 3652 2713 propemodum
3683 2641 3763 2694 fuit

2237 2737 2506 2795 Germano
2533 2735 2660 2791 huic
2703 2734 2940 2791 Joannes
2969 2736 3364 2802 Damascenus,
3415 2734 3500 2803 qui
3532 2748 3664 2787 suum
3689 2732 3762 2785 ad-

2236 2845 2425 2886 versus
2446 2828 2774 2899 Origenistas
2798 2829 2978 2882 odium
3000 2827 3331 2883 clarissimis
3360 2824 3658 2880 testimoniis
3688 2823 3759 2876 de.

2238 2919 2489 2987 claravit;
2530 2920 2583 2974 in
2631 2920 2769 2974 libro
2817 2920 3118 2989 przesertim
3165 2917 3248 2973 De
3299 2916 3588 2978 ha'resibus,
3607 2915 3650 2968 in
3681 2928 3760 2983 quo

2241 3005 2532 3060 teterrimis
2546 3005 2814 3061 haereticis
2832 3005 3186 3076 Origenianos
3205 3014 3477 3067 accenset,
3500 3017 3669 3073 eosque
3679 3003 3759 3055 Au-

2244 3097 2513 3167 gustinum
2543 3106 2597 3151 et
2631 3095 2989 3166 Epiphanium
3039 3105 3349 3151 assectatus
3387 3094 3608 3166 duplices
3633 3094 3759 3146 fuisse

2245 3191 2337 3243 ait.
2366 3187 2504 3241 Idem
2547 3187 2600 3242 in
2648 3185 2879 3258 Eclogis,
2908 3202 3027 3256 quae
3077 3187 3466 3254 manuscripts:
3507 3192 3689 3239 exstant
3717 3181 3754 3234 in

2243 3277 2578 3334 Bibliotheca
2595 3276 3002 3334 Claromontana
3023 3278 3318 3334 Societatis
3344 3276 3486 3342 Jesu,
3518 3275 3756 3344 fragmenta

2245 3372 2486 3440 quaedam
2550 3369 2706 3424 allert
2752 3370 3022 3439 Antipatri
3077 3370 3396 3426 Bostrorum
3453 3365 3676 3438 episcopi.
3712 3365 3759 3418 ὲκ

2244 3463 2344 3534 τῆς
2363 3461 2504 3520 κατὰ
2526 3462 2636 3516 τῶν
2659 3461 3014 3534 βλασφημιῶν
3035 3461 3129 3518 τοῦ
3153 3462 3470 3534 δυσωνύμου
3518 3457 3755 3530 Ὠριγένῡυς

2248 3554 2647 3628 πραγματείας.
2683 3553 2785 3621 Qui
2810 3554 3082 3624 quomodo
3116 3555 3286 3610 fuerit
3310 3555 3362 3609 in
3394 3553 3649 3623 Origenem
3667 3546 3757 3601 ani-

2248 3655 2421 3701 matus
2463 3661 2529 3701 ex
2567 3648 2671 3701 hoc
2716 3646 2870 3700 titulo
2893 3646 3226 3717 intelligitur.
3257 3646 3336 3702 De
3368 3646 3518 3713 hujus
3541 3637 3756 3708 Antipatri

2247 3745 2403 3792 aetate
2435 3737 2524 3792 diu
2544 3752 2607 3791 ac
2629 3736 2852 3791 multum
2886 3737 3017 3792 mihi
3061 3739 3313 3808 quaesita,
3349 3738 3400 3792 id
3427 3735 3583 3791 solum
3615 3732 3759 3786 hacte-

2250 3841 2354 3881 nus
2391 3826 2540 3896 potui
2569 3826 2998 3896 deprehendere,
3020 3827 3254 3882 Eusebio
3284 3841 3441 3896 quem
3463 3822 3671 3893 suggillat
3690 3832 3756 3870 re-

2250 3919 2542 3973 centiorem
2575 3920 2742 3973 fuisse
2769 3960 2784 3982 ,
2812 3917 3016 3974 Joanne
3062 3919 3396 3974 Damasceno
3425 3934 3452 3972 a
3493 3931 3584 3986 quo
3610 3909 3753 3965 lauda-

2252 4019 2359 4075 tttr,
2418 4010 2785 4066 vetustiorem.
2851 4008 3189 4080 lncomperta
3239 4024 3453 4082 quoque
3498 4004 3605 4061 mihi
3648 4011 3752 4054 .etas

2251 4097 2475 4155 Joannis
2505 4097 2844 4166 MabrOpodze
2871 4099 3270 4169 metmpolitani
3304 4095 3547 4154 Ecclesia;
3569 4088 3752 4146 Euchai-

2254 4201 2452 4256 larum.
2514 4193 2604 4261 qui
2660 4191 2878 4260 scripsit
2927 4189 3248 4245 solutionem
3301 4191 3354 4244 in
3412 4185 3754 4257 explicationem

2253 4281 2500 4354 Origenis
2527 4284 2580 4337 in
2603 4282 2945 4340 Psalterium.
2977 4281 3313 4340 Recensetur
3339 4281 3560 4336 illeliber
3582 4275 3624 4328 in
3640 4280 3754 4324 cata-

2256 4374 2379 4446 logo
2424 4375 2774 4431 Bibliothccze
2825 4375 3434 4446 ConstantinOpolitanaz
3469 4356 3753 4424 illustrissimi

2257 4467 2514 4537 principis
2537 4468 2894 4536 Marmoretas,
2925 4469 3013 4538 qui
3043 4469 3318 4523 subnexus
3342 4474 3424 4519 est
3448 4456 3754 4528 supplemento

2258 4556 2602 4616 Bibliothecte
2649 4555 3000 4614 Gesnerianae
3049 4557 3270 4612 Antonii
3313 4549 3556 4611 Verderii.
3583 4544 3758 4606 Anony-

2260 4665 2405 4707 mum
2435 4663 2649 4720 quoque
2679 4647 2923 4720 Origenis
2943 4647 3279 4704 Scholiasten
3305 4630 3755 4701 commemoratur.

2263 4743 2442 4798 tonius
2490 4741 2812 4798 Possevinus
2848 4742 2904 4796 in
2961 4742 3234 4811 Apparatu
3268 4754 3443 4802 sacra,
3475 4728 3626 4786 aetatis
3662 4733 3753 4791 P9"

2263 4849 2415 4903 teque
2464 4834 2679 4905 ignota.
2733 4833 2912 4892 Nihilo
2955 4835 3125 4902 magis
3165 4833 3427 4900 conjicere
3465 4822 3753 4905 possunttlllo

2263 4900 2510 4997 tempore
2533 4927 2812 4982 lucubrata
2837 4926 2999 4981 fuerit
3013 4900 3384 4996 ’tlptysvwsibv
3404 4900 3753 5002 ὲρὼτησξς

2261 4994 2470 5085 πισιέόν,
2513 5033 2632 5088 quae
2684 5020 2900 5087 ponitur
2926 5018 2977 5072 in
3024 4994 3289 5071 Allatiano
3329 5012 3574 5066 Vaticana;
3598 4994 3748 5052 Biblio-

2262 5112 2427 5166 theca;
2445 5125 2627 5165 censu.
2651 5109 2756 5163 Par
2768 5109 3086 5165 Damasceni
3109 5105 3432 5162 Venerabilis
3448 5097 3569 5153 Beda
3585 5094 3746 5156 καυωη

2261 5200 2478 5272 Origeni
2505 5216 2564 5256 se
2585 5201 2843 5270 praebuit;
2869 5216 2990 5254 nam
3023 5209 3075 5254 et
3097 5199 3370 5270 praeclaras
3399 5193 3502 5262 ejus
3526 5187 3650 5240 dotes

2263 5261 2386 5346 tulit
2408 5261 2690 5363 pra-copiis
2740 5309 2794 5346 tn
2831 5261 3176 5346 Collectaneis
3216 5300 3268 5346 et
3301 5261 3544 5342 Floribus,
3573 5285 3665 5363 cap-

2262 5359 2567 5438 luminarih.
2632 5381 2868 5446 Eccles.,
2903 5396 3002 5436 nec
3053 5382 3180 5434 vitia
3222 5391 3386 5434 tamen
3437 5359 3735 5447 dissimulavit.

2263 5471 2498 5542 lniQuior
2550 5473 2870 5528 Anastasius
2910 5471 3341 5529 Bibliotheealzius
3377 5459 3483 5496 ³⁹⁹⁸³
3506 5449 3738 5542 ευρρτθῗωῗ

2264 5533 2548 5621 Adamanti
2594 5566 2840 5622 laudibus
2864 5565 2982 5636 ejus
3009 5574 3215 5620 tantum
3237 5571 3434 5619 εποτεε
3455 5556 3607 5604 amare
3633 5533 3734 5588 ultas

2313 5769 2423 5834 (54)
2481 5767 2606 5835 ch.
2637 5768 2671 5823 f.
2703 5768 2964 5835 dogmata.
