4068 6312
270 333 389 386 ΗΠ

1130 334 1701 390 UHIGENIANORUM
1738 335 1863 390 LIB.
1899 336 1964 405 II,
2003 339 2154 401 CAP.
2199 342 2283 408 IV,
2327 343 2517 400 SECT.
2558 345 2622 401 II.

3369 356 3505 412 H78

262 463 361 524 est,
396 454 786 520 Eusebiumqne
811 451 986 518 ipsum
1021 456 1172 511 nimii
1211 473 1332 529 erga
1372 459 1655 528 Origenem
1682 475 1832 516 amo—
1862 466 1908 521 Α
1937 470 2147 531 uatem,
2180 466 2355 533 ipsum
2388 467 2528 520 haud
2559 481 2719 522 secus
2755 483 2818 522 ac
2846 478 3124 538 parentem
3176 470 3499 526 Arianorum

259 545 335 600 ris
368 546 568 600 acriter
591 544 859 614 coarguit.
879 546 1090 602 Saecula
1112 558 1389 618 sequente,
1421 550 1563 618 quod
1581 566 1608 603 a
1628 551 1829 606 Christi

260 647 379 690 ortu
431 654 627 694 nonum
680 648 1020 705 numeratur,
1077 637 1259 693 floruit
1314 640 1518 711 Haymo
1556 641 1832 696 Albersta-

255 729 449 784 seusis.
480 730 696 799 Apertis
721 731 808 785 ille
831 731 1007 785 verbis
1032 731 1316 800 Origenem
1342 732 1569 786 crimine
1600 741 1829 788 conatus

256 831 343 874 est
374 821 673 887 absolvere,
721 837 932 877 errores
962 821 1042 876 vel
1093 822 1191 890 ipsi
1222 824 1290 877 ab
1332 823 1602 878 haereticis
1625 823 1828 880 aﬂictos

265 913 342 965 vel
375 913 442 967 ab
466 915 582 982 ipso
612 930 716 968 non
757 929 820 967 ex
861 914 1149 978 sententia,
1181 914 1274 969 sed
1317 930 1382 968 ex
1415 916 1666 984 opinione
1687 932 1828 986 prae-

261 1004 466 1070 positos
500 1020 833 1060 asseverans.
877 1003 1080 1059 Contra
1105 1019 1235 1059 vero
1267 1005 1489 1060 Photius
1520 1005 1830 1062 Constanti-

261 1097 607 1164 uopolitanus
645 1097 954 1165 patriarcha
979 1099 1148 1168 ipsius
1181 1100 1402 1170 aequalis
1448 1099 1828 1156 Adamantium

250 1188 554 1245 saevissime
591 1189 868 1256 proscidit.

328 1277 513 1333 XVIII.
564 1278 806 1349 Longum
869 1288 1014 1336 esset
1075 1281 1404 1352 singulorum
1449 1284 1732 1353 explorare
1774 1292 1830 1339 et

256 1369 464 1425 referre
490 1373 814 1426 sententiam
838 1411 853 1436 ,
891 1373 980 1442 qui
1013 1373 1188 1428 obiter
1213 1389 1277 1430 ac
1310 1375 1456 1430 aliud
1491 1385 1716 1444 agentes
1764 1375 1832 1434 de

252 1460 492 1530 Origene
521 1461 884 1533 Origcuisque
938 1466 1184 1520 doctrina
1218 1466 1347 1535 quid
1398 1466 1504 1521 sibi
1555 1468 1834 1522 videretur

254 1549 486 1604 strictim
519 1553 825 1610 ediderunt.
845 1554 983 1619 Quid
1007 1555 1151 1610 enim
1185 1555 1477 1625 Georgium
1501 1558 1832 1628 Syncellum,

254 1651 308 1695 et
346 1641 770 1711 Theophanem,
834 1646 961 1713 quid
1013 1645 1303 1717 Georgium
1354 1649 1678 1715 Cedreuum,
1707 1651 1834 1718 quid

254 1732 762 1804 Theophylactum,
825 1736 956 1804 quid
1012 1735 1276 1792 Joannem
1337 1737 1603 1792 Zonaram
1642 1779 1657 1805 ,
1704 1739 1832 1809 quid

1932 552 2346 610 incessentem?
2389 559 2519 627 quid
2569 559 2859 614 Robertum
2894 559 3190 615 Cursonum
3227 562 3453 633 Auglum
3483 607 3505 628 ι

1927 659 2083 713 quem
2111 648 2388 716 scripsisse
2432 648 2624 703 librum
2664 650 2738 704 De
2779 650 3063 705 salvatione
3117 653 3355 722 Origenis
3415 672 3497 709 re-

1927 732 2033 790 fert
2065 735 2271 793 Balzeus
2293 738 2512 793 Centur.
2553 741 2587 794 5
2634 739 2963 806 Scriptorum
2993 741 3330 801 Britanniae?
3375 748 3498 814 quid

1928 827 2269 883 Vincentium
2298 829 2754 897 Belluvaeensem,
2800 832 2892 902 qui
2931 832 3142 898 Specuti
3193 836 3500 892 doctrinatis

1936 917 2030 972 lib.
2057 935 2214 984 xvm,
2245 935 2364 990 cap.
2399 921 2486 988 45,
2524 937 2728 975 summa
2761 924 3012 991 aequitate
3032 926 3098 978 de
3124 924 3352 996 Origene
3385 944 3491 996 pro-

1927 1011 2324 1081 nuntiat?quid
2348 1013 2666 1068 Wernerum
2687 1013 3074 1083 Wcstphalum,
3097 1017 3187 1087 qui
3219 1028 3499 1087 postquam
3551 1008 3571 1027 ⁶

1929 1101 2114 1157 Iaudes
2161 1105 2216 1158 in
2266 1104 2549 1174 Origenem
2585 1106 2902 1173 congessit,
2953 1108 3245 1163 conciliare
3290 1123 3348 1164 se
3394 1125 3500 1166 nor.

1930 1207 2093 1262 posse
2141 1195 2272 1249 dicit
2305 1205 2669 1264 repugnantes
2697 1205 2749 1251 et
2780 1198 3058 1266 oppositas
3091 1200 3154 1254 de
3187 1200 3395 1255 meritis
3439 1216 3490 1254 at

1930 1285 2219 1341 virtutibus
2252 1287 2498 1357 Origenis
2529 1288 2866 1343 sententias?
2902 1290 3038 1356 Quid
3075 1292 3253 1347 varios
3278 1301 3500 1362 praeter~

1931 1389 1992 1430 ea
2031 1374 2303 1432 inferioris
2346 1377 2488 1434 illius
2531 1379 2628 1432 πενί
2682 1378 2960 1435 haereticos
2995 1396 3304 1437 recenseam
3335 1423 3350 1447 ,
3410 1385 3502 1452 qui

1932 1466 2190 1536 pleraque
2221 1469 2390 1536 ipsius
2423 1470 2622 1538 placita
2655 1481 2987 1527 renovarunt
3014 1490 3027 1527 :
3053 1474 3197 1528 velut
3241 1475 3274 1528 ii
3307 1474 3508 1545 quibus

1935 1571 2128 1612 nomen
2161 1558 2262 1610 fuit
2294 1560 2359 1612 de
2391 1558 2586 1615 Barulo
2609 1602 2622 1625 ,
2659 1576 2796 1629 quos
2842 1561 3086 1616 historici
3131 1576 3356 1619 narrant
3386 1566 3504 1618 ani-

1937 1662 2144 1700 marum
2173 1648 2513 1720 προῦπαρξιν
2543 1650 2865 1714 defendisse,
2897 1662 2952 1706 et
2996 1651 3206 1706 beatam
3233 1652 3502 1723 Virginem

1939 1752 2036 1806 pro
2065 1739 2253 1808 angelo
2301 1741 2595 1808 habuisse;
2656 1740 2800 1796 velut
2840 1739 3158 1807 Valdenses,
3197 1746 3287 1812 qui
3320 1761 3502 1800 sacer-

255 1823 582 1881 Michaelem
612 1826 859 1898 Glycam,
886 1829 1014 1897 quid
1046 1828 1406 1898 Nicephorum
1435 1829 1642 1885 Callisti
1677 1847 1830 1886 corn-
1862 1815 1904 1870 Β
1935 1829 2087 1883 dotes
2119 1831 2355 1898 quandiu
2388 1831 2708 1888 criminibus
2737 1842 2790 1888 et
2824 1835 3248 1905 noxisimpliciti
3272 1837 3500 1903 haerent,

255 1935 556 1976 memorem
584 1961 598 1987 ,
646 1938 674 1976 a
717 1924 912 1992 quibus
936 1965 951 1991 ,
982 1934 1040 1978 ut
1091 1940 1120 1978 a
1152 1935 1261 1979 tota
1295 1926 1407 1979 fere
1461 1925 1828 1982 Graeculorum

254 2015 477 2069 natione
505 2017 739 2081 pessime
769 2029 1027 2087 exceptus
1064 2019 1184 2074 est?
1218 2021 1345 2088 quid
1374 2019 1550 2074 Nilum
1580 2021 1627 2052 “
1663 2020 1832 2076 Thes-

256 2106 678 2175 salonicensem,
711 2110 801 2178 qui
838 2110 974 2164 nihil
1015 2111 1092 2165 ait
1121 2109 1370 2180 Origeni,
1391 2111 1829 2167 Christianorum

253 2195 385 2252 licet
422 2199 822 2268 sapientissimo
854 2211 909 2256 et
943 2201 1239 2270 Scriptura;
1285 2201 1614 2270 peritissimo
1641 2242 1656 2267 ,
1706 2217 1831 2270 pro-

257 2287 427 2343 fuisse
459 2291 806 2359 sapientiam,
835 2306 942 2360 quo
978 2293 1157 2346 minus
1185 2309 1214 2347 a
1242 2293 1365 2347 fidei
1395 2294 1704 2362 integritate
1740 2294 1830 2349 de-

253 2381 518 2441 scisceret
546 2383 568 2435 ?
599 2381 794 2438 Suidas
819 2383 1240 2456 le_xicographus
1270 2401 1368 2452 pro
1403 2401 1553 2440 more
1581 2401 1678 2440 suo
1698 2386 1830 2440 alio—

257 2490 376 2528 rum
403 2474 542 2528 dicta
571 2475 864 2545 compilans
887 2476 1084 2545 duplici
1118 2476 1405 2546 Origenem
1445 2478 1666 2532 donavit
1715 2477 1826 2533 elo-

249 2565 360 2636 gio,
393 2581 617 2635 quorum
656 2569 801 2636 prius
836 2581 902 2622 ex
929 2568 1139 2622 Eusebii
1171 2568 1309 2623 libro
1339 2568 1416 2622 De
1465 2569 1646 2636 script.
1697 2567 1824 2622 eccl.

257 2658 369 2714 fere
406 2659 739 2727 decerptum,
770 2659 865 2713 sed
911 2657 1137 2714 confuso
1167 2667 1220 2714 et
1266 2661 1582 2729 perturbato
1611 2660 1825 2724 ordine,

247 2751 449 2820 partim
481 2752 644 2805 etiam
695 2766 760 2804 ex
801 2749 986 2809 Grmca
1033 2751 1477 2820 interpretatione
1505 2752 1673 2822 Elogii
1718 2767 1825 2822 quo

249 2846 425 2912 ipsum
454 2843 673 2897 donavit
703 2844 1082 2914 Hieronymus,
1112 2843 1342 2898 mirifice
1370 2844 1545 2914 ipsum
1578 2845 1820 2913 extollit;

246 2932 480 2989 alterum
510 2949 637 2989 vero
668 2936 1039 3005 depromptum
1066 2934 1342 3001 αὐτολεξεὶ
1363 2952 1427 2991 ex
1453 2937 1693 2993 Cedreno
1715 2939 1826 2993 hae-

256 3040 436 3081 reseos
463 3026 636 3095 ipsum
661 3028 892 3083 crimine
928 3027 1242 3098 compellat.
1279 3030 1822 3086 Animadversionem

257 3133 388 3173 vero
417 3130 654 3174 nostram
690 3120 924 3189 postulat
953 3161 968 3186 ,
1007 3123 1151 3192 quod
1200 3137 1299 3193 pro
1343 3121 1575 3193 Origene
1608 3122 1824 3178 Nicetas

248 3211 475 3280 scripsit
509 3211 740 3283 elogium
770 3231 786 3268 :
819 3231 838 3265 ι
878 3212 990 3268 Hoc
1025 3223 1228 3278 autem,
1271 3215 1446 3284 inquit
1481 3256 1496 3281 ,
1527 3215 1580 3268 in
1610 3230 1826 3270 summa

253 3304 542 3360 dicendum
575 3315 677 3371 est,
731 3304 1023 3376 Origenem
1059 3306 1113 3360 in
1164 3306 1398 3376 physicis
1453 3307 1825 3373 theorematis,

252 3408 551 3464 eorumque
585 3394 858 3460 allegoriis
885 3433 900 3458 ,
944 3409 1152 3449 necnon
1189 3397 1242 3449 in
1301 3404 1412 3452 tota
1444 3398 1635 3452 morali
1663 3397 1828 3452 disci.

253 3486 402 3556 plina
432 3486 712 3540 doctorum
742 3485 991 3540 omnibus
1031 3486 1487 3554 acceptissimum,
1516 3502 1827 3544 accommo-

251 3577 701 3648 datissirnumque
730 3577 922 3648 fuisse,
951 3591 1113 3652 atque
1142 3583 1276 3636 adeo
1311 3594 1432 3636 eum
1458 3621 1476 3647 ,
1523 3582 1612 3651 qui
1650 3581 1826 3636 virtu-

253 3680 363 3726 tem
397 3670 702 3726 actionibus
735 3685 796 3726 se
834 3673 1070 3727 maxime
1100 3675 1342 3728 omnium
1375 3683 1678 3729 exerceret.
1718 3672 1829 3729 Ilu-

253 3762 336 3830 ius
367 3762 514 3816 enim
561 3764 806 3819 exercitii
834 3766 1013 3820 studio
1042 3766 1209 3820 vitam
1243 3781 1415 3837 usque
1452 3766 1587 3822 adeo
1616 3765 1829 3821 excole-

254 3856 368 3924 bat,
391 3865 655 3925 utpcctus
687 3857 824 3926 ejus,
860 3859 1312 3926 quemadmodum
1341 3860 1640 3928 aiunt,pra:
1663 3859 1826 3912 nimia

256 3949 331 4004 rei
371 3947 742 4019 cujuscunque
779 3949 1032 4004 animatae
1055 3951 1390 4006 continentia
1413 3960 1468 4005 et
1497 3951 1828 4006 abstinentia

256 4041 538 4095 exciderit.
573 4041 644 4096 At
694 4041 748 4096 iu
780 4057 908 4096 vera
958 4042 1083 4104 fide,
1121 4043 1294 4111 iisque
1346 4042 1676 4113 disciplinis,
1709 4057 1828 4112 quae

257 4133 519 4199 majorem
553 4133 1090 4202 contemplationem,
1128 4142 1295 4202 atque
1318 4135 1370 4188 in
1399 4134 1587 4204 primis
1618 4135 1828 4189 theolo-

257 4225 430 4295 gicam
464 4226 771 4294 requirunt,
801 4227 1043 4280 omnium
1071 4236 1334 4296 quotquot
1360 4227 1508 4282 illum
1541 4242 1830 4297 praecesse-

258 4325 403 4384 runt,
423 4328 476 4372 et
501 4318 674 4374 secuti
703 4327 847 4383 sunt,
880 4319 1330 4374 absurdissimum
1349 4335 1408 4375 se
1425 4321 1736 4389 praestiterit
1761 4337 1775 4373 :
1804 4340 1823 4373 ι

258 4425 376 4478 quae
404 4423 470 4464 ex
519 4407 820 4478 Epiphanio
847 4410 977 4466 liter.
1011 4424 1135 4464 utv
1155 4448 1172 4473 ,
1205 4425 1327 4479 cap.
1352 4409 1404 4477 5,
1434 4410 1545 4464 fere
1577 4411 1828 4480 decerpta

1931 1919 2136 1974 ordinis
2158 1922 2236 1975 sui
2267 1931 2536 1991 potestate
2568 1924 2644 1977 uti
2697 1941 2804 1980 non
2839 1941 3018 1994 posse,
3051 1935 3106 1982 et
3148 1929 3266 1998 pios
3309 1943 3499 1984 omnes

1934 2013 2247 2068 sacerdotes
2299 2029 2420 2070 esse
2478 2016 2832 2071 asserebant?
2875 2015 3046 2071 Unum
3105 2017 3231 2072 illud
3271 2019 3503 2072 monitos

1931 2103 2166 2159 lectores
2214 2104 2372 2160 velim
2399 2145 2416 2172 ,
2453 2107 2698 2175 asperius
2737 2107 2852 2163 fere
2893 2123 2922 2162 a
2969 2109 3172 2163 Graecis
3215 2107 3502 2178 Origenem

1930 2210 2090 2263 quam
2136 2210 2164 2248 a
2194 2194 2397 2250 Latinis
2433 2196 2708 2263 adhiberi,
2755 2201 2907 2266 cujus
2929 2199 3003 2253 rei
3035 2215 3250 2256 causam
3308 2201 3374 2253 ad
3415 2216 3504 2271 sy-

1932 2289 2130 2342 nodum
2166 2289 2409 2357 quintam
2439 2290 2744 2355 referimus,
2787 2306 2906 2360 quae
2932 2308 3053 2348 cum
3082 2292 3367 2363 Origenem
3398 2310 3502 2348 una

1931 2392 2052 2432 cum
2087 2377 2259 2431 tribus
2311 2378 2564 2448 capitulis
2594 2381 2934 2450 damnasset,
2977 2383 3077 2436 tria
3110 2397 3240 2436 vero
3271 2382 3503 2451 capitula

1930 2468 2231 2536 complures
2255 2468 2560 2527 Occidentis
2597 2473 2836 2543 episcopi
2879 2474 3137 2528 adversus
3190 2473 3376 2544 synodi
3409 2488 3503 2526 au-

1928 2563 2228 2616 ctoritatem
2285 2564 2419 2617 tueri
2453 2564 2835 2630 instituissent,
2879 2567 3002 2620 hinc
3056 2567 3236 2621 tuendi
3291 2582 3505 2635 quoque

1927 2654 2173 2724 Origenis
2217 2655 2457 2725 profecta
2512 2659 2656 2726 apud
2705 2658 2853 2726 ipsos
2889 2658 3098 2712 videtur
3126 2673 3248 2715 esse
3278 2672 3506 2714 consue-
3567 2697 3574 2702 -

1930 2747 2078 2802 tudo.

1995 2839 2139 2896 XIX.
2182 2841 2333 2896 Piam
2387 2842 2636 2896 feminam
2667 2840 3009 2895 Mechtildcm
3032 2840 3300 2896 decimum
3332 2856 3501 2909 quar-

1927 2939 2038 2986 tum
2072 2933 2322 2987 saeculum
2369 2933 2510 2987 tulit.
2544 2930 2713 3002 Hujus
2738 2942 2862 2987 ante
2884 2947 3059 2988 annos
3107 2932 3312 3002 aliquot
3338 2933 3390 2986 in
3414 2935 3498 2987 lu—

1924 3038 2042 3079 cem
2085 3025 2280 3079 emissa
2314 3025 2431 3079 Vita
2470 3034 2553 3080 est
2579 3062 2595 3091 ,
2628 3025 2680 3078 in
2734 3040 2838 3095 qua
2885 3023 3087 3080 editum
3123 3025 3223 3094 ipsi
3250 3024 3504 3081 divinitus

1879 3163 1893 3181 ,
1928 3117 2210 3171 oraculum
2243 3117 2510 3186 quoddam
2540 3127 2722 3171 nostra
2755 3117 3131 3173 observatione
3153 3118 3372 3188 dignum
3412 3135 3501 3174 re-

1929 3205 2121 3259 fertur.
2158 3206 2382 3262 Ctelitus
2412 3208 2610 3278 quippe
2643 3208 2809 3262 Deum
2864 3209 2962 3276 ipsi
3013 3211 3291 3263 nuntiasse
3322 3219 3505 3264 narrat

1935 3295 2074 3352 Vita:
2110 3298 2269 3368 hujus
2303 3299 2557 3368 scriptor,
2602 3300 2860 3369 quidquid
2900 3300 3148 3354 Samsoni
3177 3341 3192 3367 ,
3229 3299 3502 3356 Salomoni

1928 3401 1984 3446 et
2020 3390 2236 3459 Origeni
2261 3381 2622 3447 condonatum
2652 3383 2791 3447 avse
2830 3401 2884 3447 et
2943 3393 3206 3446 indultum
3237 3402 3343 3457 est,
3371 3408 3502 3447 con-

1929 3485 2069 3541 sulto
2096 3486 2342 3540 homines
2371 3485 2598 3553 celasse,
2627 3495 2682 3540 ut
2717 3486 2795 3540 rei
2822 3484 2987 3555 hujus
3013 3487 3350 3555 ignoratione
3379 3503 3503 3554 per-

1928 3580 2198 3637 terrefacti
2242 3581 2578 3648 doctissimi,
2626 3582 3028 3651 prudentissimi
3099 3590 3159 3634 et
3219 3579 3499 3636 fortissimi

1928 3672 2152 3742 quique,
2193 3686 2484 3742 perparum
2513 3673 2580 3727 de
2609 3687 2689 3735 se,
2718 3672 2899 3726 omnia
2929 3686 3058 3726 vero
3086 3672 3152 3727 de
3182 3671 3291 3726 Deo
3319 3684 3504 3740 spera-

1930 3779 1988 3818 re
2013 3764 2242 3818 discant.
2269 3763 2661 3821 Celebrabatur
2683 3764 2785 3819 hoc
2818 3765 2933 3835 ipso
2979 3773 3218 3833 tempore
3268 3763 3502 3818 Bernar-

1928 3858 2028 3912 dus
2056 3855 2250 3925 Guido,
2284 3873 2312 3910 a
2349 3872 2456 3927 quo
2494 3867 2850 3913 recensentur
2900 3857 3211 3927 Origeniani
3263 3871 3498 3922 errores,

1927 3949 2056 4003 etin
2106 3950 2314 4020 synodo
2342 3951 2528 4019 quinta
2561 3966 2668 4004 una
2695 3965 2817 4005 cum
2855 3961 3074 4005 auctore
3113 3949 3351 4004 damnati
3382 3964 3502 4004 esse

1930 4047 2320 4094 memorantur.
2376 4039 2656 4095 Posterior
2726 4040 2816 4094 illo
2867 4041 3248 4095 Bartolomaeus
3298 4041 3502 4095 Platina

1928 4132 2184 4202 praeclare
2209 4133 2319 4203 egit
2348 4147 2471 4187 cum
2497 4131 2747 4202 Origene,
2787 4142 2841 4187 et
2867 4134 3076 4202 magnis
3110 4147 3230 4187 eum
3257 4131 3500 4185 laudibus

1927 4226 2233 4279 exornavit.
2263 4225 2497 4279 Maxima
2523 4240 2651 4280 vero
2677 4224 2778 4279 fuit
2805 4225 3053 4296 sequenti
3081 4234 3241 4278 zetate
3279 4222 3501 4278 Joannis

1929 4315 2041 4370 Pici
2104 4315 2463 4371 Mirandulani
2492 4317 2740 4380 comitis,
2778 4316 2832 4371 in
2880 4331 2938 4370 re
2991 4314 3254 4368 Iitteraria
3284 4315 3401 4368 laus
3448 4322 3502 4367 et

1929 4407 2235 4474 celebritas,
2267 4419 2326 4462 ut
2357 4423 2533 4479 neque
2581 4409 2904 4466 nobiliorem
2933 4449 2950 4475 ,
3001 4421 3175 4474 neque
3207 4406 3500 4459 doctiorem

258 4511 400 4556 sunt.
461 4501 693 4556 Rursum
738 4516 868 4556 vero
922 4502 1049 4571 quid
1091 4501 1376 4557 Sidonium
1423 4503 1786 4573 Apollinarem
1811 4543 1827 4567 ,
1857 4505 1902 4560 Β
1933 4510 2216 4570 patronum
2260 4498 2361 4554 sibi
2386 4500 2644 4568 Origenes
2672 4508 2860 4568 optare
2882 4496 3137 4568 potuerit.
3178 4495 3323 4548 Inter
3370 4511 3501 4549 nori-

259 4593 384 4661 quid
416 4591 634 4659 Bedam,
667 4594 796 4663 quid
829 4593 1191 4662 Freculphum
1239 4593 1626 4652 Lexoviensem
1649 4635 1664 4659 ,
1694 4596 1823 4662 quid

259 4685 624 4754 Reginonem,
680 4686 808 4756 quid
843 4684 1212 4741 Ilermannum
1257 4685 1651 4751 Contractum,
1696 4687 1825 4756 quid

260 4777 551 4832 Marianum
589 4779 808 4833 Scotum
831 4820 848 4846 ,
883 4779 1010 4848 quid
1044 4776 1341 4833 Honorium
1364 4778 1824 4850 Augustoduuen-

253 4881 392 4933 sem,
423 4869 552 4937 quid
584 4868 910 4923 Gulielmum
936 4868 1298 4924 Parisiensem
1337 4869 1624 4940 appellem,
1647 4869 1738 4938 qui
1769 4870 1823 4924 in

259 4973 377 5013 eum
412 4975 530 5015 sese
584 4961 854 5030 aequiores
905 4962 1253 5031 prtebuerunt
1289 4961 1312 5015 ?
1355 4961 1483 5030 quid
1535 4959 1821 5015 Martinum

256 5049 514 5104 Polonum
548 5054 636 5120 qui
690 5054 900 5120 magnis
946 5068 1068 5107 eum
1113 5054 1308 5108 extulit
1359 5053 1650 5107 laudibus?
1699 5053 1825 5121 quid

256 5142 598 5197 Anastasium
656 5143 1136 5199 Bibliothecarium
1193 5146 1284 5214 qui
1334 5146 1386 5199 iu
1424 5145 1696 5199 contraria
1728 5144 1828 5198 fuit

256 5235 543 5299 sententia,
573 5245 626 5288 et
659 5235 978 5303 asperrimis
1003 5235 1178 5303 ipsum
1210 5236 1471 5290 conviciis
1494 5234 1771 5304 perfricuit
1801 5235 1824 5289 ?

256 5329 380 5396 quid
413 5327 746 5381 Bernardum
774 5367 789 5394 ,
821 5329 910 5397 qui
951 5329 1004 5382 in
1036 5343 1283 5383 sermone
1318 5329 1382 5382 de
1420 5327 1602 5382 verbis
1632 5326 1821 5398 Orige-

256 5421 335 5474 uis
364 5460 378 5485 ,
421 5421 562 5474 hunc
617 5423 1010 5489 circumspecte
1060 5421 1342 5489 legendum
1403 5435 1524 5477 esse
1584 5432 1766 5476 mouet
1797 5461 1814 5486 ,

256 5511 391 5578 quod
434 5510 598 5563 multa
652 5510 802 5563 illum
848 5521 1037 5564 contra
1074 5511 1232 5564 fidem
1273 5511 1559 5578 scripsisse
1606 5521 1821 5564 sancto-

255 5619 370 5657 rum
405 5602 628 5657 Patrum
662 5603 838 5668 tradat
865 5603 1196 5659 auctoritas?
1221 5603 1347 5673 quid
1380 5601 1820 5667 ThomamAqui-

234 5789 237 5794 ’
324 5785 368 5818 ³⁵
397 5788 501 5842 Nil.
539 5787 608 5842 De
642 5789 797 5856 print.
841 5802 989 5858 popa:
1020 5804 1048 5841 a
1095 5787 1353 5844 Salmasio
1387 5787 1559 5842 editus
1584 5827 1598 5852 ,
1656 5799 1773 5861 pag.
1809 5784 1895 5838 63.

1930 4600 2123 4661 gentas
2144 4605 2272 4659 ergo
2309 4589 2707 4653 conclusiones,
2736 4601 2870 4658 quas
2899 4586 3153 4640 universo
3179 4585 3296 4638 orbi
3323 4584 3501 4653 dispu-

1933 4684 2126 4736 tandas
2167 4682 2487 4751 proposuit,
2527 4681 2757 4750 insignis
2792 4680 2906 4734 haec
2944 4687 3101 4734 erat:
3136 4696 3154 4729 ι
3187 4676 3501 4731 Ratiouabi-

1930 4774 2034 4830 lius
2061 4783 2146 4830 est
2172 4775 2392 4829 credere
2436 4774 2721 4843 Origenem
2752 4786 2875 4827 esse
2901 4769 3109 4825 salvum
3135 4809 3152 4833 ,
3194 4783 3353 4839 quam
3385 4782 3500 4821 cre-

1931 4867 2062 4921 dere
2085 4867 2261 4937 ipsum
2290 4879 2412 4922 esse
2445 4866 2778 4920 damnatum.
2839 4881 2860 4914 ι
2915 4861 2994 4918 Ex
3037 4861 3242 4932 ingenti
3275 4859 3364 4914 illa
3402 4872 3498 4922 po-

1929 4960 2187 5014 sitionum
2225 4968 2375 5015 strue
2423 4957 2677 5014 tredecim
2719 4955 2998 5012 asteriscis
3042 4953 3313 5024 signatas,
3343 4949 3496 5017 quasi

1929 5050 2052 5105 fidei
2105 5050 2427 5106 Christiana:
2472 5049 2798 5114 contrarias,
2834 5046 2946 5102 Pici
3002 5044 3178 5100 aemuli
3209 5042 3496 5096 damnave—

1925 5153 2093 5210 runt,
2124 5145 2176 5198 in
2228 5143 2424 5213 quibus
2476 5157 2539 5196 ea
2579 5148 2696 5196 erat
2742 5155 2861 5209 qua:
2897 5138 2964 5192 ad
2998 5137 3219 5191 salutem
3253 5131 3495 5201 Origenis

1927 5237 2180 5306 pertinet.
2209 5234 2524 5306 Apologiam
2551 5250 2650 5303 pro
2683 5248 2740 5289 se
2771 5247 2976 5301 suaque
3010 5227 3254 5283 doctrina
3279 5224 3494 5294 scripsit

1925 5328 2265 5385 clarissimus
2305 5331 2551 5398 princeps
2580 5368 2595 5392 ,
2628 5336 2682 5382 et
2712 5324 2937 5379 tutando
2979 5319 3302 5377 Adamantio
3338 5332 3493 5387 pecu-

1927 5421 2065 5475 liare
2107 5432 2272 5492 caput
2303 5421 2520 5476 dicavit.
2560 5419 2778 5490 Septem
2813 5417 2940 5470 illud
2967 5422 3181 5470 constat
3227 5409 3492 5474 articulis,

1927 5530 2065 5583 quos
2095 5513 2301 5569 referre
2330 5515 2461 5568 utile
2485 5522 2608 5567 est:
2649 5530 2668 5563 ‹
2702 5513 2753 5566 In
2796 5511 2968 5579 primo
3000 5507 3230 5570 videtur,
3280 5518 3344 5557 an
3376 5501 3492 5557 Ori-

1931 5621 2096 5676 genes
2129 5621 2364 5676 unquam
2413 5604 2722 5662 haereticam
2750 5601 2817 5660 de
2841 5602 3001 5658 rebus
3028 5597 3152 5654 fidei
3187 5595 3491 5668 opinionem
