4068 6312
640 327 777 382 “79

1896 326 1955 382 P.
1998 327 2311 386 DANIELIS
2351 329 2581 387 llUETll
2606 414 2609 419 ⁴

3671 339 3768 403 1180

639 442 919 512 scripserit
954 450 1006 497 et
1032 442 1351 509 crediderit;
1378 442 1430 496 in
1465 443 1721 507 secundo,
1754 442 1880 497 dato
1907 445 2047 513 quod
2070 448 2203 499 scri-
2230 453 2281 511 Α
2308 450 2375 504 ab
2422 447 2661 503 Ecclesia
2704 444 2940 516 legitime
2975 457 3323 516 congrcgrata
3370 447 3665 516 damnatum,
3699 474 3770 515 nec

640 535 829 604 pserit,
860 548 927 587 an
969 534 1289 603 dogmatice,
1319 534 1403 588 vel
1436 536 1737 602 adhaesive,
1785 537 1866 590 vel
1899 536 2204 606 inquisitive

639 634 844 681 tantum
887 625 1196 693 scripserit;
1250 625 1302 679 in
1342 627 1526 687 tertio.
1576 628 1701 681 dato
1743 629 1885 697 quod
1918 628 2201 697 adhaesive,

639 734 707 773 an
736 720 911 771 taliter
944 718 1240 785 adha-sive,
1273 719 1414 787 quod
1450 718 1537 773 ille
1565 719 1852 773 scribendo
1903 722 2206 777 mortaliter

638 809 977 881 peccaverit,
1036 819 1088 864 et
1127 810 1415 864 haereticus
1471 810 1574 864 dici
1628 812 1835 880 possit;
1888 812 1941 866 in
1974 822 2205 881 quarto,

640 901 766 955 dato
787 900 927 968 quod
960 901 1262 970 scripserit,
1288 910 1343 957 et
1372 902 1551 956 taliter
1575 904 1873 972 scripserit,
1907 906 2047 974 quod
2072 906 2206 960 scri-

637 994 815 1049 bendo
835 994 1122 1059 erraverit,
1156 1009 1221 1048 an
1249 1009 1345 1063 pro
1378 994 1572 1049 talibus
1594 1010 1828 1064 unquam
1852 996 2201 1063 paenituerit;

639 1085 694 1140 in
737 1085 925 1154 quinto
947 1126 962 1150 ,
997 1086 1120 1139 dato
1147 1088 1289 1155 quod
1321 1086 1387 1141 de
1413 1086 1531 1156 ejus
1577 1101 1677 1142 nec
1721 1088 2058 1156 pauitantia,
2106 1103 2205 1144 nec

639 1178 1038 1246 impmnitentia
1074 1186 1323 1244 constet,
1370 1194 1437 1232 an
1486 1179 1559 1233 sit
1609 1178 1985 1233 rationabilius
2030 1179 2202 1248 ipsum

641 1269 865 1323 credere
890 1282 1007 1323 esse
1034 1267 1371 1332 damnatum,
1408 1282 1474 1320 an
1500 1267 1743 1333 salvum;
1775 1268 1828 1321 in
1867 1277 2041 1333 sexto,
2076 1269 2204 1337 quid

642 1373 709 1413 ex
739 1359 900 1413 dictis
932 1359 1270 1414 decretorum
1313 1359 1655 1427 iudicandum
1683 1359 1754 1414 sit
1776 1360 2072 1414 Ecclesiam
2113 1362 2207 1416 de-

642 1452 961 1505 terminasse
988 1452 1053 1505 de
1078 1450 1335 1520 Origene;
1365 1451 1417 1503 in
1471 1451 1699 1519 septimo
1721 1488 1737 1514 ,
1772 1460 2034 1516 quantum
2064 1452 2204 1505 obli-

642 1550 731 1611 get
776 1541 829 1595 in
881 1542 982 1595 ista
1012 1543 1235 1595 materia
1263 1542 1638 1599 credulitatem
1676 1553 1916 1598 nostram
1951 1545 2206 1601 determi-

643 1633 792 1687 natio
832 1632 1104 1689 Ecclesiae.
1146 1652 1165 1687 ι
1194 1635 1414 1688 Diversa
1448 1636 1600 1691 fuere
1631 1638 1699 1689 de
1733 1637 1817 1691 his
1845 1636 2206 1693 conclusioni-

640 1724 779 1788 bus,
818 1732 874 1777 et
903 1723 1240 1793 apologetico
1286 1725 1561 1779 hominum
1595 1725 1794 1795 judicia
1816 1767 1831 1791 ,
1860 1726 1993 1782 adeo
2036 1736 2094 1780 ut
2123 1728 2204 1781 vi-

2303 552 2388 597 est
2413 541 2744 606 haereticum,
2781 554 2951 606 neque
2978 540 3030 592 in
3071 540 3173 593 ﬁde
3221 550 3537 609 suspectum.
3585 564 3599 595 ι
3640 544 3768 604 Tertia

2302 641 2386 686 est
2411 631 2720 701 huiusmodi
2748 648 2759 683 :
2790 649 2807 681 ε
2855 630 3212 685 Prohabiliter
3254 631 3512 689 afﬁrmans
3554 637 3771 706 Origenem

2303 723 2682 779 Adamantium
2736 720 2989 775 Leonidis
3024 723 3272 792 martyris
3324 724 3482 777 ﬁlium
3526 742 3615 781 non
3655 730 3775 788 fuisse

2305 825 2579 870 auctorem
2613 814 2854 868 omnium
2909 812 3121 868 illorum
3172 815 3517 884 pessimorum
3543 830 3775 876 erratorum

2306 920 2424 976 qua:
2453 906 2557 962 sibi
2604 905 2994 974 imponuntur,
3053 919 3155 957 non
3203 905 3422 975 derogat
3470 907 3775 967 ecclesiasticis

2305 997 2691 1060 sanctionibus,
2710 1010 2883 1069 neque
2908 1000 3250 1063 summorumj
3266 996 3560 1064 pontiﬁcum
3585 1000 3775 1067 decretis,

2305 1104 2480 1158 neque
2528 1098 2838 1143 sanctorum
2899 1086 3116 1141 Patrum
3163 1087 3515 1155 dogmatibus.
3571 1107 3587 1140 ι
3632 1090 3777 1156 Quarta

2305 1177 2388 1232 his
2421 1177 2598 1230 verbis
2645 1184 2903 1244 concepta
2948 1186 3031 1228 est
3079 1194 3091 1228 :
3146 1193 3165 1226 ε
3201 1175 3456 1229 Assererc
3503 1177 3778 1244 probabiliter

2304 1269 2525 1322 alteram
2559 1268 2783 1321 istarqu
2807 1267 3230 1335 propositionum
3266 1283 3281 1319 :
3316 1264 3557 1335 Origenes
3575 1268 3778 1326 Adaman-

2306 1358 2410 1411 tius
2433 1355 2682 1409 Leonidis
2716 1357 2967 1425 martyris
3001 1355 3139 1408 ﬁlius
3174 1369 3277 1407 non
3311 1364 3411 1417 est,
3444 1371 3535 1410 nec
3584 1356 3665 1411 fuit
3702 1360 3777 1415 lue-

2305 1448 2504 1501 reticus
2544 1465 2556 1499 :
2603 1446 2858 1514 Origenes
2922 1445 3273 1499 Adamantius
3318 1443 3554 1499 Leonidis
3589 1451 3778 1520 martyris

2306 1538 2448 1593 ﬁlius
2481 1548 2565 1592 est
2609 1537 2692 1591 vel
2737 1537 2839 1591 fuit
2897 1537 3183 1591 hatreticus
3212 1576 3228 1601 ,
3281 1551 3385 1590 non
3418 1547 3498 1589 est
3524 1537 3775 1601 haereticum.

2307 1629 2561 1684 hzeresim
2612 1628 2828 1695 sapiens
2851 1666 2866 1691 ,
2900 1642 2998 1681 nec
3042 1640 3358 1691 erroneum,
3389 1641 3417 1678 a
3447 1626 3543 1681 ﬁde
3587 1638 3661 1681 aut
3691 1632 3774 1685 ﬁdei

2303 1720 2503 1791 pietate
2529 1718 2783 1772 alienum.
2810 1736 2830 1769 ι
2857 1715 3052 1783 Quinta
3080 1716 3206 1771 talis
3233 1723 3352 1769 est:
3382 1732 3400 1767 ι
3436 1715 3661 1797 Asserens
3680 1719 3774 1774 hanc

644 1818 817 1870 tandm
842 1817 1129 1869 multorum
1156 1814 1457 1881 offensioni,
1514 1793 1629 1871 nea
1659 1832 1926 1885 quoquam
1958 1817 2198 1887 legeren-
2232 1793 2274 1847 Β
2308 1812 2390 1867 vel
2429 1811 2573 1866 illam
2603 1818 2806 1879 partem
2843 1806 3213 1879 probabiliter,
3262 1820 3512 1876 seponere
3538 1793 3668 1864 debet
3694 1824 3774 1865 om-

643 1916 731 1960 tur
761 1907 876 1962 ista:
900 1907 1273 1961 conclusiones
1323 1909 1541 1962 decreto
1575 1909 1816 1963 sanxerit
1862 1908 2204 1965 Innocentius

640 1994 754 2051 Vlll
786 1997 1025 2066 pontifex
1057 1999 1357 2065 maximus;
1392 1998 1595 2054 salvam
1627 2007 1807 2054 tamen
1848 2015 1912 2055 ac
1940 2000 2203 2072 integram

640 2088 755 2143 Pici
783 2090 1241 2144 existimationem
1287 2104 1408 2143 esse
1449 2088 1700 2146 voluerit.
1730 2089 1897 2158 Hujus
1928 2105 2207 2146 successor

639 2181 946 2235 Alexander
979 2180 1062 2246 Vl,
1096 2196 1236 2235 anuo
1289 2182 1427 2235 1495
1456 2221 1470 2246 ,
1501 2181 1565 2236 18
1592 2180 1735 2235 Junii
1765 2185 1924 2238 breve
1953 2183 2206 2253 apostoli-

639 2286 763 2324 cum
791 2272 857 2326 ad
882 2271 1062 2326 Picum
1095 2273 1263 2339 dedit,
1312 2274 1453 2341 quod
1488 2281 1571 2327 est
1606 2274 1907 2341 huiusmodi
1935 2315 1950 2339 ,
2004 2284 2063 2328 ut
2108 2290 2204 2343 pro

639 2363 882 2433 apologia
913 2363 1084 2434 ipsum
1116 2364 1295 2419 valere
1324 2364 1531 2432 possit,
1568 2365 1703 2418 adeo
1754 2380 1941 2419 severa
1972 2375 2025 2420 et
2052 2367 2204 2436 gravi

639 2455 883 2510 oratione
908 2454 1048 2509 omni
1076 2453 1260 2507 Picum
1291 2454 1558 2509 haereseos
1589 2464 1643 2510 et
1670 2457 1873 2511 erroris
1901 2460 2206 2527 suspicione

639 2545 846 2599 liberat.
885 2547 1017 2599 Aliis
1047 2556 1175 2615 puto
1222 2547 1330 2601 Pici
1383 2550 1725 2616 exemplum,
1779 2560 1837 2602 ut
1866 2551 2044 2604 simile
2101 2567 2199 2620 pro

638 2636 874 2707 Origene
910 2638 1193 2699 auderent,
1234 2639 1453 2693 stimulo
1492 2639 1609 2693 fuit.
1646 2640 2006 2705 Quamobrem
2042 2643 2206 2697 Joan-

641 2743 737 2782 nes
784 2728 1077 2782 Nauclerus
1118 2729 1473 2799 Tubiugensis
1504 2732 1823 2801 praepositus
1880 2733 2107 2801 insignia
2148 2736 2203 2790 in

640 2816 899 2874 Chronico
944 2819 1165 2889 Orlgeni
1225 2822 1396 2891 elogia
1448 2822 1793 2892 conscripsit.
1848 2822 2029 2878 Multis
2084 2839 2204 2879 eum

641 2923 852 2979 quoque
881 2911 1274 2966 concelebravit
1324 2912 1573 2967 laudibus
1626 2912 1859 2968 Joannes
1892 2912 2207 2972 Trittemius

641 3001 805 3055 abbas
828 2998 1249 3068 Spanbemensis
1274 3044 1290 3071 ,
1321 3003 1374 3057 in
1407 3003 1500 3058 lib.
1539 3004 1613 3060 De
1642 3006 1825 3073 script.
1855 3006 2064 3073 eccles.,
2109 3022 2207 3063 nec

641 3104 853 3147 errores
885 3100 1058 3146 tamen
1086 3093 1256 3163 ipsius
1286 3095 1666 3163 dissimulavit,
1698 3099 1767 3153 ab
1802 3098 1978 3168 iisque
2006 3100 2051 3155 si
2076 3099 2207 3155 alie-

642 3196 769 3236 num
792 3197 910 3238 esse
938 3183 1073 3239 velle
1101 3185 1375 3254 professus
1402 3195 1503 3242 est.

713 3270 832 3328 XX.
874 3271 1031 3329 Initio
1060 3277 1353 3345 superioris
1393 3279 1572 3333 saeculi
1602 3295 1821 3350 sparsas
1846 3282 1897 3336 in
1922 3281 2208 3340 Bibliothe-

641 3360 723 3417 cls
747 3361 1196 3432 Origenianarum
1226 3368 1579 3435 scriptionum
1623 3370 1883 3440 reliquias
1936 3372 2205 3443 colligere,

640 3452 769 3506 etin
799 3454 1068 3523 publicam
1105 3455 1277 3511 lucem
1312 3459 1442 3513 dare
1473 3460 1679 3529 primus
1707 3462 1945 3517 instituit
1972 3463 2205 3519 Jacobus

641 3541 895 3599 Merlinus
948 3544 1342 3603 Vieturniensis
1367 3588 1383 3613 ,
1415 3550 1690 3620 theologus
1718 3595 1734 3619 ,
1802 3555 2097 3610 canonicus
2155 3566 2209 3610 et

640 3635 1073 3706 prenitentiarius
1106 3637 1447 3695 Parisiensis.
1491 3640 1648 3710 Operi
1707 3644 2011 3715 Apologiam
2059 3646 2208 3700 addi-

640 3726 721 3781 dit
754 3742 847 3796 pro
894 3726 1139 3797 Origene,
1183 3730 1235 3784 in
1271 3745 1376 3800 qua
1410 3734 1475 3786 de
1507 3732 1719 3789 Gelasio
1744 3774 1761 3803 ,
1812 3745 1868 3791 et
1905 3737 2009 3790 lata
2053 3738 2120 3791 ab
2145 3751 2207 3792 eo

641 3815 699 3871 in
734 3816 963 3872 concilio
992 3817 1240 3876 Romano
1274 3823 1564 3891 sententia,
1616 3834 1728 3879 tum
1758 3836 1813 3882 et
1842 3828 1907 3882 de
1945 3827 2208 3898 Hierony-

640 3923 733 3963 mo
766 3924 871 3963 non
901 3911 1033 3966 satis
1062 3914 1353 3981 prudenter
1378 3916 1591 3974 locutus
1614 3927 1720 3984 est,
1759 3933 1859 3975 nec
1887 3928 1945 3974 ut
1967 3920 2208 3976 Catholi-

640 4012 765 4054 cum
795 4014 859 4053 ac
888 4001 1033 4068 pium
1063 4003 1262 4068 virum,
1288 4006 1484 4061 nedum
1521 4008 1826 4079 theologum
1863 4011 2209 4077 decuit,alia-

641 4102 749 4159 que
781 4090 976 4161 adjecit
1003 4092 1191 4158 multa,
1220 4110 1340 4165 quae
1366 4096 1573 4153 Massasi
1602 4099 2014 4157 Cameracensis
2041 4103 2203 4157 scho-

643 4181 709 4238 la:
733 4191 844 4235 tum
869 4184 1133 4249 rectoris,
1170 4196 1223 4239 et
1268 4186 1470 4243 Natalis
1504 4190 1657 4244 Beda:
1695 4190 1962 4246 facultatis
2006 4193 2210 4250 theolo-

641 4274 776 4345 gica:
803 4274 1015 4343 syndici
1045 4278 1568 4341 expostulationihus
1612 4288 1853 4349 patuere.
1900 4281 2035 4337 Cum
2084 4282 2207 4338 Ori-

642 4366 794 4436 genis
833 4380 962 4434 ergo
993 4366 1092 4435 ipsi
1126 4365 1511 4438 aﬂingerentur
1542 4386 1781 4436 errores,
1813 4374 1996 4428 multis
2023 4390 2086 4430 ac
2117 4376 2207 4430 diu

2307 1918 2427 1959 nem
2460 1902 2838 1973 pertinaciam,
2866 1909 2923 1955 et
2970 1900 3068 1955 sub
3121 1900 3432 1955 conditione
3472 1916 3685 1970 expressa
3722 1900 3775 1955 vel

2306 1995 2463 2049 tacita
2516 1992 2780 2046 afﬁrmare
2817 1990 3038 2046 alteram
3075 2003 3091 2041 :
3143 1989 3383 2060 alioquin
3434 1993 3692 2060 periculoso
3722 1995 3777 2047 di-

2304 2084 2542 2140 scrimini
2565 2098 2684 2139 sese
2715 2083 3099 2137 committeret.
3136 2101 3154 2134 »
3184 2081 3350 2137 Sexta
3374 2084 3440 2137 ita
3462 2099 3677 2153 expressa
3693 2094 3778 2139 est:

2311 2196 2330 2229 c
2369 2177 2624 2244 Quamvis
2671 2175 2939 2245 praedictae
2972 2174 3366 2245 propositiones
3415 2192 3511 2228 non
3546 2178 3712 2243 possint
3734 2177 3779 2229 si-

2305 2270 2416 2323 mul
2448 2276 2591 2323 stare
2622 2268 2675 2321 in
2709 2268 2951 2329 veritate,
2984 2277 3037 2320 et
3086 2282 3313 2322 necesse
3366 2267 3433 2322 sit
3481 2268 3671 2321 alteram
3697 2283 3779 2323 esse

2306 2376 2516 2426 veram;
2544 2369 2649 2415 stat
2680 2368 2856 2415 tamen
2877 2359 3111 2428 aliquem
3141 2369 3352 2430 partem
3382 2376 3549 2415 veram
3577 2361 3781 2414 afﬁrman-

2306 2462 2412 2508 tem
2439 2468 2545 2507 non
2573 2466 2693 2508 esse
2734 2452 3138 2507 schismaticum
3160 2491 3175 2515 ,
3217 2467 3317 2507 nec
3345 2451 3409 2505 de
3452 2452 3698 2507 schismate
3721 2466 3780 2505 su-

2306 2555 2568 2614 spectum.
2611 2563 2631 2597 ι
2668 2544 2909 2615 Septima
2938 2544 3151 2598 demum
3179 2544 3269 2599 his
3311 2544 3483 2599 verbis
3509 2543 3779 2597 absolvitur:

2311 2657 2329 2690 ι
2364 2636 2685 2691 Christiana:
2713 2637 2895 2707 pietati
2944 2636 3337 2691 conducibilius
3365 2644 3444 2690 est
3466 2676 3479 2701 ,
3508 2646 3658 2690 stante
3698 2634 3777 2696 tali,

2309 2738 2564 2799 tanthue
2598 2729 2785 2793 dubio,
2816 2743 2935 2783 cum
2967 2727 3171 2782 veritas
3215 2728 3270 2782 in
3304 2737 3453 2798 parte
3472 2726 3651 2781 occulta
3674 2732 3780 2779 estet

2306 2835 2504 2890 anceps
2532 2860 2547 2887 ,
2583 2835 2680 2875 nee
2710 2835 2805 2890 per
2853 2819 3148 2875 Ecclesiam
3208 2829 3304 2874 aut
3349 2820 3626 2889 pontiﬁcem
3650 2826 3780 2885 aperte

2307 2911 2560 2976 deﬁnita,
2594 2912 2661 2966 de
2702 2910 2949 2982 Origenis
2991 2913 3243 2968 doctrina
3273 2922 3325 2967 et
3367 2920 3571 2965 auctore
3606 2910 3780 2978 ejusdem

2306 3002 2359 3058 in
2389 3003 2627 3059 favorem
2657 3004 2796 3059 bene
2841 3018 3031 3073 sapere
3060 3012 3115 3059 et
3149 3004 3526 3074 dogmatizare,
3556 3015 3684 3071 quam
3697 3013 3779 3066 per-

2307 3110 2520 3166 peram;
2544 3103 2596 3150 et
2623 3095 2676 3149 in
2706 3095 3133 3150 commendando
3169 3097 3451 3160 excedere,
3473 3107 3612 3164 quam
3645 3089 3780 3145 delice-

2309 3199 2369 3239 re
2410 3200 2438 3237 a
2488 3185 2643 3241 laude
2689 3186 2790 3241 sibi
2839 3187 3060 3242 debita:
3095 3188 3394 3256 praesertim
3447 3186 3567 3240 siin
3613 3182 3779 3237 alterum

2308 3276 2491 3332 venire
2519 3286 2784 3348 oporteat.
2819 3296 2839 3331 ι
2873 3278 3156 3334 Secundus
3200 3279 3338 3334 liber
3384 3292 3559 3333 novem
3602 3272 3779 3344 proposi-

2310 3368 2484 3422 tiones
2534 3382 2601 3423 ex
2658 3368 2911 3440 Apologia
2960 3368 3167 3424 Merlini
3220 3372 3290 3425 ab
3346 3370 3503 3437 ipsius
3535 3362 3781 3420 adversariis

2308 3468 2595 3531 excerptas
2621 3469 2676 3515 et
2708 3462 3062 3531 reprehensas
3097 3462 3358 3517 defendit.
3395 3461 3586 3515 Tertius
3600 3454 3783 3525 Origcnis

2310 3552 2485 3608 Vitam
2518 3562 2572 3607 et
2596 3552 2780 3623 Elegia
2812 3569 2877 3609 ex
2907 3554 3154 3619 Eusebio,
3191 3553 3525 3624 Hieronymo,
3587 3548 3784 3604 Nauclem

2306 3654 2361 3700 ct
2392 3645 2678 3701 Trittemio
2704 3646 3010 3716 depromit:
3041 3647 3241 3716 quibus
3280 3646 3506 3716 subjecta
3529 3652 3597 3698 est
3622 3654 3782 3708 respon-

2308 3737 2389 3791 sio
2420 3737 2489 3791 ad
2541 3736 2787 3807 Dialogos
2835 3736 3066 3803 MRSSiEl,
3097 3747 3152 3793 et
3194 3738 3545 3791 Additationes
3582 3734 3720 3789 Bedze.
3744 3732 3781 3782 In

2308 3829 2392 3884 his
2419 3827 2677 3884 Merlinus
2708 3844 2811 3883 non
2838 3839 2948 3883 tam
2979 3844 3044 3884 ex
3079 3830 3180 3884 ﬁde
3202 3830 3438 3885 historiae
3472 3838 3518 3882 et
3540 3821 3783 3881 testimoniis

2314 3922 2681 3990 antiquorum,
2715 3936 2876 3990 quam
2910 3923 3175 3977 contortis
3196 3921 3532 3993 sophismatis
3552 3928 3597 3975 et
3614 3912 3783 3982 argutiis

2310 4013 2376 4067 de
2397 4014 2581 4067 schola
2613 4013 2888 4068 velitatur.

2377 4102 2518 4157 XXI;
2555 4103 2819 4159 Praeclare
2854 4105 3015 4159 etiam
3051 4105 3155 4161 hac
3189 4115 3347 4162 aetate
3394 4107 3455 4162 de
3482 4105 3667 4168 Origene
3692 4112 3781 4150 me-

2308 4195 2444 4249 ritus
2492 4205 2575 4250 est
2608 4196 2916 4251 Desiderius
2947 4197 3202 4251 Erasmus
3223 4238 3238 4262 ,
3274 4213 3393 4251 nam
3442 4207 3492 4252 et
3526 4194 3781 4248 Commenta-

2309 4288 2505 4341 riorum
2533 4288 2650 4356 ejus
2700 4290 2754 4342 in
2788 4288 3101 4343 Malthwum
3149 4303 3356 4359 partem
3387 4289 3594 4359 aliquam
3637 4282 3780 4337 Latino

2308 4392 2555 4435 sermone
2586 4380 2788 4448 retulit,
2818 4390 2871 4435 et
2912 4380 3086 4435 Vitam
3121 4382 3289 4450 ipsius
3324 4383 3543 4452 scripsit,
3579 4394 3631 4430 ac
3650 4373 3781 4426 Iaudes

644 4469 733 4509 res
762 4456 815 4509 in
845 4471 1093 4526 supremo
1129 4468 1342 4524 senatu,
1374 4470 1427 4515 et
1452 4462 1595 4517 inter
1622 4463 1898 4520 Parisinos
1932 4466 2208 4539 theologos
2238 4477 2283 4533 ι)
2312 4480 2626 4540 prosecutus
2658 4482 2741 4527 est
2764 4512 2779 4537 ,
2804 4482 2859 4528 et
2885 4474 2949 4528 de
2975 4473 3447 4539 lucubrationibus,
3476 4474 3621 4539 deque
3650 4463 3780 4519 crudi-

645 4555 988 4603 controversa
1021 4565 1084 4605 ac
1099 4552 1370 4622 disputata
1397 4562 1498 4608 est.
1531 4555 1687 4610 Certe
1709 4572 1849 4611 anno
1881 4558 2038 4622 1522,
2070 4559 2208 4628 Apo-

645 4633 799 4703 logia:
844 4650 953 4690 sua:
1006 4641 1306 4709 apologiam
1352 4652 1639 4712 pertexere
1684 4661 1970 4701 necessum
2024 4649 2210 4704 habuit

644 4724 922 4782 Merlinus.
952 4728 1111 4785 Manu
1157 4737 1357 4804 scripta
1388 4736 1475 4789 illa
1523 4748 1769 4792 servatur
1802 4739 1865 4792 in;
1892 4740 2206 4810 theOIOgicaa

644 4818 918 4873 facultatis
952 4819 1303 4889 Bibliotheca,
1340 4828 1561 4897 ejusque
1590 4830 1719 4883 mihi
1744 4846 1904 4885 usura
1950 4847 2206 4889 concessa

644 4919 747 4967 est.
776 4910 946 4976 Quam
980 4928 1078 4967 cur
1116 4914 1168 4967 in
1199 4914 1370 4970 lucem
1401 4936 1503 4973 non
1538 4922 2029 4995 emiserit_auctor,
2058 4926 2209 4995 equi-

643 5001 765 5056 dem
796 5004 998 5059 nescio.
1041 5004 1236 5062 Tribus
1262 5007 1351 5061 illa
1377 5009 1531 5065 libris
1556 4991 1887 5069 continetur.
1918 5015 2073 5071 Prior
2109 4991 2207 5085 pro

643 5090 874 5164 Origene
932 5097 1286 5169 Origenisque
1334 5101 1579 5156 doctrina
1644 5114 1883 5175 pugnat,
1918 5116 1974 5161 et
2001 5117 2205 5178 septem

647 5185 1085 5244 conclusionibus
1107 5190 1422 5255 absolvitur,
1455 5207 1683 5261 quarum
1715 5196 1891 5265 prima
1924 5197 2039 5253 haec
2079 5206 2162 5253 est
2189 5219 2202 5253 ε

652 5294 673 5329 ι
706 5275 823 5333 Non
840 5288 923 5334 est
938 5291 1144 5336 certum
1170 5292 1225 5338 et
1254 5283 1495 5348 evidens,
1528 5299 1626 5340 nec
1652 5286 2030 5353 indubitatum,
2062 5304 2206 5345 con—

647 5367 830 5423 cilium
882 5370 1097 5440 aliquod
1151 5373 1435 5430 damnasse
1483 5374 1769 5446 Origenem
1825 5378 2205 5436 Adamantium

647 5458 896 5515 Leonidis
933 5464 1190 5534 martyris
1217 5464 1407 5532 ﬁlium,
1439 5474 1695 5537 tanquam
1741 5469 2053 5526 haereticum
2104 5487 2201 5527 no-

649 5552 845 5605 torium
879 5563 935 5608 et
962 5555 1258 5623 publicum.
1300 5576 1318 5609 ι
1350 5558 1532 5615 Altera
1577 5560 1652 5614 ita
1682 5576 1741 5616 se
1771 5562 1932 5617 habet
1986 5583 1997 5617 :
2047 5581 2066 5615 ε
2102 5564 2203 5618 Do-

653 5641 941 5725 gmatizare
972 5644 1256 5715 Origenem
1271 5650 1649 5708 Adamantium
1674 5652 1922 5712 Leonidis
1948 5655 2202 5725 martyris

654 5724 821 5783 tilium
850 5748 965 5803 non
998 5735 1163 5794 fuisse
1190 5741 1458 5802 notarium
1488 5755 1539 5802 et
1574 5744 1845 5812 publicum
1890 5724 2202 5809 hmrcticum

2311 4565 2477 4626 tione,
2510 4579 2572 4617 ac
2594 4565 2821 4619 docendi
2860 4565 3068 4619 ratione
3094 4565 3377 4620 arbitrium
3402 4566 3585 4627 tulit;a
3615 4560 3779 4625 dogma-

2312 4656 2380 4710 tis
2399 4664 2575 4710 autem
2604 4671 2797 4712 manus
2818 4657 3099 4720 abstinuit,
3128 4667 3321 4721 morte,
3349 4657 3400 4710 ni
3426 4654 3583 4715 fallor,
3603 4659 3778 4719 prim"-

2312 4756 2421 4813 tus,
2460 4762 2580 4815 quae
2610 4750 2898 4818 quominus
2936 4758 3238 4818 susceptam
3270 4762 3473 4819 quoque
3502 4738 3778 4809 Origcniano-

2308 4853 2424 4893 rum
2466 4854 2691 4909 operum
2727 4841 3015 4895 editionem
3049 4850 3103 4895 et
3146 4854 3422 4896 censuram
3453 4832 3778 4925 absolveret-.9

2308 4929 2558 4999 Origenis
2601 4932 2946 4987 adversarios
2998 4932 3300 4997 refelleret,
3333 4927 3673 4998 impedimento
3693 4916 3774 4970 fuit.

2307 5018 2363 5073 In
2389 5036 2454 5075 ea
2499 5036 2682 5090 porro,
2726 5037 2845 5092 qua:
2876 5030 3074 5089 exstat,
3122 5037 3359 5079 censum
3397 5026 3533 5090 parte
3564 5011 3772 5077 autitlllum

2307 5110 2566 5165 Erasmus
2594 5112 2849 5180 obtinuit,
2879 5128 2967 5169 res
3002 5128 3107 5170 non
3132 5116 3263 5171 satis
3285 5118 3515 5167 accurate
3537 5105 3773 5174 perspec‘”

2305 5200 2569 5268 praecipiti
2618 5199 2825 5269 judicio
2874 5202 3219 5272 disceptans,
3265 5211 3316 5256 et
3345 5191 3653 5265 disceptando
3676 5198 3769 5239 non-

2306 5306 2581 5360 nunquam
2610 5292 2927 5362 impingens.
2966 5293 3314 5364 Summopere
3340 5290 3534 5346 interim
3554 5282 3767 5374 Origene!"

2305 5382 2652 5438 aversabatur
2684 5384 2945 5439 Martinus
2974 5385 3263 5450 Lutherus,
3289 5383 3447 5454 [cujus
3472 5393 3529 5433 ea
3554 5386 3638 5428 vox
3667 5368 3765 5454 fuit»!

2309 5489 2329 5524 ‹
2365 5471 2652 5543 Origenem
2688 5473 3003 5541 jamdudum
3031 5476 3164 5531 diris
3190 5452 3390 5531 devovi.
3440 5490 3456 5522 ι
3484 5466 3570 5523 Cui
3601 5452 3766 5551 ευὶξίηίξθ

2307 5565 2629 5633 astipulatus
2666 5575 2748 5620 est
2778 5566 3093 5622 Theodorus
3116 5567 3275 5633 Bcza,
3297 5578 3410 5620 cum
3431 5554 3657 5616 sexcentis
3673 5549 3765 5601 locis

2305 5655 2711 5711 aduotationum
2744 5658 3005 5728 majorum
3044 5660 3097 5713 in
3150 5658 3429 5727 Epistolam
3454 5652 3513 5704 ad
3548 5648 3762 5728 Romﬂnfl‘.

2304 5757 2419 5811 tum
2451 5750 2685 5807 maxime
2718 5725 2842 5809 subi
2864 5752 3037 5823 ipsum
3070 5725 3275 5810 initium
3302 5790 3341 5813 .
3366 5742 3622 5804 fmdissima
3661 5725 3761 5785 Αάθ·
