4068 6312
263 340 391 416 ίιθι

1152 362 1724 422 ORIGENIANORUM
1764 364 1892 425 LIB.
1932 366 1998 434 Il,
2039 369 2188 425 CAP.
2230 372 2317 437 IV,
2356 374 2548 431 SECT.

3353 385 3490 443 “8‘2

262 482 466 542 mantio
498 482 747 552 stigmata
798 476 1025 535 inurens
1052 500 1065 536 :
1098 500 1117 533 ι
1160 482 1344 552 Neque
1392 500 1520 541 vero
1547 526 1565 555 ,
1612 486 1784 556 inquit
1810 530 1825 555 ,
1856 490 1903 547 Δ
1931 503 2099 547 ausos
2123 506 2241 546 esse
2271 508 2369 561 pro
2399 495 2585 549 eodem
2604 509 2771 551 novas
2799 497 2958 554 edere
2995 500 3288 573 apologias,
3320 513 3375 559 et
3394 520 3489 560 au-

261 590 380 629 cum
416 576 530 631 haec
578 575 733 641 dico,
775 575 1068 645 quidquam
1105 576 1223 632 volo
1254 576 1473 633 Patrum
1514 580 1823 637 auctoritati

260 667 548 723 detrahere
579 686 592 721 :
629 667 723 722 scd
748 682 879 722 sane
920 667 1059 737 quod
1090 671 1157 722 ad
1182 684 1264 724 me
1298 672 1513 736 attinet,
1538 671 1825 744 Origenem

260 772 367 812 non
400 774 619 829 possum
650 759 788 814 bona
819 758 1151 813 conscientia
1200 761 1344 816 inter
1369 778 1462 818 eos
1501 763 1689 829 Patres
1716 766 1827 820 col-

259 848 459 914 locare,
495 864 628 919 quos
675 849 829 903 velim
856 848 1079 904 imitari.
1137 848 1323 920 Itaque
1372 867 1475 907 non
1514 854 1732 924 pudebit
1760 853 1825 909 il-

257 942 362 997 lius
414 952 593 997 errata
646 941 847 1011 passim
902 940 1149 997 refellere
1179 981 1195 1008 ,
1247 942 1395 997 nullo
1440 942 1537 1015 (ita
1574 959 1659 1000 me
1687 947 1823 1002 bene

254 1034 398 1092 Deus
421 1035 584 1103 amet)
617 1032 956 1089 obtrectandi
989 1032 1166 1087 studio
1195 1050 1207 1086 :
1250 1034 1344 1088 sed
1376 1036 1516 1104 quod
1550 1036 1819 1105 impurum

253 1126 573 1195 scriptorem
601 1133 852 1192 exoptem
908 1131 1002 1176 aut
1042 1136 1107 1176 ex
1156 1123 1416 1180 lectorum
1448 1127 1698 1183 manibus
1727 1142 1822 1183 ex-

250 1216 389 1281 cuti,
414 1224 506 1270 aut
538 1230 749 1271 summo
775 1230 897 1269 cum
920 1214 1127 1283 judicio
1159 1230 1187 1268 a
1229 1217 1483 1273 studiosis
1509 1219 1750 1273 traCtari.
1793 1237 1814 1273 ι

251 1305 582 1362 Moderatius
610 1306 675 1363 de
699 1304 937 1375 Origene
980 1312 1035 1359 et
1062 1306 1268 1376 :equius
1299 1317 1583 1363 senserunt
1609 1318 1663 1365 et
1686 1310 1820 1365 scri-

249 1404 480 1466 pserunt
513 1396 1004 1467 Magdehurgenses
1027 1434 1043 1460 ,
1073 1409 1172 1464 pro
1200 1396 1349 1451 vitiis
1375 1412 1498 1453 eum
1535 1398 1619 1455 vel
1643 1399 1820 1456 virtu—

248 1489 395 1543 tibus
419 1497 674 1543 ornantes
701 1507 715 1543 :
749 1501 1057 1558 quanquam
1092 1486 1313 1542 minime
1330 1486 1471 1558 ipsos
1502 1478 1820 1554 ferasJAda-

246 1582 442 1637 mantii
469 1582 773 1637 orthodoxa
803 1580 1081 1644 nonnulla,
1105 1580 1199 1636 sed
1230 1590 1391 1636 sectae
1415 1595 1523 1635 suae
1554 1582 1818 1652 dogmatis

246 1676 543 1739 contraria,
584 1675 636 1729 in
669 1674 870 1728 crimen
905 1672 1212 1737 trahentes;
1252 1672 1430 1742 aliqua
1472 1688 1600 1728 vero
1624 1687 1817 1743 perpe~

246 1782 363 1821 ram
394 1767 496 1836 ipsi
534 1765 869 1835 alIingentes.
902 1765 1204 1819 Adamantii
1249 1766 1306 1820 in
1352 1765 1611 1819 Joannem
1658 1764 1816 1820 Com-

1932 582 2180 637 ctoritate
2215 585 2498 641 catholica:
2543 587 2794 642 Ecclesia
2827 586 3091 656 judicatas
3113 594 3310 663 saepius
3355 610 3488 650 con-

1933 682 2208 730 troversas
2242 678 2419 732 denuo
2448 688 2649 733 temere
2675 681 2881 751 agitare
2904 722 2919 747 ,
2945 686 3087 752 quod
3114 686 3260 741 visus
3282 697 3363 743 est
3407 688 3488 743 le-

1929 764 2068 819 cisse
2092 774 2182 820 aut
2206 767 2415 835 pridem
2454 769 2639 825 Sixtus
2666 769 2941 827 Senensis.
2981 792 2998 823 I
3026 773 3141 828 Non
3180 776 3359 832 mitius
3375 778 3488 833 Oris

1939 869 2128 922 genem
2179 857 2340 914 habet
2388 858 2655 917 Robertus
2680 860 3035 920 Bellarminus
3090 866 3375 923 cardinalis
3417 870 3483 935 ³⁸,

1924 944 2279 1018 Origenisque
2329 950 2464 1005 adeo
2501 952 2788 1021 partiarios
2832 969 3019 1010 onmes
3066 965 3119 1011 et
3153 956 3482 1015 defensores.

1996 1037 2219 1094 Summa
2257 1056 2391 1097 sane
2410 1042 2667 1113 aequitate
2688 1059 2811 1098 cum
2842 1045 3164 1101 Adamantio
3196 1046 3484 1117 egitClau-

1923 1129 2043 1185 dius
2088 1130 2413 1202 Espencaaus
2465 1133 2519 1188 in
2557 1134 2956 1190 Commentariis
3001 1138 3055 1191 in
3086 1136 3378 1207 Epistolam
3416 1141 3485 1193 ad

1928 1218 2139 1288 Titum;
2172 1236 2297 1276 nam
2351 1238 2524 1294 neque
2556 1224 2747 1281 insano
2776 1225 3081 1283 obcaecatus
3116 1244 3299 1284 amore
3331 1231 3488 1300 quid-

1921 1326 2084 1381 quam
2107 1313 2173 1369 de
2208 1314 2314 1370 ﬁde
2344 1314 2587 1373 historiae
2633 1318 2931 1389 decerpsit,
2968 1335 3066 1375 nec
3098 1320 3376 1378 erroribus
3404 1320 3487 1377 of-

1917 1400 2106 1459 fensus
2133 1402 2324 1461 laudes
2352 1406 2516 1477 ipsius
2554 1409 2881 1465 obscuravit.
2926 1410 3220 1466 Plurimum
3252 1412 3352 1482 ipsi
3400 1412 3483 1468 fa-

1926 1492 2073 1549 visse
2100 1494 2272 1552 fertur
2320 1513 2383 1553 ac
2430 1498 2596 1554 multa
2629 1503 2964 1559 condonasse
2991 1503 3226 1559 Vicelius
3270 1505 3322 1558 in
3351 1504 3486 1562 lbro

1918 1583 1997 1639 De
2055 1590 2391 1657 scriptoribus
2464 1591 2865 1659 ecclesiasticis;
2922 1597 3063 1664 quod
3139 1598 3355 1666 quidem
3414 1613 3481 1653 ex

1921 1677 2096 1733 aliena
2128 1679 2233 1735 ﬁde
2272 1681 2469 1749 refero,
2519 1699 2645 1738 nam
2681 1686 2875 1741 librum
2908 1686 3143 1755 reperire
3173 1702 3277 1742 non
3313 1690 3481 1757 potui.

1898 1766 2273 1837 Reliquorum
2309 1784 2439 1825 vero
2497 1771 2551 1826 in
2605 1776 2851 1829 ornando
2889 1775 3119 1846 Origene
3165 1777 3483 1832 industriam

245 1831 509 1912 mentaria
538 1856 591 1910 in
616 1831 821 1911 veneta
849 1854 907 1910 S.
946 1853 1109 1909 Marci
1147 1855 1477 1912 Bibliotheca
1506 1855 1694 1912 Graece
1718 1873 1813 1911 na-
1843 1831 1891 1892 Β
1920 1831 2083 1929 longo
2119 1852 2405 1917 intervallo
2469 1866 2741 1934 superavit
2787 1831 3063 1923 Gilberlbs
3108 1866 3486 1924 Genebrardus

243 1960 368 2003 ctus
388 1949 707 2004 Ambrosius
732 1947 1017 2005 Ferrarius
1048 1949 1484 2016 Mediolanensis,
1520 1950 1819 2007 monachus

240 2038 522 2107 Cassinas,
566 2039 772 2109 primus
808 2038 998 2093 Latine
1028 2040 1292 2094 convertit
1332 2052 1389 2094 et
1420 2040 1560 2111 typis
1593 2042 1818 2096 commi-

236 2134 357 2188 sit:
396 2130 733 2204 Origeniauaa
762 2146 889 2189 vero
940 2133 1094 2188 faunas
1146 2149 1317 2204 usque
1365 2135 1500 2189 adeo
1545 2136 1818 2192 studiosus

231 2223 355 2294 fuit,
408 2234 467 2278 ut
515 2226 640 2279 dum
672 2224 748 2279 illi
788 2224 1163 2295 patrocinatus
1188 2236 1300 2291 est,
1330 2240 1523 2296 parum
1548 2229 1661 2297 ipse
1707 2244 1833 2283 sure.

230 2316 580 2374 consuluerit
610 2331 626 2369 :
654 2320 900 2385 quamvis
938 2316 1082 2371 enim
1139 2332 1347 2373 summa
1384 2336 1443 2375 se
1468 2321 1519 2373 in
1550 2321 1651 2375 hoc
1681 2320 1818 2376 libro

238 2410 505 2465 vertendo
528 2424 684 2464 usum
720 2408 822 2465 ﬁde
866 2412 937 2465 sit
979 2411 1300 2478 obtestatus,
1335 2411 1589 2467 nonnulla
1638 2421 1814 2466 tamen

243 2500 491 2554 consulto
530 2509 737 2557 resecta
792 2500 1204 2570 deprehendas,
1258 2503 1310 2557 in
1362 2504 1557 2572 quibus
1589 2518 1618 2557 a
1666 2512 1813 2557 recto

241 2583 570 2641 Christiana:
601 2588 858 2643 doctrina:
886 2589 1021 2644 calle
1051 2587 1312 2659 Origenes
1346 2592 1708 2647 aberraverat.
1756 2592 1811 2647 In

244 2678 636 2746 nuncupatoria
680 2691 943 2749 praeterea
978 2682 1045 2734 ad
1092 2677 1290 2736 Iulium
1322 2680 1565 2736 Tertium
1596 2683 1813 2752 pontifi-

244 2781 363 2821 cem
417 2772 708 2822 maximum
766 2770 1035 2841 epistola,
1088 2772 1300 2842 magnis
1347 2788 1466 2828 sese
1511 2774 1812 2843 sumptibus

244 2856 525 2911 adeundas
557 2872 777 2913 curasse
801 2869 989 2914 narrat
1026 2861 1429 2926 celeberrimas,
1461 2878 1581 2932 quae
1616 2864 1813 2933 ubique

242 2946 488 3017 gentium
514 2958 659 3015 sunt,
694 2948 1068 3014 bibliothecas,
1108 2951 1285 3006 missis
1311 2952 1475 3006 etiam
1519 2952 1609 3022 qui
1645 2961 1809 3007 totam

241 3041 640 3109 perlnstrarent
692 3040 952 3097 Grazciam
979 3081 996 3107 ,
1032 3052 1086 3097 et
1122 3043 1169 3098 si
1201 3058 1323 3113 quae
1369 3045 1813 3101 nanciscerentur

1923 1951 2215 2022 theologus
2262 1951 2626 2021 Parisiensis,
2697 1965 2751 2011 et
2802 1957 3240 2030 archiepiscopus
3293 1960 3486 2015 deinde

1918 2043 2227 2112 Aquensis:
2262 2059 2383 2098 nam
2423 2046 2630 2114 priores
2672 2047 2935 2103 editiones
2979 2051 3269 2116 recensuit,
3315 2062 3371 2106 et
3413 2052 3481 2105 ad

1920 2147 2105 2188 vetera
2137 2149 2259 2189 cum
2292 2134 2481 2189 Graaca
2524 2142 2634 2188 tum
2675 2133 2865 2189 Latina
2895 2135 3238 2192 Bibliotheca:
3282 2138 3484 2207 Regiae,

1918 2223 2245 2293 exemplaria
2279 2224 2507 2279 contulit
2550 2233 2604 2278 et
2646 2225 2981 2293 emendavit;
3008 2241 3201 2283 novam
3228 2229 3471 2282 omnium

1917 2331 2141 2384 operum
2185 2316 2474 2371 editionem
2508 2316 2728 2372 molitus
2746 2328 2848 2385 est,
2884 2318 2937 2373 in
2965 2334 3136 2389 eaque
3164 2320 3329 2375 multa
3352 2335 3486 2375 non-

1918 2410 2044 2464 dum
2073 2409 2216 2463 edita
2251 2408 2565 2478 publicavit,
2602 2408 2963 2465 Philocaliam
3001 2412 3056 2467 in
3083 2412 3333 2469 Latinum
3364 2429 3485 2469 ser-

1918 2517 2135 2557 monem
2200 2501 2504 2569 transtulit;
2545 2502 2874 2559 collectanea
2916 2504 3140 2560 editioni
3191 2520 3302 2561 sure
3350 2521 3488 2575 prae-

1916 2592 2056 2658 ﬁxit,
2088 2592 2141 2646 in
2171 2592 2367 2661 quibus
2399 2592 2537 2645 nihil
2582 2591 2698 2648 fere
2738 2595 3159 2663 praetermissum
3192 2606 3297 2662 est,
3342 2597 3485 2666 quod

1915 2680 1981 2734 ad
2028 2681 2365 2750 purgandum
2408 2677 2741 2751 Origenem,
2800 2690 2856 2736 et
2899 2684 3045 2738 omni
3100 2684 3483 2740 absolvendum

1914 2769 2142 2825 crimine
2159 2770 2477 2839 pertineret.
2502 2770 2701 2826 Ultimo
2716 2774 3013 2842 praesertim
3035 2774 3485 2831 collectaneorum

1918 2860 2097 2929 capite
2154 2859 2350 2915 selecta
2425 2861 2673 2930 quaedam
2732 2862 2981 2931 Origenis
3033 2875 3352 2936 prosecutus
3404 2874 3487 2922 est

1916 2952 2196 3023 dogmata,
2231 2952 2299 3007 ab
2332 2952 2700 3009 ecclesiastica
2751 2970 2941 3011 norma
2989 2955 3391 3026 discrepantia;
3432 2959 3483 3012 in

1915 3045 2088 3114 iisque
2114 3045 2352 3100 tutandis
2387 3045 2473 3099 vel
2494 3046 2819 3102 excusandis
2847 3047 3074 3103 nimium
3118 3063 3216 3105 suo
3256 3050 3310 3104 in
3338 3048 3483 3118 ,0τί-

237 3131 436 3200 scripta
480 3129 729 3201 Origenis
755 3174 770 3198 ,
806 3146 869 3186 ea
905 3132 969 3186 ad
1000 3147 1057 3187 se
1100 3142 1466 3203 asportarent.
1506 3134 1643 3191 Hinc
1676 3136 1809 3191 adeo
1836 3172 1879 3230 ε
1914 3156 2107 3212 genem
2146 3142 2318 3195 amori
2344 3142 2635 3198 obsecutus
2659 3151 2763 3198 est.
2792 3140 3082 3212 Equiores
3134 3144 3289 3199 sein
3325 3144 3486 3200 rebus

235 3223 637 3294 locupletatus,
685 3222 850 3277 multa
903 3225 1072 3293 ipsius
1114 3236 1169 3280 et
1211 3228 1407 3299 γνήσια
1451 3241 1613 3295 opera
1661 3227 1810 3297 prelo

237 3317 487 3385 parabat.
530 3313 663 3379 Qua:
690 3329 788 3368 cur
817 3314 868 3367 in
901 3313 1072 3369 lucem
1100 3332 1210 3372 non
1259 3319 1548 3386 venerint,
1592 3319 1811 3389 ignora-

242 3424 386 3464 mus.
410 3406 660 3461 Tutando
679 3405 927 3477 Origenis
954 3408 1154 3463 nomini
1179 3410 1363 3465 utilem
1397 3410 1671 3475 aliquanto
1692 3423 1815 3481 post

240 3515 460 3571 operam
518 3498 746 3553 contulit
787 3498 972 3552 Sixtus
1010 3497 1265 3556 Senensis
1309 3517 1341 3557 e
1392 3505 1813 3563 Prasdicatorum

240 3592 445 3647 familia
475 3608 488 3645 :
518 3591 799 3660 egregium
824 3592 1019 3662 quippe
1045 3593 1116 3648 illi
1145 3594 1199 3648 in
1242 3594 1590 3653 Bibliotheca;
1612 3609 1815 3655 sancta:

240 3684 380 3739 libro
400 3693 600 3754 quarto
630 3683 863 3753 elogium
914 3688 1273 3754 consecravit,
1302 3687 1357 3742 in
1384 3704 1491 3760 quo
1524 3706 1629 3745 non
1666 3692 1812 3748 illum

162 3802 175 3817 κ
240 3778 413 3834 solum
438 3776 657 3832 extollit
682 3778 984 3847 praeconiis,
1016 3778 1112 3834 sed
1161 3780 1420 3835 librorum
1448 3782 1611 3837 etiam
1643 3784 1813 3852 ipsius

242 3884 533 3925 numerum
590 3879 880 3936 recenset,
923 3879 978 3926 et
1024 3874 1260 3941 genuina
1293 3888 1323 3926 a
1358 3860 1556 3944 spuiiis
1604 3878 1814 3933 erudite

242 3964 498 4019 secernit.
524 3962 752 4019 Errores
779 3978 907 4019 vero
947 3964 999 4019 in
1033 3966 1455 4020 Adnotationum
1482 3966 1636 4023 libris
1664 3977 1813 4023 notat

240 4063 296 4110 et
316 4054 548 4109 excutit.
577 4052 773 4108 Parum
806 4054 971 4126 ipsius
1001 4056 1137 4111 ratio
1164 4056 1360 4112 Cresari
1382 4057 1611 4113 Baronio
1630 4060 1675 4092 ³⁵
1693 4075 1813 4115 car-

239 4144 403 4200 dinali
435 4144 662 4215 probata
690 4154 810 4209 est;
842 4147 932 4216 qui
962 4161 1083 4202 cum
1137 4147 1468 4203 alienissimo
1512 4162 1655 4205 esset
1719 4151 1813 4206 ad-

240 4250 426 4292 versus
449 4237 740 4307 Origenem
770 4238 952 4293 animo
979 4281 992 4305 ,
1026 4254 1401 4309 summamque
1440 4240 1493 4294 in
1529 4256 1652 4296 eum
1686 4241 1809 4311 styli

243 4330 592 4399 saperitatem
636 4336 691 4382 et
740 4328 1139 4383 inclementiam
1172 4330 1225 4383 in
1257 4332 1555 4388 Annalibus
1590 4347 1813 4387 exerce—

242 4428 345 4484 ret,
377 4420 582 4489 carpsit
606 4419 769 4473 etiam
800 4430 855 4474 et
880 4420 1077 4475 obiter'
1103 4423 1276 4492 tetigit
1314 4423 1567 4491 reliquos,
1593 4425 1813 4494 quicun-

1916 3235 2083 3304 ipsius
2116 3234 2413 3289 tractandis
2453 3236 2797 3302 praabuerunt
2836 3235 3100 3291 Antonius
3157 3236 3484 3293 Posseviuus

1918 3325 1971 3378 in
2000 3324 2201 3394 Appar.
2255 3340 2393 3379 sacr.
2436 3322 2665 3380 Jacobus
2700 3324 2986 3380 Gretserus
3011 3325 3089 3380 De
3107 3327 3232 3395 jure
3255 3337 3303 3381 et
3342 3344 3485 3382 more

1920 3414 2224 3483 prohibendi
2255 3415 2414 3469 libros
2436 3414 2623 3481 malos,
2652 3414 2745 3470 lib.
2803 3430 2858 3479 x,
2892 3430 3011 3485 cap.
3035 3416 3092 3470 ll
3124 3425 3219 3482 ;et
3252 3416 3484 3486 Stepha-

1919 3519 2022 3559 nus
2056 3504 2278 3560 Binetus
2308 3505 2361 3558 in
2390 3502 2573 3557 libello
2602 3502 2668 3557 de
2712 3502 2885 3557 salute
2907 3502 3176 3573 Origenis,
3202 3504 3485 3560 veritatem

1916 3603 2223 3662 spectantes
2264 3592 2602 3658 unam,odio
2651 3591 2735 3647 vel
2785 3594 2958 3647 amori
3008 3592 3140 3648 nihil
3195 3595 3484 3650 admodum

1917 3685 2245 3739 tribuentes.
2286 3684 2501 3739 Incerta
2528 3696 2661 3737 vero
2706 3682 3005 3738 Abrahami
3054 3683 3278 3741 Sculteti
3322 3688 3483 3754 ratio,

1914 3777 2006 3847 qui
2042 3785 2329 3847 postquam
2358 3776 2423 3830 de
2452 3774 2684 3845 Origene
2730 3790 2788 3830 se
2831 3776 3017 3845 paucis
3048 3784 3292 3832 acturum
3326 3778 3483 3844 dixit,

1914 3869 2041 3939 quia
2071 3869 2212 3923 inter
2234 3868 2523 3923 hereticos
2546 3869 2659 3925 fere
2690 3871 2889 3941 potius,
2931 3883 3091 3938 quam
3125 3870 3266 3925 inter
3297 3868 3487 3926 Patres

1914 3971 2256 4029 numeratur,
2283 3976 2406 4016 mox
2437 3961 2528 4017 uhi
2567 3962 2634 4016 ad
2670 3961 2787 4030 ejus
2822 3962 3125 4016 doctrinam
3155 3970 3374 4016 ventum
3401 3972 3488 4017 est

1914 4061 1969 4108 et
1999 4066 2233 4119 errores,
2269 4052 2406 4106 vela
2434 4052 2701 4108 librorum
2744 4052 3191 4121 depravatoribus
3214 4052 3485 4122 profectos

1923 4145 2067 4213 ipsos
2085 4158 2206 4200 esse
2235 4154 2440 4210 censet,
2466 4144 2551 4199 vel
2576 4144 2630 4199 in
2667 4145 2735 4200 iis
2768 4145 3053 4200 fluctuasse
3082 4144 3366 4215 Origenem
3392 4147 3487 4201 de-

1918 4246 2184 4292 monstrat
2217 4238 2269 4292 in
2302 4236 2537 4291 Medulla
2565 4236 2745 4293 Theol.
2786 4236 2965 4307 Patr.,
3008 4238 3100 4293 lib.
3136 4254 3210 4306 vr,
3240 4254 3340 4308 cap
3378 4241 3401 4294 1
3431 4248 3485 4294 et

1919 4328 1973 4385 6.
2003 4330 2294 4385 Dissimilis
2324 4331 2537 4385 illorum
2569 4329 2769 4385 Petrus
2800 4329 3079 4385 Halloxius
3124 4330 3439 4385 Leodieusis
3464 4369 3481 4397 ,

1918 4423 2263 4492 nuperrimus
2288 4422 2376 4478 ille
2407 4422 2652 4492 Origenis
2684 4423 2907 4491 vindex,
2964 4423 3132 4491 ipsius
3158 4422 3347 4488 vitam,
3376 4423 3485 4477 vir-

242 4526 347 4581 que
396 4512 450 4565 in
502 4525 625 4564 eum
662 4510 1043 4579 propensiores
1085 4522 1267 4567 essent
1298 4530 1313 4569 :
1353 4532 1371 4565 ι
1416 4513 1640 4569 Miratus
1690 4528 1810 4569 sum
1845 4525 1888 4580 Ι)
1928 4524 2096 4581 tutes,
2128 4524 2180 4568 et
2215 4516 2536 4570 documenta
2593 4516 2744 4570 libris
2772 4523 3003 4584 quatuor
3040 4513 3311 4570 fusissime
3338 4529 3486 4569 com-

240 4607 611 4667 vehementer,
666 4603 881 4673 inquit,
930 4614 1053 4673 post
1099 4606 1509 4662 damnationem
1569 4607 1686 4673 ejus
1743 4609 1810 4664 ab

240 4696 531 4752 Anastasio
556 4710 689 4765 papa
719 4697 992 4764 pontificia
1016 4699 1340 4753 auctoritate
1382 4698 1656 4766 inﬂictam,
1688 4710 1812 4769 post

238 4791 481 4860 ejusdem
514 4790 945 4858 reprobationem
977 4794 1207 4854 insexta
1243 4792 1450 4862 synodo
1492 4794 1812 4863 pronuntia;-

242 4894 377 4946 tam,
420 4891 543 4950 post
580 4892 656 4939 tot
689 4886 1031 4954 antiquorum
1060 4884 1277 4940 Patrum
1307 4886 1359 4940 in
1400 4886 1629 4955 idipsum
1676 4901 1807 4942 con-

235 4975 508 5048 spirantes
563 4977 897 5045 sententias,
946 4978 1122 5033 adhuc
1170 4978 1503 5035 recentiores
1544 4980 1805 5049 quosdam

304 5175 352 5217 ⁸⁵
381 5176 581 5235 Baron.
612 5178 677 5233 ad
703 5192 827 5234 ann.
870 5180 998 5248 256,
1028 5196 1143 5252 cap.
1176 5182 1263 5236 ll.

1920 4607 2110 4677 plexus
2144 4624 2159 4663 :
2199 4608 2265 4661 ad
2300 4606 2351 4662 id
2397 4614 2639 4662 attentus
2679 4620 2866 4672 unum,
2920 4613 2977 4658 ut
3023 4604 3105 4658 vel
3132 4605 3395 4675 integram
3430 4614 3485 4660 et

1916 4699 2299 4765 orthodoxam,
2336 4714 2399 4754 ac
2422 4698 2560 4753 labis
2588 4699 2881 4753 immunem
2911 4698 3156 4770 Origenis
3184 4698 3483 4755 doctrinam

1915 4790 2082 4847 fuisse
2104 4790 2465 4857 demonstret;
2488 4790 2575 4846 vel
2601 4789 2645 4845 si
2674 4790 2801 4861 quid
2820 4791 3045 4847 veritate
3069 4792 3238 4847 victus
3258 4792 3380 4846 huic
3402 4792 3483 4845 in-

1915 4884 2139 4939 hazsisse
2153 4882 2268 4939 vitii
2282 4881 2436 4938 fateri
2466 4882 2692 4953 cogitur,
2722 4882 2774 4939 id
2796 4892 2853 4940 ut
2875 4884 3113 4955 quaesitis
3131 4884 3484 4953 undecunque

1921 4978 2365 5035 excusationibus
2393 4976 2581 5036 diluat.
2880 4978 2881 4981 “

1350 5184 1394 5217 ³ο
1425 5182 1675 5241 Bcllarm.
1705 5184 1757 5241 in
1790 5184 1881 5241 lib.
1907 5183 1983 5242 De
2004 5186 2187 5257 script.
2219 5186 2347 5241 εισι.
