4068 6312
317 394 458 451 U85

1372 380 1945 446 ORIGENIANORUM
1978 387 2106 443 LIB.
2137 385 2236 454 τη,
2275 387 2427 444 CAP.
2464 378 2508 442 Ι.

3419 389 3557 447 U86

321 512 713 585 sxoipientibus
746 522 810 565 ex
832 522 931 566 ore
956 506 1074 580 ejus
1096 516 1303 579 septem
1339 509 1590 575 notariis,
1628 508 1885 565 totidem-
1912 515 1960 574 Α
1989 523 2109 577 cap.
2149 507 2206 569 5,
2258 507 2309 561 in
2361 507 2507 561 omni
2557 504 2838 576 Scriptura
2887 516 3148 576 perpetuo
3177 516 3392 566 errasse
3425 512 3555 569 dicit

320 616 423 673 que
448 598 801 656 velocissimis
841 598 893 653 in
928 597 1215 653 scribendo
1249 597 1459 673 puellis,
1487 597 1714 667 aliisque
1755 597 1893 653 scri-
1994 596 2304 667 Origenem,
2346 607 2574 664 eamque
2614 595 2816 665 ingenti
2863 596 3123 650 librorum
3186 598 3327 653 mole
3371 598 3556 665 expla-

321 694 586 764 ptoribus,
618 691 712 763 qui
744 705 841 747 eas
881 688 1219 761 (conciones)
1249 688 1315 744 ad
1360 698 1766 743 monumentum
1794 703 1891 759 po-

321 787 580 843 steritatis
608 784 968 841 tradiderunt.
1002 799 1023 834 »
1056 779 1243 850 Neque
1285 793 1418 835 sane
1457 780 1510 835 id
1557 780 1695 835 dixit
1725 779 1888 834 Pam-

320 879 523 948 philus,
578 890 738 948 quem
792 883 983 930 testem
1034 872 1201 938 citat,
1257 872 1350 925 sed
1393 871 1523 926 illud
1582 874 1883 926 duntaxat:

320 989 339 1023 ι
366 970 632 1040 praecipue
658 980 788 1021 vero
814 980 909 1036 per
935 979 1030 1020 eos
1052 975 1312 1018 tractatus
1333 978 1466 1033 quos
1492 979 1628 1034 pene
1649 962 1890 1033 quotidie

322 1063 377 1117 in
419 1060 652 1116 Ecclesia
706 1059 940 1112 habebat
987 1071 1054 1111 ex
1103 1066 1381 1127 tempore,
1412 1071 1549 1125 quos
1593 1066 1646 1111 et
1686 1056 1889 1111 descri-

317 1151 507 1206 bentes
542 1149 738 1204 notarii
771 1149 839 1203 ad
875 1148 1266 1202 monimentum
1320 1148 1661 1219 posteritatis
1713 1147 1887 1203 trade-

313 1241 462 1298 bant.
497 1258 518 1293 ι

383 1330 470 1386 lll.
511 1330 639 1387 Inde
684 1346 846 1402 porro
890 1332 1211 1401 scriptiones
1249 1331 1497 1403 Origenis
1520 1345 1641 1389 esse
1672 1333 1887 1390 vitiata

313 1438 475 1494 supra
510 1425 832 1479 notavimus.
867 1425 936 1478 At
966 1427 1243 1480 ferendum
1278 1425 1405 1503 illud
1440 1434 1576 1491 erat,
1603 1426 1648 1481 si
1691 1442 1796 1482 non
1824 1442 1888 1482 eo

312 1517 478 1571 etiam
520 1516 839 1572 accessisset
883 1517 1144 1570 malorum
1204 1518 1477 1572 hominum
1510 1517 1765 1587 nequitia.
1797 1534 1886 1573 er-

313 1625 464 1665 rores
490 1622 615 1664 suos
661 1608 815 1662 malis
857 1609 1064 1663 artibus
1106 1611 1575 1680 pr0pugnantium,
1617 1622 1671 1665 et
1699 1612 1888 1666 alienis

314 1699 567 1768 operibus
634 1697 907 1752 adulteras
978 1714 1170 1753 manus
1227 1698 1596 1753 inferentium.
1650 1699 1705 1753 ld
1774 1700 1888 1769 ipso

316 1790 608 1843 etiamnum
634 1788 757 1841 vivo
785 1796 1118 1842 attentarunt
1144 1787 1399 1843 nonnulli.
1432 1789 1561 1843 Ausi
1595 1796 1719 1842 sunt
1747 1788 1885 1865 idem

1990 704 2146 744 nasse
2173 706 2188 742 :
2217 699 2324 742 lum
2344 688 2653 743 subnectit:
2682 688 2776 751 Εἰς
2804 688 3037 758 ἑκάστην
3066 689 3281 760 γραφὴν
3313 689 3374 742 οὐ
3400 705 3553 762 παρ-

1989 781 2228 855 ῃτήσατο
2272 779 2445 831 εἰπεῖν
2476 776 2512 831 ἃ
2538 776 2685 848 αὐτῷ
2717 778 2862 844 ἔδοξε
2880 794 2892 808 ⁸
2936 779 3027 832 καὶ
3055 779 3158 832 ὅσα
3184 779 3278 848 μὲν
3302 780 3360 832 ὲν
3383 796 3554 851 προσ-

1987 871 2243 942 ομιλίαις,
2278 872 2372 923 καὶ»
2400 868 2487 923 διὰ
2516 869 2624 924 τῶν
2665 870 2963 941 προοιμίων
3009 871 3088 933 εἰς
3117 869 3220 941 ἢθη
3246 884 3305 922 τε
3335 872 3429 923 καὶ
3476 870 3555 935 εἰς

1987 962 2178 1032 φύσεις
2206 960 2361 1026 ζώων
2392 978 2452 1014 τε
2504 961 2599 1015 καὶ
2639 961 2748 1015 τῶν
2789 961 2961 1014 ἄλλων
3005 962 3237 1033 εἴρηται,
3274 961 3436 1031 μέσος
3463 980 3555 1031 φε-

1989 1055 2213 1127 ρόμενος
2255 1054 2514 1117 πολλάκις
2558 1054 2816 1125 χαρίεντα
2855 1054 3186 1125 διηγήσατο·
3224 1055 3325 1108 ὃσα
3368 1055 3425 1107 δὲ
3476 1057 3555 1118 εἰς

1986 1146 2226 1218 δόγματα
2250 1147 2590 1218 ἐδογμάτισε,
2620 1148 2712 1199 καὶ
2735 1146 2864 1218 περὶ
2907 1146 3162 1209 πίστεως,
3193 1149 3288 1200 καὶ
3316 1148 3555 1218 μείζονος

1989 1238 2238 1311 Θεωρίας,
2276 1238 2385 1292 τῶν
2434 1239 2651 1293 πάντων
2688 1237 3011 1291 ἀτοπώτατα
3057 1238 3164 1290 τῶν
3200 1238 3306 1309 πρὸ
3362 1236 3553 1303 αὐτοῦ,

1988 1330 2080 1384 καὶ⁸
2108 1330 2221 1401 μετ’
2246 1324 2409 1384 αὐτὸν
2438 1330 2772 1401 εὑρίσκεται,
2808 1330 2949 1402 πλὴν
2970 1329 3077 1383 τῶν
3112 1331 3168 1382 ὲν
3198 1333 3315 1393 ταῖς
3344 1330 3555 1402 αἱρέσε-
3613 1386 3619 1395 ,

1989 1438 2073 1475 σιν
2115 1422 2532 1493 αἰσχρουργιῶν.
2596 1421 2699 1476 «In
2750 1421 2992 1492 singulos
3050 1421 3342 1489 Scriptura:
3390 1421 3555 1477 libros

1989 1527 2094 1566 non
2135 1513 2398 1566 dubitavit
2440 1514 2623 1567 dicere
2648 1528 2768 1582 quae
2806 1512 2909 1567 sibi
2941 1511 3055 1565 visa
3109 1523 3255 1566 sunt.
3291 1509 3550 1576 Quaecun-

1987 1617 2091 1672 que
2119 1613 2296 1657 autem
2338 1606 2390 1656 in
2432 1604 2687 1667 homiliis,
2713 1611 2766 1656 et
2806 1603 2858 1657 in
2890 1604 3168 1672 protemiis
3215 1603 3279 1656 de
3315 1600 3554 1656 moribus

1988 1703 2040 1749 et
2069 1704 2261 1747 natura
2306 1695 2643 1757 animalium,
2681 1695 3020 1763 aliorumque
3065 1695 3205 1749 dicta
3246 1702 3392 1756 sunt,
3438 1707 3555 1747 me-

1990 1785 2108 1839 dius
2136 1785 2387 1840 incedens
2417 1801 2558 1854 saepe
2590 1786 2865 1856 eleganter
2889 1788 3147 1842 disseruit
3175 1805 3189 1840 :
3217 1796 3553 1857 quaecunque

313 1879 651 1950 postmodum
681 1878 886 1943 Ariani,
920 1878 1220 1947 horumque
1268 1880 1482 1934 demum
1513 1862 1884 1948 corruptorum
1916 1849 1962 1908 Β
1990 1889 2120 1931 vero
2151 1876 2215 1929 de
2246 1876 2585 1945 dogmatibus
2614 1880 3007 1946 pronuntiavit,
3032 1889 3087 1933 et
3134 1879 3202 1933 de
3233 1849 3363 1943 lide,
3401 1878 3553 1934 aliis-

316 1968 593 2023 audaciam
642 1967 867 2025 Ruﬁnus
892 1969 987 2024 lib.
1014 1968 1087 2023 De
1113 1970 1396 2024 adulterat.
1423 1969 1674 2024 librorum
1703 1968 1887 2040 Origee

316 2062 396 2116 nis
420 2061 689 2132 coarguit.
723 2060 921 2117 Verum
952 2077 1057 2118 non
1102 2063 1265 2118 alium
1317 2077 1638 2132 quemquam
1667 2061 1886 2133 Origeni

317 2161 527 2208 tantum
572 2153 794 2223 perﬁdia
846 2169 941 2209 sua
992 2165 1047 2210 et
1086 2155 1389 2211 temeritate
1433 2158 1681 2211 nocuisse
1723 2172 1885 2226 quam

316 2244 567 2299 Rufinum
591 2246 791 2316 ipsum,
826 2246 1018 2301 merito
1052 2244 1318 2301 allirmare
1345 2263 1583 2317 possum.
1614 2246 1747 2302 Nam
1772 2252 1886 2317 eius

317 2338 516 2403 scripta
548 2337 933 2407 interpretans,
971 2339 1044 2393 ita
1074 2338 1456 2393 additamentis
1497 2348 1551 2393 et
1591 2340 1884 2396 detractio-

318 2428 479 2484 nibus
513 2429 729 2484 vexavit
771 2439 825 2485 et
857 2430 1121 2499 corrupit,
1149 2439 1206 2484 ut
1251 2431 1536 2499 Origenem
1570 2431 1622 2484 in
1652 2430 1885 2502 Origene

314 2524 606 2579 desideres.
649 2524 944 2595 Acceptum
981 2525 1106 2581 huic
1135 2524 1352 2594 quidem
1406 2526 1569 2581 refert
1608 2526 1882 2583 Adaman-

314 2614 443 2681 tius,
475 2616 617 2685 quod
647 2630 809 2684 opera
857 2616 1024 2685 ipsius
1069 2631 1099 2670 a
1137 2614 1346 2671 Latinis
1388 2616 1694 2671 hominibus
1726 2618 1881 2671 intel-

313 2704 487 2761 lectus
513 2716 568 2763 et
608 2717 900 2777 usurpatus
927 2715 1044 2774 est;
1072 2717 1124 2761 et
1162 2708 1303 2776 quod
1328 2709 1663 2776 consumptis
1695 2722 1882 2761 exem-

316 2796 560 2867 plaribus
581 2796 782 2853 Graecis
803 2797 858 2852 in
898 2798 1152 2852 Romanis
1188 2798 1722 2867 interpretationibus
1751 2813 1885 2869 quo~

319 2890 615 2944 dammodo
638 2891 853 2944 revixit.
873 2888 1071 2945 Verum
1104 2890 1292 2944 iisdem
1310 2889 1734 2958 expositionibus
1758 2905 1883 2945 cum

312 2980 487 3052 ignari
526 2980 729 3037 Graeca:
775 2981 969 3051 linguae
1014 2981 1275 3036 homines.
1310 2981 1738 3049 acquiescerent,
1790 2996 1883 3036 ne-

310 3071 473 3142 glecti
514 3068 628 3128 fere
661 3073 879 3128 codices
921 3071 1092 3127 Graeci
1122 3072 1420 3142 perierunt,
1462 3072 1597 3127 adeo
1643 3080 1701 3126 ut
1743 3072 1884 3127 bona

1987 1983 2092 2037 que
2144 1968 2366 2039 majoris
2416 1970 2913 2039 contemplationis,
2958 1969 3209 2025 omnibus
3263 1969 3552 2041 protulisse

1986 2060 2323 2129 absurdiora,
2357 2070 2412 2116 et
2452 2063 2544 2132 qui
2590 2071 2985 2132 praecesserunt
3034 2064 3228 2130 ipsum,
3258 2073 3312 2117 et
3342 2063 3432 2132 qui
3464 2076 3553 2117 se-

1986 2154 2094 2209 cuti
2136 2164 2280 2219 sunt,
2322 2157 2626 2227 reperitur;
2674 2156 2917 2226 exceptis
2962 2152 3228 2211 duntaxat
3274 2157 3552 2213 haereseon

1985 2243 2341 2302 fmditatibus.
2372 2266 2391 2299 ι
2437 2246 2741 2317 Utrumque
2771 2256 2950 2303 autem
3001 2249 3355 2316 scriptionum
3397 2247 3550 2303 Grae-

1984 2350 2167 2392 carum
2212 2355 2407 2410 genus,
2453 2341 2704 2395 homilias
2743 2341 2886 2405 dico,
2928 2349 2986 2395 et
3025 2340 3193 2395 libros
3248 2356 3345 2410 per
3375 2342 3548 2395 otium

1983 2438 2289 2496 accuratas,
2321 2438 2377 2484 et
2406 2430 2665 2500 quidquid
2700 2430 2935 2499 denique
2965 2428 3153 2484 Graece
3200 2430 3270 2484 ab
3313 2429 3547 2499 Origene

1984 2521 2242 2589 scriptum
2281 2530 2474 2585 exstat,
2528 2520 2685 2591 longe
2736 2522 2803 2577 iis
2841 2522 3091 2591 anteponi
3127 2520 3311 2590 jubeo,
3349 2537 3468 2590 quae
3492 2522 3548 2576 in

1983 2608 2238 2666 Latinum
2272 2626 2579 2667 sermonem
2605 2614 2847 2667 derivata
2883 2623 3031 2678 sunt,
3066 2621 3120 2667 et
3141 2614 3225 2669 vel
3252 2614 3547 2669 sublestam

1987 2703 2346 2772 interpretum
2390 2703 2572 2769 (idem,
2604 2704 2688 2758 vel
2726 2704 3194 2770 hallucinationes,
3225 2707 3306 2761 vel
3338 2716 3549 2760 utrum-

1984 2810 2089 2865 que
2134 2796 2527 2850 sustinuerunt.
2588 2796 2734 2851 Inter
2788 2798 3111 2866 scriptiones
3151 2814 3269 2866 qum
3304 2798 3492 2854 Latine
3518 2816 3551 2854 a

1982 2887 2254 2941 veteribus
2294 2902 2570 2942 conversa:
2596 2896 2831 2953 exstant,
2884 2889 3057 2957 prima
3098 2890 3202 2943 erit
3231 2904 3416 2944 earum
3449 2907 3550 2945 au-

1984 2979 2233 3046 Ctoritas,
2266 2995 2403 3050 quas
2433 2979 2751 3050 Hieronymi
2803 2980 2952 3034 dedit
2990 2981 3368 3050 interpretatio
3400 2999 3414 3036 :
3450 2999 3549 3053 po-

1985 3081 2245 3127 stremum
2292 3072 2548 3129 tenebunt
2591 3073 2788 3138 locum,
2815 3088 2935 3143 qua:
2973 3088 3002 3128 a
3044 3074 3241 3130 Ruﬁno
3268 3073 3553 3132 Latinitati

310 3165 506 3221 Graaca
551 3166 800 3236 pessimis
834 3163 1036 3219 Latinis
1067 3172 1392 3218 commutata
1423 3163 1550 3217 sint.
1571 3162 1689 3234 (55)
1718 3163 1883 3229 Quot-
1909 3190 1955 3249 ο
1986 3163 2199 3217 donatae
2239 3175 2382 3218 sunt.
2415 3164 2522 3219 Nec
2561 3164 2681 3233 plus
2711 3164 2831 3219 fidei
2862 3180 2995 3221 sane
3024 3168 3191 3222 veteri
3219 3166 3552 3223 Commenta-

310 3268 445 3329 quot
471 3272 599 3328 ergo
622 3258 789 3311 libros
814 3255 1065 3325 Origenis
1091 3254 1158 3308 ad
1186 3270 1284 3308 nos
1318 3254 1534 3308 fortuna
1563 3256 1882 3322 transmisit,

312 3352 547 3407 violatos
585 3363 705 3405 esse
739 3347 1031 3403 verisimile
1057 3356 1160 3413 est,
1194 3356 1250 3402 at
1291 3362 1384 3402 eos
1414 3346 1753 3416 potissimum
1793 3347 1884 3416 qui

310 3452 512 3513 praeter
534 3441 862 3494 notariorum
896 3439 1210 3509 σφάλματα,
1236 3446 1293 3493 et
1325 3439 1703 3493 haereticorum
1734 3439 1886 3493 adul-

317 3534 640 3597 terationes,
698 3531 1053 3601 interpretum
1110 3530 1275 3585 etiam
1331 3529 1781 3585 ltallueinationes
1832 3539 1886 3586 et

315 3621 597 3690 perﬁdiam
623 3628 933 3674 senserunt.

390 3712 477 3767 IV.
518 3710 634 3766 Non
660 3727 759 3781 par
781 3726 907 3780 ergo
942 3718 996 3766 et
1021 3709 1209 3765 eadem
1236 3718 1319 3765 est
1351 3709 1611 3765 librorum
1643 3709 1883 3764 omnium

314 3806 630 3868 auctoritas,
663 3804 972 3873 quicunque
1020 3820 1087 3858 ex
1138 3802 1389 3873 Origenis
1430 3804 1624 3859 incude
1660 3803 1884 3872 profecti

314 3907 462 3953 sunt.
490 3896 953 3963 Quemadmodum
983 3894 1127 3949 enim
1164 3893 1403 3962 suspecti
1440 3902 1598 3947 erant
1624 3893 1659 3946 ii
1693 3893 1885 3962 prteci-

314 4006 436 4062 pne,
462 4000 517 4046 et
546 3988 971 4045 damnosissimis
1001 3996 1211 4042 scatere
1243 3985 1542 4048 erroribus,
1588 3992 1643 4037 et
1680 3982 1748 4037 ab
1786 3982 1885 4037 Ec-

314 4085 492 4139 clesiae
514 4082 792 4151 disciplina
824 4080 1078 4136 recedere
1101 4078 1441 4143 dicebantur,
1476 4090 1612 4146 quos
1644 4075 1761 4145 ipse
1790 4089 1885 4143 per

313 4177 481 4231 otium
526 4182 737 4229 secreto
779 4170 1141 4233 lucubrasset,
1172 4182 1236 4222 ac
1284 4167 1408 4221 libri
1452 4164 1719 4235 prmcipue
1744 4163 1883 4232 Περὶ

312 4265 534 4336 ἀρχῶν,
565 4264 617 4319 ἰιι
652 4263 847 4333 quibus
877 4262 1185 4330 dogmatum
1217 4273 1437 4314 suorum
1471 4255 1735 4312 olﬁcinam
1769 4267 1884 4312 sta-

315 4366 512 4423 tuerat,
551 4363 611 4409 ut
660 4361 845 4409 narrat
884 4350 1196 4421 Pamphilus
1256 4351 1310 4405 in
1372 4349 1673 4421 Apologia:
1705 4349 1778 4405 ita
1817 4350 1884 4404 ad

313 4452 431 4522 ejus
484 4462 677 4505 sensus
722 4446 938 4516 penitus
1000 4443 1476 4513 introspiciendas,
1532 4457 1597 4496 ac
1649 4440 1884 4495 eruenda

1986 3258 2203 3308 riorum-
2220 3258 2273 3309 in
2303 3255 2614 3309 Mattha'um
2664 3257 2967 3325 interpreti,
2990 3258 3302 3327 quicunque
3335 3261 3552 3315 tandem

1986 3346 2076 3401 ille
2110 3349 2200 3411 sit,
2232 3363 2393 3415 quam
2430 3347 2627 3401 Rufino
2674 3348 3039 3403 adhibendum
3082 3358 3184 3404 est.
3219 3350 3371 3404 lllum
3406 3352 3451 3406 si
3480 3351 3550 3407 ad

1985 3438 2253 3502 Graecum,
2303 3453 2462 3506 quem
2506 3439 2718 3502 damus,
2761 3448 3073 3493 contextum
3119 3442 3388 3510 exegeris,
3415 3441 3556 3497 Deus

1986 3529 2148 3595 bone,
2184 3529 2326 3597 quod
2377 3529 2844 3597 interpretationis
2881 3540 3184 3586 monstrum
3211 3534 3551 3600 comperiesl

1986 3622 2151 3676 Totas
2198 3618 2441 3688 paginas,
2481 3629 2592 3672 tota
2642 3618 2768 3673 folia
2804 3631 3007 3683 assuta,
3056 3630 3165 3675 tota
3197 3624 3433 3677 detracta
3461 3623 3557 3678 de-

1982 3712 2307 3782 prehendes.
2344 3710 2469 3765 Haec
2508 3710 2685 3777 inter,
2742 3712 3138 3767 observandum
3209 3714 3338 3768 illud
3392 3715 3556 3769 etiam

1984 3804 2272 3859 discrimen
2304 3812 2409 3867 est,
2452 3801 2709 3869 majorem
2748 3818 2937 3857 eorum
2991 3818 3112 3858 esse
3156 3804 3417 3859 librorum
3456 3820 3555 3859 au-

1984 3897 2327 3960 ctoritatem,
2363 3910 2500 3964 quos
2550 3909 2715 3950 senex
2762 3895 3155 3961 Adamantius,
3194 3897 3410 3967 ingenio
3461 3912 3557 3967 per

1984 4000 2198 4047 aetatem
2228 3989 2399 4060 magis
2432 3988 2656 4043 subacto
2681 3987 2949 4052 elimavit,
2984 4004 3144 4058 quam
3180 3991 3271 4059 qui
3297 3988 3558 4045 ell‘erente

1985 4094 2106 4136 sese
2147 4081 2201 4134 in
2231 4078 2529 4146 iuventutis
2554 4085 2688 4132 testu
2718 4076 3046 4133 fecunditate
3073 4078 3285 4145 profusi
3305 4089 3453 4137 sunt.

2056 4171 2121 4228 V.
2164 4170 2273 4227 Nec
2299 4172 2589 4240 aliquantis
2621 4171 2886 4225 duntaxat
2930 4170 3382 4241 Origenianarum
3418 4173 3557 4227 scri-

1984 4264 2233 4337 ptionum
2281 4264 2549 4333 partibus,
2573 4255 2672 4318 vel
2705 4264 3041 4319 notariorum
3071 4263 3440 4333 properantia,
3472 4262 3559 4319 vel

1984 4364 2367 4425 corruptorum
2399 4355 2589 4408 nocuit
2615 4354 2840 4409 audacia
2862 4372 2881 4421 ;i
2902 4355 2996 4410 sed
3034 4354 3088 4410 in
3130 4364 3239 4409 tota
3270 4353 3432 4409 etiam
3468 4368 3559 4409 vo-

1985 4448 2188 4503 lumina
2267 4446 2571 4501 invidorum
2636 4445 3059 4515 intemperantia
3114 4453 3357 4515 grassata
3424 4454 3551 4500 est:

319 4543 597 4612 dogmata,
628 4537 789 4592 iidem
826 4549 970 4590 nune
1004 4533 1343 4604 potissimum
1375 4532 1559 4587 valere
1581 4530 1797 4613 debent.
1823 4529 1880 4584 In
1908 4549 1951 4607 ε
1986 4556 2110 4595 nam
2160 4540 2251 4609 qui
2304 4548 2453 4594 ωηιο
2492 4548 2696 4594 conatu
2728 4539 2778 4593 ίη
2810 4538 3064 4608 Origenis
3112 4538 3418 4592 doctrinam
3454 4552 3559 4592 sm.

312 4632 553 4690 homiliis
590 4629 793 4702 quippe
841 4628 908 4682 ad
948 4627 1091 4697 vulgi
1144 4639 1265 4680 sese
1308 4623 1742 4679 accommodavit
1790 4637 1883 4678 ca-

312 4738 490 4797 ptum,
522 4740 620 4779 nec
659 4722 965 4793 exquisitas
1002 4720 1262 4775 doctrinae
1304 4732 1513 4774 merces
1544 4734 1575 4772 e
1606 4717 1882 4788 myrothe-

314 4818 417 4872 ciis
447 4818 561 4872 suis
590 4817 933 4886 depromptas
957 4813 1189 4868 indoctis
1226 4811 1538 4866 hominibus
1557 4810 1883 4881 propinavit.

315 4912 384 4963 At
424 4908 477 4962 in
503 4907 795 4962 elaboratis
842 4904 1167 4973 diligentiori
1230 4919 1363 4960 cura
1424 4902 1883 4958 lucubrationibus

315 4999 637 5054 eruditionis
691 5013 803 5052 sua:
837 4996 1207 5066 promptuaria
1266 4995 1548 5051 reseravit.
1595 4992 1764 5062 igitur
1817 4994 1881 5049 de

317 5090 541 5155 Graecis,
572 5090 667 5160 qni
700 5096 1013 5159 supersunt,
1042 5087 1196 5143 libris
1229 5086 1309 5142 sic
1349 5087 1696 5142 statuendum
1730 5094 1877 5159 puto,

317 5193 376 5239 ut
415 5194 743 5253 postremum
794 5181 1037 5236 ordinem
1089 5180 1323 5235 homilias
1361 5188 1601 5244 teneant,
1645 5181 1877 5249 priorem

316 5278 549 5346 cogitate
579 5286 635 5329 et
677 5283 887 5328 attente
928 5273 1129 5343 scripta
1170 5288 1355 5339 opera,
1402 5272 1699 5342 cuiusmodi
1753 5280 1880 5326 sunt

317 5369 436 5422 libri
484 5378 667 5420 contra
707 5363 942 5430 Celsum,
969 5373 1022 5419 et
1050 5363 1190 5431 Περὶ
1218 5361 1439 5432 ἀρχῶν,
1475 5371 1525 5416 et
1553 5363 1702 5427 torni,
1731 5360 1877 5431 judi-
1919 5423 1922 5426 g

315 5461 456 5514 cium
499 5460 564 5511 de
596 5457 680 5512 his
719 5471 880 5509 suum
909 5470 1213 5526 proponens
1254 5454 1585 5523 Epiphanius
1619 5454 1750 5506 liter.
1788 5449 1879 5517 δι,

382 5640 498 5711 (55)
527 5639 790 5711 Quotquot
825 5654 945 5708 ergo
984 5636 1143 5689 libros
1162 5634 1403 5711 Ofigenis
1437 5635 1503 5687 ad
1542 5649 1637 5688 nos
1660 5632 1875 5711 fortuna

314 5702 632 5784 vernantis“,
681 5702 905 5764 violato}
955 5723 1065 5762 esse
1109 5702 1386 5784 uerisimile
1420 5713 1549 5784 est:__
1574 5715 1680 5760 etc.
1744 5702 1873 5757 Vide

317 5781 689 5835 Praefationem
732 5790 972 5834 nostram
993 5788 1151 5831 ~tomo
1186 5776 1360 5843 primo
1407 5775 1705 5844 pra-lixam,
1745 5788 1870 5842 pag.

315 5852 449 5919 2,3,
487 5853 539 5917 4,
571 5853 660 5907 ubi
687 5850 1026 5906 ostendimus
1049 5847 1426 5902 haereticorum
1451 5844 1880 5900 adulterationes

1985 4632 2224 4698 viebant,
2255 4629 2443 4700 ejusne
2473 4630 2841 4700 pepercissent
2870 4628 3046 4692 libris,
3071 4635 3129 4683 et
3151 4644 3257 4683 non
3284 4642 3378 4682 eos
3406 4626 3558 4682 omni

1986 4724 2165 4780 studio
2202 4720 2599 4776 abolevissent?
2624 4721 2987 4776 Accesserunt
3012 4721 3203 4775 crebra
3227 4720 3557 4791 synodorum

1985 4823 2043 4867 et
2086 4811 2464 4882 episcoporum
2506 4809 2878 4875 anathemata,
2924 4810 3120 4879 quibus
3176 4809 3560 4875 Adamantius,

1986 4902 2400 4971 Adamantiique
2434 4901 2679 4955 doctrina
2712 4903 2966 4956 damnata
3017 4911 3137 4957 est:
3166 4910 3277 4955 tum
3314 4899 3559 4968 promuP
3598 4971 3601 4974 ἠ

1986 5003 2106 5063 gata
2141 4993 2282 5062 apud
2318 4990 2653 5047 recentiores
2682 4990 2901 5048 Graecos
2924 4993 3163 5059 decreta,
3192 4990 3388 5060 quibus
3415 4992 3559 5045 vetid
3595 4986 3608 5034 ἱ

1987 5093 2099 5140 tum
2135 5093 2220 5139 est
2254 5099 2323 5141 ne
2354 5084 2478 5154 quis
2514 5082 2632 5151 ejus
2653 5082 2826 5138 libros
2856 5081 3153 5138 describat.
3191 5080 3341 5135 Unde
3370 5076 3546 5135 maxi-

1987 5191 2087 5231 mas
2120 5175 2458 5244 Latinorum,
2508 5190 2571 5231 ac
2617 5173 2929 5229 Graecorum
2969 5171 3237 5243 praecipue
3275 5170 3555 5239 exempla-

1987 5268 2126 5322 rium
2162 5269 2301 5337 parti
2330 5268 2510 5323 clades
2536 5267 2683 5321 illata
2709 5275 2814 5330 est,
2839 5274 2895 5320 et
2935 5263 3135 5332 oppido
3161 5278 3329 5332 pauca
3361 5278 3429 5318 ex
3451 5264 3559 5318 hoe

1988 5361 2209 5415 interitu
2247 5371 2460 5417 servata
2509 5371 2654 5415 sunt.
2703 5359 3021 5427 Quanquam
3057 5357 3202 5410 enim
3238 5357 3425 5425 ingens
3459 5356 3558 5411 ad-r

1989 5452 2095 5506 huc
2144 5450 2594 5521 Origenianorum
2647 5463 2883 5519 cperunt
2946 5445 3196 5502 volumen
3262 5454 3557 5515 superest,

1981 5632 2201 5703 scriptis
2217 5631 2470 5701 Origenis
2501 5648 2606 5686 non
2632 5645 2828 5684 nocere
2844 5629 3083 5703 potuisse
3111 5645 3174 5684 ex
3194 5644 3300 5699 quo
3325 5629 3555 5684 anthea:

1981 5701 2450 5768 ticaiexetnplaria
2478 5719 2694 5756 suorum
2736 5703 2967 5769 (lperum
2996 5701 3107 5769 ipse
3142 5715 3279 5771 ante
3322 5707 3556 5756 mortem

1982 5777 2034 5829 in
2062 5773 2382 5831 thsaricnsi
2411 5771 2747 5828 Bibliotheca
2776 5772 3042 5842 deposuit.
