4068 6312
592 361 650 424 l'i
661 367 725 424 87

1850 357 1913 417 Ρ.
1953 357 2266 415 DAMELIS
2302 360 2533 413 HIJE'lll

3651 368 3750 424 1188

591 491 753 554 quota
788 480 876 536 illa
900 488 1029 549 pars
1051 485 1132 535 est
1164 476 1340 547 magni
1382 475 1544 545 hujus
1579 473 2019 531 lucubrationum
2052 492 2154 530 nu-
2182 482 2235 540 Α
2260 471 2648 546 legere,‘quos
2708 473 2797 528 ille
2843 485 2947 528 non
2992 470 3250 541 scripsit;
3304 452 3596 541 faciliusque
3636 483 3756 535 credo

590 573 747 638 meri,
774 585 912 642 quas
942 569 1011 623 ab
1040 582 1106 623 eo
1147 565 1456 621 elaboratas
1516 565 1682 620 fuisse
1722 574 1936 620 veteres
1979 566 2160 635 prodi-

590 663 826 720 derunt?
863 660 1065 714 Scribit
1113 656 1444 724 Theophilus
1513 654 1710 709 Pasch.
1762 657 1785 710 1
1841 666 1896 710 et
1939 656 1976 710 2
2019 656 2162 712 hunc

597 777 618 810 ι
643 751 1062 811 innumerabiles
1095 750 1335 805 texuisse
1366 749 1554 812 libros,
1584 758 1638 802 et
1664 749 2002 816 garrulitatis
2029 764 2158 815 suae,

592 847 743 916 quasi
785 843 1061 896 damnosa:
1095 838 1454 910 possessionis
1487 837 1687 890 mundo
1721 837 2003 906 reliquisse
2053 838 2162 892 ha:-

592 937 892 993 reditalem.
919 952 938 985 ι
978 935 1126 986 Ἀνω
1169 931 1262 984 καὶ
1316 929 1464 983 κάτω
1506 927 1844 997 ταυτολογῶν
1875 929 2160 1000 ἐπλήρωσε

591 1027 690 1098 τὴν
739 1024 1072 1095 οἰκουμένην
1125 1023 1350 1093 ἀμέτρῳ
1402 1020 1670 1091 φλυαρίᾳ·
1714 1021 1792 1074 ait
1847 1019 2162 1074 Eustathius

593 1119 959 1172 Antiochenus
1013 1115 1086 1168 De
1139 1123 1366 1182 engaslr.
1403 1129 1422 1162 ι
1452 1111 1584 1177 Quis
1611 1121 1879 1175 nostrum,
1931 1129 1948 1163 ι
1991 1111 2164 1179 inquit

593 1209 954 1279 Hieronymus
990 1209 1149 1277 epist.
1201 1206 1288 1268 65,
1347 1205 1415 1259 ad
1472 1204 1784 1260 Pammacb.
1835 1213 1890 1258 et
1938 1203 2160 1268 Ocean.,

592 1314 715 1371 cap.
753 1301 810 1365 5,
847 1319 865 1351 ι
893 1308 1043 1353 tanta
1086 1305 1265 1368 potest
1310 1296 1514 1366 legere,
1547 1305 1746 1366 quanta
1784 1296 1876 1350 ille
1925 1293 2201 1382 conscri-.

592 1391 732 1462 psit?
757 1411 775 1442 ι
825 1391 968 1446 ldem
1021 1389 1176 1460 epist.
1220 1388 1309 1454 l8,
1362 1389 1428 1443 ad
1462 1388 1704 1444 Marcell.
1738 1407 1751 1442 :
1782 1407 1801 1440 ‹
1826 1387 2161 1453 Ambrosius,

593 1497 702 1554 quo
756 1485 994 1544 chartas,
1042 1490 1310 1550 sumptus,
1352 1481 1592 1534 notarios
1653 1480 2013 1543 ministrante,
2057 1487 2162 1533 tam

594 1572 1018 1632 innumerabiles
1068 1570 1233 1625 libros
1285 1583 1414 1624 vere
1463 1569 1818 1623 Adamantius
1878 1580 2058 1625 noster
2113 1577 2168 1623 et

591 1667 979 1724 Chalcenterus
999 1663 1276 1734 explicuit;
1303 1681 1322 1714 ι
1355 1661 1667 1717 Vincentius
1698 1661 1996 1717 Lirinensis
2025 1661 2165 1718 Con-

595 1765 678 1814 tra
711 1758 864 1821 ham,
888 1769 1007 1827 cap.
1035 1755 1108 1808 23
1139 1770 1152 1807 :
1189 1772 1207 1806 t
1229 1753 1334 1808 Sed
1369 1754 1529 1809 credo
1574 1769 1745 1823 pauca
1795 1755 2159 1822 conscripsit;

592 1862 754 1904 nemo
787 1845 1096 1901 mortalium
1128 1843 1301 1914 plura,
1338 1852 1393 1898 ut
1433 1843 1564 1898 mihi
1595 1857 1692 1896 sua
1719 1842 1900 1896 omnia
1940 1856 2044 1895 non
2082 1856 2163 1896 so-
2193 1829 2236 1884 Β

595 1941 704 1996 lum
737 1955 840 1994 non
883 1938 1108 2008 perlegi,
1144 1939 1236 1992 sed
1267 1952 1334 1991 ne
1362 1935 1596 1999 inveniri
1628 1936 1848 2005 quidem
1899 1949 2057 2004 posse
2083 1936 2164 1987 vi-

594 2032 843 2086 deantur.
873 2047 893 2082 ›
923 2029 1000 2084 Ex
1062 2031 1322 2084 immenso
1380 2029 1482 2084 hoc
1538 2043 1672 2098 ergo
1722 2027 2156 2088 lucubrationum

596 2135 822 2176 numero
864 2120 1143 2191 syntactici
1191 2133 1382 2174 nomen
1421 2119 1642 2175 meruit.
1685 2116 1945 2172 Futurum
1989 2126 2164 2170 autem

596 2213 968 2282 praesentiens,
1017 2220 1076 2264 ut
1121 2211 1380 2264 immensa
1438 2209 1552 2263 haec
1611 2208 1892 2263 scribendi
1945 2207 2165 2261 licentia

597 2305 974 2358 nonnullorum
1022 2303 1126 2359 sibi
1155 2301 1606 2372 reprehensiones
1629 2301 2015 2365 conscisceret,
2039 2297 2167 2352 mul-

597 2395 667 2452 tis
689 2412 806 2451 eam
855 2404 1082 2452 excusat
1117 2404 1266 2452 tomo
1292 2397 1341 2449 v'
1369 2395 1425 2448 in
1467 2394 1655 2460 Joan.,
1699 2407 1849 2447 num.
1876 2393 1928 2458 l,
1957 2390 1992 2443 2
2023 2400 2079 2446 et
2108 2390 2164 2456 4,

595 2485 752 2555 cujus
831 2485 1198 2542 excusationis
1269 2484 1571 2554 fragmenta
1634 2482 1801 2539 babes
1856 2481 2168 2537 Pliilocaliaa

603 2594 724 2648 cap.
761 2578 816 2633 5.

665 2685 914 2740 Attamen
943 2686 1144 2757 ingenti
1179 2685 1304 2741 huic
1335 2685 1476 2741 libro
1492 2701 1609 2740 rum
1653 2686 1842 2754 copiae,
1891 2700 2049 2756 quam
2085 2687 2167 2740 in-

595 2777 987 2830 numerabilem
1015 2791 1136 2832 esse
1168 2777 1354 2831 dicunt
1398 2776 1663 2843 nonnulli,
1695 2786 1902 2833 certum
1939 2778 2029 2831 alii
2064 2789 2166 2832 nu-

599 2880 806 2921 merum
850 2868 1214 2938 assignarunt.
1263 2867 1599 2937 Epiphanius
1628 2868 1762 2924 hair.
1794 2867 1886 2934 64,
1915 2883 2036 2937 cap.
2069 2868 2161 2935 65,

598 2957 970 3026 percrebuisse
1000 2966 1186 3012 narrat
1211 2971 1304 3012 sex
1335 2957 1596 3012 librorum
1623 2958 1788 3011 millia
1823 2957 1892 3012 ab
1912 2973 1976 3012 eo
2002 2957 2169 3013 fuisse

595 3047 924 3116 conscripta.
960 3049 1136 3116 Atque
1184 3047 1238 3104 id
1285 3060 1353 3102 ex
1397 3048 1578 3118 seipso
1612 3047 1798 3114 refert,
1830 3064 1933 3101 non
1963 3065 2028 3102 ex
2059 3048 2169 3102 Me-

596 3139 805 3204 thodio,
857 3147 914 3193 ut
963 3153 1244 3208 perperam
1283 3147 1601 3194 asseverant
1642 3139 2159 3209 Magdeburgenses,

595 3242 742 3288 cent.
769 3234 827 3296 '5,
859 3246 979 3300 eap.
1013 3232 1100 3286 10.
1137 3232 1400 3286 Eutndem
1425 3234 1707 3302 assignant
1737 3245 2020 3286 numerum
2053 3230 2162 3285 llo-

597 3326 786 3380 norius
813 3323 1318 3394 Augustodunensis
1354 3324 1432 3377 De
1469 3323 1653 3390 script.
1685 3323 1890 3383 eccles.,
1924 3338 2044 3391 cap.
2073 3323 2163 3389 55,

596 3426 652 3472 et
692 3415 968 3470 Cedreuus
1013 3415 1084 3468 in'
1119 3413 1333 3480 Severo,
1369 3423 1424 3469 et
1478 3430 1542 3470 ex
1577 3415 1824 3470 Cedreno
1876 3412 2071 3469 Suidas
2111 3416 2167 3468 in

595 3508 840 3578 Origene,
872 3516 926 3561 et
957 3505 1152 3576 Glycas
1182 3516 1324 3576 part.
1369 3523 1457 3572 ιιι,
1485 3507 1678 3560 Annal.
1729 3506 1995 3561 Prazterea
2021 3507 2169 3560 Rull-

595 3616 702 3656 nus
733 3601 786 3654 in
829 3599 1009 3655 libello
1048 3598 1124 3654 De
1162 3598 1549 3653 adulteratione
1591 3599 1843 3652 librorum
1899 3596 2164 3668 Origenis,

593 3695 664 3747 de
711 3691 1010 3760 Epiphanio
1044 3691 1114 3744 ita
1169 3691 1452 3761 loquitur:
1484 3709 1503 3742 ι
1535 3691 1772 3761 Denique
1820 3691 2041 3761 quidam
2101 3706 2170 3747 ex

593 3781 750 3850 ipsis,
781 3781 874 3852 qui
915 3797 972 3837 se
1003 3781 1150 3836 velut
1191 3781 1598 3852 evangelizandi
1649 3783 2030 3838 necessitatem
2063 3798 2158 3852 per

597 3888 790 3928 omnes
829 3883 1039 3942 gentes,
1083 3882 1138 3926 et
1187 3887 1284 3943 per
1313 3888 1499 3928 omnes
1525 3872 1734 3944 linguas
1760 3875 1961 3928 habere
1992 3883 2166 3944 putat,

597 3965 664 4018 de
691 3961 921 4032 Origene
945 3961 1089 4017 male
1121 3961 1396 4031 loquendi,
1435 3976 1529 4016 sex
1554 3962 1720 4017 millia
1760 3961 2020 4018 librorum
2046 3963 2162 4032 ejus

602 4054 899 4123 stt-legisse
955 4053 1352 4122 quamplurima
1405 4053 1631 4108 fratrum
1673 4053 2018 4110 multitudine
2070 4071 2169 4110 au-

599 4144 780 4200 diente
827 4141 1108 4198 confessus
1143 4152 1246 4200 est.
1280 4159 1300 4194 ›
1336 4143 1418 4197 Ad
1464 4157 1526 4196 ea
1565 4142 1939 4214 Hieronymus,
1981 4145 2073 4212 qui
2110 4160 2168 4200 se

595 4233 779 4289 omnia
818 4231 1072 4303 Origenis
1107 4232 1329 4298 habere,
1358 4231 1552 4302 legisse
1595 4247 1722 4287 vero
1763 4235 2163 4305 quamplurima

593 4327 832 4394 iactabat
879 4323 1006 4380 libr.
1051 4339 1093 4380 tt
1158 4323 1336 4395 Apol.,
1375 4339 1496 4394 cap.
1540 4325 1594 4392 4,
1625 4325 1738 4380 haec
1793 4328 2005 4396 reponit
2045 4327 2164 4382 libri

595 4415 839 4484 ejusdem
869 4424 1022 4471 sexto
1053 4416 1230 4487 capite
1259 4433 1273 4469 :
1317 4434 1335 4468 ‹
1370 4415 1446 4471 De
1476 4431 1569 4472 sex
1616 4417 1850 4474 millibus
1893 4429 2070 4474 autem
2104 4420 2168 4473 li-

601 4507 844 4570 brorum,
875 4523 1012 4578 quos
1039 4509 1106 4563 ab
1135 4523 1200 4562 eo
1227 4523 1348 4563 esse
1391 4508 1563 4567 lectos
1594 4510 1880 4582 contingis,
1907 4512 2026 4580 quis
2054 4527 2169 4567 cre-

600 4601 692 4652 dat
735 4607 830 4652 aut
872 4609 924 4653 te
964 4617 1150 4656 verum
1194 4602 1397 4668 dicere,
1421 4612 1514 4657 aut
1560 4603 1708 4657 illum
1736 4603 1974 4672 potuisse
2015 4618 2166 4657 men-

603 4689 733 4744 tiri!
755 4689 812 4744 Si
841 4690 986 4744 enim
1017 4690 1286 4763 Origenes
1313 4708 1408 4749 sex
1453 4694 1618 4749 millia
1653 4695 1962 4762 scripsisset
1993 4693 2164 4749 libro-

600 4797 740 4846 rum,
776 4791 1024 4852 potuerat
1073 4784 1187 4838 fieri
1237 4795 1294 4841 ut
1337 4787 1421 4840 vir
1454 4786 1717 4851 eruditus,
1749 4796 1804 4840 et
1839 4788 1906 4841 ab
1936 4786 2161 4841 infantia

597 4875 770 4930 sacris
812 4875 1008 4929 litteris
1044 4875 1325 4932 institutus
1371 4894 1470 4948 pro
1499 4879 1814 4933 curiositate
1853 4889 1908 4932 et
1942 4880 2166 4934 scientia

601 4968 820 5038 legisset
851 4967 1069 5022 aliena:
1104 4969 1245 5036 quod
1283 4984 1410 5039 vero
1465 4970 1552 5025 ille
1596 4985 1702 5025 non
1729 4961 1994 5038 'scripsit,
2041 4985 2170 5040 quo-

599 5061 759 5115 modo
786 5062 886 5115 iste
917 5060 1097 5131 legere
1144 5061 1358 5130 potuit?
1389 5061 1620 5118 Numera
1661 5065 1868 5119 indices
1904 5065 2162 5119 librorum

597 5150 732 5219 eius,
763 5153 856 5223 qui
897 5155 948 5207 in
983 5154 1145 5208 tertio
1169 5152 1442 5208 volumine
1467 5154 1701 5220 Eusebii,
1735 5157 1788 5208 in
1833 5171 1940 5224 quo
1977 5154 2168 5210 scribit

599 5243 781 5298 Vitam
818 5243 1102 5314 Pamphili.
1131 5245 1486 5300 continentur
1512 5262 1526 5310 ;
1553 5257 1608 5298 et
1635 5261 1740 5298 non
1779 5247 1898 5300 dico
1924 5261 2016 5300 sex
2043 5247 2169 5300 mil-

599 5336 693 5400 lia,
741 5336 834 5390 sed
883 5337 1094 5390 tertiam
1152 5347 1358 5405 partem
1415 5353 1517 5390 non
1572 5337 1834 5405 reperies.
1899 5338 2168 5393 Habemus

599 5426 882 5498 epistolam
914 5427 1208 5495 supradicti
1241 5425 1532 5497 pontiﬁcis,
1577 5427 1628 5479 in
1659 5443 1764 5496 qua
1807 5428 1930 5482 huic
1959 5427 2170 5482 calum-

601 5521 701 5573 nia:
729 5527 854 5580 tuae,
885 5517 1012 5572 dum
1041 5519 1216 5572 adhuc
1245 5533 1394 5573 esses
1430 5520 1481 5571 in
1511 5517 1750 5580 Oriente,
1783 5521 2088 5588 respondet,
2117 5527 2172 5571 et

603 5611 999 5676 apertissimum
1062 5613 1400 5666 mendacium
1445 5611 1631 5670 [libera
1703 5611 1942 5664 veritatis
1995 5610 2173 5663 fronte

603 5699 877 5767 confutat;
906 5705 997 5771 siet
1029 5704 1080 5756 in
1107 5703 1265 5772 epist.
1298 5704 1385 5768 62,
1444 5706 1509 5758 ad
1539 5703 1918 5773 Theophilum,
1941 5719 2060 5772 cap.
2088 5701 2122 5754 2
2154 5717 2167 5752 :

611 5809 628 5840 ς
660 5790 759 5844 Sex
794 5792 956 5848 millia
999 5793 1246 5864 Origenis
1297 5805 1471 5853 tomos
1503 5813 1606 5854 non
1645 5806 1857 5869 poterat
1886 5797 2169 5870 quisquam

2265 576 2458 623 testem
2503 565 2662 635 hujus
2695 567 2984 630 sermonis,
3011 578 3174 633 quam
3219 572 3488 617 auctorem
3515 579 3620 619 esse
3647 585 3758 623 tuen.

2263 660 2447 715 titum.
2480 679 2500 712 ι
2537 659 2705 730 Negat
2741 658 3098 727 Hieronymus
3123 655 3321 711 dixisse
3349 654 3672 725 Epiphanium
3692 675 3760 716 sex

2263 753 2523 806 librorum
2559 751 2808 821 Origenis
2855 749 3024 804 millia
3067 763 3095 801 a
3142 763 3199 802 se
3235 749 3404 813 lecta;
3439 749 3538 803 imo
3579 761 3764 808 verotot

2262 843 2330 897 ab
2365 839 2598 912 Origene
2641 856 2875 909 unquam
2910 837 3076 892 fuisse
3126 836 3326 905 scripta
3357 846 3540 907 negat;
3571 843 3766 908 quamvis

2263 935 2317 992 id
2348 945 2526 990 tamen
2560 933 2932 1003 percrebuisse
2961 931 3292 1000 Epiphanius
3324 933 3540 988 asserat.

2334 1027 2472 1094 Quid
2496 1026 2597 1082 sibi
2622 1024 2808 1078 volunt
2843 1024 3006 1092 igitur
3031 1023 3169 1076 Beda
3203 1021 3256 1076 in
3298 1021 3436 1076 libro
3469 1021 3538 1075 De
3567 1039 3645 1076 sex
3665 1035 3765 1079 teta-

2264 1121 2400 1174 tibus
2434 1119 2640 1185 mundi,
2685 1117 2801 1171 Ado
2831 1117 3182 1179 Viennensis,
3224 1113 3555 1168 Hermannns
3580 1115 3762 1169 Contra-

2266 1219 2410 1274 ctus,
2472 1207 2746 1262 Marianus
2786 1205 2980 1260 Scotus
3023 1213 3077 1259 et
3121 1202 3397 1258 Conradus
3428 1201 3770 1274 Urspergensis,

2265 1306 2386 1354 eum
2439 1299 2822 1369 Hieronymum
2869 1297 3100 1365 quodam
3151 1295 3269 1349 loco
3313 1294 3584 1363 scripsisse
3639 1296 3768 1363 aiunt,

2265 1391 2501 1460 quinque
2529 1389 2693 1444 millia
2733 1386 2993 1442 librorum
3021 1386 3271 1455 Origenis
3301 1383 3484 1439 fuisse'
3507 1384 3594 1439 sibi
3641 1387 3774 1451 perle-

2265 1483 2402 1539 cta?
2455 1481 2717 1536 Martinus
2763 1494 2892 1535 vero
2941 1479 3174 1535 Polonus
3222 1486 3278 1533 et
3325 1476 3494 1532 Guido
3542 1476 3772 1535 Carmelita

2275 1590 2372 1632 sex
2403 1573 2614 1630 millia?
2655 1574 2793 1641 Quid
2843 1573 2983 1643 apud
3036 1573 3177 1627 hunc
3228 1568 3524 1624 Guidonetn
3559 1568 3764 1637 Isidorus,

2269 1671 2362 1740 qui
2384 1671 2464 1726 sic
2492 1669 2800 1738 loquentem
2833 1665 3043 1721 inducit
3069 1663 3359 1734 Origenem
3393 1679 3407 1716 :

2407 1763 2666 1824 Condere,
2691 1763 2736 1816 si
2763 1762 2953 1826 credis,
2987 1760 3166 1813 studui
3193 1765 3270 1811 tot
3299 1756 3467 1810 millia
3493 1757 3650 1823 libros,

2403 1835 2540 1901 Quot
2563 1834 2694 1904 legio
2725 1832 2906 1886 missos
2937 1830 3078 1884 ducit
3113 1831 3168 1884 in
3203 1843 3354 1881 arma
3385 1827 3553 1880 siros?

2272 1949 2414 2005 Sane
2441 1948 2652 2003 videtur
2684 1947 2738 2001 id
2768 1953 3038 2012 sumptum
3073 1958 3141 1998 ex
3184 1941 3433 2011 proxime
3477 1938 3662 1994 laudato
3692 1939 3770 1994 llu-

2271 2042 2364 2096 fini
2409 2041 2546 2105 loco,
2585 2041 2675 2110 qui
2712 2053 2832 2092 cum
2875 2035 3158 2105 Epiphanii
3190 2048 3389 2088 nomen
3437 2047 3534 2086 non
3557 2031 3771 2097 exhibeat,

2272 2133 2430 2189 facile
2469 2148 2590 2188 eum
2638 2131 2705 2184 ad
2751 2130 3137 2198 Hieronymum
3191 2126 3489 2180 retulerunt
3531 2123 3771 2192 scriptores

2273 2225 2370 2291 illl,
2399 2222 2850 2294 quemadmodum
2880 2222 2948 2275 ab
2975 2221 3198 2274 Erasmo
3229 2218 3422 2272 deinde
3456 2227 3505 2270 et
3525 2215 3773 2271 Genebrara

2273 2319 2340 2374 do
2368 2318 2571 2374 relatus
2611 2323 2713 2371 est.
2760 2313 2912 2382 Quod
2947 2322 3124 2368 autem
3156 2313 3396 2381 quinque
3434 2310 3664 2364 librorum
3688 2309 3774 2362 mil-

2272 2411 2340 2466 lia
2375 2409 2618 2479 plerique
2650 2415 2863 2470 notant,
2889 2420 3013 2460 cum
3042 2419 3135 2460 sex
3179 2404 3276 2458 alii
3305 2409 3706 2465 commemorent,
3726 2414 3775 2454 et

2272 2501 2566 2570 corruptis,
2602 2508 2661 2553 ut
2699 2499 2810 2554 fere
2839 2499 2918 2562 fit,
2955 2496 3281 2552 numerandi
3319 2495 3460 2550 notis
3483 2506 3642 2549 ortum
3663 2507 3774 2546 erro-

2275 2606 2386 2645 rem
2413 2599 2564 2658 puto.
2596 2588 2712 2644 Utri
2739 2597 2918 2642 autem
2952 2586 3368 2641 assentiendum
3399 2581 3774 2653 potius,velllieo

2274 2696 2500 2751 ronymo
2547 2689 2626 2735 tot
2677 2679 2908 2747 scriptos
2948 2678 3016 2732 ab
3049 2675 3289 2749 Origene
3312 2677 3473 2732 libros
3502 2672 3774 2745 perneganti,

2272 2789 2341 2828 an
2391 2773 2689 2844 Epiphanio
2753 2771 2809 2826 id
2866 2772 3009 2842 vulgi
3058 2785 3316 2826 sermone
3375 2769 3498 2824 ferri
3545 2764 3772 2826 asserenti,

2272 2865 2519 2936 “illide
2551 2863 2754 2920 nescio.
2789 2860 2958 2918 Fama
2989 2862 3212 2933 quippe,
3250 2860 3424 2914 futilis
3447 2869 3619 2913 auctor
3642 2876 3654 2912 :
3679 2856 3776 2910 Hic-

2273 2957 2487 3028 ronymi
2520 2972 2652 3011 vero
2698 2956 2864 3010 inane
2913 2964 3332 3023 argumentum;
3370 2967 3486 3006 nam
3513 2948 3716 3021 quamvis
3735 2947 3772 3001 in

2274 3050 2541 3104 indicibus
2589 3048 2847 3104 librorum
2903 3047 3170 3115 Origenis,
3201 3062 3342 3115 quos
3395 3047 3446 3100 in
3495 3044 3634 3099 tertio
3677 3042 3771 3092 lita:

2275 3142 2540 3212 Pamphili
2591 3142 2728 3196 libro
2809 3141 3077 3195 Eusebius
3139 3147 3522 3208 pertexuerat,
3574 3150 3661 3188 non
3704 3147 3772 3185 sos

2270 3235 2440 3300 mille,
2470 3237 2564 3290 sed
2591 3250 2655 3288 ne
2681 3235 2838 3290 tertia
2866 3234 3082 3303 quidem
3107 3247 3234 3301 pars
3267 3241 3477 3301 reperta
3500 3228 3582 3292 sit,
3605 3225 3772 3280 minime

2270 3324 2396 3378 hinc
2454 3321 2685 3379 ellicitur
2734 3336 2841 3377 non
2893 3321 3076 3391 plures
3129 3321 3196 3374 ab
3241 3319 3474 3390 Origene
3502 3313 3770 3370 luculn'amS.

2267 3427 2428 3482 quam
2460 3419 2592 3481 quot
2625 3417 2973 3466 recensuerat
3002 3407 3290 3463 Eusebius.
3343 3408 3473 3460 l’ars
3512 3402 3664 3470 aliqua
3689 3400 3772 3467 jam

2269 3503 2652 3569 interciderat;
2679 3516 2804 3572 pars
2836 3500 3001 3570 ipsius
3016 3497 3277 3569 effugerat
3305 3495 3646 3564 diligentiam:
3681 3491 3777 3545 licet

2270 3595 2412 3650 enim
2434 3594 2526 3651 lib.
2556 3611 2608 3649 γι
2649 3593 2875 3657 Histor.,
2907 3607 3025 3662 cap.
3051 3591 3140 3655 '52,
3176 3602 3490 3644 accuratum
3517 3598 3676 3640 eorum
3705 3596 3774 3634 ca-

2271 3689 2509 3760 talogum
2552 3687 2789 3742 texuisse
2831 3700 2888 3740 se
2929 3685 3149 3748 scribat,
3190 3699 3303 3736 non
3330 3694 3518 3751 omnes
3548 3688 3696 3731 tamen
3723 3671 3772 3725 ad

2271 3780 2440 3850 ipsius
2469 3780 2716 3835 notitiam
2747 3779 3065 3848 pervenisse
3087 3775 3432 3832 crediderim.

2346 3871 2422 3927 Ne
2450 3872 2571 3940 quis
2595 3885 2727 3925 vero
2761 3877 2978 3923 censeat
3005 3881 3100 3922 sex
3135 3866 3223 3921 illa
3278 3867 3524 3920 librorum
3568 3859 3717 3923 millia,
3739 3855 3774 3910 si

2271 3965 2431 4019 modo
2482 3964 2703 4018 totidem
2760 3961 2826 4016 ah
2872 3959 3104 4032 Origene
3184 3961 3372 4030 scripti
3406 3966 3541 4019 sunt,
3585 3951 3771 4022 ingentia

2271 4059 2515 4125 quaadam
2579 4055 2852 4112 volumina
2914 4053 3118 4118 fuisse,
3186 4052 3482 4122 cujusmodi
3527 4057 3630 4119 puta
3666 4057 3775 4110 opus

2270 4159 2453 4200 contra
2508 4142 2739 4209 Celsum,
2775 4146 2858 4198 \‘cl
2901 4159 3034 4213 opus
3062 4142 3200 4213 Περὶ
3237 4141 3460 4213 ἀρχῶν,
3486 4139 3557 4193 vel
3605 4135 3707 4190 tomi
3734 4131 3777 4182 in

2269 4237 2551 4302 Joannem,
2587 4237 2670 4292 vel
2697 4235 2932 4290 homilias
2968 4237 3025 4290 in
3047 4234 3271 4293 Lucam.
3312 4233 3551 4304 Epistolas
3577 4225 3774 4296 singular.

2271 4329 2466 4400 singuli
2503 4331 2653 4392 tomi,
2693 4328 2916 4398 singulae
2978 4328 3230 4392 homilias,
3280 4343 3379 4382 suo
3422 4336 3625 4395 quaeque
3658 4316 3777 4372 titulo

2271 4433 2325 4477 et
2363 4426 2577 4478 nomine
2634 4422 2687 4478 in
2741 4423 2885 4477 hunc
2931 4436 3151 4476 censum
3209 4429 3504 4483 venerunt;
3544 4425 3681 4482 atque
3724 4409 3776 4461 iu

2275 4514 2435 4569 facile
2467 4514 2656 4584 ingens
2705 4513 2795 4568 ille
2824 4528 3082 4569 numerus
3113 4513 3337 4582 prodiit,
3369 4511 3455 4581 qui
3489 4523 3578 4564 nec
3601 4508 3777 4572 supera!

2275 4607 2458 4674 (idem,
2522 4611 2619 4661 nec
2676 4606 2828 4662 valde
2885 4607 3147 4662 mirabilis
3189 4616 3290 4661 est.
3349 4605 3531 4660 Fertur
3573 4599 3778 4668 Didymos

2271 4697 2675 4752 Alexandrinus
2699 4699 3087 4769 grammaticus
3132 4700 3196 4752 ad
3229 4699 3331 4752 tria
3363 4697 3519 4752 millia
3548 4692 3774 4747 librorum,

2273 4799 2327 4842 et
2359 4789 2686 4860 quingentos
2720 4791 3020 4859 scripsisse.
3067 4788 3266 4844 Narrat
3294 4789 3550 4858 Georgius
3585 4782 3774 4838 Alexan-

2277 4881 2465 4935 drinus
2497 4881 2614 4950 pios
2652 4883 2908 4951 quosdam
2947 4882 3095 4936 viros
3129 4891 3248 4951 post
3286 4876 3628 4950 Chrysostomi
3665 4886 3774 4926 mor-

2278 4983 2407 5040 tem,
2433 4974 2684 5028 homilias
2715 4973 2830 5042 ejus
2860 4973 3208 5042 octingentas
3229 4988 3386 5043 supra
3409 4979 3621 5040 quatuor
3647 4960 3772 5018 mille.

2275 5081 2398 5136 cum
2429 5081 2616 5121 omnes
2656 5081 2759 5120 non
2791 5075 3034 5134 possent,
3068 5067 3120 5118 in
3159 5081 3320 5119 unum
3358 5062 3636 5129 collegisse.
3663 5053 3771 5107 Tau-

2278 5169 2385 5214 tam
2425 5173 2554 5213 vero
2607 5158 2863 5212 librorum
2913 5156 3287 5229 Cbrysostomi
3343 5153 3567 5225 ejusdem
3609 5145 3771 5214 copiam

2275 5251 2444 5307 fuisse
2485 5252 2646 5306 tradit
2679 5251 2897 5316 Suidas,
2924 5260 2982 5305 ut
3027 5267 3304 5306 numerum
3331 5251 3626 5318 superarent
3653 5254 3664 5290 :
3690 5247 3770 5287 tum

2220 5353 2242 5378 ο
2275 5345 2428 5413 quasi
2481 5360 2592 5399 rem
2653 5359 2757 5398 non
2798 5343 2932 5398 satis
2980 5344 3358 5413 significasset,
3413 5321 3770 5392 additthiwaé

2277 5437 2721 5508 συγγραμμάτων
2764 5433 2927 5488 αὑτοῦ
2974 5435 3292 5502 καταλέγειν
3319 5433 3405 5486 τὸν
3447 5422 3668 5500 ἀριθμὸν,
3696 5413 3768 5466 οὐκ

2278 5528 2582 5598 ἀνθρώπου,
2622 5526 2756 5580 Θεοῦ
2789 5529 2845 5580 δὲ
2875 5527 3074 5598 μᾶλλον
3097 5526 3192 5580 τοῦ
3241 5527 3308 5579 τὰ
3345 5524 3511 5576 πάντα.
3531 5511 3768 5585 γινώσκον-

2277 5635 2388 5681 τος·
2433 5636 2450 5668 ι
2477 5618 2602 5685 Eius
2635 5634 2764 5673 vero
2819 5618 3254 5673 lucubrationum
3305 5623 3568 5670 recensere
3607 5609 3766 5696 .nume-

2280 5726 2423 5777 rum,
2461 5726 2565 5765 non
2613 5711 2870 5776 hominis,
2908 5713 3000 5766 sed
3031 5710 3123 5766 Dei
3179 5712 3352 5782 potius
3378 5716 3476 5766 ρει,
3512 5699 3591 5768 qui
3627 5701 3765 5782 omnia

2278 5802 2575 5873 cognoscit.
2609 5821 2627 5855 ι
2673 5800 2868 5860 Fertur
2903 5779 3218 5860 Theodorus
3272 5801 3639 5868 Mopsucstcnus
3672 5779 3762 5848 ν¹¹¹¹
