4068 6312
332 391 468 446 “2.9

1206 381 1772 449 ORIGENIANORUM
1804 386 1932 450 LIB.
1972 384 2060 461 In,
2104 386 2254 452 cAr.
2290 384 2357 466 ιι,
2395 396 2586 453 sacr.
2626 357 2672 451 ιζ

3422 392 3557 454 1190

332 525 487 578 quam
527 504 709 564 decem
735 506 1065 562 voluminum
1113 505 1280 559 millia
1321 506 1577 571 edidisse,
1607 506 1891 578 Raymun-
1921 517 1971 573 Α
2000 509 2362 582 Hieronymus
2407 512 2459 566 in
2516 510 2785 566 Prommio
2851 508 3216 565 Traditi‘onum
3278 509 3559 565 Hebraica-

333 602 431 657 dus
458 616 584 655 vero
627 599 831 654 Lollius
861 598 978 669 plus
1013 611 1169 666 quam
1203 606 1458 664 quatuor.
1496 596 1672 652 Causa
1728 598 1896 666 igitur

332 708 439 747 non
491 700 609 746 erat
649 707 745 744 cur
780 706 875 745 sex
924 688 1070 743 mille
1118 686 1287 742 libros
1332 688 1400 742 ab
1448 687 1681 757 Origene
1728 690 1897 744 fuisse

333 780 558 850 scriptos
604 791 711 832 tam
755 778 1038 847 praefracta
1082 776 1489 831 asseveratione
1532 776 1896 847 Hieronymus

333 868 702 935 inliciaretur;
746 882 868 921 cum
915 880 1038 920 eum
1083 866 1380 934 praesertim
1409 866 1643 921 fateatur
1666 868 1811 923 mille
1843 877 1898 923 et

332 975 399 1015 eo
428 960 654 1030 amplius
685 966 942 1012 tractatus
982 958 1035 1012 in
1073 957 1309 1012 Ecclesia
1354 957 1519 1011 fuisse
1566 957 1820 1025 locutum,
1844 967 1899 1014 et

333 1048 748 1105 innumerabiles
794 1056 1056 1115 praeterea
1117 1058 1292 1101 tomos
1342 1048 1596 1101 edidisse.
1648 1048 1892 1103 lndicem

330 1155 492 1209 porro
533 1140 786 1194 librorum
835 1139 1024 1208 ipsius,
1061 1150 1183 1207 post
1232 1138 1542 1202 Eusebium,
1587 1139 1729 1193 idem
1760 1154 1898 1208 quo-

329 1245 435 1299 que
506 1230 927 1285 concinnaverat
983 1229 1347 1300 Hieronymus
1415 1229 1470 1283 in
1524 1230 1889 1287 voluminibus

329 1321 698 1391 epistolarum,
730 1336 867 1390 quas
908 1322 972 1375 ad
1002 1320 1221 1375 Paulam
1267 1319 1587 1389 scripserat;
1610 1331 1665 1377 et
1694 1321 1886 1392 Orige-

328 1429 450 1470 nem
467 1430 586 1469 cum
607 1414 869 1479 Varrone,
888 1414 1002 1467 viro
1017 1412 1349 1484 πολυγράφῳ
1365 1413 1688 1479 contulerat,
1705 1422 1764 1467 ut
1779 1414 1897 1482 ipse

328 1507 396 1563 de
424 1523 482 1561 se
508 1517 735 1561 testatur
769 1508 820 1560 in
860 1506 994 1560 libro
1032 1505 1109 1559 De
1135 1508 1374 1574 scriptor.
1417 1506 1619 1572 eccles.,
1656 1520 1775 1573 cap.
1806 1504 1891 1561 85.

401 1601 489 1655 Vl.
530 1601 791 1655 Caeterum
829 1613 951 1653 cum
991 1599 1133 1652 circa
1165 1597 1331 1653 libros
1372 1613 1555 1653 sacros
1588 1598 1742 1652 labor
1774 1594 1898 1651 Ori-

329 1690 500 1760 genis,
528 1698 582 1743 et
630 1686 891 1742 industria
960 1685 1301 1757 potissimum
1355 1696 1569 1741 versata
1622 1686 1731 1753 sit,
1781 1700 1888 1740 non

331 1784 521 1837 eadem
576 1780 811 1835 editione
852 1779 904 1833 in
954 1778 1021 1833 iis
1071 1778 1485 1848 interpretandis
1524 1792 1651 1833 usus
1674 1785 1759 1832 est
1794 1792 1810 1830 :
1841 1775 1897 1830 in

1998 615 2157 654 rum:
2188 618 2207 653 t
2235 602 2308 655 De
2361 601 2684 656 Adamantio
2722 611 2900 656 autem
2946 601 3115 667 sileo,
3166 602 3318 673 cujus
3363 618 3558 658 nomen

1998 689 2063 761 (si
2106 705 2271 760 parva
2300 690 2430 746 licet
2457 705 2783 761 componere
2825 690 3053 759 magnis)
3087 706 3209 746 meo
3230 695 3447 748 nomine
3482 695 3560 748 ἰιῖι

1999 782 2262 838 vidiosius
2297 784 2532 853 est:qui
2565 798 2687 838 cum
2744 783 2797 837 in
2845 782 3084 837 homiliis
3136 784 3269 848 suis,
3314 800 3449 853 quas
3490 786 3559 839 ad

1999 873 2213 943 vulgum
2243 873 2512 943 loquitur,
2540 888 2883 928 communem
2932 874 3225 929 editionem
3274 884 3561 942 sequatur;

1999 966 2051 1019 in
2105 965 2281 1026 tomis,
2313 965 2365 1018 id
2410 974 2492 1019 est
2536 964 2589 1018 in
2646 963 3001 1031 disputatione
3051 964 3239 1034 majori
3296 962 3561 1020 llebraica

1997 1054 2230 1108 veritate
2279 1054 2529 1123 stipatus,
2571 1061 2625 1107 et
2664 1068 2885 1107 suorum
2922 1054 3286 1108 circumdatus
3333 1056 3563 1123 agmini-

1999 1145 2123 1210 bus,
2156 1145 2426 1199 interdum
2478 1144 2673 1215 lingure
2713 1144 3010 1213 peregrina!
3057 1145 3252 1213 quaerit
3289 1145 3508 1200 auxilia.
3538 1164 3557 1198 ι

1999 1235 2265 1301 Quocirca
2312 1234 2609 1304 Scriptum
2652 1234 2962 1289 testimonia
2993 1236 3060 1289 ab
3092 1250 3154 1290 eo
3194 1249 3563 1305 saepenumero

1999 1326 2155 1381 aliter
2210 1325 2377 1380 relata
2427 1327 2689 1395 reperies,
2733 1342 2796 1382 ac
2833 1326 2887 1381 in
2930 1326 3262 1382 editionibus
3291 1340 3557 1397 concepta
3614 1381 3622 1391 ,

1950 1414 1957 1419 ’
2002 1424 2144 1480 sunt,
2190 1428 2307 1484 qute
2359 1414 2518 1468 hodie
2563 1414 3051 1471 circumferuntur:
3089 1419 3231 1484 quod
3274 1427 3326 1470 et
3359 1432 3422 1471 ex
3452 1434 3563 1472 me-

2000 1506 2187 1559 moriae
2236 1505 2457 1574 perfidia
2494 1505 2783 1574 aliquando
2823 1507 3067 1577 contigit.
3094 1506 3197 1561 Par
3232 1508 3285 1561 in
3316 1508 3561 1577 Evange-

2001 1594 2192 1648 liorum
2218 1594 2553 1663 depromptis
2596 1595 2663 1649 ab
2689 1609 2753 1650 eo
2779 1594 2913 1649 locis
2948 1595 3241 1650 discrimen
3277 1598 3560 1663 occurrit;

2000 1699 2124 1739 nam
2172 1695 2532 1755 praeterquam
2581 1685 2725 1754 quod
2772 1686 3043 1741 variantes
3128 1702 3255 1741 suas
3309 1686 3564 1743 lectiones

2000 1776 2135 1831 Novi
2179 1790 2391 1845 quoque
2422 1774 2754 1831 Testamenti
2799 1777 3014 1833 codices
3056 1778 3343 1842 habebant,
3373 1788 3431 1833 ut
3465 1781 3564 1833 bo-

331 1873 573 1929 homiliis
600 1871 862 1941 siquidem
887 1884 1020 1938 quas
1052 1870 1117 1924 ad
1142 1869 1319 1939 pepuli
1341 1877 1554 1937 captum
1585 1880 1895 1921 accommo-
1927 1903 1972 1958 Β
1999 1866 2192 1935 dieque
2214 1865 2449 1931 habent;
2481 1866 2732 1919 utebatur
2773 1866 2840 1920 ad
2866 1867 2992 1921 haec
3015 1880 3385 1935 sarpenumero
3420 1868 3566 1923 Ada-

332 1966 517 2031 dabat,
576 1964 863 2018 editionem
919 1962 1245 2030 sequebatur
1304 1974 1683 2022 communem,
1734 1972 1895 2027 quam

333 2072 433 2111 usu
458 2055 774 2126 quotidiano
805 2052 1035 2125 populus
1086 2052 1436 2118 conterebat;
1468 2050 1522 2104 in
1561 2050 1718 2105 tomis
1762 2062 1889 2103 vero

334 2146 651 2203 llebraicam
679 2147 979 2211 veritatem,
1001 2144 1242 2213 aliasque
1262 2143 1496 2199 editione
1512 2157 1537 2196 s
1557 2140 1893 2196 consulebat.

2004 1956 2251 2011 manlius
2293 1955 2580 2026 Evangelio
2620 1956 2913 2011 secundum
2971 1956 3248 2022 Hebraeos,
3303 1968 3357 2013 ut
3398 1958 3563 2012 tradit

2004 2048 2361 2118 Hleronymus
2391 2047 2443 2101 in
2462 2048 2553 2101 lib.
2590 2046 2683 2116 De;
2699 2048 2885 2115 script.
2936 2049 3135 2110 eccles.,
3174 2064 3290 2117 cap.
3324 2048 3379 2115 4,
3407 2059 3565 2119 atque

2004 2136 2129 2192 inde
2163 2137 2585 2208 discrepantiam
2626 2137 2774 2192 illam
2817 2138 3092 2194 exstitisse
3133 2140 3386 2209 conjicio.

1657 2546 2034 2639 CAPUT
2094 2548 2228 2635 ΙΙ.

1354 2742 1653 2825 Origenis
1696 2719 2020 2822 exegetica
2062 2748 2123 2806 et
2162 2751 2548 2826 ἑρμηνευτικά.

398 3042 617 3118 (ΖΑιιιτιε
643 3058 861 3099 saeuum
889 3058 1273 3118 PARTITIO._—:
1297 3040 1637 3101 Sectionibus
1680 3046 1855 3118 tribus
1880 3045 1986 3101 hoc
2014 3056 2177 3117 caput
2200 3046 2537 3103 'continetnr.
2579 3044 2621 3102 l.
2652 3043 2817 3118 Varia
2844 3044 3286 3115 Origenianorum
3313 3045 3569 3118 ἐξηγητι-

331 3112 442 3166 κῶν
473 3129 668 3183 genera
707 3125 1111 3189 percensentur.
1147 3116 1208 3189 II.
1241 3116 1465 3189 Singula
1498 3118 1744 3189 Origenis
1778 3112 2110 3189 ὲξηγητικὰ’.
2148 3134 2373 3189 quorum
2424 3118 2637 3185 quidem
2690 3118 2755 3189 ad
2796 3112 3120 3189 banc—dicm
3178 3112 3433 3170 memoria
3470 3112 3569 3189 ἐυ-

331 3196 551 3257 perest,
585 3195 990 3257 cptiitteratttur.
1030 3184 1450 3257 ll_l._Agitur'hde
1487 3184 1776 3257 exegeticis
1816 3184 1945 3256 quas
1974 3184 2263 3257 supersunt
2287 3228 2301 3249 ,
2341 3184 2516 3255 deque
2556 3187 2782 3241 vetustis
2828 3186 3066 3257 ipsorum
3106 3186 3565 3257 interpretationi-

329 3256 449 3306 bus.
490 3252 574 3307 IV.
605 3253 917 3323 Disputatur
950 3255 1015 3309 de
1048 3252 1294 3325 Origeitis
1335 3252 1629 3324 Tetraplis',
1668 3252 1925 3327 Menapiis
1950 3294 1967 3321 ,
1997 3252 2054 3313 et
2081 3258 2315 3326 Octaplis
2362 3252 2535 3326 deque
2560 3256 2786 3327 vulgata
2838 3252 3071 3311 editione
3097 3252 3445 3326 Septuaginta
3480 3257 3567 3311 ln-

333 3330 647 3391 terpretum:

372 3626 525 3670 VAﬂlA
563 3630 1001 3672 ORiGENlANORUM
1038 3633 1445 3675 EXECETICORUM
1485 3633 1692 3673 GENERA
1733 3635 1866 3674 PER-

953 3704 1276 3742 CENSENTUB.

331 3750 388 3809 ί.
418 3753 746 3821 Scriptura»:
786 3758 1294 3829 sacrant_Arttbr°osii
1326 3769 1512 3827 rogatu
1539 3759 1785 3829 Origenes
1817 3758 1900 3811 in-

403 3836 715 3896 terpretatus
754 3839 847 3880 est.
880 3826 1235 3894 Confutantur
1264 3826 1520 3895 nonnulli,
1557 3826 1653 3896 qui
1674 3830 1900 3896 primum

406 3892 697 3967 {Scriptum
734 3914 899 3967 sacrae
926 3892 1252 3960 interpretem
1290 3900 1458 3965 ipsum
1498 3892 1895 3967 fuisse-volunt.

404 3963 468 4035 ll.
493 3963 813 4019 Dividuntur
846 3965 1085 4034 Origenis
1111 3963 1369 4035 exequiae
1402 3970 1456 4020 in
1482 3963 1702 4031 scholia,
1726 3967 1896 4021 homi-

400 4034 500 4106 lias
540 4045 589 4087 et
628 4046 824 4102 tomos;
865 4035 947 4087 IlI.
993 4038 1061 4106 de
1093 4034 1276 4103 quibus
1317 4037 1893 4106 sigillatimrquwritur.

402 4100 492 4156 Ν.
536 4106 673 4175 Quid
713 4100 818 4158 sint
854 4100 1203 4173 σημειώάεις
1241 4100 1558 4172 disputatur.
1589 4100 1647 4163 ν’.
1690 4108 1899 4175 Ἑρμη-

398 4174 640 4228 νευτικὰ
657 4191 780 4243 pars
826 4175 1219 4245 Ἐξηγητικῷν
1265 4176 1523 4244 Epistolas
1552 4177 1686 4230 inter
1712 4174 1896 4245 synta—

401 4258 578 4312 gmata
619 4246 953 4298 collocamus.
994 4245 1076 4298 VI.
1116 4244 1365 4313 Origenes
1414 4244 1754 4310 historicum,
1784 4262 1898 4314 my-

404 4321 594 4372 sticum
624 4325 673 4368 et
719 4315 971 4384 moralem
1010 4332 1217 4369 sensum
1252 4319 1566 4384 perscrutari
1596 4316 1744 4369 solet.
1787 4316 1895 4369 VII.

400 4389 510 4442 Cur
546 4386 714 4438 minor
737 4385 791 4436 in
832 4383 975 4437 Novo
1005 4402 1160 4454 quant
1193 4382 1259 4438 ini
1282 4383 1448 4439 Veteri
1477 4382 1801 4440 Testamento
1831 4387 1895 4438 ab

399 4455 675 4514 Ambrosio
705 4455 879 4507 dictus
902 4456 989 4521 sit,
1031 4457 1382 4525 investigatur.

418 4547 460 4603 l.
527 4546 828 4613 Antequam
912 4544 1059 4597 varia
1121 4543 1566 4612 Origenianornm
1636 4544 1894 4617 ἐξηγητι-

326 4641 442 4696 κῶν
478 4653 677 4711 genera
715 4650 1083 4706 percenseam,
1126 4645 1444 4691 revocentur
1488 4637 1542 4691 in
1583 4638 1896 4691 memoriam

326 4744 448 4804 quae
476 4746 635 4800 supra
664 4741 840 4784 notata
869 4738 1014 4792 sunt,
1038 4730 1103 4783 ad
1135 4729 1571 4797 interpretandos
1600 4728 1896 4799 Scriptura:

330 4836 501 4876 sacrae
545 4820 740 4883 libros,
767 4820 1040 4873 Ambrosii
1072 4818 1330 4881 consiliis,
1368 4820 1685 4873 auctoritate
1716 4827 1771 4872 et
1810 4835 1897 4873 ro-

1929 3553 1972 3613 C
2074 3543 2438 3603 Confutandus
2472 3542 2664 3598 deinde
2687 3540 2833 3595 venit
2858 3540 3236 3596 nonnullorum
3269 3555 3439 3605 error,
3472 3543 3565 3611 qui

2000 3640 2232 3711 primum
2262 3636 2549 3706 Origenem
2595 3633 2917 3703 Scripturas‘
2945 3633 3133 3716 fuisse.
3156 3634 3565 3702 interpretatum

2000 3730 2197 3786 litteris
2226 3728 2600 3798 prodiderunt.
2626 3724 2680 3778 In
2703 3725 2787 3779 his
2809 3725 2997 3779 beatus
3024 3723 3314 3779 Rhenanus
3341 3726 3406 3778 ad
3432 3724 3564 3778 Her-

2001 3837 2256 3876 mannum
2302 3818 2764 3889 archiepiscopum
2798 3814 3171 3871 Coloniensem
3226 3817 3299 3871 ita
3333 3818 3398 3872 de
3444 3817 3565 3871 Ori-

1980 3922 2136 3984 gene
2165 3912 2381 3968 disserit
2406 3931 2418 3966 :
2458 3928 2477 3961 ι
2514 3910 2721 3979 Quippe
2752 3908 2844 3963 hic
2874 3909 3136 3977 scriptor,
3164 3923 3289 3963 cum
3315 3910 3454 3978 quod
3486 3910 3569 3962 in-

1999 4006 2156 4075 genio
2189 4003 2679 4073 perspicacissimo,
2710 4009 2765 4054 et
2803 4000 3022 4069 optimis
3069 3999 3367 4068 disciplinis
3392 4000 3567 4053 omni-

1998 4095 2193 4150 fariam
2235 4092 2449 4147 exculto
2504 4091 2761 4161 praeditus
2816 4090 2947 4154 fuit,
2979 4099 3089 4143 tum
3132 4091 3273 4158 quod
3324 4090 3566 4160 improbo

1997 4185 2172 4241 studio
2200 4186 2372 4240 sacris
2403 4182 2765 4237 monumentis
2796 4180 3092 4251 invigilavit
3112 4221 3127 4245 ,
3162 4181 3367 4249 primus
3410 4183 3565 4251 quasi

1996 4276 2219 4345 glaciem
2269 4276 2430 4329 scidit
2481 4276 2634 4344 juxta
2692 4273 3076 4343 proverbium,
3124 4272 3177 4326 in
3248 4274 3569 4327 enarrandis

1998 4368 2295 4436 Scriptnris
2326 4366 2541 4421 divinis.
2577 4366 2706 4431 Quae
2726 4379 2851 4419 vera
2890 4364 3021 4427 laus,
3054 4380 3324 4433 quamque
3352 4366 3565 4431 copiosa

1999 4436 2261 4512 debeatur
2289 4456 2477 4525 primis
2499 4457 2798 4525 quibusque
2824 4471 3001 4510 rerum
3029 4454 3354 4522 optimarum
3383 4464 3569 4509 aucto-

1999 4550 2181 4614 ribus,
2218 4548 2417 4601 nemini
2454 4548 2763 4617 ambiguum
2798 4555 2899 4601 est.
2939 4565 2957 4599 ›
2996 4546 3059 4599 Et
3089 4544 3273 4600 Sixtus
3317 4545 3570 4600 Senensis

1999 4639 2090 4695 lib.
2139 4654 2191 4691 tv
2232 4637 2482 4691 Biblioth.
2546 4638 2636 4705 qui
2670 4637 2748 4690 sic
2778 4636 2890 4690 ait:
2933 4654 2951 4687 ι
2985 4634 3077 4689 ΙΙίε
3112 4634 3377 4688 similibus
3423 4636 3572 4689 exci«

2001 4728 2312 4783 tatiuncnlis
2346 4727 2543 4794 ubique
2576 4728 2649 4780 uti
2693 4727 2894 4791 voluit,
2942 4735 3103 4794 prout
3138 4724 3364 4779 decebat
3398 4725 3569 4778 homi-

2002 4834 2121 4872 nem
2169 4832 2303 4886 pene
2350 4816 2755 4883 αὐτοδίδακτον,
2801 4815 2991 4885 etqui
3039 4814 3244 4884 primus
3287 4818 3601 4884 aggressus

331 4919 455 4979 gatu
484 4908 769 4979 Origenem
802 4910 967 4964 fuisse
993 4907 1301 4976 impulsum,
1337 4916 1391 4960 et
1426 4911 1578 4974 quasi
1623 4909 1892 4974 adactum,
1931 4891 1973 4943 ί)
2002 4918 2144 4964 esset
2170 4908 2601 4977 explanationem
2633 4908 2871 4960 ontnium
2912 4908 3218 4960 divinarum
3261 4905 3566 4973 Scriptura-

331 5010 391 5053 ut
419 4999 589 5055 amice
621 5001 688 5053 ab
718 5015 783 5055 eo
815 5001 928 5069 ipse
955 4996 1255 5066 expostulat
1294 4997 1346 5049 in
1381 4996 1792 5051 Commentariis
1826 4998 1896 5051 ad

330 5090 521 5161 psalm.
542 5106 579 5155 ι,
601 5106 745 5145 num.
763 5090 818 5157 2,
840 5106 891 5159 p.
910 5089 1011 5143 526
1031 5090 1167 5160 (57),
1185 5096 1237 5142 et
1256 5095 1312 5141 ut
1327 5086 1378 5140 in
1398 5087 1627 5155 quadam
1647 5087 1892 5156 cpistola,

332 5197 493 5250 quam
520 5182 774 5236 exhibent
801 5180 1075 5236 Cedrenus
1104 5188 1158 5235 et
1196 5179 1411 5242 Suidas,
1442 5178 1630 5232 leviter
1656 5193 1892 5247 conque-

332 5276 487 5338 ritur,
518 5274 629 5344 (56)
657 5285 710 5329 et
740 5284 796 5328 ut
825 5276 939 5342 ipse
971 5275 1157 5328 scribit
1191 5273 1507 5327 Ambrosius
1554 5273 1605 5326 in
1653 5273 1883 5341 epistola

328 5365 398 5419 ad
432 5364 737 5434 Origencm,
770 5381 927 5433 quam
962 5362 1124 5419 refert
1180 5364 1533 5435 Hieronymus
1576 5366 1627 5418 in
1664 5365 1890 5433 cpistola

328 5456 418 5525 ‘38,
459 5458 525 5511 ad
550 5456 880 5511 Marcellam.

404 5599 513 5673 (56)
545 5604 610 5654 Et
644 5609 697 5651 ut
736 5599 842 5666 ipse
878 5595 1386 5673 srribit__Antbrosius
1430 5596 1483 5648 in
1531 5593 1774 5673 ⁸ζδζρὶεςῑοια
1821 5595 1889 5647 ad

332 5664 629 5741 Origenem,
649 5664 807 5741 quam
832 5668 986 5741 refert
1014 5664 1499 5741 llieronynt_tts,_etc.
1529 5668 1889 5736 Hieronymus

331 5744 385 5798 in
415 5736 516 5794 hac
551 5742 617 5792 ad
662 5736 967 5791 Marcellam
997 5736 1216 5803 epistola
1249 5737 1333 5789 I8.
1366 5737 1646 5801 (incertum
1675 5751 1740 5787 an
1779 5750 1890 5787 me.

333 5813 517 5868 moria:
546 5812 744 5877 lapsu),
771 5806 1053 5861 Ambrosio
1083 5805 1265 5860 tribuit
1302 5806 1468 5874 ipsam
1503 5805 1748 5873 Origenis
1772 5805 1888 5873 epi-

2003 5016 2141 5067 rum,
2175 5001 2406 5054 nondum
2455 5000 2522 5053 ob
2557 4999 2829 5068 ingentem
2879 5013 3062 5053 earum
3110 4996 3470 5050 difﬁcultatem
3501 4997 3567 5051 ab
3600 5023 3615 5041 -

2001 5093 2181 5162 aliquo
2207 5101 2547 5146 attentatam.
2592 5112 2610 5142 ι
2647 5091 2712 5145 Ει
2736 5090 3114 5146 Genebrardus
3146 5089 3195 5142 in
3225 5088 3463 5156 Epistola
3498 5090 3567 5143 ad

1999 5182 2250 5237 Carolum
2293 5181 2385 5246 1X,
2423 5182 2574 5249 cujus
2618 5183 2732 5236 haec
2761 5184 2923 5236 verba
2976 5190 3099 5235 sunt
3136 5197 3151 5231 :
3204 5198 3222 5229 ο
3266 5178 3567 5249 Theologiae
3622 5206 3629 5211 -

1998 5273 2409 5342 liquidissimum
2443 5274 2604 5327 veluti
2656 5272 3033 5341 scaturiginem
3084 5271 3309 5338 aperuit,
3343 5282 3395 5326 et
3442 5287 3564 5325 cum

2004 5366 2139 5433 frugi
2190 5364 2278 5419 illo
2309 5364 2611 5419 Salomonis
2643 5366 2757 5417 viro
2806 5360 3064 5415 derivavit
3111 5361 3289 5416 fontes
3319 5378 3445 5417 suos
3480 5362 3563 5416 fo-

2005 5473 2114 5511 ras.
2152 5475 2171 5508 ι
2205 5456 2340 5509 Τιιιιι
2394 5457 2621 5510 deinde:
2682 5473 2700 5506 ι
2736 5455 2801 5508 Et
2847 5468 2976 5507 sane
3020 5453 3288 5519 omnium,
3333 5470 3562 5523 quorum

1999 5594 2215 5656 stolam,
2253 5609 2410 5661 quam
2444 5595 2699 5647 exhibent
2733 5595 3005 5647 Cedrenus
3033 5602 3086 5647 et
3115 5592 3330 5657 Suidas,
3369 5608 3563 5663 quam-

1998 5680 2101 5734 que
2148 5675 2291 5717 torno
2323 5674 2519 5735 nostra:
2549 5664 2797 5735 editionis
2831 5680 2865 5723 I,
2904 5679 2956 5732 p.
2994 5665 3059 5730 5,
3093 5674 3347 5733 tanquam
3377 5666 3565 5735 genui-

1997 5749 2122 5791 nam
2160 5734 2325 5801 ipsius
2351 5734 2598 5799 Origenis
2638 5734 2928 5787 edidimus.

2069 5804 2180 5875 (57)
2217 5801 2347 5859 Vide
2376 5816 2569 5861 nostrae
2598 5804 2869 5872 editionis,
2899 5815 3027 5862 tom.
3058 5804 3096 5871 l,
3125 5821 3244 5876 pag.
3274 5807 3327 5861 5.
