4068 6312
231 418 361 473 1195

1100 414 1668 470 011111οΝ11Νο111111
1709 415 1834 473 LIB.
1880 415 1966 480 lll,
2002 413 2154 469 CAP.
2195 414 2258 479 11,
2306 414 2476 471 SECT
2519 418 2559 474 l.

3331 426 3469 483 1191

228 537 340 592 81νο
391 532 838 591 Commentarioli
894 530 1392 594 concludebantur.
1423 534 1627 589 idcirco
1666 550 1807 589 00111-
1835 539 1879 597 Α
1913 533 2113 601 posuit,
2160 532 2389 588 ﬁdeliter
2429 534 2600 599 magis
2649 547 2809 601 quam
2856 544 3043 590 ornate
3091 537 3474 607 interpretatus

222 630 483 684 uiaticum
513 627 980 699 interpretationis
1020 642 1188 697 genus
1214 641 1277 681 ea
1318 624 1677 696 Hieronymus
1706 642 1797 695 ap-

220 722 405 794 pellat.
439 722 674 778 Promm.
706 721 1013 777 Comment.
1051 721 1104 773 in
1151 718 1343 772 Matth.
1383 736 1403 769 1
1452 718 1667 787 Legissc
1714 733 1799 774 me

221 817 412 881 fateor,
451 818 651 885 inquit,
689 825 814 869 ante
862 827 1028 866 annos
1086 811 1343 880 plurimos
1392 812 1443 864 111
1493 810 1795 864 Matlltmum

217 908 471 980 Origenis
503 909 692 979 viginti
751 908 989 977 quinque
1017 906 1284 959 volumina
1305 944 1320 970 ,
1349 914 1403 960 et
1432 905 1653 960 totidem
1681 906 1797 974 ejus

217 1003 494 1063 homilias.
542 1002 1033 1068 commaticumquc
1066 998 1523 1068 interpretationis
1555 1012 1743 1066 genus.
1770 1018 1789 1053 1

219 1091 285 1145 Et
322 1092 557 1146 Promtn.
576 1091 877 1145 Comment.
903 1093 958 1145 in
992 1091 1160 1158 Epist.
1186 1091 1256 1142 ad
1282 1087 1457 1142 Galat.
1480 1104 1497 1141 :
1521 1104 1540 1139 1
1568 1088 1798 1159 Scripsit

212 1186 359 1239 enim
391 1185 477 1240 ille
518 1186 602 1238 vir
639 1183 940 1256 (Origenes)
974 1183 1024 1237 in
1080 1180 1369 1252 Epistulam
1404 1182 1550 1237 Pauli
1600 1184 1665 1236 ad
1695 1182 1797 1237 Ga-

211 1276 353 1331 latas
388 1278 625 1345 quinque
670 1277 887 1345 propria
924 1277 1193 1330 volumina
1217 1317 1231 1336 ,
1260 1285 1316 1329 et
1347 1277 1612 1330 decimum
1646 1276 1797 1331 Stro-

207 1378 415 1419 matum
469 1380 690 1420 suorum
743 1365 942 1420 librum
1000 1367 1319 1420 commatico
1352 1378 1513 1435 super
1541 1366 1795 1435 explana-

206 1457 358 1510 tione
390 1457 505 1526 ejus
537 1470 786 1511 sermone
828 1456 1135 1523 complevit.
1186 1456 1339 1523 Quod
1394 1456 1465 1510 ita
1517 1456 1788 1526 intelligo,

205 1552 417 1607 scholia
461 1552 514 1605 in
539 1549 829 1619 Epistulam
867 1549 933 1602 ad
964 1548 1182 1603 Galatas
1217 1550 1427 1603 decimo
1469 1548 1793 1603 Stromamm

204 1658 431 1697 suorum
480 1643 617 1697 libro
662 1639 835 1709 ipsum
878 1640 1192 1697 inseruisse.
1249 1660 1267 1693 1
1314 1641 1530 1696 Scholia
1565 1656 1692 1695 vero
1727 1638 1789 1693 ad

204 1750 494 1790 sacrorum
571 1733 832 1789 librorum
903 1750 1055 1789 oram
1133 1734 1433 1789 attexuisse
1496 1733 1790 1799 Origenem

203 1827 448 1882 ostendit
487 1826 624 1880 liber
675 1826 1082 1881 vetustissimus
1132 1825 1321 1880 Renati
1370 1823 1647 1885 Marchali,
1683 1840 1789 1891 quo

203 1916 564 1972 continentur
593 1916 873 1985 prophetae
901 1930 1111 1979 omnes,
1146 1916 1345 1987 quique
1376 1919 1429 1969 in
1455 1915 1660 1984 collegii
1682 1914 1785 1968 Pa-

204 2008 457 2062 risiensis
490 2004 779 2061 Societatis
805 2005 933 2060 Jesu
972 2006 1294 2060 bibliotheca
1325 2016 1593 2067 servatur,
1615 2015 1669 2058 et
1695 2019 1788 2059 cu-

196 2100 292 2169 jus
311 2113 534 2153 usuram
560 2098 948 2152 humanissime
971 2097 1097 2151 mihi
1124 2100 1396 2152 concessit
1424 2096 1642 2151 Gabriel
1657 2097 1790 2151 Cos-

202 2193 414 2249 sartius
433 2192 778 2260 amplissima:
793 2190 921 2246 huic
939 2190 1277 2245 bibliothecae
1297 2189 1581 2259 praefectus
1598 2188 1789 2259 βιΰλιο-

200 2284 353 2354 Θήκη
380 2283 492 2353 lpse
520 2282 780 2353 ἔμψυχος,
803 2292 859 2337 01
884 2283 1141 2337 doctrina:
1169 2282 1348 2335 omnis
1374 2280 1786 2335 refertisaimum

202 2392 376 2445 penu.
429 2373 732 2444 Prophetia:
779 2374 1076 2428 Ezechielis
1137 2372 1415 2441 prafixum
1474 2373 1577 2428 hoc
1625 2373 1788 2427 habet

203 2466 300 2522 ille
341 2466 479 2521 liber
520 2465 887 2538 ιΜετελήφθη
934 2465 1043 2519 ἀπὸ
1084 2464 1192 2519 τῶν
1241 2464 1381 2517 κατὰ
1422 2464 1520 2528 τὰς
1550 2464 1789 2528 ἐκδόσεις

211 2552 557 2618 Ἐξαπλῶν,
596 2555 692 2606 καὶ
729 2551 1011 2624 διωρθώθη
1044 2552 1152 2606 ἀπὸ
1202 2552 1310 2604 τῶν
1350 2551 1658 2622 Ὠριγένοος
1692 2553 1788 2604 αὐ-

200 2646 301 2700 τοῦ
333 2646 700 2715 Τετρωλῶν,
724 2644 881 2699 ἅτινα
898 2646 989 2699 καὶ
1018 2644 1183 2698 αὐτοῦ
1212 2646 1355 2716 χειρὶ
1377 2644 1671 2716 διώρθωτο,
1692 2645 1786 2698 καὶ

201 2739 697 2812 ἐσχολιογράφητοο
727 2739 849 2793 ὅθεν
889 2737 1162 2800 Ἐυσέϐιος
1206 2736 1317 2805 ἐγὼ
1348 2738 1415 2791 τὰ
1450 2738 1634 2807 σχόλια
1650 2755 1788 2809 παρ-

200 2832 402 2903 έθηκα.
438 2849 457 2883 1
487 2833 832 2900 Desumptum
867 2838 951 2883 est
989 2829 1055 2882 ab
1095 2827 1373 2898 Hexaplis,
1399 2828 1553 2896 juxta
1594 2830 1787 2885 editio-

204 2941 327 2990 nes,
387 2933 441 2978 et
483 2921 823 2977 emendatum
870 2935 935 2976 ex
987 2922 1153 2990 ipsius
1204 2920 1455 2991 Origenis
1504 2912 1785 2990 Teii-aptis,

198 3032 325 3085 qtue
356 3026 414 3071 et
444 3031 607 3069 manu
639 3014 807 3083 ipsius
841 3013 1149 3076 emendata,
1171 3023 1223 3067 et
1254 3012 1477 3068 scholiis
1505 3014 1785 3067 succincta

198 3118 387 3165 erant.
424 3107 579 3166 Unde
616 3121 718 3177 ego
763 3107 1026 3162 Eusebius
1059 3106 1263 3161 scholia
1308 3106 1554 3174 apposui.
1594 3123 1613 3155 1
1654 3104 1790 3159 111110

1904 636 2066 679 sum:
2114 642 2134 676 1
2175 634 2232 678 01
2276 625 2328 677 111
2375 624 2645 679 Prommio
2688 625 3040 680 Commentar.
3081 629 3133 682 in
3192 630 3358 697 Epist.
3406 634 3473 684 ad

1901 714 2083 771 Galat.
2120 732 2143 770 :
2180 734 2198 766 1
2236 714 2464 784 Scripsit
2496 717 2637 769 enim
2679 717 2767 770 ille
2810 717 2895 771 vir
2938 717 3234 788 (Origenes)
3268 722 3319 774 in
3349 722 3471 789 Epi-

1901 806 2097 862 stolam
2129 805 2276 860 Pauli
2301 808 2366 858 ad
2398 805 2615 860 Galatas
2648 808 2886 876 quinque
2918 809 3129 876 prOpria
3184 810 3472 873 volumina,

1897 910 1949 953 et
1977 898 2243 953 decimum
2284 896 2609 953 Stromatum
2661 913 2882 954 suorum
2924 901 3117 955 librum
3154 904 3478 955 commatico

1897 991 2476 1061 superexplanatione
2522 992 2640 1059 ejus
2706 1007 2952 1047 sermone
3004 993 3332 1063 complevit:
3368 1002 3475 1047 tra-

1895 1092 2073 1138 ctatus
2119 1092 2339 1153 quoque
2396 1085 2607 1148 varios.
2658 1092 2711 1139 et
2752 1095 3035 1152 excerpta,
3084 1100 3201 1153 quae
3245 1086 3328 1140 vel
3366 1088 3475 1140 sola

1897 1175 2105 1246 possint
2136 1175 2384 1229 sufﬁcere
2407 1208 2422 1238 ,
2460 1176 2782 1242 composuit.
2826 1193 2845 1227 1
2897 1174 3098 1244 Nempe
3141 1183 3350 1239 tomos,
3381 1180 3477 1231 ho-

1898 1265 2072 1320 milias
2127 1273 2182 1319 et
2212 1265 2421 1320 scholia
2462 1266 2735 1334 significat
2779 1276 2877 1334 per
2915 1267 3153 1334 quinque
3195 1264 3282 1318 illa
3326 1266 3477 1319 volu—

1897 1356 2061 1418 mina,
2094 1363 2148 1409 et
2198 1362 2485 1417 tractatus,
2518 1364 2573 1409 et
2618 1354 3001 1408 commaticutn
3045 1364 3382 1418 sermonem,
3412 1368 3475 1407 ac

1894 1454 2168 1514 excerpta.
2214 1442 2517 1500 Concludat
2548 1456 2673 1500 vero
2719 1446 2944 1499 forsitan
2979 1461 3046 1500 ex
3076 1447 3175 1501 hoc
3229 1448 3348 1500 loco
3377 1447 3471 1500 ali-

1895 1541 2038 1608 quis,
2085 1548 2339 1608 excerpta
2383 1548 2437 1592 ct
2481 1541 2861 1593 comtnaticum
2894 1548 3199 1593 Sermonem
3234 1556 3318 1593 res
3352 1555 3472 1595 esse

1894 1631 2134 1683 diversas
2175 1631 2319 1683 :sed
2367 1630 2607 1696 frustra;
2648 1631 2700 1685 id
2752 1632 2893 1685 enim
2952 1632 3053 1686 sibi
3108 1632 3220 1685 vult
3284 1631 3472 1688 Hiero-

1897 1738 2114 1794 nymus,
2146 1722 2247 1776 alia
2286 1723 2339 1776 in
2374 1724 2640 1777 decimum
2683 1721 3010 1778 Stromutum
3045 1723 3238 1778 librum
3269 1725 3471 1780 inserta

1892 1831 2014 1871 esse
2058 1817 2283 1882 scholia,
2330 1817 2433 1869 alia
2487 1830 2733 1870 seorsum
2773 1816 3047 1869 elaborata
3094 1824 3147 1869 et
3175 1818 3469 1887 descripta.

1886 1909 2110 1964 Fallitur
2141 1908 2395 1963 Erasmus
2424 1924 2544 1963 cum
2577 1907 2825 1962 homilias
2854 1907 2970 1962 illas
3002 1917 3151 1963 recte
3183 1910 3287 1964 dici
3320 1918 3470 1975 putat

1889 2001 2168 2071 colloquia,
2209 2018 2317 2056 non
2352 2000 2495 2056 enim
2531 1999 2793 2071 Origenes
2834 2015 2957 2056 cum
2995 1999 3331 2056 auditoribus
3360 2003 3470 2054 col-

1889 2093 2227 2162 loquebatur,
2266 2095 2357 2149 sed
2391 2093 2669 2149 auditores
2708 2090 3101 2163 alloquebatur;
3140 2106 3202 2148 ac
3243 2093 3468 2163 proinde

1890 2186 2081 2240 melius
2134 2186 2440 2240 dicerentur
2485 2185 2736 2256 alloquio.
2776 2186 2831 2240 111
2874 2185 2940 2239 118
2988 2185 3233 2254 phaleras
3275 2195 3472 2240 01010-

1888 2277 2024 2330 toria
2055 2280 2325 2347 pigmenta
2374 2277 2608 2344 neglexit
2646 2278 3039 2343 Adamantius;
3070 2278 3284 2347 planum
3317 2293 3465 2342 vero,

1888 2368 2153 2422 familiare
2211 2382 2275 2422 ac
2327 2369 2549 2438 simplex
2577 2408 2593 2433 ,
2640 2380 2739 2423 nec
2768 2369 2924 2423 valde
2973 2369 3264 2438 prolixum,
3310 2369 3471 2439 quale

1889 2457 2102 2514 facilius
2156 2460 2431 2528 patiuntur
2489 2459 2760 2524 homiliae,
2816 2460 3026 2515 dicendi
3066 2476 3235 2530 genus
3289 2478 3469 2532 perse-

1888 2559 2044 2605 cutus
2085 2560 2189 2605 est.

1957 2641 2111 2697 Tomi
2148 2643 2289 2697 idem
2323 2650 2451 2698 sunt
2482 2656 2600 2713 qua:
2626 2649 2681 2697 et
2714 2643 3014 2715 ὲξηγητικὰ
3046 2648 3265 2717 proprie
3287 2648 3463 2709 dicta;

1889 2752 2011 2790 nam
2043 2736 2292 2806 quamvis
2327 2734 2429 2790 hoc
2453 2737 2669 2790 nomine
2697 2737 2833 2792 afﬁci
2872 2740 3105 2809 possint,
3130 2756 3466 2811 quaecunque

1888 2829 2346 2899 interpretationis
2384 2831 2502 2884 vice
2537 2831 2830 2900 funguntur
2871 2850 2886 2896 ;
2944 2841 3109 2902 atque
3160 2835 3228 2886 ita
3263 2848 3367 2887 non
3400 2835 3466 2888 ad

1887 2931 2061 2975 tomos
2096 2921 2293 2986 solum,
2326 2921 2422 2976 sed
2450 2930 2506 2976 et
2550 2924 2615 2975 ad
2646 2922 2900 2978 homilias
2932 2924 3119 2987 etiam,
3156 2935 3213 2978 et
3262 2924 3465 2980 scholia

1888 3010 2081 3064 referri
2116 3011 2289 3081 possit
2316 3024 2377 3063 ea
2408 3025 2536 3077 vox,
2574 3011 2828 3083 illamque
2853 3013 3077 3069 editioni
3112 3023 3327 3081 nostrm,
3350 3031 3467 3085 quae

1891 3102 2049 3154 tomis
2082 3111 2133 3156 et
2181 3102 2420 3157 homiliis
2467 3114 2677 3157 constat
2717 3105 3104 3173 pra-fixerimus
3142 3124 3156 3170 ;
3191 3107 3468 3161 nihilomi-

197 3196 470 3251 discimus
512 3192 884 3263 Tetraptorum
933 3194 1128 3248 limbus
1173 3194 1391 3248 scholiis
1442 3195 1510 3249 ab
1555 3194 1787 3262 Origene
1813 3222 1855 3280 ρ
1891 3209 1989 3248 11118
2021 3203 2201 3248 tamen
2233 3195 2299 3247 ad
2332 3203 2507 3249 tomos
2544 3195 2821 3262 speciatim
2872 3205 2926 3249 01
2970 3199 3185 3266 proprie
3214 3200 3465 3267 pertinet,

197 3292 375 3346 fuisse
408 3290 734 3345 succinctos.
768 3288 822 3341 Si
858 3290 980 3355 quis
1026 3295 1204 3341 autem
1254 3287 1530 3342 existimet
1583 3300 1701 3357 quae
1734 3289 1785 3342 in

197 3383 305 3437 huc
334 3377 599 3436 Marchali
630 3379 815 3435 codice
840 3380 906 3431 ad
930 3392 1080 3433 oram
1110 3377 1433 3443 Ezechielis,
1454 3376 1789 3443 aliorumque

194 3474 592 3545 prophetarum
627 3480 847 3525 0110111το
869 3478 993 3523 811111
1022 3468 1418 3530 adnotationes,
1441 3474 1502 3521 ea
1532 3468 1644 3535 ipsa
1670 3480 1791 3521 esse

194 3563 463 3633 Origenis
491 3560 720 3626 scholia,
752 3559 979 3613 multum
1032 3563 1075 3614 is
1111 3575 1244 3614 sane
1273 3560 1497 3614 errabit.
1526 3559 1790 3615 Constant

192 3656 347 3708 enim
377 3653 483 3707 illae
512 3652 706 3722 partim
729 3652 892 3705 variis
918 3651 1452 3719 interpretationibus
1479 3667 1543 3706 ex
1571 3651 1787 3720 Aquila,

195 3736 583 3800 Theodotione
634 3752 688 3797 et
741 3742 1068 3813 Symmacho
1139 3742 1475 3812 depromptis
1519 3760 1534 3808 ;
1595 3743 1786 3812 partim

195 3836 532 3892 lectionibus
565 3836 732 3890 variis
757 3876 772 3899 ,
811 3835 893 3889 vel
940 3836 1086 3890 circa
1138 3834 1427 3890 lectionum
1467 3834 1787 3887 varietatem

195 3931 697 3987 observationibus.
732 3928 949 3985 Neutra:
979 3946 1106 3986 vero
1155 3944 1251 4000 pro
1281 3928 1506 3984 scholiis
1539 3926 1789 3996 Origenis

199 4024 398 4079 haberi
448 4034 673 4092 possunt
715 4041 728 4077 :
783 4039 888 4078 non
930 4026 1138 4093 priores
1183 4040 1199 4089 ;
1251 4024 1373 4092 quis
1413 4023 1555 4077 enim
1601 4031 1790 4092 putare

198 4114 379 4185 possit
432 4114 482 4166 in
516 4112 781 4181 Tetrapla,
814 4129 935 4184 qua:
979 4114 1225 4179 scholiis,
1253 4122 1314 4168 ut
1342 4113 1477 4176 dixi,
1513 4112 1785 4167 succincta

194 4215 365 4265 erant
390 4247 406 4273 ,
445 4208 583 4262 unde
614 4216 666 4263 et
699 4209 801 4263 ista
849 4218 1122 4278 assumpta
1170 4217 1329 4271 sunt,
1366 4207 1710 4277 depromptas
1757 4221 1788 4260 e

197 4301 441 4356 diversis
486 4301 840 4368 interpretum
870 4300 1292 4369 expositionibus
1328 4300 1619 4368 particulas
1656 4314 1786 4352 con-

199 4392 409 4446 "ecisse
438 4391 752 4461 Origenem,
784 4407 906 4445 cum
943 4394 993 4446 in
1023 4393 1089 4448 iis
1120 4392 1291 4462 plenae
1321 4393 1449 4463 ipsa:
1474 4406 1537 4446 ac
1567 4391 1787 4460 integrae

199 4483 692 4552 interpretationes
746 4483 1115 4538 haberentur?
1163 4498 1266 4537 non
1298 4484 1666 4553 posteriores;
1702 4493 1786 4535 ut-

1894 3286 2066 3353 iisqtte
2098 3296 2478 3352 nunquamnmt
2531 3285 2581 3337 in
2630 3284 2867 3352 antiquis
2892 3286 3163 3340 codicibus
3192 3288 3465 3344 tribuitur.

1892 3375 2320 3444 Explicationum
2373 3374 2541 3429 libros
2584 3378 2819 3445 appellat
2875 3375 3102 3430 Rufinus
3147 3378 3196 3429 in
3242 3376 3468 3446 Prnlogo

1891 3467 2354 3536 interpretationis
2381 3467 2912 3521 Commentariorum
2956 3467 3204 3537 Origenis
3247 3470 3301 3521 in
3348 3467 3467 3521 Nn-

1890 3562 2077 3611 meros.
2114 3546 2169 3611 111
2223 3558 2286 3611 iis
2332 3557 2597 3628 Origenes
2644 3556 2909 3613 llebraica
2940 3560 3173 3612 veritate
3217 3559 3465 3627 stipatus,

1890 3659 1944 3704 el
1994 3663 2214 3704 suorum
2258 3649 2627 3704 circumdatus
2658 3649 2963 3720 agminibus
2987 3689 3004 3714 ,
3038 3651 3334 3719 peregrinas
3383 3650 3467 3703 in-

1892 3742 2102 3796 terdum
2135 3741 2329 3810 linguas
2359 3744 2636 3812 quaerebat
2662 3742 2883 3805 auxilia,
2914 3752 2968 3796 ‘ut
3002 3741 3168 3796 tradit
3202 3740 3470 3812 Hierony-

1890 3849 2009 3887 mus
2047 3834 2100 3887 in
2136 3834 2375 3889 Procem.
2412 3833 2613 3899 Qutrst.
2653 3834 3037 3888 llebraicarum
3063 3848 3082 3885 :
3134 3835 3185 3889 in
3234 3836 3469 3890 homiliis

1890 3932 2068 3980 autem
2101 3942 2441 3982 communem
2472 3927 2763 3981 editionem
2814 3927 3166 3995 sequebatur,
3211 3937 3270 3980 ut
3307 3944 3469 3999 supe-

1892 4018 2035 4072 riore
2075 4019 2317 4084 sectione
2350 4027 2595 4074 notatum
2625 4030 2727 4073 est.

1960 4109 2049 4164 lV.
2084 4111 2563 4183 lnterpretationes
2603 4123 2863 4182 prteterea
2907 4112 3156 4184 Origenis
3186 4114 3469 4183 quasdam,

1890 4202 2219 4275 σημειώσεις
2260 4203 2558 4274 appellatas
2605 4205 2839 4274 reperio.
2894 4204 3090 4261 Utrum
3144 4208 3362 4262 scholiis
3401 4226 3469 4262 an

1886 4298 2184 4369 exegeticis
2216 4298 2433 4369 proprie
2482 4298 2645 4353 dictis
2685 4314 2790 4352 vox
2836 4314 2896 4353 ea
2948 4301 3146 4354 tributa
3183 4301 3294 4364 sit,
3325 4315 3473 4368 quat:-

1890 4392 2117 4445 rendum
2148 4399 2252 4445 est.
2299 4390 2659 4461 Hieronymus
2701 4390 2923 4446 scholiis
2958 4390 3244 4446 manifeste
3283 4392 3472 4446 tribuit

1890 4497 2113 4552 procem.
2156 4483 2210 4537 in
2253 4483 2606 4538 tCommcnt.
2662 4484 2864 4537 lsaiw:
2902 4481 3226 4550 «Feruntur,
3276 4484 3467 4553 inquit,

197 4583 333 4643 pote
368 4574 420 4628 in
452 4576 645 4644 quibus
679 4589 823 4644 stepe
850 4572 1118 4644 Origenis,
1140 4584 1194 4629 et
1226 4573 1421 4629 alicubi
1451 4573 1781 4629 0110111000-
1814 4575 1857 4633 1)
1884 4587 1938 4631 01
1963 4576 2051 4629 alii
2086 4576 2187 4631 sub
2231 4576 2450 4631 nomine
2503 4578 2618 4646 ejus
2670 4577 2963 4647 (Origenis)
3009 4577 3075 4631 de
3125 4577 3328 4633 visione
3380 4596 3470 4631 τε-

197 4666 430 4724 8101111111
458 4666 797 4737 imperatoris
835 4667 1034 4721 mentio
1066 4668 1175 4719 tlat.

276 4757 529 4813 Homilize
556 4775 583 4812 a
621 4759 812 4813 Rufino
835 4767 889 4814 et
924 4759 1252 4830 Hieronymo
1282 4758 1569 4814 Tractatus
1599 4758 1787 4828 appel-

195 4851 413 4905 lantur.
459 4850 715 4920 Apologia
772 4849 1041 4920 Pamphili
1115 4867 1144 4903 a
1208 4850 1404 4905 Rufino
1465 4866 1783 4907 conversa:

200 4961 221 4993 1
262 4937 553 5009 Prtecipne
581 4955 708 4993 vero
745 4954 840 5009 per
877 4955 970 4995 eos
1004 4948 1266 4995 tractatus
1286 4982 1300 5005 ,
1330 4950 1466 5009 Quos
1496 4950 1630 5011 pene
1653 4956 1789 5010 quo-

194 5031 336 5088 tidie
386 5031 438 5085 in
485 5031 723 5086 Ecclesia
761 5032 992 5087 habebat
1040 5042 1105 5087 ex
1145 5046 1417 5104 tempore,
1445 5050 1581 5103 quos
1610 5044 1664 5088 et
1694 5034 1786 5088 de-

189 5123 511 5181 scribentes
546 5123 738 5179 notarii
780 5124 848 5179 ad
885 5125 1276 5179 monimentum
1308 5126 1644 5195 posteritatis
1676 5130 1787 5179 tra-

189 5219 432 5274 debant.
462 5235 482 5267 1
518 5215 875 5287 Hieronymus
912 5217 1158 5270 adversus
1198 5215 1539 5287 Vigilantiam
1564 5258 1580 5282 ,
1628 5219 1787 5288 epist.

193 5309 289 5370 75,
326 5305 403 5361 de
430 5307 663 5361 homiliis
690 5309 741 5361 in
776 5307 875 5362 Job
906 5309 1131 5380 loquens
1157 5350 1171 5374 ,
1199 5325 1334 5381 quas
1382 5308 1619 5365 llilarius
1659 5326 1781 5363 ver-

193 5409 344 5454 terat
371 5416 386 5452 :
426 5416 447 5449 1
477 5397 586 5452 Cur
618 5396 906 5454 Tractatus
934 5400 1051 5466 ejus
1080 5399 1132 5453 in
1160 5398 1290 5465 Job,
1336 5401 1534 5471 inquit,
1577 5404 1781 5459 descri-

193 5501 321 5559 ptos
360 5489 573 5545 habes?
601 5509 620 5541 1
654 5500 707 5545 01
734 5491 786 5544 111
813 5490 1133 5547 Praefatione
1156 5495 1223 5548 ad
1254 5494 1505 5550 homilias
1531 5494 1780 5566 Origcnis

194 5584 250 5636 in
280 5580 609 5637 Canticum:
644 5602 663 5633 1
693 5582 802 5638 Hos
828 5584 964 5638 duos
998 5594 1281 5649 tractatus,
1322 5602 1459 5655 quos
1490 5588 1540 5640 in
1576 5602 1779 5642 morem

196 5672 506 5744 quotidiani
535 5666 733 5744 eloquii
758 5674 997 5744 parvulis
1044 5677 1219 5732 adhuc
1263 5675 1586 5733 lactantibus
1630 5697 1780 5736 com-

274 5871 414 5942 (57‘)
445 5870 576 5926 Vide
598 5871 848 5926 editionis
880 5881 1081 5927 nostra
1104 5882 1232 5931 tom.
1273 5874 1333 5944 ll,
1367 5892 1484 5948 pag.
1526 5877 1639 5936 118.

531 5968 799 6029 Ρηιυη.
832 5972 951 6030 (111.
980 5970 1184 6035 XVII.

1891 4667 2171 4739 τραπόδων
2206 4668 2310 4722 duo
2340 4667 2405 4721 ad
2453 4667 2673 4723 Gratata
2718 4668 2874 4731 libri,
2926 4668 3017 4738 qui
3071 4671 3467 4740 pseudographi

1890 4770 2180 4829 putantur,
2216 4768 2269 4814 et
2312 4759 2499 4831 viginti
2550 4761 2791 4830 quinque
2831 4761 3096 4828 homiliae,
3123 4774 3179 4817 et
3226 4764 3468 4835 σημειώ-

1892 4869 2023 4920 σεις,
2083 4869 2218 4923 quas
2278 4869 2376 4910 nos
2438 4862 2688 4922 excerpta
2744 4869 3031 4923 possumus
3120 4857 3408 4925 appellare.
3443 4878 3462 4909 1

1886 4945 2155 5018 Excerpta
2215 4948 2401 5019 igitur,
2469 4965 2565 5004 seu
2629 4948 2840 5019 σχόλια,
2904 4964 2967 5004 00
3041 4960 3169 5005 811111
3226 4951 3468 5023 σημειώ-

1895 5060 2029 5106 σεις.
2060 5042 2128 5095 At
2164 5040 2473 5096 Philucafia:
2518 5056 2635 5111 cap.
2688 5042 2796 5107 27,
2855 5051 3137 5112 postquam
3200 5044 3467 5112 prolixum

1894 5134 2144 5204 Origenis
2173 5134 2534 5203 fragmentum
2567 5136 2621 5187 in
2656 5132 2832 5187 Exod.
2859 5149 2913 5201 x,
2941 5135 3030 5198 27,
3061 5133 3330 5204 prolatum
3359 5147 3466 5201 est,

1894 5227 2060 5280 verba
2112 5226 2225 5280 11100
2271 5227 2622 5295 sequentibus
2666 5226 2871 5297 aliquot
2924 5227 3242 5293 fragmentis
3292 5229 3469 5297 [110011-

1896 5326 2093 5383 guntur
2133 5338 2146 5373 :
2190 5318 2284 5372 καὶ
2330 5318 2489 5373 πάλιν
2531 5320 2589 5373 ὲν
2626 5319 2769 5390 ἄλλῳ
2810 5319 2960 5390 τόμῳ
3001 5320 3057 5373 ἐν
3108 5322 3226 5384 ταῖς
3276 5321 3464 5385 αὐταῖς

1885 5410 1965 5473 εἰς
2010 5407 2109 5481 τὴν
2158 5410 2375 5475 Ἔξοδον
2424 5410 2788 5483 σημειώσεσιν
2829 5400 2985 5483 (57').
3017 5411 3185 5481 Igitur
3229 5409 3466 5483 σημειώ-

1881 5522 1994 5569 est;
2023 5509 2343 5564 constabant
2381 5510 2579 5576 tomis;
2610 5510 2774 5580 igitur
2818 5525 3151 5580 quaecunque
3199 5512 3299 5565 hoc
3333 5507 3464 5563 Plii-

1883 5598 2093 5655 locafia:
2140 5601 2318 5671 capite
2350 5601 2653 5672 fragmenta
2702 5602 2754 5656 in
2783 5601 3023 5657 Exodum
3070 5614 3463 5672 repraesentan-

1887 5700 1996 5756 tur,
2030 5689 2202 5761 petita
2234 5702 2360 5747 sunt
2386 5694 2453 5746 ὲκ
2478 5691 2587 5748 τῶν
2615 5690 2987 5762 σημειώσεων.
3017 5692 3093 5749 Ea
3117 5708 3248 5749 vero
3291 5692 3465 5750 neuti-

3107 5979 3186 6035 38
