4068 6312
656 386 793 446 1195

1906 386 1966 442 Ρ.
2009 383 2322 440 DANIELIS
2363 382 2590 439 HUETIl

3694 391 3793 447 1196

652 529 814 583 quam
862 527 959 582 pro
1005 510 1220 566 seltoliis
1269 509 1453 564 haberi
1500 512 1757 578 possunt,
1805 508 1897 560 sed
1940 506 2205 573 justorum
2237 514 2282 570 Α
2312 507 2712 561 benedictiones
2738 514 2944 560 tantum
2973 544 2989 570 ,
3016 518 3187 573 neque
3235 502 3528 557 futurorum
3574 504 3667 559 sola
3702 525 3797 576 pm.

654 603 1165 657 commentariorum
1200 600 1369 653 vicem
1412 600 1673 669 explent;
1702 611 1764 651 ea
1807 605 1893 651 est
1940 613 2117 651 rerum
2150 614 2214 653 ac

655 694 943 747 verborum
969 691 1185 745 ubertas
1213 699 1265 744 et
1290 691 1466 758 copia.

724 785 835 854 Ego
876 782 1089 852 quidem
1116 780 1437 853 σημειώσεις
1468 786 1714 852 generale
1738 787 2053 843 vocabulum
2093 798 2216 839 esse

655 886 802 944 puto,
845 891 953 945 quo
999 876 1128 930 tomi
1175 886 1226 929 et
1262 876 1463 929 scholia
1523 879 1885 933 continentur.
1950 874 2215 947 Σημειοῦ-

657 966 777 1020 σθαι
801 977 904 1030 est,
938 985 956 1017 ι
996 968 1272 1031 adnotare,
1298 970 1741 1023 commentarium
1787 970 2045 1031 scribere,
2078 969 2215 1022 scri-

656 1068 801 1125 ptum
833 1057 1048 1125 aliquod
1082 1058 1147 1111 ad
1179 1058 1321 1111 aliud
1353 1058 1604 1126 adjicere,
1638 1058 1946 1123 ascribere;
1980 1058 2217 1127 σημείω-

656 1163 759 1209 σις,
798 1147 1091 1214 adnotatio,
1146 1148 1566 1202 commentarius
1595 1188 1610 1213 ,
1662 1150 1919 1219 quidquid
1968 1150 2033 1201 ad
2074 1147 2217 1200 aliud

655 1238 944 1292 scribendo
998 1238 1269 1306 adjicitur,
1310 1258 1329 1292 ι
1381 1241 1679 1306 cujusmodi
1716 1250 1841 1294 sunt
1904 1241 2109 1296 scholia
2165 1248 2214 1293 et

646 1330 1020 1385 commentarii
1047 1330 1136 1399 qui
1170 1332 1234 1383 ad
1260 1346 1411 1385 oram
1443 1332 1698 1385 librorum
1728 1333 1891 1386 attexi
1926 1333 2120 1388 solent.
2140 1331 2216 1385 ita

646 1420 1027 1489 intelligendus
1063 1420 1325 1475 Eusebius
1348 1421 1442 1476 lib.
1471 1436 1501 1468 ν
1534 1421 1759 1485 Ηίειον..
1783 1436 1833 1479 c.
1862 1422 1951 1488 ΞΟ,
1982 1437 2101 1476 cum
2130 1438 2223 1491 χα-

659 1514 944 1580 ριεστάτην
972 1509 1269 1579 σημείωσιν
1313 1509 1545 1578 appellat
1582 1511 1999 1565 obtestationem
2031 1526 2221 1579 quam-

654 1597 775 1649 dam
800 1598 1003 1666 quaajad
1034 1599 1192 1651 tinem
1230 1598 1349 1651 libri
1381 1597 1560 1652 irenzei
1593 1599 1732 1667 Περὶ
1770 1596 2054 1669 ὀγδοάδος
2086 1614 2223 1667 pra:-

660 1697 740 1740 ter
766 1697 1073 1741 contextum
1113 1686 1318 1754 adjecra
1366 1699 1501 1742 erat.
1534 1687 1660 1743 lude
1707 1690 1796 1743 lux
1824 1705 2036 1760 quoque
2065 1689 2220 1744 alteri

655 1778 893 1847 ejusdem
921 1778 1133 1833 Eusebii
1163 1779 1279 1833 loco
1314 1780 1408 1833 lib.
1438 1795 1509 1844 vr,
1542 1795 1661 1849 cap.
1700 1781 1789 1841 16,
1824 1782 1909 1834 ubi
1947 1782 2012 1834 de
2038 1780 2220 1834 Hexa-

2320 598 2604 664 nuntiatio,
2634 606 2891 665 quantum
2945 609 3124 649 mores
3166 595 3248 647 vel
3306 595 3611 663 propositum
3643 612 3797 664 eorum,

2320 692 2400 744 vel
2430 690 2591 742 etiam
2620 689 2862 757 quamdam
2892 686 2957 740 ab
2981 687 3059 739 eis
3115 695 3261 754 gesta
3307 685 3596 740 notabiliter
3620 702 3800 757 arguun-

2324 792 2431 836 tur.
2464 782 2592 848 Qua:
2625 795 2711 834 res
2738 779 2895 833 nobis
2925 779 3245 845 tripartitam
3290 776 3371 847 (ut
3406 777 3453 829 itt
3484 777 3591 830 aliis
3629 778 3799 835 iecimus

2322 871 2723 942 explanationis
2760 868 3041 923 materiam
3079 866 3318 933 subjicit,
3348 865 3416 917 ita
3458 876 3511 919 ut
3540 865 3801 921 benedictio-

2324 982 2419 1020 nes
2442 964 2873 1020 bistoriwlocum
2911 971 3163 1024 servent;
3194 958 3470 1027 prophetia
3504 972 3616 1011 vero
3664 962 3803 1027 mysti-

2325 1074 2446 1111 cum
2494 1067 2652 1126 atque
2707 1055 3096 1125 dogmaticum;
3146 1066 3357 1105 tuorum
3415 1050 3657 1117 correptio
3688 1061 3807 1117 atque

2325 1149 2628 1217 objurgatio
2657 1147 2911 1201 moralem
2949 1146 3143 1213 dirigat
3171 1143 3391 1211 stylum.
3426 1158 3443 1191 ι
3468 1139 3605 1205 Quod
3635 1141 3744 1193 idem
3771 1142 3807 1194 in

2326 1243 2432 1295 line
2463 1242 2696 1310 ejusdem
2756 1238 2986 1293 bomiliaz
3018 1235 3235 1305 repetit.
3286 1235 3364 1287 Ab
3406 1232 3644 1286 historico
3677 1244 3807 1287 autem

2326 1346 2484 1386 sensu
2517 1334 2583 1384 ad
2630 1330 2941 1401 mysticum,
2994 1343 3023 1380 a
3075 1328 3306 1396 mystico
3355 1324 3418 1377 ad
3473 1323 3694 1377 moralem
3731 1323 3810 1377 fere

2326 1424 2666 1493 progreditur
2690 1441 2703 1488 ;
2733 1421 2976 1490 quamvis
3000 1419 3141 1472 hunc
3166 1416 3411 1471 ordinem
3453 1424 3693 1483 pervertat
3715 1432 3811 1471 non-

2326 1532 2624 1585 nunquam,
2671 1514 2905 1568 litteram
2965 1510 3256 1578 aliquando
3312 1509 3571 1577 negligat,
3616 1522 3640 1559 a
3673 1508 3810 1559 morali

2327 1607 2662 1675 expositione
2694 1608 2760 1657 ad
2792 1604 3074 1672 mysticam
3103 1601 3427 1671 quandoque
3470 1606 3693 1651 transeat.
3716 1595 3809 1662 QuIe

2327 1699 2575 1767 quoniam
2619 1709 2780 1764 supra
2841 1696 3140 1750 luculenter
3171 1692 3538 1754 tractavimus,
3563 1691 3661 1744 haec
3683 1690 3809 1743 obiter

2330 1792 2568 1861 tetigisse
2592 1790 2837 1844 suilieiat.

658 1869 757 1933 ptis
791 1868 1039 1938 Origenis
1068 1884 1250 1938 agens,
1287 1870 1458 1938 deque
1493 1872 1657 1926 variis
1713 1872 1911 1941 quibus
1957 1872 2045 1925 illa
2095 1887 2225 1927 con-
2255 1866 2264 1919 Ι

2202 1902 2225 1911 ·
2255 1866 2295 1919 Β
2393 1884 2503 1939 VII.
2530 1882 2713 1937 Finem
2744 1881 2868 1935 huic
2900 1881 3241 1949 imponemus
3266 1874 3510 1941 sectioni,
3557 1872 3808 1927 adducentes

658 1960 879 2013 stabant
936 1961 1489 2029 interpretationibus,
1520 1961 1593 2015 ita
1646 1963 1831 2017 scribit
1868 2009 1879 2019 .
1928 1964 2140 2027 Ταύτας
2166 1964 2223 2016 δὲ

660 2051 873 2115 ἁπάσας
902 2052 994 2103 ἐπὶ
1027 2050 1220 2104 ταύτὸν
1253 2051 1592 2120 συναγαγὼν,
1622 2053 1807 2106 διελών
1836 2072 1894 2107 τε
1941 2056 2075 2127 πρὸς
2117 2055 2224 2108 κῶ-

658 2136 769 2198 λον,
832 2136 925 2190 καὶ
975 2138 1359 2209 ἀντιπαραοεὶς
1417 2141 1689 2210 ἀλλήλαις,
1745 2145 1881 2213 μετὰ
1924 2146 2018 2198 καὶ
2056 2146 2224 2216 αὐτῆς

657 2228 755 2298 τῆς
798 2228 1058 2299 Ἐϐραίων
1091 2230 1438 2300 σημειώσεως
1458 2274 1473 2297 ,
1498 2234 1567 2287 τὰ
1600 2234 1706 2286 τῶν
1730 2234 2033 2305 λεγομένων
2066 2238 2225 2301 Ἐξα-

659 2318 829 2371 πλῶν
860 2318 986 2389 ἡμῖν
1015 2321 1318 2391 ἀντίγραφα
1343 2322 1756 2379 καταλέλοιπεν.
1810 2345 1831 2377 ς
1854 2326 1945 2382 llis
1975 2329 2225 2383 omnibus

660 2410 711 2460 in
737 2426 900 2462 unum
936 2412 1001 2463 ab
1024 2425 1087 2465 eo
1116 2413 1378 2477 collectis,
1406 2423 1461 2467 et
1499 2429 1593 2483 per
1645 2416 1760 2469 cola
1803 2417 2009 2480 divisis,
2047 2431 2109 2470 ac
2141 2417 2224 2470 in-

658 2502 827 2555 vicem
862 2518 891 2555 e
918 2503 1136 2572 regione
1164 2507 1423 2572 oppositis
1450 2546 1466 2569 ,
1496 2522 1615 2560 cum
1652 2506 1968 2561 llebraicum
2006 2521 2227 2576 przeter-

661 2609 723 2648 ea
784 2604 1095 2648 contextum
1116 2597 1484 2665 ascripsisset,
1510 2596 1836 2665 exemplaria
1864 2598 2018 2652 nobis
2047 2596 2227 2651 ﬂexa-

658 2687 884 2754 plorum,
917 2687 987 2740 uti
1014 2688 1267 2756 appellari
1294 2689 1489 2748 solent.
1527 2689 1764 2757 reliquit.
1800 2709 1818 2740 ι
1878 2690 2029 2756 Quod
2064 2689 2226 2745 Euse-

661 2780 779 2833 bius
810 2779 1105 2849 σημείωσιν
1145 2780 1409 2851 Ἐϐραίων
1438 2782 1592 2845 dixit,
1627 2784 1963 2836 commodius
1990 2782 2230 2852 παραθέ-

663 2888 774 2933 σεις
806 2871 901 2940 τῆς
956 2871 1248 2943 Ἐϐραϊκῆς
1280 2873 1574 2944 ἑρμηνείας
1634 2874 1968 2941 Epiphanius
2023 2890 2228 2927 nuncu-

664 2966 831 3030 pavit,
868 2964 1022 3032 quasi
1082 2966 1251 3028 dicas,
1307 2983 1324 3015 ι
1363 2966 1757 3033 adjuuctioues,
1808 2964 2160 3033 adjectiones.
2203 2985 2221 3018 ι

661 3057 872 3125 Optime
901 3072 1113 3127 quoque
1139 3056 1470 3126 Nicephorus
1496 3058 1945 3129 παρασημείωσιν
1975 3059 2226 3123 reddidit,

662 3151 764 3204 lioc
791 3161 894 3214 est,
918 3171 935 3201 ι
966 3151 1378 3220 descriptiOnem
1407 3151 1472 3203 ad
1510 3151 1650 3203 aliud
1708 3152 1979 3215 additam;
2020 3169 2037 3201 ι
2075 3150 2227 3204 addi-
2257 3214 2298 3234 η

663 3252 713 3293 ta
748 3242 889 3295 enim
924 3243 1227 3311 praepositio
1277 3250 1426 3295 notat
1476 3256 1597 3295 esse
1631 3241 1738 3293 τῶν
1780 3242 1913 3312 πρός
1961 3258 2034 3295 τι.
2094 3242 2227 3297 Cum

661 3347 791 3403 ergo
818 3333 1021 3387 scholia
1068 3344 1124 3387 et
1173 3333 1592 3396 commentaria,
1646 3333 1868 3387 alterius
1918 3333 2232 3403 scriptionis

660 3424 995 3493 explicanda:
1023 3424 1193 3492 gratia
1225 3424 1385 3479 scribi
1407 3425 1635 3488 soleant,
1666 3425 1822 3493 eique
1844 3442 1984 3493 saepe
2013 3424 2231 3495 adjungi

659 3526 715 3570 et
772 3517 838 3569 ad
881 3530 1033 3569 oram
1100 3516 1308 3580 attexi,
1370 3526 1652 3585 prapterea
1709 3513 2034 3586 σημειώσεες
2088 3524 2235 3569 recte

662 3609 805 3662 dicta
850 3617 977 3662 sunt
1022 3622 1035 3659 :
1099 3622 1273 3676 neque
1330 3608 1603 3662 immerito
1655 3606 1963 3661 Philocalia:
1996 3616 2233 3661 textores

664 3698 765 3751 hoc
797 3695 1115 3751 vocabulum
1145 3696 1588 3760 Commentariis,
1620 3694 1978 3767 Hieronymus
2001 3695 2235 3751 Scholiis

665 3787 920 3843 tribuere.

735 3876 800 3931 γ.
830 3876 1113 3931 Communi
1155 3891 1367 3945 quoque
1402 3875 1740 3948 ἐξηγητικῶν
1772 3875 1926 3931 titulo
1969 3875 2232 3946 Tetrapla,

668 3970 906 4038 llexapla
947 3980 1001 4023 et
1046 3968 1265 4028 Octapla
1311 3967 1559 4034 Origenis
1623 3967 2066 4037 complectimur,
2115 3984 2236 4037 quae

666 4061 881 4131 proprio
914 4059 1168 4112 vocabulo
1198 4057 1565 4129 ἑρμηνευτικὰ
1594 4060 1861 4125 appellare
1893 4059 2083 4127 possis.
2103 4060 2234 4113 Cum

665 4155 807 4208 enim
838 4169 899 4207 ex
932 4153 1093 4206 variis
1129 4152 1428 4219 Scriptura:
1478 4151 1707 4227 conﬂata
1743 4154 1853 4205 sint
1911 4155 2236 4223 interpreta-

668 4246 922 4307 tionibus,
956 4246 1008 4297 in
1066 4257 1188 4296 eum
1251 4242 1437 4296 venire
1488 4243 1791 4297 debuerunt
1845 4260 2092 4309 censum,
2128 4260 2236 4314 quo

664 4351 996 4408 quascunque
1044 4336 1109 4389 ad
1159 4333 1615 4403 interpretantlam
1666 4333 2001 4402 Scripturam
2053 4335 2237 4389 elabo—

670 4431 808 4483 ravit
832 4427 1209 4491 Adamantius,
1242 4426 1611 4481 continentur.
1650 4425 1763 4481 lluc
1797 4428 1979 4495 adjicit
2034 4429 2238 4493 episto-

669 4520 747 4574 las
803 4520 992 4575 Sixtus
1051 4519 1328 4583 Senensis,
1383 4518 1523 4585 quod
1575 4520 1880 4587 propositas
1928 4521 2029 4573 sibi
2090 4520 2235 4573 circa
2270 4552 2314 4606 Ι)

669 4613 957 4679 Scriptura:
1013 4612 1425 4667 illustrationem
1494 4615 1821 4680 quaestiones
1892 4612 2236 4668 rescribendo

668 4701 925 4771 Origenes
954 4700 1280 4756 dissolverit.
1313 4702 1381 4755 At
1431 4716 1552 4755 cum
1612 4701 1714 4754 alia
1751 4715 1966 4770 quoque
2000 4716 2096 4769 per
2126 4702 2239 4771 epi-

668 4793 833 4847 stolas
858 4802 1173 4859 argumenta
1202 4803 1464 4848 tractasse
1496 4795 1667 4863 ipsum
1698 4804 1926 4857 constet,
1945 4793 2089 4846 velut
2116 4809 2237 4847 cum

668 4888 733 4939 ad
756 4885 1057 4955 Philippum
1083 4884 1489 4953 imperatorem,
1523 4888 1604 4941 vel
1646 4890 1713 4940 ad
1750 4885 2031 4955 conjugem
2066 4886 2239 4953 ipsius

670 4981 947 5045 Severant,
977 4977 1060 5032 vel
1083 4981 1149 5032 ad
1186 4978 1481 5032 Fabianum
1518 4994 1707 5049 papam
1746 4977 1866 5031 fidei
1922 4993 2031 5030 suae
2078 4976 2239 5045 proii-

672 5075 843 5127 tendze
899 5088 1062 5127 causa
1113 5072 1392 5135 scriberet,
1447 5073 1640 5126 merito
1698 5072 1840 5124 inter
1900 5079 2237 5140 syntagmata

671 5166 924 5232 epistolas
950 5167 1118 5235 ipsius
1150 5164 1516 5233 conjiciendas
1542 5179 1849 5218 censemus.

743 5256 830 5313 Vl.
852 5258 951 5324 Qui
980 5256 1398 5328 interpretandis
1426 5254 1720 5325 Scripturis
1765 5257 1957 5327 triplex
1982 5257 2235 5330 ἐξηγητι-

670 5348 783 5403 κῶν
810 5364 978 5416 genus
1007 5349 1252 5402 adhibuit
1310 5348 1597 5418 Origenes,
1632 5349 1678 5403 is
1736 5350 2000 5415 triplicem
2035 5368 2099 5404 cx
2135 5351 2239 5406 illis

671 5455 887 5494 sensum
929 5454 1117 5493 eruere
1162 5455 1223 5493 ac
1254 5440 1585 5504 investigare
1641 5440 1960 5503 consuevit;
2019 5440 2238 5493 histori-

672 5549 817 5596 cum,
852 5547 1008 5600 quem
1038 5540 1091 5584 et
1120 5531 1311 5585 litterae
1340 5546 1561 5586 sensum
1611 5529 1902 5598 appellant,
1953 5531 2236 5599 mysticum

675 5634 726 5674 et
775 5621 1050 5676 moralem.
1089 5621 1178 5675 Sic
1230 5622 1315 5674 ille
1345 5622 1527 5675 homtl.
1560 5620 1624 5671 17
1660 5623 1711 5672 in
1757 5619 1969 5684 Cenes.,
2004 5637 2152 5676 num.
2184 5624 2234 5687 l,

676 5711 868 5777 p.106,
900 5711 986 5763 ubi
1023 5712 1133 5778 agit
1161 5713 1229 5764 de
1257 5712 1715 5765 benedictionibus
1755 5710 2179 5778 patriarcharum
2220 5728 2233 5764 :

681 5823 699 5852 ι
739 5801 792 5849 tu
823 5800 937 5865 ipso
963 5811 1140 5852 autem
1172 5814 1400 5866 corpore
1430 5812 1483 5855 et
1524 5801 1664 5855 serie
1705 5801 2011 5865 verborum,
2062 5819 2237 5873 neque

2326 1977 2454 2031 illud
2514 1975 2784 2028 Ambrosii
2835 1989 2864 2027 e
2908 1972 3003 2026 lib.
3035 1989 3087 2037 v,
3146 1971 3308 2038 epist.
3344 1969 3457 2023 45:
3502 1986 3519 2018 ί
3554 1966 3612 2019 Et
3632 1966 3669 2019 si
3692 1965 3809 2018 sciam

2326 2069 2466 2138 quod
2506 2066 2636 2120 nihil
2666 2065 2936 2121 diﬂieilius
2959 2065 3051 2125 sit,
3080 2078 3243 2131 quam
3272 2062 3339 2115 de
3390 2058 3603 2127 apostoli
3643 2056 3811 2109 lectione

2326 2162 2612 2221 disserere,
2669 2173 2790 2212 cum
2848 2157 2964 2226 ipse
3011 2156 3275 2222 Origenes
3329 2152 3484 2221 longe
3524 2149 3675 2201 minor
3705 2146 3808 2199 sitin

2327 2252 2492 2316 Novo,
2526 2266 2685 2319 quam
2710 2251 2762 2302 in
2795 2248 2971 2303 Veteri
3004 2246 3377 2301 Testamento.
3416 2261 3434 2289 ι
3466 2241 3615 2308 Cujus
3635 2238 3696 2291 rei
3723 2252 3813 2289 cau-

2327 2354 2412 2393 sas
2439 2339 2695 2407 qnmrenti
2732 2337 2861 2391 milii
2910 2338 2959 2391 id
3004 2334 3299 2397 succurrit,
3321 2342 3472 2386 artate
3497 2329 3708 2398 Origenis
3735 2327 3813 2395 plu-

2330 2431 2477 2484 ribus
2517 2431 2941 2493 commentariis,
2967 2426 3519 2496 interpretationilms,
3544 2423 3811 2477 dissertatio-

2328 2524 2505 2588 nibus,
2527 2523 2907 2578 traditionibus
2936 2522 3264 2576 illustratum
3298 2518 3461 2572 l'uisse
3488 2514 3811 2569 Testamentum

2330 2617 2517 2679 νεῑυεο
2544 2631 2701 2684 quam
2734 2614 2963 2679 Novum,
3000 2614 3154 2683 cujus
3199 2612 3576 2668 recouditiores
3599 2604 3814 2661 sententia

2329 2724 2713 2778 perpaucorum
2748 2708 3009 2762 industria
3039 2706 3257 2760 fuerant.
3290 2705 3357 2759 ad
3409 2705 3504 2757 hoc
3548 2710 3718 2767 tempus
3759 2696 3813 2747 in-

2329 2802 2643 2871 veSIigataa;
2700 2801 3033 2870 proindeque
3089 2799 3506 2852 lnstrumentum
3568 2791 3701 2845 Vetus
3738 2798 3814 2839 tra-

2330 2903 2566 2946 ctantem
2601 2892 2981 2946 Adamantium
3026 2888 3216 2955 majori
3259 2888 3421 2941 fuisse
3456 2885 3504 2939 in
3549 2883 3646 2936 luce
3682 2894 3814 2932 versa-

2332 2992 2462 3045 tum,
2492 2996 2795 3050 quamcum
2835 2978 2983 3034 Novo
3024 2980 3344 3049 explicando
3368 2990 3572 3045 operam
3596 2987 3715 3026 suam
3747 2987 3811 3020 na-

2331 3084 2499 3126 varet.
2520 3071 2634 3128 Huc
2659 3072 2867 3128 accedit
2895 3072 3128 3142 antiqnte
3156 3071 3291 3143 legis
3323 3070 3591 3139 abrogatas
3620 3077 3813 3120 canemu-

2334 3166 2450 3223 nias
2500 3176 2552 3221 et
2595 3167 2798 3234 judicia
2848 3177 3222 3228 enarrantem,
3282 3166 3485 3218 minore
3545 3158 3738 3229 periculo
3777 3156 3812 3206 in

2331 3259 2613 3328 allegorias
2643 3260 2950 3314 excurrisse
2980 3268 3034 3314 et
3086 3259 3425 3312 destruxisse
3461 3256 3812 3317 litteram,quant

2332 3364 2455 3402 cum
2511 3346 2713 3402 Christi
2770 3349 2983 3402 decreta
3048 3359 3102 3402 et
3154 3347 3461 3400 sanctiones
3511 3339 3812 3412 apostolorum.

2333 3440 2634 3509 dogmatum
2653 3453 2872 3493 suorum
2904 3438 3142 3492 novitate
3174 3438 3508 3506 depravaret.

2936 3598 3181 3654 SECTIO
3216 3597 3287 3651 ll.

2334 3709 2555 3750 SINGULA
2596 3709 2842 3750 ORIGENIS
2879 3710 3199 3757 EXEGETICA,
3243 3706 3457 3756 ουοιιωι
3495 3704 3555 3742 AD
3600 3700 3679 3742 50$
3728 3696 3816 3735 PE!-

2677 3781 2835 3819 νΕΝιτ
2866 3781 3084 3819 ΝΟΤΙΤΙΛ
3105 3805 3118 3828 ,
3150 3776 3555 3818 εκυηιῑιιλκτωι.

2336 3876 2375 3931 Ι.
2410 3876 2798 3948 Enumerantur
2818 3876 3057 3947 Origenis
3083 3878 3346 3948 exegetiga
3382 3877 3433 3928 in
3456 3867 3815 3948 Patiamur/mm;

2407 3947 2469 4001 ll.
2509 3949 2572 4000 lu
2604 3947 2790 4013 Iosue,
2823 3941 3057 4013 Iudices,
3092 3941 3248 3999 libros
3290 3944 3502 4013 Regum.
3530 3941 3814 4013 Paralipome-

2407 4035 2520 4087 ηωη
2544 4058 2557 4072 .
2602 4001 2790 4070 Eadm;
2825 4030 2870 4070 et
2903 4001 3161 4079 Job;'ll|.
3211 4018 3265 4068 iu
3303 4001 3648 4087 Psalterium;
3679 4001 3816 4087 lV-rin

2412 4086 2713 4149 Proverbia,
2748 4088 3095 4141 Ecclesiasten
3123 4098 3167 4139 et
3195 4086 3498 4143 Canticum;
3540 4081 3592 4134 ν·
3636 4081 3689 4149 ίηί
3726 4086 3817 4149 ¹⁷¹ἷ¹’

2400 4157 2543 4224 jores
2574 4142 2847 4224 prop/tetas
2878 4168 3142 4224 quatuor;
3186 4154 3273 4207 Vl.
3296 4168 3341 4207 et
3368 4157 3417 4205 in
3453 4142 3815 4224 minoresduodfj

2406 4216 2542 4290 inn,-
2574 4216 2685 4281 ’γιιζ
2722 4229 2839 4279 item
2879 4216 2939 4302 in
2989 4226 3294 4302 ΜιιιιΙι-ᾳςιψι
3318 4224 3582 4302 ,nLucnm.
3620 4216 3816 4302 ξρωξξκίξ

2409 4308 2458 4349 ει
2495 4282 2624 4349 Ᾰεια
2689 4297 3074 4359 apostolorum;
3147 4294 3279 4350 Vill.
3320 4282 3570 4363 Epistolas
3618 4284 3743 4337 Pauli
3784 4282 3818 4329 rt

2403 4368 2790 4435 Apocalypsmt.

2413 4525 2452 4581 l.
2519 4527 2802 4596 Postquam
2857 4526 3003 4579 varia
3055 4523 3494 4594 Origentanormn
3554 4516 3814 4581 Exegettrwn

2342 4634 2539 4689 genera
2606 4621 3061 4686 percensuimus;
3108 4617 3347 4685 singulas
3399 4628 3532 4668 nunc
3580 4601 3813 4671 exegelicls

2340 4709 2742 4765 lucubrationes
2793 4723 3115 4763 enumerare
3171 4708 3346 4771 decet,
3408 4714 3612 4772 quarum
3658 4694 3710 4745 ad
3752 4704 3812 4739 tw-

2339 4813 2505 4858 stram
2533 4811 2740 4855 :rtatem
2776 4802 2964 4856 notitia
2999 4802 3261 4868 pervenit.
3295 4798 3422 4851 Nam
3446 4810 3505 4848 ex
3540 4783 3708 4857 ingenti
3728 4780 3809 4868 har.

2338 4910 2501 4964 quam
2565 4893 2821 4956 diximus,
2869 4890 3226 4959 scriptionum
3272 4886 3531 4953 congerie,
3565 4892 3654 4932 non
3704 4864 3808 4967 ιιςοιιξξ

2339 5002 2465 5055 pars
2513 4984 2785 5038 intercidit
2816 4984 3072 5045 maxima,
3110 4980 3204 5033 sed
3248 4978 3523 5030 multarum
3548 4968 3684 5022 etiam
3714 4954 3806 5011 tituli

2340 5092 2403 5130 ac
2432 5076 2649 5129 nomina
2706 5073 3106 5129 obsoleverunt.
3140 5068 3572 5136 Quarumcnnque
3595 5067 3701 5120 ergo
3734 5058 3806 5098 ¹¹¹⁸⁴

2340 5169 2510 5221 moria
2549 5168 2725 5235 aliqua
2773 5168 2825 5218 in
2854 5175 3101 5219 veterum
3152 5159 3369 5228 scriptis
3393 5162 3587 5210 servata
3614 5156 3720 5239 8:1,.

2342 5232 2744 5313 recensebimus
2772 5257 3068 5326 sigillatim,
3105 5264 3159 5309 et
3187 5254 3339 5323 juxta
3366 5249 3603 5302 librorum
3631 5232 3805 5295 Scripw'

2339 5366 2412 5405 ra:
2442 5366 2609 5404 saera:
2635 5351 2877 5403 ordinem
2913 5348 3239 5415 digeremus.
3726 5408 3747 5415 _
3778 5404 3786 5415 .

2413 5442 2612 5497 Scribit
2634 5408 2997 5511 Epiphanius:
3013 5456 3075 5493 ex
3111 5451 3278 5505 eoque
3320 5432 3602 5485 Cedrenus,
3628 5425 3691 5511 iet
3722 5408 3805 5511 Siti:

2339 5536 2455 5599 das,
2483 5534 2720 5603 singulos
2745 5532 3044 5600 Scriptura:
3075 5543 3241 5582 sacrae
3266 5525 3425 5579 libros
3446 5510 3661 5603 Orige"_i5
3679 5495 3804 5603 “uti?

2340 5596 2507 5679 fuisse
2536 5596 2938 5691 interpretatos.
2970 5616 3367 5687 Auspieandum
3406 5625 3431 5662 a
3462 5598 3661 5691 Genesi.

2342 5716 2602 5771 tredecim
2661 5712 3175 5768 commentariorum
3230 5706 3373 5758 libris
3432 5706 3481 5751 et
3532 5684 3800 5758 mysticam!"

2342 5807 2682 5863 ltomiiiarutn
2715 5805 2869 5858 libris
2894 5804 3098 5857 duobus
3133 5797 3423 5867 explicasse
3452 5789 3600 5856 ipsum
3638 5774 3800 5875 testatur
