4068 6312
264 345 398 401 H97

1103 345 1669 401 ORlCENlANORUM
1714 347 1839 401 LIB.
1883 348 1970 411 Ill,
2011 348 2161 404 CAP.
2207 350 2269 413 ll,
2314 348 2507 405 SECT.
2544 351 2606 405 ll.

3352 364 3487 435 nos

258 464 615 536 Hieronymus
641 464 781 535 apud
814 464 1068 520 Ruﬁnum
1094 467 1293 521 Invect.
1328 466 1418 519 lib.
1452 482 1514 520 ιι.
1546 464 1657 537 (58)
1682 464 1822 520 Idem
1857 475 1896 527 Α
1928 468 1982 521 in
2008 465 2293 521 Leviticum
2319 467 2679 539 fragmentum
2717 472 2941 528 hahetur
2971 472 3276 534 Philocaliae
3314 484 3489 552 primo

254 566 448 625 quiest.
490 557 515 610 l
566 558 632 611 ad
664 558 874 613 Damas.
916 567 1098 611 narrat
1130 558 1508 611 Adamantium
1571 559 1826 613 duodeci-

256 666 402 705 mum
433 660 486 705 et
512 651 778 706 decimum
816 652 1026 706 tertium
1070 649 1261 702 librum
1294 650 1813 704 Commentariorum

254 758 479 798 suorum
543 745 598 797 in
653 744 893 799 Genesim
947 742 1074 797 huic
1126 743 1244 796 loco
1295 744 1609 812 exponendo
1633 759 1824 798 conse-

252 847 438 886 crasse
472 850 486 885 :
516 850 536 883 (
575 834 766 888 Omnis
789 834 877 902 qui
903 833 1164 887 occiderit
1206 832 1360 895 Cain,
1390 833 1688 902 septuplum
1728 848 1824 901 pu-

252 920 437 975 nietur
462 923 566 975 “.3
599 923 732 977 Hinc
750 922 1123 976 emendandus
1151 922 1414 975 Eusebius
1444 922 1594 990 cujus
1617 922 1752 977 libro
1768 940 1820 977 vt

252 1008 421 1075 Hist.,
478 1028 594 1081 cap.
644 1013 712 1067 24
739 1052 753 1077 ,
798 1014 911 1066 lucc
934 1012 1186 1082 leguntur
1213 1029 1228 1065 :
1255 1012 1409 1065 Κατὰ
1439 1013 1496 1066 δὲ
1521 1013 1582 1065 τὸ
1610 1014 1822 1067 ἔννατον

248 1100 359 1155 τῶν
384 1106 471 1169 εἰς
488 1103 600 1171 τὴν
624 1103 877 1159 Γένεσιν
901 1105 1125 1175 (δώδεκα.
1139 1104 1197 1157 δέ
1225 1108 1338 1158 ἐστι
1362 1106 1554 1175 πάντα)
1582 1106 1641 1157 οὐ
1667 1107 1822 1174 μόνον

247 1194 378 1259 τοὺς
432 1196 536 1266 πρὸ
588 1195 678 1249 τοῦ
714 1197 933 1251 ὲννάτου
967 1196 1115 1268 δηλοῖ
1151 1198 1242 1250 ἐπὶ
1276 1198 1373 1268 τῆς
1419 1196 1823 1268 Ἀλεξανδρείας

249 1286 745 1358 ὑπεμνηματίσθαι.
782 1306 800 1339 ‹
849 1289 902 1341 lu
926 1305 1066 1342 nono
1089 1301 1265 1340 autem
1300 1288 1818 1343 Conuuentariorum

248 1378 301 1430 in
342 1378 582 1433 Geuesim
617 1379 761 1449 (sunt
807 1388 984 1432 autem
1018 1380 1237 1433 omnino
1272 1381 1569 1448 duodecim)
1604 1395 1707 1434 non
1734 1396 1821 1435 so-

247 1469 356 1523 lum
386 1486 479 1527 eos
506 1473 599 1541 qui
636 1488 833 1526 nonum
860 1472 1189 1542 praecedunt,
1212 1473 1447 1526 ostendit
1484 1472 1820 1527 Alexandria:

248 1561 419 1616 fuisse
471 1562 847 1631 compositos.»
884 1561 1174 1617 Eusebium
1234 1570 1452 1617 secutus
1484 1572 1567 1616 est
1597 1563 1811 1617 Suidas.

246 1654 404 1723 Stepe
437 1665 612 1709 autem
647 1656 699 1708 in
730 1670 1073 1709 numerorum
1109 1654 1251 1708 notis
1284 1653 1539 1708 labuntur
1568 1653 1814 1719 librarii;

246 1744 371 1799 inde
405 1744 630 1800 fortasse
662 1760 850 1809 error,
887 1746 1119 1813 ascripto
1153 1744 1217 1797 ιϐ’
1270 1760 1366 1814 pro
1408 1750 1509 1812 ιγ’·
1548 1744 1629 1799 vel
1669 1756 1816 1799 certe

246 1851 301 1889 in
328 1853 392 1891 eo
422 1837 607 1891 codice
636 1852 743 1907 quo
766 1838 1010 1892 utebatur
1038 1837 1318 1902 Eusebius,
1340 1837 1392 1891 in
1415 1853 1576 1891 unum
1601 1839 1818 1893 coalue-
1847 1824 1887 1879 Β

254 1936 384 1980 runt
436 1930 764 1997 posteriores
810 1930 927 1983 libri
984 1929 1117 1994 duo,
1149 1938 1333 1998 utpote
1389 1930 1480 1999 qui
1506 1930 1650 1984 circa
1678 1929 1814 1983 idem

244 2032 623 2089 argumentum
655 2031 1016 2077 versarentur.

320 2110 710 2178 Septemdecim
774 2112 1025 2169 homilias
1055 2116 1111 2168 in
1148 2114 1386 2169 Geuesim
1416 2115 1684 2184 hodieque
1726 2130 1816 2169 su-

248 2204 501 2269 perstites
529 2202 752 2258 Ruﬁnus
782 2204 977 2260 Latino
1002 2221 1252 2261 sermone
1273 2207 1494 2262 donavit
1528 2226 1541 2262 :
1569 2208 1814 2263 diversas

248 2292 369 2347 illas
395 2308 513 2349 esse
536 2310 563 2348 a
590 2298 826 2365 mysticis
852 2298 1085 2353 homiliis
1112 2299 1249 2352 infra
1277 2300 1642 2354 ostendemus.
1672 2300 1813 2354 Idem

244 2394 396 2437 certe
440 2383 798 2456 Hieronymus
848 2387 901 2440 in
954 2388 1177 2456 epistola
1214 2389 1336 2452 £26,
1383 2389 1448 2443 ad
1500 2389 1811 2459 Evagrium,

243 2476 439 2528 scribit
487 2476 777 2546 Origenem
807 2478 859 2531 in
897 2480 1066 2548 prima
1096 2480 1441 2534 homiliarum
1494 2482 1546 2534 in
1575 2480 1814 2536 Genesim

246 2567 315 2618 de
349 2564 737 2622 Melchisedech
769 2569 1129 2625 disseruisse:
1165 2571 1274 2641 (59)
1312 2572 1461 2641 cujus
1489 2588 1609 2626 cum
1672 2574 1812 2627 nulla

247 2655 508 2710 habeatur
534 2659 735 2714 mentio
761 2660 812 2712 in
858 2661 1032 2727 prima
1089 2661 1427 2715 homiliarum
1463 2678 1581 2730 qua:
1629 2678 1816 2733 super-

246 2757 389 2811 sunt,
439 2749 777 2803 concluditur
814 2750 896 2803 vel
962 2752 1264 2819 respexisse
1319 2751 1699 2822 Hieronymum
1746 2754 1811 2805 ad

246 2837 479 2902 priorem
521 2840 867 2910 mysticarum
916 2840 1257 2895 homiliarum
1283 2881 1299 2906 ,
1334 2842 1417 2896 vel
1452 2842 1631 2910 plures
1672 2843 1809 2897 alias

245 2929 587 2983 homiliarum
620 2933 675 2985 in
703 2930 943 2986 Genesim
975 2931 1318 2987 eollectiones
1346 2934 1639 3003 exstitisse.

316 3021 637 3090 Fragmenta
671 3023 874 3093 aliquot
912 3040 943 3079 e
992 3026 1151 3080 tomis
1186 3024 1435 3096 Origenis
1474 3027 1528 3079 in
1570 3026 1810 3080 Exodum

242 3110 504 3166 vicesimo
554 3122 707 3167 sexto
750 3112 1060 3167 Pliilocalia:
1125 3116 1301 3182 capite
1354 3116 1720 3169 continentur.
1751 3115 1807 3167 tu

243 3204 491 3255 eumdem
529 3213 787 3271 praeterea
824 3204 1042 3269 librum,
1075 3216 1129 3259 et
1154 3206 1207 3259 in
1245 3205 1527 3260 Leviticum
1562 3218 1810 3276 excerpta

244 3307 342 3345 seu
390 3293 595 3348 scholia
624 3296 909 3362 scripsisse
939 3312 1060 3351 eum
1096 3298 1257 3350 tradit
1287 3297 1640 3368 Hieronymus
1674 3299 1811 3367 apud

244 3385 500 3439 Ruﬁnum
523 3387 589 3442 “.
614 3388 725 3457 (60)
758 3388 1043 3444 Duodecim
1060 3405 1186 3443 vero
1208 3389 1459 3444 homilias
1494 3390 1544 3442 in
1578 3388 1812 3457 priorem

244 3478 393 3532 hunc
442 3478 736 3545 Scriptura:
794 3480 1013 3544 librum,
1059 3482 1333 3536 sexdecim
1384 3482 1436 3536 in
1482 3491 1812 3551 postremum

243 3569 475 3626 Ruﬁnus
521 3570 711 3627 Latine
743 3571 963 3628 refudit.
995 3572 1149 3627 Aliud
1198 3587 1263 3627 ex
1322 3573 1543 3628 homilia
1573 3575 1813 3627 secunda

315 3683 363 3716 ‘°
393 3682 590 3737 Cenes.
629 3697 700 3742 tv,
733 3683 817 3736 M.
894 3682 935 3714 “
973 3682 1154 3737 Ruﬁn.
1198 3682 1395 3737 lnvert.
1432 3683 1523 3737 lib.
1558 3698 1616 3736 ιι.

317 3779 432 3849 (58)
465 3779 611 3849 Idem
647 3787 832 3849 quazst.
869 3779 890 3832 l
941 3784 1008 3832 ad
1063 3778 1276 3849 Damus.
1333 3789 1512 3831 narrat
1543 3779 1812 3849 Adaman-

245 3847 537 3916 tiu'm,etc.
570 3847 668 3901 Ex‘
709 3849 793 3902 his
845 3848 1152 3919 Hieronymi
1200 3850 1397 3919 verbis
1426 3849 1593 3919 liquet
1648 3848 1811 3901 hosce

246 3919 671 3975 commentarios
714 3934 818 3972 non
850 3934 1162 3989 progressos
1194 3934 1313 3973 esse
1346 3918 1489 3989 ultra
1539 3918 1810 3989 Qeneseos

245 3999 410 4059 caput
439 3997 711 4059 quartum.
747 3989 895 4059 Quod
920 3987 1132 4059 quidem
1189 3989 1301 4057 ipse
1344 3988 1513 4042 innuit
1553 3987 1808 4056 Origenes

247 4057 342 4113 libi.
376 4075 423 4113 vr
462 4068 643 4112 contra
674 4057 834 4122 Cels.,
860 4074 1007 4112 num.
1034 4058 1125 4121 49,
1154 4059 1239 4111 ubi
1265 4058 1373 4112 ait:
1408 4060 1586 4123 «Quod
1617 4059 1659 4111 si
1689 4059 1808 4125 quis

246 4131 433 4183 videre
452 4129 720 4183 desiderat
747 4144 864 4197 quae
886 4129 1039 4183 nobis
1072 4129 1333 4197 proditam
1365 4143 1393 4181 a
1416 4128 1592 4199 Moyse
1623 4126 1804 4199 mundi

248 4200 578 4254 creationem
605 4196 991 4267 persuadeant;
1017 4196 1081 4253 et
1110 4198 1303 4268 quibus
1341 4196 1670 4268 argumentis
1716 4196 1804 4268 illa

247 4266 615 4332 conﬁrmetur,
646 4277 823 4323 sumat
854 4270 905 4323 in
956 4266 1145 4323 manus
1180 4284 1298 4337 qua:
1344 4266 1696 4321 in'Genesim
1739 4266 1805 4318 ab

248 4339 403 4393 initio
429 4353 596 4406 usque
622 4339 688 4393 ad
712 4339 824 4393 haec
860 4358 875 4393 :
915 4337 1011 4391 Hic
1042 4348 1114 4393 est
1153 4338 1309 4391 Liber
1349 4339 1691 4406 generationis
1718 4338 1807 4389 lio-

251 4412 451 4463 minum
482 4408 689 4479 (Cenes.
718 4425 768 4480 v,
808 4408 884 4480 1),
916 4409 1267 4463 commentati
1306 4423 1534 4480 sumus;
1558 4425 1576 4457 ι
1607 4407 1805 4476 quibus

251 4481 447 4549 capiti.
474 4476 648 4549 quinti
682 4476 889 4549 initium
943 4480 1267 4533 continetur.
1328 4476 1629 4549 Notandum
1669 4492 1803 4549 pne-

250 4518 648 4621 {Er'éi'cé'péué'
696 4550 747 4603 in
800 4548 1048 4621 Genesim
1106 4564 1209 4601 non
1267 4549 1509 4621 diversos
1544 4518 1804 4621 vitietfinab
1836 4518 1879 4571 ι)

250 4618 391 4689 illius
441 4616 601 4689 opere
652 4622 792 4689 quod
836 4617 1381 4689 Hieronymusepist.
1412 4617 1499 4683 4|,
1552 4616 1683 4669 alias
1711 4616 1799 4679 65,

254 4687 614 4743 Hexaemeron
646 4687 823 4753 vocat,
854 4706 971 4742 cum
1003 4687 1109 4740 ait:
1147 4708 1165 4738 ‹
1193 4687 1374 4756 Nuper
1406 4696 1626 4741 sanctus
1675 4688 1803 4737 Am-

250 4759 463 4813 brosius
499 4762 577 4813 sic
609 4759 972 4812 Hexaemeron
1000 4758 1140 4812 illius
1162 4756 1449 4827 (Origenis)
1473 4756 1800 4823 compilavit,

252 4837 309 4878 ut
355 4830 523 4898 magis
567 4830 834 4899 Hippolyti
878 4831 1170 4883 sententias
1228 4828 1515 4897 Basiliique
1546 4840 1803 4895 sequere-

253 4906 356 4952 tur.
391 4918 409 4947 ι

320 4968 430 5038 (59)
465 4967 629 5037 Cujus
662 4985 778 5022 cum
824 4967 967 5020 nulla
1010 4966 1262 5021 habeatur
1300 4966 1492 5018 mentio
1528 4966 1582 5017 in
1636 4964 1803 5038 prima

247 5034 582 5113 homiliarum
632 5055 747 5113 qua;
790 5048 1084 5113 supersunt,
1112 5037 1473 5113 concluditur,
1501 5034 1803 5113 etc._.Nihil

248 5110 461 5174 quidem
487 5103 747 5176 ejusniodi
793 5103 1059 5175 reperitur
1112 5107 1165 5159 in
1220 5108 1389 5173 prima
1461 5103 1799 5159 homiliarum

247 5190 366 5245 qua:
405 5187 713 5244 supersunt,
742 5178 849 5230 imo
890 5192 989 5231 nec
1020 5178 1071 5228 in
1112 5178 1341 5245 ceteris.
1369 5176 1439 5227 At
1484 5190 1609 5227 vero
1642 5176 1802 5228 varize

245 5243 371 5300 olim
406 5243 623 5302 fuerunt
672 5247 1012 5301 homiliarum
1044 5247 1113 5297 in-
1142 5243 1377 5297 Genesim
1436 5245 1798 5306 collectiones.

250 5319 323 5369 uti
355 5318 520 5387 liquet
541 5334 608 5371 ex
637 5317 962 5373 Cassiodoro
988 5319 1077 5387 qui
1104 5314 1176 5368 De
1197 5315 1614 5387 institut._diviu.
1641 5315 1800 5381 utter.

246 5404 365 5456 cap.
397 5384 450 5454 1⁷,
474 5388 745 5443 sexdecim
775 5384 1249 5454 tantumOrigenis
1280 5384 1529 5456 homilias
1574 5398 1803 5456 enunie-

249 5452 351 5511 rat.
392 5452 545 5513 Unde
573 5475 678 5513 non
701 5459 929 5513 absurde
962 5458 1066 5510 dici
1099 5452 1283 5524 potest
1310 5469 1427 5507 eam
1454 5454 1507 5506 in
1561 5452 1800 5524 Genesim

249 5528 522 5582 homiliam
565 5543 685 5596 qua:
730 5529 796 5581 ad
845 5541 941 5581 nos
969 5543 1074 5581 non
1108 5522 1388 5593 pervenit,
1418 5538 1539 5576 esse
1574 5522 1797 5589 primam

246 5611 431 5651 earum
466 5614 693 5668 quarum
736 5598 1115 5668 septemdecim
1154 5602 1473 5668 supersunt,
1506 5606 1730 5662 quaeque
1769 5608 1799 5645 a

250 5663 612 5736 inysticis'non
646 5678 770 5722 sunt
796 5663 1038 5729 diversae,
1070 5675 1127 5717 ut
1161 5663 1299 5717 infra
1330 5667 1692 5736 ostendemus.

315 5732 427 5809 (δυ)
460 5738 744 5809 Duodecim
807 5752 922 5789 vero
971 5736 1213 5809 liomitias
1268 5737 1345 5809 in_
1372 5734 1607 5809 priorem
1645 5732 1798 5809 .Iiuuc

248 5802 530 5879 Scriptura:
576 5808 787 5873 librum,
828 5816 930 5861 etc.
982 5806 1056 5859 Ex
1118 5806 1201 5859 his
1259 5805 1471 5872 quidem
1519 5802 1797 5857 duodecim

1926 560 2130 626 capite,
2162 558 2314 628 cujus
2340 576 2407 615 ne
2429 562 2634 630 apicem
2659 564 2874 632 quidem
2920 567 2969 621 in
3019 568 3237 626 homilia
3286 572 3489 630 Latina:

1925 650 2178 705 editionis
2205 653 2462 716 secunda,
2506 654 2694 709 aliisve
2737 658 2989 726 reperias.
3030 660 3105 714 Ex
3167 678 3276 731 quo
3329 663 3488 719 facile

1927 742 2201 797 intellectu
2234 754 2317 798 est
2348 745 2529 813 plures
2555 763 2766 815 quoque
2809 750 2861 802 in
2896 750 3181 805 Leviticum
3236 757 3486 810 homilia-

1928 849 2044 887 rum
2075 834 2420 891 collectiones
2450 838 2634 894 fuiSse.
2661 842 2770 909 (61)
2793 841 2845 894 ld
2881 845 3040 895 etiam
3069 860 3135 898 ex
3184 861 3248 902 eo
3291 851 3487 916 proba-

1926 935 2031 992 tur,
2064 930 2207 998 quod
2238 944 2358 983 cum
2389 931 2603 985 homilia
2634 932 2684 996 4,
2707 949 2853 986 num.
2884 934 2935 998 6,
2969 936 3111 989 dicat
3148 937 3407 1007 Origenes
3428 957 3488 995 se

1918 1021 2029 1090 jam
2058 1038 2218 1091 supra
2254 1026 2320 1079 de
2352 1024 2509 1080 lineis
2558 1027 2795 1082 vestibus
2829 1044 2970 1098 sa‘pe
2998 1030 3190 1099 egisse,
3216 1042 3271 1087 et
3312 1033 3487 1089 homi-

1923 1112 1991 1167 lia
2013 1113 2065 1175 6,
2095 1130 2242 1170 num.
2275 1116 2328 1178 5,
2366 1118 2597 1186 sparsim
2646 1133 2703 1173 se
2733 1129 2788 1172 et
2816 1134 2957 1187 stepe
2982 1120 3047 1174 de
3080 1125 3486 1181 consecratione

1922 1205 2218 1259 sacerdotis
2266 1216 2319 1259 et
2389 1210 2641 1263 unctione
2688 1210 3005 1267 disseruisse
3036 1257 3051 1279 ,
3110 1217 3242 1269 nihil
3302 1227 3503 1273 tamen

1920 1296 2178 1363 ejusmodi
2212 1297 2266 1351 in
2296 1299 2669 1367 superioribus
2701 1303 2915 1369 penitus
2944 1315 3139 1359 exstet.
3171 1308 3250 1359 An
3285 1324 3350 1362 ex
3382 1310 3481 1363 ho-

1921 1387 2081 1441 miliis
2108 1398 2285 1442 autem
2316 1391 2773 1458 exlemporalibus
2834 1395 3201 1465 depromptum
3258 1400 3328 1455 sit
3371 1401 3481 1454 fra-

1919 1489 2193 1547 gmentum
2230 1481 2367 1535 istud
2413 1483 2574 1550 primi
2620 1483 2929 1540 Pliilocalia:
2961 1490 3157 1559 capitis
3191 1507 3257 1546 ex
3308 1493 3485 1548 homi-

1917 1566 1984 1621 lia
2034 1568 2069 1621 2
2117 1570 2173 1623 in
2224 1569 2529 1636 Leviticum,
2579 1589 2646 1627 an
2695 1589 2760 1628 ex
2812 1577 3102 1635 elaboratis
3156 1598 3251 1652 per
3310 1590 3479 1641 otium

1917 1658 2223 1729 (utriusque
2255 1664 2396 1716 enim
2426 1666 2641 1734 generis
2676 1666 2922 1724 homilias
2949 1672 3248 1739 profudisse
3298 1674 3483 1747 Orige-

1917 1766 2037 1805 nem
2071 1752 2557 1809 demonstrabimus
2600 1756 2761 1828 infra)
2800 1759 3059 1815 incertum
3099 1774 3198 1818 est.

1987 1841 2099 1910 (62)
2130 1842 2336 1900 Praeter
2357 1845 2608 1899 homilias
2642 1858 2764 1903 octo
2802 1859 2855 1903 et
2878 1851 3060 1922 viginti
3095 1853 3146 1907 in
3188 1853 3475 1916 Numeros,

1917 1933 2117 1987 scholia
2159 1950 2371 2007 quoque
2391 1938 2624 1991 edidisse
2649 1954 2770 1992 eum
2813 1943 2975 1995 tradit
3016 1942 3238 1999 Ruﬁnus
3263 1944 3474 2017 Prolog.

1917 2028 2100 2080 homil.
2121 2026 2341 2096 Origen.
2370 2029 2422 2081 in
2455 2027 2644 2093 Num.,
2668 2031 2760 2085 sed
2791 2032 2839 2085 iu
2883 2050 3046 2088 unum
3084 2038 3157 2090 ita
3212 2053 3333 2091 cum
3386 2043 3479 2091 ho-

1917 2116 2081 2172 miliis
2130 2119 2384 2185 permista
2414 2130 2535 2173 sunt
2583 2121 2650 2175 ab
2691 2122 2790 2176 hoc
2850 2124 3078 2189 Ruﬁno,
3125 2142 3245 2181 cum
3277 2128 3445 2194 Latiu_

1916 2218 2141 2277 utraque
2182 2222 2497 2279 exponeret,
2526 2221 2585 2267 ut
2631 2229 2727 2282 pro
2754 2214 2939 2267 eodem
2990 2215 3173 2271 haberi
3213 2231 3472 2284 possent:

1921 2297 2332 2369 «Quaecunque,
2370 2301 2558 2371 inquit,
2612 2304 2662 2358 in
2723 2304 3078 2361 Numerorum
3134 2307 3294 2374 libro,
3363 2311 3475 2365 sive

1918 2390 2243 2445 homiliatico
2269 2392 2407 2463 stylo
2434 2436 2449 2458 ,
2483 2395 2595 2449 sive
2623 2397 2785 2449 etiam
2812 2411 2876 2450 ex
2931 2397 3015 2451 his
3052 2414 3170 2467 quae
3209 2400 3472 2470 Excerpla

1915 2479 2270 2547 appellantur,
2301 2482 2499 2550 scripta
2550 2486 2864 2554 reperimus,
2892 2488 3005 2541 haec
3061 2502 3383 2557 perurgente
3426 2502 3477 2547 te

1917 2572 2178 2636 Romana,
2208 2584 2266 2626 ut
2311 2576 2600 2643 potuimus,
2639 2592 2765 2632 voce
2817 2595 2880 2632 ex
2913 2580 3144 2635 diversis
3200 2582 3255 2634 in
3311 2599 3475 2636 unum

1913 2665 2155 2717 ordinem
2192 2666 2411 2720 collecta
2457 2668 2796 2737 digessimus.
2834 2689 2852 2722 ι
2916 2671 3266 2744 Hieronymus
3298 2675 3349 2729 in
3388 2677 3473 2729 in-

1917 2757 2297 2823 terpretatione
2333 2758 2661 2813 duodecimae
2701 2761 2947 2831 Origenis
2972 2765 3025 2816 in
3064 2764 3346 2819 Jeremiam
3378 2767 3476 2820 lio-

1913 2843 2074 2898 milia:
2101 2855 2250 2900 notat
2279 2849 2345 2902 de
2379 2849 2805 2906 Sacerdotalibus
2832 2853 3299 2909 benedictionibus
3329 2858 3474 2912 Ada-

1913 2939 2171 2991 mantium
2231 2939 2570 2996 disseruisse.
2626 2940 2770 2997 Nihil
2814 2955 2993 2998 autem
3057 2945 3356 3015 hujusmodi
3420 2950 3472 3002 in

1917 3026 2205 3081 Ruﬁniana
2236 3027 2554 3084 collectione
2588 3040 2885 3100 comparet.
2908 3030 3075 3102 Igitur
3101 3033 3185 3087 vel
3228 3035 3474 3089 homilias

1913 3120 2044 3174 istas
2076 3136 2173 3187 pro
2207 3124 2599 3176 consuetudine
2628 3139 2722 3179 sua
2757 3125 3059 3179 decurtavit
3088 3135 3141 3179 et
3187 3126 3477 3194 interpola-

1916 3210 1991 3262 vit
2023 3209 2283 3275 Ruﬁnus;
2318 3211 2429 3281 (65)
2460 3213 2542 3267 vel
2581 3213 2774 3283 aliqua:
2805 3213 2917 3283 jam
2948 3214 3116 3285 ipsius
3141 3225 3300 3271 aetate
3324 3217 3474 3272 exci-

1915 3304 2125 3357 derant.

1987 3393 2119 3447 Sese
2185 3396 2471 3464 aliquando
2520 3396 2574 3449 in
2620 3395 3098 3456 Denteronomium
3155 3402 3477 3456 disseruisse

1916 3481 2172 3552 Origenes
2204 3487 2444 3541 declarat
2471 3488 2617 3542 hom.
2652 3491 2685 3542 8
2711 3490 2766 3540 in
2795 3488 2923 3542 Luc.
2952 3491 3209 3544 Eumdem
3251 3508 3378 3546 vero
3414 3492 3477 3545 li-

1918 3577 2071 3629 brum
2101 3578 2510 3648 explanaturum
2536 3595 2597 3635 se
2620 3581 2849 3635 aﬁirmat
2886 3591 3018 3640 tom.
3047 3599 3196 3637 χχχιι
3220 3586 3273 3636 in
3289 3584 3475 3650 Joan.,

1923 3786 2126 3830 tantum
2161 3790 2547 3833 commemorat
2600 3779 2954 3835 Cassiodorus
2991 3781 3064 3833 De
3112 3781 3276 3837 instit.
3306 3784 3471 3839 divin.

1917 3851 2077 3921 liuer.
2117 3864 2235 3915 cap.
2261 3849 2449 3921 Lgsed
2468 3850 2726 3903 tredecim
2756 3850 2912 3903 hodie
2947 3863 3267 3919 superarunt.
3300 3871 3416 3921 quae
3442 3874 3473 3910 a

1918 3918 2151 3980 llemllle,
2193 3918 2333 3985 quod
2376 3919 2564 3982 sciam,
2598 3921 2648 3971 in
2701 3921 2917 3972 dubium
2961 3918 3474 3979 re’vocanturﬁtlinc

1915 3999 2138 4056 apparet
2171 3990 2348 4040 varias
2376 4003 2563 4041 earum
2597 3989 2724 4042 olim
2778 3989 2940 4043 fuisse
2977 3992 3338 4046 collectiones.
3366 3994 3475 4048 Du-

1916 4062 2033 4125 plex
2083 4072 2148 4111 ex
2193 4058 2411 4111 homilia
2454 4068 2643 4111 octava
2700 4058 3056 4125 fragmentum
3110 4059 3264 4113 affert
3309 4062 3475 4117 Jonas

1914 4128 2318 4181 Aurelianensis
2344 4126 2627 4197 episcopus
2654 4128 2745 4182 lib.
2780 4128 2890 4181 IDe
2911 4131 3235 4183 institutione
3269 4132 3470 4193 laicali,

1913 4212 2031 4264 cap.
2057 4197 2143 4259 l9,
2175 4208 2230 4251 et
2270 4198 2509 4265 ejusdem
2568 4198 2688 4251 libri
2719 4213 2837 4264 cap.
2873 4200 2962 4261 15,
3002 4201 3228 4253 alterum
3256 4204 3473 4256 exhibet

1912 4283 1975 4320 ex
2006 4267 2221 4320 homilia
2266 4268 2496 4320 decima.
2532 4269 2605 4321 De
2662 4268 2879 4322 scholiis
2910 4285 3037 4323 vero
3068 4270 3123 4321 in
3152 4272 3392 4324 Exodum
3418 4286 3471 4325 et

1911 4337 1964 4409 in
1989 4336 2275 4409 Leviticum
2312 4337 2444 4390 nihil
2488 4338 2642 4391 hodie
2673 4349 2935 4409 superest,
2976 4340 3077 4392 nisi
3105 4339 3242 4393 forte
3269 4342 3470 4409 aliquid

1912 4406 2371 4479 indeexcerptum
2414 4409 2645 4479 habeant
2679 4406 2896 4475 ὲκλογαὶ
2943 4424 3062 4476 qme
3100 4409 3198 4462 sub
3219 4406 3470 4479 Origenis

1911 4478 2128 4531 nomine
2168 4477 2221 4529 in
2268 4477 2475 4531 catenis
2521 4476 2723 4530 Graecis
2761 4480 3136 4547 inanuscriptis
3186 4476 3470 4533 circmnt'e-

1912 4559 2141 4611 runtur,
2204 4561 2447 4617 quasque
2490 4547 2541 4599 iu
2588 4557 2771 4601 nostra
2822 4548 3061 4603 editione
3120 4563 3470 4618 repraesenta-

1905 4631 2042 4669 mus.

1974 4686 2084 4755 (6i)
2117 4685 2183 4738 Id
2207 4686 2364 4738 etiam
2397 4702 2462 4739 ea:
2482 4702 2539 4740 eo
2565 4688 2834 4754 probatur,
2868 4688 3010 4755 quod
3034 4685 3201 4742 Jonas
3228 4688 3468 4743 Aurelia-

1905 4759 2088 4827 nensis
2109 4756 2395 4827 episcopus
2439 4758 2529 4811 lib.
2562 4772 2598 4819 ι,
2629 4757 2703 4809 De
2753 4760 2979 4811 institut.
3002 4757 3150 4818 laic.,
3170 4773 3290 4827 cap.
3317 4759 3371 4824 5,
3398 4775 3466 4813 ex

1906 4825 2122 4878 homilia
2153 4826 2320 4894 prima
2351 4824 2709 4895 fragmentum
2737 4828 2979 4889 exhibet,
3009 4829 3150 4895 quod
3190 4824 3467 4883 hodiernae

1901 4896 2167 4966 editiones
2196 4897 2246 4948 in
2276 4898 2507 4948 secunda
2535 4906 2739 4949 tantum
2768 4906 3175 4966 repraesentant.

1974 4964 2085 5035 (62)
2117 4964 2315 5035 Prwter
2334 4965 2577 5018 homilias
2612 4981 2725 5019 octo
2750 4979 2795 5020 et
2824 4964 3027 5035 uiginti,
3056 4977 3162 5020 etc.
3218 4966 3460 5035 Triginta

1903 5032 2151 5102 Origeuis
2179 5039 2233 5086 in
2265 5033 2524 5088 Numeros
2556 5037 2805 5090 homilias
2831 5032 3221 5090 commemorat
3246 5034 3460 5089 Cassio-

1903 5109 2066 5158 dorus
2120 5106 2211 5159 lib.
2240 5103 2319 5156 De
2360 5108 2585 5157 iustitut.
2626 5106 2784 5159 divin.
2821 5107 2980 5160 litter.
3033 5121 3151 5174 cap.
3182 5108 3232 5159 l.
3267 5103 3460 5159 Verum

1901 5185 2025 5230 octo
2060 5184 2265 5244 tantum
2297 5184 2351 5226 et
2376 5176 2558 5244 viginti
2585 5175 2742 5229 hodie
2766 5184 3074 5243 supersunt.

1973 5243 2082 5313 (65)
2113 5242 2200 5296 γει
2229 5242 2452 5311 aliquae—
2462 5244 2582 5314 jam
2612 5246 2773 5312 ipsius
2798 5242 2951 5299 (etate
2980 5244 3298 5297 exciderant.
3341 5244 3462 5307 Vel,

1902 5317 2043 5381 quod
2074 5315 2419 5367 verisimilius
2441 5328 2543 5375 est,
2567 5315 2636 5367 de
2663 5314 3087 5369 sacerdotalibus
3133 5314 3462 5367 benedictio—

1903 5386 2059 5437 nibus
2091 5383 2344 5437 disseruit
2367 5384 2629 5454 Origenes
2653 5386 2705 5439 in
2736 5386 2999 5438 alterutra
3034 5398 3065 5436 e
3095 5384 3302 5437 duabus
3360 5388 3459 5437 ho-

1903 5454 2065 5524 miliis
2094 5455 2407 5519 deperditis,
2440 5470 2559 5522 qua:
2609 5470 2891 5508 numerum
2927 5454 3212 5524 explebant
3243 5454 3458 5524 triginta

1902 5523 2244 5577 homiliarum
2281 5539 2416 5591 quas
2455 5525 2585 5577 vidit
2624 5523 3009 5578 Cassiodorus.
3046 5523 3274 5576 Homilia
3308 5523 3378 5575 25
3407 5526 3461 5575 in

1900 5592 2085 5656 Josue,
2114 5609 2260 5648 num.
2289 5597 2340 5654 l,
2374 5596 2503 5648 citat
2529 5592 2790 5662 Origenes
2816 5594 3063 5648 homilias
3093 5594 3147 5645 in
3179 5591 3459 5653 Numeros,

1901 5675 1954 5715 et
1975 5663 2204 5717 homiliis
2234 5663 2288 5717 in
2315 5663 2576 5717 Numeros
2618 5664 2684 5718 η
2708 5704 2724 5725 ,
2753 5680 2898 5717 Innn.
2926 5665 2976 5726 l,
3034 5679 3087 5731 p.
3114 5662 3238 5725 312,
3270 5672 3324 5717 et
3368 5662 3459 5722 27,

1904 5748 2049 5786 nom.
2076 5734 2128 5795 9,
2166 5733 2297 5785 citat
2350 5735 2624 5788 homiliam
2657 5735 2742 5801 15,
2779 5737 2828 5788 in
2861 5733 3123 5799 Genesim,
3150 5744 3204 5788 et
3237 5732 3461 5788 alterum

1900 5806 2183 5870 quamdam
2206 5803 2260 5853 in
2287 5802 2546 5856 Exortum.
