4068 6312
633 313 778 383 uss

633 538 716 581 rat
737 526 1081 582 Cassiodorus
1120 524 1212 577 lib.
1244 523 1318 576 De
1334 524 1497 577 instit.
1529 523 1692 578 divin.
1731 521 2019 591 Scriptum,
2052 538 2102 577 c.
2135 524 2186 577 l.

638 638 656 670 ι
693 617 901 686 Reliqui
928 617 1087 670 etiam
1112 615 1267 668 vobis
1296 615 1348 668 in
1402 614 1876 669 Deutcronomium
1913 629 2191 668 sermones

632 721 753 765 octo
790 706 1078 775 (Origenis)
1146 706 1196 757 in
1241 704 1437 774 quibus
1463 716 1545 759 est
1572 707 1774 759 minuta
1806 704 1965 758 nimis
1982 714 2034 758 et
2062 706 2191 759 sub-

637 801 744 854 tiiis
771 797 1089 867 expositio.)
1124 794 1350 850 Ruﬁnus
1382 796 1433 849 in
1477 796 1709 866 Prologo
1743 798 1809 849 ad
1860 795 2143 850 Ursacium
2172 812 2187 851 :

639 910 657 941 α
684 890 797 944 iam
816 889 959 942 enim
990 903 1054 943 ex
1085 888 1357 952 omnibus,
1385 902 1504 956 qua:
1529 888 1581 940 in
1616 886 1729 956 lege
1762 887 1964 956 scripta
1994 886 2190 955 reperi,

631 980 757 1034 sola:
778 987 835 1032 ut
858 988 985 1047 puto
1021 979 1075 1031 in
1112 978 1527 1032 Deuteronomio
1550 979 1745 1031 desunt
1799 975 2187 1040 oratiunculae,

627 1087 762 1141 quas
790 1072 833 1125 si
864 1071 1121 1125 Dominus
1136 1068 1362 1135 juverit,
1384 1076 1441 1122 et
1461 1070 1746 1123 sanitatem
1767 1068 1973 1122 dederit
1996 1066 2186 1132 oculis,

627 1164 873 1232 cupimus
896 1160 1100 1228 reliquo
1117 1158 1332 1227 corpori
1354 1160 1586 1213 sociare.
1622 1177 1639 1209 ι
1672 1159 1837 1213 Porro
1866 1166 2189 1211 memoratos

630 1254 681 1308 in
736 1252 1162 1309 Pentateuchum
1224 1260 1400 1305 tomos
1465 1249 1788 1318 signiﬁcavit
1831 1247 2188 1317 Hieronymus

628 1343 783 1411 epist.
820 1341 911 1406 65,
942 1355 1060 1409 cap.
1099 1341 1155 1407 2,
1196 1354 1318 1395 cum
1370 1340 1712 1394 Ambrosium
1767 1337 1902 1393 dixit
1945 1336 2191 1408 Origenis

628 1435 993 1490 Hexaemeron
1021 1432 1367 1502 compilasse.

696 1525 759 1579 ll.
786 1525 896 1597 (64)
928 1523 1125 1595 Viginti
1166 1537 1260 1578 sex
1288 1521 1539 1577 homilias
1574 1522 1625 1575 in
1656 1519 1817 1575 Josne
1844 1535 1909 1574 ex
1952 1531 2190 1588 tempore

627 1617 696 1669 ab
726 1615 1044 1669 Adamantio
1070 1628 1199 1667 sene
1224 1613 1508 1678 recitatas,
1536 1620 1591 1663 ct
1615 1610 1875 1664 industria
1939 1620 2189 1680 excepto-

630 1722 746 1761 rum
777 1716 1019 1760 servatas
1039 1704 1263 1758 Ruﬁnus
1291 1703 1481 1758 Latine
1517 1701 1769 1756 reddidit.
1811 1701 2185 1770 Fragmentum

629 1814 692 1852 ex
718 1798 936 1853 humilia
966 1796 1039 1851 20
1066 1794 1435 1851 duodecimum
1468 1791 1777 1846 Pliilocatite
1799 1802 1962 1859 caput
1990 1808 2185 1861 reprte‘
2216 1776 2259 1830 Β

628 1898 826 1945 sentat.
871 1888 1133 1944 Homilias
1174 1901 1361 1942 novem
1412 1886 1463 1940 in
1507 1883 1726 1939 Iudices
1755 1884 1961 1938 Latinis
2003 1884 2184 1940 itidem

628 1983 806 2036 verbis
843 1980 1025 2034 retulit
1069 1978 1315 2033 Ruﬁnus.
1361 1976 1618 2047 Origenes
1665 1977 1716 2028 in
1762 1975 1993 2044 Prologo
2035 1974 2187 2029 Com-

629 2070 1016 2125 mentariorum
1066 2069 1122 2121 in
1172 2065 1442 2121 Canticum
1497 2064 1851 2129 canticorum,
1905 2078 2070 2132 agens
2122 2064 2188 2117 de

624 2163 839 2217 cantico
862 2160 1081 2215 Debom
1128 2160 1202 2213 ita
1243 2158 1452 2222 scribit,
1488 2156 1630 2226 p.34
1660 2175 1674 2210 :
1710 2174 1730 2208 ι
1768 2156 1965 2212 Verum
2028 2164 2083 2210 et
2120 2156 2186 2209 de

629 2254 713 2307 his
741 2251 950 2321 plenius
983 2249 1036 2302 in
1069 2248 1176 2303 illis
1206 2245 1561 2302 oratiunculis
1586 2258 1721 2313 quas
1740 2244 1806 2297 de
1828 2242 2008 2297 libello
2037 2240 2187 2296 Judi-

625 2361 748 2400 cum
777 2343 1066 2407 edidimus,
1093 2341 1319 2396 disserta
1350 2339 1636 2409 reperies.»
1666 2338 1828 2407 Atqui
1852 2352 1920 2393 ex
1942 2338 2187 2392 oratiun-

626 2438 762 2492 culis
786 2437 837 2490 in
866 2435 1084 2490 Judices
1108 2448 1227 2504 qute
1258 2441 1569 2502 supersunt,
1602 2442 1751 2487 sexta
1790 2432 2058 2486 canticum
2095 2428 2189 2485 De-

624 2531 769 2583 bora:
789 2527 1062 2595 explanat.
1095 2524 1393 2580 Verisimile
1419 2538 1546 2594 ergo
1577 2532 1662 2577 est
1692 2524 1789 2578 has
1838 2526 1985 2593 ipsas
2014 2522 2189 2577 homi-

625 2620 727 2674 lias
752 2618 1021 2686 designari
1069 2615 1137 2670 ab
1169 2614 1404 2685 Origene
1430 2655 1445 2679 ,
1479 2614 1810 2684 proindeque
1862 2614 1929 2667 ab
1971 2628 2036 2667 eo
2070 2613 2187 2681 ipso

631 2710 797 2764 fuisse
824 2708 1016 2773 editas,
1038 2722 1143 2761 non
1178 2721 1245 2761 ex
1280 2716 1517 2775 tempore
1546 2712 1837 2773 conceptas
1890 2712 1945 2757 et
1992 2703 2187 2758 reeita-

627 2811 728 2856 tas.
756 2800 813 2854 in
852 2799 1015 2853 libros
1040 2798 1243 2866 Regum
1286 2796 1404 2851 duae
1460 2796 1679 2851 omnino
1722 2794 1954 2849 homilias
2000 2809 2186 2861 super-

624 2899 748 2945 sunt
778 2906 793 2943 :
822 2891 973 2959 prior
1002 2889 1055 2943 in
1080 2888 1097 2941 Ι
1128 2887 1261 2957 Reg.
1310 2902 1432 2956 cap.
1470 2903 1487 2942 ι
1527 2897 1580 2941 et
1610 2902 1646 2940 ιι
1676 2904 1692 2953 ;
1721 2886 1888 2939 altera
1917 2885 1969 2939 in
2000 2886 2018 2939 l
2055 2885 2182 2954 Reg.

626 2999 816 3049 xxvm,
852 2984 905 3036 in
931 2996 1035 3051 qua
1064 2980 1131 3035 de
1155 2980 1581 3049 engastrimytho
1604 2979 1925 3048 disputatur.
1943 2976 2185 3031 Priorem

628 3077 812 3130 Latina
841 3075 1002 3129 habet
1036 3073 1285 3141 Origenis
1322 3071 1525 3137 editio;
1568 3071 1795 3125 alteram
1832 3084 1862 3123 e
1911 3067 2187 3123 Vaticanis
2214 3106 2256 3165 ε

626 3164 954 3220 membranis
990 3162 1221 3221 Allatius
1270 3163 1431 3217 eruit.
1478 3161 1708 3215 Homilia
1773 3160 1992 3228 insuper
2026 3159 2184 3213 tertia

624 3258 677 3310 in
703 3256 817 3311 Jos.
851 3272 995 3311 num.
1022 3256 1077 3320 4,
1102 3255 1179 3310 ait
1203 3254 1462 3326 Origenes
1500 3269 1559 3309 se
1582 3254 1868 3324 aliquando
1891 3254 1955 3306 de
1983 3232 2189 3307 duabus

627 3347 1022 3413 meretricibus,
1064 3363 1294 3417 quarum
1331 3347 1477 3401 litem
1530 3344 1784 3399 Salomon
1844 3345 2184 3413 disceptavit,

623 3441 676 3494 in
721 3439 960 3495 Ecclesia
1007 3440 1074 3493 ad
1119 3439 1376 3507 populum
1421 3437 1770 3492 disseruisse.
1832 3434 2189 3491 Cassiodorus

625 3540 882 3602 practerea
912 3531 964 3585 in
993 3530 1132 3586 libro
1156 3530 1233 3585 De
1256 3530 1585 3584 institutione
1613 3528 1912 3581 diuinarum
1948 3525 2187 3596 Scriptu-

624 3642 825 3691 rarum,
856 3641 977 3696 cap.
1006 3625 1063 3691 2,
1106 3624 1335 3679 aﬁirmat
1364 3639 1423 3678 se
1451 3632 1680 3692 quatuor
1712 3622 1959 3692 Origenis
2010 3621 2185 3676 homi-

622 3719 722 3773 lias
768 3721 821 3774 in
872 3719 1104 3786 primum
1146 3716 1343 3772 librum
1372 3715 1576 3785 Regum
1602 3716 1914 3779 invenisse;
1947 3728 2108 3767 unam
2133 3712 2184 3766 in

622 3809 818 3864 librum
850 3808 1185 3875 secundum;
1242 3816 1297 3862 et
1324 3823 1507 3869 unam,
1556 3820 1788 3875 eamque
1824 3804 2090 3875 prolixam
2131 3803 2185 3857 in

623 3902 817 3953 librum
842 3900 1131 3954 secundum
1158 3897 1633 3967 Paralipomenwn.
1653 3898 1794 3952 Idem
1817 3912 1935 3967 cap.
1972 3895 2025 3963 6,
2058 3912 2183 3949 nar-

624 3999 707 4043 rat
729 3990 868 4043 visas
893 3991 992 4045 sibi
1027 3991 1079 4043 in
1101 3990 1235 4044 duos
1263 3989 1443 4044 Esdraa
1474 3990 1641 4044 libros
1675 3988 1920 4059 singulas
1940 3986 2187 4058 Origenis

623 4080 899 4144 homilias,
930 4096 1048 4149 quae
1078 4096 1107 4134 a
1134 4081 1401 4135 Bellatore
1428 4081 1747 4149 presbytero
1784 4080 2029 4134 Romana
2064 4094 2188 4134 ora-

625 4174 769 4228 tione
792 4171 1071 4241 explicatm
1094 4181 1234 4225 sunt.
1268 4168 1460 4225 Jobnm
1503 4170 1684 4224 multis
1743 4171 1978 4225 homiliis
1999 4172 2185 4239 Orige-

623 4280 717 4319 nes
738 4264 1004 4332 exposuit.
1054 4262 1145 4316 Sic
1179 4261 1491 4316 Eustathius
1540 4262 1906 4315 Antiochenus
1946 4264 2000 4317 in
2052 4263 2185 4315 Dia-

621 4353 854 4422 θηοῖιὶεο
904 4351 967 4405 de
1009 4348 1413 4420 engastrimytho
1441 4366 1458 4405 :
1492 4350 1627 4420 Περὶ
1653 4349 1708 4403 δέ
1737 4366 1801 4418 γε
1827 4350 1922 4403 τοῦ
1951 4352 2185 4406 πολύτλα

1899 310 1955 364 P.
1992 309 2307 364 DANIELIS
2344 309 2577 365 HUETII

632 449 859 490 num.u.
900 433 1033 489 Octo
1069 434 1121 485 in
1150 448 1271 487 eum
1307 431 1554 487 homilias
1579 431 1832 501 Origenis
1862 447 2191 486 commemo-
2218 440 2263 494 Α
2291 432 2441 496 tium,
2497 432 2586 485 ubi
2631 441 2684 484 et
2734 432 2785 485 id
2832 432 3049 502 apponit
3095 449 3110 485 :

3652 325 3758 379 tam

3174 449 3195 483 σ
3224 431 3331 486 Cur
3380 433 3630 496 Tractatns
3672 446 3758 511 eius

2290 525 2574 595 (Origenis)
2622 525 2675 578 in
2717 524 2814 579 Joh
2864 525 3156 593 descriptos
3196 525 3373 588 habes,
3422 527 3469 580 in
3492 534 3761 596 quibusom.-

2291 627 2371 669 tra
2403 616 2692 680 diabolum,
2729 624 2782 669 et
2806 616 2870 668 de
2900 614 3089 679 stellis,
3118 615 3362 684 ueloque
3383 619 3647 686 disputans,
3662 640 3765 693 qua.

2288 705 2409 757 dam
2438 704 2648 758 iocutns
2676 713 2756 757 est
2784 719 2899 772 qua:
2929 704 3164 758 Ecclesia
3202 720 3305 757 non
3342 708 3549 775 recipit?
3583 729 3599 761 ι

2357 795 2439 847 lli.
2483 793 2830 869 _Psaltcrinm
2879 791 3137 863 Origenes
3206 794 3396 860 tripiici
3443 799 3766 864 expositionum

2289 899 2484 953 genere
2512 884 2821 946 illustravit,
2855 883 3279 946 commentariis,
3313 885 3534 939 homiliis
3570 898 3614 941 et
3648 893 3767 945 sebu-

2290 976 2395 1028 liis.
2428 975 2665 1029 Primum
2703 975 2854 1028 illum
2891 976 3033 1029 inter
3070 974 3286 1029 Graecos
3314 977 3558 1047 integrum
3595 983 3771 1049 psalmo-

2288 1083 2403 1121 rum
2435 1081 2629 1135 corpus
2656 1067 2839 1122 multis
2867 1066 3229 1121 voluminibus
3248 1068 3531 1136 explicasse
3558 1073 3769 1137 proditum

2287 1168 2368 1213 est
2428 1159 2495 1212 ab
2542 1158 2862 1227 Hieronymo
2892 1159 3047 1224 epist.
3082 1157 3173 1221 89,
3210 1159 3277 1211 ad
3327 1158 3561 1226 August.,
3588 1163 3699 1230 quod
3726 1165 3774 1219 de

2287 1251 2691 1306 commentariis
2732 1249 2988 1319 intelligo.
3028 1248 3103 1302 Ex
3131 1250 3214 1303 his
3248 1250 3409 1302 multa
3438 1251 3513 1303 vel
3542 1252 3772 1319 imitatum,

2287 1342 2371 1395 vel
2399 1342 2807 1410 interpretatum
2849 1339 3014 1393 fuisse
3042 1337 3302 1392 Hilarium
3336 1340 3466 1394 idem
3500 1352 3659 1395 auctor
3686 1356 3772 1408 est;

2288 1433 2377 1502 qui
2400 1442 2453 1486 et
2488 1443 2689 1500 septem
2718 1446 2748 1485 e
2780 1430 2935 1484 tomis
2967 1431 3070 1485 illis
3102 1446 3161 1486 se
3186 1430 3393 1484 Latinis
3420 1433 3579 1485 verbis
3605 1449 3772 1501 expres-

2288 1524 2418 1579 sisse
2446 1523 2630 1589 refert,
2664 1540 2691 1577 a
2720 1523 2924 1593 psalmo
2974 1523 3228 1577 nimirum
3261 1522 3467 1577 decimo
3488 1526 3547 1576 ad
3572 1526 3774 1582 decimum

2288 1628 2519 1670 sextum.
2550 1616 2691 1671 idem
2724 1616 2886 1671 etiam
2910 1615 3033 1668 libr.
3064 1630 3079 1667 l
3106 1613 3324 1682 Apolog.
3377 1615 3768 1680 adversusliuﬁn.,

2289 1723 2406 1777 cap.
2440 1707 2473 1761 3
2502 1725 2517 1760 :
2560 1725 2577 1758 ι
2606 1706 2997 1776 Octogesimum
3041 1720 3252 1774 quoque
3298 1720 3485 1758 nonum
3513 1706 3767 1774 psalmum,»

2289 1800 2479 1867 inquit,
2522 1799 2611 1868 qui
2641 1798 2927 1861 scribitur,
2964 1796 3149 1852 Oratio
3188 1795 3358 1866 Moysi
3397 1796 3604 1850 hominis
3627 1796 3711 1861 Dei,
3731 1809 3772 1852 et

2288 1891 2520 1959 reliquos
2565 1889 2834 1955 undecim,
2868 1890 2956 1956 qui
2997 1904 3104 1943 non
3156 1888 3357 1941 habent
3406 1886 3589 1951 titulos,
3628 1902 3771 1941 secun-

2288 1982 2414 2035 dum
2472 1980 2629 2035 lluilli
2683 1982 3117 2048 expositionem,
3172 1977 3411 2045 ejusdem
3469 1976 3616 2047 Moysi
3668 1988 3775 2045 putat

2289 2068 2613 2138 (Origenes)
2662 2081 2761 2121 nec
2807 2068 3127 2135 dedignatur
3192 2067 3467 2121 Hebraeam
3511 2067 3774 2134 Scripturam

2288 2159 2670 2227 interpretans,
2705 2172 2801 2226 per
2834 2156 3039 2227 singula
3075 2158 3190 2210 loca
3220 2156 3352 2225 quid
3396 2154 3612 2209 Hebreis
3639 2158 3777 2209 videa-

2287 2258 2373 2303 tur
2428 2249 2729 2305 inserere.»
2790 2249 2862 2303 Ea
2920 2264 3081 2317 porro
3123 2248 3500 2302 commentaria
3554 2247 3781 2315 instigante

2286 2341 2569 2397 Ambrosio
2625 2350 2899 2411 suscepta,
2949 2341 3230 2408 eidemque
3278 2340 3524 2407 inscripta
3553 2339 3693 2393 fuisse
3728 2355 3776 2392 ex

2288 2434 2591 2503 fragmento
2652 2432 3039 2502 intelligimus,
3108 2430 3254 2500 quod
3311 2428 3463 2484 habet
3512 2427 3777 2498 Epiphanius

2288 2527 2419 2583 haar.
2446 2540 2588 2593 LXIV,
2622 2540 2739 2594 cap.
2772 2525 2824 2591 7,
2856 2532 3119 2579 tractatus
3160 2522 3411 2593 Origenis
3448 2523 3495 2575 in
3528 2521 3780 2575 Psalterium

2286 2630 2500 2677 centum
2525 2628 2579 2673 et
2605 2617 2998 2687 quinquaginta
3022 2616 3218 2669 vidisse
3261 2630 3319 2669 se
3359 2622 3607 2668 asseverat
3628 2612 3780 2665 Trine-

2290 2714 2429 2768 mius
2467 2714 2521 2767 in
2559 2711 2682 2765 libr.
2714 2709 2790 2763 De
2822 2710 3003 2777 script.
3060 2706 3244 2761 eccles.
3283 2705 3474 2759 Novem
3523 2702 3783 2757 homiliasiu

2287 2805 2522 2875 psalmos
2576 2816 2758 2865 xxxvi,
2804 2814 3011 2863 xxxvii,
3065 2813 3301 2859 xxxvtu,
3344 2796 3571 2850 Romano
3595 2806 3784 2847 sennone

2289 2895 2465 2950 Ruﬁni
2484 2908 2643 2962 opera
2666 2891 2890 2944 donatas
2907 2890 3093 2943 Latina
3111 2888 3360 2958 Origenis
3393 2885 3545 2939 habet
3566 2884 3713 2937 editio.
3730 2883 3783 2935 De

2288 2987 2610 3057 psalmorum
2647 2983 2859 3044 illorum
2903 2980 3236 3048 expositione
3286 2981 3355 3032 ita
3392 2978 3599 3032 Ruﬁnus
3626 2978 3667 3029 in
3688 2974 3784 3027 Pro-

2288 3080 2407 3149 logo
2440 3098 2456 3133 :
2493 3095 2512 3127 ι
2532 3076 2743 3131 Idcirco
2774 3074 2867 3128 tibi
2898 3088 3040 3138 eam,
3071 3073 3383 3141 Aproniane
3421 3071 3487 3124 ﬁli
3511 3069 3779 3129 charissima,

2289 3172 2342 3225 in
2369 3184 2558 3224 novem
2581 3164 2971 3229 oratiunculas,
3004 3179 3137 3233 quas
3162 3163 3338 3219 Graeci
3368 3162 3597 3218 homilias
3615 3168 3783 3219 vocant,

2286 3262 2431 3317 velut
2474 3262 2524 3314 in
2578 3275 2684 3314 uno
2734 3273 2961 3328 corpore
2996 3258 3262 3324 digestam
3299 3257 3350 3310 in
3398 3256 3619 3309 Latinum
3646 3262 3782 3304 trans-

2288 3354 2406 3409 tuli.
2433 3371 2453 3405 ι
2487 3352 2616 3406 Eam
2664 3351 2721 3405 in
2748 3364 2940 3405 novem
2973 3349 3225 3405 homilias
3257 3350 3508 3418 digestam
3540 3362 3591 3400 se
3609 3352 3785 3399 transtu-

2286 3447 2413 3501 lisse
2451 3445 2603 3507 dicit,
2634 3458 2739 3497 non
2784 3443 2834 3495 in
2875 3457 3067 3496 novem
3099 3439 3349 3495 homilias
3380 3440 3661 3508 digessisse;
3687 3450 3784 3490 coa-

2287 3546 2371 3590 tra
2402 3550 2559 3604 quam
2594 3534 2820 3587 Erasmo
2848 3533 2893 3564 δ’
2931 3541 2986 3586 et
3016 3531 3171 3585 Sixto
3206 3529 3433 3584 Senensi
3463 3530 3505 3562 ⁵³
3531 3529 3673 3581 visum
3709 3533 3781 3578 est.

2285 3627 2362 3679 Ex
2389 3624 2605 3680 homilia
2630 3634 2884 3693 praeterea
2919 3624 2974 3676 in
3008 3625 3194 3691 pxalm.
3240 3638 3455 3685 Lxxxn,
3499 3621 3784 3689 fragmentum

2289 3717 2541 3771 Historia:
2577 3731 2686 3771 suae
2720 3716 2945 3770 inseruit
2975 3715 3239 3769 Eusebius
3263 3715 3387 3769 libr.
3420 3731 3490 3777 vt,
3529 3729 3631 3780 cap.
3664 3710 3717 3763 58
3748 3716 3787 3759 et

2291 3807 2567 3863 hontiliam
2611 3809 2667 3859 in
2696 3805 2887 3875 psalnt.
2916 3821 2967 3866 c,
2995 3806 3173 3859 laudat
3216 3807 3333 3875 ipse
3360 3806 3598 3875 Origenes
3643 3798 3785 3855 homii.

2287 3900 2355 3955 15
2384 3900 2439 3953 in
2464 3898 2581 3954 Jos.
2609 3914 2756 3952 num.
2776 3897 2828 3951 6.
2868 3896 3107 3967 Denique
3131 3898 3386 3951 brevibus
3408 3896 3602 3950 scholiis
3626 3890 3783 3945 Psalte-

2286 3994 2425 4047 rium
2476 3991 2642 4047 l'uisse
2675 3991 2742 4044 ab
2776 3988 3007 4057 Origene
3053 3988 3369 4042 adnotatum
3412 3988 3611 4041 atiirmat
3639 3981 3783 4036 lliero-

2286 4100 2476 4157 nymus
2505 4085 2619 4138 sive
2646 4082 2889 4151 quisquis
2916 4094 2997 4135 est
3018 4091 3208 4135 auctor
3236 4078 3523 4134 Comment.
3548 4079 3593 4130 in
3620 4070 3783 4127 Psalm-

2287 4176 2340 4229 in
2405 4174 2616 4229 Proem
2647 4174 2713 4226 “.
2759 4192 2777 4225 ι
2839 4171 3106 4235 Proxime,
3171 4172 3368 4243 inquit,
3440 4186 3549 4226 cum
3594 4163 3790 4235 Origenis

2287 4265 2624 4327 Psalterium,
2645 4265 2785 4335 quod
2808 4265 3159 4319 Enchiridion
3190 4265 3281 4321 ille
3313 4266 3543 4327 vocabat,
3564 4260 3728 4315 strictis
3750 4263 3791 4308 et

2288 4359 2609 4413 necessariis
2649 4358 3187 4425 interpretationibus
3226 4359 3533 4415 adnomtum
3581 4354 3627 4408 in
3677 4365 3791 4406 cout-

621 4444 1025 4515 προσομιλήσας
1076 4441 1293 4496 ’1ὼ6....
1328 4442 1598 4512 μετέωρος
1625 4444 1703 4506 εἰς
1728 4442 1798 4495 τὰ
1826 4443 1935 4497 τῶν
1963 4443 2189 4512 θυγατέ-
2221 4445 2227 4500 1

2185 4444 2450 4502 'Dmunc
2506 4448 2836 4517 legeremus,
2894 4449 3050 4502 simul
3106 4459 3333 4520 uterque
3405 4444 3791 4518 deprehendimus

626 4553 731 4607 ρων
758 4538 1001 4607 ὁρμήσας
1047 4537 1283 4607 ὀνόματα
1333 4534 1623 4605 κατετρὶὅη
1650 4535 1930 4607 γραωδῶς.
1986 4555 2004 4587 ι
2054 4535 2185 4591 Cum

624 4632 689 4681 de
714 4629 911 4682 misero
933 4626 1034 4681 Joh
1088 4628 1336 4683 homilias
1370 4628 1667 4691 habuisset,
1695 4629 1745 4680 in
1800 4626 2053 4680 Filiarum
2084 4644 2184 4683 no-

625 4718 768 4771 mina
797 4717 1013 4772 sublimi
1039 4720 1284 4773 oratione
1318 4734 1636 4782 excurrens,
1663 4720 1879 4773 aniliter
1912 4734 1977 4774 eo
2004 4720 2057 4773 in
2098 4735 2186 4774 ar-

2294 4538 2548 4591 nonnulla
2573 4552 2693 4591 eum
2726 4538 2807 4592 vel
2856 4540 3240 4608 perstrinxisse
3280 4541 3484 4605 leviter,
3522 4536 3595 4591 vel
3633 4536 3789 4588 intacta

2294 4629 2507 4698 penitus
2540 4629 2857 4698 reliquisse;
2892 4632 2957 4685 de
2980 4632 3174 4700 quibus
3204 4632 3254 4686 in
3288 4632 3392 4686 alio
3416 4645 3565 4700 opere
3582 4626 3788 4681 latissime

2294 4722 2605 4789 disputavit,
2627 4723 2767 4790 quod
2803 4723 3008 4777 scilicet
3059 4739 3163 4777 non
3198 4734 3405 4794 putaret
3449 4736 3551 4776 rem
3593 4729 3786 4784 magna"!

622 4816 875 4877 gumento
937 4816 1185 4862 versatus
1243 4819 1342 4863 est.
1375 4827 1395 4861 ι
1445 4808 1550 4863 Has
1596 4810 1840 4864 homilias
1865 4810 1931 4864 ad
1969 4826 2186 4866 sensum
2284 4812 2434 4868 brevi
2465 4828 2714 4869 sermone
2745 4815 3091 4870 concludere.
3123 4835 3141 4867 ι
3175 4816 3241 4869 Ει
3269 4814 3494 4871 deinde:
3525 4830 3542 4863 ι
3569 4808 3665 4863 Non
3682 4804 3785 4875 quod

623 4901 790 4955 fuisse
816 4899 883 4954 ab
935 4898 1145 4953 Hilario
1191 4914 1479 4955 conversas
1527 4903 1690 4956 tradit
1733 4900 2090 4973 Hieronymus
2135 4905 2187 4959 in
2285 4915 2467 4974 putem
2497 4921 2525 4959 a
2559 4922 2644 4961 me
2665 4922 2823 4976 posse
2848 4908 2955 4961 dici
2988 4922 3109 4977 qua:
3138 4906 3226 4961 ille
3260 4905 3545 4977 prateriit;
3572 4899 3653 4955 sed
3680 4892 3785 4966 quod

624 4992 872 5062 Catatogo
918 4991 1159 5055 scriptor.
1211 4991 1392 5045 ecclcs.
1439 5000 1495 5047 et
1540 4995 1693 5061 epist.
1721 4994 1794 5048 75
1836 4995 1903 5047 ad
1954 4992 2189 5064 Vigilat»
2284 5010 2346 5050 ea
2374 5011 2493 5065 quae
2519 4997 2573 5050 in
2611 4999 2770 5052 tomis
2788 4998 2871 5052 vel
2896 4998 3131 5054 homiliis
3174 4999 3287 5068 ipse
3317 4995 3577 5058 disseruit,
3616 4988 3684 5043 vel
3717 4999 3785 5053 οεο

648 5172 660 5183 ο
694 5103 975 5187 “.Efasm'.
996 5103 1048 5157 in
1069 5100 1314 5187 (iamut...
1358 5105 1424 5184 de
1457 5104 1929 5187 Commentarhi‘n
1980 5125 2041 5164 ιιι
2100 5110 2254 5179 psaln

2176 5110 2290 5166 tim.
2364 5112 2411 5144 “
2440 5111 2579 5171 Sixl.
2612 5114 2867 5170 Biblioth.
2912 5113 3036 5169 libr.
3068 5130 3141 5168 tv.
3216 5113 3262 5145 ³⁵⁵
3282 5113 3494 5168 Hieron.
3524 5107 3665 5179 Oper.
3705 5100 3782 5156 edi-

627 5172 783 5227 tionis
812 5173 1059 5228 Martian.
1093 5182 1223 5228 tom.
1261 5170 1322 5235 li,
1365 5174 1416 5227 in
1458 5178 1684 5242 append.
1720 5194 1772 5247 p.
1803 5178 1922 5232 19.9..

695 5263 805 5334 (61)
846 5262 1039 5332 Viginti
1082 5281 1173 5318 sea:
1201 5264 1442 5336 homilias
1481 5266 1536 5317 in
1562 5266 1726 5323 Josue
1760 5286 1825 5323 ea:
1865 5281 2091 5336 tempore
2120 5274 2184 5324 ab

905 5266 1039 5346 pinti
1082 5281 1173 5318 sea:
1201 5264 1444 5346 homilias
1481 5266 1726 5346 in_Josue
1760 5286 1834 5346 ea;
1865 5281 2091 5346 tempore
2120 5274 2184 5346 ab
2287 5272 2535 5346 lontonis,
2583 5272 2786 5326 habuit.
2842 5272 3043 5326 Deinde
3099 5271 3264 5340 liquet
3314 5284 3378 5321 ex
3436 5265 3627 5343 decima
3666 5252 3778 5346 tertii

627 5336 949 5387 Adamantio
972 5352 1090 5386 sene
1120 5336 1382 5390 recitatae.
1406 5334 1757 5392 Cassiodorus
1782 5340 1876 5394 lib.
1923 5334 1996 5393 Dc
2034 5344 2188 5395 insti-

2290 5360 2440 5397 num.
2467 5334 2531 5407 5,
2556 5344 2643 5405 l5,
2685 5359 2831 5397 niam.
2867 5347 2918 5407 ti,
2938 5352 2993 5395 et
3019 5342 3088 5394 9.5
3137 5334 3283 5394 unm.
3318 5340 3367 5399 1,
3395 5335 3689 5407 ροδιειίιιιᾳξ
3714 5334 3780 5407 εξ

626 5413 727 5457 tut.
775 5403 939 5456 divin.
977 5402 1207 5470 Script.,
1243 5420 1360 5472 cap.
1420 5407 1470 5470 1,
1514 5407 1729 5473 triginta
1776 5422 2185 5465 commemorat.

627 5476 681 5525 In
720 5474 945 5541 septima
985 5488 1133 5544 num.
1178 5476 1235 5535 ti,
1267 5490 1327 5528 se
1371 5476 1740 5544 presbyterum
1770 5490 1824 5532 et
1877 5481 2025 5533 verbi
2088 5482 2186 5536 Dei

626 5558 923 5609 praeconum
983 5542 1157 5595 dicit:
1218 5545 1269 5596 in
1310 5546 1467 5597 tertia
1503 5542 1652 5598 num.
1690 5547 1744 5608 6.
1794 5550 1975 5602 laudat
2013 5550 2187 5605 homi-

627 5613 752 5684 tiam
785 5613 1093 5684 quamdam,
1138 5628 1307 5684 quam
1361 5616 1412 5665 in
1462 5616 1563 5666 alia
1595 5619 1823 5684 quadam
1851 5622 2077 5673 ecclesia
2121 5622 2187 5673 de

627 5682 1277 5758 cln:thus__meretricibus,
1327 5684 1392 5735 de
1435 5682 1649 5758 quibus
1682 5689 1945 5753 scriptum
2000 5700 2083 5743 est
2133 5692 2184 5743 in

630 5750 789 5802 tertio
808 5750 945 5801 libro
968 5750 1194 5818 lit-gum,
1222 5766 1341 5817 qua
1383 5750 1465 5805 ad
1485 5753 1749 5821 judicium
1776 5750 2037 5814 venerant
2084 5759 2187 5813 Sa-

2288 5428 2407 5466 esse
2456 5399 2791 5481 expositione
2848 5399 2916 5465 in
2961 5413 3216 5479 psalmum
3278 5426 3326 5470 ο.
3395 5399 3456 5459 ac
3502 5399 3780 5481 illiilliiiib-ilnu

2286 5474 2593 5545 Jeremiain,
2627 5486 2755 5535 etin
2791 5481 2841 5534 N
2851 5474 3053 5535 umeros
3082 5497 3100 5533 :
3144 5483 3491 5544 videnturque
3534 5474 3782 5545 pronuutﬂnIr

2290 5561 2358 5605 tte
2394 5554 2536 5605 circa
2574 5528 2732 5606 linem
2764 5554 2888 5605 anni
2917 5552 3057 5617 249,
3095 5549 3176 5604 vel
3215 5548 3308 5603 sub
3336 5528 3779 5621 ἱμῇῗιὶιιιιῖειριξξξξρξ

2288 5623 2717 5689 quandoquidem
2742 5622 2954 5675 humilia
2981 5610 3143 5681 nona,
3179 5634 3327 5672 nunt.
3358 5617 3442 5689 1t),
3468 5610 3780 5689 gravissimis!

2292 5667 2557 5745 i'nemora't
2593 5693 3020 5759 persecutionem
3050 5667 3167 5760 qua:
3220 5700 3340 5740 tunc
3388 5667 3778 5739 Ecclesiamaml'

2291 5763 2475 5831 gebat.
