4068 6312
248 409 375 463 1201

1094 407 1669 464 ORIGENIANORUM
1709 408 1835 461 LIB.
1881 406 1970 471 ΙΙΙ,
2011 406 2164 461 CAP.
2208 407 2272 470 ΙΙ,
2307 405 2493 461 SECT.
2541 403 2595 461 ΙΙ.

3351 408 3487 464 1202

246 523 408 593 digna
441 522 677 576 arbitror
700 521 953 586 lectione,
984 520 1036 575 in
1063 520 1205 575 hunc
1230 529 1511 587 angustum
1546 521 1822 575 Commen-
1850 527 1893 583 Α
1925 521 2109 591 viginti
2152 520 2388 591 quinque
2435 518 2708 583 homilia;
2751 527 2804 575 et
2855 522 3179 592 σημειώσεις
3216 540 3349 595 quas
3388 538 3489 585 nos

246 616 499 668 tariolnm
531 613 782 668 referam.
814 633 833 667 ο
858 612 1065 681 Quibus
1106 612 1233 665 tomi
1260 611 1507 680 Origenis
1530 652 1545 675 ,
1584 611 1815 667 hoinilia

242 716 301 759 et
328 706 529 759 scholia
558 706 610 759 in
640 704 956 760 Psalterium
992 704 1304 773 singulatim
1338 712 1612 758 notantur.

320 794 409 850 IV.
434 796 509 850 Ex
529 794 645 863 ejus
670 795 1086 850 Commentariis
1108 796 1163 847 in
1194 792 1479 849 Proverbia
1510 793 1816 851 Salomonis

246 889 545 958 particulas
567 889 703 943 duas
741 886 1073 956 deprompsit
1107 886 1419 955 Pamphilus
1454 886 1506 940 in
1545 886 1814 957 Apologia.

245 980 449 1035 Catena
486 994 697 1050 quoque
729 979 1094 1047 manuscripta
1126 977 1471 1033 Bibliotheca
1495 977 1815 1032 Maaarinia-

252 1087 336 1125 na
378 1077 432 1123 in
462 1069 682 1132 Lucam,
715 1070 780 1123 ad
826 1084 945 1139 cap.
983 1082 1102 1133 vni,
1145 1083 1291 1122 vers.
1342 1068 1395 1133 4,
1448 1068 1657 1137 insigne
1705 1067 1817 1121 fra-

246 1172 525 1231 gmentum
570 1161 801 1214 indidem
831 1158 1119 1229 expromit.
1160 1158 1331 1228 Ipsius
1391 1158 1818 1228 Explicationum

244 1254 301 1306 in
342 1252 686 1307 Ecclesiasten
716 1252 904 1305 scribit
944 1249 1128 1307 Sixtus
1156 1251 1463 1306 meminisse
1498 1250 1817 1306 Methodium

248 1346 302 1399 in
356 1344 491 1398 libro
530 1342 605 1396 De
649 1343 1055 1397 resurrectione.
1120 1342 1273 1409 Quod
1325 1343 1573 1411 equidem
1620 1343 1674 1397 in
1720 1342 1822 1397 fra-

244 1436 497 1506 gmentis,
524 1450 643 1503 qua
669 1433 807 1503 apud
837 1433 1188 1503 Epiphanium
1218 1442 1273 1487 et
1322 1432 1565 1488 Photium
1585 1443 1817 1499 exstant,

247 1541 517 1595 nusquam
539 1526 769 1594 reperio.
809 1522 875 1577 In
913 1522 1188 1578 Canticum
1229 1525 1552 1578 canticorum
1592 1526 1819 1580 multum

247 1618 452 1672 laboris
481 1629 537 1672 et
560 1616 721 1671 studii
750 1614 1047 1671 contulisse
1075 1617 1248 1684 ipsum
1276 1623 1502 1669 testatur
1532 1614 1822 1685 Gregorius

248 1708 520 1781 Nyssenus
553 1708 605 1761 in
630 1706 866 1761 Promm.
895 1706 1201 1762 Comment.
1239 1708 1294 1760 in
1322 1706 1528 1762 Cantic.
1564 1710 1817 1762 canticor.

249 1801 686 1857 Commentarios
723 1801 936 1870 quidem
979 1811 1032 1853 et
1073 1800 1325 1857 homilias
1361 1802 1414 1855 in
1458 1800 1600 1855 hunc
1628 1800 1821 1854 librum

1915 624 2164 682 excerpta
2210 627 2499 682 possumus
2548 610 2837 679 appellare.
2869 632 2887 664 ›
2932 613 3087 668 Plura
3136 626 3308 672 autem
3356 618 3492 672 scri-

1917 705 2096 774 psisse
2136 704 2283 757 illum
2322 702 2648 772 persuadere
2680 714 2903 771 possunt
2932 704 3046 758 hac
3076 705 3290 761 Eusebii
3328 706 3489 761 verba

1915 797 2009 851 lib.
2034 811 2085 849 vi
2140 794 2366 859 Histor.,
2402 810 2521 863 cap.
2553 793 2641 860 52,
2670 794 2811 849 unde
2851 810 2947 849 sua
2989 795 3340 867 Hieronymus
3375 814 3490 852 mu-

1918 895 2098 941 tuatus
2124 893 2208 939 est
2241 903 2253 937 :
2286 885 2394 937 Καὶ
2423 884 2682 954 Ὠριγένει
2711 884 2767 937 δὲ
2797 886 2937 939 κατὰ
2965 884 3152 940 τοῦτον
3184 885 3276 940 τὸν
3300 888 3489 958 χρόνον

1916 978 1983 1031 τὰ
2015 979 2094 1041 εἰς
2116 976 2207 1029 τὸν
2246 976 2471 1030 Ἥσαῖαν
2495 976 2865 1043 συνετάττετο,
2897 972 2971 1033 ὧν
2997 979 3075 1041 εἰς
3102 980 3198 1049 μὲν
3219 978 3279 1031 τὸ
3311 979 3490 1050 τρίτον

1921 1068 2087 1141 μέρος
2112 1068 2206 1121 τοῦ
2253 1068 2474 1120 Ἡσαΐου
2504 1068 2663 1139 μέχρι
2696 1068 2795 1138 τῆς
2820 1068 3069 1139 ὁράσεως
3095 1069 3203 1123 τῶν
3228 1070 3489 1139 τετραπό-
3588 1054 3591 1055 ν

1916 1159 2022 1212 δων
2053 1157 2159 1213 τῶν
2187 1161 2243 1211 ὲν
2271 1162 2335 1229 τῇ
2361 1160 2571 1230 ἐρήμῳ,
2612 1158 2908 1229 τριάκοντα
2936 1162 3015 1223 εἰς
3048 1161 3193 1230 ἡμᾶς
3225 1160 3491 1233 προῆλθον

1917 1249 2093 1321 τόμοι.
2132 1250 2241 1321 (65)
2265 1270 2283 1302 ι
2310 1250 2418 1305 llac
2440 1259 2757 1318 tempestate
2775 1249 3037 1321 Origenes
3062 1252 3491 1308 Commentarios

1920 1356 2046 1396 suos
2070 1343 2124 1395 in
2159 1340 2361 1396 Isaiam
2386 1342 2709 1411 composuit,
2743 1358 2773 1396 e
2807 1343 3001 1411 quibus
3037 1344 3088 1397 in
3132 1346 3343 1398 tertiam
3372 1345 3492 1414 qui-

1920 1433 2039 1487 dem
2068 1443 2276 1501 partetn
2299 1432 2470 1499 Isaia,
2514 1446 2682 1504 usque
2707 1436 2773 1491 ad
2800 1435 3057 1490 visionem
3087 1435 3489 1505 quadrupedum

1920 1523 1974 1577 in
2013 1523 2249 1589 deserto,
2275 1525 2498 1595 triginta
2539 1526 2603 1581 ad
2643 1542 2741 1583 nos
2781 1529 2912 1583 tomi
2944 1537 3319 1597 pervenerunt.
3354 1546 3374 1580 ι
3426 1528 3494 1583 Et

1922 1616 2178 1672 continuo
2223 1617 2287 1672 de
2313 1617 2725 1675 Commentariis
2765 1619 3009 1687 ejusdem
3060 1620 3116 1673 in
3166 1619 3491 1673 Ezechielem

1922 1720 2124 1775 agens,
2178 1706 2365 1777 viginti
2413 1709 2651 1779 quinque
2704 1725 2800 1765 sua
2852 1718 3010 1765 atate
3051 1711 3327 1765 exstitisse
3380 1709 3491 1774 ait,

1924 1811 2100 1864 neque
2146 1795 2325 1864 plures
2365 1796 2650 1866 Origenem
2705 1799 2757 1852 in
2808 1800 2950 1853 hunc
2994 1798 3309 1868 pr0phetam
3358 1798 3495 1852 scri-

249 1889 416 1945 dedit.
489 1889 869 1943 Commentarii
956 1890 1193 1959 duplices
1279 1889 1494 1946 fuerunt
1530 1906 1544 1943 :
1600 1905 1822 1959 parvum
1852 1883 1896 1938 Β
1925 1889 2094 1957 psisse
2118 1905 2131 1941 :
2154 1888 2307 1957 quasi
2341 1888 2670 1945 subinnuens
2701 1890 2908 1958 aliquos
2943 1904 2973 1942 e
2999 1888 3416 1943 Commentariis
3438 1888 3494 1941 in

253 1994 457 2036 tomum
488 1982 700 2050 juvenis
730 1982 984 2049 scripsit,
1021 1998 1052 2035 e
1092 1997 1198 2051 quo
1235 1981 1486 2037 laciniam
1532 1982 1694 2053 capiti
1743 1996 1827 2035 se-

249 2070 419 2140 ptimo
496 2066 808 2122 Philocalia:
867 2069 1125 2124 intextam
1199 2069 1574 2140 deprehendas
1617 2088 1630 2123 :
1671 2070 1829 2125 annis

250 2177 380 2217 vero
411 2164 718 2231 provectior
757 2161 943 2215 decem
977 2163 1279 2232 composuit
1308 2172 1513 2229 tomos,
1548 2177 1684 2232 quos
1726 2177 1831 2217 me-

250 2253 497 2308 morabili
516 2253 689 2319 elogio
720 2251 1084 2323 Hieronymus
1131 2254 1440 2320 exornavit,
1496 2254 1549 2308 in
1602 2253 1830 2324 Prologo

246 2346 319 2398 ad
348 2345 649 2409 Damasum,
684 2361 792 2399 sua:
839 2346 1278 2415 interpretationi
1308 2344 1539 2400 duarum
1576 2346 1830 2413 Origenis

249 2436 590 2491 homiliarum
618 2436 671 2490 in
706 2437 929 2492 Cantico
958 2437 1182 2507 pralixo
1212 2455 1227 2492 :
1266 2455 1284 2488 s
1311 2437 1597 2506 Origenes,
1631 2439 1827 2508 inquit,

249 2541 373 2579 cum
424 2527 475 2581 in
532 2526 746 2583 cateris
781 2527 934 2581 libris
989 2544 1178 2583 omnes
1225 2528 1440 2593 vicerit,
1498 2528 1549 2582 in
1603 2527 1830 2583 Cantico

245 2616 584 2671 canticorum
631 2617 743 2685 ipse
788 2632 846 2671 se
880 2618 1049 2671 vicit:
1084 2633 1205 2671 nam
1237 2619 1422 2672 decem
1464 2618 1829 2674 voluminibus

244 2706 538 2779 explicitis,
591 2724 711 2777 qua
750 2710 816 2764 ad
874 2710 1065 2780 viginti
1116 2725 1287 2779 usque
1344 2725 1596 2765 versuum
1660 2710 1827 2764 millia

246 2817 387 2871 pene
413 2802 754 2872 perveniunt,
797 2802 1029 2871 primum
1081 2799 1432 2872 Septuaginta
1479 2802 1824 2871 lnterpretes,

244 2894 441 2948 deinde
476 2892 748 2963 Aquilam,
775 2901 827 2946 et
860 2890 1266 2963 Symmachum,
1297 2900 1353 2944 et
1378 2891 1826 2956 Theodotionem,

244 2994 302 3038 et
334 2984 401 3038 ad
427 2992 729 3038 extremum
754 2983 996 3054 quintam
1018 2982 1314 3039 editionem
1337 3023 1351 3048 ,
1390 3000 1553 3053 quam
1593 2984 1646 3037 in
1676 2984 1828 3039 Actio

248 3076 433 3129 littore
469 3075 741 3129 invenisse
775 3090 832 3129 se
861 3074 1071 3136 scribit,
1106 3074 1177 3127 ita
1201 3074 1507 3141 magniﬁce,
1531 3084 1823 3144 aperteque

248 3168 543 3231 disseruit,
576 3174 634 3220 ut
677 3166 801 3219 inde
831 3167 963 3219 mihi
992 3166 1238 3221 videatur
1286 3165 1339 3219 in
1386 3180 1451 3221 eo
1503 3166 1825 3234 completum

243 3271 372 3311 esse
400 3258 543 3326 quod
565 3257 763 3311 dicitur
795 3276 808 3311 :
837 3255 1144 3313 Introduxit
1179 3274 1258 3311 me
1293 3256 1406 3311 Rea:
1444 3258 1499 3311 in
1526 3258 1827 3311 cubiculum
1853 3236 1900 3300 θ

240 3362 405 3401 suum
444 3345 511 3399 ⁸⁸.
538 3364 556 3397 ι
594 3346 794 3400 Horum
837 3346 1363 3403 Commentariorum
1394 3363 1521 3418 pars
1550 3363 1655 3403 non
1695 3363 1825 3403 con-

247 3440 543 3494 temnenda
573 3440 627 3492 in
662 3436 903 3492 editione
926 3438 1120 3493 Latina
1148 3439 1414 3508 hodieque
1445 3450 1706 3507 superest,
1734 3439 1829 3495 sed

247 3528 396 3584 male
423 3530 475 3582 in
505 3528 755 3583 homilias
787 3528 1094 3593 distributa,
1126 3541 1183 3582 ut
1211 3530 1560 3584 ostendemus
1582 3529 1825 3594 inferius,

245 3635 377 3675 cum
400 3620 464 3674 de
492 3620 868 3688 superstitibus
912 3619 1156 3689 Origenis
1186 3622 1439 3690 operibus
1486 3622 1592 3675 erit
1635 3622 1826 3692 agendi

249 3713 425 3766 locus.
462 3710 724 3765 Homilias
765 3722 944 3766 autem
978 3713 1032 3765 in
1064 3710 1338 3765 Canticum
1380 3712 1511 3766 duas
1559 3709 1826 3779 Hierony-

250 3817 375 3858 mus
442 3801 630 3856 Latine
703 3801 1007 3871 explicavit,
1063 3818 1278 3874 sqnas,
1336 3813 1394 3856 ut
1447 3803 1562 3873 ipse
1614 3805 1720 3869 ait,
1776 3804 1829 3857 in

250 3910 462 3950 morem
483 3894 780 3963 quotidiani
809 3894 1008 3964 eloquii
1040 3895 1276 3965 parvulis
1302 3894 1478 3950 adhuc
1505 3894 1831 3950 lactentibus

251 3981 581 4055 (Origenes)
619 3985 935 4054 composuit.
969 4003 987 4036 ι

336 4072 397 4127 ν.
440 4074 630 4128 lsaiam
681 4073 1039 4128 Adamantius
1096 4072 1544 4141 commentariis,
1597 4072 1832 4129 homiliis

253 4175 314 4221 et
346 4165 571 4220 scholiis
626 4164 1013 4233 interpretatus
1048 4174 1159 4230 est;
1208 4174 1263 4217 et
1318 4164 1830 4219 commentariorum

253 4258 475 4328 quidem
536 4256 758 4328 triginta
818 4256 993 4319 libris,
1052 4255 1288 4310 homiliis
1334 4255 1517 4326 viginti
1570 4256 1829 4326 quinque.

255 4350 619 4422 Hieronymus
652 4348 776 4403 libr.
822 4364 838 4402 ι
883 4348 1103 4419 Apolog.
1134 4348 1337 4401 advers.
1371 4346 1575 4416 Ruﬁn.,
1615 4363 1733 4417 cap.
1775 4347 1829 4412 3,

261 4465 283 4496 ς
323 4444 481 4499 Certe
528 4443 688 4499 etiam
719 4441 981 4510 Origenes
1026 4441 1371 4511 patriarchen
1407 4437 1642 4493 Huillum
1669 4480 1683 4504 ,
1742 4440 1831 4508 qui

1927 1979 2129 2033 Isaiam
2192 1980 2547 2035 intercidisse.
2598 1981 2654 2035 ln
2707 1982 2932 2050 antiquo
2975 1981 3159 2035 codice
3216 1978 3491 2043 Marchali,

1928 2073 2069 2127 unde
2138 2071 2288 2129 Isaia
2331 2081 2643 2127 contextum
2700 2074 3029 2144 deprompsit
3087 2071 3398 2133 Curterius,
3442 2079 3496 2124 et

1929 2180 2051 2219 cum
2095 2163 2340 2234 ProcOpii
2375 2165 2793 2221 Commentariis
2822 2164 3009 2229 edidit,
3070 2173 3332 2218 tomorum
3379 2161 3496 2214 illo—

1929 2272 2045 2310 rum
2079 2254 2326 2326 Origenis
2358 2257 2565 2312 numeri
2603 2258 2667 2311 ad
2697 2257 2916 2310 linibum
2946 2254 3164 2323 ascripti
3199 2263 3344 2318 sunt,
3365 2253 3494 2306 etin

1930 2346 2203 2400 tricesimo
2233 2346 2506 2411 desinunt,
2536 2347 2626 2415 qui
2672 2354 2890 2399 notatus
2918 2352 3002 2397 est
3029 2343 3094 2397 ad
3118 2358 3267 2397 oram
3305 2341 3496 2409 capitis

1930 2453 2080 2502 xxix,
2115 2451 2257 2492 vers.
2292 2439 2343 2503 l,
2374 2446 2536 2507 atque
2561 2438 2683 2491 hinc
2716 2436 2939 2506 proinde
2966 2432 3221 2502 pertinuit
3251 2434 3317 2487 ad
3362 2447 3484 2501 cap.

1930 2546 2061 2591 xxx,
2102 2544 2246 2583 vers.
2294 2527 2369 2592 6;
2435 2528 2576 2583 unde
2621 2526 2831 2581 initium
2882 2525 3028 2579 ducit
3081 2525 3217 2579 visio
3262 2524 3499 2592 quadru-

1927 2623 2148 2693 pedum.

1996 2709 2246 2766 Jeremia
2282 2709 2617 2780 prophetiam
2676 2723 2775 2777 per
2827 2707 3081 2761 homilias
3138 2705 3497 2762 Adamantius

1926 2803 2235 2872 explicavit.
2264 2800 2682 2867 Quatuordecim
2704 2814 2773 2854 ex
2802 2798 3040 2853 homiliis
3067 2797 3291 2852 confuso
3312 2798 3499 2852 ordine

1927 2892 2284 2963 Hieronymus
2316 2893 2369 2946 in
2415 2890 2666 2945 Latinum
2703 2904 3003 2946 sermonem
3050 2887 3340 2943 transtulit.
3394 2886 3496 2941 Νο-

1926 2983 2219 3038 vcmdecim
2270 2982 2457 3037 habuit
2485 2980 2845 3037 Scorialensis
2886 2981 3075 3044 codex,
3117 2994 3224 3048 quo
3255 2994 3381 3033 usus
3419 2988 3500 3032 est

1925 3074 2235 3138 Corderius,
2287 3073 2387 3128 sub
2436 3072 2653 3127 nomine
2706 3068 2925 3142 Cyrilli;
2964 3084 3190 3140 quarum
3220 3067 3498 3121 duodecim

1928 3168 2071 3221 inter
2127 3165 2585 3235 Hieronymianas
2626 3163 2738 3231 jam
2790 3172 2914 3216 ante
2960 3162 3316 3217 habebantur.
3366 3160 3501 3214 Fra-

1928 3264 2202 3328 gmentum
2231 3270 2295 3311 ex
2324 3256 2543 3310 humilia
2577 3255 2852 3309 tricesima
2884 3267 3022 3307 nona
3051 3254 3319 3307 decimum
3346 3249 3502 3305 oll'ert

1931 3349 2240 3403 Pliilocalia
2263 3358 2424 3417 caput
2453 3347 2584 3419 (66).
2612 3346 2965 3402 Cassiodorus
2991 3348 3041 3400 in
3072 3346 3209 3400 libro
3236 3345 3309 3399 De
3350 3346 3505 3399 insti-

1929 3450 2028 3493 tut.
2077 3439 2243 3493 divin.
2290 3436 2644 3508 Scripturar.,
2700 3452 2818 3507 cap.
2868 3438 2923 3503 '5,
2964 3437 3161 3491 asserit
3211 3434 3499 3506 Origenein

1928 3531 1999 3586 £5
2049 3531 2284 3585 homiliis
2328 3528 2618 3585 Jeremiam
2664 3529 2998 3597 exposuisse,
3047 3543 3113 3582 ex
3156 3528 3326 3597 iisque
3367 3542 3503 3595 qua-

1933 3623 2228 3678 tuordecim
2274 3624 2374 3677 sibi
2427 3622 2595 3677 fuisse
2623 3620 2895 3685 inventas,
2946 3636 3039 3675 eas
3082 3620 3335 3673 nimirum
3367 3634 3501 3688 quas

1930 3717 2291 3785 Hieronymus
2322 3713 2615 3769 Latinitate
2638 3714 2947 3768 donaverat.
2985 3713 3226 3782 Denique
3248 3710 3502 3767 Rabanus

1933 3807 2147 3861 Maurus
2182 3803 2396 3860 Pral‘at.
2432 3807 2485 3859 in
2514 3804 2713 3859 Jerem.
2741 3806 2979 3875 quinque
3018 3805 3137 3859 illas
3171 3819 3331 3874 supra
3363 3818 3503 3873 qua-

1932 3892 2178 3971 draginta
2220 3898 2468 3967 Origenis
2504 3899 2757 3954 homilias
2798 3900 2853 3952 in
2884 3898 3167 3953 Jeremiam
3210 3898 3407 3952 vidisse
3444 3911 3503 3953 se

1932 4000 2227 4046 asseverat.
2265 3994 2334 4045 At
2359 3992 2415 4043 in
2454 3988 2686 4043 Threuos
2717 3988 2967 4044 Jeremia
3005 4003 3195 4042 novem
3243 3986 3502 4056 Origenes

1933 4083 2231 4137 dictaverat
2256 4091 2452 4148 tomos,
2498 4096 2562 4137 ex
2599 4082 2793 4151 quibus
2835 4083 3074 4149 quinque
3127 4080 3390 4133 duntaxat
3435 4079 3503 4132 ad

1932 4189 2085 4229 suam
2108 4183 2321 4228 atatem
2358 4189 2737 4243 perseverasse
2769 4172 3031 4228 Eusebius
3073 4171 3345 4226 memoria
3377 4185 3503 4241 pro-

1934 4264 2069 4318 didit
2098 4263 2220 4318 libr.
2249 4279 2321 4329 vi,
2358 4279 2477 4333 cap.
2510 4264 2599 4317 24.
2935 4335 2940 4341 .

2008 4354 2345 4410 Ezechielem
2395 4356 2588 4425 viginti
2647 4369 2884 4424 quinque
2934 4353 3092 4409 tomis
3146 4353 3214 4408 ab
3266 4350 3503 4423 Origene

1935 4447 2101 4503 fuisse
2122 4448 2449 4504 illustratum
2483 4448 2787 4503 docetidem
2810 4446 3070 4501 Eusebius
3107 4446 3231 4500 libr.
3256 4462 3305 4500 vi
3332 4444 3502 4510 Hist.,

258 4537 591 4606 temporibus
612 4536 729 4605 ejus
749 4536 869 4601 fuit,
889 4537 1160 4598 nominat;
1185 4544 1237 4586 et
1262 4533 1597 4588 tricesimum
1630 4542 1830 4586 tomum
1868 4576 1915 4634 Β
1941 4555 2060 4608 cap,
2090 4540 2179 4595 52,
2208 4540 2372 4595 Docet
2405 4549 2460 4595 οι
2501 4552 2653 4594 velus
2693 4538 2949 4593 Mal-Cha“
3000 4538 3137 4593 [iber
3165 4553 3351 4592 omnes
3381 4554 3504 4607 ρι-ο-

259 4628 316 4682 ἱη
357 4627 572 4692 Isaiam,
621 4631 674 4682 in
713 4630 864 4697 cujus
898 4630 1001 4682 line
1035 4627 1305 4690 edisserit,
1390 4624 1480 4679 Va:
1518 4626 1611 4678 tibi
1659 4626 1837 4680 civitas

261 4718 427 4785 Ariel,
456 4735 611 4789 quam
642 4720 951 4787 expugnavit
995 4716 1159 4770 David
1181 4716 1227 4747 “
1254 4717 1268 4770 !
1304 4715 1445 4770 illius
1505 4715 1839 4785 expositione

262 4811 568 4875 concludit;
620 4820 678 4864 ut
721 4826 842 4864 cum
891 4809 1049 4863 aliter
1090 4808 1240 4877 prius
1276 4808 1514 4862 sensisse
1560 4821 1618 4861 se
1670 4806 1836 4871 dicat,

264 4908 482 4957 doctum
518 4905 584 4958 ab
622 4904 734 4967 illo,
763 4903 815 4957 id
848 4904 988 4972 quod
1014 4912 1096 4956 est
1131 4903 1338 4965 verius,
1375 4898 1684 4955 conﬁtetur.
1716 4917 1735 4950 ι
1772 4896 1839 4951 Ει

266 4995 319 5050 in
361 4995 630 5050 Proamio
672 4998 740 5050 ad
781 4996 1014 5065 primum
1065 4994 1595 5051 Commentariorum
1617 5005 1834 5045 suorum

264 5090 320 5141 in
361 5087 563 5142 Isaiam
612 5087 807 5141 librum
850 5105 864 5140 :
906 5104 924 5137 s
959 5085 1188 5155 Scripsit
1220 5088 1272 5140 in
1330 5085 1477 5138 hunc
1516 5080 1833 5151 prophetam

259 5180 411 5250 juxta
442 5181 705 5236 editiones
733 5190 984 5247 quatuor,
1013 5194 1180 5249 usque
1208 5179 1274 5231 ad
1311 5176 1573 5231 visionem
1604 5173 1837 5243 quadru-

264 5271 461 5339 pedum
501 5271 553 5325 in
607 5270 821 5325 deserto
881 5268 1143 5339 Origenes
1205 5268 1428 5339 triginta
1475 5264 1769 5329 volumina,
1805 5279 1835 5318 e

262 5363 459 5432 quibus
496 5364 784 5418 vicesimus
803 5373 989 5421 sextus
1017 5362 1151 5416 liber
1182 5377 1287 5416 non
1318 5358 1609 5414 invenitur.
1636 5356 1837 5411 Ferun-

267 5464 354 5507 tnr
375 5462 430 5508 et
463 5454 551 5508 alii
580 5455 692 5509 sub
722 5454 938 5509 nomine
982 5454 1098 5521 ejus
1141 5452 1207 5508 de
1242 5452 1451 5507 visione
1493 5449 1837 5524 τετραπόδων

265 5544 374 5600 duo
396 5547 461 5599 ad
492 5545 713 5600 Graiam
748 5545 891 5610 libri,
918 5545 1009 5613 qui
1046 5544 1438 5614 pseudographi
1466 5552 1757 5614 putantur;
1782 5550 1835 5597 et

338 5682 383 5714 "
415 5681 624 5739 Cantic.
668 5699 708 5747 ι,
747 5682 801 5737 5.
879 5684 925 5715 ⁸⁸
954 5683 1075 5737 lsai.
1107 5699 1259 5747 xxix.
1292 5684 1343 5738 Ι.

338 5818 448 5891 (65)
483 5818 723 5877 Valesius
758 5821 913 5892 legit,
958 5820 1246 5892 περιῆλθον
1268 5836 1438 5891 τομοι.

1941 4634 2134 4703 phetas
2166 4632 2477 4701 complexus
2504 4651 2517 4685 :
2555 4648 2676 4685 nam
2705 4634 2771 4685 ad
2812 4630 3111 4685 Ezechielis
3135 4644 3285 4683 oram
3318 4628 3507 4699 Orige-

1941 4723 2524 4777 nianorum-tomorum
2562 4720 2773 4776 numeri
2815 4721 2926 4775 suis
2969 4729 3094 4774 sunt
3131 4719 3302 4773 notati
3349 4718 3502 4783 locis,

1940 4828 2040 4867 nec
2066 4813 2247 4882 plures
2286 4821 2593 4882 suntquam
2618 4815 2854 4881 quinque
2882 4820 2937 4866 et
2975 4810 3185 4878 viginti.
3216 4810 3295 4864 Ex
3328 4810 3501 4864 homi-

1936 4903 2024 4959 liis
2062 4919 2191 4957 vero
2221 4903 2273 4957 in
2316 4910 2587 4972 propheta
2633 4903 2795 4972 hujus
2844 4903 3224 4955 enodationem
3262 4916 3504 4971 pronun-

1940 4997 2108 5059 tiatis,
2139 4996 2546 5064 quatuordecim
2582 4994 2651 5048 ab
2692 4994 3018 5067 Hieronymo
3065 4992 3325 5047 Romanis
3375 5006 3505 5043 con-

1941 5100 2111 5140 versa
2142 5087 2320 5144 verbis
2354 5086 2407 5139 in
2436 5084 2683 5139 Latinam
2723 5086 3013 5139 editionem
3057 5083 3314 5150 conjecta
3356 5092 3504 5136 sunt.

1942 5178 2019 5231 Ex
2049 5178 2151 5233 hoc
2192 5177 2441 5249 Origenis
2479 5178 2598 5233 loco
2636 5187 2791 5233 tract.
2825 5178 2919 5243 29,
2968 5192 3115 5230 num.
3158 5174 3250 5242 40,
3289 5189 3344 5244 p.
3377 5174 3505 5241 860,

1943 5271 1997 5322 in
2032 5268 2222 5323 Matth.
2243 5285 2262 5322 :
2286 5288 2304 5322 s
2329 5270 2458 5337 Qua
2482 5280 2657 5327 autem
2683 5267 3049 5339 sequunturin
3079 5276 3224 5321 textu
3252 5265 3504 5327 Danielis.

1943 5360 2083 5414 sicut
2107 5363 2395 5431 potuimus,
2421 5362 2786 5430 exposuimus,
2813 5379 2832 5412 ι
2881 5360 2932 5412 in
2986 5358 3259 5413 Danielem
3303 5356 3505 5426 aliquid

1942 5453 2009 5506 ah
2039 5453 2154 5521 ipso
2191 5455 2548 5522 compositum
2575 5454 2740 5508 fuisse
2782 5452 3060 5517 discimus,
3091 5458 3145 5505 et
3169 5464 3200 5504 e
3231 5449 3507 5504 Prouemio

1941 5558 2153 5612 quoque
2183 5542 2222 5596 ll
2233 5544 2491 5613 ieronymi
2515 5544 2581 5597 ad
2608 5541 2950 5597 undecimum
2976 5538 3503 5594 Commentariorum

2013 5814 2124 5885 (66)
2153 5812 2285 5870 Vide
2300 5813 2550 5871 editionis
2579 5820 2777 5868 nostra
2805 5818 2935 5868 tom.
2960 5808 3057 5875 ΙΙΙ,
3088 5824 3144 5878 p.
3178 5806 3305 5863 285.
