4068 6312
657 393 790 451 1205

1914 390 1974 446 P.
2016 387 2325 444 DANIEIJS
2355 386 2586 442 HUETII

3687 394 3788 453 ΗΜ

650 515 705 567 in
737 511 962 576 Isaiam,
994 511 1046 565 in
1074 525 1180 580 quo
1209 509 1283 564 ait
1306 525 1428 566 sese
1451 509 1737 581 Origenem
1761 525 1880 565 eum
1907 510 2027 565 aliis
2056 509 2220 564 fuisse
2249 513 2292 569 Α
2322 508 2530 564 tertiam
2559 515 2760 576 partem
2793 504 2912 558 libri
2944 521 2971 558 a
3004 504 3286 575 principio.
3316 525 3334 558 ι
3374 504 3789 583 Hmcllieronymns

651 612 971 658 assectatum
1006 603 1058 656 in
1106 603 1438 670 expositione
1482 605 1821 674 septuaginta
1853 603 2214 659 hebdomada-

651 710 766 747 rum
793 709 806 747 :
844 693 945 748 nisi
976 693 1095 762 quis
1134 693 1246 748 haec
1287 695 1336 747 in
1367 693 1486 750 aliis
1517 695 1742 749 fortasse
1775 695 1925 749 libris
1951 693 2126 749 obiter
2148 693 2215 748 ab

648 784 881 854 Origene
909 794 1131 839 tractata
1182 785 1350 840 luisse
1408 785 1570 841 dicat.
1610 786 1774 842 Multo
1831 787 1991 858 igitur
2040 789 2215 841 minus

645 879 760 932 hate
785 879 1048 932 addocent
1073 877 1393 934 homiliasne
1418 895 1486 933 an
1521 879 1918 933 Commentaria
1943 880 1998 932 in
2021 878 2215 932 Danie-

645 966 745 1020 lem
777 968 1023 1023 ediderit.
1067 968 1332 1024 Caeterum
1383 985 1503 1024 cum
1549 971 1912 1024 novemdecim
1967 970 2213 1038 Origenis

645 1058 892 1114 homilias
912 1061 968 1114 in
995 1058 1304 1126 Jeremiam,
1335 1061 1466 1116 lalso
1486 1061 1685 1132 Cyrillo
1712 1063 1972 1131 ascriptas
2005 1077 2035 1116 e
2083 1061 2214 1117 Sco-

643 1152 861 1207 rialensi
884 1153 1070 1209 codice
1092 1155 1481 1223 deprompserit
1521 1153 1803 1209 Balthasar
1828 1155 2137 1219 Corderius,
2159 1164 2214 1208 et

643 1239 696 1292 in
725 1239 974 1295 editionis
999 1257 1105 1295 sum
1142 1241 1453 1311 praefatione
1479 1244 1742 1297 notaverit
1773 1244 2008 1311 ejusdem
2033 1255 2215 1299 aucto-

644 1331 722 1386 ris
750 1331 1178 1387 Commentarios
1207 1334 1261 1386 in
1289 1331 1610 1388 Ezecltielem
1653 1346 1698 1388 et
1745 1335 2012 1390 Danielem
2040 1337 2212 1390 conti-

643 1421 756 1476 neri
776 1422 828 1476 in
865 1423 966 1477 hoc
993 1423 1104 1492 ipso
1133 1423 1342 1490 codice,
1373 1434 1564 1479 caveat
1594 1425 1762 1481 lector
1787 1441 1854 1481 ne
1879 1442 1973 1482 eos
1999 1442 2213 1498 quoque

641 1512 844 1584 Cyrillo
868 1529 1144 1585 perperam
1179 1517 1362 1581 tribui,
1393 1517 1576 1571 itidem
1609 1527 1666 1572 ut
1694 1519 1940 1575 homilias
1980 1521 2034 1574 in
2071 1519 2216 1574 lere-

644 1605 828 1669 miam,
852 1615 905 1660 et
941 1608 1004 1660 ad
1037 1607 1323 1676 Origenem
1359 1610 1634 1676 pertinere
1673 1620 1875 1666 temere
1895 1612 2165 1667 existimet
2196 1631 2209 1666 :

647 1709 756 1751 tam
815 1701 958 1754 enim
1008 1700 1214 1772 Cyrilli,
1265 1717 1424 1766 quam
1472 1702 1719 1772 Origenis
1775 1719 1895 1759 esse
1943 1716 2208 1775 possunt:

649 1792 824 1860 reipsa
849 1794 1042 1862 quippe
1075 1795 1126 1848 ia
1167 1809 1354 1850 omnes
1389 1797 1677 1865 prophetas
1721 1798 2000 1866 scripsisse
2046 1797 2214 1854 fertur

647 1882 900 1954 Cyrillus,
936 1893 989 1938 et
1011 1885 1127 1953 ejus
1162 1887 1325 1941 etiam
1356 1889 1411 1941 in
1435 1887 1705 1942 Danielem
1738 1891 1988 1945 homilias
2025 1892 2076 1945 in
2104 1893 2210 1944 Va-

647 1973 820 2026 ticana
869 1973 1190 2030 bibliotheca
1240 1979 1444 2032 servari
1500 1978 1663 2032 tradit
1725 1978 1908 2033 Sixtus
1958 1980 2213 2036 Senensis

643 2061 739 2116 lib.
773 2077 827 2116 tv
858 2061 996 2118 Bibl.
1031 2067 1082 2119 in
1118 2063 1342 2135 Cyrillo.
1400 2067 1497 2121 llel
1550 2068 1831 2122 veritatem
1879 2070 1962 2123 vel
2014 2071 2210 2134 sciunt,

646 2154 728 2209 vel
771 2156 908 2209 scire
951 2167 1172 2224 possunt
1220 2157 1589 2214 Scorialenses
1641 2159 1714 2213 illi
1779 2160 2211 2232 liierouymiani,

645 2246 736 2316 qui
769 2247 851 2301 his
882 2248 1149 2302 thesauris
1180 2248 1457 2304 incubant.

719 2337 804 2392 Vl.
842 2337 898 2391 In
944 2340 1223 2395 duodecim
1269 2343 1558 2410 prophetas
1591 2343 1779 2414 viginti
1821 2345 2057 2416 quinque
2087 2346 2210 2417 ἐξη-

645 2428 859 2499 γήσεων
886 2429 1132 2499 Origenis
1163 2431 1433 2486 volumina
1482 2449 1644 2487 manu
1686 2433 1952 2503 Pamphili
1993 2447 2212 2490 exarata

643 2522 909 2589 reperisse
961 2537 1019 2576 se
1085 2533 1268 2576 narrat
1331 2523 1689 2597 Hieronymus
1743 2526 1835 2580 lib.
1898 2527 1974 2582 De
2027 2530 2211 2594 script.

641 2610 849 2677 ποίει,
869 2627 988 2680 cap.
1016 2611 1108 2676 86,
1130 2611 1313 2681 plures
1342 2623 1518 2668 tamen
1537 2616 1818 2683 scripsisse
1835 2617 2212 2672 Adamantium

641 2702 913 2770 significat
943 2703 1206 2758 Eusebius
1229 2704 1350 2758 libr.
1385 2721 1460 2770 vt,
1485 2721 1603 2774 cap.
1625 2707 1694 2760 56
1719 2707 1904 2760 llistar
1939 2733 1952 2765 ;
1988 2711 2127 2774 Τούς
2153 2729 2212 2764 τε

642 2795 722 2857 εἰς
746 2795 870 2857 τοὺς
898 2794 1100 2847 δώδεκα
1127 2796 1414 2867 Προφὴτας
1439 2798 1634 2869 τόμους
1673 2801 1950 2854 συντάττει
1969 2843 1984 2864 ,
2017 2804 2106 2872 ἀφ’
2143 2799 2214 2858 ὧν

646 2885 839 2955 μόνους
887 2886 1118 2957 εὕρομεν
1161 2890 1322 2940 πέντε
1376 2890 1469 2942 καὶ
1527 2889 1722 2945 εἴκοσι.
1801 2894 1908 2948 «Et
1941 2905 2112 2949 tomos
2164 2899 2213 2950 itt

571 2969 584 2984 ’
645 2976 923 3029 duodecim
951 2978 1241 3046 prophetas
1281 2979 1597 3047 conscribit,
1647 2998 1709 3035 ex
1753 2984 1948 3052 quibus
1983 2987 2216 3054 quinque

644 3075 700 3119 et
728 3066 911 3136 viginti
947 3067 1206 3120 duntaxat
1256 3071 1550 3138 reperimus
1593 3085 1608 3123 :
1648 3071 1702 3124 In
1741 3072 1932 3126 Oscam
1961 3079 2214 3129 nonnulla

2314 599 2381 653 de
2413 596 2811 652 Commentariis
2838 593 3086 664 Origcnis
3117 596 3170 648 in
3199 593 3532 661 Zachariam;
3558 597 3674 652 istud
3699 617 3790 658 vero

2313 688 2378 742 (le
2420 686 2533 753 eius
2555 684 2912 738 voluminibus
2943 684 2994 736 in
3043 683 3357 737 Malae/tiam
3385 684 3423 716 "
3457 702 3470 736 τ
3508 703 3524 736 ⁸
3558 685 3790 757 scrip-mi“

2313 779 2454 832 hunc
2482 777 2677 831 librum
2705 774 2964 844 Origenes
2997 775 3100 829 tria
3139 776 3430 840 volumina,
3459 779 3544 831 sed
3575 779 3792 834 historiam

2312 868 2529 922 omnino
2558 883 2662 920 non
2697 866 2891 936 tetigit,
2924 876 2979 920 et
3006 881 3154 920 more
3201 882 3299 921 suo
3336 876 3474 922 totus
3507 868 3556 921 in
3589 869 3794 940 allegoria

2315 960 2754 1030 interpretatione
2783 968 3030 1012 versatus
3062 969 3164 1012 est.
3191 977 3210 1010 ι

2383 1051 2494 1106 V’II.
2534 1053 2607 1106 De
2628 1050 2876 1120 Origenis
2897 1051 3189 1122 exegetieis
3215 1053 3268 1105 in
3292 1050 3585 1104 Mattluram
3611 1052 3655 1106 id
3679 1052 3793 1109 habet

2313 1158 2527 1214 quoque
2576 1143 2930 1215 Hieronymus
2952 1144 2999 1175 ⁵⁸
3034 1161 3047 1197 :
3103 1163 3122 1196 ι
3161 1143 3382 1212 Legisse
3418 1159 3498 1198 me
3523 1142 3671 1198 lateor
3708 1158 3800 1201 ante

2313 1252 2481 1292 annos
2504 1235 2760 1305 plurimos
2799 1235 2853 1290 in
2888 1235 3195 1290 Matthzenm
3231 1235 3478 1305 Origcnis
3499 1235 3797 1306 vigintiquin-

2313 1344 2417 1398 que
2446 1329 2741 1392 volumina,
2777 1338 2833 1382 et
2870 1328 3088 1383 totidem
3117 1329 3233 1397 ejus
3269 1328 3542 1390 homilias,
3579 1331 3798 1384 commati-

2315 1435 2546 1490 cumque
2595 1421 3051 1490 interpretationis
3109 1437 3278 1490 genus
3313 1438 3328 1474 :
3367 1439 3384 1472 ι
3422 1422 3516 1475 hoc
3553 1433 3642 1484 est,
3688 1439 3800 1476 coun-

2314 1513 2607 1567 tnentarios
2633 1553 2648 1578 ,
2681 1512 2930 1568 homilias
2971 1522 3026 1568 et
3058 1512 3286 1568 scholia.
3316 1509 3554 1565 Totidem
3582 1510 3802 1578 ciuscom-

2314 1605 2610 1661 mentarios
2637 1615 2885 1661 numerat
2909 1605 3172 1660 Eusebius
3198 1605 3322 1660 libr.
3367 1620 3418 1658 vt
3472 1602 3669 1669 llistor.,
3707 1623 3795 1678 cap.

2314 1698 2404 1752 56.
2441 1697 2783 1767 Quapropter
2825 1699 3080 1754 mendosa
3121 1714 3242 1754 esse
3275 1699 3444 1768 liquet
3486 1699 3589 1752 Iure
3624 1699 3740 1752 verba
3773 1715 3803 1754 e

2315 1789 2542 1859 Prologo
2575 1789 2908 1861 Hieronymi,
2952 1792 3042 1862 qui
3080 1791 3335 1860 prtelixus
3362 1798 3442 1844 est
3476 1789 3653 1844 Latinae
3677 1789 3797 1843 inter-

2316 1883 2598 1952 pretationi
2625 1883 2968 1938 homiliarnm
3008 1882 3255 1954 Origenis
3285 1884 3339 1936 in
3380 1881 3604 1936 Lucam:
3638 1881 3800 1948 «Siqui-

2314 1977 2433 2030 dem
2466 1975 2590 2029 illud
2623 1976 2764 2044 quod
2794 1976 2920 2030 olim
2962 1976 3146 2030 Romae
3182 1985 3370 2029 sancta
3412 1972 3616 2028 Blazsilla
3649 1970 3800 2040 ﬂagito.

2313 2075 2482 2130 verat,
2524 2077 2581 2122 ut
2635 2067 2703 2123 56
2743 2079 2916 2123 tomos
2962 2068 3100 2122 illius
3138 2070 3192 2121 in
3245 2067 3560 2129 Mattlta'um,
3607 2075 3652 2119 et
3688 2064 3801 2134 quin-

2311 2175 2416 2230 que
2475 2161 2608 2216 alios
2653 2163 2710 2216 in
2773 2159 3002 2229 Lucam,
3061 2171 3116 2216 et
3160 2163 3230 2216 59
3291 2161 3348 2214 in
3387 2159 3624 2213 Joannem
3659 2168 3804 2212 nostra!

2313 2251 2506 2322 lingua:
2563 2253 2852 2308 traderem.
2877 2273 2898 2306 ›
2960 2254 3270 2324 Legendum
3316 2253 3458 2307 enim
3485 2269 3541 2306 τι
3575 2251 3636 2304 25
3678 2262 3805 2304 tomos

2315 2345 2458 2400 illius
2483 2347 2535 2400 in
2558 2345 2889 2400 Mattlueum.
2924 2365 2943 2398 ι
2970 2347 3296 2415 Corruptam
3322 2345 3588 2399 lectionem
3610 2344 3806 2398 Erasmus

2313 2437 2365 2491 in
2411 2437 2631 2492 Censur.
2696 2438 2786 2492 lib.
2824 2438 2999 2507 0rt'g.;
3045 2439 3233 2493 Sixtns
3273 2437 3519 2494 Senensis
3560 2435 3681 2489 Bibl.
3716 2435 3802 2489 libr.

2313 2547 2390 2591 tv,
2425 2540 2480 2584 et
2506 2527 2681 2584 Josias
2709 2529 2968 2585 Simlerus
3000 2545 3064 2584 ac
3109 2529 3394 2584 Conradus
3419 2527 3606 2584 Frisius
3633 2529 3677 2580 in
3701 2525 3804 2596 Epit.

2315 2622 2435 2675 bibl.
2474 2620 2688 2677 Gesner.
2738 2623 2905 2678 secuti
2949 2631 3091 2678 sunt.
3133 2621 3390 2678 Mendosa
3422 2635 3616 2690 quoque
3661 2619 3731 2673 illa
3767 2619 3804 2670 in

2315 2713 2492 2765 Ilutini
2524 2711 2788 2767 Invectioa
2831 2713 2865 2766 2
2907 2713 2958 2766 in
3001 2713 3316 2784 ilieronym.
3371 2711 3422 2767 in
3465 2711 3637 2780 quibus
3669 2708 3803 2778 viginti

2314 2821 2408 2860 sex
2438 2807 2688 2875 Origenis
2739 2807 2793 2860 in
2847 2805 3156 2860 Mallhwum
3221 2807 3391 2861 libros
3441 2806 3502 2859 ab
3553 2803 3809 2871 Hieronymo

2314 2907 2761 2954 commemoratos
2796 2897 2960 2952 fuisse
2988 2900 3185 2963 refert;
3227 2913 3390 2966 quem
3439 2897 3587 2949 etiam
3613 2906 3796 2947 errorem

2315 3001 2530 3046 secutus
2561 2999 2642 3044 est
2668 2989 2981 3044 Vincentius
3016 2989 3415 3044 Bellovacensis
3441 2985 3630 3056 Specul.
3663 2981 3806 3034 doctri-

2316 3083 2423 3136 nal.
2479 3084 2602 3138 iihr.
2635 3097 2789 3146 xvnt,
2840 3097 2959 3150 cap.
3017 3081 3106 3136 43.
3162 3081 3369 3134 Bonam
3422 3079 3613 3134 illorum
3654 3086 3804 3143 partem

644 3157 925 3227 scripsisse
957 3159 1146 3222 fet-tur,
1174 3171 1332 3228 atque
1373 3162 1497 3216 item
1543 3163 1594 3215 in
1631 3163 1972 3232 Zachariam,
2010 3185 2210 3222 necnon
2241 3191 2284 3249 ρ
2315 3175 2501 3230 Graece
2557 3175 3078 3245 repraesentavimns,
3133 3173 3414 3229 meliorem
3473 3182 3658 3239 tempus
3705 3181 3798 3220 con-

645 3255 698 3299 et
726 3247 777 3299 in
808 3246 1124 3301 Malachiatn
1161 3268 1174 3303 :
1207 3260 1369 3319 atque
1403 3251 1502 3305 hos
1530 3251 1955 3311 Commentarios
1979 3273 2008 3311 e
2035 3258 2217 3326 viginti

646 3337 882 3407 quinque
915 3338 1225 3411 ἐξηγήσεων
1261 3341 1469 3396 illarum
1499 3360 1722 3399 numero
1764 3346 1931 3402 fuisse
1965 3351 2216 3406 arbitror.

647 3429 702 3482 In
733 3428 924 3485 Oscam
951 3433 1076 3501 quid
1117 3444 1514 3490 commentatus
1567 3438 1635 3491 sit
1688 3438 1772 3492 his
1828 3441 2002 3496 verbis
2060 3446 2220 3498 tradit

646 3520 1003 3593 Hieronymus
1036 3524 1268 3581 Promm.
1303 3527 1602 3584 Comment.
1636 3530 1691 3582 in
1730 3529 1918 3586 Oscam
1949 3549 1966 3586 :
1997 3551 2014 3585 t
2038 3533 2221 3605 Orige—

653 3629 750 3668 nes
783 3629 1002 3683 parvum
1037 3617 1100 3671 de
1136 3619 1236 3672 hoc
1289 3621 1547 3689 propheta
1596 3622 1817 3690 scripsit
1850 3623 2106 3689 libellum,
2136 3627 2218 3681 cui

647 3706 790 3761 hunc
825 3709 1030 3762 titulum
1065 3710 1342 3779 imposuit:
1373 3711 1544 3783 ιΠερὶ
1571 3711 1664 3764 τοῦ
1695 3713 1810 3776 πῶς
1842 3715 2129 3787 ὠνομάσθη
2164 3720 2220 3770 ἐν

645 3814 728 3867 τῳ
781 3800 937 3870 Ὠσηὲ
993 3801 1230 3874 Ἐφραῖμ
1277 3821 1290 3832 ·
1362 3805 1463 3859 hoc
1514 3813 1596 3859 est
1637 3821 1650 3856 :
1705 3807 1881 3872 Quare
1929 3809 2221 3876 appellatur

649 3891 706 3944 in
763 3888 894 3944 Osca
953 3890 1208 3958 Epltraim
1246 3911 1267 3948 :
1303 3896 1490 3949 volens
1541 3898 1827 3951 ostendere
1888 3915 2221 3969 quaecunque

650 3991 838 4035 contra
894 3997 1016 4036 eum
1063 3985 1340 4049 dicuntur,
1392 3991 1457 4042 ad
1511 3989 1880 4044 hcereticomm
1943 3992 2219 4047 referenda

648 4089 956 4143 personam.
1025 4077 1088 4130 Et
1133 4079 1274 4132 aliud
1330 4081 1573 4134 volumen
1627 4082 1896 4151 ἀκέφαλον
1948 4085 2040 4136 καὶ
2095 4085 2219 4139 ἁτέ-

648 4165 856 4234 λεστον,
897 4169 1043 4235 quod
1071 4181 1122 4222 et
1159 4173 1335 4239 capite
1369 4183 1550 4226 careat
1587 4183 1641 4227 et
1685 4173 1808 4226 line.
1838 4194 1855 4224 ι
1890 4173 2047 4228 Addit
2083 4191 2220 4243 pra:-

652 4273 844 4315 terea:
881 4279 900 4311 ι
945 4260 1042 4326 Qui
1093 4263 1421 4334 (Didymusﬁ
1461 4274 1570 4318 tres
1635 4265 1799 4318 libros
1861 4282 1943 4318 me
2007 4276 2220 4334 potente

650 4353 893 4416 dictavit,
927 4355 1163 4424 quinque
1191 4372 1404 4426 quoque
1441 4357 1574 4412 alios
1622 4359 1672 4412 in
1705 4357 2046 4412 Zachariam.
2087 4359 2218 4413 Nam

650 4454 704 4496 et
731 4447 782 4498 in
812 4447 981 4516 ipsum
1022 4450 1124 4504 duo
1153 4460 1358 4504 tantum
1394 4450 1653 4519 Origenes
1684 4451 1896 4519 scripsit
1926 4453 2215 4515 volumina,

654 4533 744 4586 vix
771 4538 984 4590 tertiam
1013 4549 1221 4608 partem
1251 4556 1278 4592 a
1311 4541 1572 4609 principio
1607 4541 1726 4594 libri
1769 4556 1936 4608 usque
1958 4543 2021 4593 ad
2054 4543 2215 4596 visio-
2246 4533 2289 4584 Ι)

651 4641 774 4681 nem
805 4631 1182 4700 quadrigarum
1227 4634 1554 4689 edisserens.
1585 4653 1604 4684 ι
1639 4633 1780 4686 Idem
1811 4633 1861 4686 in
1893 4634 2120 4702 Prologo
2148 4637 2212 4688 ad

652 4721 880 4788 primum
902 4719 1424 4780 Commentariorum
1461 4728 1515 4779 in
1547 4725 1904 4780 Zachariam:
1947 4745 1965 4778 ι
1991 4726 2220 4798 Scripsit

651 4813 705 4866 in
742 4813 882 4866 hunc
907 4813 1219 4882 pr0phetam
1243 4816 1501 4886 Origenes
1529 4819 1633 4873 duo
1653 4817 1921 4873 volumina
1949 4836 2118 4889 usque
2151 4823 2216 4875 ad

721 4974 768 5006 "’
802 4976 1022 5034 Hieron.
1054 4975 1288 5032 Protem.
1321 4978 1626 5035 Comment.
1658 4982 1710 5035 in
1741 4980 1969 5036 Malacb.

654 5043 706 5097 in
731 5045 927 5101 Homii.
980 5047 1196 5118 Origen.
1231 5048 1285 5102 in
1314 5047 1444 5104 Luc.

719 5161 1368 5239 ,(6'7)_Commentariorttm
1393 5167 1463 5239 _i_n
1510 5166 1764 5221 Joannem
1802 5179 1966 5222 tomos
1998 5171 2218 5239 triginta

654 5231 787 5284 duos
811 5233 1154 5307 Adamantius
1181 5237 1366 5288 edidit.
1393 5236 1619 5307 liuetius
1643 5239 1898 5292 Ruﬁnum
1923 5241 2008 5293 hic
2036 5231 2218 5307 sequi-

655 5312 744 5355 tur
782 5305 1078 5370 posthabita
1124 5307 1349 5380 lectione
1409 5306 1714 5377 Hieronymi
1748 5311 1837 5377 qui
1899 5305 2124 5380 triginta
2164 5322 2218 5363 et

656 5386 844 5427 novem
896 5381 1067 5426 tomos
1122 5375 1176 5426 in
1227 5374 1485 5429 Joannem
1536 5374 1856 5431 enumerat:
1892 5374 1995 5432 sed
2039 5379 2217 5433 Ruﬁni

654 5441 873 5496 lectioni
905 5442 1035 5496 ﬁdes
1053 5444 1271 5497 tninime
1297 5447 1508 5499 videtur
1543 5462 1664 5499 esse
1704 5450 2009 5502 adhibenda
2044 5467 2059 5502 :
2096 5467 2216 5502 nam

655 5527 776 5586 eum
819 5522 993 5586 tomus
1030 5529 1203 5586 χχχιι,
1249 5518 1337 5582 qni
1391 5517 1654 5582 hodieque
1711 5518 1899 5571 Grrrce
1950 5529 2215 5586 superest,

657 5582 862 5634 desinat
889 5582 956 5655 ad
975 5592 1132 5650 caput
1162 5584 1382 5655 Joannis
1412 5601 1530 5651 xm,
1555 5602 1691 5641 vers.
1719 5588 1807 5650 35,
1833 5589 1910 5642 vel
1951 5582 2214 5655 int-egrum

660 5663 792 5716 opus
815 5651 1121 5725 neutiquam
1153 5653 1379 5707 absolvit
1404 5655 1682 5725 Origenes,
1728 5658 1810 5708 -ve|
1855 5659 1898 5710 si
1944 5659 2008 5708 ad
2056 5651 2212 5711 linem

661 5730 832 5794 usque
885 5722 1181 5794 perduxit,
1223 5737 1328 5794 non
1394 5722 1675 5790 pauciores
1713 5741 1872 5794 quam
1929 5728 1997 5781 59
2047 5737 2218 5780 tomos

665 5784 969 5842 elaborasse
1024 5789 1319 5844 verisimile
1355 5784 1454 5850 erit.
1486 5794 1685 5851 Deinde
1714 5784 1895 5865 plures
1937 5812 2095 5865 quant
2150 5797 2217 5851 52’.

2046 4981 2329 5039 “Hieron.
2358 4983 2591 5040 Promtn.
2622 4984 2924 5041 Comment.
2971 4987 3022 5039 in
3077 4985 3266 5040 Matth.

2321 3269 2569 3337 sumpsit.
2611 3267 2807 3324 Misere
2831 3284 2959 3324 vero
2994 3268 3299 3323 deformata
3333 3275 3472 3330 sunt,
3513 3279 3616 3334 quae
3657 3258 3804 3315 Latinis

2320 3360 2643 3418 editionibus
2697 3361 3062 3416 continentur.
3125 3361 3272 3416 Inter
3344 3358 3579 3415 homilias
3632 3366 3724 3422 qua:
3769 3350 3805 3400 in

2321 3453 2554 3508 diversos
2588 3454 2808 3509 inscribi
2836 3455 3032 3520 solent,
3064 3464 3270 3524 septem
3295 3457 3437 3510 circa
3466 3448 3672 3507 Matthari
3693 3447 3806 3498 inter-

2320 3547 2677 3615 pretationem
2717 3558 3022 3611 versantur,
3071 3549 3164 3602 sed
3213 3547 3466 3616 quoniam
3523 3540 3683 3598 incerti
3719 3544 3808 3592 sunt

2321 3639 2566 3694 auctoris
2605 3648 2659 3694 et
2683 3639 2828 3702 ﬁdei,
2861 3653 2958 3694 suo
2992 3639 3109 3694 loco
3140 3639 3498 3694 excutientur.

2392 3730 2641 3800 Quinque
2680 3740 2856 3784 tomos
2895 3727 3147 3800 Origenis
3192 3735 3246 3783 in
3303 3730 3488 3783 Lucam
3528 3724 3808 3788 Hieronymus

2321 3831 2706 3877 commemorat
2738 3823 2804 3876 ".
2840 3821 3038 3877 Novem
3093 3837 3218 3877 vero
3284 3831 3339 3876 et
3398 3819 3590 3889 triginta
3625 3809 3807 3882 ejusdem

2322 3914 2572 3968 homilias
2628 3914 2680 3968 in
2734 3915 2878 3968 hunc
2933 3913 3332 3983 evangelistam
3390 3911 3566 3966 Latina
3613 3903 3808 3958 oratione

2320 4006 2606 4074 expressit,
2658 4005 2856 4072 quibus
2910 4005 3151 4074 pepercit
3205 4018 3472 4058 annorum
3520 3990 3807 4053 inclementia,

2320 4097 2478 4151 tomis
2517 4098 2868 4166 consumptis.
2929 4097 3115 4152 Plures
3162 4113 3292 4151 vero
3333 4096 3400 4150 ab
3443 4092 3638 4160 Origene
3681 4082 3810 4136 fuisse

2320 4189 2653 4255 conscriptas
2701 4205 2796 4242 cur
2847 4190 3112 4258 suspicer,
3165 4188 3373 4242 iaciunt
3422 4192 3668 4256 postrema
3709 4187 3808 4231 sex.

2321 4295 2439 4347 quae
2466 4295 2588 4334 cum
2618 4282 2992 4336 continuatum
3020 4283 3069 4334 in
3103 4281 3470 4350 superioribus
3496 4275 3704 4330 ordinem
3730 4281 3808 4322 nou

2323 4381 2562 4434 teneant,
2596 4389 2627 4428 e
2663 4373 2855 4443 majori
2887 4387 3112 4427 numero
3140 4374 3392 4427 videntur
3414 4374 3657 4426 detractzc.
3697 4358 3808 4414 Facit

2321 4474 2373 4517 et
2403 4466 2516 4534 ipse
2562 4463 2824 4534 Origenes
2877 4478 3019 4520 tomo
3069 4482 3163 4519 χιιι
3212 4467 3268 4518 in
3309 4464 3523 4528 Mattlt.,
3572 4473 3694 4513 num.
3741 4450 3807 4508 29.

2319 4570 2441 4624 pag.
2481 4555 2605 4620 6-10,
2654 4567 2706 4608 et
2747 4565 2890 4609 tomo
2934 4572 3084 4609 χχχιι
3138 4557 3194 4608 in
3241 4555 3426 4621 Joan.,
3477 4565 3606 4606 num.
3654 4545 3702 4607 2,
3743 4538 3806 4592 ubi

2322 4647 2561 4714 quaedam
2589 4663 2617 4698 a
2643 4663 2699 4700 se
2737 4648 2788 4701 in
2817 4648 3050 4703 homiliis
3084 4649 3134 4702 in
3182 4647 3382 4702 Lucam
3429 4645 3610 4714 scripta
3650 4641 3804 4692 narrat.

2324 4751 2553 4802 quorum
2603 4737 2745 4790 nulla
2800 4737 2853 4790 in
2915 4738 3295 4808 soperstitibus
3339 4734 3560 4792 homiliis
3607 4730 3803 4799 apparent

2324 4825 2568 4896 vestigia.
2600 4827 2710 4898 (6.7)
2761 4826 3066 4886 Comment.
3127 4831 3183 4883 in
3233 4829 3390 4884 Joan.
3441 4838 3599 4882 tomos
3641 4818 3802 4888 triginta

3343 4985 3387 5017 δ’
3416 4983 3613 5038 llieron.
3639 4973 3800 5038 Prolog.

2327 5181 2502 5226 tomos
2535 5171 2812 5226 coniectos
2850 5172 3016 5226 fuisse
3064 5173 3188 5225 inde
3217 5171 3443 5234 eruitur,
3485 5164 3612 5238 quod
3657 5159 3798 5238 Orig-

2325 5224 2419 5296 ne;
2464 5224 2856 5310 assignas"
2904 5224 2994 5303 δέ,
3026 5224 3299 5296 initiatio.
3339 5224 3626 5301 ηιιιὲιηίδὸ,
3651 5224 3796 5310 μεὶᾷξ,

2330 5315 2380 5365 in
2433 5301 2543 5366 haec
2595 5311 2824 5366 Matthaai
2882 5301 3045 5366 verba
3101 5331 3116 5366 :
3173 5312 3402 5379 ldipsum
3462 5319 3618 5362 autem
3657 5301 3796 5379 ιι]οτ

2323 5392 2519 5445 τνοηεδο
2571 5383 2659 5452 qui
2701 5382 2940 5452 {ruciﬁxi
2978 5392 3132 5436 erant.
3186 5367 3303 5435 cum
3341 5367 3795 5452 eo,_improperabattl

2321 5453 2368 5504 ei
2393 5468 2412 5504 .·
2436 5453 2509 5504 ait
2537 5448 2592 5526 se
2618 5452 2666 5526 in
2701 5451 3117 5526 Commentariis
3145 5452 3352 5526 suis_in
3402 5448 3633 5526 Joannem
3673 5448 3796 5526 erat:

2323 5525 2497 5575 suisse
2533 5523 2599 5575 de
2631 5523 2838 5575 duobus
2866 5522 3166 5576 latronibus
3195 5522 3282 5588 qui
3321 5517 3559 5588 crucifixi
3586 5518 3686 5588 sum
3707 5515 3792 5588 cunt

2323 5591 2564 5656 Christo,
2595 5600 2647 5644 et
2683 5592 2763 5666 ibi
2790 5593 3024 5666 agitasse
3059 5609 3126 5666 an
3160 5584 3248 5666 alii
3281 5591 3387 5666 sint
3419 5590 3515 5666 duo
3549 5585 3592 5637 lli
3618 5584 3794 5666 'j'lfﬂ‘ffs

2323 5647 2563 5731 quorum,
2583 5676 2718 5714 unus
2753 5647 3163 5731 hia‘sphentabat
3183 5661 3445 5731 Christum
3461 5655 3603 5731 juxta
3623 5647 3790 5731 Lucill'v

2323 5712 2375 5783 έι
2405 5712 2728 5784 aliiluerint
3296 5712 3380 5798 qui
3416 5712 3559 5779 ambo
3596 5712 3790 5782 blasphe'

2327 5809 2607 5829 .......ι.......ο
2662 5801 2806 5829 :.......
2842 5801 3142 5829 ιιη..ι.........
3188 5810 3235 5829 ,η
3280 5800 3497 5829 unum...
3529 5811 3539 5822 -
3562 5809 3583 5829 ι
3607 5789 3655 5829 Et
3687 5773 3791 5829 aliud

2327 5809 2632 5866 ntaverunt,
2655 5801 2806 5872 juxta
2839 5801 3142 5857 Matthazutn
3187 5810 3241 5856 et
3279 5789 3497 5854 lii-arcum
3529 5809 3583 5844 τι
3605 5789 3656 5842 Et
3687 5791 3763 5850 ειη
