4068 6312
338 325 473 382 1205

1113 294 1690 386 oatcstvninonuu
1730 330 1859 387 LIB.
1902 329 1989 397 ιιι,
2026 331 2177 385 car.
2220 330 2282 397 ιι,
2328 332 2524 389 seex.
2565 332 2628 386 ιι.

3427 330 3579 384 1206-

333 448 472 501 duos
506 446 856 500 Adamantius
899 445 1088 501 edidit.
1134 446 1211 501 lta
1252 448 1480 502 Ruﬁnus
1520 448 1717 503 Invect.
1750 466 1787 503 ιι
1846 450 1900 503 in
1930 454 1975 511 Α
2005 450 2248 503 omnium
2296 460 2351 504 et
2398 446 2767 503 admirabilior
2815 448 3078 503 destinata
3110 446 3450 516 cognoscitur
3496 448 3561 500 ad

338 538 538 592 Hieron
567 557 579 592 :
612 557 629 590 ι
655 540 871 593 Interim
901 538 1146 607 Origenis
1172 540 1359 603 libros,
1387 550 1444 593 ιιι
1468 556 1628 610 supra
1648 542 1897 605 diximus,

336 631 390 683 in
416 646 626 685 omnem
648 632 1052 685 admirationem
1086 629 1310 692 extollit,
1336 642 1389 683 et
1408 631 1715 700 dicit,quod
1745 634 1787 687 si
1806 648 1900 689 eos

336 724 719 792 interpretetur
764 720 1001 775 Romana
1054 720 1250 788 lingua,
1305 731 1591 791 cognoscet
1640 732 1898 790 quantum

334 814 460 868 boni
495 826 550 867 et
574 824 701 867 ante
729 812 1001 873 nescierit,
1034 820 1088 865 et
1113 812 1249 865 scire
1284 828 1423 866 nunc
1450 813 1695 881 coeperit,
1736 813 1789 866 id
1818 821 1901 867 est

334 907 389 957 in
420 902 766 969 Hallhwum,
824 902 1042 970 inquit,
1098 902 1284 971 viginti
1344 918 1438 957 sex
1497 904 1663 958 libros
1718 903 1896 974 (lege,

337 996 521 1064 viginti
557 993 831 1064 quinque),
867 1002 922 1047 et
953 994 1007 1046 in
1038 991 1236 1046 Lucam
1272 994 1531 1064 quinque,
1565 1004 1619 1048 et
1650 997 1703 1048 in
1729 994 1901 1048 Joan-

332 1104 448 1141 nem
483 1088 690 1157 triginta
722 1088 876 1140 duos.
911 1105 929 1137 ι
960 1084 1086 1138 Inde
1115 1085 1365 1155 estquod
1412 1086 1465 1139 in
1509 1087 1693 1141 codice
1736 1086 1899 1141 Com-

333 1186 563 1229 mentar.
603 1177 656 1228 in
711 1173 970 1228 Joannem
994 1189 1100 1243 quo
1135 1189 1263 1227 usus
1299 1184 1382 1229 est
1419 1176 1732 1231 Ambrosius
1770 1176 1900 1232 Fer-

330 1269 506 1323 rarius
528 1283 714 1322 novem
761 1268 1071 1335 interrupta:
1132 1267 1289 1322 seriei
1341 1269 1469 1322 tomi
1509 1267 1561 1322 in
1606 1268 1676 1323 52
1729 1279 1898 1325 tomos

329 1362 545 1413 fuerant
573 1359 870 1414 distributi.
903 1357 1231 1413 Emendetur
1270 1374 1399 1429 ergo
1440 1360 1590 1415 locus
1630 1360 1718 1415 ille
1766 1360 1896 1417 Pro-

331 1451 436 1520 logi
472 1451 784 1520 Hieronymi
824 1451 890 1504 ad
929 1448 1180 1503 homilias
1203 1448 1449 1520 Origenis
1474 1451 1528 1505 in
1557 1449 1750 1504 Lucam
1784 1468 1812 1506 a
1839 1468 1898 1507 se

326 1558 619 1597 conversas
673 1560 687 1595 :
740 1559 758 1592 ι
807 1542 1084 1611 Siquidem
1142 1540 1271 1594 illud
1328 1542 1471 1611 quod
1522 1541 1648 1595 olim
1712 1541 1897 1598 Romae

324 1641 514 1687 sancta
571 1630 796 1685 Blacsilla
851 1629 1198 1699 flagitaverat,
1272 1638 1328 1683 ut
1368 1629 1437 1684 36
1485 1639 1657 1684 tomos
1711 1631 1892 1701 (lege,

324 1723 396 1778 25
429 1722 636 1793 tomos)
676 1722 818 1777 illius
841 1722 894 1775 in
927 1719 1232 1774 Matlhwum
1256 1760 1270 1786 ,
1317 1730 1373 1775 et
1409 1721 1647 1790 quinque
1678 1721 1812 1777 alios
1841 1724 1894 1776 in

2003 542 2314 608 Romanos,
2363 557 2527 612 quam
2583 541 2845 610 Origenes
2907 540 3097 609 viginti
3162 540 3311 593 libris
3372 538 3563 593 Grzeco

2002 649 2254 690 sermone
2288 634 2623 688 declaravit:
2673 648 2807 702 quos
2854 641 3032 687 tamen
3089 630 3424 700 supradictus
3452 628 3563 682 Ru-

2002 724 2142 779 linus
2170 725 2221 778 in
2249 725 2433 778 decem
2460 724 2626 777 libros
2656 723 2924 793 redigens,
2945 722 3121 775 adhuc
3148 720 3362 787 copiose
3387 729 3563 773 trans-

2000 815 2123 869 tulit
2166 815 2219 868 in
2268 814 2535 869 Latinum.
2565 833 2583 866 ι
2615 814 2980 868 Conﬁrmatur
3011 812 3137 867 illud
3166 827 3231 867 ex
3265 812 3348 865 his
3380 809 3558 865 Rufini

1998 906 2177 960 verbis
2213 906 2265 958 in
2310 904 2631 959 Praefatione
2668 922 2790 959 mox
2840 904 3054 958 laudata
3087 921 3101 958 :
3142 921 3160 954 ι
3184 903 3348 957 Addis
3380 912 3559 956 autem

2000 1010 2067 1050 ne
2093 996 2221 1065 quid
2260 994 2536 1051 laboribus
2565 996 2699 1049 meis
2736 996 2895 1059 desit,
2921 1004 2979 1047 ut
3007 1008 3167 1048 omne
3204 995 3305 1047 hoc
3335 992 3562 1061 quinde-

2000 1086 2103 1142 cim
2150 1087 2488 1143 voluminum
2541 1101 2769 1155 corpus,
2810 1086 2952 1154 quod
3001 1084 3221 1139 Graecus
3261 1098 3441 1138 sermo
3492 1082 3559 1136 ad

1999 1178 2354 1247 quadraginta
2403 1177 2537 1242 fere,
2588 1188 2683 1231 aut
2722 1192 2787 1233 eo
2819 1176 3049 1246 amplius
3098 1175 3266 1229 millia
3307 1187 3557 1227 versuum

1997 1271 2270 1340 produxit,
2314 1270 2623 1325 abbreviem
2682 1279 2736 1323 et
2782 1270 2847 1323 ad
2880 1269 3077 1331 media,
3112 1267 3155 1321 si
3200 1266 3315 1321 fieri
3363 1274 3558 1335 potest,

1997 1361 2166 1429 spatia
2198 1370 2485 1416 coarctem.
2513 1380 2531 1413 ›
2568 1360 2736 1430 Igitur
2763 1361 2939 1414 [inlini
2980 1359 3359 1430 interpretatio
3385 1359 3557 1413 media

1998 1451 2217 1505 circiter
2257 1467 2380 1521 pars
2409 1461 2491 1507 est
2519 1451 2829 1523 Origeniani
2870 1453 3085 1521 operis;
3128 1451 3278 1519 atqui
3315 1452 3429 1505 hzec
3470 1451 3555 1504 in-

2001 1544 2319 1611 terpretatio
2350 1544 2533 1598 decem
2568 1543 2943 1612 complectitur
2979 1542 3182 1608 libros;
3213 1542 3399 1611 viginti
3429 1554 3558 1611 ergo

1996 1647 2131 1702 opus
2166 1632 2548 1703 Origenianum
2582 1635 3061 1704 complectebatur.
3087 1633 3250 1704 Igitur
3278 1648 3378 1702 pro
3397 1634 3556 1702 quin-

1999 1722 2165 1774 decim
2198 1721 2480 1790 legendum
2512 1725 2651 1791 apud
2674 1724 2924 1777 Rufinum
2950 1724 3151 1793 viginti.
3182 1724 3345 1778 Addit
3369 1724 3559 1778 deinde

326 1814 544 1875 Lucam.
576 1822 627 1867 et
652 1812 720 1867 39
758 1813 815 1867 in
850 1810 1109 1866 Joannem
1154 1817 1353 1865 nostra:
1395 1810 1589 1881 linguae
1632 1811 1893 1866 traderem
1928 1815 1970 1870 B
1998 1813 2225 1869 Ruﬁnus
2280 1814 2598 1884 interpolata
2646 1816 2813 1870 fuisse
2854 1818 3242 1887 commentaria
3287 1816 3555 1886 Origenis,

324 1905 486 1975 (lege
523 1904 592 1958 '52
622 1905 675 1957 in
696 1902 1050 1974 Joannem),i
1091 1918 1195 1957 non
1223 1910 1281 1957 ut
1322 1902 1514 1974 legisse
1548 1904 1759 1958 videtur
1808 1904 1892 1958 vir

326 1996 591 2059 eruditus,
643 1994 862 2063 triginta
921 2005 1172 2065 quatuor.
1229 1992 1431 2049 Scribit
1474 1993 1734 2049 Eusebius
1765 1994 1887 2050 libr.

326 2100 376 2137 vi
410 2082 633 2148 Ilistor.,
670 2100 791 2153 cap.
825 2084 919 2149 24,
948 2100 1011 2139 ex
1053 2085 1303 2140 universa
1342 2086 1444 2141 hac
1473 2086 1892 2141 commentario—

328 2192 447 2229 rum
479 2176 618 2231 mole
647 2177 778 2230 duos
804 2185 858 2230 et
895 2176 1080 2246 viginti
1129 2178 1389 2230 duntaxat
1425 2177 1592 2233 libros
1633 2192 1732 2231 suo
1776 2193 1890 2233 aevo

322 2269 621 2323 exstitisse.
653 2267 745 2322 His
780 2283 907 2323 vero
936 2252 1267 2335 temporibus
1314 2270 1403 2323 vix
1449 2280 1737 2339 supersunt
1794 2285 1887 2325 no-

323 2374 468 2412 vem.
502 2358 626 2412 Duze
658 2368 921 2429 przeterea
964 2361 1017 2412 in
1042 2357 1305 2413 Joannem
1344 2360 1685 2428 reperiuntur
1720 2359 1890 2416 homi-

324 2452 410 2505 lite
456 2452 594 2505 inter
639 2467 731 2506 eas
792 2468 907 2521 quae
955 2454 1009 2506 in
1064 2454 1290 2508 diversos
1343 2452 1744 2519 inscribuntur;
1794 2456 1885 2509 sed

321 2546 576 2613 quoniam
606 2546 671 2599 de
706 2546 941 2614 ipsarum
971 2557 1193 2602 auctore
1220 2562 1326 2601 non
1354 2558 1598 2612 constat,
1646 2548 1712 2602 de
1756 2549 1887 2618 ipsis

320 2638 460 2692 alias
480 2640 827 2706 quaestionem
869 2639 1203 2694 habebimus.
1242 2639 1314 2693 De
1355 2639 1792 2708 Expositionibus
1832 2641 1886 2693 in

320 2725 452 2778 Acta
484 2725 841 2794 apostolorum
880 2743 1047 2780 unum
1086 2728 1212 2781 illud
1249 2729 1391 2798 quod
1434 2729 1666 2783 scribam
1694 2729 1883 2797 habeo,

318 2815 525 2885 aliquot
553 2814 802 2871 homilias
835 2818 884 2871 in
922 2818 1009 2871 illa
1060 2818 1226 2873 fuisse
1269 2820 1335 2874 ab
1370 2817 1601 2889 Origene
1640 2821 1888 2876 lucubra-

321 2918 402 2960 tas
435 2926 446 2961 :
481 2908 592 2981 (68)
620 2911 1053 2981 caputsiqnidem
1090 2909 1395 2967 Philocaliw
1427 2916 1710 2983 septimum
1736 2916 1885 2970 clau-

319 3001 401 3054 dit
433 3003 685 3072 exiguum
722 3004 1077 3075 fragmentum
1117 3021 1146 3060 e
1177 3018 1367 3076 quarta
1400 3006 1617 3060 homilia
1656 3007 1707 3061 in
1744 3009 1883 3062 hunc

319 3095 535 3149 librum.

391 3184 521 3240 VIII.
551 3185 629 3239 Ad
659 3186 968 3241 enodandas
991 3186 1141 3241 Pauli
1170 3187 1425 3257 epistolas
1454 3190 1723 3263 ingentem
1755 3206 1879 3259 ope-

318 3291 436 3329 ram
484 3284 539 3331 et
596 3278 834 3331 laborem
860 3279 1122 3346 Origenes
1149 3281 1417 3335 contulit:
1453 3285 1719 3351 praecipue
1756 3299 1884 3338 vero

317 3367 464 3420 circa
509 3365 661 3419 Pauli
694 3366 986 3436 Epistolam
1034 3371 1097 3423 ad
1133 3372 1401 3427 Romanos
1431 3388 1695 3426 summam
1730 3374 1879 3427 adhi-

318 3459 438 3513 Imit
470 3457 839 3528 diligentiam;
895 3477 1021 3515 nam
1074 3478 1191 3531 quae
1237 3465 1287 3516 in
1328 3463 1514 3517 Latina
1564 3465 1797 3519 editione
1855 3480 1884 3519 a

319 3551 513 3605 Hulino
552 3567 812 3606 conversa
862 3564 1112 3619 exstant,
1152 3556 1235 3608 vix
1281 3556 1508 3609 mediam
1540 3554 1887 3610 Commenta-

318 3644 522 3696 riorum
564 3654 849 3713 exaequant
891 3659 1116 3715 partem,
1173 3662 1307 3715 quos
1348 3648 1399 3700 in
1443 3663 1561 3701 eam
1605 3648 1883 3716 epistolam

316 3735 582 3790 ediderat.
620 3734 845 3789 Ruﬁnus
870 3738 920 3789 in
961 3736 1273 3805 praefatione
1297 3739 1361 3791 ad
1388 3738 1687 3791 Heraclium
1721 3740 1885 3793 inter-

317 3827 602 3895 pretationi
633 3842 740 3880 sum
762 3828 978 3897 praefixa
1002 3869 1015 3893 ,
1051 3846 1071 3881 e
1108 3830 1346 3893 Suades,
1378 3830 1582 3899 inquit,
1613 3842 1667 3883 ut
1699 3844 1882 3885 nostra

316 3933 451 3972 voce
496 3918 799 3986 quindecim
850 3919 969 3989 ejus
1021 3921 1309 3993 (Origenis)
1353 3923 1641 3988 volumina,
1690 3925 1885 3993 quibus

317 4008 611 4078 Epistolam
640 4007 788 4064 Pauli
818 4011 881 4064 ad
910 4010 1179 4067 Romanos
1211 4014 1467 4068 disseruit
1494 4015 1876 4084 explicemus.»

317 4100 393 4154 Ita
442 4101 688 4169 legerunt
741 4114 795 4159 et
844 4106 1128 4160 ediderunt
1166 4105 1419 4161 lllerlinus
1450 4106 1585 4179 (69),
1629 4107 1883 4163 Erasmus

314 4199 371 4244 et
407 4192 783 4249 Genebrardus
831 4214 844 4249 :
897 4195 1019 4250 inde
1065 4196 1247 4250 Sixtus
1299 4195 1555 4253 Senensis
1602 4200 1883 4268 scripsisse

315 4275 602 4346 Origenem
634 4278 767 4332 dixit
798 4279 849 4332 in
881 4280 1171 4349 Epistolam
1203 4281 1268 4335 ad
1302 4280 1572 4338 Romanos
1596 4283 1882 4339 COlllllICll-

317 4369 578 4422 tariorum
620 4369 789 4425 libros
828 4372 1159 4439 quindecim.
1211 4373 1279 4426 At
1316 4389 1411 4429 eos
1444 4376 1628 4445 viginti
1659 4393 1881 4431 numero

315 4459 482 4514 fuisse
527 4461 723 4515 asserit
751 4461 1108 4519 Cassiodorus
1138 4463 1261 4518 libr.
1302 4464 1377 4519 De
1434 4467 1661 4520 instilul.
1712 4470 1875 4525 divin.

318 4548 679 4619 Scripturar.,
738 4551 813 4605 ita
876 4552 1098 4621 loquens
1145 4566 1161 4605 :

315 4757 597 4822 Joannem,
636 4756 845 4825 inquit,
889 4758 1028 4812 sicut
1065 4759 1374 4826 potuimus.
1425 4759 1772 4825 exposuimus
1818 4759 1883 4810 de

317 4828 524 4881 duobus
548 4827 871 4889 latronibus,
903 4830 993 4896 qui
1029 4829 1247 4882 luerunt
1286 4830 1532 4883 crucifixi
1576 4846 1697 4882 cum
1728 4829 1880 4882 Cbri-

315 4908 421 4962 sto,
454 4898 543 4963 qui
586 4899 882 4951 secundum
915 4899 1222 4951 Mattbaeum
1280 4900 1491 4967 quidem
1545 4910 1599 4952 et
1645 4898 1881 4950 Marcum

317 4968 819 5036 improperaverunt
851 4970 901 5021 ei
943 4970 1177 5021 amboin
1210 4984 1407 5026 cruce.
1441 4968 1739 5021 secundum
1776 4967 1881 5021 Ln-

314 5053 433 5089 cam
466 5036 934 5106 aulemdiceutem
980 5040 1230 5105 quoniam
1266 5055 1405 5091 unus
1428 5039 1493 5092 de
1527 5038 1882 5106 pendentibus

318 5107 613 5175 latronibus
652 5105 1149 5174 blasphemabat....
1183 5105 1683 5175 Conveniens’crgo
1714 5118 1794 5159 est
1826 5116 1882 5158 ut

316 5177 370 5230 in
396 5174 584 5244 primis
616 5177 830 5243 quidem
877 5179 1036 5230 ambo
1086 5178 1321 5230 latrones
1369 5174 1733 5244 intelligantur
1774 5178 1878 5228 Ilo-

318 5247 520 5298 minttm
552 5247 951 5315 blasphemasse
981 5286 1020 5300 ..
1058 5250 1165 5299 Aut
1215 5262 1281 5300 ne
1327 5247 1486 5305 forte.
1522 5249 1657 5299 sicut
1686 5257 1739 5298 et
1769 5246 1880 5299 illic

317 5315 551 5386 diximus
576 5314 1018 5386 (Conmentariis
1045 5316 1255 5371 scilicet
1308 5318 1361 5370 in
1400 5315 1721 5386 Joannem),
1786 5318 1876 5386 alii

314 5395 440 5438 sunt
466 5384 521 5437 hi
548 5386 651 5438 duo
685 5384 921 5439 latrones
951 5402 1015 5438 ex
1044 5386 1239 5453 quibus
1286 5401 1422 5438 unus
1472 5384 1880 5453 blasphemabat

313 5470 459 5515 etim,
488 5464 543 5508 et
564 5454 649 5506 alii
673 5454 891 5508 fuerunt
916 5456 988 5509 illi
1020 5458 1125 5508 duo
1154 5455 1396 5508 latrones
1423 5457 1512 5519 qui
1568 5456 1728 5508 ambo
1762 5454 1876 5507 bla-

313 5526 733 5592 sphemaverunt
761 5541 814 5577 :i
848 5526 955 5590 (sic
975 5526 1117 5580 enim
1141 5525 1420 5591 legendum
1442 5524 1697 5591 estjuxta
1723 5524 1876 5593 mss.)

315 5594 439 5648 Ilzec
474 5602 654 5647 autem
685 5595 872 5648 nullibi
903 5596 1245 5664 reperiuntur
1272 5596 1323 5647 in
1369 5610 1560 5650 novem
1604 5594 1759 5648 tomis
1784 5595 1874 5661 qui

310 5667 878 5734 etiamnumgexstant
934 5666 987 5719 in
1025 5664 1311 5727 Joannem,
1372 5676 1534 5734 atque
1583 5680 1649 5717 ex
1696 5666 1875 5734 verbis

313 5738 469 5789 modo
491 5732 676 5789 citatis
705 5742 756 5789 et
781 5735 895 5790 loco
922 5737 1009 5791 ubi
1045 5751 1108 5790 ea
1149 5735 1314 5790 citata
1344 5730 1488 5802 sunt,
1522 5736 1730 5791 videtur
1754 5730 1874 5787 Ori-

1992 1916 2046 1961 et
2071 1906 2124 1961 in
2150 1907 2400 1962 omnibus
2424 1908 2536 1962 fere
2575 1908 2915 1964 bibliothecis
2944 1909 3178 1965 defuisse
3204 1912 3473 1977 aliquama
3492 1925 3557 1962 ea:

1991 1998 2101 2066 ipso
2124 2014 2338 2063 corpore
2359 1999 2643 2053 volumina.
2666 2000 2956 2070 Epistolam
2977 2002 3042 2055 ad
3066 2001 3376 2056 Corinthios
3403 2001 3556 2069 prio-

1992 2105 2105 2146 rem
2155 2090 2424 2146 latissime
2470 2092 2882 2162 interpretatum
2911 2106 3034 2147 esse
3059 2094 3232 2162 ipsum
3270 2094 3343 2146 ait
3369 2092 3557 2147 Hiero:

1989 2196 2182 2252 nymus
2212 2183 2373 2252 epist.
2406 2181 2476 2238 52
2498 2223 2513 2247 ,
2549 2183 2615 2237 ad
2663 2184 2973 2239 Pammach.
3024 2183 3078 2239 Id
3111 2186 3458 2239 conﬁrmatur
3487 2201 3554 2239 ex

1989 2273 2159 2342 ipsius
2195 2273 2443 2344 Origenis
2484 2274 2702 2329 homilia
2732 2276 2798 2329 17
2829 2276 2883 2328 in
2908 2274 3070 2340 Lua,
3116 2278 3167 2329 in
3209 2292 3315 2345 qua
3345 2291 3404 2330 se
3440 2275 3553 2332 dis-

1990 2365 2230 2420 seruisse
2291 2365 2367 2419 ait
2422 2367 2476 2420 in
2541 2366 2703 2434 hujus
2739 2366 2989 2435 Epistolze
3036 2378 3270 2436 caputi,
3325 2382 3468 2421 vers.
3495 2367 3555 2420 2.

1988 2452 2284 2523 Epistolam
2318 2470 2532 2525 quoque
2558 2455 2623 2509 ad
2651 2452 2867 2510 Galatas
2892 2457 3302 2511 commentariis
3327 2497 3342 2522 ,
3381 2457 3556 2510 benti-

1986 2544 2096 2610 liis,
2142 2556 2195 2599 et
2245 2546 2467 2601 scholiis
2526 2546 2840 2615 explicavit.
2876 2546 3051 2601 'l‘estis
3082 2548 3441 2618 Hieronymus
3498 2550 3549 2601 in

1985 2636 2253 2694 Procemio
2268 2638 2635 2696 Commentar.
2654 2642 2706 2693 in
2727 2639 2897 2708 Epist.
2920 2642 2988 2693 ad
3019 2638 3234 2694 Galatas
3254 2658 3271 2695 :
3294 2658 3314 2692 ‹
3329 2640 3555 2711 Scripsit

1986 2729 2075 2784 ille
2119 2733 2201 2785 vir
2273 2732 2576 2802 (Origenes)
2623 2733 2673 2786 in
2720 2732 3003 2801 Epistolam
3045 2733 3194 2786 Pauli
3232 2734 3297 2785 ad
3332 2732 3552 2787 Galatas

1986 2819 2224 2887 quinque
2252 2820 2469 2888 propria
2501 2820 2791 2886 volumina,
2822 2830 2874 2873 et
2909 2820 3177 2874 decimum
3215 2822 3551 2875 Stromatum

1988 2925 2208 2965 suorum
2248 2912 2442 2966 librum
2481 2914 2803 2968 eommatico
2838 2929 3000 2983 super
3028 2914 3408 2983 explanatione
3437 2915 3551 2984 ejus

1988 3014 2242 3055 sermone
2290 3001 2622 3070 complevit;
2684 3011 2944 3056 tractatus
2993 3018 3205 3073 quoque
3248 3004 3450 3067 varios,
3498 3016 3553 3057 et

1987 3104 2263 3162 excerpta,
2312 3109 2431 3163 quae
2464 3093 2548 3148 vel
2597 3095 2712 3149 sola
2760 3095 2970 3164 possint
3014 3094 3276 3161 sullicere,
3330 3110 3550 3163 compo-

1989 3186 2115 3240 suit.
2141 3204 2159 3237 ι
2207 3184 2332 3241 Haec
2366 3188 2528 3240 verba
2568 3188 2762 3255 repetit
2793 3187 3023 3240 subinde
3050 3187 3208 3257 epist.
3234 3186 3322 3253 89,
3354 3188 3421 3241 ad
3442 3189 3551 3240 Au-

1987 3275 2293 3345 gustinum;
2321 3285 2430 3328 tum
2457 3274 2731 3345 subiungit
2759 3277 2915 3344 paulo
2946 3286 3103 3345 post:
3140 3294 3158 3327 ι
3189 3276 3337 3331 Hanc
3371 3285 3548 3329 autem

1986 3364 2436 3432 explanationem,
2479 3380 2641 3433 quam
2691 3367 2898 3434 primus
2935 3366 3194 3437 Origenes
3244 3369 3295 3421 in
3340 3369 3552 3422 decimo

1988 3443 2319 3509 Stromaieon
2370 3457 2534 3520 libro,
2595 3457 2683 3509 ubi
2729 3457 3025 3525 Epistolam
3058 3458 3204 3511 Pauli
3238 3460 3303 3511 ad
3328 3458 3548 3513 Galatas

1987 3546 2389 3614 interpretatur,
2438 3556 2493 3602 et
2533 3549 2714 3601 caeteri
2761 3549 3017 3617 deinceps
3058 3550 3381 3617 interpretes
3426 3560 3551 3603 sunt

1988 3639 2180 3705 secuti,
2216 3657 2233 3690 ι
2259 3651 2367 3693 etc.
2428 3640 2594 3693 Docet
2636 3654 2732 3693 nos
2776 3640 2937 3693 etiam
2971 3638 3330 3709 Hieronymus
3380 3641 3548 3694 tribus

1987 3730 2353 3786 voluminibus
2383 3731 2677 3801 Epistulam
2720 3732 2785 3783 ad
2832 3731 3090 3800 Ephesios
3133 3732 3379 3787 eumdem
3431 3733 3552 3785 illu—

1985 3832 2209 3887 strasse,
2265 3825 2546 3893 ipsumque
2592 3839 2651 3878 se
2695 3823 2863 3877 fuisse
2901 3834 3179 3889 secutum;
3218 3826 3357 3891 quod
3392 3826 3550 3877 iterat

1986 3913 2109 3967 libr.
2140 3931 2154 3968 ι
2188 3916 2407 3985 Apolog.
2433 3921 2637 3970 advers.
2671 3915 2869 3984 Rufm.,
2906 3932 3024 3985 cap.
3052 3917 3084 3970 «ι
3108 3929 3159 3970 et
3182 3917 3237 3981 5,
3267 3917 3550 3987 Fragmen-

1988 4017 2097 4059 tum
2130 4022 2160 4061 e
2199 4007 2339 4061 libro
2393 4009 2554 4062 tertio
2586 4011 2638 4061 in
2671 4009 2963 4078 Epistolam
2995 4013 3065 4062 ad
3091 4009 3417 4065 Colossenses
3455 4009 3548 4061 ad-

1984 4097 2133 4151 ducit
2162 4097 2473 4166 Pamphilus
2506 4099 2560 4152 in
2604 4100 2879 4169 Apologia.
2914 4101 2967 4152 In
3005 4101 3235 4167 priorem
3282 4107 3349 4153 ad
3392 4099 3550 4153 Thes-

1984 4190 2333 4244 salonicenses
2357 4188 2648 4258 Epistolam
2676 4190 2971 4262 ἐξηγητικὰ
3002 4192 3232 4247 edidisse
3262 4191 3548 4262 Origenem

1985 4282 2239 4336 discimus
2294 4282 2361 4335 ab
2398 4281 2764 4352 Hieronymo,
2828 4284 2978 4350 cujus
3038 4286 3151 4338 lucc
3201 4285 3363 4337 verba
3424 4293 3549 4336 sunt

1984 4375 2143 4441 epist.
2171 4373 2306 4437 I52,
2340 4375 2406 4428 ad
2444 4374 2764 4429 Minervium
2793 4384 2848 4428 et
2868 4375 3234 4429 Alexandrum
3264 4394 3276 4428 :
3315 4392 3333 4424 ι
3359 4374 3547 4442 Orige-

1986 4479 2083 4517 nes
2115 4464 2167 4516 in
2198 4464 2356 4516 tertio
2390 4464 2660 4518 volumine
2681 4464 3098 4534 ἐξηγηματικῶν
3126 4463 3374 4532 Epistolze
3398 4462 3550 4516 Pauli

1217 4572 1235 4605 ‹
1267 4552 1451 4609 Sancti
1507 4554 1657 4609 Pauli
1709 4558 1878 4624 prima
1914 4566 1959 4621 Ι)
1989 4556 2056 4609 ad
2088 4554 2594 4611 Thessalonicenses
2641 4558 2849 4625 primae,
2895 4567 3016 4627 post
3049 4557 3214 4610 multa
3244 4571 3365 4625 qua:
3398 4554 3550 4611 vario

1993 4771 2154 4823 genes
2182 4772 2283 4809 non
2318 4772 2413 4825 per
2443 4766 2809 4821 transennam,
2860 4756 2949 4810 sed
2987 4772 3050 4809 ex
3085 4756 3327 4826 professo
3360 4769 3409 4812 et
3449 4774 3547 4811 suo

1988 4828 2103 4881 loco
2145 4837 2406 4881 tractasse
2444 4828 2509 4878 de
2553 4829 2758 4880 duobus
2815 4828 3131 4882 latronibus.
3205 4826 3374 4880 Porro
3425 4843 3545 4882 eum

1990 4898 2291 4951 tricesimus
2344 4897 2608 4949 secundus
2660 4906 2834 4950 tomus
2886 4898 3097 4950 desinat
3147 4899 3213 4948 ad
3252 4906 3411 4964 caput
3463 4899 3546 4959 I3.

1983 4982 2127 5021 vers.
2159 4969 2227 5020 55
2274 4965 2545 5035 Evangelii
2588 4965 2834 5030 Joannis,
2885 4977 2941 5019 ut
2971 4967 3079 5035 jam
3107 4966 3375 5031 diximus,
3422 4983 3548 5034 aga—

1985 5046 2073 5087 tur
2135 5052 2261 5088 vcro
2328 5037 2391 5089 de
2452 5035 2752 5087 latronibus
2812 5038 2863 5089 in
2904 5037 3076 5103 capite
3123 5050 3234 5098 xIx,
3287 5050 3428 5091 vers.
3478 5037 3575 5095 I8.

1981 5104 2216 5169 ejusdem
2251 5105 2544 5173 Evangelii,
2578 5106 2757 5175 plures
2790 5120 2950 5174 quant
2977 5105 3046 5158 52
3083 5113 3256 5175 ιονιιλιοδ
3285 5105 3338 5157 in
3377 5105 3547 5159 Joan-

1983 5191 2096 5228 nem
2115 5175 2422 5228 elaborasse
2442 5177 2647 5227 videtur
2674 5173 2954 5242 Origenes,
2981 5190 3043 5226 ac
3067 5173 3285 5242 proinde
3313 5176 3541 5240 genuina

1982 5244 2190 5297 videtur
2220 5244 2524 5313 Hieronymi
2561 5244 2718 5297 lectio
2750 5261 2866 5311 qua:
2890 5244 2959 5297 39
2995 5253 3165 5297 tomos
3200 5242 3257 5295 in
3282 5243 3544 5297 Joannem

1981 5322 2385 5366 commemorat.

2051 5382 2160 5451 (68)
2197 5384 2324 5451 Vide
2350 5383 2600 5436 editionis
2636 5393 2829 5436 nostri?
2862 5392 2989 5451 tom,
3014 5381 3104 5451 IV.
3134 5395 3253 5451 pag.
3276 5382 3399 5436 457.

2050 5449 2160 5521 (69)
2190 5450 2274 5504 Ila
2306 5453 2535 5520 legerunt
2565 5463 2609 5506 et
2635 5453 2904 5505 ediderunt
2932 5449 3224 5513 Merlinus;
3241 5464 3348 5508 etc.
3388 5453 3542 5521 Atta-

1979 5520 2099 5574 men
2142 5520 2507 5590 ’manuscripti
2562 5522 2666 5576 duo
2722 5520 2939 5590 codices
2983 5521 3048 5573 ad
3101 5534 3328 5588 quorum
3380 5520 3539 5590 fidem

1978 5590 2154 5644 llul‘tui
2186 5588 2501 5644 contextum
2538 5588 2932 5647 revocavimus,
2972 5605 3069 5657 pro
3098 5591 3412 5659 quindecim,
3464 5588 3543 5644 Ie-

1978 5671 2109 5730 gunt
2139 5662 2273 5716 alius
2301 5662 2474 5715 decem
2502 5699 2516 5725 ,
2550 5660 2687 5713 alius
2717 5658 3009 5713 duodecim.
