  <div class='ocr_page' id='page_1' title='image "/cluster/home/n/w/nwhite01/storage/ocr_20150623/17/mdp.39015031604831/610.png"; bbox 0 0 4068 6312; ppageno 0'>
   <div class='ocr_carea' id='block_1_1' title="bbox 280 345 422 399">
    <p class='ocr_par' dir='ltr' id='par_1_1' title="bbox 280 345 422 399">
     <span class='ocr_line' id='line_1_1' title="bbox 280 345 422 399; baseline -0.007 0"><span class='ocrx_word' id='word_1_1' title='bbox 280 345 422 399; x_wconf 62' lang='grc'><strong>12⁸⁸9</strong></span> 
     </span>
    </p>
   </div>
   <div class='ocr_carea' id='block_1_2' title="bbox 1096 338 2621 409">
    <p class='ocr_par' dir='ltr' id='par_1_2' title="bbox 1096 338 2621 409">
     <span class='ocr_line' id='line_1_2' title="bbox 1096 338 2621 409; baseline 0.001 -12"><span class='ocrx_word' id='word_1_2' title='bbox 1096 340 1670 398; x_wconf 80' lang='lat' dir='ltr'><strong>ORIGENIANORUM</strong></span> <span class='ocrx_word' id='word_1_3' title='bbox 1708 341 1839 396; x_wconf 82' lang='lat' dir='ltr'><strong>LIB.</strong></span> <span class='ocrx_word' id='word_1_4' title='bbox 1882 338 1972 405; x_wconf 84' lang='lat' dir='ltr'><strong>Ill,</strong></span> <span class='ocrx_word' id='word_1_5' title='bbox 2010 340 2162 399; x_wconf 82' lang='lat' dir='ltr'><strong>CAP.</strong></span> <span class='ocrx_word' id='word_1_6' title='bbox 2204 340 2269 409; x_wconf 90' lang='lat' dir='ltr'><strong>ll,</strong></span> <span class='ocrx_word' id='word_1_7' title='bbox 2304 341 2498 399; x_wconf 63' lang='lat' dir='ltr'><strong>SECT.</strong></span> <span class='ocrx_word' id='word_1_8' title='bbox 2539 342 2621 398; x_wconf 85' lang='lat' dir='ltr'><strong>lli.</strong></span> 
     </span>
    </p>
   </div>
   <div class='ocr_carea' id='block_1_3' title="bbox 3400 346 3529 402">
    <p class='ocr_par' dir='ltr' id='par_1_3' title="bbox 3400 346 3529 402">
     <span class='ocr_line' id='line_1_3' title="bbox 3400 346 3529 402; baseline 0.023 -3"><span class='ocrx_word' id='word_1_9' title='bbox 3400 346 3529 402; x_wconf 70' lang='lat' dir='ltr'><strong>12H)</strong></span> 
     </span>
    </p>
   </div>
   <div class='ocr_carea' id='block_1_4' title="bbox 276 462 3524 535">
    <p class='ocr_par' dir='ltr' id='par_1_4' title="bbox 276 462 3524 535">
     <span class='ocr_line' id='line_1_4' title="bbox 276 462 3524 535; baseline 0.001 -18"><span class='ocrx_word' id='word_1_10' title='bbox 276 462 488 519; x_wconf 78' lang='lat' dir='ltr'><strong>Merlini</strong></span> <span class='ocrx_word' id='word_1_11' title='bbox 524 462 856 535; x_wconf 89' lang='lat' dir='ltr'><strong>llicronymo</strong></span> <span class='ocrx_word' id='word_1_12' title='bbox 896 462 1167 521; x_wconf 90' lang='lat' dir='ltr'><strong>tribuebat</strong></span> <span class='ocrx_word' id='word_1_13' title='bbox 1220 479 1406 519; x_wconf 89' lang='lat' dir='ltr'><strong>earum</strong></span> <span class='ocrx_word' id='word_1_14' title='bbox 1458 464 1853 535; x_wconf 79' lang='lat' dir='ltr'><strong>interpretatio—</strong></span> <span class='ocrx_word' id='word_1_15' title='bbox 1880 464 2210 533; x_wconf 69' lang='lat' dir='ltr'><strong>Asupplere</strong></span> <span class='ocrx_word' id='word_1_16' title='bbox 2259 464 2504 535; x_wconf 87' lang='lat' dir='ltr'><strong>cupimus</strong></span> <span class='ocrx_word' id='word_1_17' title='bbox 2532 479 2594 520; x_wconf 84' lang='lat' dir='ltr'><strong>ea</strong></span> <span class='ocrx_word' id='word_1_18' title='bbox 2633 478 2754 535; x_wconf 65' lang='lat' dir='ltr'><strong>quae</strong></span> <span class='ocrx_word' id='word_1_19' title='bbox 2808 464 2876 520; x_wconf 91' lang='lat' dir='ltr'><strong>ab</strong></span> <span class='ocrx_word' id='word_1_20' title='bbox 2921 464 3155 535; x_wconf 77' lang='lat' dir='ltr'><strong>Origene</strong></span> <span class='ocrx_word' id='word_1_21' title='bbox 3213 467 3263 521; x_wconf 93' lang='lat' dir='ltr'><strong>in</strong></span> <span class='ocrx_word' id='word_1_22' title='bbox 3310 469 3524 522; x_wconf 83' lang='lat' dir='ltr'><strong>audito-</strong></span> 
     </span>
    </p>
   </div>
   <div class='ocr_carea' id='block_1_5' title="bbox 277 555 1859 629">
    <p class='ocr_par' dir='ltr' id='par_1_5' title="bbox 277 555 1859 629">
     <span class='ocr_line' id='line_1_5' title="bbox 277 555 1859 629; baseline 0.002 -21"><span class='ocrx_word' id='word_1_23' title='bbox 277 571 400 609; x_wconf 89' lang='lat' dir='ltr'><strong>nem</strong></span> <span class='ocrx_word' id='word_1_24' title='bbox 437 571 560 626; x_wconf 67' lang='lat' dir='ltr'><strong>quae</strong></span> <span class='ocrx_word' id='word_1_25' title='bbox 613 566 940 625; x_wconf 82' lang='lat' dir='ltr'><strong>supersunt;</strong></span> <span class='ocrx_word' id='word_1_26' title='bbox 985 557 1125 611; x_wconf 90' lang='lat' dir='ltr'><strong>hanc</strong></span> <span class='ocrx_word' id='word_1_27' title='bbox 1166 555 1358 612; x_wconf 87' lang='lat' dir='ltr'><strong>Ruﬁno</strong></span> <span class='ocrx_word' id='word_1_28' title='bbox 1405 558 1589 614; x_wconf 86' lang='lat' dir='ltr'><strong>deberi</strong></span> <span class='ocrx_word' id='word_1_29' title='bbox 1622 571 1859 629; x_wconf 81' lang='lat' dir='ltr'><strong>agnove-</strong></span> 
     </span>
    </p>
   </div>
   <div class='ocr_carea' id='block_1_6' title="bbox 277 645 1859 718">
    <p class='ocr_par' dir='ltr' id='par_1_6' title="bbox 277 645 1859 718">
     <span class='ocr_line' id='line_1_6' title="bbox 277 645 1859 718; baseline 0.003 -20"><span class='ocrx_word' id='word_1_30' title='bbox 277 655 406 699; x_wconf 88' lang='lat' dir='ltr'><strong>runt</strong></span> <span class='ocrx_word' id='word_1_31' title='bbox 442 645 702 703; x_wconf 88' lang='lat' dir='ltr'><strong>Erasmus</strong></span> <span class='ocrx_word' id='word_1_32' title='bbox 740 656 794 701; x_wconf 88' lang='lat' dir='ltr'><strong>et</strong></span> <span class='ocrx_word' id='word_1_33' title='bbox 821 646 1224 703; x_wconf 86' lang='lat' dir='ltr'><strong>Genebrardus.</strong></span> <span class='ocrx_word' id='word_1_34' title='bbox 1277 646 1335 702; x_wconf 90' lang='lat' dir='ltr'><strong>Id</strong></span> <span class='ocrx_word' id='word_1_35' title='bbox 1386 649 1647 718; x_wconf 79' lang='lat' dir='ltr'><strong>probatur</strong></span> <span class='ocrx_word' id='word_1_36' title='bbox 1680 664 1745 704; x_wconf 82' lang='lat' dir='ltr'><strong>ex</strong></span> <span class='ocrx_word' id='word_1_37' title='bbox 1780 650 1859 717; x_wconf 83' lang='lat' dir='ltr'><strong>ip-</strong></span> 
     </span>
    </p>
   </div>
   <div class='ocr_carea' id='block_1_7' title="bbox 280 736 1858 809">
    <p class='ocr_par' dir='ltr' id='par_1_7' title="bbox 280 736 1858 809">
     <span class='ocr_line' id='line_1_7' title="bbox 280 736 1858 809; baseline 0.003 -18"><span class='ocrx_word' id='word_1_38' title='bbox 280 738 395 793; x_wconf 83' lang='lat' dir='ltr'><strong>sius</strong></span> <span class='ocrx_word' id='word_1_39' title='bbox 426 736 654 808; x_wconf 82' lang='lat' dir='ltr'><strong>Prologo</strong></span> <span class='ocrx_word' id='word_1_40' title='bbox 681 738 747 793; x_wconf 86' lang='lat' dir='ltr'><strong>ad</strong></span> <span class='ocrx_word' id='word_1_41' title='bbox 780 736 1066 794; x_wconf 89' lang='lat' dir='ltr'><strong>Ursacium</strong></span> <span class='ocrx_word' id='word_1_42' title='bbox 1096 755 1109 791; x_wconf 89' lang='lat'><strong>:</strong></span> <span class='ocrx_word' id='word_1_43' title='bbox 1145 756 1163 791; x_wconf 74' lang='grc' dir='ltr'>ι</span> <span class='ocrx_word' id='word_1_44' title='bbox 1188 737 1320 792; x_wconf 77' lang='lat' dir='ltr'><strong>Nam</strong></span> <span class='ocrx_word' id='word_1_45' title='bbox 1352 747 1407 793; x_wconf 91' lang='lat' dir='ltr'><strong>et</strong></span> <span class='ocrx_word' id='word_1_46' title='bbox 1429 740 1743 809; x_wconf 79' lang='lat' dir='ltr'><strong>promisisse</strong></span> <span class='ocrx_word' id='word_1_47' title='bbox 1770 758 1858 797; x_wconf 85' lang='lat' dir='ltr'><strong>me</strong></span> 
     </span>
    </p>
   </div>
   <div class='ocr_carea' id='block_1_8' title="bbox 281 827 1855 902">
    <p class='ocr_par' dir='ltr' id='par_1_8' title="bbox 281 827 1855 902">
     <span class='ocr_line' id='line_1_8' title="bbox 281 827 1855 902; baseline 0.003 -19"><span class='ocrx_word' id='word_1_48' title='bbox 281 830 530 894; x_wconf 88' lang='lat' dir='ltr'><strong>memini,</strong></span> <span class='ocrx_word' id='word_1_49' title='bbox 560 840 618 884; x_wconf 94' lang='lat' dir='ltr'><strong>ut</strong></span> <span class='ocrx_word' id='word_1_50' title='bbox 662 831 706 886; x_wconf 91' lang='lat' dir='ltr'><strong>si</strong></span> <span class='ocrx_word' id='word_1_51' title='bbox 744 844 862 898; x_wconf 77' lang='lat' dir='ltr'><strong>quae</strong></span> <span class='ocrx_word' id='word_1_52' title='bbox 894 827 1004 883; x_wconf 90' lang='lat' dir='ltr'><strong>sint</strong></span> <span class='ocrx_word' id='word_1_53' title='bbox 1048 830 1355 884; x_wconf 84' lang='lat' dir='ltr'><strong>Adamantii</strong></span> <span class='ocrx_word' id='word_1_54' title='bbox 1403 831 1548 886; x_wconf 84' lang='lat' dir='ltr'><strong>senis</strong></span> <span class='ocrx_word' id='word_1_55' title='bbox 1587 831 1640 885; x_wconf 90' lang='lat' dir='ltr'><strong>in</strong></span> <span class='ocrx_word' id='word_1_56' title='bbox 1684 833 1855 902; x_wconf 80' lang='lat' dir='ltr'><strong>legem</strong></span> 
     </span>
    </p>
   </div>
   <div class='ocr_carea' id='block_1_9' title="bbox 282 920 1857 992">
    <p class='ocr_par' dir='ltr' id='par_1_9' title="bbox 282 920 1857 992">
     <span class='ocr_line' id='line_1_9' title="bbox 282 920 1857 992; baseline 0.003 -18"><span class='ocrx_word' id='word_1_57' title='bbox 282 920 453 991; x_wconf 84' lang='lat' dir='ltr'><strong>Moysi</strong></span> <span class='ocrx_word' id='word_1_58' title='bbox 487 921 629 975; x_wconf 87' lang='lat' dir='ltr'><strong>dieta</strong></span> <span class='ocrx_word' id='word_1_59' title='bbox 658 921 990 992; x_wconf 83' lang='lat' dir='ltr'><strong>colligerem,</strong></span> <span class='ocrx_word' id='word_1_60' title='bbox 1037 929 1200 990; x_wconf 89' lang='lat' dir='ltr'><strong>atque</strong></span> <span class='ocrx_word' id='word_1_61' title='bbox 1252 936 1314 975; x_wconf 86' lang='lat' dir='ltr'><strong>ea</strong></span> <span class='ocrx_word' id='word_1_62' title='bbox 1364 920 1559 978; x_wconf 85' lang='lat' dir='ltr'><strong>Latino</strong></span> <span class='ocrx_word' id='word_1_63' title='bbox 1607 939 1857 980; x_wconf 90' lang='lat' dir='ltr'><strong>sermone</strong></span> 
     </span>
    </p>
   </div>
   <div class='ocr_carea' id='block_1_10' title="bbox 284 1008 1858 1084">
    <p class='ocr_par' dir='ltr' id='par_1_10' title="bbox 284 1008 1858 1084">
     <span class='ocr_line' id='line_1_10' title="bbox 284 1008 1858 1084; baseline 0.004 -20"><span class='ocrx_word' id='word_1_64' title='bbox 284 1011 487 1065; x_wconf 88' lang='lat' dir='ltr'><strong>nostris</strong></span> <span class='ocrx_word' id='word_1_65' title='bbox 509 1010 725 1080; x_wconf 84' lang='lat' dir='ltr'><strong>legenda</strong></span> <span class='ocrx_word' id='word_1_66' title='bbox 751 1008 1137 1075; x_wconf 84' lang='lat' dir='ltr'><strong>transferrem;</strong></span> <span class='ocrx_word' id='word_1_67' title='bbox 1170 1031 1189 1063; x_wconf 86' lang='grc'>›</span> <span class='ocrx_word' id='word_1_68' title='bbox 1227 1020 1283 1067; x_wconf 91' lang='lat' dir='ltr'><strong>et</strong></span> <span class='ocrx_word' id='word_1_69' title='bbox 1307 1011 1533 1068; x_wconf 87' lang='lat' dir='ltr'><strong>deinde:</strong></span> <span class='ocrx_word' id='word_1_70' title='bbox 1560 1032 1577 1067; x_wconf 72' lang='grc' dir='ltr'>ι</span> <span class='ocrx_word' id='word_1_71' title='bbox 1606 1013 1772 1084; x_wconf 90' lang='lat' dir='ltr'><strong>Igitur</strong></span> <span class='ocrx_word' id='word_1_72' title='bbox 1800 1024 1858 1070; x_wconf 93' lang='lat' dir='ltr'><strong>ut</strong></span> 
     </span>
    </p>
   </div>
   <div class='ocr_carea' id='block_1_11' title="bbox 288 1101 1854 1171">
    <p class='ocr_par' dir='ltr' id='par_1_11' title="bbox 288 1101 1854 1171">
     <span class='ocr_line' id='line_1_11' title="bbox 288 1101 1854 1171; baseline 0.004 -18"><span class='ocrx_word' id='word_1_73' title='bbox 288 1116 502 1171; x_wconf 81' lang='lat' dir='ltr'><strong>possunt</strong></span> <span class='ocrx_word' id='word_1_74' title='bbox 556 1116 673 1171; x_wconf 73' lang='lat' dir='ltr'><strong>quae</strong></span> <span class='ocrx_word' id='word_1_75' title='bbox 727 1101 1004 1170; x_wconf 76' lang='lat' dir='ltr'><strong>injunxisti</strong></span> <span class='ocrx_word' id='word_1_76' title='bbox 1060 1102 1337 1171; x_wconf 76' lang='lat' dir='ltr'><strong>explicare</strong></span> <span class='ocrx_word' id='word_1_77' title='bbox 1396 1106 1683 1160; x_wconf 89' lang='lat' dir='ltr'><strong>contendo.</strong></span> <span class='ocrx_word' id='word_1_78' title='bbox 1735 1103 1854 1160; x_wconf 82' lang='lat' dir='ltr'><strong>Jatn</strong></span> 
     </span>
    </p>
   </div>
   <div class='ocr_carea' id='block_1_12' title="bbox 286 1192 1855 1264">
    <p class='ocr_par' dir='ltr' id='par_1_12' title="bbox 286 1192 1855 1264">
     <span class='ocr_line' id='line_1_12' title="bbox 286 1192 1855 1264; baseline 0.001 -16"><span class='ocrx_word' id='word_1_79' title='bbox 286 1193 430 1249; x_wconf 81' lang='lat' dir='ltr'><strong>enim</strong></span> <span class='ocrx_word' id='word_1_80' title='bbox 461 1207 523 1247; x_wconf 81' lang='lat' dir='ltr'><strong>ex</strong></span> <span class='ocrx_word' id='word_1_81' title='bbox 553 1192 802 1251; x_wconf 87' lang='lat' dir='ltr'><strong>omnibus</strong></span> <span class='ocrx_word' id='word_1_82' title='bbox 828 1208 949 1262; x_wconf 69' lang='lat' dir='ltr'><strong>qua:</strong></span> <span class='ocrx_word' id='word_1_83' title='bbox 992 1192 1043 1247; x_wconf 91' lang='lat' dir='ltr'><strong>in</strong></span> <span class='ocrx_word' id='word_1_84' title='bbox 1092 1192 1211 1262; x_wconf 84' lang='lat' dir='ltr'><strong>lege</strong></span> <span class='ocrx_word' id='word_1_85' title='bbox 1237 1194 1439 1263; x_wconf 90' lang='lat' dir='ltr'><strong>scripta</strong></span> <span class='ocrx_word' id='word_1_86' title='bbox 1470 1196 1667 1264; x_wconf 86' lang='lat' dir='ltr'><strong>reperi,</strong></span> <span class='ocrx_word' id='word_1_87' title='bbox 1705 1196 1855 1263; x_wconf 66' lang='lat' dir='ltr'><strong>solae,</strong></span> 
     </span>
    </p>
   </div>
   <div class='ocr_carea' id='block_1_13' title="bbox 287 1282 1851 1352">
    <p class='ocr_par' dir='ltr' id='par_1_13' title="bbox 287 1282 1851 1352">
     <span class='ocr_line' id='line_1_13' title="bbox 287 1282 1851 1352; baseline 0.001 -17"><span class='ocrx_word' id='word_1_88' title='bbox 287 1290 344 1344; x_wconf 81' lang='lat' dir='ltr'><strong>ut</strong></span> <span class='ocrx_word' id='word_1_89' title='bbox 370 1292 516 1352; x_wconf 88' lang='lat' dir='ltr'><strong>puto,</strong></span> <span class='ocrx_word' id='word_1_90' title='bbox 548 1283 600 1338; x_wconf 91' lang='lat' dir='ltr'><strong>in</strong></span> <span class='ocrx_word' id='word_1_91' title='bbox 631 1282 1043 1338; x_wconf 85' lang='lat' dir='ltr'><strong>Deuteronontio</strong></span> <span class='ocrx_word' id='word_1_92' title='bbox 1066 1282 1261 1337; x_wconf 87' lang='lat' dir='ltr'><strong>desunt</strong></span> <span class='ocrx_word' id='word_1_93' title='bbox 1286 1284 1661 1340; x_wconf 64' lang='lat' dir='ltr'><strong>oratiunculae.</strong></span> <span class='ocrx_word' id='word_1_94' title='bbox 1695 1305 1714 1339; x_wconf 72' lang='grc' dir='ltr'><strong><em>ι</em></strong></span> <span class='ocrx_word' id='word_1_95' title='bbox 1762 1288 1851 1340; x_wconf 85' lang='lat' dir='ltr'><strong>At-</strong></span> 
     </span>
    </p>
   </div>
   <div class='ocr_carea' id='block_1_14' title="bbox 286 1374 1859 1447">
    <p class='ocr_par' dir='ltr' id='par_1_14' title="bbox 286 1374 1859 1447">
     <span class='ocr_line' id='line_1_14' title="bbox 286 1374 1859 1447; baseline 0.002 -18"><span class='ocrx_word' id='word_1_96' title='bbox 286 1375 375 1444; x_wconf 89' lang='lat' dir='ltr'><strong>qui</strong></span> <span class='ocrx_word' id='word_1_97' title='bbox 410 1374 601 1432; x_wconf 82' lang='lat' dir='ltr'><strong>l.atiue</strong></span> <span class='ocrx_word' id='word_1_98' title='bbox 649 1375 891 1430; x_wconf 88' lang='lat' dir='ltr'><strong>redditas</strong></span> <span class='ocrx_word' id='word_1_99' title='bbox 927 1374 1191 1432; x_wconf 86' lang='lat' dir='ltr'><strong>habemus</strong></span> <span class='ocrx_word' id='word_1_100' title='bbox 1241 1375 1490 1432; x_wconf 86' lang='lat' dir='ltr'><strong>bomilias</strong></span> <span class='ocrx_word' id='word_1_101' title='bbox 1530 1377 1585 1431; x_wconf 94' lang='lat' dir='ltr'><strong>in</strong></span> <span class='ocrx_word' id='word_1_102' title='bbox 1623 1389 1859 1447; x_wconf 84' lang='lat' dir='ltr'><strong>quatuor</strong></span> 
     </span>
    </p>
   </div>
   <div class='ocr_carea' id='block_1_15' title="bbox 284 1466 1856 1539">
    <p class='ocr_par' dir='ltr' id='par_1_15' title="bbox 284 1466 1856 1539">
     <span class='ocr_line' id='line_1_15' title="bbox 284 1466 1856 1539; baseline 0.004 -20"><span class='ocrx_word' id='word_1_103' title='bbox 284 1469 494 1537; x_wconf 79' lang='lat' dir='ltr'><strong>priores</strong></span> <span class='ocrx_word' id='word_1_104' title='bbox 521 1466 690 1523; x_wconf 87' lang='lat' dir='ltr'><strong>libros</strong></span> <span class='ocrx_word' id='word_1_105' title='bbox 722 1467 1110 1531; x_wconf 83' lang='lat' dir='ltr'><strong>Pentateuchi;</strong></span> <span class='ocrx_word' id='word_1_106' title='bbox 1161 1468 1281 1535; x_wconf 88' lang='lat' dir='ltr'><strong>quis</strong></span> <span class='ocrx_word' id='word_1_107' title='bbox 1316 1483 1448 1539; x_wconf 88' lang='lat' dir='ltr'><strong>ergo</strong></span> <span class='ocrx_word' id='word_1_108' title='bbox 1493 1469 1745 1525; x_wconf 88' lang='lat' dir='ltr'><strong>Ruﬁnum</strong></span> <span class='ocrx_word' id='word_1_109' title='bbox 1779 1472 1856 1525; x_wconf 88' lang='lat' dir='ltr'><strong>iu-</strong></span> 
     </span>
    </p>
   </div>
   <div class='ocr_carea' id='block_1_16' title="bbox 288 1559 1855 1632">
    <p class='ocr_par' dir='ltr' id='par_1_16' title="bbox 288 1559 1855 1632">
     <span class='ocr_line' id='line_1_16' title="bbox 288 1559 1855 1632; baseline 0.001 -18"><span class='ocrx_word' id='word_1_110' title='bbox 288 1570 577 1628; x_wconf 89' lang='lat' dir='ltr'><strong>terpretem</strong></span> <span class='ocrx_word' id='word_1_111' title='bbox 626 1560 769 1614; x_wconf 87' lang='lat' dir='ltr'><strong>ausit</strong></span> <span class='ocrx_word' id='word_1_112' title='bbox 833 1559 1098 1615; x_wconf 80' lang='lat' dir='ltr'><strong>inﬁciari?</strong></span> <span class='ocrx_word' id='word_1_113' title='bbox 1138 1560 1335 1617; x_wconf 83' lang='lat' dir='ltr'><strong>Probat</strong></span> <span class='ocrx_word' id='word_1_114' title='bbox 1378 1563 1549 1631; x_wconf 86' lang='lat' dir='ltr'><strong>ipsum</strong></span> <span class='ocrx_word' id='word_1_115' title='bbox 1597 1563 1700 1618; x_wconf 86' lang='lat' dir='ltr'><strong>hoc</strong></span> <span class='ocrx_word' id='word_1_116' title='bbox 1736 1578 1855 1632; x_wconf 82' lang='lat' dir='ltr'><strong>per-</strong></span> 
     </span>
    </p>
   </div>
   <div class='ocr_carea' id='block_1_17' title="bbox 284 1648 1860 1718">
    <p class='ocr_par' dir='ltr' id='par_1_17' title="bbox 284 1648 1860 1718">
     <span class='ocr_line' id='line_1_17' title="bbox 284 1648 1860 1718; baseline 0.006 -18"><span class='ocrx_word' id='word_1_117' title='bbox 284 1649 460 1707; x_wconf 86' lang='lat' dir='ltr'><strong>oratio</strong></span> <span class='ocrx_word' id='word_1_118' title='bbox 477 1648 1162 1718; x_wconf 86' lang='lat' dir='ltr'><strong>subjectainterpretationi</strong></span> <span class='ocrx_word' id='word_1_119' title='bbox 1188 1651 1710 1708; x_wconf 85' lang='lat' dir='ltr'><strong>Commentariorum</strong></span> <span class='ocrx_word' id='word_1_120' title='bbox 1739 1654 1860 1709; x_wconf 87' lang='lat' dir='ltr'><strong>Ori-</strong></span> 
     </span>
    </p>
   </div>
   <div class='ocr_carea' id='block_1_18' title="bbox 285 1738 1857 1814">
    <p class='ocr_par' dir='ltr' id='par_1_18' title="bbox 285 1738 1857 1814">
     <span class='ocr_line' id='line_1_18' title="bbox 285 1738 1857 1814; baseline 0.004 -21"><span class='ocrx_word' id='word_1_121' title='bbox 285 1741 437 1809; x_wconf 86' lang='lat' dir='ltr'><strong>genis</strong></span> <span class='ocrx_word' id='word_1_122' title='bbox 499 1741 553 1795; x_wconf 84' lang='lat' dir='ltr'><strong>in</strong></span> <span class='ocrx_word' id='word_1_123' title='bbox 602 1739 894 1808; x_wconf 76' lang='lat' dir='ltr'><strong>Epistulam</strong></span> <span class='ocrx_word' id='word_1_124' title='bbox 958 1740 1028 1794; x_wconf 83' lang='lat' dir='ltr'><strong>ad</strong></span> <span class='ocrx_word' id='word_1_125' title='bbox 1072 1738 1379 1806; x_wconf 77' lang='lat' dir='ltr'><strong>Romanos,</strong></span> <span class='ocrx_word' id='word_1_126' title='bbox 1448 1759 1609 1814; x_wconf 86' lang='lat' dir='ltr'><strong>quam</strong></span> <span class='ocrx_word' id='word_1_127' title='bbox 1659 1744 1857 1801; x_wconf 85' lang='lat' dir='ltr'><strong>Ruﬁno</strong></span> 
     </span>
    </p>
   </div>
   <div class='ocr_carea' id='block_1_19' title="bbox 1959 555 3526 631">
    <p class='ocr_par' dir='ltr' id='par_1_19' title="bbox 1959 555 3526 631">
     <span class='ocr_line' id='line_1_19' title="bbox 1959 555 3526 631; baseline 0.005 -22"><span class='ocrx_word' id='word_1_128' title='bbox 1959 555 2041 610; x_wconf 88' lang='lat' dir='ltr'><strong>rio</strong></span> <span class='ocrx_word' id='word_1_129' title='bbox 2091 556 2349 613; x_wconf 70' lang='lat' dir='ltr'><strong>Ecclesia:</strong></span> <span class='ocrx_word' id='word_1_130' title='bbox 2407 572 2474 612; x_wconf 74' lang='lat' dir='ltr'><strong>ex</strong></span> <span class='ocrx_word' id='word_1_131' title='bbox 2534 566 2797 628; x_wconf 90' lang='lat' dir='ltr'><strong>tempore,</strong></span> <span class='ocrx_word' id='word_1_132' title='bbox 2851 573 2959 613; x_wconf 92' lang='lat' dir='ltr'><strong>non</strong></span> <span class='ocrx_word' id='word_1_133' title='bbox 3026 569 3134 614; x_wconf 87' lang='lat' dir='ltr'><strong>tam</strong></span> <span class='ocrx_word' id='word_1_134' title='bbox 3190 561 3526 631; x_wconf 77' lang='lat' dir='ltr'><strong>explanatio-</strong></span> 
     </span>
    </p>
   </div>
   <div class='ocr_carea' id='block_1_20' title="bbox 1958 647 3527 719">
    <p class='ocr_par' dir='ltr' id='par_1_20' title="bbox 1958 647 3527 719">
     <span class='ocr_line' id='line_1_20' title="bbox 1958 647 3527 719; baseline 0.004 -19"><span class='ocrx_word' id='word_1_135' title='bbox 1958 647 2064 711; x_wconf 87' lang='lat' dir='ltr'><strong>nis,</strong></span> <span class='ocrx_word' id='word_1_136' title='bbox 2096 664 2258 717; x_wconf 91' lang='lat' dir='ltr'><strong>qnam</strong></span> <span class='ocrx_word' id='word_1_137' title='bbox 2286 648 2655 705; x_wconf 71' lang='lat' dir='ltr'><strong>rediﬁcationis</strong></span> <span class='ocrx_word' id='word_1_138' title='bbox 2713 650 3012 706; x_wconf 89' lang='lat' dir='ltr'><strong>intentione</strong></span> <span class='ocrx_word' id='word_1_139' title='bbox 3060 664 3308 719; x_wconf 78' lang='lat' dir='ltr'><strong>perorata</strong></span> <span class='ocrx_word' id='word_1_140' title='bbox 3354 664 3482 710; x_wconf 88' lang='lat' dir='ltr'><strong>sunt</strong></span> <span class='ocrx_word' id='word_1_141' title='bbox 3510 672 3527 707; x_wconf 88' lang='lat'><strong>:</strong></span> 
     </span>
    </p>
   </div>
   <div class='ocr_carea' id='block_1_21' title="bbox 1957 737 3530 804">
    <p class='ocr_par' dir='ltr' id='par_1_21' title="bbox 1957 737 3530 804">
     <span class='ocr_line' id='line_1_21' title="bbox 1957 737 3530 804; baseline 0.003 -11"><span class='ocrx_word' id='word_1_142' title='bbox 1957 739 2097 793; x_wconf 85' lang='lat' dir='ltr'><strong>sicut</strong></span> <span class='ocrx_word' id='word_1_143' title='bbox 2131 739 2181 792; x_wconf 90' lang='lat' dir='ltr'><strong>in</strong></span> <span class='ocrx_word' id='word_1_144' title='bbox 2201 740 2466 804; x_wconf 82' lang='lat' dir='ltr'><strong>homiliis,</strong></span> <span class='ocrx_word' id='word_1_145' title='bbox 2503 741 2617 796; x_wconf 85' lang='lat' dir='ltr'><strong>sive</strong></span> <span class='ocrx_word' id='word_1_146' title='bbox 2644 741 2697 794; x_wconf 92' lang='lat' dir='ltr'><strong>in</strong></span> <span class='ocrx_word' id='word_1_147' title='bbox 2739 739 3105 796; x_wconf 89' lang='lat' dir='ltr'><strong>Oratiunculis</strong></span> <span class='ocrx_word' id='word_1_148' title='bbox 3131 743 3186 794; x_wconf 83' lang='lat' dir='ltr'><strong>in</strong></span> <span class='ocrx_word' id='word_1_149' title='bbox 3216 737 3450 799; x_wconf 65' lang='grc' dir='ltr'><strong>ϐοηθείτω</strong></span> <span class='ocrx_word' id='word_1_150' title='bbox 3475 756 3530 800; x_wconf 94' lang='lat' dir='ltr'><strong>et</strong></span> 
     </span>
    </p>
   </div>
   <div class='ocr_carea' id='block_1_22' title="bbox 1956 828 3527 903">
    <p class='ocr_par' dir='ltr' id='par_1_22' title="bbox 1956 828 3527 903">
     <span class='ocr_line' id='line_1_22' title="bbox 1956 828 3527 903; baseline 0.005 -21"><span class='ocrx_word' id='word_1_151' title='bbox 1956 828 2011 884; x_wconf 82' lang='lat' dir='ltr'><strong>in</strong></span> <span class='ocrx_word' id='word_1_152' title='bbox 2046 828 2293 884; x_wconf 75' lang='lat' dir='ltr'><strong>Exodum</strong></span> <span class='ocrx_word' id='word_1_153' title='bbox 2325 830 2570 897; x_wconf 84' lang='lat' dir='ltr'><strong>fecimus,</strong></span> <span class='ocrx_word' id='word_1_154' title='bbox 2598 842 2650 887; x_wconf 90' lang='lat' dir='ltr'><strong>et</strong></span> <span class='ocrx_word' id='word_1_155' title='bbox 2676 833 2948 903; x_wconf 67' lang='lat' dir='ltr'><strong>praecipue</strong></span> <span class='ocrx_word' id='word_1_156' title='bbox 2996 833 3047 887; x_wconf 91' lang='lat' dir='ltr'><strong>in</strong></span> <span class='ocrx_word' id='word_1_157' title='bbox 3089 833 3174 887; x_wconf 89' lang='lat' dir='ltr'><strong>his</strong></span> <span class='ocrx_word' id='word_1_158' title='bbox 3215 849 3336 901; x_wconf 60' lang='lat' dir='ltr'><strong>qua!</strong></span> <span class='ocrx_word' id='word_1_159' title='bbox 3365 836 3418 888; x_wconf 88' lang='lat' dir='ltr'><strong>in</strong></span> <span class='ocrx_word' id='word_1_160' title='bbox 3461 836 3527 890; x_wconf 83' lang='lat' dir='ltr'><strong>li-</strong></span> 
     </span>
    </p>
   </div>
   <div class='ocr_carea' id='block_1_23' title="bbox 1959 920 3523 996">
    <p class='ocr_par' dir='ltr' id='par_1_23' title="bbox 1959 920 3523 996">
     <span class='ocr_line' id='line_1_23' title="bbox 1959 920 3523 996; baseline 0.004 -21"><span class='ocrx_word' id='word_1_161' title='bbox 1959 921 2115 976; x_wconf 89' lang='lat' dir='ltr'><strong>brum</strong></span> <span class='ocrx_word' id='word_1_162' title='bbox 2133 920 2357 979; x_wconf 90' lang='lat' dir='ltr'><strong>Levitici</strong></span> <span class='ocrx_word' id='word_1_163' title='bbox 2388 924 2455 979; x_wconf 88' lang='lat' dir='ltr'><strong>ab</strong></span> <span class='ocrx_word' id='word_1_164' title='bbox 2482 924 2572 979; x_wconf 88' lang='lat' dir='ltr'><strong>illo</strong></span> <span class='ocrx_word' id='word_1_165' title='bbox 2588 925 2804 995; x_wconf 80' lang='lat' dir='ltr'><strong>quidem</strong></span> <span class='ocrx_word' id='word_1_166' title='bbox 2829 925 3111 994; x_wconf 83' lang='lat' dir='ltr'><strong>perorandi</strong></span> <span class='ocrx_word' id='word_1_167' title='bbox 3138 926 3277 996; x_wconf 81' lang='lat' dir='ltr'><strong>stylo</strong></span> <span class='ocrx_word' id='word_1_168' title='bbox 3296 926 3523 994; x_wconf 83' lang='lat' dir='ltr'><strong>dictata,</strong></span> 
     </span>
    </p>
   </div>
   <div class='ocr_carea' id='block_1_24' title="bbox 1958 1014 3525 1087">
    <p class='ocr_par' dir='ltr' id='par_1_24' title="bbox 1958 1014 3525 1087">
     <span class='ocr_line' id='line_1_24' title="bbox 1958 1014 3525 1087; baseline 0.006 -20"><span class='ocrx_word' id='word_1_169' title='bbox 1958 1029 1988 1067; x_wconf 92' lang='lat' dir='ltr'><strong>a</strong></span> <span class='ocrx_word' id='word_1_170' title='bbox 2050 1014 2208 1069; x_wconf 90' lang='lat' dir='ltr'><strong>nobis</strong></span> <span class='ocrx_word' id='word_1_171' title='bbox 2264 1030 2396 1070; x_wconf 89' lang='lat' dir='ltr'><strong>vero</strong></span> <span class='ocrx_word' id='word_1_172' title='bbox 2445 1016 2771 1086; x_wconf 82' lang='lat' dir='ltr'><strong>explanandi</strong></span> <span class='ocrx_word' id='word_1_173' title='bbox 2820 1018 3000 1087; x_wconf 82' lang='lat' dir='ltr'><strong>specie</strong></span> <span class='ocrx_word' id='word_1_174' title='bbox 3059 1019 3319 1073; x_wconf 82' lang='lat' dir='ltr'><strong>translata</strong></span> <span class='ocrx_word' id='word_1_175' title='bbox 3378 1029 3525 1076; x_wconf 90' lang='lat' dir='ltr'><strong>sunt.</strong></span> 
     </span>
    </p>
   </div>
   <div class='ocr_carea' id='block_1_25' title="bbox 1958 1105 3529 1180">
    <p class='ocr_par' dir='ltr' id='par_1_25' title="bbox 1958 1105 3529 1180">
     <span class='ocr_line' id='line_1_25' title="bbox 1958 1105 3529 1180; baseline 0.005 -21"><span class='ocrx_word' id='word_1_176' title='bbox 1958 1105 2128 1172; x_wconf 85' lang='lat' dir='ltr'><strong>Quem</strong></span> <span class='ocrx_word' id='word_1_177' title='bbox 2188 1106 2427 1164; x_wconf 87' lang='lat' dir='ltr'><strong>laborem</strong></span> <span class='ocrx_word' id='word_1_178' title='bbox 2492 1110 2820 1180; x_wconf 87' lang='lat' dir='ltr'><strong>adimplendi</strong></span> <span class='ocrx_word' id='word_1_179' title='bbox 2873 1126 2994 1180; x_wconf 66' lang='lat' dir='ltr'><strong>qua:</strong></span> <span class='ocrx_word' id='word_1_180' title='bbox 3049 1112 3273 1166; x_wconf 88' lang='lat' dir='ltr'><strong>deerant</strong></span> <span class='ocrx_word' id='word_1_181' title='bbox 3326 1111 3529 1167; x_wconf 89' lang='lat' dir='ltr'><strong>idcirco</strong></span> 
     </span>
    </p>
   </div>
   <div class='ocr_carea' id='block_1_26' title="bbox 1957 1195 3527 1272">
    <p class='ocr_par' dir='ltr' id='par_1_26' title="bbox 1957 1195 3527 1272">
     <span class='ocr_line' id='line_1_26' title="bbox 1957 1195 3527 1272; baseline 0.003 -21"><span class='ocrx_word' id='word_1_182' title='bbox 1957 1195 2317 1265; x_wconf 80' lang='lat' dir='ltr'><strong>suscepimus,</strong></span> <span class='ocrx_word' id='word_1_183' title='bbox 2350 1213 2418 1252; x_wconf 84' lang='lat' dir='ltr'><strong>ne</strong></span> <span class='ocrx_word' id='word_1_184' title='bbox 2452 1198 2678 1267; x_wconf 68' lang='lat' dir='ltr'><strong>pulsata:</strong></span> <span class='ocrx_word' id='word_1_185' title='bbox 2708 1202 3033 1268; x_wconf 69' lang='lat' dir='ltr'><strong>quaestiones</strong></span> <span class='ocrx_word' id='word_1_186' title='bbox 3055 1210 3110 1254; x_wconf 92' lang='lat' dir='ltr'><strong>et</strong></span> <span class='ocrx_word' id='word_1_187' title='bbox 3141 1202 3363 1269; x_wconf 60' lang='lat' dir='ltr'><strong>relictae,</strong></span> <span class='ocrx_word' id='word_1_188' title='bbox 3386 1202 3527 1272; x_wconf 88' lang='lat' dir='ltr'><strong>quod</strong></span> 
     </span>
    </p>
   </div>
   <div class='ocr_carea' id='block_1_27' title="bbox 1964 1286 3529 1359">
    <p class='ocr_par' dir='ltr' id='par_1_27' title="bbox 1964 1286 3529 1359">
     <span class='ocr_line' id='line_1_27' title="bbox 1964 1286 3529 1359; baseline 0.002 -18"><span class='ocrx_word' id='word_1_189' title='bbox 1964 1286 2017 1341; x_wconf 90' lang='lat' dir='ltr'><strong>in</strong></span> <span class='ocrx_word' id='word_1_190' title='bbox 2061 1286 2392 1342; x_wconf 86' lang='lat' dir='ltr'><strong>homiliatico</strong></span> <span class='ocrx_word' id='word_1_191' title='bbox 2421 1287 2630 1343; x_wconf 90' lang='lat' dir='ltr'><strong>dicendi</strong></span> <span class='ocrx_word' id='word_1_192' title='bbox 2668 1304 2868 1359; x_wconf 79' lang='lat' dir='ltr'><strong>genere</strong></span> <span class='ocrx_word' id='word_1_193' title='bbox 2895 1289 3083 1342; x_wconf 87' lang='lat' dir='ltr'><strong>ab-illo</strong></span> <span class='ocrx_word' id='word_1_194' title='bbox 3112 1304 3253 1358; x_wconf 66' lang='lat' dir='ltr'><strong>saepe</strong></span> <span class='ocrx_word' id='word_1_195' title='bbox 3286 1289 3402 1345; x_wconf 90' lang='lat' dir='ltr'><strong>ﬁeri</strong></span> <span class='ocrx_word' id='word_1_196' title='bbox 3442 1306 3529 1355; x_wconf 85' lang='lat' dir='ltr'><strong>so-</strong></span> 
     </span>
    </p>
   </div>
   <div class='ocr_carea' id='block_1_28' title="bbox 1958 1375 3527 1451">
    <p class='ocr_par' dir='ltr' id='par_1_28' title="bbox 1958 1375 3527 1451">
     <span class='ocr_line' id='line_1_28' title="bbox 1958 1375 3527 1451; baseline 0.001 -20"><span class='ocrx_word' id='word_1_197' title='bbox 1958 1378 2054 1442; x_wconf 90' lang='lat' dir='ltr'><strong>let,</strong></span> <span class='ocrx_word' id='word_1_198' title='bbox 2087 1375 2279 1434; x_wconf 88' lang='lat' dir='ltr'><strong>Latino</strong></span> <span class='ocrx_word' id='word_1_199' title='bbox 2308 1378 2494 1434; x_wconf 86' lang='lat' dir='ltr'><strong>lectori</strong></span> <span class='ocrx_word' id='word_1_200' title='bbox 2524 1378 2799 1434; x_wconf 86' lang='lat' dir='ltr'><strong>fastidium</strong></span> <span class='ocrx_word' id='word_1_201' title='bbox 2830 1391 3169 1450; x_wconf 76' lang='lat' dir='ltr'><strong>generarent.</strong></span> <span class='ocrx_word' id='word_1_202' title='bbox 3200 1401 3218 1434; x_wconf 85' lang='grc'>›</span> <span class='ocrx_word' id='word_1_203' title='bbox 3246 1381 3527 1451; x_wconf 83' lang='lat' dir='ltr'><strong>Egregium</strong></span> 
     </span>
    </p>
   </div>
   <div class='ocr_carea' id='block_1_29' title="bbox 1959 1470 3529 1542">
    <p class='ocr_par' dir='ltr' id='par_1_29' title="bbox 1959 1470 3529 1542">
     <span class='ocr_line' id='line_1_29' title="bbox 1959 1470 3529 1542; baseline 0.002 -19"><span class='ocrx_word' id='word_1_204' title='bbox 1959 1470 2166 1528; x_wconf 81' lang='lat' dir='ltr'><strong>scilicet</strong></span> <span class='ocrx_word' id='word_1_205' title='bbox 2198 1470 2567 1539; x_wconf 85' lang='lat' dir='ltr'><strong>interpretem,</strong></span> <span class='ocrx_word' id='word_1_206' title='bbox 2609 1472 2676 1528; x_wconf 87' lang='lat' dir='ltr'><strong>de</strong></span> <span class='ocrx_word' id='word_1_207' title='bbox 2720 1485 2820 1525; x_wconf 86' lang='lat' dir='ltr'><strong>suo</strong></span> <span class='ocrx_word' id='word_1_208' title='bbox 2866 1473 3123 1542; x_wconf 86' lang='lat' dir='ltr'><strong>quidquid</strong></span> <span class='ocrx_word' id='word_1_209' title='bbox 3175 1473 3384 1529; x_wconf 90' lang='lat' dir='ltr'><strong>libitum</strong></span> <span class='ocrx_word' id='word_1_210' title='bbox 3436 1478 3529 1527; x_wconf 74' lang='lat' dir='ltr'><strong>est</strong></span> 
     </span>
    </p>
   </div>
   <div class='ocr_carea' id='block_1_30' title="bbox 1960 1560 3529 1632">
    <p class='ocr_par' dir='ltr' id='par_1_30' title="bbox 1960 1560 3529 1632">
     <span class='ocr_line' id='line_1_30' title="bbox 1960 1560 3529 1632; baseline 0.003 -17"><span class='ocrx_word' id='word_1_211' title='bbox 1960 1560 2296 1631; x_wconf 84' lang='lat' dir='ltr'><strong>largientem.</strong></span> <span class='ocrx_word' id='word_1_212' title='bbox 2344 1560 2455 1631; x_wconf 72' lang='grc'><strong>(74)</strong></span> <span class='ocrx_word' id='word_1_213' title='bbox 2508 1561 2617 1618; x_wconf 83' lang='lat' dir='ltr'><strong>Hoc</strong></span> <span class='ocrx_word' id='word_1_214' title='bbox 2677 1561 2752 1619; x_wconf 92' lang='lat' dir='ltr'><strong>illi</strong></span> <span class='ocrx_word' id='word_1_215' title='bbox 2802 1563 3058 1619; x_wconf 86' lang='lat' dir='ltr'><strong>debemus</strong></span> <span class='ocrx_word' id='word_1_216' title='bbox 3109 1574 3329 1626; x_wconf 84' lang='lat' dir='ltr'><strong>tamen.</strong></span> <span class='ocrx_word' id='word_1_217' title='bbox 3387 1564 3529 1632; x_wconf 90' lang='lat' dir='ltr'><strong>quod</strong></span> 
     </span>
    </p>
   </div>
   <div class='ocr_carea' id='block_1_31' title="bbox 1962 1651 3534 1727">
    <p class='ocr_par' dir='ltr' id='par_1_31' title="bbox 1962 1651 3534 1727">
     <span class='ocr_line' id='line_1_31' title="bbox 1962 1651 3534 1727; baseline 0.003 -22"><span class='ocrx_word' id='word_1_218' title='bbox 1962 1651 2203 1722; x_wconf 87' lang='lat' dir='ltr'><strong>legitimo</strong></span> <span class='ocrx_word' id='word_1_219' title='bbox 2239 1667 2342 1711; x_wconf 87' lang='lat' dir='ltr'><strong>suo</strong></span> <span class='ocrx_word' id='word_1_220' title='bbox 2376 1653 2585 1708; x_wconf 77' lang='lat' dir='ltr'><strong>auctori</strong></span> <span class='ocrx_word' id='word_1_221' title='bbox 2625 1655 2888 1710; x_wconf 66' lang='lat' dir='ltr'><strong>restitutae</strong></span> <span class='ocrx_word' id='word_1_222' title='bbox 2915 1666 3073 1721; x_wconf 83' lang='lat' dir='ltr'><strong>sunt;</strong></span> <span class='ocrx_word' id='word_1_223' title='bbox 3111 1672 3231 1725; x_wconf 74' lang='lat' dir='ltr'><strong>qua:</strong></span> <span class='ocrx_word' id='word_1_224' title='bbox 3257 1657 3400 1710; x_wconf 88' lang='lat' dir='ltr'><strong>inter</strong></span> <span class='ocrx_word' id='word_1_225' title='bbox 3425 1655 3534 1727; x_wconf 78' lang='lat' dir='ltr'><strong>Cy-</strong></span> 
     </span>
    </p>
   </div>
   <div class='ocr_carea' id='block_1_32' title="bbox 1965 1743 3530 1825">
    <p class='ocr_par' dir='ltr' id='par_1_32' title="bbox 1965 1743 3530 1825">
     <span class='ocr_line' id='line_1_32' title="bbox 1965 1743 3530 1825; baseline 0.003 -27"><span class='ocrx_word' id='word_1_226' title='bbox 1965 1745 2078 1807; x_wconf 86' lang='lat' dir='ltr'><strong>rilli</strong></span> <span class='ocrx_word' id='word_1_227' title='bbox 2097 1743 2272 1812; x_wconf 81' lang='lat' dir='ltr'><strong>Opera</strong></span> <span class='ocrx_word' id='word_1_228' title='bbox 2300 1744 2437 1799; x_wconf 86' lang='lat' dir='ltr'><strong>falso</strong></span> <span class='ocrx_word' id='word_1_229' title='bbox 2468 1745 2908 1801; x_wconf 86' lang='lat' dir='ltr'><strong>venditabantur.</strong></span> <span class='ocrx_word' id='word_1_230' title='bbox 2939 1745 3126 1817; x_wconf 86' lang='lat' dir='ltr'><strong>Itaque</strong></span> <span class='ocrx_word' id='word_1_231' title='bbox 3148 1748 3530 1825; x_wconf 85' lang='lat' dir='ltr'><strong>Bellarminus,</strong></span> 
     </span>
    </p>
   </div>
   <div class='ocr_carea' id='block_1_33' title="bbox 285 1826 3531 1906">
    <p class='ocr_par' dir='ltr' id='par_1_33' title="bbox 285 1826 3531 1906">
     <span class='ocr_line' id='line_1_33' title="bbox 285 1826 3531 1906; baseline 0.003 -22"><span class='ocrx_word' id='word_1_232' title='bbox 285 1832 661 1887; x_wconf 88' lang='lat' dir='ltr'><strong>ascribendam</strong></span> <span class='ocrx_word' id='word_1_233' title='bbox 690 1847 808 1890; x_wconf 90' lang='lat' dir='ltr'><strong>esse</strong></span> <span class='ocrx_word' id='word_1_234' title='bbox 839 1850 938 1890; x_wconf 91' lang='lat' dir='ltr'><strong>suo</strong></span> <span class='ocrx_word' id='word_1_235' title='bbox 972 1835 1089 1890; x_wconf 89' lang='lat' dir='ltr'><strong>loco</strong></span> <span class='ocrx_word' id='word_1_236' title='bbox 1118 1835 1434 1891; x_wconf 86' lang='lat' dir='ltr'><strong>docebimus</strong></span> <span class='ocrx_word' id='word_1_237' title='bbox 1466 1853 1480 1890; x_wconf 88' lang='lat'><strong>:</strong></span> <span class='ocrx_word' id='word_1_238' title='bbox 1517 1838 1562 1891; x_wconf 91' lang='lat' dir='ltr'><strong>is</strong></span> <span class='ocrx_word' id='word_1_239' title='bbox 1602 1838 1655 1891; x_wconf 89' lang='lat' dir='ltr'><strong>in</strong></span> <span class='ocrx_word' id='word_1_240' title='bbox 1696 1853 1759 1891; x_wconf 83' lang='lat' dir='ltr'><strong>ea</strong></span> <span class='ocrx_word' id='word_1_241' title='bbox 1800 1854 1861 1894; x_wconf 83' lang='lat' dir='ltr'><strong>se</strong></span> <span class='ocrx_word' id='word_1_242' title='bbox 1893 1826 1935 1880; x_wconf 79' lang='grc' dir='ltr'><strong><em>Β</em></strong></span> <span class='ocrx_word' id='word_1_243' title='bbox 1963 1835 2050 1902; x_wconf 88' lang='lat' dir='ltr'><strong>qui</strong></span> <span class='ocrx_word' id='word_1_244' title='bbox 2080 1834 2174 1891; x_wconf 87' lang='lat' dir='ltr'><strong>lib.</strong></span> <span class='ocrx_word' id='word_1_245' title='bbox 2208 1850 2259 1890; x_wconf 85' lang='lat' dir='ltr'><strong>tv</strong></span> <span class='ocrx_word' id='word_1_246' title='bbox 2297 1834 2375 1888; x_wconf 83' lang='lat' dir='ltr'><strong>De</strong></span> <span class='ocrx_word' id='word_1_247' title='bbox 2401 1832 2562 1889; x_wconf 76' lang='lat' dir='ltr'><strong>Verba</strong></span> <span class='ocrx_word' id='word_1_248' title='bbox 2589 1834 2703 1898; x_wconf 73' lang='lat' dir='ltr'><strong>Dei,</strong></span> <span class='ocrx_word' id='word_1_249' title='bbox 2738 1850 2853 1905; x_wconf 87' lang='lat' dir='ltr'><strong>cap.</strong></span> <span class='ocrx_word' id='word_1_250' title='bbox 2881 1837 2968 1901; x_wconf 82' lang='lat' dir='ltr'><strong>ll,</strong></span> <span class='ocrx_word' id='word_1_251' title='bbox 2997 1847 3251 1894; x_wconf 88' lang='lat' dir='ltr'><strong>essentne</strong></span> <span class='ocrx_word' id='word_1_252' title='bbox 3278 1837 3531 1906; x_wconf 82' lang='lat' dir='ltr'><strong>Origenis</strong></span> 
     </span>
    </p>
   </div>
   <div class='ocr_carea' id='block_1_34' title="bbox 285 1922 1859 1993">
    <p class='ocr_par' dir='ltr' id='par_1_34' title="bbox 285 1922 1859 1993">
     <span class='ocr_line' id='line_1_34' title="bbox 285 1922 1859 1993; baseline 0.003 -14"><span class='ocrx_word' id='word_1_253' title='bbox 285 1922 535 1993; x_wconf 87' lang='lat' dir='ltr'><strong>Origeuis</strong></span> <span class='ocrx_word' id='word_1_254' title='bbox 588 1924 837 1985; x_wconf 83' lang='lat' dir='ltr'><strong>homilias</strong></span> <span class='ocrx_word' id='word_1_255' title='bbox 888 1929 941 1985; x_wconf 77' lang='lat' dir='ltr'><strong>in</strong></span> <span class='ocrx_word' id='word_1_256' title='bbox 977 1924 1253 1992; x_wconf 82' lang='lat' dir='ltr'><strong>Genesim,</strong></span> <span class='ocrx_word' id='word_1_257' title='bbox 1291 1927 1535 1983; x_wconf 75' lang='lat' dir='ltr'><strong>Exortum</strong></span> <span class='ocrx_word' id='word_1_258' title='bbox 1573 1940 1629 1984; x_wconf 89' lang='lat' dir='ltr'><strong>et</strong></span> <span class='ocrx_word' id='word_1_259' title='bbox 1662 1928 1859 1985; x_wconf 82' lang='lat' dir='ltr'><strong>Leviti-</strong></span> 
     </span>
    </p>
   </div>
   <div class='ocr_carea' id='block_1_35' title="bbox 286 2015 1860 2091">
    <p class='ocr_par' dir='ltr' id='par_1_35' title="bbox 286 2015 1860 2091">
     <span class='ocr_line' id='line_1_35' title="bbox 286 2015 1860 2091; baseline 0.004 -20"><span class='ocrx_word' id='word_1_260' title='bbox 286 2030 402 2071; x_wconf 83' lang='lat' dir='ltr'><strong>cum</strong></span> <span class='ocrx_word' id='word_1_261' title='bbox 437 2015 625 2075; x_wconf 89' lang='lat' dir='ltr'><strong>Latine</strong></span> <span class='ocrx_word' id='word_1_262' title='bbox 651 2019 988 2075; x_wconf 84' lang='lat' dir='ltr'><strong>convertisse</strong></span> <span class='ocrx_word' id='word_1_263' title='bbox 1018 2020 1232 2075; x_wconf 87' lang='lat' dir='ltr'><strong>scribit.</strong></span> <span class='ocrx_word' id='word_1_264' title='bbox 1294 2019 1447 2075; x_wconf 83' lang='lat' dir='ltr'><strong>Nulla</strong></span> <span class='ocrx_word' id='word_1_265' title='bbox 1487 2022 1669 2091; x_wconf 87' lang='lat' dir='ltr'><strong>itaque</strong></span> <span class='ocrx_word' id='word_1_266' title='bbox 1700 2023 1860 2077; x_wconf 84' lang='lat' dir='ltr'><strong>adhi-</strong></span> 
     </span>
    </p>
   </div>
   <div class='ocr_carea' id='block_1_36' title="bbox 287 2106 1860 2183">
    <p class='ocr_par' dir='ltr' id='par_1_36' title="bbox 287 2106 1860 2183">
     <span class='ocr_line' id='line_1_36' title="bbox 287 2106 1860 2183; baseline 0.003 -20"><span class='ocrx_word' id='word_1_267' title='bbox 287 2106 463 2163; x_wconf 85' lang='lat' dir='ltr'><strong>benda</strong></span> <span class='ocrx_word' id='word_1_268' title='bbox 496 2117 580 2162; x_wconf 90' lang='lat' dir='ltr'><strong>est</strong></span> <span class='ocrx_word' id='word_1_269' title='bbox 621 2108 755 2163; x_wconf 88' lang='lat' dir='ltr'><strong>ﬁdes</strong></span> <span class='ocrx_word' id='word_1_270' title='bbox 808 2110 1030 2178; x_wconf 83' lang='lat' dir='ltr'><strong>antiquo</strong></span> <span class='ocrx_word' id='word_1_271' title='bbox 1068 2112 1242 2165; x_wconf 91' lang='lat' dir='ltr'><strong>codici</strong></span> <span class='ocrx_word' id='word_1_272' title='bbox 1279 2110 1621 2167; x_wconf 66' lang='lat' dir='ltr'><strong>bibliotheca:</strong></span> <span class='ocrx_word' id='word_1_273' title='bbox 1654 2111 1860 2183; x_wconf 65' lang='lat' dir='ltr'><strong>Regina,</strong></span> 
     </span>
    </p>
   </div>
   <div class='ocr_carea' id='block_1_37' title="bbox 292 2199 1861 2274">
    <p class='ocr_par' dir='ltr' id='par_1_37' title="bbox 292 2199 1861 2274">
     <span class='ocr_line' id='line_1_37' title="bbox 292 2199 1861 2274; baseline 0.004 -21"><span class='ocrx_word' id='word_1_274' title='bbox 292 2201 344 2254; x_wconf 91' lang='lat' dir='ltr'><strong>in</strong></span> <span class='ocrx_word' id='word_1_275' title='bbox 376 2216 483 2268; x_wconf 88' lang='lat' dir='ltr'><strong>quo</strong></span> <span class='ocrx_word' id='word_1_276' title='bbox 521 2199 605 2253; x_wconf 88' lang='lat' dir='ltr'><strong>illa</strong></span> <span class='ocrx_word' id='word_1_277' title='bbox 642 2201 753 2268; x_wconf 87' lang='lat' dir='ltr'><strong>ipsa</strong></span> <span class='ocrx_word' id='word_1_278' title='bbox 794 2201 861 2259; x_wconf 90' lang='lat' dir='ltr'><strong>de</strong></span> <span class='ocrx_word' id='word_1_279' title='bbox 890 2216 996 2270; x_wconf 90' lang='lat' dir='ltr'><strong>qua</strong></span> <span class='ocrx_word' id='word_1_280' title='bbox 1031 2203 1245 2272; x_wconf 85' lang='lat' dir='ltr'><strong>agimus</strong></span> <span class='ocrx_word' id='word_1_281' title='bbox 1288 2202 1635 2258; x_wconf 89' lang='lat' dir='ltr'><strong>homiliarum</strong></span> <span class='ocrx_word' id='word_1_282' title='bbox 1668 2204 1861 2274; x_wconf 56' lang='lat' dir='ltr'><strong>Origev</strong></span> 
     </span>
    </p>
   </div>
   <div class='ocr_carea' id='block_1_38' title="bbox 292 2289 1859 2364">
    <p class='ocr_par' dir='ltr' id='par_1_38' title="bbox 292 2289 1859 2364">
     <span class='ocr_line' id='line_1_38' title="bbox 292 2289 1859 2364; baseline 0.006 -21"><span class='ocrx_word' id='word_1_283' title='bbox 292 2290 375 2344; x_wconf 91' lang='lat' dir='ltr'><strong>nis</strong></span> <span class='ocrx_word' id='word_1_284' title='bbox 408 2290 460 2344; x_wconf 84' lang='lat' dir='ltr'><strong>in</strong></span> <span class='ocrx_word' id='word_1_285' title='bbox 489 2289 729 2345; x_wconf 77' lang='lat' dir='ltr'><strong>Genesim</strong></span> <span class='ocrx_word' id='word_1_286' title='bbox 776 2291 1152 2361; x_wconf 89' lang='lat' dir='ltr'><strong>interpretatio</strong></span> <span class='ocrx_word' id='word_1_287' title='bbox 1182 2291 1509 2364; x_wconf 86' lang='lat' dir='ltr'><strong>llieronymo</strong></span> <span class='ocrx_word' id='word_1_288' title='bbox 1549 2295 1859 2353; x_wconf 88' lang='lat' dir='ltr'><strong>ascribitur.</strong></span> 
     </span>
    </p>
   </div>
   <div class='ocr_carea' id='block_1_39' title="bbox 289 2382 1862 2457">
    <p class='ocr_par' dir='ltr' id='par_1_39' title="bbox 289 2382 1862 2457">
     <span class='ocr_line' id='line_1_39' title="bbox 289 2382 1862 2457; baseline 0.005 -18"><span class='ocrx_word' id='word_1_289' title='bbox 289 2382 557 2445; x_wconf 89' lang='lat' dir='ltr'><strong>Observet</strong></span> <span class='ocrx_word' id='word_1_290' title='bbox 585 2386 802 2441; x_wconf 88' lang='lat' dir='ltr'><strong>interim</strong></span> <span class='ocrx_word' id='word_1_291' title='bbox 830 2385 1020 2451; x_wconf 88' lang='lat' dir='ltr'><strong>lector,</strong></span> <span class='ocrx_word' id='word_1_292' title='bbox 1048 2396 1380 2457; x_wconf 89' lang='lat' dir='ltr'><strong>postremam</strong></span> <span class='ocrx_word' id='word_1_293' title='bbox 1412 2389 1685 2444; x_wconf 89' lang='lat' dir='ltr'><strong>bomiliam</strong></span> <span class='ocrx_word' id='word_1_294' title='bbox 1720 2392 1862 2447; x_wconf 85' lang='lat' dir='ltr'><strong>bona</strong></span> 
     </span>
    </p>
   </div>
   <div class='ocr_carea' id='block_1_40' title="bbox 289 2477 1865 2553">
    <p class='ocr_par' dir='ltr' id='par_1_40' title="bbox 289 2477 1865 2553">
     <span class='ocr_line' id='line_1_40' title="bbox 289 2477 1865 2553; baseline 0.007 -24"><span class='ocrx_word' id='word_1_295' title='bbox 289 2477 370 2530; x_wconf 88' lang='lat' dir='ltr'><strong>sui</strong></span> <span class='ocrx_word' id='word_1_296' title='bbox 418 2488 571 2546; x_wconf 87' lang='lat' dir='ltr'><strong>parte</strong></span> <span class='ocrx_word' id='word_1_297' title='bbox 604 2493 725 2535; x_wconf 87' lang='lat' dir='ltr'><strong>esse</strong></span> <span class='ocrx_word' id='word_1_298' title='bbox 764 2480 1097 2544; x_wconf 87' lang='lat' dir='ltr'><strong>mutilatam;</strong></span> <span class='ocrx_word' id='word_1_299' title='bbox 1134 2494 1257 2536; x_wconf 89' lang='lat' dir='ltr'><strong>nam</strong></span> <span class='ocrx_word' id='word_1_300' title='bbox 1298 2496 1487 2537; x_wconf 86' lang='lat' dir='ltr'><strong>omnes</strong></span> <span class='ocrx_word' id='word_1_301' title='bbox 1527 2485 1865 2553; x_wconf 83' lang='lat' dir='ltr'><strong>patriarcha-</strong></span> 
     </span>
    </p>
   </div>
   <div class='ocr_carea' id='block_1_41' title="bbox 291 2570 1863 2647">
    <p class='ocr_par' dir='ltr' id='par_1_41' title="bbox 291 2570 1863 2647">
     <span class='ocr_line' id='line_1_41' title="bbox 291 2570 1863 2647; baseline 0.008 -28"><span class='ocrx_word' id='word_1_302' title='bbox 291 2583 411 2622; x_wconf 90' lang='lat' dir='ltr'><strong>rum</strong></span> <span class='ocrx_word' id='word_1_303' title='bbox 449 2570 854 2627; x_wconf 84' lang='lat' dir='ltr'><strong>beuedictiones</strong></span> <span class='ocrx_word' id='word_1_304' title='bbox 897 2587 997 2639; x_wconf 83' lang='lat' dir='ltr'><strong>pro</strong></span> <span class='ocrx_word' id='word_1_305' title='bbox 1050 2574 1301 2629; x_wconf 88' lang='lat' dir='ltr'><strong>instituto</strong></span> <span class='ocrx_word' id='word_1_306' title='bbox 1340 2591 1444 2630; x_wconf 92' lang='lat' dir='ltr'><strong>non</strong></span> <span class='ocrx_word' id='word_1_307' title='bbox 1496 2578 1863 2647; x_wconf 87' lang='lat' dir='ltr'><strong>persequitur,</strong></span> 
     </span>
    </p>
   </div>
   <div class='ocr_carea' id='block_1_42' title="bbox 288 2660 1863 2734">
    <p class='ocr_par' dir='ltr' id='par_1_42' title="bbox 288 2660 1863 2734">
     <span class='ocr_line' id='line_1_42' title="bbox 288 2660 1863 2734; baseline 0.006 -19"><span class='ocrx_word' id='word_1_308' title='bbox 288 2670 345 2715; x_wconf 87' lang='lat' dir='ltr'><strong>et</strong></span> <span class='ocrx_word' id='word_1_309' title='bbox 366 2660 593 2719; x_wconf 83' lang='lat' dir='ltr'><strong>solemni</strong></span> <span class='ocrx_word' id='word_1_310' title='bbox 622 2672 771 2717; x_wconf 87' lang='lat' dir='ltr'><strong>caret</strong></span> <span class='ocrx_word' id='word_1_311' title='bbox 800 2665 1065 2731; x_wconf 82' lang='lat' dir='ltr'><strong>clausula,</strong></span> <span class='ocrx_word' id='word_1_312' title='bbox 1100 2680 1259 2734; x_wconf 89' lang='lat' dir='ltr'><strong>quam</strong></span> <span class='ocrx_word' id='word_1_313' title='bbox 1292 2666 1527 2723; x_wconf 81' lang='lat' dir='ltr'><strong>hontiliis</strong></span> <span class='ocrx_word' id='word_1_314' title='bbox 1546 2670 1662 2725; x_wconf 82' lang='lat' dir='ltr'><strong>suis</strong></span> <span class='ocrx_word' id='word_1_315' title='bbox 1681 2669 1863 2724; x_wconf 86' lang='lat' dir='ltr'><strong>omni-</strong></span> 
     </span>
    </p>
   </div>
   <div class='ocr_carea' id='block_1_43' title="bbox 289 2752 1341 2824">
    <p class='ocr_par' dir='ltr' id='par_1_43' title="bbox 289 2752 1341 2824">
     <span class='ocr_line' id='line_1_43' title="bbox 289 2752 1341 2824; baseline 0.004 -17"><span class='ocrx_word' id='word_1_316' title='bbox 289 2752 390 2807; x_wconf 87' lang='lat' dir='ltr'><strong>bus</strong></span> <span class='ocrx_word' id='word_1_317' title='bbox 428 2754 691 2824; x_wconf 82' lang='lat' dir='ltr'><strong>Origenes</strong></span> <span class='ocrx_word' id='word_1_318' title='bbox 723 2754 1002 2824; x_wconf 84' lang='lat' dir='ltr'><strong>imponere</strong></span> <span class='ocrx_word' id='word_1_319' title='bbox 1036 2759 1341 2811; x_wconf 84' lang='lat' dir='ltr'><strong>consuevit.</strong></span> 
     </span>
    </p>
   </div>
   <div class='ocr_carea' id='block_1_44' title="bbox 356 2845 1865 2924">
    <p class='ocr_par' dir='ltr' id='par_1_44' title="bbox 356 2845 1865 2924">
     <span class='ocr_line' id='line_1_44' title="bbox 356 2845 1865 2924; baseline 0.008 -23"><span class='ocrx_word' id='word_1_320' title='bbox 356 2845 419 2901; x_wconf 91' lang='lat' dir='ltr'><strong>ll.</strong></span> <span class='ocrx_word' id='word_1_321' title='bbox 451 2847 979 2903; x_wconf 84' lang='lat' dir='ltr'><strong>Commentariorum</strong></span> <span class='ocrx_word' id='word_1_322' title='bbox 1020 2850 1074 2903; x_wconf 82' lang='lat' dir='ltr'><strong>in</strong></span> <span class='ocrx_word' id='word_1_323' title='bbox 1098 2847 1345 2906; x_wconf 68' lang='lat' dir='ltr'><strong>Exodum</strong></span> <span class='ocrx_word' id='word_1_324' title='bbox 1380 2852 1606 2910; x_wconf 87' lang='lat' dir='ltr'><strong>lacinias</strong></span> <span class='ocrx_word' id='word_1_325' title='bbox 1656 2857 1865 2924; x_wconf 86' lang='lat' dir='ltr'><strong>aliquot</strong></span> 
     </span>
    </p>
   </div>
   <div class='ocr_carea' id='block_1_45' title="bbox 286 2938 1863 3019">
    <p class='ocr_par' dir='ltr' id='par_1_45' title="bbox 286 2938 1863 3019">
     <span class='ocr_line' id='line_1_45' title="bbox 286 2938 1863 3019; baseline 0.007 -27"><span class='ocrx_word' id='word_1_326' title='bbox 286 2939 547 2993; x_wconf 84' lang='lat' dir='ltr'><strong>vicesimo</strong></span> <span class='ocrx_word' id='word_1_327' title='bbox 589 2951 744 2995; x_wconf 82' lang='lat' dir='ltr'><strong>sexto</strong></span> <span class='ocrx_word' id='word_1_328' title='bbox 775 2938 1086 2997; x_wconf 74' lang='lat' dir='ltr'><strong>Pliilocaliar</strong></span> <span class='ocrx_word' id='word_1_329' title='bbox 1125 2944 1284 3014; x_wconf 85' lang='lat' dir='ltr'><strong>capiti</strong></span> <span class='ocrx_word' id='word_1_330' title='bbox 1318 2943 1548 3002; x_wconf 85' lang='lat' dir='ltr'><strong>Basilius</strong></span> <span class='ocrx_word' id='word_1_331' title='bbox 1580 2956 1635 3001; x_wconf 92' lang='lat' dir='ltr'><strong>et</strong></span> <span class='ocrx_word' id='word_1_332' title='bbox 1661 2948 1863 3019; x_wconf 84' lang='lat' dir='ltr'><strong>Grego-</strong></span> 
     </span>
    </p>
   </div>
   <div class='ocr_carea' id='block_1_46' title="bbox 287 3031 1862 3098">
    <p class='ocr_par' dir='ltr' id='par_1_46' title="bbox 287 3031 1862 3098">
     <span class='ocr_line' id='line_1_46' title="bbox 287 3031 1862 3098; baseline 0.01 -15"><span class='ocrx_word' id='word_1_333' title='bbox 287 3031 405 3086; x_wconf 87' lang='lat' dir='ltr'><strong>rius</strong></span> <span class='ocrx_word' id='word_1_334' title='bbox 444 3032 808 3088; x_wconf 78' lang='lat' dir='ltr'><strong>iutexuerunt.</strong></span> <span class='ocrx_word' id='word_1_335' title='bbox 860 3032 1105 3090; x_wconf 54' lang='lat' dir='ltr'><strong>Humilia!</strong></span> <span class='ocrx_word' id='word_1_336' title='bbox 1133 3051 1260 3091; x_wconf 90' lang='lat' dir='ltr'><strong>vero</strong></span> <span class='ocrx_word' id='word_1_337' title='bbox 1297 3040 1557 3094; x_wconf 89' lang='lat' dir='ltr'><strong>tredecim</strong></span> <span class='ocrx_word' id='word_1_338' title='bbox 1587 3041 1641 3096; x_wconf 90' lang='lat' dir='ltr'><strong>in</strong></span> <span class='ocrx_word' id='word_1_339' title='bbox 1673 3042 1862 3098; x_wconf 88' lang='lat' dir='ltr'><strong>Latina</strong></span> 
     </span>
    </p>
   </div>
   <div class='ocr_carea' id='block_1_47' title="bbox 285 3126 1862 3204">
    <p class='ocr_par' dir='ltr' id='par_1_47' title="bbox 285 3126 1862 3204">
     <span class='ocr_line' id='line_1_47' title="bbox 285 3126 1862 3204; baseline 0.004 -25"><span class='ocrx_word' id='word_1_340' title='bbox 285 3126 527 3183; x_wconf 81' lang='lat' dir='ltr'><strong>editione</strong></span> <span class='ocrx_word' id='word_1_341' title='bbox 564 3129 928 3182; x_wconf 87' lang='lat' dir='ltr'><strong>continentur.</strong></span> <span class='ocrx_word' id='word_1_342' title='bbox 968 3129 1171 3185; x_wconf 81' lang='lat' dir='ltr'><strong>Nomen</strong></span> <span class='ocrx_word' id='word_1_343' title='bbox 1216 3130 1529 3199; x_wconf 85' lang='lat' dir='ltr'><strong>interpretis</strong></span> <span class='ocrx_word' id='word_1_344' title='bbox 1569 3134 1862 3204; x_wconf 80' lang='lat' dir='ltr'><strong>ascriptum</strong></span> 
     </span>
    </p>
   </div>
   <div class='ocr_carea' id='block_1_48' title="bbox 288 3217 1868 3287">
    <p class='ocr_par' dir='ltr' id='par_1_48' title="bbox 288 3217 1868 3287">
     <span class='ocr_line' id='line_1_48' title="bbox 288 3217 1868 3287; baseline 0.003 -14"><span class='ocrx_word' id='word_1_345' title='bbox 288 3231 397 3273; x_wconf 87' lang='lat' dir='ltr'><strong>ltou</strong></span> <span class='ocrx_word' id='word_1_346' title='bbox 452 3227 555 3280; x_wconf 84' lang='lat' dir='ltr'><strong>est,</strong></span> <span class='ocrx_word' id='word_1_347' title='bbox 611 3219 705 3275; x_wconf 88' lang='lat' dir='ltr'><strong>sed</strong></span> <span class='ocrx_word' id='word_1_348' title='bbox 755 3233 820 3273; x_wconf 75' lang='lat' dir='ltr'><strong>ex</strong></span> <span class='ocrx_word' id='word_1_349' title='bbox 869 3217 1099 3287; x_wconf 71' lang='lat' dir='ltr'><strong>l’rologu</strong></span> <span class='ocrx_word' id='word_1_350' title='bbox 1143 3217 1324 3273; x_wconf 88' lang='lat' dir='ltr'><strong>Rulini</strong></span> <span class='ocrx_word' id='word_1_351' title='bbox 1375 3221 1441 3274; x_wconf 89' lang='lat' dir='ltr'><strong>ad</strong></span> <span class='ocrx_word' id='word_1_352' title='bbox 1475 3219 1782 3287; x_wconf 86' lang='lat' dir='ltr'><strong>Ursacium,</strong></span> <span class='ocrx_word' id='word_1_353' title='bbox 1813 3233 1868 3277; x_wconf 90' lang='lat' dir='ltr'><strong>et</strong></span> 
     </span>
    </p>
   </div>
   <div class='ocr_carea' id='block_1_49' title="bbox 283 3308 1867 3378">
    <p class='ocr_par' dir='ltr' id='par_1_49' title="bbox 283 3308 1867 3378">
     <span class='ocr_line' id='line_1_49' title="bbox 283 3308 1867 3378; baseline 0.004 -17"><span class='ocrx_word' id='word_1_354' title='bbox 283 3308 527 3378; x_wconf 80' lang='lat' dir='ltr'><strong>ejusdem</strong></span> <span class='ocrx_word' id='word_1_355' title='bbox 556 3309 904 3377; x_wconf 85' lang='lat' dir='ltr'><strong>peroratione</strong></span> <span class='ocrx_word' id='word_1_356' title='bbox 944 3310 1010 3365; x_wconf 88' lang='lat' dir='ltr'><strong>ad</strong></span> <span class='ocrx_word' id='word_1_357' title='bbox 1040 3311 1541 3378; x_wconf 85' lang='lat' dir='ltr'><strong>interpretationem</strong></span> <span class='ocrx_word' id='word_1_358' title='bbox 1572 3310 1867 3369; x_wconf 83' lang='lat' dir='ltr'><strong>Commen-</strong></span> 
     </span>
    </p>
   </div>
   <div class='ocr_carea' id='block_1_50' title="bbox 287 3396 1870 3474">
    <p class='ocr_par' dir='ltr' id='par_1_50' title="bbox 287 3396 1870 3474">
     <span class='ocr_line' id='line_1_50' title="bbox 287 3396 1870 3474; baseline 0.002 -19"><span class='ocrx_word' id='word_1_359' title='bbox 287 3397 557 3455; x_wconf 86' lang='lat' dir='ltr'><strong>tariorum</strong></span> <span class='ocrx_word' id='word_1_360' title='bbox 593 3396 843 3467; x_wconf 87' lang='lat' dir='ltr'><strong>Origenis</strong></span> <span class='ocrx_word' id='word_1_361' title='bbox 878 3402 930 3454; x_wconf 84' lang='lat' dir='ltr'><strong>in</strong></span> <span class='ocrx_word' id='word_1_362' title='bbox 964 3397 1259 3470; x_wconf 78' lang='lat' dir='ltr'><strong>Epistolam</strong></span> <span class='ocrx_word' id='word_1_363' title='bbox 1302 3403 1371 3455; x_wconf 84' lang='lat' dir='ltr'><strong>ad</strong></span> <span class='ocrx_word' id='word_1_364' title='bbox 1410 3400 1694 3468; x_wconf 84' lang='lat' dir='ltr'><strong>Romanos,</strong></span> <span class='ocrx_word' id='word_1_365' title='bbox 1748 3419 1870 3474; x_wconf 69' lang='lat' dir='ltr'><strong>qua:</strong></span> 
     </span>
    </p>
   </div>
   <div class='ocr_carea' id='block_1_51' title="bbox 284 3487 1869 3551">
    <p class='ocr_par' dir='ltr' id='par_1_51' title="bbox 284 3487 1869 3551">
     <span class='ocr_line' id='line_1_51' title="bbox 284 3487 1869 3551; baseline -0.001 -7"><span class='ocrx_word' id='word_1_366' title='bbox 284 3504 415 3544; x_wconf 76' lang='lat' dir='ltr'><strong>mox</strong></span> <span class='ocrx_word' id='word_1_367' title='bbox 452 3488 789 3542; x_wconf 76' lang='lat' dir='ltr'><strong>laudavimus</strong></span> <span class='ocrx_word' id='word_1_368' title='bbox 817 3528 831 3551; x_wconf 91' lang='lat'><strong>,</strong></span> <span class='ocrx_word' id='word_1_369' title='bbox 863 3487 1207 3543; x_wconf 86' lang='lat' dir='ltr'><strong>manifestum</strong></span> <span class='ocrx_word' id='word_1_370' title='bbox 1238 3497 1321 3543; x_wconf 91' lang='lat' dir='ltr'><strong>est</strong></span> <span class='ocrx_word' id='word_1_371' title='bbox 1360 3502 1466 3542; x_wconf 91' lang='lat' dir='ltr'><strong>non</strong></span> <span class='ocrx_word' id='word_1_372' title='bbox 1497 3488 1660 3542; x_wconf 88' lang='lat' dir='ltr'><strong>alium</strong></span> <span class='ocrx_word' id='word_1_373' title='bbox 1696 3489 1869 3545; x_wconf 86' lang='lat' dir='ltr'><strong>inter-</strong></span> 
     </span>
    </p>
   </div>
   <div class='ocr_carea' id='block_1_52' title="bbox 282 3579 1871 3651">
    <p class='ocr_par' dir='ltr' id='par_1_52' title="bbox 282 3579 1871 3651">
     <span class='ocr_line' id='line_1_52' title="bbox 282 3579 1871 3651; baseline 0.002 -16"><span class='ocrx_word' id='word_1_374' title='bbox 282 3592 498 3651; x_wconf 85' lang='lat' dir='ltr'><strong>pretem</strong></span> <span class='ocrx_word' id='word_1_375' title='bbox 524 3595 685 3649; x_wconf 89' lang='lat' dir='ltr'><strong>quam</strong></span> <span class='ocrx_word' id='word_1_376' title='bbox 721 3579 970 3633; x_wconf 85' lang='lat' dir='ltr'><strong>Ruﬁnum</strong></span> <span class='ocrx_word' id='word_1_377' title='bbox 1014 3580 1184 3650; x_wconf 61' lang='lat' dir='ltr'><strong>quaeri</strong></span> <span class='ocrx_word' id='word_1_378' title='bbox 1219 3581 1416 3635; x_wconf 89' lang='lat' dir='ltr'><strong>debere</strong></span> <span class='ocrx_word' id='word_1_379' title='bbox 1457 3599 1470 3634; x_wconf 92' lang='lat'>:</span> <span class='ocrx_word' id='word_1_380' title='bbox 1523 3582 1573 3635; x_wconf 88' lang='lat' dir='ltr'><strong>id</strong></span> <span class='ocrx_word' id='word_1_381' title='bbox 1616 3582 1757 3651; x_wconf 82' lang='lat' dir='ltr'><strong>quod</strong></span> <span class='ocrx_word' id='word_1_382' title='bbox 1788 3582 1871 3638; x_wconf 84' lang='lat' dir='ltr'><strong>vel</strong></span> 
     </span>
    </p>
   </div>
   <div class='ocr_carea' id='block_1_53' title="bbox 286 3673 1873 3744">
    <p class='ocr_par' dir='ltr' id='par_1_53' title="bbox 286 3673 1873 3744">
     <span class='ocr_line' id='line_1_53' title="bbox 286 3673 1873 3744; baseline -0.001 -14"><span class='ocrx_word' id='word_1_383' title='bbox 286 3690 356 3731; x_wconf 76' lang='lat' dir='ltr'><strong>ex</strong></span> <span class='ocrx_word' id='word_1_384' title='bbox 385 3675 500 3743; x_wconf 85' lang='lat' dir='ltr'><strong>ipsa</strong></span> <span class='ocrx_word' id='word_1_385' title='bbox 534 3673 658 3744; x_wconf 88' lang='lat' dir='ltr'><strong>styli</strong></span> <span class='ocrx_word' id='word_1_386' title='bbox 694 3673 1051 3730; x_wconf 88' lang='lat' dir='ltr'><strong>similitudine</strong></span> <span class='ocrx_word' id='word_1_387' title='bbox 1080 3673 1267 3727; x_wconf 90' lang='lat' dir='ltr'><strong>statim</strong></span> <span class='ocrx_word' id='word_1_388' title='bbox 1310 3674 1708 3743; x_wconf 88' lang='lat' dir='ltr'><strong>deprehendas.</strong></span> <span class='ocrx_word' id='word_1_389' title='bbox 1748 3675 1873 3729; x_wconf 84' lang='lat' dir='ltr'><strong>Fal-</strong></span> 
     </span>
    </p>
   </div>
   <div class='ocr_carea' id='block_1_54' title="bbox 286 3764 1871 3838">
    <p class='ocr_par' dir='ltr' id='par_1_54' title="bbox 286 3764 1871 3838">
     <span class='ocr_line' id='line_1_54' title="bbox 286 3764 1871 3838; baseline 0.001 -17"><span class='ocrx_word' id='word_1_390' title='bbox 286 3767 423 3822; x_wconf 86' lang='lat' dir='ltr'><strong>litur</strong></span> <span class='ocrx_word' id='word_1_391' title='bbox 464 3782 595 3836; x_wconf 81' lang='lat' dir='ltr'><strong>ergo</strong></span> <span class='ocrx_word' id='word_1_392' title='bbox 626 3765 812 3822; x_wconf 74' lang='lat' dir='ltr'><strong>Sixtus</strong></span> <span class='ocrx_word' id='word_1_393' title='bbox 858 3764 1120 3823; x_wconf 87' lang='lat' dir='ltr'><strong>Senensis</strong></span> <span class='ocrx_word' id='word_1_394' title='bbox 1161 3765 1491 3837; x_wconf 79' lang='lat' dir='ltr'><strong>Hieronymo</strong></span> <span class='ocrx_word' id='word_1_395' title='bbox 1544 3768 1871 3838; x_wconf 84' lang='lat' dir='ltr'><strong>interpreta-</strong></span> 
     </span>
    </p>
   </div>
   <div class='ocr_carea' id='block_1_55' title="bbox 288 3857 967 3917">
    <p class='ocr_par' dir='ltr' id='par_1_55' title="bbox 288 3857 967 3917">
     <span class='ocr_line' id='line_1_55' title="bbox 288 3857 967 3917; baseline -0.001 0"><span class='ocrx_word' id='word_1_396' title='bbox 288 3861 498 3917; x_wconf 79' lang='lat' dir='ltr'><strong>tionem</strong></span> <span class='ocrx_word' id='word_1_397' title='bbox 533 3859 672 3914; x_wconf 91' lang='lat' dir='ltr'><strong>hauc</strong></span> <span class='ocrx_word' id='word_1_398' title='bbox 702 3857 967 3916; x_wconf 85' lang='lat' dir='ltr'><strong>tribuens.</strong></span> 
     </span>
    </p>
   </div>
   <div class='ocr_carea' id='block_1_56' title="bbox 362 3948 1872 4017">
    <p class='ocr_par' dir='ltr' id='par_1_56' title="bbox 362 3948 1872 4017">
     <span class='ocr_line' id='line_1_56' title="bbox 362 3948 1872 4017; baseline 0 -13"><span class='ocrx_word' id='word_1_399' title='bbox 362 3949 451 4004; x_wconf 93' lang='lat' dir='ltr'><strong>lll.</strong></span> <span class='ocrx_word' id='word_1_400' title='bbox 477 3950 556 4005; x_wconf 85' lang='lat' dir='ltr'><strong>Ad</strong></span> <span class='ocrx_word' id='word_1_401' title='bbox 583 3949 1081 4017; x_wconf 89' lang='lat' dir='ltr'><strong>interpretationem</strong></span> <span class='ocrx_word' id='word_1_402' title='bbox 1108 3948 1449 4005; x_wconf 85' lang='lat' dir='ltr'><strong>homiliarum</strong></span> <span class='ocrx_word' id='word_1_403' title='bbox 1473 3948 1725 4017; x_wconf 76' lang='lat' dir='ltr'><strong>Origenis</strong></span> <span class='ocrx_word' id='word_1_404' title='bbox 1746 3962 1872 4004; x_wconf 81' lang='lat' dir='ltr'><strong>sex—</strong></span> 
     </span>
    </p>
   </div>
   <div class='ocr_carea' id='block_1_57' title="bbox 287 4038 1871 4107">
    <p class='ocr_par' dir='ltr' id='par_1_57' title="bbox 287 4038 1871 4107">
     <span class='ocr_line' id='line_1_57' title="bbox 287 4038 1871 4107; baseline -0.001 -8"><span class='ocrx_word' id='word_1_405' title='bbox 287 4042 467 4100; x_wconf 84' lang='lat' dir='ltr'><strong>decim</strong></span> <span class='ocrx_word' id='word_1_406' title='bbox 498 4043 553 4095; x_wconf 83' lang='lat' dir='ltr'><strong>in</strong></span> <span class='ocrx_word' id='word_1_407' title='bbox 581 4039 875 4097; x_wconf 76' lang='lat' dir='ltr'><strong>Leviticum</strong></span> <span class='ocrx_word' id='word_1_408' title='bbox 905 4039 1102 4095; x_wconf 87' lang='lat' dir='ltr'><strong>Ruﬁno</strong></span> <span class='ocrx_word' id='word_1_409' title='bbox 1134 4040 1321 4094; x_wconf 79' lang='lat' dir='ltr'><strong>itidem</strong></span> <span class='ocrx_word' id='word_1_410' title='bbox 1348 4038 1783 4107; x_wconf 85' lang='lat' dir='ltr'><strong>adjudicaudam,</strong></span> <span class='ocrx_word' id='word_1_411' title='bbox 1817 4050 1871 4097; x_wconf 86' lang='lat' dir='ltr'><strong>et.</strong></span> 
     </span>
    </p>
   </div>
   <div class='ocr_carea' id='block_1_58' title="bbox 98 4023 1871 4220">
    <p class='ocr_par' dir='ltr' id='par_1_58' title="bbox 98 4023 1871 4220">
     <span class='ocr_line' id='line_1_58' title="bbox 98 4023 1871 4220; baseline -0.001 -121"><span class='ocrx_word' id='word_1_412' title='bbox 98 4023 467 4220; x_wconf 75' lang='lat' dir='ltr'><strong>\decim</strong></span> <span class='ocrx_word' id='word_1_413' title='bbox 498 4043 553 4095; x_wconf 83' lang='lat' dir='ltr'><strong>in</strong></span> <span class='ocrx_word' id='word_1_414' title='bbox 581 4039 875 4097; x_wconf 76' lang='lat' dir='ltr'><strong>Leviticum</strong></span> <span class='ocrx_word' id='word_1_415' title='bbox 905 4039 1102 4095; x_wconf 87' lang='lat' dir='ltr'><strong>Ruﬁno</strong></span> <span class='ocrx_word' id='word_1_416' title='bbox 1134 4040 1321 4094; x_wconf 79' lang='lat' dir='ltr'><strong>itidem</strong></span> <span class='ocrx_word' id='word_1_417' title='bbox 1348 4038 1783 4107; x_wconf 85' lang='lat' dir='ltr'><strong>adjudicaudam,</strong></span> <span class='ocrx_word' id='word_1_418' title='bbox 1817 4050 1871 4097; x_wconf 86' lang='lat' dir='ltr'><strong>et.</strong></span> 
     </span>
     <span class='ocr_line' id='line_1_59' title="bbox 290 4129 1871 4201; baseline -0.001 -15"><span class='ocrx_word' id='word_1_419' title='bbox 290 4132 630 4197; x_wconf 75' lang='lat' dir='ltr'><strong>arguendum</strong></span> <span class='ocrx_word' id='word_1_420' title='bbox 684 4130 896 4186; x_wconf 82' lang='lat' dir='ltr'><strong>Sixtum</strong></span> <span class='ocrx_word' id='word_1_421' title='bbox 950 4130 1041 4201; x_wconf 90' lang='lat' dir='ltr'><strong>qui</strong></span> <span class='ocrx_word' id='word_1_422' title='bbox 1091 4144 1210 4186; x_wconf 87' lang='lat' dir='ltr'><strong>eam</strong></span> <span class='ocrx_word' id='word_1_423' title='bbox 1249 4129 1579 4201; x_wconf 86' lang='lat' dir='ltr'><strong>Hieronymo</strong></span> <span class='ocrx_word' id='word_1_424' title='bbox 1626 4134 1871 4196; x_wconf 83' lang='lat' dir='ltr'><strong>ascribit,</strong></span> 
     </span>
    </p>
   </div>
   <div class='ocr_carea' id='block_1_59' title="bbox 289 4221 1868 4294">
    <p class='ocr_par' dir='ltr' id='par_1_59' title="bbox 289 4221 1868 4294">
     <span class='ocr_line' id='line_1_60' title="bbox 289 4221 1868 4294; baseline -0.001 -14"><span class='ocrx_word' id='word_1_425' title='bbox 289 4225 481 4280; x_wconf 80' lang='lat' dir='ltr'><strong>valere</strong></span> <span class='ocrx_word' id='word_1_426' title='bbox 511 4226 711 4280; x_wconf 85' lang='lat' dir='ltr'><strong>debent</strong></span> <span class='ocrx_word' id='word_1_427' title='bbox 740 4226 927 4280; x_wconf 88' lang='lat' dir='ltr'><strong>eadem</strong></span> <span class='ocrx_word' id='word_1_428' title='bbox 952 4233 1294 4294; x_wconf 85' lang='lat' dir='ltr'><strong>argumenta.</strong></span> <span class='ocrx_word' id='word_1_429' title='bbox 1332 4221 1579 4288; x_wconf 84' lang='lat' dir='ltr'><strong>Qualiter</strong></span> <span class='ocrx_word' id='word_1_430' title='bbox 1600 4234 1785 4279; x_wconf 88' lang='lat' dir='ltr'><strong>autem</strong></span> <span class='ocrx_word' id='word_1_431' title='bbox 1815 4225 1868 4278; x_wconf 89' lang='lat' dir='ltr'><strong>in</strong></span> 
     </span>
    </p>
   </div>
   <div class='ocr_carea' id='block_1_60' title="bbox 1894 3177 1934 3234">
    <p class='ocr_par' dir='ltr' id='par_1_60' title="bbox 1894 3177 1934 3234">
     <span class='ocr_line' id='line_1_61' title="bbox 1894 3177 1934 3234; baseline 0 -2"><span class='ocrx_word' id='word_1_432' title='bbox 1894 3177 1934 3234; x_wconf 90' lang='lat' dir='ltr'><strong>C</strong></span> 
     </span>
    </p>
   </div>
   <div class='ocr_carea' id='block_1_61' title="bbox 1965 1926 3528 1998">
    <p class='ocr_par' dir='ltr' id='par_1_61' title="bbox 1965 1926 3528 1998">
     <span class='ocr_line' id='line_1_62' title="bbox 1965 1926 3528 1998; baseline 0.002 -17"><span class='ocrx_word' id='word_1_433' title='bbox 1965 1926 2190 1983; x_wconf 86' lang='lat' dir='ltr'><strong>delinire</strong></span> <span class='ocrx_word' id='word_1_434' title='bbox 2211 1941 2505 1981; x_wconf 88' lang='lat' dir='ltr'><strong>nonausus</strong></span> <span class='ocrx_word' id='word_1_435' title='bbox 2530 1926 2724 1992; x_wconf 86' lang='lat' dir='ltr'><strong>fuerat,</strong></span> <span class='ocrx_word' id='word_1_436' title='bbox 2753 1928 2968 1983; x_wconf 88' lang='lat' dir='ltr'><strong>easdem</strong></span> <span class='ocrx_word' id='word_1_437' title='bbox 2994 1929 3047 1984; x_wconf 91' lang='lat' dir='ltr'><strong>in</strong></span> <span class='ocrx_word' id='word_1_438' title='bbox 3074 1929 3209 1984; x_wconf 90' lang='lat' dir='ltr'><strong>libro</strong></span> <span class='ocrx_word' id='word_1_439' title='bbox 3243 1929 3316 1984; x_wconf 81' lang='lat' dir='ltr'><strong>De</strong></span> <span class='ocrx_word' id='word_1_440' title='bbox 3350 1932 3528 1998; x_wconf 79' lang='lat' dir='ltr'><strong>script.</strong></span> 
     </span>
    </p>
   </div>
   <div class='ocr_carea' id='block_1_62' title="bbox 1963 2019 3531 2089">
    <p class='ocr_par' dir='ltr' id='par_1_62' title="bbox 1963 2019 3531 2089">
     <span class='ocr_line' id='line_1_63' title="bbox 1963 2019 3531 2089; baseline 0.003 -15"><span class='ocrx_word' id='word_1_441' title='bbox 1963 2020 2148 2075; x_wconf 83' lang='lat' dir='ltr'><strong>eccles.</strong></span> <span class='ocrx_word' id='word_1_442' title='bbox 2182 2021 2388 2089; x_wconf 89' lang='lat' dir='ltr'><strong>absque</strong></span> <span class='ocrx_word' id='word_1_443' title='bbox 2419 2019 2761 2077; x_wconf 69' lang='lat' dir='ltr'><strong>haesitatione</strong></span> <span class='ocrx_word' id='word_1_444' title='bbox 2803 2020 2930 2076; x_wconf 88' lang='lat' dir='ltr'><strong>huic</strong></span> <span class='ocrx_word' id='word_1_445' title='bbox 2952 2022 3218 2079; x_wconf 88' lang='lat' dir='ltr'><strong>attribuit.</strong></span> <span class='ocrx_word' id='word_1_446' title='bbox 3255 2023 3403 2079; x_wconf 87' lang='lat' dir='ltr'><strong>Unde</strong></span> <span class='ocrx_word' id='word_1_447' title='bbox 3434 2040 3531 2078; x_wconf 82' lang='lat' dir='ltr'><strong>ex-</strong></span> 
     </span>
    </p>
   </div>
   <div class='ocr_carea' id='block_1_63' title="bbox 1965 2108 3532 2183">
    <p class='ocr_par' dir='ltr' id='par_1_63' title="bbox 1965 2108 3532 2183">
     <span class='ocr_line' id='line_1_64' title="bbox 1965 2108 3532 2183; baseline 0.004 -22"><span class='ocrx_word' id='word_1_448' title='bbox 1965 2108 2269 2177; x_wconf 89' lang='lat' dir='ltr'><strong>plodendus</strong></span> <span class='ocrx_word' id='word_1_449' title='bbox 2291 2110 2655 2168; x_wconf 76' lang='lat' dir='ltr'><strong>heterodoxus</strong></span> <span class='ocrx_word' id='word_1_450' title='bbox 2685 2111 2928 2180; x_wconf 88' lang='lat' dir='ltr'><strong>quidam,</strong></span> <span class='ocrx_word' id='word_1_451' title='bbox 2959 2113 3049 2180; x_wconf 87' lang='lat' dir='ltr'><strong>qui</strong></span> <span class='ocrx_word' id='word_1_452' title='bbox 3078 2127 3172 2167; x_wconf 88' lang='lat' dir='ltr'><strong>eas</strong></span> <span class='ocrx_word' id='word_1_453' title='bbox 3216 2114 3394 2183; x_wconf 87' lang='lat' dir='ltr'><strong>posuit</strong></span> <span class='ocrx_word' id='word_1_454' title='bbox 3434 2131 3532 2170; x_wconf 84' lang='lat' dir='ltr'><strong>nu-</strong></span> 
     </span>
    </p>
   </div>
   <div class='ocr_carea' id='block_1_64' title="bbox 1965 2200 3533 2273">
    <p class='ocr_par' dir='ltr' id='par_1_64' title="bbox 1965 2200 3533 2273">
     <span class='ocr_line' id='line_1_65' title="bbox 1965 2200 3533 2273; baseline 0.001 -17"><span class='ocrx_word' id='word_1_455' title='bbox 1965 2215 2060 2270; x_wconf 91' lang='lat' dir='ltr'><strong>per</strong></span> <span class='ocrx_word' id='word_1_456' title='bbox 2104 2200 2245 2255; x_wconf 90' lang='lat' dir='ltr'><strong>inter</strong></span> <span class='ocrx_word' id='word_1_457' title='bbox 2269 2216 2433 2269; x_wconf 90' lang='lat' dir='ltr'><strong>opera</strong></span> <span class='ocrx_word' id='word_1_458' title='bbox 2460 2200 2711 2270; x_wconf 84' lang='lat' dir='ltr'><strong>Origenis</strong></span> <span class='ocrx_word' id='word_1_459' title='bbox 2734 2203 3094 2271; x_wconf 82' lang='lat' dir='ltr'><strong>supposititia.</strong></span> <span class='ocrx_word' id='word_1_460' title='bbox 3127 2206 3393 2259; x_wconf 68' lang='lat' dir='ltr'><strong>Caeterum</strong></span> <span class='ocrx_word' id='word_1_461' title='bbox 3421 2206 3533 2273; x_wconf 85' lang='lat' dir='ltr'><strong>pri-</strong></span> 
     </span>
    </p>
   </div>
   <div class='ocr_carea' id='block_1_65' title="bbox 1965 2289 3533 2363">
    <p class='ocr_par' dir='ltr' id='par_1_65' title="bbox 1965 2289 3533 2363">
     <span class='ocr_line' id='line_1_66' title="bbox 1965 2289 3533 2363; baseline 0.003 -18"><span class='ocrx_word' id='word_1_462' title='bbox 1965 2306 2111 2345; x_wconf 88' lang='lat' dir='ltr'><strong>mttm</strong></span> <span class='ocrx_word' id='word_1_463' title='bbox 2139 2289 2449 2347; x_wconf 73' lang='lat' dir='ltr'><strong>Philocalia:</strong></span> <span class='ocrx_word' id='word_1_464' title='bbox 2486 2303 2645 2361; x_wconf 88' lang='lat' dir='ltr'><strong>caput</strong></span> <span class='ocrx_word' id='word_1_465' title='bbox 2692 2295 3047 2363; x_wconf 77' lang='lat' dir='ltr'><strong>fragmentum</strong></span> <span class='ocrx_word' id='word_1_466' title='bbox 3078 2295 3299 2351; x_wconf 83' lang='lat' dir='ltr'><strong>exhibet</strong></span> <span class='ocrx_word' id='word_1_467' title='bbox 3327 2312 3392 2351; x_wconf 76' lang='lat' dir='ltr'><strong>ex</strong></span> <span class='ocrx_word' id='word_1_468' title='bbox 3426 2296 3533 2350; x_wconf 86' lang='lat' dir='ltr'><strong>llo-</strong></span> 
     </span>
    </p>
   </div>
   <div class='ocr_carea' id='block_1_66' title="bbox 1965 2382 3534 2457">
    <p class='ocr_par' dir='ltr' id='par_1_66' title="bbox 1965 2382 3534 2457">
     <span class='ocr_line' id='line_1_67' title="bbox 1965 2382 3534 2457; baseline 0.003 -21"><span class='ocrx_word' id='word_1_469' title='bbox 1965 2382 2112 2439; x_wconf 88' lang='lat' dir='ltr'><strong>milia</strong></span> <span class='ocrx_word' id='word_1_470' title='bbox 2142 2385 2376 2443; x_wconf 86' lang='lat' dir='ltr'><strong>secunda</strong></span> <span class='ocrx_word' id='word_1_471' title='bbox 2401 2385 2455 2438; x_wconf 84' lang='lat' dir='ltr'><strong>in</strong></span> <span class='ocrx_word' id='word_1_472' title='bbox 2480 2383 2790 2450; x_wconf 77' lang='lat' dir='ltr'><strong>Leviticum,</strong></span> <span class='ocrx_word' id='word_1_473' title='bbox 2827 2403 2947 2456; x_wconf 67' lang='lat' dir='ltr'><strong>qua:</strong></span> <span class='ocrx_word' id='word_1_474' title='bbox 2971 2388 3191 2457; x_wconf 89' lang='lat' dir='ltr'><strong>quidem</strong></span> <span class='ocrx_word' id='word_1_475' title='bbox 3215 2387 3283 2441; x_wconf 84' lang='lat' dir='ltr'><strong>ab</strong></span> <span class='ocrx_word' id='word_1_476' title='bbox 3305 2386 3534 2441; x_wconf 82' lang='lat' dir='ltr'><strong>Homilia</strong></span> 
     </span>
    </p>
   </div>
   <div class='ocr_carea' id='block_1_67' title="bbox 1963 2477 3534 2550">
    <p class='ocr_par' dir='ltr' id='par_1_67' title="bbox 1963 2477 3534 2550">
     <span class='ocr_line' id='line_1_68' title="bbox 1963 2477 3534 2550; baseline 0.003 -19"><span class='ocrx_word' id='word_1_477' title='bbox 1963 2477 2199 2532; x_wconf 83' lang='lat' dir='ltr'><strong>secunda</strong></span> <span class='ocrx_word' id='word_1_478' title='bbox 2250 2477 2553 2532; x_wconf 83' lang='lat' dir='ltr'><strong>Ruﬁniame</strong></span> <span class='ocrx_word' id='word_1_479' title='bbox 2601 2480 2939 2535; x_wconf 87' lang='lat' dir='ltr'><strong>collectionis</strong></span> <span class='ocrx_word' id='word_1_480' title='bbox 2990 2481 3149 2550; x_wconf 88' lang='lat' dir='ltr'><strong>plane</strong></span> <span class='ocrx_word' id='word_1_481' title='bbox 3178 2481 3391 2536; x_wconf 84' lang='lat' dir='ltr'><strong>diversa</strong></span> <span class='ocrx_word' id='word_1_482' title='bbox 3430 2490 3534 2535; x_wconf 87' lang='lat' dir='ltr'><strong>est.</strong></span> 
     </span>
    </p>
   </div>
   <div class='ocr_carea' id='block_1_68' title="bbox 1966 2568 3537 2639">
    <p class='ocr_par' dir='ltr' id='par_1_68' title="bbox 1966 2568 3537 2639">
     <span class='ocr_line' id='line_1_69' title="bbox 1966 2568 3537 2639; baseline 0.002 -16"><span class='ocrx_word' id='word_1_483' title='bbox 1966 2568 2312 2625; x_wconf 88' lang='lat' dir='ltr'><strong>Decurtatam</strong></span> <span class='ocrx_word' id='word_1_484' title='bbox 2344 2584 2407 2625; x_wconf 90' lang='lat' dir='ltr'><strong>ea</strong></span> <span class='ocrx_word' id='word_1_485' title='bbox 2437 2570 2704 2639; x_wconf 91' lang='lat' dir='ltr'><strong>particula</strong></span> <span class='ocrx_word' id='word_1_486' title='bbox 2743 2582 2797 2625; x_wconf 82' lang='lat' dir='ltr'><strong>et</strong></span> <span class='ocrx_word' id='word_1_487' title='bbox 2829 2571 3127 2627; x_wconf 89' lang='lat' dir='ltr'><strong>mutilatam</strong></span> <span class='ocrx_word' id='word_1_488' title='bbox 3154 2586 3183 2627; x_wconf 89' lang='lat' dir='ltr'><strong>a</strong></span> <span class='ocrx_word' id='word_1_489' title='bbox 3212 2570 3411 2627; x_wconf 82' lang='lat' dir='ltr'><strong>Ruﬁno</strong></span> <span class='ocrx_word' id='word_1_490' title='bbox 3437 2574 3537 2627; x_wconf 88' lang='lat' dir='ltr'><strong>ho-</strong></span> 
     </span>
    </p>
   </div>
   <div class='ocr_carea' id='block_1_69' title="bbox 1965 2661 3537 2731">
    <p class='ocr_par' dir='ltr' id='par_1_69' title="bbox 1965 2661 3537 2731">
     <span class='ocr_line' id='line_1_70' title="bbox 1965 2661 3537 2731; baseline -0.001 -14"><span class='ocrx_word' id='word_1_491' title='bbox 1965 2661 2171 2717; x_wconf 89' lang='lat' dir='ltr'><strong>miliam</strong></span> <span class='ocrx_word' id='word_1_492' title='bbox 2203 2663 2342 2718; x_wconf 87' lang='lat' dir='ltr'><strong>hanc</strong></span> <span class='ocrx_word' id='word_1_493' title='bbox 2377 2662 2583 2731; x_wconf 88' lang='lat' dir='ltr'><strong>opinati</strong></span> <span class='ocrx_word' id='word_1_494' title='bbox 2621 2671 2749 2717; x_wconf 90' lang='lat' dir='ltr'><strong>sunt</strong></span> <span class='ocrx_word' id='word_1_495' title='bbox 2773 2663 3029 2730; x_wconf 82' lang='lat' dir='ltr'><strong>quidam;</strong></span> <span class='ocrx_word' id='word_1_496' title='bbox 3062 2664 3157 2720; x_wconf 89' lang='lat' dir='ltr'><strong>sed</strong></span> <span class='ocrx_word' id='word_1_497' title='bbox 3192 2664 3361 2720; x_wconf 88' lang='lat' dir='ltr'><strong>multo</strong></span> <span class='ocrx_word' id='word_1_498' title='bbox 3391 2666 3537 2719; x_wconf 86' lang='lat' dir='ltr'><strong>veri-</strong></span> 
     </span>
    </p>
   </div>
   <div class='ocr_carea' id='block_1_70' title="bbox 1965 2752 3540 2822">
    <p class='ocr_par' dir='ltr' id='par_1_70' title="bbox 1965 2752 3540 2822">
     <span class='ocr_line' id='line_1_71' title="bbox 1965 2752 3540 2822; baseline 0 -13"><span class='ocrx_word' id='word_1_499' title='bbox 1965 2753 2193 2810; x_wconf 89' lang='lat' dir='ltr'><strong>similius</strong></span> <span class='ocrx_word' id='word_1_500' title='bbox 2230 2763 2314 2810; x_wconf 91' lang='lat' dir='ltr'><strong>est</strong></span> <span class='ocrx_word' id='word_1_501' title='bbox 2338 2753 2521 2822; x_wconf 86' lang='lat' dir='ltr'><strong>plures</strong></span> <span class='ocrx_word' id='word_1_502' title='bbox 2550 2752 2717 2809; x_wconf 82' lang='lat' dir='ltr'><strong>fuisse</strong></span> <span class='ocrx_word' id='word_1_503' title='bbox 2768 2754 3107 2809; x_wconf 80' lang='lat' dir='ltr'><strong>bomiliarum</strong></span> <span class='ocrx_word' id='word_1_504' title='bbox 3155 2756 3379 2811; x_wconf 88' lang='lat' dir='ltr'><strong>istarum</strong></span> <span class='ocrx_word' id='word_1_505' title='bbox 3432 2754 3540 2809; x_wconf 82' lang='lat' dir='ltr'><strong>ml-</strong></span> 
     </span>
    </p>
   </div>
   <div class='ocr_carea' id='block_1_71' title="bbox 1966 2845 3536 2915">
    <p class='ocr_par' dir='ltr' id='par_1_71' title="bbox 1966 2845 3536 2915">
     <span class='ocr_line' id='line_1_72' title="bbox 1966 2845 3536 2915; baseline 0.003 -16"><span class='ocrx_word' id='word_1_506' title='bbox 1966 2846 2245 2910; x_wconf 88' lang='lat' dir='ltr'><strong>lectiones,</strong></span> <span class='ocrx_word' id='word_1_507' title='bbox 2274 2855 2329 2900; x_wconf 93' lang='lat' dir='ltr'><strong>et</strong></span> <span class='ocrx_word' id='word_1_508' title='bbox 2379 2845 2432 2899; x_wconf 92' lang='lat' dir='ltr'><strong>in</strong></span> <span class='ocrx_word' id='word_1_509' title='bbox 2462 2861 2566 2900; x_wconf 86' lang='lat' dir='ltr'><strong>una</strong></span> <span class='ocrx_word' id='word_1_510' title='bbox 2600 2846 2817 2915; x_wconf 78' lang='lat' dir='ltr'><strong>quidem</strong></span> <span class='ocrx_word' id='word_1_511' title='bbox 2859 2847 3155 2902; x_wconf 90' lang='lat' dir='ltr'><strong>secundum</strong></span> <span class='ocrx_word' id='word_1_512' title='bbox 3189 2848 3423 2901; x_wconf 83' lang='lat' dir='ltr'><strong>tenuisse</strong></span> <span class='ocrx_word' id='word_1_513' title='bbox 3454 2846 3536 2903; x_wconf 61' lang='lat' dir='ltr'><strong>Io:-</strong></span> 
     </span>
    </p>
   </div>
   <div class='ocr_carea' id='block_1_72' title="bbox 1966 2922 3539 3005">
    <p class='ocr_par' dir='ltr' id='par_1_72' title="bbox 1966 2922 3539 3005">
     <span class='ocr_line' id='line_1_73' title="bbox 1966 2922 3539 3005; baseline -0.001 -14"><span class='ocrx_word' id='word_1_514' title='bbox 1966 2951 2087 2991; x_wconf 89' lang='lat' dir='ltr'><strong>cnm</strong></span> <span class='ocrx_word' id='word_1_515' title='bbox 2134 2936 2407 2992; x_wconf 83' lang='lat' dir='ltr'><strong>bomiliam</strong></span> <span class='ocrx_word' id='word_1_516' title='bbox 2440 2936 2606 3001; x_wconf 87' lang='lat' dir='ltr'><strong>illam,</strong></span> <span class='ocrx_word' id='word_1_517' title='bbox 2657 2922 2798 2990; x_wconf 88' lang='lat' dir='ltr'><strong>unde</strong></span> <span class='ocrx_word' id='word_1_518' title='bbox 2836 2936 3036 3005; x_wconf 87' lang='lat' dir='ltr'><strong>prodiit</strong></span> <span class='ocrx_word' id='word_1_519' title='bbox 3064 2935 3372 2990; x_wconf 76' lang='lat' dir='ltr'><strong>Philocaliw</strong></span> <span class='ocrx_word' id='word_1_520' title='bbox 3426 2935 3539 2989; x_wconf 82' lang='lat' dir='ltr'><strong>fra-</strong></span> 
     </span>
    </p>
   </div>
   <div class='ocr_carea' id='block_1_73' title="bbox 1967 3027 3538 3098">
    <p class='ocr_par' dir='ltr' id='par_1_73' title="bbox 1967 3027 3538 3098">
     <span class='ocr_line' id='line_1_74' title="bbox 1967 3027 3538 3098; baseline 0.002 -18"><span class='ocrx_word' id='word_1_521' title='bbox 1967 3036 2266 3098; x_wconf 82' lang='lat' dir='ltr'><strong>gmentum,</strong></span> <span class='ocrx_word' id='word_1_522' title='bbox 2284 3044 2404 3098; x_wconf 65' lang='lat' dir='ltr'><strong>quae</strong></span> <span class='ocrx_word' id='word_1_523' title='bbox 2427 3045 2459 3084; x_wconf 89' lang='lat' dir='ltr'><strong>a</strong></span> <span class='ocrx_word' id='word_1_524' title='bbox 2482 3028 2773 3084; x_wconf 81' lang='lat' dir='ltr'><strong>Ruﬁniaua</strong></span> <span class='ocrx_word' id='word_1_525' title='bbox 2804 3029 3119 3085; x_wconf 87' lang='lat' dir='ltr'><strong>collectione</strong></span> <span class='ocrx_word' id='word_1_526' title='bbox 3142 3028 3399 3084; x_wconf 79' lang='lat' dir='ltr'><strong>abfuerit.</strong></span> <span class='ocrx_word' id='word_1_527' title='bbox 3428 3027 3538 3083; x_wconf 93' lang='lat' dir='ltr'><strong>llo-</strong></span> 
     </span>
    </p>
   </div>
   <div class='ocr_carea' id='block_1_74' title="bbox 1972 3119 3642 3190">
    <p class='ocr_par' dir='ltr' id='par_1_74' title="bbox 1972 3119 3642 3190">
     <span class='ocr_line' id='line_1_75' title="bbox 1972 3119 3642 3190; baseline 0.001 -18"><span class='ocrx_word' id='word_1_528' title='bbox 1972 3119 2147 3175; x_wconf 86' lang='lat' dir='ltr'><strong>tuilias</strong></span> <span class='ocrx_word' id='word_1_529' title='bbox 2184 3121 2399 3190; x_wconf 86' lang='lat' dir='ltr'><strong>quidem</strong></span> <span class='ocrx_word' id='word_1_530' title='bbox 2441 3121 2496 3175; x_wconf 88' lang='lat' dir='ltr'><strong>in</strong></span> <span class='ocrx_word' id='word_1_531' title='bbox 2536 3119 2822 3184; x_wconf 81' lang='lat' dir='ltr'><strong>Numeros,</strong></span> <span class='ocrx_word' id='word_1_532' title='bbox 2871 3135 2990 3190; x_wconf 62' lang='lat' dir='ltr'><strong>qua:</strong></span> <span class='ocrx_word' id='word_1_533' title='bbox 3047 3129 3369 3188; x_wconf 85' lang='lat' dir='ltr'><strong>supersunt,</strong></span> <span class='ocrx_word' id='word_1_534' title='bbox 3415 3134 3448 3172; x_wconf 90' lang='lat' dir='ltr'><strong>a</strong></span> <span class='ocrx_word' id='word_1_535' title='bbox 3481 3133 3540 3174; x_wconf 85' lang='lat' dir='ltr'><strong>se</strong></span> <span class='ocrx_word' id='word_1_536' title='bbox 3627 3153 3642 3166; x_wconf 69' lang='lat'><em>.</em></span> 
     </span>
    </p>
   </div>
   <div class='ocr_carea' id='block_1_75' title="bbox 1970 3211 3538 3281">
    <p class='ocr_par' dir='ltr' id='par_1_75' title="bbox 1970 3211 3538 3281">
     <span class='ocr_line' id='line_1_76' title="bbox 1970 3211 3538 3281; baseline 0 -15"><span class='ocrx_word' id='word_1_537' title='bbox 1970 3211 2223 3266; x_wconf 79' lang='lat' dir='ltr'><strong>Collectas</strong></span> <span class='ocrx_word' id='word_1_538' title='bbox 2260 3219 2316 3264; x_wconf 89' lang='lat' dir='ltr'><strong>et</strong></span> <span class='ocrx_word' id='word_1_539' title='bbox 2341 3211 2584 3277; x_wconf 79' lang='lat' dir='ltr'><strong>digestas</strong></span> <span class='ocrx_word' id='word_1_540' title='bbox 2608 3211 2837 3265; x_wconf 84' lang='lat' dir='ltr'><strong>Ruﬁnus</strong></span> <span class='ocrx_word' id='word_1_541' title='bbox 2865 3213 2979 3279; x_wconf 90' lang='lat' dir='ltr'><strong>ipse</strong></span> <span class='ocrx_word' id='word_1_542' title='bbox 3016 3211 3294 3281; x_wconf 67' lang='lat' dir='ltr'><strong>praedicat,</strong></span> <span class='ocrx_word' id='word_1_543' title='bbox 3324 3222 3383 3266; x_wconf 85' lang='lat' dir='ltr'><strong>ut.</strong></span> <span class='ocrx_word' id='word_1_544' title='bbox 3416 3226 3538 3266; x_wconf 76' lang='lat' dir='ltr'><strong>mox</strong></span> 
     </span>
    </p>
   </div>
   <div class='ocr_carea' id='block_1_76' title="bbox 1970 3301 3539 3373">
    <p class='ocr_par' dir='ltr' id='par_1_76' title="bbox 1970 3301 3539 3373">
     <span class='ocr_line' id='line_1_77' title="bbox 1970 3301 3539 3373; baseline -0.001 -17"><span class='ocrx_word' id='word_1_545' title='bbox 1970 3303 2232 3358; x_wconf 85' lang='lat' dir='ltr'><strong>dicemus.</strong></span> <span class='ocrx_word' id='word_1_546' title='bbox 2277 3301 2520 3357; x_wconf 72' lang='lat' dir='ltr'><strong>lloutilim</strong></span> <span class='ocrx_word' id='word_1_547' title='bbox 2564 3304 2617 3355; x_wconf 86' lang='lat' dir='ltr'><strong>in</strong></span> <span class='ocrx_word' id='word_1_548' title='bbox 2654 3302 2941 3357; x_wconf 80' lang='lat' dir='ltr'><strong>Jerentiam</strong></span> <span class='ocrx_word' id='word_1_549' title='bbox 2987 3303 3057 3357; x_wconf 87' lang='lat' dir='ltr'><strong>ab</strong></span> <span class='ocrx_word' id='word_1_550' title='bbox 3085 3302 3414 3373; x_wconf 84' lang='lat' dir='ltr'><strong>Hieronymo</strong></span> <span class='ocrx_word' id='word_1_551' title='bbox 3440 3302 3539 3357; x_wconf 80' lang='lat' dir='ltr'><strong>La-</strong></span> 
     </span>
    </p>
   </div>
   <div class='ocr_carea' id='block_1_77' title="bbox 1973 3394 3538 3462">
    <p class='ocr_par' dir='ltr' id='par_1_77' title="bbox 1973 3394 3538 3462">
     <span class='ocr_line' id='line_1_78' title="bbox 1973 3394 3538 3462; baseline 0 -14"><span class='ocrx_word' id='word_1_552' title='bbox 1973 3394 2081 3449; x_wconf 90' lang='lat' dir='ltr'><strong>tine</strong></span> <span class='ocrx_word' id='word_1_553' title='bbox 2112 3395 2354 3462; x_wconf 61' lang='lat' dir='ltr'><strong>redditae,</strong></span> <span class='ocrx_word' id='word_1_554' title='bbox 2380 3395 2484 3448; x_wconf 86' lang='lat' dir='ltr'><strong>alio</strong></span> <span class='ocrx_word' id='word_1_555' title='bbox 2523 3394 2715 3448; x_wconf 91' lang='lat' dir='ltr'><strong>ordine</strong></span> <span class='ocrx_word' id='word_1_556' title='bbox 2767 3394 2821 3446; x_wconf 89' lang='lat' dir='ltr'><strong>in</strong></span> <span class='ocrx_word' id='word_1_557' title='bbox 2857 3394 3095 3448; x_wconf 87' lang='lat' dir='ltr'><strong>editione</strong></span> <span class='ocrx_word' id='word_1_558' title='bbox 3127 3394 3344 3457; x_wconf 87' lang='lat' dir='ltr'><strong>Latina,</strong></span> <span class='ocrx_word' id='word_1_559' title='bbox 3374 3408 3538 3462; x_wconf 88' lang='lat' dir='ltr'><strong>quam</strong></span> 
     </span>
    </p>
   </div>
   <div class='ocr_carea' id='block_1_78' title="bbox 1971 3484 3540 3554">
    <p class='ocr_par' dir='ltr' id='par_1_78' title="bbox 1971 3484 3540 3554">
     <span class='ocr_line' id='line_1_79' title="bbox 1971 3484 3540 3554; baseline 0.001 -14"><span class='ocrx_word' id='word_1_560' title='bbox 1971 3487 2023 3540; x_wconf 93' lang='lat' dir='ltr'><strong>in</strong></span> <span class='ocrx_word' id='word_1_561' title='bbox 2052 3486 2328 3541; x_wconf 87' lang='lat' dir='ltr'><strong>codicibus</strong></span> <span class='ocrx_word' id='word_1_562' title='bbox 2366 3485 2573 3545; x_wconf 75' lang='lat' dir='ltr'><strong>Graecis</strong></span> <span class='ocrx_word' id='word_1_563' title='bbox 2611 3484 2888 3540; x_wconf 64' lang='lat' dir='ltr'><strong>collocatae</strong></span> <span class='ocrx_word' id='word_1_564' title='bbox 2923 3494 3051 3540; x_wconf 91' lang='lat' dir='ltr'><strong>sunt</strong></span> <span class='ocrx_word' id='word_1_565' title='bbox 3080 3503 3094 3541; x_wconf 92' lang='lat'>:</span> <span class='ocrx_word' id='word_1_566' title='bbox 3127 3486 3271 3554; x_wconf 90' lang='lat' dir='ltr'><strong>quod</strong></span> <span class='ocrx_word' id='word_1_567' title='bbox 3322 3495 3377 3540; x_wconf 88' lang='lat' dir='ltr'><strong>et</strong></span> <span class='ocrx_word' id='word_1_568' title='bbox 3411 3487 3540 3542; x_wconf 90' lang='lat' dir='ltr'><strong>alibi</strong></span> 
     </span>
    </p>
   </div>
   <div class='ocr_carea' id='block_1_79' title="bbox 1972 3577 3546 3647">
    <p class='ocr_par' dir='ltr' id='par_1_79' title="bbox 1972 3577 3546 3647">
     <span class='ocr_line' id='line_1_80' title="bbox 1972 3577 3546 3647; baseline 0.001 -15"><span class='ocrx_word' id='word_1_569' title='bbox 1972 3578 2174 3633; x_wconf 89' lang='lat' dir='ltr'><strong>factum</strong></span> <span class='ocrx_word' id='word_1_570' title='bbox 2196 3577 2630 3634; x_wconf 84' lang='lat' dir='ltr'><strong>observabimus.</strong></span> <span class='ocrx_word' id='word_1_571' title='bbox 2664 3580 2806 3633; x_wconf 89' lang='lat' dir='ltr'><strong>Idem</strong></span> <span class='ocrx_word' id='word_1_572' title='bbox 2840 3578 3021 3647; x_wconf 88' lang='lat' dir='ltr'><strong>itaque</strong></span> <span class='ocrx_word' id='word_1_573' title='bbox 3051 3577 3289 3632; x_wconf 87' lang='lat' dir='ltr'><strong>homiliis</strong></span> <span class='ocrx_word' id='word_1_574' title='bbox 3317 3579 3373 3632; x_wconf 83' lang='lat' dir='ltr'><strong>in</strong></span> <span class='ocrx_word' id='word_1_575' title='bbox 3402 3577 3546 3633; x_wconf 83' lang='lat' dir='ltr'><strong>Levi-</strong></span> 
     </span>
    </p>
   </div>
   <div class='ocr_carea' id='block_1_80' title="bbox 1971 3670 3544 3741">
    <p class='ocr_par' dir='ltr' id='par_1_80' title="bbox 1971 3670 3544 3741">
     <span class='ocr_line' id='line_1_81' title="bbox 1971 3670 3544 3741; baseline 0.002 -18"><span class='ocrx_word' id='word_1_576' title='bbox 1971 3671 2129 3725; x_wconf 82' lang='lat' dir='ltr'><strong>ticum</strong></span> <span class='ocrx_word' id='word_1_577' title='bbox 2153 3670 2460 3740; x_wconf 77' lang='lat' dir='ltr'><strong>contigisse,</strong></span> <span class='ocrx_word' id='word_1_578' title='bbox 2490 3680 2547 3725; x_wconf 91' lang='lat' dir='ltr'><strong>et</strong></span> <span class='ocrx_word' id='word_1_579' title='bbox 2591 3686 2688 3741; x_wconf 90' lang='lat' dir='ltr'><strong>pro</strong></span> <span class='ocrx_word' id='word_1_580' title='bbox 2716 3671 3070 3739; x_wconf 88' lang='lat' dir='ltr'><strong>interpretum</strong></span> <span class='ocrx_word' id='word_1_581' title='bbox 3112 3670 3544 3726; x_wconf 85' lang='lat' dir='ltr'><strong>studiosorumve</strong></span> 
     </span>
    </p>
   </div>
   <div class='ocr_carea' id='block_1_81' title="bbox 1971 3761 3545 3823">
    <p class='ocr_par' dir='ltr' id='par_1_81' title="bbox 1971 3761 3545 3823">
     <span class='ocr_line' id='line_1_82' title="bbox 1971 3761 3545 3823; baseline 0 -7"><span class='ocrx_word' id='word_1_582' title='bbox 1971 3762 2123 3818; x_wconf 91' lang='lat' dir='ltr'><strong>libitu</strong></span> <span class='ocrx_word' id='word_1_583' title='bbox 2153 3763 2321 3821; x_wconf 84' lang='lat' dir='ltr'><strong>variis</strong></span> <span class='ocrx_word' id='word_1_584' title='bbox 2356 3764 2527 3823; x_wconf 88' lang='lat' dir='ltr'><strong>modis</strong></span> <span class='ocrx_word' id='word_1_585' title='bbox 2557 3762 2722 3818; x_wconf 85' lang='lat' dir='ltr'><strong>fuisse</strong></span> <span class='ocrx_word' id='word_1_586' title='bbox 2753 3762 2982 3819; x_wconf 87' lang='lat' dir='ltr'><strong>selectas</strong></span> <span class='ocrx_word' id='word_1_587' title='bbox 3018 3770 3075 3817; x_wconf 90' lang='lat' dir='ltr'><strong>et</strong></span> <span class='ocrx_word' id='word_1_588' title='bbox 3120 3761 3392 3817; x_wconf 87' lang='lat' dir='ltr'><strong>ordinatas</strong></span> <span class='ocrx_word' id='word_1_589' title='bbox 3430 3763 3545 3817; x_wconf 81' lang='lat' dir='ltr'><strong>exi-</strong></span> 
     </span>
    </p>
   </div>
   <div class='ocr_carea' id='block_1_82' title="bbox 1969 3852 2592 3922">
    <p class='ocr_par' dir='ltr' id='par_1_82' title="bbox 1969 3852 2592 3922">
     <span class='ocr_line' id='line_1_83' title="bbox 1969 3852 2592 3922; baseline -0.005 -14"><span class='ocrx_word' id='word_1_590' title='bbox 1969 3854 2192 3908; x_wconf 87' lang='lat' dir='ltr'><strong>stimare</strong></span> <span class='ocrx_word' id='word_1_591' title='bbox 2220 3852 2458 3922; x_wconf 81' lang='lat' dir='ltr'><strong>proclive</strong></span> <span class='ocrx_word' id='word_1_592' title='bbox 2487 3862 2592 3907; x_wconf 85' lang='lat' dir='ltr'><strong>est.</strong></span> 
     </span>
    </p>
   </div>
   <div class='ocr_carea' id='block_1_83' title="bbox 2043 3941 3544 4015">
    <p class='ocr_par' dir='ltr' id='par_1_83' title="bbox 2043 3941 3544 4015">
     <span class='ocr_line' id='line_1_84' title="bbox 2043 3941 3544 4015; baseline -0.001 -16"><span class='ocrx_word' id='word_1_593' title='bbox 2043 3945 2131 4001; x_wconf 81' lang='lat' dir='ltr'><strong>iV.</strong></span> <span class='ocrx_word' id='word_1_594' title='bbox 2160 3945 2239 4000; x_wconf 80' lang='lat' dir='ltr'><strong>Ex</strong></span> <span class='ocrx_word' id='word_1_595' title='bbox 2289 3945 2514 4015; x_wconf 78' lang='lat' dir='ltr'><strong>Prologu</strong></span> <span class='ocrx_word' id='word_1_596' title='bbox 2545 3958 2706 4013; x_wconf 85' lang='lat' dir='ltr'><strong>quem</strong></span> <span class='ocrx_word' id='word_1_597' title='bbox 2743 3941 2974 4011; x_wconf 59' lang='lat' dir='ltr'><strong>preﬁin</strong></span> <span class='ocrx_word' id='word_1_598' title='bbox 3004 3941 3235 3998; x_wconf 85' lang='lat' dir='ltr'><strong>Rufinus</strong></span> <span class='ocrx_word' id='word_1_599' title='bbox 3280 3944 3544 4013; x_wconf 88' lang='lat' dir='ltr'><strong>interpre-</strong></span> 
     </span>
    </p>
   </div>
   <div class='ocr_carea' id='block_1_84' title="bbox 1976 4032 3547 4105">
    <p class='ocr_par' dir='ltr' id='par_1_84' title="bbox 1976 4032 3547 4105">
     <span class='ocr_line' id='line_1_85' title="bbox 1976 4032 3547 4105; baseline -0.002 -15"><span class='ocrx_word' id='word_1_600' title='bbox 1976 4037 2163 4093; x_wconf 83' lang='lat' dir='ltr'><strong>tationi</strong></span> <span class='ocrx_word' id='word_1_601' title='bbox 2204 4052 2334 4102; x_wconf 63' lang='lat' dir='ltr'><strong>sum,</strong></span> <span class='ocrx_word' id='word_1_602' title='bbox 2367 4044 2489 4090; x_wconf 95' lang='lat' dir='ltr'><strong>octo</strong></span> <span class='ocrx_word' id='word_1_603' title='bbox 2508 4044 2563 4088; x_wconf 86' lang='lat' dir='ltr'><strong>et</strong></span> <span class='ocrx_word' id='word_1_604' title='bbox 2596 4035 2785 4105; x_wconf 86' lang='lat' dir='ltr'><strong>viginti</strong></span> <span class='ocrx_word' id='word_1_605' title='bbox 2831 4033 3176 4089; x_wconf 88' lang='lat' dir='ltr'><strong>homiliarum</strong></span> <span class='ocrx_word' id='word_1_606' title='bbox 3208 4032 3458 4105; x_wconf 88' lang='lat' dir='ltr'><strong>Origeuis</strong></span> <span class='ocrx_word' id='word_1_607' title='bbox 3490 4034 3547 4087; x_wconf 81' lang='lat' dir='ltr'><strong>in</strong></span> 
     </span>
    </p>
   </div>
   <div class='ocr_carea' id='block_1_85' title="bbox 1976 4125 3548 4195">
    <p class='ocr_par' dir='ltr' id='par_1_85' title="bbox 1976 4125 3548 4195">
     <span class='ocr_line' id='line_1_86' title="bbox 1976 4125 3548 4195; baseline -0.003 -12"><span class='ocrx_word' id='word_1_608' title='bbox 1976 4127 2266 4194; x_wconf 82' lang='lat' dir='ltr'><strong>Numeros,</strong></span> <span class='ocrx_word' id='word_1_609' title='bbox 2300 4143 2421 4195; x_wconf 78' lang='lat' dir='ltr'><strong>quae</strong></span> <span class='ocrx_word' id='word_1_610' title='bbox 2458 4128 2524 4180; x_wconf 91' lang='lat' dir='ltr'><strong>ad</strong></span> <span class='ocrx_word' id='word_1_611' title='bbox 2555 4126 2695 4181; x_wconf 88' lang='lat' dir='ltr'><strong>hanc</strong></span> <span class='ocrx_word' id='word_1_612' title='bbox 2738 4125 2879 4181; x_wconf 91' lang='lat' dir='ltr'><strong>diem</strong></span> <span class='ocrx_word' id='word_1_613' title='bbox 2928 4135 3234 4195; x_wconf 89' lang='lat' dir='ltr'><strong>supersunt,</strong></span> <span class='ocrx_word' id='word_1_614' title='bbox 3260 4135 3314 4179; x_wconf 91' lang='lat' dir='ltr'><strong>et</strong></span> <span class='ocrx_word' id='word_1_615' title='bbox 3337 4139 3400 4179; x_wconf 78' lang='lat' dir='ltr'><strong>ex</strong></span> <span class='ocrx_word' id='word_1_616' title='bbox 3432 4127 3548 4194; x_wconf 82' lang='lat' dir='ltr'><strong>ipso</strong></span> 
     </span>
    </p>
   </div>
   <div class='ocr_carea' id='block_1_86' title="bbox 1970 4217 3551 4291">
    <p class='ocr_par' dir='ltr' id='par_1_86' title="bbox 1970 4217 3551 4291">
     <span class='ocr_line' id='line_1_87' title="bbox 1970 4217 3551 4291; baseline -0.004 -14"><span class='ocrx_word' id='word_1_617' title='bbox 1970 4221 2135 4277; x_wconf 89' lang='lat' dir='ltr'><strong>etiam</strong></span> <span class='ocrx_word' id='word_1_618' title='bbox 2166 4220 2306 4291; x_wconf 89' lang='lat' dir='ltr'><strong>stylo</strong></span> <span class='ocrx_word' id='word_1_619' title='bbox 2363 4219 2674 4289; x_wconf 85' lang='lat' dir='ltr'><strong>intelligitur</strong></span> <span class='ocrx_word' id='word_1_620' title='bbox 2724 4220 3073 4275; x_wconf 87' lang='lat' dir='ltr'><strong>vehementer</strong></span> <span class='ocrx_word' id='word_1_621' title='bbox 3129 4233 3222 4273; x_wconf 90' lang='lat' dir='ltr'><strong>eos</strong></span> <span class='ocrx_word' id='word_1_622' title='bbox 3269 4217 3403 4283; x_wconf 85' lang='lat' dir='ltr'><strong>falli,</strong></span> <span class='ocrx_word' id='word_1_623' title='bbox 3429 4218 3551 4288; x_wconf 91' lang='lat' dir='ltr'><strong>qui-</strong></span> 
     </span>
    </p>
   </div>
   <div class='ocr_carea' id='block_1_87' title="bbox 291 4309 3546 4389">
    <p class='ocr_par' dir='ltr' id='par_1_87' title="bbox 291 4309 3546 4389">
     <span class='ocr_line' id='line_1_88' title="bbox 291 4309 3546 4389; baseline -0.004 -15"><span class='ocrx_word' id='word_1_624' title='bbox 291 4319 718 4389; x_wconf 87' lang='lat' dir='ltr'><strong>interpretandis</strong></span> <span class='ocrx_word' id='word_1_625' title='bbox 752 4316 988 4373; x_wconf 84' lang='lat' dir='ltr'><strong>homiliis</strong></span> <span class='ocrx_word' id='word_1_626' title='bbox 1022 4314 1152 4380; x_wconf 83' lang='lat' dir='ltr'><strong>illis,</strong></span> <span class='ocrx_word' id='word_1_627' title='bbox 1196 4323 1251 4370; x_wconf 90' lang='lat' dir='ltr'><strong>et</strong></span> <span class='ocrx_word' id='word_1_628' title='bbox 1285 4330 1405 4383; x_wconf 59' lang='lat' dir='ltr'><strong>qua;</strong></span> <span class='ocrx_word' id='word_1_629' title='bbox 1434 4315 1489 4368; x_wconf 86' lang='lat' dir='ltr'><strong>in</strong></span> <span class='ocrx_word' id='word_1_630' title='bbox 1514 4312 1777 4379; x_wconf 79' lang='lat' dir='ltr'><strong>Genest&#39;m,</strong></span> <span class='ocrx_word' id='word_1_631' title='bbox 1816 4326 1875 4370; x_wconf 92' lang='lat' dir='ltr'><strong>et</strong></span> <span class='ocrx_word' id='word_1_632' title='bbox 1974 4330 2186 4384; x_wconf 89' lang='lat' dir='ltr'><strong>cunque</strong></span> <span class='ocrx_word' id='word_1_633' title='bbox 2213 4314 2376 4368; x_wconf 90' lang='lat' dir='ltr'><strong>alium</strong></span> <span class='ocrx_word' id='word_1_634' title='bbox 2406 4313 2755 4381; x_wconf 89' lang='lat' dir='ltr'><strong>interpretem</strong></span> <span class='ocrx_word' id='word_1_635' title='bbox 2772 4312 3052 4381; x_wconf 90' lang='lat' dir='ltr'><strong>assignant</strong></span> <span class='ocrx_word' id='word_1_636' title='bbox 3083 4327 3244 4383; x_wconf 85' lang='lat' dir='ltr'><strong>quam</strong></span> <span class='ocrx_word' id='word_1_637' title='bbox 3272 4309 3546 4365; x_wconf 86' lang='lat' dir='ltr'><strong>Ruﬁnum.</strong></span> 
     </span>
    </p>
   </div>
   <div class='ocr_carea' id='block_1_88' title="bbox 292 4402 1867 4481">
    <p class='ocr_par' dir='ltr' id='par_1_88' title="bbox 292 4402 1867 4481">
     <span class='ocr_line' id='line_1_89' title="bbox 292 4402 1867 4481; baseline -0.001 -19"><span class='ocrx_word' id='word_1_638' title='bbox 292 4426 420 4481; x_wconf 64' lang='lat' dir='ltr'><strong>qua:</strong></span> <span class='ocrx_word' id='word_1_639' title='bbox 472 4411 524 4463; x_wconf 84' lang='lat' dir='ltr'><strong>in</strong></span> <span class='ocrx_word' id='word_1_640' title='bbox 552 4407 794 4464; x_wconf 73' lang='lat' dir='ltr'><strong>Exodum</strong></span> <span class='ocrx_word' id='word_1_641' title='bbox 841 4406 1036 4462; x_wconf 66' lang='lat' dir='ltr'><strong>habitae</strong></span> <span class='ocrx_word' id='word_1_642' title='bbox 1070 4413 1195 4461; x_wconf 89' lang='lat' dir='ltr'><strong>sunt</strong></span> <span class='ocrx_word' id='word_1_643' title='bbox 1241 4420 1300 4461; x_wconf 85' lang='lat' dir='ltr'><strong>se</strong></span> <span class='ocrx_word' id='word_1_644' title='bbox 1346 4404 1572 4475; x_wconf 77' lang='lat' dir='ltr'><strong>gesserit</strong></span> <span class='ocrx_word' id='word_1_645' title='bbox 1620 4402 1867 4470; x_wconf 81' lang='lat' dir='ltr'><strong>Ruﬁnus,</strong></span> 
     </span>
    </p>
   </div>
   <div class='ocr_carea' id='block_1_89' title="bbox 1979 4402 3563 4475">
    <p class='ocr_par' dir='ltr' id='par_1_89' title="bbox 1979 4402 3563 4475">
     <span class='ocr_line' id='line_1_90' title="bbox 1979 4402 3563 4475; baseline -0.004 -15"><span class='ocrx_word' id='word_1_646' title='bbox 1979 4427 1996 4460; x_wconf 78' lang='grc' dir='ltr'>ι</span> <span class='ocrx_word' id='word_1_647' title='bbox 2039 4408 2403 4475; x_wconf 62' lang='lat' dir='ltr'><strong>Quaecunque,</strong></span> <span class='ocrx_word' id='word_1_648' title='bbox 2452 4405 2646 4475; x_wconf 86' lang='lat' dir='ltr'><strong>inquit,</strong></span> <span class='ocrx_word' id='word_1_649' title='bbox 2707 4404 2761 4459; x_wconf 90' lang='lat' dir='ltr'><strong>in</strong></span> <span class='ocrx_word' id='word_1_650' title='bbox 2813 4403 3173 4461; x_wconf 83' lang='lat' dir='ltr'><strong>Numerorum</strong></span> <span class='ocrx_word' id='word_1_651' title='bbox 3222 4402 3381 4470; x_wconf 86' lang='lat' dir='ltr'><strong>libro,</strong></span> <span class='ocrx_word' id='word_1_652' title='bbox 3436 4404 3563 4456; x_wconf 88' lang='lat' dir='ltr'><strong>sive.</strong></span> 
     </span>
    </p>
   </div>
   <div class='ocr_carea' id='block_1_90' title="bbox 291 4493 3559 4579">
    <p class='ocr_par' dir='ltr' id='par_1_90' title="bbox 291 4493 3559 4579">
     <span class='ocr_line' id='line_1_91' title="bbox 291 4493 3559 4579; baseline -0.003 -21"><span class='ocrx_word' id='word_1_653' title='bbox 291 4504 412 4572; x_wconf 85' lang='lat' dir='ltr'><strong>ipse</strong></span> <span class='ocrx_word' id='word_1_654' title='bbox 457 4500 697 4556; x_wconf 87' lang='lat' dir='ltr'><strong>declarat</strong></span> <span class='ocrx_word' id='word_1_655' title='bbox 748 4499 800 4552; x_wconf 90' lang='lat' dir='ltr'><strong>in</strong></span> <span class='ocrx_word' id='word_1_656' title='bbox 828 4496 1166 4567; x_wconf 87' lang='lat' dir='ltr'><strong>peroratione</strong></span> <span class='ocrx_word' id='word_1_657' title='bbox 1197 4511 1319 4553; x_wconf 83' lang='lat' dir='ltr'><strong>mox</strong></span> <span class='ocrx_word' id='word_1_658' title='bbox 1347 4495 1510 4549; x_wconf 90' lang='lat' dir='ltr'><strong>citata</strong></span> <span class='ocrx_word' id='word_1_659' title='bbox 1542 4513 1556 4549; x_wconf 89' lang='lat'><strong>:</strong></span> <span class='ocrx_word' id='word_1_660' title='bbox 1623 4513 1642 4546; x_wconf 76' lang='grc' dir='ltr'>ι</span> <span class='ocrx_word' id='word_1_661' title='bbox 1674 4493 1872 4550; x_wconf 85' lang='lat' dir='ltr'><strong>Fateor</strong></span> <span class='ocrx_word' id='word_1_662' title='bbox 1906 4523 1949 4579; x_wconf 74' lang='grc' dir='ltr'><strong>ι)</strong></span> <span class='ocrx_word' id='word_1_663' title='bbox 1978 4498 2312 4554; x_wconf 91' lang='lat' dir='ltr'><strong>homiliatico</strong></span> <span class='ocrx_word' id='word_1_664' title='bbox 2362 4494 2525 4566; x_wconf 82' lang='lat' dir='ltr'><strong>stylo,</strong></span> <span class='ocrx_word' id='word_1_665' title='bbox 2563 4494 2677 4549; x_wconf 90' lang='lat' dir='ltr'><strong>sive</strong></span> <span class='ocrx_word' id='word_1_666' title='bbox 2709 4495 2871 4548; x_wconf 86' lang='lat' dir='ltr'><strong>etiam</strong></span> <span class='ocrx_word' id='word_1_667' title='bbox 2908 4509 2972 4549; x_wconf 79' lang='lat' dir='ltr'><strong>ex</strong></span> <span class='ocrx_word' id='word_1_668' title='bbox 3013 4495 3097 4550; x_wconf 80' lang='lat' dir='ltr'><strong>his</strong></span> <span class='ocrx_word' id='word_1_669' title='bbox 3128 4508 3248 4563; x_wconf 71' lang='lat' dir='ltr'><strong>quae</strong></span> <span class='ocrx_word' id='word_1_670' title='bbox 3283 4494 3559 4563; x_wconf 70' lang='lat' dir='ltr'><strong>Excerpta</strong></span> 
     </span>
    </p>
   </div>
   <div class='ocr_carea' id='block_1_91' title="bbox 293 4587 1873 4660">
    <p class='ocr_par' dir='ltr' id='par_1_91' title="bbox 293 4587 1873 4660">
     <span class='ocr_line' id='line_1_92' title="bbox 293 4587 1873 4660; baseline -0.003 -12"><span class='ocrx_word' id='word_1_671' title='bbox 293 4606 551 4660; x_wconf 84' lang='lat' dir='ltr'><strong>namque,</strong></span> <span class='ocrx_word' id='word_1_672' title='bbox 582 4589 797 4645; x_wconf 82' lang='lat' dir='ltr'><strong>Heracli</strong></span> <span class='ocrx_word' id='word_1_673' title='bbox 828 4588 997 4644; x_wconf 81' lang='lat' dir='ltr'><strong>frater</strong></span> <span class='ocrx_word' id='word_1_674' title='bbox 1020 4587 1419 4653; x_wconf 82' lang='lat' dir='ltr'><strong>amantissime,</strong></span> <span class='ocrx_word' id='word_1_675' title='bbox 1444 4587 1588 4656; x_wconf 92' lang='lat' dir='ltr'><strong>quod</strong></span> <span class='ocrx_word' id='word_1_676' title='bbox 1612 4587 1735 4641; x_wconf 84' lang='lat' dir='ltr'><strong>dum</strong></span> <span class='ocrx_word' id='word_1_677' title='bbox 1767 4589 1873 4643; x_wconf 77' lang='lat' dir='ltr'><strong>tuis</strong></span> 
     </span>
    </p>
   </div>
   <div class='ocr_carea' id='block_1_92' title="bbox 297 4678 1869 4749">
    <p class='ocr_par' dir='ltr' id='par_1_92' title="bbox 297 4678 1869 4749">
     <span class='ocr_line' id='line_1_93' title="bbox 297 4678 1869 4749; baseline -0.004 -10"><span class='ocrx_word' id='word_1_678' title='bbox 297 4682 589 4739; x_wconf 84' lang='lat' dir='ltr'><strong>desideriis</strong></span> <span class='ocrx_word' id='word_1_679' title='bbox 613 4680 930 4736; x_wconf 81' lang='lat' dir='ltr'><strong>satisfacere</strong></span> <span class='ocrx_word' id='word_1_680' title='bbox 953 4680 1136 4749; x_wconf 88' lang='lat' dir='ltr'><strong>cupio,</strong></span> <span class='ocrx_word' id='word_1_681' title='bbox 1164 4678 1366 4734; x_wconf 89' lang='lat' dir='ltr'><strong>oblitus</strong></span> <span class='ocrx_word' id='word_1_682' title='bbox 1392 4694 1511 4735; x_wconf 86' lang='lat' dir='ltr'><strong>sum</strong></span> <span class='ocrx_word' id='word_1_683' title='bbox 1546 4694 1680 4747; x_wconf 89' lang='lat' dir='ltr'><strong>pene</strong></span> <span class='ocrx_word' id='word_1_684' title='bbox 1712 4695 1869 4733; x_wconf 89' lang='lat' dir='ltr'><strong>man-</strong></span> 
     </span>
    </p>
   </div>
   <div class='ocr_carea' id='block_1_93' title="bbox 294 4770 1871 4844">
    <p class='ocr_par' dir='ltr' id='par_1_93' title="bbox 294 4770 1871 4844">
     <span class='ocr_line' id='line_1_94' title="bbox 294 4770 1871 4844; baseline -0.003 -14"><span class='ocrx_word' id='word_1_685' title='bbox 294 4775 410 4830; x_wconf 84' lang='lat' dir='ltr'><strong>dati</strong></span> <span class='ocrx_word' id='word_1_686' title='bbox 446 4790 555 4844; x_wconf 84' lang='lat' dir='ltr'><strong>quo</strong></span> <span class='ocrx_word' id='word_1_687' title='bbox 596 4773 934 4843; x_wconf 69' lang='lat' dir='ltr'><strong>praecipitur:</strong></span> <span class='ocrx_word' id='word_1_688' title='bbox 958 4770 1105 4826; x_wconf 86' lang='lat' dir='ltr'><strong>Onus</strong></span> <span class='ocrx_word' id='word_1_689' title='bbox 1131 4788 1297 4841; x_wconf 67' lang='lat' dir='ltr'><strong>supra</strong></span> <span class='ocrx_word' id='word_1_690' title='bbox 1328 4773 1459 4829; x_wconf 81' lang='lat' dir='ltr'><strong>vires</strong></span> <span class='ocrx_word' id='word_1_691' title='bbox 1490 4784 1608 4825; x_wconf 83' lang='lat' dir='ltr'><strong>tuas</strong></span> <span class='ocrx_word' id='word_1_692' title='bbox 1638 4787 1701 4825; x_wconf 80' lang='lat' dir='ltr'><strong>ne</strong></span> <span class='ocrx_word' id='word_1_693' title='bbox 1729 4771 1871 4825; x_wconf 78' lang='lat' dir='ltr'><strong>lera-</strong></span> 
     </span>
    </p>
   </div>
   <div class='ocr_carea' id='block_1_94' title="bbox 294 4862 1868 4932">
    <p class='ocr_par' dir='ltr' id='par_1_94' title="bbox 294 4862 1868 4932">
     <span class='ocr_line' id='line_1_95' title="bbox 294 4862 1868 4932; baseline -0.002 -12"><span class='ocrx_word' id='word_1_694' title='bbox 294 4868 438 4923; x_wconf 64' lang='grc' dir='ltr'><strong>νοτὶς</strong></span> <span class='ocrx_word' id='word_1_695' title='bbox 464 4866 553 4926; x_wconf 82' lang='grc'><strong>⁸⁰;</strong></span> <span class='ocrx_word' id='word_1_696' title='bbox 598 4865 842 4932; x_wconf 86' lang='lat' dir='ltr'><strong>quamvis</strong></span> <span class='ocrx_word' id='word_1_697' title='bbox 886 4862 1041 4919; x_wconf 88' lang='lat' dir='ltr'><strong>nobis</strong></span> <span class='ocrx_word' id='word_1_698' title='bbox 1078 4879 1179 4921; x_wconf 88' lang='lat' dir='ltr'><strong>nec</strong></span> <span class='ocrx_word' id='word_1_699' title='bbox 1222 4863 1276 4917; x_wconf 90' lang='lat' dir='ltr'><strong>in</strong></span> <span class='ocrx_word' id='word_1_700' title='bbox 1319 4863 1530 4917; x_wconf 69' lang='lat' dir='ltr'><strong>caeteris</strong></span> <span class='ocrx_word' id='word_1_701' title='bbox 1558 4878 1677 4930; x_wconf 68' lang='lat' dir='ltr'><strong>qua;</strong></span> <span class='ocrx_word' id='word_1_702' title='bbox 1706 4874 1756 4918; x_wconf 82' lang='lat' dir='ltr'><strong>te</strong></span> <span class='ocrx_word' id='word_1_703' title='bbox 1788 4865 1868 4917; x_wconf 80' lang='lat' dir='ltr'><strong>in—</strong></span> 
     </span>
    </p>
   </div>
   <div class='ocr_carea' id='block_1_95' title="bbox 297 4938 1872 5027">
    <p class='ocr_par' dir='ltr' id='par_1_95' title="bbox 297 4938 1872 5027">
     <span class='ocr_line' id='line_1_96' title="bbox 297 4938 1872 5027; baseline -0.005 -11"><span class='ocrx_word' id='word_1_704' title='bbox 297 4938 549 5025; x_wconf 83' lang='lat' dir='ltr'><strong>sistente,</strong></span> <span class='ocrx_word' id='word_1_705' title='bbox 586 4959 693 5012; x_wconf 92' lang='lat' dir='ltr'><strong>imo</strong></span> <span class='ocrx_word' id='word_1_706' title='bbox 722 4954 901 5027; x_wconf 85' lang='lat' dir='ltr'><strong>potius</strong></span> <span class='ocrx_word' id='word_1_707' title='bbox 931 4971 1156 5025; x_wconf 90' lang='lat' dir='ltr'><strong>pensum</strong></span> <span class='ocrx_word' id='word_1_708' title='bbox 1183 4954 1361 5009; x_wconf 83' lang='lat' dir='ltr'><strong>diurni</strong></span> <span class='ocrx_word' id='word_1_709' title='bbox 1394 4955 1572 5023; x_wconf 89' lang='lat' dir='ltr'><strong>operis</strong></span> <span class='ocrx_word' id='word_1_710' title='bbox 1601 4955 1872 5026; x_wconf 80' lang='lat' dir='ltr'><strong>exigente,</strong></span> 
     </span>
    </p>
   </div>
   <div class='ocr_carea' id='block_1_96' title="bbox 294 5045 1881 5117">
    <p class='ocr_par' dir='ltr' id='par_1_96' title="bbox 294 5045 1881 5117">
     <span class='ocr_line' id='line_1_97' title="bbox 294 5045 1881 5117; baseline -0.003 -10"><span class='ocrx_word' id='word_1_711' title='bbox 294 5053 360 5107; x_wconf 78' lang='lat' dir='ltr'><strong>in</strong></span> <span class='ocrx_word' id='word_1_712' title='bbox 380 5050 631 5106; x_wconf 83' lang='lat' dir='ltr'><strong>Latinum</strong></span> <span class='ocrx_word' id='word_1_713' title='bbox 655 5050 938 5117; x_wconf 81' lang='lat' dir='ltr'><strong>vertimus,</strong></span> <span class='ocrx_word' id='word_1_714' title='bbox 978 5047 1213 5102; x_wconf 88' lang='lat' dir='ltr'><strong>defuerit</strong></span> <span class='ocrx_word' id='word_1_715' title='bbox 1240 5045 1503 5115; x_wconf 81' lang='lat' dir='ltr'><strong>plurimus</strong></span> <span class='ocrx_word' id='word_1_716' title='bbox 1543 5045 1715 5111; x_wconf 76' lang='lat' dir='ltr'><strong>labor,</strong></span> <span class='ocrx_word' id='word_1_717' title='bbox 1747 5047 1881 5104; x_wconf 77' lang='lat' dir='ltr'><strong>dum</strong></span> 
     </span>
    </p>
   </div>
   <div class='ocr_carea' id='block_1_97' title="bbox 374 5190 861 5257">
    <p class='ocr_par' dir='ltr' id='par_1_97' title="bbox 374 5190 861 5257">
     <span class='ocr_line' id='line_1_98' title="bbox 374 5190 861 5257; baseline -0.004 -10"><span class='ocrx_word' id='word_1_718' title='bbox 374 5194 422 5228; x_wconf 79' lang='grc'><strong>⁵⁸</strong></span> <span class='ocrx_word' id='word_1_719' title='bbox 450 5193 616 5248; x_wconf 82' lang='lat' dir='ltr'><strong>Eccli.</strong></span> <span class='ocrx_word' id='word_1_720' title='bbox 656 5208 775 5257; x_wconf 79' lang='lat' dir='ltr'><strong>xm,</strong></span> <span class='ocrx_word' id='word_1_721' title='bbox 804 5190 861 5245; x_wconf 75' lang='grc'><strong>2.</strong></span> 
     </span>
    </p>
   </div>
   <div class='ocr_carea' id='block_1_98' title="bbox 297 5322 1886 5398">
    <p class='ocr_par' dir='ltr' id='par_1_98' title="bbox 297 5322 1886 5398">
     <span class='ocr_line' id='line_1_99' title="bbox 297 5322 1886 5398; baseline -0.008 -10"><span class='ocrx_word' id='word_1_722' title='bbox 297 5340 476 5396; x_wconf 75' lang='lat' dir='ltr'><strong>ratas,</strong></span> <span class='ocrx_word' id='word_1_723' title='bbox 504 5339 559 5384; x_wconf 85' lang='lat' dir='ltr'><strong>et</strong></span> <span class='ocrx_word' id='word_1_724' title='bbox 585 5330 651 5383; x_wconf 90' lang='lat' dir='ltr'><strong>ab</strong></span> <span class='ocrx_word' id='word_1_725' title='bbox 686 5328 923 5398; x_wconf 85' lang='lat' dir='ltr'><strong>Origene</strong></span> <span class='ocrx_word' id='word_1_726' title='bbox 967 5325 1107 5398; x_wconf 81' lang='lat' dir='ltr'><strong>ipso,</strong></span> <span class='ocrx_word' id='word_1_727' title='bbox 1155 5339 1261 5377; x_wconf 83' lang='lat' dir='ltr'><strong>non</strong></span> <span class='ocrx_word' id='word_1_728' title='bbox 1293 5326 1361 5380; x_wconf 91' lang='lat' dir='ltr'><strong>ab</strong></span> <span class='ocrx_word' id='word_1_729' title='bbox 1407 5323 1667 5398; x_wconf 85' lang='lat' dir='ltr'><strong>actuariis</strong></span> <span class='ocrx_word' id='word_1_730' title='bbox 1693 5322 1886 5398; x_wconf 76' lang='lat' dir='ltr'><strong>editas,</strong></span> 
     </span>
    </p>
   </div>
   <div class='ocr_carea' id='block_1_99' title="bbox 298 5393 1889 5465">
    <p class='ocr_par' dir='ltr' id='par_1_99' title="bbox 298 5393 1889 5465">
     <span class='ocr_line' id='line_1_100' title="bbox 298 5393 1889 5465; baseline -0.007 -8"><span class='ocrx_word' id='word_1_731' title='bbox 298 5404 364 5458; x_wconf 85' lang='lat' dir='ltr'><strong>id</strong></span> <span class='ocrx_word' id='word_1_732' title='bbox 423 5393 555 5455; x_wconf 87' lang='lat' dir='ltr'><strong>sane</strong></span> <span class='ocrx_word' id='word_1_733' title='bbox 611 5393 812 5453; x_wconf 59' lang='lat' dir='ltr'><strong>dubito&#39;</strong></span> <span class='ocrx_word' id='word_1_734' title='bbox 852 5415 920 5451; x_wconf 91' lang='lat' dir='ltr'><strong>au</strong></span> <span class='ocrx_word' id='word_1_735' title='bbox 991 5393 1309 5465; x_wconf 84' lang='lat' dir='ltr'><strong>cujusquam</strong></span> <span class='ocrx_word' id='word_1_736' title='bbox 1354 5394 1558 5465; x_wconf 81' lang='lat' dir='ltr'><strong>veteris</strong></span> <span class='ocrx_word' id='word_1_737' title='bbox 1609 5393 1889 5465; x_wconf 83' lang='lat' dir='ltr'><strong>scriptoris</strong></span> 
     </span>
    </p>
   </div>
   <div class='ocr_carea' id='block_1_100' title="bbox 298 5463 1888 5538">
    <p class='ocr_par' dir='ltr' id='par_1_100' title="bbox 298 5463 1888 5538">
     <span class='ocr_line' id='line_1_101' title="bbox 298 5463 1888 5538; baseline -0.006 -11"><span class='ocrx_word' id='word_1_738' title='bbox 298 5472 637 5527; x_wconf 84' lang='lat' dir='ltr'><strong>auctoritate</strong></span> <span class='ocrx_word' id='word_1_739' title='bbox 692 5470 924 5538; x_wconf 86' lang='lat' dir='ltr'><strong>probare</strong></span> <span class='ocrx_word' id='word_1_740' title='bbox 987 5463 1276 5538; x_wconf 60' lang='lat' dir='ltr'><strong>potuisset.</strong></span> <span class='ocrx_word' id='word_1_741' title='bbox 1336 5464 1495 5538; x_wconf 82' lang='lat' dir='ltr'><strong>Certe</strong></span> <span class='ocrx_word' id='word_1_742' title='bbox 1550 5463 1718 5538; x_wconf 75' lang='lat' dir='ltr'><strong>major</strong></span> <span class='ocrx_word' id='word_1_743' title='bbox 1765 5477 1888 5531; x_wconf 83' lang='lat' dir='ltr'><strong>pars</strong></span> 
     </span>
    </p>
   </div>
   <div class='ocr_carea' id='block_1_101' title="bbox 298 5534 1887 5610">
    <p class='ocr_par' dir='ltr' id='par_1_101' title="bbox 298 5534 1887 5610">
     <span class='ocr_line' id='line_1_102' title="bbox 298 5534 1887 5610; baseline -0.009 -13"><span class='ocrx_word' id='word_1_744' title='bbox 298 5534 707 5610; x_wconf 71' lang='lat' dir='ltr'><strong>septemdecim</strong></span> <span class='ocrx_word' id='word_1_745' title='bbox 740 5534 1091 5610; x_wconf 81' lang='lat' dir='ltr'><strong>bomiliarum</strong></span> <span class='ocrx_word' id='word_1_746' title='bbox 1125 5536 1178 5590; x_wconf 91' lang='lat' dir='ltr'><strong>in</strong></span> <span class='ocrx_word' id='word_1_747' title='bbox 1206 5534 1458 5610; x_wconf 66' lang='lat' dir='ltr'><strong>Genesim</strong></span> <span class='ocrx_word' id='word_1_748' title='bbox 1490 5535 1734 5604; x_wconf 85' lang='lat' dir='ltr'><strong>mysticis</strong></span> <span class='ocrx_word' id='word_1_749' title='bbox 1762 5547 1887 5585; x_wconf 78' lang='lat' dir='ltr'><strong>seu-</strong></span> 
     </span>
    </p>
   </div>
   <div class='ocr_carea' id='block_1_102' title="bbox 300 5606 1888 5677">
    <p class='ocr_par' dir='ltr' id='par_1_102' title="bbox 300 5606 1888 5677">
     <span class='ocr_line' id='line_1_103' title="bbox 300 5606 1888 5677; baseline -0.007 -9"><span class='ocrx_word' id='word_1_750' title='bbox 300 5606 459 5668; x_wconf 73' lang='lat' dir='ltr'><strong>sibus</strong></span> <span class='ocrx_word' id='word_1_751' title='bbox 490 5610 815 5665; x_wconf 88' lang='lat' dir='ltr'><strong>enarrandis</strong></span> <span class='ocrx_word' id='word_1_752' title='bbox 858 5608 1214 5677; x_wconf 85' lang='lat' dir='ltr'><strong>impenditur.</strong></span> <span class='ocrx_word' id='word_1_753' title='bbox 1258 5606 1397 5677; x_wconf 83' lang='lat' dir='ltr'><strong>Quid</strong></span> <span class='ocrx_word' id='word_1_754' title='bbox 1437 5621 1566 5677; x_wconf 88' lang='lat' dir='ltr'><strong>ergo</strong></span> <span class='ocrx_word' id='word_1_755' title='bbox 1614 5619 1710 5677; x_wconf 72' lang='lat' dir='ltr'><strong>cas</strong></span> <span class='ocrx_word' id='word_1_756' title='bbox 1740 5612 1888 5657; x_wconf 89' lang='lat' dir='ltr'><strong>vetat</strong></span> 
     </span>
    </p>
   </div>
   <div class='ocr_carea' id='block_1_103' title="bbox 301 5674 1880 5752">
    <p class='ocr_par' dir='ltr' id='par_1_103' title="bbox 301 5674 1880 5752">
     <span class='ocr_line' id='line_1_104' title="bbox 301 5674 1880 5752; baseline -0.008 -15"><span class='ocrx_word' id='word_1_757' title='bbox 301 5683 565 5752; x_wconf 77' lang='lat' dir='ltr'><strong>mysticae</strong></span> <span class='ocrx_word' id='word_1_758' title='bbox 584 5681 699 5752; x_wconf 71' lang='lat' dir='ltr'><strong>dici</strong></span> <span class='ocrx_word' id='word_1_759' title='bbox 750 5689 805 5735; x_wconf 91' lang='lat' dir='ltr'><strong>et</strong></span> <span class='ocrx_word' id='word_1_760' title='bbox 852 5674 1060 5752; x_wconf 78' lang='lat' dir='ltr'><strong>partem</strong></span> <span class='ocrx_word' id='word_1_761' title='bbox 1111 5676 1462 5747; x_wconf 79' lang='lat' dir='ltr'><strong>mysticorum</strong></span> <span class='ocrx_word' id='word_1_762' title='bbox 1515 5674 1880 5752; x_wconf 62' lang='lat' dir='ltr'><strong>ltotniliarum,</strong></span> 
     </span>
    </p>
   </div>
   <div class='ocr_carea' id='block_1_104' title="bbox 300 5744 1874 5823">
    <p class='ocr_par' dir='ltr' id='par_1_104' title="bbox 300 5744 1874 5823">
     <span class='ocr_line' id='line_1_105' title="bbox 300 5744 1874 5823; baseline -0.006 -17"><span class='ocrx_word' id='word_1_763' title='bbox 300 5744 951 5823; x_wconf 31' lang='lat' dir='ltr'><strong>quiarumuﬂit-rouymus</strong></span> <span class='ocrx_word' id='word_1_764' title='bbox 980 5749 1113 5805; x_wconf 86' lang='lat' dir='ltr'><strong>duos</strong></span> <span class='ocrx_word' id='word_1_765' title='bbox 1146 5744 1728 5823; x_wconf 68' lang='lat' dir='ltr'><strong>commemoratlibros</strong></span> <span class='ocrx_word' id='word_1_766' title='bbox 1749 5744 1790 5823; x_wconf 62' lang='grc' dir='ltr'><strong>’ἒΔ</strong></span> <span class='ocrx_word' id='word_1_767' title='bbox 1865 5813 1874 5823; x_wconf 83' lang='lat'>_</span> 
     </span>
    </p>
   </div>
   <div class='ocr_carea' id='block_1_105' title="bbox 387 5815 1876 5892">
    <p class='ocr_par' dir='ltr' id='par_1_105' title="bbox 387 5815 1876 5892">
     <span class='ocr_line' id='line_1_106' title="bbox 387 5815 1876 5892; baseline -0.006 -16"><span class='ocrx_word' id='word_1_768' title='bbox 387 5819 498 5892; x_wconf 69' lang='grc'><strong>(74)</strong></span> <span class='ocrx_word' id='word_1_769' title='bbox 532 5820 641 5878; x_wconf 77' lang='lat' dir='ltr'><strong>Hoc</strong></span> <span class='ocrx_word' id='word_1_770' title='bbox 663 5821 740 5876; x_wconf 84' lang='lat' dir='ltr'><strong>illi</strong></span> <span class='ocrx_word' id='word_1_771' title='bbox 768 5815 1011 5876; x_wconf 70' lang='lat' dir='ltr'><strong>debemus</strong></span> <span class='ocrx_word' id='word_1_772' title='bbox 1036 5828 1228 5884; x_wconf 76' lang='lat' dir='ltr'><strong>tamen,</strong></span> <span class='ocrx_word' id='word_1_773' title='bbox 1256 5817 1391 5887; x_wconf 68' lang='lat' dir='ltr'><strong>quod</strong></span> <span class='ocrx_word' id='word_1_774' title='bbox 1413 5815 1645 5886; x_wconf 76' lang='lat' dir='ltr'><strong>legitimo</strong></span> <span class='ocrx_word' id='word_1_775' title='bbox 1668 5815 1876 5870; x_wconf 81' lang='lat' dir='ltr'><strong>auctori</strong></span> 
     </span>
    </p>
   </div>
   <div class='ocr_carea' id='block_1_106' title="bbox 1981 4581 3565 4655">
    <p class='ocr_par' dir='ltr' id='par_1_106' title="bbox 1981 4581 3565 4655">
     <span class='ocr_line' id='line_1_107' title="bbox 1981 4581 3565 4655; baseline -0.006 -14"><span class='ocrx_word' id='word_1_776' title='bbox 1981 4586 2343 4655; x_wconf 88' lang='lat' dir='ltr'><strong>appellantur,</strong></span> <span class='ocrx_word' id='word_1_777' title='bbox 2380 4584 2582 4650; x_wconf 86' lang='lat' dir='ltr'><strong>scripta</strong></span> <span class='ocrx_word' id='word_1_778' title='bbox 2624 4582 2947 4649; x_wconf 85' lang='lat' dir='ltr'><strong>reperimus,</strong></span> <span class='ocrx_word' id='word_1_779' title='bbox 2992 4581 3107 4636; x_wconf 66' lang='lat' dir='ltr'><strong>haec</strong></span> <span class='ocrx_word' id='word_1_780' title='bbox 3152 4588 3471 4649; x_wconf 85' lang='lat' dir='ltr'><strong>perurgente</strong></span> <span class='ocrx_word' id='word_1_781' title='bbox 3500 4588 3565 4632; x_wconf 66' lang='lat' dir='ltr'><strong>te</strong></span> 
     </span>
    </p>
   </div>
   <div class='ocr_carea' id='block_1_107' title="bbox 1980 4671 3562 4751">
    <p class='ocr_par' dir='ltr' id='par_1_107' title="bbox 1980 4671 3562 4751">
     <span class='ocr_line' id='line_1_108' title="bbox 1980 4671 3562 4751; baseline -0.005 -21"><span class='ocrx_word' id='word_1_782' title='bbox 1980 4678 2286 4751; x_wconf 79' lang='lat' dir='ltr'><strong>(Ursacium</strong></span> <span class='ocrx_word' id='word_1_783' title='bbox 2327 4671 2639 4744; x_wconf 82' lang='lat' dir='ltr'><strong>alloquitur)</strong></span> <span class='ocrx_word' id='word_1_784' title='bbox 2675 4674 2917 4728; x_wconf 87' lang='lat' dir='ltr'><strong>Romana</strong></span> <span class='ocrx_word' id='word_1_785' title='bbox 2942 4681 3000 4726; x_wconf 85' lang='grc' dir='ltr'><strong>ιιι</strong></span> <span class='ocrx_word' id='word_1_786' title='bbox 3033 4673 3305 4742; x_wconf 82' lang='lat' dir='ltr'><strong>potuimus</strong></span> <span class='ocrx_word' id='word_1_787' title='bbox 3336 4684 3467 4724; x_wconf 80' lang='lat' dir='ltr'><strong>voce</strong></span> <span class='ocrx_word' id='word_1_788' title='bbox 3485 4684 3562 4722; x_wconf 67' lang='lat' dir='ltr'><strong>ex</strong></span> 
     </span>
    </p>
   </div>
   <div class='ocr_carea' id='block_1_108' title="bbox 1979 4763 3561 4834">
    <p class='ocr_par' dir='ltr' id='par_1_108' title="bbox 1979 4763 3561 4834">
     <span class='ocr_line' id='line_1_109' title="bbox 1979 4763 3561 4834; baseline -0.009 -9"><span class='ocrx_word' id='word_1_789' title='bbox 1979 4769 2210 4825; x_wconf 86' lang='lat' dir='ltr'><strong>diversis</strong></span> <span class='ocrx_word' id='word_1_790' title='bbox 2263 4769 2316 4823; x_wconf 90' lang='lat' dir='ltr'><strong>in</strong></span> <span class='ocrx_word' id='word_1_791' title='bbox 2366 4782 2532 4821; x_wconf 89' lang='lat' dir='ltr'><strong>unum</strong></span> <span class='ocrx_word' id='word_1_792' title='bbox 2581 4766 2825 4820; x_wconf 88' lang='lat' dir='ltr'><strong>ordinem</strong></span> <span class='ocrx_word' id='word_1_793' title='bbox 2880 4766 3103 4821; x_wconf 88' lang='lat' dir='ltr'><strong>collecta</strong></span> <span class='ocrx_word' id='word_1_794' title='bbox 3148 4763 3487 4834; x_wconf 84' lang='lat' dir='ltr'><strong>digessimus.</strong></span> <span class='ocrx_word' id='word_1_795' title='bbox 3529 4777 3561 4810; x_wconf 64' lang='grc' dir='ltr'><strong><em>μ</em></strong></span> 
     </span>
    </p>
   </div>
   <div class='ocr_carea' id='block_1_109' title="bbox 1980 4848 3565 4930">
    <p class='ocr_par' dir='ltr' id='par_1_109' title="bbox 1980 4848 3565 4930">
     <span class='ocr_line' id='line_1_110' title="bbox 1980 4848 3565 4930; baseline -0.01 -13"><span class='ocrx_word' id='word_1_796' title='bbox 1980 4861 2091 4917; x_wconf 80' lang='lat' dir='ltr'><strong>Has</strong></span> <span class='ocrx_word' id='word_1_797' title='bbox 2127 4874 2318 4929; x_wconf 86' lang='lat' dir='ltr'><strong>nempe</strong></span> <span class='ocrx_word' id='word_1_798' title='bbox 2339 4874 2476 4930; x_wconf 89' lang='lat' dir='ltr'><strong>quas</strong></span> <span class='ocrx_word' id='word_1_799' title='bbox 2506 4857 2769 4914; x_wconf 86' lang='lat' dir='ltr'><strong>habemus</strong></span> <span class='ocrx_word' id='word_1_800' title='bbox 2804 4857 3053 4913; x_wconf 80' lang='lat' dir='ltr'><strong>ltomilias</strong></span> <span class='ocrx_word' id='word_1_801' title='bbox 3069 4856 3421 4922; x_wconf 82' lang='lat' dir='ltr'><strong>undecunque</strong></span> <span class='ocrx_word' id='word_1_802' title='bbox 3445 4848 3565 4902; x_wconf 36' lang='lat' dir='ltr'><strong>col;</strong></span> 
     </span>
    </p>
   </div>
   <div class='ocr_carea' id='block_1_110' title="bbox 1980 4940 3558 5021">
    <p class='ocr_par' dir='ltr' id='par_1_110' title="bbox 1980 4940 3558 5021">
     <span class='ocr_line' id='line_1_111' title="bbox 1980 4940 3558 5021; baseline -0.01 -13"><span class='ocrx_word' id='word_1_803' title='bbox 1980 4953 2151 5008; x_wconf 89' lang='lat' dir='ltr'><strong>lectas</strong></span> <span class='ocrx_word' id='word_1_804' title='bbox 2177 4966 2275 5021; x_wconf 90' lang='lat' dir='ltr'><strong>pro</strong></span> <span class='ocrx_word' id='word_1_805' title='bbox 2302 4950 2528 5005; x_wconf 90' lang='lat' dir='ltr'><strong>arbitrio</strong></span> <span class='ocrx_word' id='word_1_806' title='bbox 2562 4965 2660 5005; x_wconf 91' lang='lat' dir='ltr'><strong>suo</strong></span> <span class='ocrx_word' id='word_1_807' title='bbox 2696 4950 2747 5004; x_wconf 92' lang='lat' dir='ltr'><strong>in</strong></span> <span class='ocrx_word' id='word_1_808' title='bbox 2777 4950 3019 5004; x_wconf 91' lang='lat' dir='ltr'><strong>ordinem</strong></span> <span class='ocrx_word' id='word_1_809' title='bbox 3046 4944 3327 5015; x_wconf 89' lang='lat' dir='ltr'><strong>disposuit,</strong></span> <span class='ocrx_word' id='word_1_810' title='bbox 3352 4940 3465 5011; x_wconf 79' lang='lat'><strong>(75)</strong></span> <span class='ocrx_word' id='word_1_811' title='bbox 3483 4940 3558 4994; x_wconf 82' lang='lat' dir='ltr'><strong>si-</strong></span> 
     </span>
    </p>
   </div>
   <div class='ocr_carea' id='block_1_111' title="bbox 1992 5031 3565 5115">
    <p class='ocr_par' dir='ltr' id='par_1_111' title="bbox 1992 5031 3565 5115">
     <span class='ocr_line' id='line_1_112' title="bbox 1992 5031 3565 5115; baseline -0.01 -12"><span class='ocrx_word' id='word_1_812' title='bbox 1992 5045 2213 5115; x_wconf 87' lang='lat' dir='ltr'><strong>mulque</strong></span> <span class='ocrx_word' id='word_1_813' title='bbox 2241 5042 2406 5099; x_wconf 86' lang='lat' dir='ltr'><strong>etiam</strong></span> <span class='ocrx_word' id='word_1_814' title='bbox 2434 5043 2640 5099; x_wconf 85' lang='lat' dir='ltr'><strong>scholia</strong></span> <span class='ocrx_word' id='word_1_815' title='bbox 2671 5043 2782 5113; x_wconf 84' lang='lat' dir='ltr'><strong>ipsa</strong></span> <span class='ocrx_word' id='word_1_816' title='bbox 2815 5039 3158 5113; x_wconf 83' lang='lat' dir='ltr'><strong>permiscuit;</strong></span> <span class='ocrx_word' id='word_1_817' title='bbox 3186 5036 3329 5106; x_wconf 90' lang='lat' dir='ltr'><strong>quod</strong></span> <span class='ocrx_word' id='word_1_818' title='bbox 3362 5031 3565 5091; x_wconf 73' lang='lat' dir='ltr'><strong>Ruﬁno</strong></span> 
     </span>
    </p>
   </div>
   <div class='ocr_carea' id='block_1_112' title="bbox 1989 5303 3567 5387">
    <p class='ocr_par' dir='ltr' id='par_1_112' title="bbox 1989 5303 3567 5387">
     <span class='ocr_line' id='line_1_113' title="bbox 1989 5303 3567 5387; baseline -0.012 -13"><span class='ocrx_word' id='word_1_819' title='bbox 1989 5322 2248 5377; x_wconf 80' lang='lat' dir='ltr'><strong>restituta:</strong></span> <span class='ocrx_word' id='word_1_820' title='bbox 2266 5329 2413 5381; x_wconf 85' lang='lat' dir='ltr'><strong>sunt,</strong></span> <span class='ocrx_word' id='word_1_821' title='bbox 2441 5331 2559 5387; x_wconf 79' lang='lat' dir='ltr'><strong>qua:</strong></span> <span class='ocrx_word' id='word_1_822' title='bbox 2586 5310 2954 5387; x_wconf 53' lang='lat' dir='ltr'><strong>intc_r&#39;,Cyrilli_,</strong></span> <span class='ocrx_word' id='word_1_823' title='bbox 2993 5315 3101 5387; x_wconf 76' lang='lat' dir='ltr'><strong>etc.</strong></span> <span class='ocrx_word' id='word_1_824' title='bbox 3131 5303 3567 5387; x_wconf 41' lang='lat' dir='ltr'><strong>_\lide_l\dmonIi-.~</strong></span> 
     </span>
    </p>
   </div>
   <div class='ocr_carea' id='block_1_113' title="bbox 1984 5373 3565 5458">
    <p class='ocr_par' dir='ltr' id='par_1_113' title="bbox 1984 5373 3565 5458">
     <span class='ocr_line' id='line_1_114' title="bbox 1984 5373 3565 5458; baseline -0.015 -13"><span class='ocrx_word' id='word_1_825' title='bbox 1984 5373 2473 5446; x_wconf 15' lang='lat' dir='ltr'><strong>tiolvtentwnostrani</strong></span> <span class='ocrx_word' id='word_1_826' title='bbox 2528 5386 2593 5458; x_wconf 76' lang='lat' dir='ltr'><strong>ad</strong></span> <span class='ocrx_word' id='word_1_827' title='bbox 2648 5373 2949 5455; x_wconf 62' lang='lat' dir='ltr'><strong>éﬁqyﬁttxd</strong></span> <span class='ocrx_word' id='word_1_828' title='bbox 3006 5381 3063 5458; x_wconf 84' lang='lat' dir='ltr'><strong>i_n</strong></span> <span class='ocrx_word' id='word_1_829' title='bbox 3119 5375 3423 5458; x_wconf 58' lang='lat' dir='ltr'><strong>Levitifum,</strong></span> <span class='ocrx_word' id='word_1_830' title='bbox 3462 5373 3565 5458; x_wconf 61' lang='grc' dir='ltr'><strong>μιιί</strong></span> 
     </span>
    </p>
   </div>
   <div class='ocr_carea' id='block_1_114' title="bbox 1988 5442 3564 5530">
    <p class='ocr_par' dir='ltr' id='par_1_114' title="bbox 1988 5442 3564 5530">
     <span class='ocr_line' id='line_1_115' title="bbox 1988 5442 3564 5530; baseline -0.015 -14"><span class='ocrx_word' id='word_1_831' title='bbox 1988 5442 2265 5530; x_wconf 54' lang='lat' dir='ltr'><strong>ibidius&quot;</strong></span> <span class='ocrx_word' id='word_1_832' title='bbox 2286 5442 2418 5513; x_wconf 83' lang='lat' dir='ltr'><strong>aliis</strong></span> <span class='ocrx_word' id='word_1_833' title='bbox 2465 5442 2741 5530; x_wconf 69' lang='lat' dir='ltr'><strong>rationum</strong></span> <span class='ocrx_word' id='word_1_834' title='bbox 2757 5442 2769 5451; x_wconf 84' lang='grc'><em>’</em></span> <span class='ocrx_word' id='word_1_835' title='bbox 2786 5442 3071 5530; x_wconf 60' lang='lat' dir='ltr'><strong>ingruentis</strong></span> <span class='ocrx_word' id='word_1_836' title='bbox 3099 5446 3436 5530; x_wconf 82' lang='lat' dir='ltr'><strong>ostendimus</strong></span> <span class='ocrx_word' id='word_1_837' title='bbox 3457 5442 3564 5530; x_wconf 62' lang='lat' dir='ltr'><strong>ho-</strong></span> 
     </span>
    </p>
   </div>
   <div class='ocr_carea' id='block_1_115' title="bbox 1986 5515 3561 5599">
    <p class='ocr_par' dir='ltr' id='par_1_115' title="bbox 1986 5515 3561 5599">
     <span class='ocr_line' id='line_1_116' title="bbox 1986 5515 3561 5599; baseline -0.016 -12"><span class='ocrx_word' id='word_1_838' title='bbox 1986 5515 2166 5587; x_wconf 63' lang='lat' dir='ltr'><strong>ntilias</strong></span> <span class='ocrx_word' id='word_1_839' title='bbox 2201 5530 2320 5585; x_wconf 88' lang='lat' dir='ltr'><strong>illas</strong></span> <span class='ocrx_word' id='word_1_840' title='bbox 2344 5544 2463 5584; x_wconf 87' lang='lat' dir='ltr'><strong>esse</strong></span> <span class='ocrx_word' id='word_1_841' title='bbox 2496 5525 2786 5599; x_wconf 79' lang='lat' dir='ltr'><strong>genuinum</strong></span> <span class='ocrx_word' id='word_1_842' title='bbox 2834 5518 3110 5589; x_wconf 89' lang='lat' dir='ltr'><strong>Origenis,</strong></span> <span class='ocrx_word' id='word_1_843' title='bbox 3158 5532 3261 5570; x_wconf 91' lang='lat' dir='ltr'><strong>non</strong></span> <span class='ocrx_word' id='word_1_844' title='bbox 3300 5528 3429 5567; x_wconf 90' lang='lat' dir='ltr'><strong>vero</strong></span> <span class='ocrx_word' id='word_1_845' title='bbox 3456 5515 3561 5582; x_wconf 75' lang='lat' dir='ltr'><strong>(ly-</strong></span> 
     </span>
    </p>
   </div>
   <div class='ocr_carea' id='block_1_116' title="bbox 1985 5602 3564 5740">
    <p class='ocr_par' dir='ltr' id='par_1_116' title="bbox 1985 5602 3564 5740">
     <span class='ocr_line' id='line_1_117' title="bbox 1985 5602 3353 5668; baseline -0.014 -11"><span class='ocrx_word' id='word_1_846' title='bbox 1985 5602 2087 5657; x_wconf 86' lang='lat' dir='ltr'><strong>rilli</strong></span> <span class='ocrx_word' id='word_1_847' title='bbox 2128 5602 2319 5655; x_wconf 86' lang='lat' dir='ltr'><strong>fetum.</strong></span> <span class='ocrx_word' id='word_1_848' title='bbox 3226 5655 3238 5668; x_wconf 48' lang='lat'><strong>.</strong></span> <span class='ocrx_word' id='word_1_849' title='bbox 3340 5653 3353 5665; x_wconf 47' lang='lat'>.</span> 
     </span>
     <span class='ocr_line' id='line_1_118' title="bbox 2058 5650 3564 5740; baseline -0.017 -14"><span class='ocrx_word' id='word_1_850' title='bbox 2058 5672 2173 5740; x_wconf 83' lang='lat'><strong>(75)</strong></span> <span class='ocrx_word' id='word_1_851' title='bbox 2198 5669 2468 5737; x_wconf 85' lang='lat' dir='ltr'><strong>Simutque</strong></span> <span class='ocrx_word' id='word_1_852' title='bbox 2499 5660 2900 5740; x_wconf 81' lang='lat' dir='ltr'><strong>etiam_sclt_olia</strong></span> <span class='ocrx_word' id='word_1_853' title='bbox 2932 5658 3045 5740; x_wconf 57' lang='lat' dir='ltr'><strong>ipsa</strong></span> <span class='ocrx_word' id='word_1_854' title='bbox 3067 5650 3564 5740; x_wconf 28' lang='lat' dir='ltr'><strong>permiscuttllllnd</strong></span> 
     </span>
    </p>
   </div>
   <div class='ocr_carea' id='block_1_117' title="bbox 1987 5722 3563 5799">
    <p class='ocr_par' dir='ltr' id='par_1_117' title="bbox 1987 5722 3563 5799">
     <span class='ocr_line' id='line_1_119' title="bbox 1987 5722 3563 5799; baseline -0.015 0"><span class='ocrx_word' id='word_1_855' title='bbox 1987 5722 2406 5799; x_wconf 39' lang='lat' dir='ltr'><strong>fort-evincansa</strong></span> <span class='ocrx_word' id='word_1_856' title='bbox 2434 5746 2518 5790; x_wconf 91' lang='lat' dir='ltr'><strong>est</strong></span> <span class='ocrx_word' id='word_1_857' title='bbox 2550 5750 2648 5789; x_wconf 91' lang='lat' dir='ltr'><strong>cur</strong></span> <span class='ocrx_word' id='word_1_858' title='bbox 2676 5735 2727 5789; x_wconf 93' lang='lat' dir='ltr'><strong>in</strong></span> <span class='ocrx_word' id='word_1_859' title='bbox 2758 5722 3041 5799; x_wconf 82' lang='lat' dir='ltr'><strong>ejusmodi</strong></span> <span class='ocrx_word' id='word_1_860' title='bbox 3067 5722 3286 5782; x_wconf 82' lang='lat' dir='ltr'><strong>homilis</strong></span> <span class='ocrx_word' id='word_1_861' title='bbox 3311 5722 3563 5799; x_wconf 63' lang='lat' dir='ltr'><strong>quaedam</strong></span> 
     </span>
    </p>
   </div>
   <div class='ocr_carea' id='block_1_118' title="bbox 1985 5793 3564 5882">
    <p class='ocr_par' dir='ltr' id='par_1_118' title="bbox 1985 5793 3564 5882">
     <span class='ocr_line' id='line_1_120' title="bbox 1985 5793 3564 5882; baseline -0.015 -13"><span class='ocrx_word' id='word_1_862' title='bbox 1985 5793 2349 5882; x_wconf 56' lang='lat' dir='ltr'><strong>éi&#39;ie&#39;mpbm</strong></span> <span class='ocrx_word' id='word_1_863' title='bbox 2394 5793 2800 5878; x_wconf 43' lang='lat' dir='ltr'><strong>pronuntiata,‘</strong></span> <span class='ocrx_word' id='word_1_864' title='bbox 2844 5798 3105 5859; x_wconf 83' lang='lat' dir='ltr'><strong>nonnulla</strong></span> <span class='ocrx_word' id='word_1_865' title='bbox 3145 5811 3272 5854; x_wconf 78' lang='lat' dir='ltr'><strong>vero</strong></span> <span class='ocrx_word' id='word_1_866' title='bbox 3319 5811 3385 5852; x_wconf 78' lang='lat' dir='ltr'><strong>ex</strong></span> <span class='ocrx_word' id='word_1_867' title='bbox 3444 5793 3564 5848; x_wconf 74' lang='lat' dir='ltr'><strong>otio</strong></span> 
     </span>
    </p>
   </div>
  </div>
