4068 6312
344 419 484 476 ηπ»

1154 413 1721 470 ORIGENIANORUM
1759 415 1887 472 LIB.
1930 416 2017 482 Ill,
2054 416 2205 473 CAP.
2249 414 2312 481 11,
2358 415 2550 471 SECT.
2591 415 2678 471 ΙΙΙ.

3444 415 3582 470 19η

344 551 471 592 rosa
514 534 867 603 quorumdam
919 550 1216 602 crassaque
1267 534 1490 603 judicia,
1540 535 1629 605 qui
1690 535 1911 589 nimium
1946 541 1988 596 Α
2020 554 2163 590 nium
2194 537 2526 606 scripsimus,
2553 533 2868 605 simpliciter
2900 532 3260 603 expressimus
3291 541 3347 584 nt
3372 532 3581 587 invenio

349 625 936 694 tribtnmtquibuslibet
966 625 1135 678 titulis
1158 639 1221 679 ac
1246 624 1693 692 prmfatiunculis.
1730 644 1749 678 ι
1785 626 1914 692 Qui-

349 720 450 772 bus
485 718 668 772 verbis
691 719 822 772 satis
855 717 1086 771 ostendit
1133 732 1192 771 se
1224 717 1291 771 de
1326 704 1675 787 przet‘ationis,
1713 735 1816 773 non
1852 720 1918 773 de

350 809 695 864 homiliarum
731 819 956 862 auctore
1011 808 1335 877 disputasse.
1382 807 1449 861 Et
1485 817 1663 862 tamen
1702 808 1913 878 Magde-

350 900 702 970 burgensium
744 898 1065 953 sententiam
1099 898 1399 968 amplexum
1456 914 1575 953 esse
1624 900 1782 954 video
1810 900 1921 955 Gu-

352 994 591 1050 lielmum
658 991 1006 1047 Perkensinm
1060 990 1130 1056 ",
1200 991 1475 1060 aliumque
1537 993 1709 1048 aetatis
1760 992 1919 1062 hujus

353 1085 758 1148 heterodoxum,
809 1082 987 1137 virum
1033 1082 1171 1137 bene
1227 1081 1468 1147 doctum,
1505 1081 1662 1152 cujus
1715 1085 1917 1139 nomini

351 1191 415 1246 pa
424 1191 537 1230 rco.

422 1266 497 1320 Ex
532 1269 720 1322 eadem
773 1264 953 1319 Ruﬁni
1007 1265 1355 1333 peroratione
1404 1266 1652 1333 proxime
1684 1280 1921 1321 comme-

353 1368 562 1412 morata
602 1357 950 1413 homiliarum
994 1370 1185 1409 novem
1233 1358 1291 1409 in
1328 1355 1544 1410 Iudices
1579 1365 1771 1411 auctor
1801 1373 1922 1413 esse

352 1450 636 1521 Origenes,
688 1448 913 1503 Ruﬁnus
969 1447 1260 1517 interpres,
1316 1457 1371 1501 et
1419 1448 1657 1517 quidem,
1708 1449 1752 1503 si
1793 1449 1921 1517 quid

360 1543 463 1613 ipsi
486 1541 836 1605 credendum,
864 1541 998 1596 satis
1025 1550 1312 1596 accuratus
1346 1542 1789 1611 deprehenditur.
1810 1543 1920 1598 Nec

358 1635 580 1689 aliunde
615 1629 913 1702 profectam
939 1634 1088 1687 dicas
1117 1633 1393 1688 bomiliam
1424 1634 1641 1689 unicam
1682 1635 1734 1688 in
1761 1633 1920 1705 Reges

358 1724 549 1780 Latine
573 1724 794 1787 editam,
828 1724 941 1777 sive
967 1738 1101 1793 opus
1128 1724 1323 1794 ipsum,
1354 1726 1468 1779 sive
1514 1725 1921 1794 interpretatio-

356 1830 476 1870 nem
504 1826 734 1881 spectes.
767 1812 901 1868 lllud
935 1813 989 1868 in
1016 1828 1075 1867 ea
1096 1814 1331 1869 maxime
1358 1814 1713 1868 animadverti
1738 1815 1916 1878 velim,

352 1906 494 1974 quod
523 1906 754 1959 habetur
777 1920 926 1959 num.
963 1905 1016 1969 l,
1063 1904 1205 1960 circa
1236 1905 1449 1959 initium
1483 1922 1497 1959 :
1530 1923 1549 1956 ε
1589 1905 1764 1960 Nolite
1792 1921 1919 1975 ergo

354 2000 406 2052 in
458 1999 611 2053 nobis
667 1998 795 2053 illud
826 2000 1101 2068 requirere
1153 1999 1382 2067 quodin
1418 2014 1551 2069 papa
1612 1999 1920 2053 Alexandro

356 2088 586 2143 habetis.
619 2088 876 2143 Fatemur
902 2090 1046 2143 enim
1086 2090 1224 2159 quod
1260 2105 1448 2145 omnes
1488 2105 1584 2144 nos
1619 2102 1839 2160 superat
1867 2091 1919 2143 in

353 2180 528 2250 gratia
581 2179 841 2237 lenitatis.
898 2200 917 2233 ι
975 2182 1340 2236 Alexandrum
1414 2180 1921 2253 Jerosolymitanum

356 2270 635 2341 praesulem
671 2272 960 2341 significat,
994 2288 1023 2326 a
1051 2287 1160 2343 quo
1189 2274 1256 2327 ad
1297 2273 1619 2343 presbyterii
1677 2274 1920 2328 ordinem

356 2363 532 2417 fuerat
562 2374 862 2432 promotus.
899 2364 1050 2431 Quod
1077 2379 1198 2419 cum
1252 2365 1529 2434 ignoraret
1553 2365 1801 2420 Andreas
1832 2365 1924 2419 R‘i-

355 2463 534 2520 vetus,
566 2454 768 2509 frustra
814 2471 878 2510 cx
929 2455 995 2510 iis
1032 2457 1374 2511 occasionem
1416 2458 1645 2525 sumpsit
1692 2457 1923 2512 humilia:

356 2542 518 2615 hujus
546 2546 765 2615 Origeni
814 2547 1204 2613 abjudicandze,
1237 2566 1255 2598 ‹
1307 2549 1376 2601 At
1414 2549 1535 2618 quis
1586 2548 1694 2612 ille,
1731 2549 1920 2617 inquit,

359 2636 669 2691 Alexander
725 2639 904 2707 papa?
948 2638 1003 2692 Si
1053 2641 1257 2707 primus
1310 2642 1595 2709 episcopus
1654 2642 1924 2694 Romanus

356 2725 473 2794 ejus
500 2729 750 2793 nominis,
788 2731 956 2784 multo
989 2731 1265 2799 antiquior
1300 2742 1381 2785 est
1420 2732 1538 2785 :sin
1563 2748 1692 2786 vero
1713 2732 1923 2800 episco-

358 2833 458 2886 pus
487 2819 906 2888 Alexandrinus,
935 2822 1101 2874 nmlto
1146 2823 1458 2887 recentior;
1498 2824 1755 2877 successit
1780 2823 1922 2876 enim

356 2910 577 2965 Achilla:
606 2927 746 2965 anno
781 2912 977 2967 Christi
1008 2912 1103 2966 3H
1130 2931 1145 2980 ;
1181 2929 1299 2965 cum
1334 2910 1594 2981 Origenes
1619 2924 1921 2967 extremum

359 3000 499 3054 diem
526 3004 753 3057 obiisset
774 3004 916 3058 circa
946 3021 1144 3058 annum
1178 3005 1303 3058 256.
1337 3024 1354 3055 ι
1376 3006 1610 3059 Alteram
1654 3005 1922 3059 hoiniliam

359 3088 438 3143 De
480 3093 925 3163 engastrimytho,
976 3109 1137 3162 quam
1193 3109 1223 3149 e
1291 3094 1546 3148 Vaticana
1604 3095 1921 3149 bibliotheca

368 3191 579 3236 erutam
620 3185 912 3253 publicavit
958 3186 1207 3250 Allatius,
1239 3196 1290 3239 et
1317 3187 1517 3241 codicis
1550 3186 1703 3252 lides,
1735 3196 1790 3241 et
1814 3198 1927 3256 sty-

362 3271 446 3327 lus
488 3273 626 3343 ipse,
668 3284 722 3329 et
775 3275 1043 3331 Eustathii
1096 3277 1460 3348 diaguosticus
1515 3278 1764 3347 Origenis
1811 3294 1929 3333 esse

364 3366 760 3421 demonstrant.

435 3454 521 3509 Vl.
564 3456 917 3525 Agnoscimus
951 3460 1112 3512 etiam
1147 3474 1212 3513 ex
1270 3462 1518 3529 proxime
1561 3460 1723 3514 allato
1779 3459 1931 3514 Rufi-

363 3548 540 3601 nianaa
596 3550 959 3617 perorationis
1019 3552 1329 3605 testimonio
1369 3553 1619 3607 homilias
1660 3568 1848 3607 novem
1878 3553 1932 3606 in

361 3638 593 3705 psalmos
634 3653 822 3701 xxxn,
863 3654 1047 3693 xxxvii
1081 3650 1133 3694 et
1179 3656 1408 3705 xxxviii,
1464 3642 1682 3713 Origeni
1743 3642 1933 3697 merito

363 3730 584 3794 ascribi,
608 3729 800 3784 Ruﬁno
824 3746 951 3785 vero
982 3733 1479 3801 interpretationem
1506 3751 1523 3800 ;
1548 3747 1771 3804 eamque
1799 3735 1933 3789 sim-

366 3821 579 3891 pliciter
610 3824 776 3878 fuisse
802 3840 1140 3896 expressam.
1160 3827 1214 3880 ln
1239 3829 1471 3897 gratiam
1500 3828 1795 3898 Aproniani
1828 3828 1931 3883 viri

365 3913 581 3979 nobilis,
605 3926 659 3970 et
692 3932 871 3974 causa:
905 3934 1015 3973 sum
1052 3919 1282 3974 faventis
1306 3920 1545 3975 laborem
1580 3922 1721 3975 hunc
1752 3936 1933 3975 susce-

364 4014 512 4074 ptum
546 4022 575 4060 a
608 4022 667 4060 se
703 4008 943 4063 declarat
965 4010 1017 4063 in
1048 4009 1272 4079 Prologo
1299 4010 1383 4065 his
1417 4010 1653 4065 homiliis
1689 4012 1930 4080 przelixo.

366 4093 691 4165 Tangendus
725 4100 808 4154 hic
848 4103 1026 4157 obiter
1055 4103 1335 4167 Erasmus,
1360 4104 1451 4173 qui
1478 4104 1533 4157 in
1559 4104 1801 4158 Censura
1839 4121 1934 4159 su-

366 4203 463 4258 per
511 4190 597 4244 bis
648 4192 904 4258 hotniliis,
956 4195 1159 4248 critica:
1214 4210 1326 4249 suae
1384 4193 1607 4248 nimium
1652 4196 1933 4263 permittit,

367 4295 665 4351 earumque
695 4293 990 4346 auctorem.
1031 4295 1085 4339 et
1118 4286 1491 4356 interpretem,
1527 4286 1719 4340 dubios
1750 4287 1878 4341 facit
1919 4301 1931 4337 :

373 4388 391 4422 ι
428 4369 536 4427 Nec
572 4374 704 4443 ipse,
754 4376 949 4444 inquit,
990 4377 1079 4444 qui
1133 4377 1413 4446 praefatur,
1444 4378 1725 4448 proﬁtetur
1751 4394 1809 4433 se
1841 4379 1937 4432 has

367 4464 617 4519 homilias
653 4466 972 4535 simpliciter
1006 4470 1255 4537 vertisse,
1295 4482 1353 4524 ut
1409 4471 1752 4524 habebantur
1796 4472 1935 4539 apud

2020 644 2157 683 mus.
2192 647 2211 681 ι
2260 626 2440 682 Facile
2481 642 2610 681 sane
2654 624 2973 693 intelligitur
3010 625 3126 678 bmc
3152 638 3369 692 quoque
3394 638 3581 690 opera,

2019 719 2206 774 itidem
2251 729 2310 773 ut
2358 718 2606 788 proxime
2659 724 3105 778 commemorata,
3141 712 3385 783 Origenis
3441 730 3582 779 esse,

2019 810 2171 877 cujus
2199 824 2394 863 nomen
2435 810 2503 861 ad
2530 806 2739 876 singula
2775 820 3046 874 apponere
3087 803 3412 871 superﬂuum
3443 804 3578 857 fuis-

2019 911 2103 956 set
2124 910 2177 955 et
2204 899 2513 954 molestum.
2564 897 2716 964 Quod
2765 898 2808 950 si
2842 897 2957 949 hare
3006 892 3321 964 Origeniani
3357 894 3587 947 nominis

2020 992 2407 1061 prmtermissio
2431 990 2648 1045 dubium
2674 999 2949 1041 auctorem
2982 985 3130 1049 facit,
3150 1001 3245 1039 cur
3273 986 3339 1038 de
3370 997 3591 1037 auctore

2022 1082 2361 1137 homiliarum
2387 1083 2437 1134 in
2466 1079 2710 1135 Psalmos
2734 1079 3002 1133 dubitavit
3028 1078 3303 1140 Erasmus,
3320 1077 3385 1129 de
3410 1085 3589 1128 aucto-

2022 1189 2080 1228 re
2109 1172 2450 1227 homiliarum
2483 1173 2535 1226 in
2565 1171 2758 1225 librum
2787 1169 3036 1224 Judicum
3080 1170 3394 1238 neutiquam
3427 1168 3583 1221 dubi-

2025 1264 2197 1320 tavit?
2239 1278 2338 1333 par
2359 1265 2501 1319 enim
2527 1273 2645 1318 erat
2683 1263 2969 1331 utrobique
3003 1261 3163 1315 ratio.
3197 1261 3396 1315 Eodem
3426 1261 3590 1313 modo

2023 1357 2089 1411 de
2110 1365 2329 1411 auctore
2351 1354 2814 1423 interpretationis
2860 1352 3251 1407 ratiocinamur
3289 1367 3305 1405 :
3335 1366 3580 1420 quaenam

2022 1450 2166 1503 enim
2198 1448 2311 1501 haec
2338 1457 2422 1501 est
2442 1446 2847 1518 ἀποκλήρωσις,
2881 1446 3208 1515 reliquarum
3248 1444 3587 1497 homiliarum

2022 1540 2078 1593 in
2106 1537 2458 1592 Peroratione
2493 1548 2909 1592 memoratarum
2964 1537 3462 1606 interpretationem
3496 1538 3592 1589 tri-

2022 1628 2189 1684 buere
2217 1628 2447 1695 Ruﬁno;
2476 1630 2619 1684 hanc
2644 1645 2772 1685 vero
2799 1630 2897 1697 illi,
2924 1646 3109 1684 earum
3138 1616 3329 1683 itidem
3364 1638 3421 1681 ut
3459 1627 3591 1681 alia-

2023 1738 2142 1777 rum
2190 1723 2537 1794 interpretem
2593 1737 2652 1777 se
2713 1722 2986 1793 proﬁtenti
3033 1720 3380 1790 abjudicare?
3414 1719 3588 1788 Magni

2023 1813 2268 1882 profecto
2291 1824 2344 1868 et
2365 1813 2683 1867 excellentis
2714 1814 2914 1883 ingenii
2942 1813 3024 1866 vir
3060 1812 3159 1865 fuit
3181 1811 3455 1873 Erasmus,
3495 1809 3591 1865 sed

2028 1904 2318 1974 praecipitis
2343 1902 2554 1971 jndicii.
2595 1904 2743 1957 Hanc
2787 1912 2963 1957 tamen
2995 1901 3111 1971 ejus
3164 1917 3448 1956 censuram
3502 1915 3590 1953 se-

2029 1995 2799 2065 quunturMagdeburgenses,
2842 1997 3085 2061 sequitur
3108 2005 3158 2050 et
3191 1997 3455 2050 Robertus
3486 1996 3591 2049 Co-

2028 2102 2123 2142 cus
2142 2088 2368 2159 Anglus,
2399 2103 2628 2156 eamque
2665 2089 2765 2142 hoc
2801 2088 2951 2143 fulcit
3001 2100 3348 2159 argumento;
3387 2109 3405 2139 ι
3449 2091 3595 2159 quod

2028 2178 2082 2232 in
2124 2180 2351 2234 diversis
2398 2179 2635 2235 textibus
2667 2180 3017 2249 explicandis,
3061 2184 3331 2250 quomodo
3383 2181 3591 2247 Latine,

2029 2272 2301 2339 quomodo
2330 2270 2519 2327 Graece
2546 2286 2602 2327 se
2632 2272 2833 2327 habent
2858 2286 3092 2328 enarrat.
3128 2274 3365 2342 Exempli
3423 2276 3592 2344 gratia

2030 2362 2083 2416 in
2119 2362 2380 2432 psalmum
2425 2379 2609 2430 xxxvr,
2686 2365 2774 2420 hic
2822 2366 3041 2436 (inquit,
3072 2368 3235 2420 verba
3280 2364 3485 2421 faciens
3530 2369 3596 2420 de

2033 2462 2180 2506 textu
2205 2456 2435 2523 quodam
2465 2455 2517 2508 in
2556 2444 2997 2524 Denteronomio)
3035 2458 3123 2512 ubi
3152 2456 3340 2512 Latine
3356 2458 3554 2511 dicitur
3578 2478 3595 2512 :

2030 2548 2095 2600 In
2127 2547 2295 2601 zelum
2350 2547 2685 2602 adduxerunt
2738 2566 2836 2612 me,
2875 2561 2922 2604 et
2956 2568 3047 2620 ego
3100 2553 3155 2604 in
3206 2552 3373 2605 zelum
3426 2552 3595 2603 addu-

2030 2655 2143 2691 cam
2180 2639 2249 2704 ",
2303 2640 2353 2693 in
2384 2640 2574 2695 Graeco
2612 2642 2752 2696 idem
2790 2644 2903 2712 ipse
2954 2658 3132 2698 sermo
3185 2654 3286 2709 est,
3318 2645 3407 2712 qui
3458 2656 3509 2697 et
3543 2644 3594 2695 in

2031 2729 2218 2799 psalmi
2246 2732 2399 2785 initio
2436 2742 2520 2787 est
2552 2733 2725 2789 dictus
2762 2751 2775 2787 τ
2812 2734 3078 2790 Δνῖηιιιιαιὶ
3120 2747 3239 2791 sunt
3282 2754 3383 2804 me,
3414 2747 3461 2792 et
3501 2754 3596 2807 ego

2034 2820 2323 2874 ternulabor
2348 2838 2458 2875 eos.
2506 2841 2523 2873 ι
2574 2822 2767 2877 Parum
2828 2827 3103 2880 enimvero
3154 2839 3432 2897 perspecta
3496 2828 3598 2883 fuit

2033 2913 2158 2967 huic
2203 2915 2415 2969 censori
2469 2914 2646 2969 Rufini
2680 2916 2919 2982 licentia,
2953 2919 3036 2973 cui
3077 2920 3316 2975 solemne
3342 2930 3423 2975 est
3451 2921 3597 2988 ejus-

2037 3008 2181 3062 modi
2217 3010 2582 3062 additamenta
2609 3008 2673 3062 ad
2720 3010 2961 3065 auctoris
2988 3022 3300 3067 contextum
3336 3013 3594 3080 adjicere.

2040 3096 2151 3151 Hoc
2181 3099 2432 3169 amplius,
2459 3098 2714 3155 Erasmus
2729 3115 2794 3154 ex
2821 3101 3162 3171 Origenianis
3186 3104 3236 3158 in
3274 3104 3595 3159 Psalterium

2036 3190 2448 3246 Commentariis
2493 3193 2867 3263 depromptum
2937 3196 3079 3249 hunc
3134 3196 3477 3251 homiliarum
3538 3199 3601 3249 li-

2032 3282 2219 3346 brum,
2253 3283 2477 3338 liberius
2537 3298 2879 3353 conversum,
2936 3299 2989 3341 et
3029 3289 3080 3342 in
3132 3290 3383 3346 homilias
3426 3291 3599 3344 disse-

2033 3386 2201 3440 ctum,
2232 3375 2450 3429 immani
2479 3391 2705 3444 prorsus
2725 3379 2945 3431 audacia
2980 3380 3264 3448 conjectat.
3292 3380 3424 3434 Nam
3450 3382 3595 3449 ejus-

2034 3465 2177 3518 modi
2238 3464 2445 3518 feratur
2471 3467 2840 3535 conjectorum
2883 3468 3122 3531 licentia,
3156 3470 3265 3537 jam
3310 3485 3442 3523 vero
3473 3472 3599 3538 quid

2036 3555 2141 3611 erit
2170 3558 2542 3626 certutn,quid
2571 3558 2894 3612 constansin
2923 3559 3153 3613 litteris?
3184 3561 3390 3629 antiqui
3420 3576 3599 3615 rerum

2035 3648 2437 3703 confundentur
2466 3648 2623 3716 ﬁnes,
2648 3661 2701 3704 et
2734 3652 2914 3704 omnia
2966 3667 3058 3706 sus
3089 3651 3261 3721 deque
3303 3662 3598 3707 vertentur.

2038 3740 2233 3796 Merito
2265 3741 2448 3811 itaque
2474 3741 2613 3796 hanc
2646 3742 2859 3796 Erasmi
2906 3758 3190 3798 censuram
3216 3744 3469 3799 confutet
3496 3745 3605 3799 Geo

2033 3832 2333 3886 nebrardus
2369 3832 2419 3885 in
2454 3831 2818 3900 Collectaneis,
2862 3834 3147 3903 multisque
3190 3850 3254 3889 ac
3301 3835 3485 3889 solidis
3518 3853 3605 3889 ra-

2037 3923 2275 3978 tionibus
2305 3924 2403 3979 has
2447 3925 2696 3981 homilias
2727 3926 2935 3982 auctori
2976 3942 3075 3981 suo
3115 3924 3333 3995 Origeni
3385 3930 3600 3981 asserit.

2034 4014 2209 4083 Atque
2250 4029 2314 4068 ex
2358 4028 2423 4068 eo
2453 4029 2668 4084 quoque
2712 4014 2976 4070 refellitur
3029 4014 3330 4070 Gulielmus
3375 4013 3604 4068 Pet-kin-

2035 4119 2125 4158 sus
2142 4104 2187 4136 ⁸³
2212 4104 2538 4173 Anglus,qui
2567 4104 2816 4159 homilias
2836 4104 2968 4158 duas
2995 4104 3046 4157 in
3079 4104 3342 4171 psalmum
3372 4117 3600 4167 xxxviii,

2037 4212 2100 4250 ex
2138 4198 2497 4267 gt'llllilltlrlllll
2533 4194 2781 4265 Origenis
2805 4212 3030 4266 operum
3064 4197 3205 4249 serie
3233 4196 3511 4264 expungit.

2104 4288 2367 4339 Antonius
2398 4285 2685 4340 Verderius
2734 4286 3104 4355 supplemento
3161 4283 3427 4351 Epitomes
3506 4284 3602 4337 Bi-

2037 4376 2308 4431 bliotheca:
2334 4375 2712 4442 Gesnerianw,
2750 4375 3160 4441 Bibliotltecam,
3203 4375 3316 4429 sive
3357 4375 3601 4442 Antiqui-

2040 4477 2180 4519 tates
2214 4464 2845 4534 Constantinopolitanas
2868 4464 3168 4533 subjunxit,
3202 4465 3255 4516 in
3286 4464 3484 4533 quibus
3519 4465 3606 4517 in-

364 4555 602 4622 Graecos,
628 4575 724 4613 nec
752 4560 858 4613 illic
880 4561 1131 4628 exprimit
1159 4577 1353 4614 nomen
1384 4561 1641 4616 auctdris.
1681 4580 1699 4613 ›
1735 4559 1933 4615 Verum
1966 4591 2010 4645 ι)
2044 4570 2125 4612 ter
2154 4559 2324 4613 libros
2360 4558 2634 4612 illustriss.
2679 4556 2938 4627 principis
2981 4556 3183 4610 domini
3234 4555 3417 4611 Jacobi
3469 4556 3607 4609 Mar-

364 4649 617 4718 quidem;
646 4659 699 4702 at
727 4650 1039 4705 meminisse
1075 4651 1335 4706 debuerat
1366 4651 1624 4705 Erasmus
1653 4662 1933 4705 auctorum

370 4740 590 4793 nomina
628 4756 851 4810 opermn
882 4743 1051 4796 initiis
1072 4742 1352 4811 praescribi
1395 4742 1590 4805 solere,
1620 4756 1683 4794 ac
1714 4741 1937 4811 proinde

367 4829 688 4897 prtefantem
713 4830 960 4885 Ruﬁnum
988 4846 1207 4887 necesse
1248 4848 1351 4886 non
1403 4834 1654 4888 habuisse
1700 4836 1935 4904 profiteri

371 4920 467 4975 has
492 4922 735 4978 homilias
761 4940 819 4977 se
846 4941 911 4979 ex
958 4924 1192 4995 Origene
1221 4927 1469 4993 vertisse,
1511 4944 1633 4982 cum
1668 4930 1717 4981 id
1752 4928 1937 4981 titulus

368 5006 888 5067 clamaret.Futilius
918 5015 1078 5067 etiam
1104 5025 1188 5068 est
1211 5027 1586 5082 argumentum
1619 5018 1841 5086 petitum
1871 5032 1935 5071 ex

369 5103 731 5172 peroratione,
770 5106 821 5160 in
852 5122 955 5175 qua
990 5124 1186 5163 nomen
1230 5110 1467 5164 auctoris
1503 5126 1611 5163 non
1640 5112 1928 5178 expressit.

366 5190 576 5258 Agebat
601 5193 667 5248 de
692 5197 945 5263 operibus
967 5197 1215 5269 Origenis
1236 5216 1263 5254 a
1294 5217 1352 5255 se
1376 5202 1771 5271 interpretatis;
1811 5202 1933 5258 Ori-

370 5296 560 5348 genem
599 5284 771 5353 ipsum
820 5290 1227 5356 nominaverat;
1287 5292 1626 5346 homiliarum
1678 5296 1844 5362 ipsius
1877 5297 1931 5347 in

369 5370 628 5439 Genesim,
654 5376 895 5431 andum
938 5391 991 5435 et
1022 5379 1308 5435 Leviticum
1340 5385 1663 5438 mentionem
1698 5387 1928 5441 fecerat:

369 5464 517 5517 addit
545 5466 778 5523 deinde:
817 5489 835 5521 ε
875 5470 1007 5526 Nam
1035 5474 1127 5528 illa
1159 5491 1279 5545 qua:
1310 5478 1362 5530 in
1408 5476 1533 5531 Jesu
1581 5477 1748 5543 Nave,
1779 5488 1832 5532 et
1878 5482 1930 5533 in

367 5554 617 5613 Judicum
652 5562 873 5629 librum,
925 5577 979 5620 et
1028 5568 1081 5621 in
1130 5571 1459 5625 tricesimum
1495 5582 1731 5635 sextum,
1787 5582 1841 5626 et
1878 5576 1930 5627 in

370 5647 701 5707 tricesimum
728 5659 1039 5725 septimum,
1072 5670 1128 5715 et
1162 5663 1494 5719 tricesimum
1519 5674 1766 5719 octavum
1795 5665 1937 5735 psal-

2044 4657 2264 4701 moretae
2328 4648 2472 4701 hunc
2510 4654 2777 4711 recenset,
2809 4647 2894 4700 cui
2925 4645 3111 4699 titulus
3140 4654 3221 4702 est
3252 4660 3266 4696 :
3298 4663 3316 4697 ι
3355 4643 3606 4716 Origenis

2036 4738 2324 4805 explicatio
2368 4739 2421 4792 in
2460 4737 2779 4792 Psalterium
2806 4737 2992 4791 David.
3018 4755 3037 4789 ι
3092 4736 3226 4791 Tum
3273 4737 3602 4806 subjicitur:

2046 4848 2064 4880 ε
2105 4831 2377 4884 Etrursus
2399 4831 2450 4882 in
2469 4830 2881 4899 explicationem
2904 4829 3152 4899 Origenis
3182 4830 3343 4885 habet
3379 4832 3605 4885 solutio-

2041 4938 2162 4975 nem
2203 4920 2577 4990 explicationis
2616 4919 2851 5011 Joapnes
2882 4920 3203 4990 Mabropoda
3236 4922 3604 4991 metropolitao

2041 5030 2142 5069 nus
2174 5013 2534 5069 sanctissimae
2556 5013 2962 5082 metropolitica:
3011 5014 3262 5069 Ecclesiae
3312 5014 3605 5070 Eucbaita-

2041 5121 2161 5159 rum
2196 5122 2209 5158 :
2248 5115 2410 5173 atque
2437 5106 2553 5173 ipse
2576 5104 2854 5172 Origenes,
2887 5105 2962 5158 uti
2986 5104 3149 5159 habet
3176 5120 3329 5159 suam
3366 5105 3604 5174 explica-

2044 5202 2271 5262 tionem,
2308 5199 2450 5251 ﬁlius
2481 5207 2565 5252 est
2594 5198 2653 5252 S.
2704 5196 2972 5269 Hippolyti
3018 5198 3315 5267 philosophi
3367 5210 3420 5253 et
3461 5215 3604 5252 mar-

2035 5292 2189 5362 tyris.
2221 5310 2239 5343 i
2272 5290 2395 5345 llaec
2445 5292 2557 5359 ipsa
2597 5290 2663 5342 ad
2706 5290 2910 5343 calcem
2958 5291 3251 5359 Apparatus
3286 5291 3368 5344 sui
3407 5290 3603 5358 adjecit

2036 5382 2383 5445 Possevinus,
2428 5397 2548 5437 cum
2576 5382 2847 5435 variarum
2903 5381 3352 5437 bibliothecarum
3404 5381 3604 5436 catalo-
3642 5424 3645 5429 ,

2038 5489 2135 5545 gos
2171 5482 2497 5544 pertexeret.
2528 5474 2659 5540 Quae
2693 5488 2815 5525 cum
2865 5475 2997 5528 satis
3036 5476 3263 5528 obscura
3320 5474 3447 5535 sint,
3499 5489 3601 5542 ego

2036 5570 2117 5621 sic
2150 5566 2412 5634 intelligo,
2444 5564 2731 5634 Origenem
2770 5566 2820 5617 in
2851 5565 2953 5619 hac
2976 5565 3312 5634 expositione
3352 5562 3598 5619 Psalterii

2043 5659 2311 5713 imitatum
2340 5671 2461 5713 esse
2493 5655 2861 5725 Hippolytum,
2884 5672 3045 5726 quem
3076 5657 3509 5714 Commentarios
3545 5658 3601 5713 in

446 5854 489 5886 "
530 5857 771 5916 Pcrkins.
812 5859 862 5915 in
884 5859 1145 5917 Problem.
1173 5864 1235 5917 dc
1278 5864 1515 5919 ementita
1549 5862 1697 5918 llam.
1735 5864 1857 5933 ﬁdei
1885 5862 2276 5919 Caszlirismo.
2352 5863 2395 5895 ⁸³
2441 5864 2592 5919 Deut.
2618 5877 2789 5932 xxxii,
2815 5861 2905 5916 2i.
2984 5861 3027 5893 ⁸³
3070 5857 3313 5917 Pcrlins.
3348 5859 3492 5929 ibirlj.
