4068 6312
575 356 716 414 £215

1836 356 1893 412 P.
1935 357 2249 414 DANIELIS
2287 360 2520 416 IICLTII

3640 388 3741 447 ηις

565 468 902 533 Psalterium
929 473 1216 543 scripsisse
1255 473 1421 528 tradit
1469 473 1825 548 Hieronymus
1858 474 1933 530 De
1962 480 2145 543 script.
2178 482 2222 539 Α
2253 494 2433 535 suum.
2479 499 2499 534 ι
2536 480 2589 537 ln
2617 483 2840 538 homilia
2878 500 3009 540 vero
3043 486 3223 554 priore
3244 488 3313 543 ab
3338 488 3634 566 Hieronymo
3669 504 3747 558 La.

574 564 788 628 ecclcs.,
824 581 947 635 cap.
980 566 1071 621 56.
1097 566 1359 621 Eumdem
1386 575 1567 621 autem
1599 566 1985 639 Hieronymum
2018 568 2144 623 alibi

577 656 927 725 probavimus
961 657 1097 713 falso
1137 659 1333 713 ibidem
1360 658 1609 715 docuisse
1634 660 1921 731 Origeucm
1945 662 1995 715 in
2027 661 2149 731 Ilip-

576 747 743 817 polyti
775 748 1176 803 aurmlationem
1221 750 1287 804 ad
1345 751 1791 819 interpretandas
1834 752 2147 823 Scripturas

575 854 696 893 sese
726 839 1052 894 accinxisse.
1079 839 1250 910 Igitur
1283 843 1366 896 vel
1395 842 1633 913 Catalogi
1657 844 2031 909 conciunator,
2063 845 2146 899 vel

573 931 663 998 qui
689 931 929 986 codicem
971 932 1143 1001 ipsum
1174 934 1559 999 descripserat,
1596 932 1887 1004 Origenem
1936 938 2146 1003 putavit

574 1022 631 1076 in
663 1022 983 1090 explicando
1018 1023 1283 1080 Psalterio
1332 1026 1598 1096 Hippolyti
1647 1027 1972 1083 imitatorem
1998 1037 2053 1083 et
2082 1029 2146 1082 fi-

571 1112 701 1165 lium
743 1112 931 1168 fuisse.
966 1114 1227 1170 Scribunt
1271 1129 1528 1185 praeterea
1569 1116 1745 1173 Josias
1785 1119 2050 1176 Simlerus
2091 1129 2146 1176 et

569 1204 850 1261 Conradus
880 1205 1088 1262 Frisius
1123 1209 1173 1261 in
1207 1206 1442 1277 Epitome
1488 1208 1823 1264 Bibliotheca:
1867 1208 2145 1266 Cesncria-

571 1315 677 1365 nte,
737 1298 790 1352 in
841 1296 1099 1367 Origene,
1158 1300 1382 1368 aliique,
1447 1298 1835 1370 Origenianam
1892 1300 2144 1359 Psalterii

569 1393 965 1460 expositionem
1033 1392 1087 1446 in
1152 1391 1395 1448 Caesarea
1452 1392 1743 1449 Viennensi
1819 1394 2145 1453 bibliOtheca

569 1482 861 1539 asservari.

639 1573 810 1631 Porro
863 1589 894 1630 e
946 1574 1105 1631 tomis
1174 1573 1228 1627 in
1296 1572 1559 1642 psalmum
1607 1574 1840 1641 primum
1888 1575 2146 1634 habemus

569 1677 758 1735 partes
808 1666 1019 1735 aliquas
1060 1666 1198 1736 apud
1238 1664 1596 1732 Epiphaniam
1629 1665 1762 1719 haer.
1803 1666 1894 1731 6i,
1928 1683 2050 1737 cap.
2087 1670 2142 1735 6,

568 1768 623 1812 et
658 1757 967 1814 Philacaliw
1013 1774 1133 1828 cap.
1179 1758 1289 1813 eet
1315 1759 1369 1821 5,
1396 1766 1451 1813 et
1473 1759 1611 1826 apud
1637 1758 1927 1814 Eusebium
1972 1760 2065 1816 lib.
2093 1778 2143 1816 rt

2253 570 2363 623 tiue
2420 571 2626 625 reddita
2673 592 2687 627 :
2740 591 2758 623 ι
2797 572 2889 628 Hae
2937 574 3137 643 quippe
3178 577 3229 628 in
3290 576 3389 631 hoc
3428 578 3571 645 libro,
3613 585 3751 656 inquit

2246 677 2395 717 num.
2426 662 2480 726 I,
2511 662 2687 719 fabula
2719 666 2923 733 pariter
2946 676 3000 719 et
3025 668 3393 735 epithalamio,
3423 682 3537 726 sunt
3556 691 3751 744 persona

2244 764 2310 803 ex
2359 765 2465 819 quo
2508 760 2562 806 et
2602 752 2832 821 gentiles
2874 755 2973 807 sibi
3008 755 3407 823 epithalamium
3449 763 3751 836 vindicarunt,

2244 849 2298 894 et
2334 840 2493 895 istius
2518 842 2735 911 generis
2758 858 2977 899 carnem
3008 858 3347 916 assumptum
3389 861 3488 905 est.
3529 854 3753 924 Epithala.

2246 930 2413 986 mium
2466 931 2733 1001 siquidem
2781 934 3065 988 Canticum
3105 939 3460 998 canticorum.
3501 962 3518 996 ι
3562 945 3753 1006 Primum

2243 1023 2451 1078 Cantici
2480 1039 2692 1078 versum
2718 1040 2989 1095 eXponens
3013 1027 3069 1082 in
3100 1028 3437 1104 ψευδωνύμῳ
3458 1033 3650 1092 homilia
3665 1058 3755 1110 qua:

2244 1113 2530 1185 Prologum
2559 1117 2761 1186 excipit
2792 1133 2849 1186 p.
2883 1116 2971 1183 58,
3014 1122 3207 1175 scribit
3260 1122 3321 1175 τὸ
3354 1125 3653 1195 ἡγεμονικόν
3690 1149 3759 1188 ra-

2248 1208 2345 1265 riis
2371 1209 2681 1265 nominibus
2709 1210 2761 1265 in
2782 1211 3062 1280 Scriptura
3091 1227 3279 1268 sancta
3305 1217 3527 1287 signari,
3548 1224 3618 1275 vel
3640 1240 3759 1280 voca-

2244 1301 2374 1357 bulo
2401 1302 2604 1368 cordis,
2652 1303 2736 1357 vel
2785 1305 3024 1373 pectoris
3051 1321 3115 1360 ac
3145 1306 3324 1372 sinus,
3371 1311 3415 1364 si
3463 1313 3525 1367 de
3568 1316 3758 1373 discum-

2245 1393 2502 1449 bentibus
2533 1395 2585 1449 in
2618 1396 2870 1452 convivio
2903 1406 3132 1468 agatur;
3172 1401 3318 1453 velut
3362 1419 3478 1457 cum
3523 1420 3660 1475 super
3684 1428 3757 1478 pc-

2243 1494 2363 1540 ctus
2391 1483 2517 1541 Iesu
2551 1489 2865 1544 recubuisse
2911 1489 3110 1544 dicitur
3155 1489 3418 1557 Joannes,
3452 1494 3634 1551 Christi
3661 1503 3757 1568 ἠγε-

2248 1576 2471 1646 μονικὸν
2502 1592 2622 1631 esse
2651 1577 3055 1649 intelligendum
3085 1598 3099 1635 :
3152 1580 3205 1635 in
3260 1581 3495 1639 Levitico
3539 1588 3656 1643 idem
3681 1606 3753 1645 et-

2244 1667 2407 1737 primi
2430 1684 2528 1737 per
2558 1672 2932 1739 pectusculum
2955 1681 3010 1727 et
3035 1688 3273 1741 armum,
3317 1677 3409 1745 qui
3442 1683 3753 1740 sacerdotibus

2247 1769 2577 1828 separatur;
2631 1763 2685 1816 in
2736 1762 2962 1819 Cantico
3007 1780 3137 1822 vero
3178 1783 3279 1835 per
3323 1769 3505 1824 ubera.
3553 1771 3665 1826 Tum
3701 1776 3753 1829 ita

569 1848 805 1916 llistar.,
852 1865 974 1919 cap.
999 1848 1088 1909 25,
1117 1858 1171 1902 et
1201 1847 1392 1902 iterum
1422 1846 1559 1915 apud
1577 1846 1934 1916 Epiphaniam
1975 1848 2025 1901 in
2051 1863 2147 1902 ea-
2179 1840 2221 1895 Β
2250 1850 2561 1906 concludit:
2604 1872 2623 1905 ι
2651 1852 2755 1908 Cor
2780 1866 2951 1922 tuum,
2989 1873 3023 1913 ο
3054 1861 3272 1927 Sponse
3314 1876 3481 1922 meus,
3516 1864 3562 1916 id
3588 1875 3655 1917 est
3689 1868 3758 1919 do-

569 1937 690 1990 dem
746 1937 878 1992 haer.
918 1951 1037 2004 cap.
1085 1935 1151 1991 IO
1195 1944 1250 1989 et
1293 1934 1432 2003 apud
1486 1932 1823 2002 Pamphilum
1852 1937 1905 1989 in
1939 1937 2138 2002 Apolo—

565 2028 754 2098 getico,
781 2026 869 2080 ubi
905 2035 1117 2079 sextam
1147 2026 1405 2079 adversus
1454 2025 1743 2094 Origenetn
1799 2027 2138 2082 criminatio-

569 2136 693 2176 nem
740 2118 956 2175 refellit.
998 2117 1232 2171 Rursum
1287 2116 1498 2185 insigne
1545 2127 1884 2184 segmentum
1926 2133 1957 2173 e
1992 2129 2139 2173 tomo

568 2214 627 2268 in
659 2212 928 2266 Psalmum
958 2220 1201 2278 quartum
1241 2208 1461 2263 exhibet
1503 2207 1796 2262 Philocalia
1843 2210 2019 2279 capite
2044 2209 2137 2277 25,

568 2318 623 2362 et
646 2307 789 2360 aliud
819 2320 849 2359 e
876 2302 1293 2359 Commentariis
1321 2304 1373 2356 in
1399 2303 1673 2356 Psalmum
1704 2316 1907 2357 sextum
1937 2305 2139 2371 Apolo-

565 2401 765 2467 gelicus
820 2394 1114 2465 Pamphili,
1167 2396 1455 2465 septimam
1536 2396 1826 2450 confutatis
1877 2397 2139 2452 adversus

564 2494 853 2560 Origenent
908 2489 1391 2555 criminationem;
1435 2498 1492 2544 et
1553 2488 1697 2543 aliud
1757 2488 1953 2542 iterum
1995 2487 2136 2543 idem

561 2585 955 2655 Apologeticus,
1020 2591 1226 2638 sextam
1286 2581 1724 2636 criminationem
1780 2591 2058 2645 tractans,
2108 2595 2140 2637 e

561 2676 984 2735 Commentariis
1019 2676 1073 2727 in
1116 2672 1396 2727 Psalmum
1437 2674 1698 2727 decimum
1749 2675 2038 2742 quintum;
2086 2684 2141 2728 et

561 2770 706 2826 aliud
731 2771 904 2823 denuo
930 2766 1147 2832 ibidem,
1177 2780 1208 2820 e
1232 2764 1650 2818 Cutnmentariis
1670 2765 1722 2817 in
1752 2764 2019 2818 Psalmum
2044 2766 2138 2818 de-

562 2864 760 2917 cimum
794 2869 1037 2915 octavum
1063 2876 1081 2924 ;
1106 2869 1160 2913 et
1193 2872 1409 2912 rursum
1446 2856 1591 2909 aliud
1622 2854 1921 2910 Philocalia
1963 2856 2140 2924 capite

560 2955 763 3025 primo,
811 2968 842 3006 e
892 2950 1309 3005 Commentariis
1352 2949 1410 3002 in
1458 2946 1728 3010 Psalmum
1771 2948 2138 3017 quinquagesi-

560 3064 727 3100 mum.
763 3044 834 3099 At
870 3044 1138 3099 Eusebius
1171 3042 1295 3096 libr.
1337 3057 1389 3094 Vl
1450 3039 1686 3103 Hirtam,
1710 3055 1834 3110 cap.
1870 3040 1961 3103 58,
2011 3056 2138 3110 pro—

562 3142 669 3194 fert
690 3137 1003 3206 particulam
1042 3151 1109 3190 ex
1149 3134 1374 3191 Humilia
1410 3135 1477 3187 ad
1510 3134 1765 3202 psalmum
1791 3149 2000 3189 Luxu.
2048 3132 2141 3189 Ila:

2246 1952 2423 2010 gmata
2451 1958 2571 2013 quae
2602 1946 2742 1999 intra
2775 1957 2829 2002 te
2853 1959 3000 2014 sunt,
3051 1951 3134 2005 vel
3173 1952 3437 2008 doctrina:
3479 1956 3659 2023 gratia,
3692 1973 3758 2010 su-

2246 2044 2401 2102 perat
2430 2050 2591 2091 omne
2620 2040 2825 2107 vinum,
2858 2042 3001 2110 quod
3032 2059 3130 2098 cor
3161 2046 3399 2099 hominis
3430 2045 3674 2100 ltetilicare
3695 2063 3758 2100 so-

2246 2126 2337 2181 let.
2373 2125 2523 2181 Sicut
2554 2130 2696 2183 enim
2734 2132 2787 2187 in
2829 2134 2914 2188 his
2938 2134 3006 2190 de
3034 2138 3231 2205 quibus
3260 2138 3424 2192 dicit:
3475 2138 3600 2204 Quia
3628 2138 3758 2194 Deum

2246 2220 2584 2287 videbunt“,
2631 2238 2727 2277 cor
2775 2238 3147 2296 competenter
3186 2230 3392 2285 dictum
3439 2246 3549 2285 esse
3573 2233 3758 2297 videtur,

2245 2317 2299 2361 et
2327 2310 2468 2365 inter
2496 2311 2895 2370 discumbentes
2921 2320 3078 2374 sinus
3112 2335 3177 2375 ac
3224 2331 3416 2393 pectus
3461 2322 3655 2391 ponitur
3687 2338 3759 2390 pro

2246 2401 2434 2457 habitu
2475 2403 2590 2458 sine
2638 2404 2800 2460 dubio
2836 2407 3321 2479 discumbentium,
3367 2413 3625 2485 formaque
3659 2432 3759 2469 cou-

2246 2493 2374 2548 vivii
2410 2512 2425 2548 :
2482 2501 2537 2549 et
2577 2511 2766 2550 rursus
2811 2507 2868 2552 ut
2907 2500 3049 2569 apud
3094 2505 3409 2558 sacerdotes
3443 2506 3757 2573 pectusculunt

2247 2594 2302 2640 et
2336 2585 2615 2641 brachium
2649 2589 2893 2659 mysticis
2913 2592 3228 2663 designatur
3250 2594 3475 2664 eloquiis
3498 2613 3511 2661 ;
3538 2596 3602 2649 ita
3628 2596 3757 2649 etiam

2248 2676 2491 2734 arbitror
2519 2680 2571 2733 in
2598 2682 2855 2749 praesenti
2888 2682 3027 2751 loco,
3062 2686 3151 2740 ubi
3181 2688 3477 2742 amantium
3516 2687 3697 2742 habitus
3718 2695 3759 2740 et

2248 2770 2513 2840 colloquia
2543 2773 2949 2839 describuntur,
2980 2778 3295 2847 gratissime
3337 2781 3437 2835 hoc
3464 2781 3622 2850 ipsum
3644 2780 3758 2847 prin-

2248 2862 2423 2930 cipale
2458 2864 2636 2917 cordis
2675 2864 2731 2919 in
2781 2867 3042 2923 uberibus
3076 2870 3424 2941 appellatum.
3475 2892 3492 2925 ι
3550 2872 3666 2926 Ecce
3688 2873 3758 2927 tibi

2250 2968 2338 3008 res
2372 2954 2590 3009 easdem
2620 2955 2672 3010 in
2707 2957 2930 3012 homilia
2969 2960 3151 3028 priore
3206 2963 3278 3017 ab
3327 2944 3637 3033 Hieronymo
3658 2979 3759 3018 con-

2252 3058 2406 3099 versa
2462 3061 2616 3100 num.
2668 3048 2720 3112 ὅ,
2781 3064 2946 3118 super
2996 3053 3244 3107 eumdem
3299 3052 3504 3109 Cantici
3553 3069 3757 3109 versum:

2254 3151 2274 3184 ι
2311 3132 2560 3202 Congrue
2592 3151 2772 3192 sermo
2821 3140 3037 3196 divinus
3077 3158 3240 3197 unam
3304 3146 3636 3214 eamdemque
3675 3160 3759 3198 rem

562 3228 788 3282 onmiuo
820 3226 1062 3297 reliquias
1110 3240 1142 3281 e
1180 3233 1257 3278 tot
1287 3223 1526 3278 homiliis
1558 3235 1612 3277 et
1647 3224 1806 3277 tomis
1837 3234 2137 3291 temporum
2166 3212 2210 3269 C
2243 3240 2341 3293 pro
2369 3225 2611 3280 locorum
2642 3229 2905 3297 qualitate
2935 3233 3169 3287 diversis
3201 3236 3484 3291 vocabulis
3509 3212 3758 3306 nuncupat.

564 3321 774 3386 injuria:
798 3318 1074 3374 subducta:
1102 3325 1246 3372 sunt.
1273 3314 1802 3371 Commentariorum
1824 3316 1879 3369 in
1910 3314 2140 3370 Prover—

562 3414 650 3467 bia
692 3412 993 3480 fragmenta
1019 3410 1126 3465 duo
1151 3410 1206 3464 in
1245 3408 1581 3478 Apologetico
1608 3422 1708 3463 suo
1731 3407 2045 3477 Pamphilus
2072 3408 2141 3461 ab

564 3502 789 3555 interitu
822 3498 1140 3553 vindicavit.
1170 3497 1327 3552 Aliud
1349 3513 1569 3567 quoque
1604 3497 1659 3551 in
1689 3508 1881 3552 catena
1913 3496 2143 3551 Μηκινί-

565 3594 729 3647 niaua
758 3593 814 3646 in
849 3591 1045 3645 Lucam
1088 3598 1294 3655 exstat,
1327 3589 1421 3643 sed
1466 3599 1783 3643 catenarum
1838 3586 2141 3657 fragmenta

565 3700 853 3743 recensere
889 3685 1043 3740 nobis
1068 3684 1154 3738 hic
1188 3684 1518 3753 propositum
1551 3697 1655 3735 non
1689 3690 1793 3736 est.

637 3776 749 3832 VII.
786 3776 828 3830 E
860 3790 1030 3843 parvo
1079 3783 1224 3829 tomo
1278 3775 1336 3827 in
1381 3772 1681 3836 Canticum,
1735 3788 1896 3841 quem
1932 3770 2143 3840 juvenis

562 3868 861 3937 scripserat
891 3864 1176 3935 Origenes,
1209 3863 1532 3933 particulam
1556 3863 1846 3932 quamdam
1880 3860 2142 3915 habemus

566 3958 882 4015 Philocaliaa
928 3958 1109 4026 capite
1167 3956 1419 4024 septimo.
1468 3955 1508 4008 E
1548 3955 1789 4009 secundo
1832 3969 1965 4009 vero
1998 3964 2144 4007 tomo

563 4049 1090 4107 Commentariorum
1122 4063 1258 4117 quos
1288 4046 1474 4101 decem
1499 4046 1860 4101 voluminibus
1887 4045 2145 4115 grandior

566 4151 698 4196 natu
729 4139 975 4209 digessit,
1007 4136 1153 4191 aliud
1180 4146 1521 4206 segmentum
1555 4137 1855 4204 reperimus
1883 4136 2143 4190 vicesimo

565 4244 725 4289 sexto
779 4232 959 4301 capite
1010 4227 1347 4292 Philocaliw,
1393 4242 1514 4297 qum
1559 4229 1613 4280 in
1667 4241 1731 4281 co
1779 4225 1942 4279 finem
1987 4225 2139 4281 facit.

565 4326 895 4393 Eorumdem
934 4339 1061 4378 vero
1088 4321 1419 4375 voluminum
1455 4320 1642 4377 decem
1671 4318 1982 4387 Prologum,
2018 4334 2142 4374 cum

567 4420 914 4488 sequentium
946 4428 1213 4473 tomorum
1248 4413 1408 4469 initio
1443 4412 1636 4468 Latina
1668 4411 1918 4480 Origenis
1948 4425 2144 4479 reprae-

569 4520 749 4567 sentat
778 4512 973 4574 editio,
1019 4524 1050 4563 a
1099 4506 1295 4561 Rufino
1328 4506 1771 4575 interpretatum,
1825 4504 1918 4558 sed
1963 4504 2141 4558 defor-

567 4615 796 4666 matum,
825 4613 879 4656 et
911 4618 1009 4672 pro
1040 4599 1275 4655 homiliis
1305 4612 1590 4668 perperam
1626 4596 1980 4649 venditatum.
2029 4594 2142 4648 Cur

568 4700 641 4753 ita
672 4697 903 4751 sentiam
937 4708 1130 4749 causas
1156 4691 1379 4746 aerram
1413 4690 1676 4744 adversus
1705 4685 2014 4751 nonnullos,
2045 4686 2138 4755 qui

568 4792 637 4844 de
657 4787 839 4856 cperis
868 4784 1025 4852 hujus
1053 4793 1278 4837 auctore
1314 4782 1447 4837 falsa
1496 4789 1804 4837 senserunt.
1845 4779 1974 4848 Ejus
2017 4779 2140 4849 qui-

570 4884 690 4938 dem
719 4882 957 4948 scriptor
980 4892 1102 4933 esse
1130 4876 1393 4944 Origenes
1421 4890 1486 4929 ex
1520 4874 1660 4945 stylo
1688 4873 2139 4941 deprehenditur,

570 4986 628 5031 et
664 4991 733 5031 ex
770 4970 1079 5042 allegoricis
1111 4978 1167 5023 et
1202 4950 1550 5036 tropolo'gicis
1593 4963 2049 5033 expositionibus,
2087 4964 2140 5016 in

570 5084 708 5137 quas
740 5068 809 5123 ab
852 5061 1133 5120 historicis
1175 5060 1435 5115 excurrit.
1484 5058 1540 5113 Id
1587 5058 1821 5127 probant
1876 5066 2138 5126 praeterea

570 5159 854 5215 seintentizc
901 5172 1091 5211 earum
1135 5151 1445 5209 consimiles
1484 5160 1540 5205 et
1583 5164 1876 5221 germanae,
1916 5164 2040 5220 quae
2085 5147 2137 5202 in

569 5251 782 5307 duabus
819 5248 1056 5302 homiliis
1113 5247 1179 5300 ab
1229 5244 1559 5316 Hieronymo
1618 5242 1897 5297 conversis
1949 5255 2141 5296 occur-

571 5351 740 5396 runt:
771 5358 789 5391 ι
833 5338 1272 5407 Epithalamium,
1308 5337 1491 5404 inquit.
1520 5335 1572 5388 in
1622 5333 1837 5405 Prologi
1870 5334 2048 5399 initio,
2078 5333 2141 5387 Ii-

572 5433 743 5488 bellus
768 5432 875 5494 hic,
905 5430 956 5483 id
981 5440 1065 5484 est
1102 5430 1340 5499 nuptiale
1370 5442 1611 5492 carmen,
1652 5427 1914 5482 dramatis
1937 5426 1990 5481 in
2022 5443 2139 5480 mo-

574 5526 701 5578 dum
742 5522 875 5577 mihi
920 5523 1132 5577 videtur
1169 5537 1199 5575 a
1242 5520 1531 5576 Salomone
1574 5520 1934 5588 conscriptus,
1979 5534 2141 5589 quem

573 5615 774 5670 cecinit
811 5617 983 5671 instar
1026 5614 1281 5670 nubentis
1337 5629 1552 5683 sponsa:
1607 5622 1661 5667 et
1709 5627 1837 5683 erga
1884 5627 2139 5682 sponsum

644 5790 688 5823 “
716 5789 905 5846 Matth.
938 5808 992 5858 Υ,
1023 5792 1076 5847 8.
1153 5791 1196 5824 "
1241 5792 1531 5866 Canticut,
1579 5792 1630 5846 7.

2243 3316 2470 3382 Quando
2525 3317 2698 3372 hostia
2732 3319 2959 3375 offertur
2988 3323 3039 3377 in
3071 3323 3210 3394 lege,
3240 3336 3299 3380 et
3329 3326 3440 3381 vult
3483 3328 3758 3382 intellectum

2243 3409 2553 3470 ostendere,
2569 3412 2943 3479 pectusculum
2967 3416 3332 3482 scparationis
3354 3417 3561 3473 affatur.
3582 3419 3761 3486 Quando

2244 3514 2373 3554 vero
2418 3501 2691 3556 recumbit
2725 3503 2926 3574 aliquis
2968 3520 3090 3560 cum
3122 3505 3277 3571 Jesu.
3327 3520 3382 3564 et
3420 3525 3653 3564 sensuum
3674 3509 3763 3577 ejus

2244 3594 2627 3651 communione
2652 3596 2972 3664 perfruitur,
3006 3614 3115 3653 non
3141 3602 3511 3669 pectusculum
3539 3613 3592 3656 ut
3613 3616 3759 3672 supra,

2247 3684 2340 3743 sed
2372 3696 2561 3754 pectus
2591 3687 2908 3757 alloquitur.
2950 3689 3119 3747 Porro
3164 3708 3291 3746 cum
3337 3692 3537 3763 Sponsa
3561 3694 3760 3762 loquitur

2245 3777 2313 3832 ad
2340 3776 2634 3847 Sponsum,
2662 3780 2788 3850 quia
2839 3781 3076 3849 nuptiale
3110 3798 3333 3838 carmen
3377 3786 3647 3849 inducitur,
3677 3798 3759 3837 non

2246 3870 2642 3937 pectusculum,
2689 3882 2747 3924 ut
2787 3871 2841 3925 in
2890 3872 3201 3939 sacrificio;
3253 3891 3361 3930 non
3402 3886 3603 3947 pectus,
3638 3885 3685 3928 ut
3720 3876 3760 3927 in

2244 3958 2449 4015 Joanne
2480 3962 2768 4031 discipulo,
2798 3964 2893 4017 sed
2925 3962 3091 4018 ubera
3130 3966 3395 4032 nominat,
3426 3966 3627 4022 dicens:
3649 3967 3759 4031 Quia

2245 4052 2378 4106 bona
2399 4054 2559 4107 ubera
2584 4064 2677 4109 tua
2703 4070 2856 4121 super
2875 4056 3047 4109 uinum
3063 4057 3129 4111 ⁸³.
3165 4057 3514 4113 Communica
3531 4058 3761 4126 utSpousa

2245 4161 2370 4200 cum
2395 4146 2647 4201 sensibus
2692 4145 2909 4215 Sponsi,
2940 4158 2996 4201 et
3022 4150 3165 4204 scias
3199 4152 3326 4214 quia
3363 4152 3613 4205 inebriant
3635 4156 3761 4216 atque

2246 4234 2523 4289 laetificant
2554 4236 2856 4291 istiusmodi
2894 4239 3228 4304 cogitatus.»
3275 4240 3410 4307 Quis
3454 4255 3550 4293 non
3594 4246 3763 4291 utrum-

2245 4342 2350 4396 que
2387 4328 2564 4382 locum
2595 4328 2645 4382 id
2671 4328 2864 4382 eadem
2899 4329 3093 4383 incude
3125 4329 3411 4385 formatum
3441 4328 3616 4384 dicat?
3653 4325 3761 4379 Iler-

2246 4420 2389 4476 linus
2423 4422 2639 4477 demum
2665 4423 2718 4475 in
2746 4423 2928 4492 aliquo
2958 4424 3177 4493 quidem
3228 4423 3417 4478 codice
3457 4437 3629 4476 nomen
3664 4418 3758 4472 Ilie-

2173 4550 2216 4605 Β
2251 4514 2465 4584 ronymi
2495 4513 2648 4583 operi
2697 4514 2823 4569 huic
2863 4516 3160 4584 ascriptum
3216 4531 3338 4571 sese
3368 4514 3617 4584 reperisse
3641 4511 3760 4569 dicit,

2247 4607 2341 4663 sed
2382 4605 2433 4659 in
2463 4606 2715 4659 omnibus
2749 4617 2930 4660 tamen
2959 4607 3191 4662 vetustis
3230 4617 3287 4661 et
3325 4606 3556 4676 probatis
3582 4599 3762 4656 volumi-

2250 4693 2411 4750 nibus
2442 4694 2731 4763 Origeuem
2760 4705 3038 4750 auctorem
3068 4696 3274 4765 signari
3309 4696 3520 4750 fatetur.
3550 4690 3762 4746 Dubitan-

2249 4787 2374 4843 dum
2414 4786 2596 4853 itaque
2627 4802 2732 4841 non
2765 4801 2873 4853 est,
2898 4788 3025 4857 quin
3073 4787 3361 4859 Origenem
3414 4800 3541 4856 opus
3570 4780 3693 4837 istud
3712 4778 3760 4831 de

2249 4893 2357 4947 quo
2384 4880 2616 4949 agimus,
2641 4891 2921 4935 auctorem
2948 4882 3165 4939 habeat.

2322 4969 2480 5025 Nunc
2513 4984 2643 5026 vero
2674 4972 3007 5041 probandum
3038 4983 3122 5027 est
3160 4987 3438 5042 perperam
3472 4972 3625 5026 fuisse
3661 4964 3757 5021 illud

2250 5061 2306 5116 in
2341 5062 2596 5118 humilius
2645 5063 3016 5128 distributum,
3060 5073 3116 5117 et
3146 5076 3352 5133 partem
3393 5078 3510 5118 esse
3540 5070 3756 5115 tomorutn

2249 5157 2431 5209 decem
2466 5169 2601 5222 quos
2625 5162 2681 5208 in
2727 5153 3001 5210 Canticum
3033 5155 3317 5223 scripsisse
3348 5149 3759 5209 memoratur.“

2250 5257 2509 5317 gumento
2554 5249 2785 5317 primum
2839 5248 3012 5318 stylus
3058 5260 3163 5315 est,
3212 5264 3369 5319 quem
3398 5247 3681 5301 aliumesse
3716 5237 3753 5289 in

2251 5339 2438 5403 tomis,
2473 5339 2642 5394 alium
2688 5341 2740 5393 in
2776 5339 3016 5395 homiliis
3052 5341 3233 5395 sciunt
3264 5340 3351 5409 qui
3376 5340 3427 5393 in
3457 5334 3677 5405 Origeuis
3699 5328 3754 5380 lc-

2252 5432 2431 5486 ctioue
2483 5433 2686 5485 versati
2726 5441 2873 5486 sunt.
2922 5431 3107 5502 Stylus
3154 5431 3487 5487 homileticus
3519 5417 3751 5482 familiaris

2249 5533 2354 5585 est,
2400 5523 2653 5591 simplex,
2701 5524 3000 5593 papularis,
3057 5524 3236 5579 brevis
3278 5539 3293 5589 ;
3345 5522 3480 5576 alter
3528 5510 3747 5573 sublimis,

2254 5610 2509 5680 dilIusus,
2541 5614 2810 5683 curiosus,
2859 5614 3130 5671 eruditus.
3170 5612 3316 5670 Talis
3362 5621 3530 5667 autem
3576 5598 3751 5670 ιωίιιιάο
