4068 6312
253 5716 266 5740 ι

344 365 474 421 BH

1151 360 1719 420 ORIGENIANOHUM
1760 363 1887 419 LIB.
1930 364 2018 431 Ill,
2059 363 2210 420 CAP.
2253 362 2318 431 ll,
2360 363 2550 420 SECT.
2592 363 2681 418 Ill.

3426 368 3562 422 1218

336 476 388 530 in
416 475 718 539 Canticum,
779 475 844 529 de
896 488 1001 544 qua
1047 488 1135 529 res
1172 485 1276 529 est.
1326 475 1590 542 Quorsum
1638 486 1893 544 prteterea
1924 480 1970 536 Α
1998 475 2164 530 linum
2189 490 2306 530 esse
2339 476 2658 542 referenda;
2709 475 3022 544 neutiquam
3056 490 3182 548 ergo
3210 478 3460 536 dubitare
3491 482 3562 534 li-

335 567 596 636 Prologns
622 565 748 620 ille?
766 564 1038 634 'Prologos
1064 564 1222 618 tomis
1248 580 1634 634 nunquamnon
1671 565 1897 635 przetigit

335 663 632 731 Origenes;
662 674 933 727 nunquam
960 657 1213 712 homiliis.
1239 659 1521 712 Postremo
1548 659 1771 713 solemni
1798 661 1898 715 hac

335 753 576 806 clausula
609 749 855 820 Origenis
896 750 1132 803 homilize
1163 749 1277 804 fere
1304 751 1586 804 terminari
1614 751 1807 816 solent,
1842 761 1900 806 nt

335 844 424 898 vix
465 858 625 895 unam
657 841 950 893 alteramve
984 841 1054 894 ah
1079 842 1178 894 hoc
1210 857 1359 894 more
1388 841 1784 908 discrepantem
1813 859 1899 897 re-

337 931 538 996 perias,
574 931 631 982 ὲν
663 929 882 1001 Χριστῷ
932 929 1130 1000 Ἰησοῦ,
1183 924 1227 996 ᾧ
1260 932 1406 982 ἐστιν
1457 933 1489 1002 ἡ
1533 931 1676 997 δόξα,
1715 933 1808 985 καὶ
1839 931 1899 983 τὸ

338 1019 538 1090 κράτος
571 1023 649 1085 εἰς
670 1021 868 1084 αἰῶνας
897 1020 1005 1073 τῶν
1045 1021 1255 1074 αἰώνων
1285 1039 1297 1051 ·
1331 1024 1635 1092 cujusInodi
1684 1023 1816 1077 nihil
1846 1025 1896 1076 in

336 1109 706 1183 ψευδωνύμοις
731 1114 838 1168 illis
868 1113 1118 1184 Origenis
1141 1114 1376 1167 homiliis
1399 1116 1653 1168 occurrit.
1685 1115 1899 1168 Minime

336 1217 466 1271 ergo
510 1204 742 1259 homiliae
788 1215 935 1270 sunt,
983 1205 1077 1258 sed
1128 1206 1275 1259 tonIi.
1331 1206 1541 1274 Optime
1585 1206 1899 1260 Vincentius

339 1292 734 1348 Bellovacensis
765 1292 979 1362 Specnli
1007 1295 1312 1348 doctrinalis
1346 1295 1441 1350 lib.
1474 1311 1628 1360 ινιιι,
1664 1312 1780 1366 cap.
1808 1298 1895 1362 45,

336 1383 779 1454 Origenianarum
832 1387 1188 1456 scriptionum
1251 1403 1530 1442 numerum
1585 1398 1895 1454 contexens,

333 1478 580 1531 emisisse
603 1479 983 1531 Adamantiutn
1004 1479 1078 1531 ait
1105 1479 1158 1531 in
1189 1477 1462 1532 Canticum
1483 1480 1728 1534 homilias
1745 1481 1896 1541 duas;

336 1567 388 1620 in
415 1569 737 1638 principium
791 1583 918 1622 vero
965 1568 1084 1621 libri
1131 1567 1374 1635 ejusdem
1412 1569 1578 1626 libros
1617 1580 1747 1624 tres.
1789 1569 1898 1624 Nec

335 1662 540 1726 patitur
575 1662 755 1730 Operis
783 1661 1087 1731 granditas,
1120 1671 1176 1714 ut
1211 1673 1415 1731 partem
1447 1679 1564 1717 eam
1595 1677 1714 1717 esse
1742 1674 1896 1732 pute-

336 1768 454 1806 mus
486 1755 635 1821 parvi
667 1755 818 1818 turni,
869 1770 1029 1824 quem
1070 1757 1286 1824 juvenis
1315 1756 1365 1810 in
1399 1755 1679 1810 Canticum
1712 1756 1896 1809 elabo—

336 1847 516 1898 ravit:
555 1860 674 1898 cum
715 1846 1013 1912 priesertitn
1061 1845 1421 1916 fragmentum
1479 1847 1604 1900 illud
1652 1863 1682 1901 e
1731 1861 1896 1915 parvo
1929 1833 1970 1890 Β

337 1945 500 2002 tomo,
531 1937 672 2004 quod
703 1934 1016 1990 Pliilocaliu:
1041 1940 1221 2006 capite
1247 1938 1478 2007 septimo
1508 1938 1818 2001 adducitur,
1842 1939 1894 1991 in

337 2026 418 2080 his
447 2038 682 2096 quatuor
727 2028 967 2083 homiliis
1007 2028 1088 2082 vel
1122 2029 1346 2098 Prologo
1381 2045 1641 2097 nusquam
1682 2039 1894 2083 exstet:

334 2128 389 2172 at
411 2119 539 2172 illud
571 2118 800 2172 alterum
842 2121 985 2188 quod
1018 2121 1194 2189 capite
1223 2122 1478 2174 vicesimo
1517 2129 1671 2174 sexto
1708 2118 1898 2173 Philo-

334 2211 484 2264 caliw
511 2227 576 2264 ex
605 2213 843 2266 secundo
881 2228 910 2266 e
951 2213 1134 2267 decem
1189 2214 1348 2267 tomis
1387 2214 1756 2281 deprowptnm
1793 2221 1897 2278 est,

335 2301 388 2354 in
435 2302 652 2356 homilia
704 2303 940 2356 secunda
987 2317 1052 2356 ex
1116 2303 1222 2358 illis
1276 2314 1513 2373 quatuor
1573 2304 1895 2372 reperiatur.

334 2390 671 2460 Quapropter
699 2393 994 2447 verisimile
1015 2403 1102 2447 est
1132 2405 1240 2449 tres
1273 2395 1520 2448 homilias
1554 2409 1760 2462 priores
1809 2394 1890 2463 ip-

333 2497 422 2535 sos
441 2498 562 2537 esse
584 2484 790 2552 priores
819 2493 990 2538 tomos
1021 2495 1134 2540 tres
1159 2503 1173 2549 ;
1196 2494 1520 2554 postremam
1543 2500 1688 2548 vero,
1717 2486 1895 2552 quarti

334 2581 570 2639 partem;
603 2573 746 2641 quod
771 2584 825 2628 et
854 2590 918 2628 ex
946 2591 1134 2630 eorum
1169 2576 1478 2643 prolixitate
1523 2575 1793 2629 aestimare
1835 2574 1899 2627 li-

333 2674 440 2719 cet.
467 2664 708 2733 Denique
747 2665 799 2718 in
837 2680 902 2719 eo
952 2680 1115 2733 Opere
1157 2666 1340 2719 laudat
1386 2665 1645 2735 Origenes
1669 2664 1897 2733 Exposi-

332 2755 504 2810 tiones
531 2772 658 2809 suas
699 2757 752 2808 in
786 2755 1050 2821 Exortum,
1082 2756 1135 2809 in
1171 2756 1480 2820 Leviticum,
1517 2756 1571 2808 in
1615 2753 1896 2818 Numeros,

331 2855 384 2900 et
408 2847 463 2898 in
500 2844 685 2909 Iosue,
722 2861 859 2914 quas
887 2846 1165 2913 probabile
1193 2860 1297 2899 non
1332 2855 1418 2899 est
1439 2845 1552 2913 jam
1587 2854 1697 2898 tum
1731 2845 1898 2898 fuisse

331 2937 658 2999 elaboratas,
704 2952 824 2990 cum
850 2951 1073 3003 parvum
1106 2948 1303 2989 Iomqu
1329 2936 1381 2988 in
1410 2935 1688 2990 Canticum
1735 2935 1896 2990 moli-

332 3038 500 3090 retur.
575 3037 760 3095 utpote
807 3043 970 3097 quem
1004 3029 1178 3082 adhuc
1218 3027 1432 3094 juvenis
1467 3028 1805 3096 composuit;
1847 3038 1900 3082 at

332 3120 598 3172 maturior
622 3128 782 3173 aztate
808 3121 872 3171 ad
895 3120 1079 3172 decem
1134 3128 1306 3173 tomos
1353 3119 1758 3174 concinnandos
1798 3136 1893 3175 ac-

329 3211 512 3264 cessit.
541 3211 714 3279 Objici
742 3220 923 3279 potest
952 3211 1213 3280 scriptum
1249 3227 1368 3266 esse
1393 3213 1460 3266 ab
1493 3212 1822 3282 Hieronymo
1844 3214 1895 3266 in

329 3302 557 3366 Prologo
615 3305 1073 3372 interpretationis
1135 3305 1476 3358 homiliarum
1551 3305 1780 3358 duarum
1844 3305 1900 3358 in

330 3392 628 3460 Canticum,
678 3393 970 3464 Origenem
1025 3395 1078 3449 in
1113 3396 1296 3448 decem
1349 3397 1506 3449 tomis
1545 3395 1898 3465 Septuaginta

331 3487 677 3554 Interpretes,
709 3487 984 3555 Aquilam,
1005 3486 1417 3558 Symmachum,
1447 3487 1896 3554 Theodotionem,

329 3586 385 3630 et
428 3577 669 3646 quintam
730 3578 1022 3632 editionem
1084 3578 1363 3646 magnifice
1415 3589 1707 3648 aperteque
1741 3579 1903 3631 disse-

331 3670 544 3734 ruisse;
576 3673 717 3740 quod
750 3687 871 3723 cum
923 3670 974 3722 in
1015 3668 1387 3739 ψευδωνύμως
1432 3685 1566 3738 quas
1603 3679 1898 3724 tractamus

333 3761 568 3815 homiliis
595 3778 700 3814 non
733 3773 1009 3830 appareat,
1048 3765 1175 3816 hinc
1214 3763 1472 3829 consequi
1524 3777 1660 3830 opus
1701 3777 1820 3815 esse
1863 3778 1894 3816 a

329 3855 514 3909 decem
547 3856 708 3909 tomis
731 3857 1026 3911 diversum.
1070 3854 1262 3910 Verum
1291 3857 1568 3910 sciendum
1616 3867 1701 3911 est
1747 3856 1899 3911 Ruﬁ-

331 3964 458 4002 num
509 3947 824 4016 scriptionis
876 3945 1035 4017 hujus
1077 3962 1199 4002 esse
1265 3948 1636 4016 interpretem,
1677 3957 1734 4002 ut
1775 3965 1896 4003 mox

331 4039 633 4102 ostendam,
673 4039 758 4092 cui
789 4054 912 4093 cum
945 4039 1187 4092 solemne
1234 4038 1307 4092 sit
1339 4047 1651 4106 pervertere
1696 4042 1896 4106 omnia,

329 4142 385 4185 et
414 4135 480 4183 ad
521 4131 731 4184 libitum
758 4144 1078 4199 recoquere,
1101 4133 1236 4185 adeo
1268 4140 1328 4183 nt
1369 4139 1544 4184 tomos
1567 4130 1816 4200 Origenis
1841 4134 1893 4187 in

331 4220 621 4290 Epistulam
669 4221 733 4274 ad
771 4219 1045 4274 Romanos
1106 4220 1172 4274 ad
1209 4219 1436 4273 mediam
1486 4232 1693 4288 partem
1740 4237 1900 4276 c0ar-

329 4311 576 4376 ctaverit,
607 4311 731 4380 quis
761 4311 920 4362 ullam
959 4313 1026 4364 ab
1055 4325 1120 4364 eo
1148 4310 1303 4364 fidem
1330 4312 1650 4380 exspectet?

401 4405 658 4473 Superest
689 4413 743 4456 ut
765 4403 1018 4457 Ruﬁnum
1049 4405 1395 4481 interpretem
1421 4420 1542 4459 esse
1563 4406 1898 4461 demonstre-

1997 577 2082 619 cet
2107 567 2235 635 quin
2268 566 2646 635 interpretatio
2667 581 2728 620 ea
2760 565 2953 619 Ruﬁno
2978 567 3238 620 debeatur
3264 586 3277 621 :
3306 585 3424 627 nam
3457 586 3558 624 an-

2000 658 2202 727 tiquam
2231 673 2376 724 esse,
2419 667 2472 713 et
2511 661 2768 727 aequalem
2807 657 3238 729 Hieronymianaz
3281 662 3478 725 artatis,
3511 671 3566 715 et

1997 750 2276 806 Gennadio
2304 753 2665 821 antiquiorem
2701 751 2873 824 stylus
2920 752 3054 806 satis
3101 754 3321 823 arguit;
3353 756 3465 823 qui,
3505 766 3565 811 ut

2000 843 2102 897 alia
2127 844 2307 898 omnia
2333 845 2800 914 prtetcrmitterem
2843 853 3183 913 argumenta,
3230 845 3376 898 solus
3419 847 3567 900 Ruﬁ-

2001 951 2124 988 num
2159 937 2505 1005 interpretem
2534 937 2753 991 indicat.
2784 935 3016 990 Maxime
3057 951 3186 989 vero
3220 937 3457 990 indit-ant
3482 953 3570 992 se-

2000 1027 2151 1082 lectaz
2175 1027 2440 1096 qumdam,
2483 1037 2537 1081 et
2591 1043 2782 1096 magna
2825 1043 2889 1082 ex
2938 1021 3092 1094 parte
3122 1027 3366 1081 barbara:
3408 1045 3567 1083 voces

1999 1119 2195 1173 Rufino
2233 1119 2625 1183 usitatissimze,
2655 1119 2957 1188 cnjusmodi
3005 1120 3107 1172 illa:
3139 1131 3282 1180 sunt,
3330 1138 3348 1170 ι
3378 1121 3570 1175 attitu-

2000 1210 2134 1273 lare,
2191 1218 2592 1278 competenter,
2651 1213 2934 1280 complecti
2979 1231 2997 1263 ι
3068 1213 3116 1265 in
3161 1214 3558 1282 signiﬁcatione

1999 1304 2233 1372 passiva,
2287 1321 2306 1353 ι
2336 1318 2572 1368 cassare,
2634 1314 2905 1369 creatura,
2941 1324 2958 1355 I
3019 1320 3114 1374 pro
3155 1307 3383 1368 creatio,
3421 1325 3442 1354 ι
3479 1309 3560 1360 in-

2000 1395 2295 1464 corruptio,
2328 1397 2708 1460 numerositas,
2758 1396 3136 1458 ohscrv::nti:e,
3186 1397 3564 1461 observanter,

2000 1487 2366 1556 participium,
2420 1507 2438 1539 I
2503 1503 2600 1556 pro
2651 1504 2715 1541 eo
2751 1489 2891 1558 quod
2948 1499 3051 1555 est,
3111 1490 3281 1558 partis
3327 1491 3565 1559 adeptio,

2005 1597 2025 1630 ι
2066 1579 2413 1649 pretiositas,
2465 1581 2887 1644 rationabiliter,
2945 1581 3204 1643 refutare,
3246 1601 3262 1632 ι
3320 1597 3415 1648 pro
3469 1582 3564 1635 ab-

2000 1688 2188 1739 nuere,
2225 1691 2244 1724 t
2278 1674 2632 1740 sequestrari,
2666 1674 3064 1743 signiﬁcantitc.
3112 1692 3130 1726 ι
3170 1673 3320 1739 Quod
3367 1675 3409 1728 si
3447 1675 3569 1742 quis

2000 1775 2236 1834 opponat
2273 1759 2813 1834 interpretationibus
2861 1767 2974 1820 suis
3019 1765 3277 1833 Prologos
3309 1766 3565 1821 Ruﬁnum

1998 1857 2273 1926 prteligere
2306 1857 2503 1922 solere,
2537 1867 2593 1910 ut
2622 1859 2785 1911 tradit
2828 1857 3139 1912 Gennadius
3190 1857 3443 1926 Catalogo
3493 1859 3568 1910 vi-

1997 1965 2174 2001 rorum
2204 1948 2516 2012 illustrium,
2543 1964 2664 2018 cap.
2700 1948 2784 2009 i8,
2817 1948 2942 2002 huic
2984 1960 3161 2002 autem
3206 1949 3345 2002 libro
3376 1948 3565 2002 Prolo-

1997 2055 2122 2109 gum
2156 2042 2223 2093 ah
2252 2041 2542 2109 interprete
2573 2042 2875 2109 appositum
2913 2056 3016 2094 non
3068 2040 3268 2103 fuisse;
3311 2041 3448 2093 sciat
3480 2040 3569 2092 ille

1999 2131 2194 2186 multos
2231 2148 2260 2185 e
2292 2131 2467 2185 Ruﬁni
2501 2133 2736 2202 prologis
2777 2133 3121 2186 intercidisse
3154 2149 3169 2196 ;
3214 2132 3358 2185 velut
3398 2132 3567 2193 illum.

1997 2235 2156 2288 quem
2182 2221 2339 2275 toties
2364 2220 2727 2288 laudavimus,
2765 2220 3017 2275 Nutneris
3049 2223 3351 2287 praeﬁxum,
3389 2231 3442 2274 et
3468 2221 3571 2276 Ur-

1998 2311 2146 2364 sacio
2177 2311 2516 2380 inscriptum,
2553 2327 2708 2380 quem
2743 2311 2928 2366 Latina
2978 2311 3090 2383 (78)
3124 2312 3370 2381 Origenis
3394 2313 3559 2366 editio

1999 2403 2309 2471 neutiquam
2345 2413 2718 2474 reprzesentat.

2071 2491 2200 2557 Qum
2231 2507 2352 2546 cum
2386 2493 2455 2546 ita
2498 2493 2633 2555 sint,
2672 2493 2738 2546 de
2770 2492 2938 2546 nihilo
2967 2507 3085 2546 esse
3126 2500 3293 2561 patet,
3335 2493 3478 2559 qnnd
3512 2491 3564 2544 in

1999 2583 2231 2636 vetustis
2288 2583 2612 2651 quibusdam
2660 2582 2938 2637 codicibus
2998 2598 3193 2637 nomen
3248 2581 3561 2650 Hieronymi

1999 2670 2364 2726 lucubrationi
2395 2673 2520 2726 huic
2557 2672 2655 2725 fuit
2687 2682 3062 2740 praenotatum,
3091 2683 3148 2725 IIt
3173 2671 3425 2725 observat
3448 2670 3569 2724 Six-

2002 2771 2123 2825 tus;
2160 2763 2413 2832 quodque
2445 2779 2508 2816 ex
2557 2764 2656 2816 hoc
2687 2778 2848 2831 opere
2904 2763 3212 2816 testimonia
3265 2761 3562 2814 attulerunt

2000 2853 2260 2926 Magister
2286 2856 2712 2920 Sententiarum,
2751 2864 2804 2908 et
2835 2854 2892 2910 S.
2920 2851 3176 2918 Thomas,
3209 2857 3310 2910 sub
3343 2858 3563 2912 nomine

2002 2949 2300 3003 Ambrosii.
2335 2947 2691 3017 Castigandns
2742 2961 2956 3016 quoque
3010 2945 3267 2999 Erasmus
3297 2946 3362 3012 “,
3401 2951 3491 3016 qui
3517 2959 3572 3002 et

2003 3041 2116 3109 ipse
2139 3039 2326 3102 sentit,
2371 3048 2424 3091 et
2475 3037 2613 3090 idem
2665 3048 2722 3088 ut
2768 3036 3035 3090 sentirent
3077 3034 3568 3107 Magdeburgenses

2005 3130 2248 3201 perfecit,
2278 3131 2380 3184 hoc
2406 3143 2543 3198 opus
2569 3141 2692 3182 esse
2729 3125 2978 3179 Hominis
3024 3123 3219 3191 Latini,
3244 3127 3459 3195 pulchre
3485 3131 3575 3182 do-

2004 3223 2091 3286 cti,
2136 3238 2197 3274 ac
2250 3222 2372 3273 bene
2403 3220 2636 3272 diserti:
2679 3227 2960 3287 propterea
3013 3219 3154 3286 quod
3208 3217 3261 3270 in
3314 3217 3569 3290 Prologo,

2005 3327 2060 3380 p.
2113 3310 2204 3373 2'7,
2258 3309 2475 3363 Griecos
2515 3307 2718 3370 laudat,
2764 3306 2910 3359 velut
2960 3306 3181 3372 alienos,
3225 3307 3308 3361 his
3353 3310 3570 3363 verbis:

2008 3418 2026 3452 ι
2063 3399 2194 3453 Cum
2230 3400 2368 3466 apud
2399 3397 2641 3459 Graecos,
2686 3395 2777 3463 qui
2825 3395 3022 3448 eruditi
3077 3409 3139 3450 ac
3184 3398 3456 3464 sapientes
3486 3399 3568 3452 vi-

2002 3491 2219 3545 dentur.
2266 3508 2285 3540 I
2332 3488 2389 3562 1d
2431 3490 2604 3556 ipsum
2657 3488 2862 3556 liquere
2890 3488 2968 3540 ait
3006 3503 3071 3540 ex
3116 3489 3569 3556 interpretatione

2007 3599 2025 3632 ι
2060 3582 2306 3645 amoris,
2359 3579 2679 3638 charitatis,
2737 3578 3040 3632 dilectionis
3104 3590 3155 3633 et
3201 3581 3488 3647 cupidinis.
3545 3601 3569 3635 ι

2003 3672 2225 3725 Demum
2282 3671 2592 3738 suspicatur
2643 3671 2760 3738 ejus
2798 3685 2939 3731 esse,
2983 3670 3139 3738 cujus
3183 3680 3405 3724 exstant
3443 3672 3564 3726 libri

1999 3763 2076 3816 De
2129 3763 2396 3816 vocatione
2440 3761 2693 3831 gentium,
2730 3771 2784 3815 et
2830 3761 3219 3816 Commentarii
3274 3764 3324 3816 in
3361 3764 3569 3832 aliquot

1999 3857 2255 3926 psalmos.
2298 3855 2426 3920 Qure
2459 3870 2620 3924 quam
2649 3852 2838 3908 frivola
2872 3853 3003 3918 sint,
3034 3866 3339 3924 promptum
3372 3867 3456 3910 est
3483 3873 3572 3912 os-

2001 3951 2236 4003 tendere.
2298 3947 2558 4000 Ethnicos
2618 3961 2806 4000 omnes
2851 3961 2881 3998 a
2936 3947 3076 4000 Luca
3124 3948 3175 4000 in
3223 3947 3396 4011 Actis,
3439 3957 3494 4001 et
3540 3963 3570 4000 a

1998 4039 2165 4094 Paulo
2207 4037 2474 4109 Ἕλληνας
2530 4038 2790 4105 appellari
2843 4047 3026 4090 notum
3073 4048 3155 4091 est
3184 4038 3208 4090 τ’
3237 4039 3363 4092 hinc
3398 4039 3569 4093 Judaei

1997 4141 2345 4200 opponuntur
2373 4135 2485 4195 τοῖς
2517 4131 2776 4201 Ἕλλησι,
2816 4131 2868 4183 id
2911 4139 2996 4183 est
3026 4129 3258 4184 ethnicis
3302 4145 3398 4184 seu
3438 4147 3572 4200 gen-

2001 4224 2206 4277 tilibus.
2231 4223 2417 4291 Itaque
2446 4238 2473 4275 a
2505 4219 2755 4276 Patribus
2781 4220 3067 4291 Ἕλληνες,
3105 4230 3359 4290 tanquam
3407 4221 3569 4274 alieni

1999 4316 2313 4382 laudantur,
2367 4325 2422 4368 et
2470 4315 2537 4368 ab
2580 4315 2694 4384 ipso
2737 4315 2901 4368 etiam
2949 4311 3180 4381 Origene
3233 4323 3362 4367 tom.
3406 4329 3474 4365 xv
3516 4314 3571 4366 in

1998 4407 2215 4467 Matth.,
2248 4423 2393 4461 num.
2428 4407 2512 4470 l5,
2533 4407 2623 4460 ubi
2659 4407 2772 4459 ait:
2811 4405 2938 4458 Ἐὰν
2961 4406 3018 4458 δέ
3043 4422 3128 4467 τις
3153 4407 3220 4474 τῇ
3256 4403 3571 4476 ἀνθρωπίνῃ

329 4512 474 4550 mus.
512 4495 873 4564 Hieronymus
923 4495 974 4547 in
1027 4494 1260 4564 Prologo
1289 4495 1632 4549 homiliarum
1669 4497 1893 4550 duarum

2000 4499 2198 4570 ἐνορῶν
2237 4498 2488 4568 ἀσθενείᾳ.
2517 4501 2827 4569 καταφρονῇ
2857 4499 2953 4568 μὲν
2982 4499 3079 4568 τῆς
3107 4497 3323 4559 λέξεως,
3352 4498 3567 4567 τράπη-

328 4588 578 4657 Origenis
605 4588 658 4639 in
685 4586 983 4650 Canticum,
1017 4588 1082 4641 de
1112 4587 1297 4641 decem
1331 4588 1692 4643 voluminibus
1736 4588 1893 4643 Com-

330 4679 715 4733 mentariorum
747 4694 932 4748 agens,
968 4689 1154 4732 eorum
1203 4679 1697 4749 interpretationem
1744 4684 1820 4735 ait
1863 4699 1891 4735 a

329 4786 389 4825 se
431 4771 595 4826 fuisse
639 4773 1091 4840 praetermissam,
1146 4772 1290 4840 quod
1347 4788 1432 4827 res
1474 4782 1618 4827 esset
1664 4774 1895 4843 ingentis

330 4862 448 4923 otii,
470 4861 666 4916 laboris
709 4871 764 4916 et
796 4874 1128 4930 sumptuum.
1161 4865 1217 4915 In
1241 4863 1378 4918 libro
1421 4880 1632 4934 quoque
1660 4865 1736 4919 De
1761 4867 1894 4919 serio

329 4953 563 5019 rtoribus
590 4952 796 5018 eccles.,
829 4969 950 5022 cap.
982 4955 1107 5019 £35,
1142 4957 1281 5010 inter
1309 4957 1478 5012 libros
1509 4957 1754 5028 Origenis
1781 4975 1808 5010 a
1837 4973 1896 5012 se

329 5060 639 5109 conversos,
671 5047 871 5099 nullam
901 5047 1059 5114 hujus
1087 5051 1422 5104 mentionem
1471 5050 1620 5104 fecit.
1673 5049 1895 5106 Minime

330 5139 492 5205 igitur
528 5138 854 5209 Hieronymo
881 5141 1202 5196 ascribenda
1233 5153 1314 5196 est
1350 5143 1463 5197 haec
1493 5145 1890 5212 interpretatio.

328 5232 639 5286 Gennadius
670 5243 850 5286 autem
906 5233 958 5286 in
1005 5232 1263 5304 Catalogo
1307 5237 1536 5288 uirorum
1577 5235 1891 5299 illustrium,

326 5341 448 5395 cap.
495 5325 580 5388 18,
629 5325 940 5394 signiﬁcare
999 5326 1211 5379 videtur
1261 5341 1599 5395 quaecunque
1644 5324 1894 5396 Origenis

327 5432 488 5488 opera
523 5417 906 5487 Hieronymum
933 5419 1282 5488 interpretem
1306 5434 1411 5472 non
1440 5418 1664 5482 habent,
1692 5418 1759 5471 ad
1787 5417 1893 5470 Ru-

1998 4605 2087 4641 ται
2121 4588 2174 4639 δὲ
2201 4587 2286 4639 ἐπ’
2320 4587 2670 4657 ἀλληγορίας,
2699 4586 3146 4655 δυσωπηοήσεται
3175 4585 3236 4636 ἐκ
3268 4601 3429 4638 τινων
3473 4585 3569 4638 καὶ

2009 4678 2333 4750 Ἑλληνικῶν
2377 4680 2641 4750 ἱστοριῶν,
2686 4679 2741 4730 ὲν
2779 4675 2859 4740 οἷς
2895 4677 2982 4730 διὰ
3020 4677 3117 4748 τὴν
3158 4677 3288 4748 παρ’
3342 4677 3568 4746 Ἕλλησι

2000 4772 2190 4841 σοφίαν
2228 4771 2561 4842 ἱστοροῦνταί
2579 4788 2723 4834 τινες
2751 4770 2812 4822 τὸ
2838 4768 3072 4823 ἐνταῦθα
3093 4769 3171 4840 τῷ
3197 4769 3434 4841 πλουσίῳ
3464 4769 3569 4821 ὑπὸ

1997 4866 2090 4920 τοῦ
2126 4867 2376 4937 Σωτῆρος
2410 4865 2695 4936 εἰρημένον
2738 4865 3114 4934 πεποιηκέναι.
3170 4865 3435 4918 (Steterunt
3484 4862 3568 4916 vel

2001 4972 2064 5010 ex
2117 4957 2215 5010 hoc
2263 4956 2398 5022 loco,
2439 4957 2578 5009 unde
2621 4955 3028 5024 supposititium
3075 4969 3196 5008 esse
3246 4954 3377 5007 illud
3426 4969 3564 5022 opus

2001 5046 2218 5114 conjicit
2247 5046 2526 5110 Erasmus,
2556 5046 2646 5100 ubi
2689 5061 2793 5100 non
2829 5045 3077 5099 obscuris
3099 5045 3279 5099 verbis
3325 5043 3570 5100 Platonis

2000 5139 2256 5192 laudatur
2289 5137 2660 5207 Symposium,
2685 5137 2736 5191 in
2770 5152 2876 5206 quo
2904 5138 2968 5190 de
2996 5137 3196 5190 amoris
3228 5149 3422 5189 natura
3455 5136 3568 5190 dis-

2000 5231 2224 5291 seritur,
2259 5230 2572 5298 conjectura
2613 5245 2716 5284 non
2747 5228 2878 5283 levis
2902 5229 3019 5297 capi
3053 5237 3250 5296 potest,
3277 5239 3564 5282 auctorem

1997 5322 2179 5390 operis
2215 5321 2375 5390 hujus
2423 5336 2546 5376 esse
2597 5319 2912 5390 Origenem,
2941 5320 3026 5374 cui
3061 5319 3296 5374 Plutonis
3329 5320 3567 5388 disputa-

2001 5414 2176 5468 tiones
2207 5427 2335 5468 suos
2363 5411 2418 5466 in
2453 5427 2581 5468 usus
2598 5410 3172 5468 converteresolemnc
3199 5422 3303 5467 est.
3329 5408 3478 5476 Quod
3497 5405 3566 5461 ad

403 5601 448 5633 "
473 5602 678 5656 Erasm.
709 5601 761 5655 in
802 5600 1017 5656 Censur.
1048 5602 1138 5654 lib.
1173 5599 1318 5671 Orig.
1355 5600 1823 5672 Magdeburgens.,
1857 5611 2069 5657 centnr.
2093 5601 2146 5667 3,
2179 5617 2300 5668 cap.
2327 5600 2411 5655 l0.

394 5721 928 5796 (78)“Quemulsatina
976 5723 1218 5793 Origenis
1261 5723 1421 5777 editio
1468 5729 1768 5795 neutiquam
1830 5735 2184 5796 reprirsmtat.
2241 5723 2392 5779 llunc
2448 5729 2895 5794 repraesentantes
2947 5722 2998 5777 in
3049 5720 3299 5777 editionis
3361 5727 3572 5777 nostra}

508 5793 567 5858 ll,
602 5809 653 5861 p.
685 5790 811 5848 375.
