4068 6312
600 281 735 336 1219

1859 292 1918 346 Ρ.
1964 292 2276 348 l‘rANIELlS
2315 295 2546 352 HUETlI

3659 317 3760 373 I220

598 415 787 456 vocum
824 403 1060 468 illarum,
1097 423 1117 456 ι
1146 405 1370 470 amoris,
1395 405 1681 462 cliarilatis
1702 450 1718 474 ,
1759 411 2064 467 dilectionis
2115 424 2169 467 et
2196 422 2243 477 Α
2271 417 2501 472 ctionem
2531 421 3113 489 sextae).iuJeremiam,
3139 425 3204 479 ab
3223 424 3309 480 his
3339 427 3548 488 verbis:
3572 429 3761 492 Commi

598 495 867 563 cupidinis
898 515 917 546 ι
969 498 1180 561 attinet,
1230 499 1343 552 haec
1398 508 1561 568 atque
1609 501 1711 554 alia
1757 502 1872 570 eius
1924 506 2163 574 generis,

597 600 717 652 quae
755 585 1054 639 Romanum
1086 589 1402 655 scriptorem
1439 589 1675 658 sapiunt,
1713 592 1892 646 Rufini
1928 596 2166 662 perlidize

598 679 895 731 debuerunt
950 679 1170 734 ascribi.
1215 678 1385 744 Quale
1432 682 1562 735 illud
1611 694 1695 737 est
1740 685 1882 754 quod
1913 686 2167 741 observat

597 767 864 823 Robertns
892 767 1065 823 Cocus
1093 771 1317 837 Anglus,
1353 771 1557 827 dixisse
1578 786 1857 829 auctorem
1883 776 2166 832 Commen-

599 858 944 938 Iarii_liujus,
1001 861 1096 916 lib.
1143 877 1227 927 ιιι,
1270 881 1320 932 p.
1373 865 1486 919 76:
1533 885 1550 917 ι
1607 867 1837 921 Verbum
1885 869 1978 922 Dei
2027 869 2163 938 apud

594 935 811 1006 Graecos
839 953 1135 1008 masculino
1171 970 1369 1024 genere
1415 957 1668 1026 proferri,
1719 961 1858 1030 apud
1887 976 1986 1015 nos
2031 978 2167 1014 neu-

595 1057 679 1096 tro
705 1059 942 1112 genere:
975 1064 994 1097 ι
1033 1057 1087 1101 et
1132 1048 1309 1116 qnalia
1341 1061 1466 1105 sunt
1513 1067 1576 1104 ea
1625 1052 1742 1106 loca
1784 1053 1962 1120 operis
2011 1054 2164 1108 istius

595 1139 662 1190 de
697 1137 894 1204 quibus
924 1139 996 1190 ait
1028 1137 1212 1192 Bruno
1243 1141 1636 1196 Amerhacliius
1680 1141 1899 1196 Pra-fat.
1940 1145 1993 1196 in
2037 1142 2162 1198 Hic-

595 1224 799 1293 ronymi
833 1233 961 1278 tum.
999 1225 1084 1278 VII
1115 1243 1127 1278 :
1162 1243 1180 1276 ι
1214 1226 1373 1281 Multa
1410 1240 1532 1283 sunt
1563 1246 1680 1299 quae
1708 1231 1885 1285 Latini
1920 1232 2160 1292 hominis

589 1329 732 1376 esse,
763 1329 866 1367 non
894 1314 1087 1381 Grzeci,
1116 1321 1489 1386 comprobent.
1528 1339 1546 1370 ι
1592 1319 1829 1386 Quorum
1869 1320 2157 1390 judicium,

593 1414 650 1456 ut
692 1417 745 1458 et
787 1405 916 1459 illud
956 1407 1204 1461 Gulielmi
1256 1409 1496 1463 Perkinsi
1540 1410 1610 1473 ⁸⁷,
1649 1413 1790 1466 inter
1843 1413 2061 1481 rejicula
2108 1424 2163 1469 et

589 1497 772 1563 spuria
819 1497 920 1552 hoc
954 1514 1088 1568 opus
1150 1503 1508 1568 recenseatis,
1567 1507 1761 1558 merito
1808 1502 1961 1558 ﬂocci
2024 1504 2157 1559 faci-

590 1599 729 1640 mus.
1226 1592 1230 1604 ’

662 1680 860 1733 Praeter
888 1681 1037 1749 parvi
1087 1681 1213 1734 tomi
1255 1682 1640 1753 fragmentum,
1669 1693 1724 1738 et
1757 1685 1966 1754 amplas
1990 1700 2019 1739 e
2055 1685 2156 1740 de-

587 1787 704 1825 cem
739 1775 896 1827 tomis
925 1774 1172 1840 lacinias,
1227 1776 1344 1829 dua:
1390 1792 1606 1845 quoque
1637 1788 1932 1845 supersunt
1980 1779 2158 1832 homi-
2189 1767 2230 1822 Β

587 1864 671 1917 lim
704 1866 771 1919 ab
798 1864 1124 1936 Hieronymo
1164 1866 1359 1920 Latino
1408 1883 1661 1922 sermone
1704 1869 1986 1936 explicata:
2034 1889 2051 1922 ι
2095 1871 2158 1923 li-

585 1957 775 2010 deliter
806 1959 993 2025 magis,
1030 1973 1191 2025 quam
1216 1969 1428 2022 ornate,
1461 1977 1478 2006 ι
1523 1968 1579 2010 ιιι
1604 1959 1715 2028 ipse
1741 1959 1815 2012 ait
1846 1961 1896 2012 in
1925 1959 2156 2030 Prologo

585 2050 652 2102 ad
698 2049 1006 2104 Damasum.
1058 2049 1346 2103 Homiliam
1398 2051 1636 2119 priorem
1684 2052 1735 2104 in
1797 2061 1978 2120 partes
2023 2054 2159 2109 duas

583 2159 863 2214 perperam
894 2143 1149 2197 Merlinus
1183 2143 1487 2208 dissecuit;
1524 2144 1754 2213 primam
1799 2155 2008 2212 partem
2049 2145 2157 2216 epi-

582 2237 732 2289 stola:
765 2252 861 2304 pro
897 2235 1216 2289 Prwfa‘tione
1257 2235 1566 2289 venditans.
1611 2235 1863 2290 Errorem
1908 2237 2160 2292 viderunt

582 2326 836 2381 lirasmus
889 2337 941 2382 et
988 2328 1398 2392 Genebrardus,
1454 2336 1508 2381 et
1551 2327 1605 2380 in
1678 2329 1790 2382 suis
1829 2330 2159 2384 editionibus

579 2431 931 2474 correxerunt
958 2437 970 2482 ;
1003 2435 1155 2488 parte
1184 2430 1406 2490 utraque
1443 2421 1492 2473 in
1528 2437 1690 2473 ιιιιιιιιι
1722 2421 2028 2492 cenjuncta.

655 2512 784 2564 V'lll.
819 2511 1112 2580 Superiore
1166 2513 1407 2564 sectione
1450 2512 1687 2565 diximus
1732 2511 2016 2576 Origenem
2059 2513 2155 2566 tri-

581 2604 727 2669 ginta
793 2602 1178 2665 voluminibus,
1249 2610 1302 2656 et
1365 2602 1554 2672 viginti
1615 2602 1857 2671 quinque
1919 2604 2157 2660 homiliis

579 2694 770 2749 Isaiam
800 2694 1120 2762 explicasse.
1166 2694 1206 2747 Ε
1236 2695 1374 2749 libro
1405 2695 1577 2764 primo
1630 2695 2153 2751 Commentariorum

579 2786 938 2854 fragmentum
992 2783 1151 2838 all‘ert
1197 2786 1508 2853 Pamphilus
1551 2787 1605 2840 in
1651 2787 1992 2857 Apologetico
2034 2804 2054 2853 ;
2101 2800 2154 2844 et

578 2877 722 2929 aliud
757 2875 913 2944 paulo
940 2887 1062 2945 post
1085 2891 1114 2930 e
1136 2875 1274 2929 libro
1308 2877 1563 2931 vicesimo
1597 2887 1814 2932 octavo.
1869 2880 1942 2932 Ex
1977 2880 2154 2934 homi-

578 2965 665 3019 liis
713 2976 1001 3034 supersunt
1042 2967 1271 3020 omnino
1314 2983 1504 3021 novem
1555 2971 1606 3023 in
1645 2970 1882 3025 editione
1934 2970 2147 3027 Latina.

578 3057 894 3124 lnterpretis
923 3074 1118 3113 nomen
1166 3075 1267 3112 non
1319 3059 1632 3124 aseribitur,
1669 3076 1828 3130 quem
1881 3062 2145 3135 Hierony-

579 3164 723 3200 mum
755 3163 874 3202 esse
923 3164 1140 3204 censeo.
1171 3152 1407 3220 ldipsum
1439 3163 1622 3206 censet
1659 3153 1936 3217 Erasmus,
1968 3157 2149 3225 aitque

578 3240 961 3311 Hieronymum
1013 3245 1065 3296 in
1127 3243 1385 3313 Catalogo
1456 3246 1770 3313 scriptorum
1828 3249 2144 3300 ecclesiasti-

575 3350 756 3386 carum
791 3333 945 3389 fateri
975 3351 1033 3390 se
1058 3335 1163 3389 hoc
1193 3335 1556 3406 fragmentum
1599 3338 1823 3393 vertisse
1873 3356 1936 3394 ex
1995 3341 2151 3395 Coni-

577 3428 860 3482 mentariis
888 3426 1141 3498 Origenis
1172 3429 1224 3481 in
1255 3428 1479 3482 Isaiam.
1516 3431 1774 3499 Equidem
1802 3431 1854 3485 id
1881 3432 2058 3488 solum
2095 3435 2146 3487 ἰιιι

572 3536 638 3574 eo
677 3517 955 3589 Catalogo,
989 3535 1110 3588 cap.
1145 3519 1270 3584 I55,
1317 3521 1552 3590 reperio,
1603 3523 1692 3576 ubi
1727 3519 1801 3576 de
1820 3525 1999 3592 seipso
2038 3527 2146 3594 agit

574 3610 974 3681 Hieronymus:
1031 3627 1051 3663 ι
1093 3611 1147 3665 Ιιι
1173 3610 1463 3667 Jcremiam
1491 3623 1544 3667 et
1579 3613 1630 3666 in
1664 3613 2004 3670 Ezechielem
2054 3617 2150 3670 lio-

573 3703 751 3756 milias
785 3702 1041 3772 Origenis
1067 3703 1255 3772 viginti
1283 3712 1426 3768 octo,
1468 3718 1602 3772 quas
1631 3705 1697 3757 de
1733 3704 1924 3760 Graeco
1950 3707 2002 3759 in
2043 3705 2148 3760 La-

534 3823 540 3834 ε
574 3798 742 3849 tinum
776 3795 934 3858 verti,
964 3795 1030 3848 de
1054 3794 1342 3864 Seraphim
1370 3808 1426 3850 et
1453 3795 1693 3850 Osanna.
1725 3814 1745 3848 ι
1783 3799 1946 3867 Atqui
1980 3799 2148 3854 homi-

570 3886 762 3940 Iiaruin
804 3901 924 3955 quae
956 3897 1192 3950 exstant,
1226 3887 1375 3956 prior
1397 3889 1509 3958 agit
1540 3890 1607 3944 de
1643 3891 1973 3960 seraphimis
1998 3903 2148 3947 stan-

572 3981 714 4032 tibus
747 3995 908 4047 super
943 3979 1137 4033 solium
1172 3980 1382 4034 Domini
1419 3980 1570 4036 Isaiae
1599 3998 1675 4046 vr,
1711 3983 1767 4047 2,
1799 3985 1893 4038 sed
1923 3985 2039 4040 leve
2062 3995 2147 4040 est

570 4071 676 4124 hoc
703 4080 1102 4138 argmuentum,
1139 4072 1206 4126 ad
1243 4073 1578 4139 probandum
1628 4075 1764 4130 istas
1808 4093 2003 4134 novem
2041 4079 2143 4135 ho-

569 4164 745 4218 milias
786 4162 1173 4234 Hieronymum
1220 4167 1576 4222 convertisse.
1625 4165 2141 4227 Verisimiliormihi

566 4257 876 4324 conjectura
906 4256 1121 4326 capitur
1151 4272 1217 4311 ex
1253 4257 1398 4326 Slylo
1439 4267 1491 4310 et
1515 4273 1582 4311 ex
1618 4258 1830 4313 delectu
1884 4277 2143 4330 quarum-

567 4352 689 4404 dam
720 4350 1043 4414 dictionum,
1091 4366 1229 4420 quas
1263 4349 1606 4419 frequentius
1643 4351 1744 4406 sibi
1777 4351 2142 4425 Hieronymus

2266 519 2385 562 sunt
2413 511 2481 563 ad
2517 511 2812 578 iniquitates
2844 525 3054 583 patrum
3085 517 3322 582 priorum
3344 518 3409 573 ³⁸.
3446 518 3632 578 Jamdiu
3672 545 3763 585 vero

2269 599 2320 651 in
2352 601 2432 654 his
2464 602 2701 658 homiliis
2731 620 2888 660 error
2915 606 3021 661 iste
3047 608 3303 662 inolevit:
3333 611 3534 666 codices
3556 615 3762 684 siquidem

2268 708 2427 746 manu
2461 697 2665 750 exarati
2707 698 3043 753 bibliothecae
3071 698 3250 770 Regia:
3279 701 3462 757 eadem
3489 704 3766 768 deformitate

2267 784 2436 838 vitiati
2467 797 2610 840 sunt.
2639 787 2850 859 .Nempe
2881 791 3038 845 facile
3085 793 3312 864 contigit
3340 805 3396 848 ut
3427 795 3656 854 lihrarius
3684 804 3760 858 im.

2268 880 2502 945 prudens
2531 881 2596 934 ad
2627 883 3039 937 describendam
3087 897 3414 954 postremam
3463 901 3647 958 partem
3694 897 3767 952 lio~

2267 971 2427 1025 milia:
2453 971 2704 1044 Origenis
2727 977 2782 1028 in
2806 973 3009 1028 Isaiam
3041 992 3215 1044 nonae,
3249 980 3316 1034 ab
3341 979 3643 1052 Hieronymo
3671 1003 3769 1042 con-

2265 1078 2436 1118 versae
2461 1067 2746 1129 accedens,
2797 1082 2928 1122 casu
2961 1069 3214 1124 inciderit
3248 1073 3300 1124 in
3349 1084 3647 1143 postremam
3677 1097 3769 1146 par.

2267 1165 2372 1210 tem
2404 1158 2636 1214 homilias
2675 1159 2925 1230 Origenis
2950 1162 3005 1216 in
3023 1162 3312 1217 Jeremiam
3344 1181 3511 1232 nonae,
3537 1167 3598 1221 ab
3626 1170 3770 1226 Hiero-

2266 1263 2429 1316 nymo
2463 1249 2646 1304 itidem
2675 1265 2971 1306 conversae.
3004 1253 3160 1309 Unde
3186 1270 3290 1308 non
3325 1256 3481 1311 inane
3500 1273 3685 1329 quoque
3703 1279 3768 1318 su-

2266 1340 2428 1392 mitur
2457 1351 2836 1410 argumentum
2877 1343 3226 1398 homiliarum
3270 1345 3325 1398 in
3371 1344 3558 1400 Isaiam
3594 1367 3678 1404 non
3703 1366 3768 1407 se-

2264 1447 2360 1486 cus
2386 1432 2742 1502 interpretem
2778 1449 2898 1490 esse
2936 1434 3346 1507 Hieronymum,
3392 1453 3453 1492 ac
3487 1440 3767 1497 homiliarum

2261 1524 2316 1576 in
2361 1522 2670 1579 Jeremiam.
2724 1524 2973 1581 Profecto
3024 1544 3202 1582 causa:
3236 1529 3338 1582 fuit.
3391 1529 3476 1584 hic
3518 1547 3666 1596 error,
3698 1549 3770 1587 cur

2263 1624 2536 1682 postrema
2588 1632 2716 1688 pars
2763 1617 3000 1672 homilias
3046 1619 3102 1672 in
3150 1619 3357 1674 Isaiam
3412 1637 3557 1678 nonae
3594 1622 3766 1679 interci-

2263 1706 2422 1759 derit.

2335 1796 2422 1850 IX.
2453 1796 2870 1854 Obscrvavimus
2896 1816 3060 1871 supra
3089 1800 3332 1871 quinque
3378 1811 3429 1856 et
3477 1805 3764 1874 quadraginta

2262 1890 2316 1942 in
2343 1888 2627 1944 Jcrcmiam
2665 1892 2915 1947 homilias
2962 1893 3256 1962 Origenem
3311 1894 3568 1950 elimasse.
3611 1895 3673 1950 Ex
3707 1899 3766 1950 iu-

2261 1984 2405 2051 genti
2450 1983 2550 2038 hac
2586 1985 2932 2038 liomiliarum
2984 1997 3133 2040 strue
3185 1987 3582 2057 quatuordeeim
3622 1986 3766 2043 Latine

2262 2075 2459 2128 refmlit
2489 2075 2873 2148 Hieronymus,
2905 2088 2964 2132 ut
2992 2077 3105 2146 ipse
3140 2079 3212 2134 de
3245 2095 3304 2134 se
3353 2088 3569 2134 testatur
3596 2080 3638 2133 in
3667 2095 3768 2148 pra:-

2261 2165 2461 2220 fatione
2490 2167 2832 2222 homiliarum
2857 2169 3105 2240 Origenis
3135 2171 3189 2222 in
3229 2169 3565 2234 Ezechielem,
3588 2181 3634 2225 et
3660 2171 3699 2224 in
3719 2170 3766 2224 li-

2259 2256 2356 2308 bro
2381 2255 2456 2308 De
2484 2259 2661 2327 script.
2693 2260 2898 2326 coclea,
2931 2276 3050 2329 cap.
3083 2261 3206 2315 155.
3245 2261 3606 2317 Novemdeeim
3627 2262 3768 2318 Graece

2259 2347 2424 2400 edidit
2449 2348 2729 2405 Balthasar
2750 2350 3088 2408 Corderiuse
3113 2355 3440 2411 Scorialensi
3481 2356 3766 2422 bibliotheca,

2260 2454 2524 2507 suamque
2571 2441 3078 2510 interpretationem
3135 2445 3411 2516 adjunxit.
3456 2445 3626 2518 Cyrilli
3673 2462 3768 2501 vero

2258 2532 2489 2601 prmﬁxit
2528 2548 2742 2600 nomen,
2799 2535 3059 2604 deceptus
3109 2538 3177 2591 ab
3219 2541 3440 2606 antiquo
3477 2538 3658 2602 codice,
3699 2554 3767 2608 op-

2261 2624 2403 2678 tima:
2440 2627 2766 2695 cteteroquin
2817 2637 2976 2681 none.
3019 2626 3138 2683 lstze
3198 2631 3475 2684 nominum
3517 2641 3763 2684 conminu-

2259 2717 2432 2773 tiones
2465 2734 2529 2772 ex
2561 2734 2626 2773 eo
2665 2719 2924 2774 oriuntur
2960 2735 3223 2790 persaepe,
3255 2723 3396 2790 quod
3429 2722 3478 2775 in
3509 2722 3629 2776 idem
3654 2736 3766 2775 com-

2255 2819 2409 2879 pacta
2461 2811 2707 2868 volumen
2775 2813 3006 2881 plurima
3066 2816 3346 2869 variorum
3397 2830 3573 2885 opera,
3613 2813 3764 2881 partim

2253 2914 2532 2958 auctorum
2585 2920 2804 2960 suorum
2838 2906 3099 2978 inscripta
3150 2907 3487 2973 nominibus,
3511 2905 3676 2977 partim
3697 2905 3766 2960 de-

2252 2993 2461 3059 Stituta,
2497 2993 2748 3050 librarios
2793 2995 2953 3053 facile
3005 2999 3220 3066 fallant,
3271 3011 3536 3056 carentem
3578 2999 3765 3053 auctoris

2178 3124 2218 3178 Ο
2252 3085 2334 3138 sui
2370 3088 2586 3140 nomine
2625 3090 2976 3158 scriptionem
3008 3093 3074 3145 ad
3111 3093 3362 3149 eumdem
3408 3075 3655 3164 pertinere
3679 3107 3766 3147 cre~

2253 3177 2440 3232 dentes
2470 3190 2769 3248 auctorem,
2797 3181 2952 3252 cujus
2987 3201 3181 3239 nomen
3212 3202 3325 3256 pra:
3354 3203 3412 3242 se
3447 3187 3546 3242 fert
3586 3187 3764 3254 scriptio

2251 3271 2495 3336 proxime
2541 3275 2892 3330 antecedens.
2943 3274 3058 3330 Non
3113 3277 3195 3330 his
3236 3293 3367 3332 vero
3411 3280 3666 3341 duntaxat,
3693 3276 3762 3330 sed

2256 3361 2307 3414 in
2370 3362 2490 3416 aliis
2537 3365 2700 3418 etiam
2764 3366 3250 3436 lucubrationibus,
3315 3371 3553 3441 Origenis
3608 3384 3761 3423 nomen

2251 3467 2370 3506 cum
2405 3452 2590 3524 Cyrilli
2641 3459 2858 3512 nomine
2912 3464 3230 3531 permistnm
3269 3479 3335 3524 ac
3389 3462 3647 3518 confusum
3675 3469 3756 3515 est.

2251 3542 2534 3598 Sexdecim
2581 3545 2830 3616 Origenis
2872 3551 3124 3608 homilias
3165 3555 3217 3607 in
3265 3553 3546 3609 Leviticum
3583 3563 3762 3608 vetusta:

2249 3633 2432 3701 Cyrilli
2473 3637 2671 3693 habent
2695 3640 2984 3708 editiones,
3012 3655 3066 3696 et
3094 3645 3299 3716 Cyrillo
3329 3646 3611 3700 ascribunt.
3639 3643 3763 3698 Com-

2249 3730 2572 3782 mentarium
2618 3733 2905 3800 quemdam
2963 3735 3019 3788 in
3076 3735 3322 3791 Marcum
3368 3739 3476 3808 (79')
3515 3753 3654 3808 quem
3681 3737 3760 3789 ali-

2246 3821 2462 3885 quando
2493 3837 2614 3876 cum
2643 3825 2750 3878 Deo
2781 3826 2982 3894 publici
3007 3827 3149 3896 juris
3176 3830 3445 3886 laciemus
3474 3831 3660 3901 Origeni
3686 3844 3758 3883 eo-

2245 3910 2393 3966 dices
2430 3913 2671 3982 quidam,
2699 3916 2900 3988 Cyrillo
2928 3921 3192 3988 nonnulli,
3223 3923 3425 3979 Victori
3478 3923 3761 3979 Antioclieno

2246 4002 2333 4056 alii
2367 4005 2628 4061 tribuunt.
2661 4007 3047 4067 Novemdecim
3089 4015 3274 4083 itaque
3311 4016 3548 4071 homilias
3589 4012 3756 4084 Cyrillo

2244 4108 2528 4164 perperam
2560 4102 2828 4170 ascriptas
2858 4105 3184 4162 Adamantio
3211 4106 3757 4174 restituendasjudica-

2245 4199 2365 4238 mus
2393 4185 2497 4240 hoc
2527 4201 2871 4258 argumento,
2901 4195 3044 4261 quod
3072 4195 3214 4249 inter
3244 4196 3632 4265 quatuordecim
3666 4191 3740 4248 Ori

2243 4274 2401 4344 genis
2430 4277 2680 4332 homilias
2722 4280 2791 4335 ab
2847 4280 3177 4352 Hieronymo
3206 4299 3491 4338 conversas
3522 4279 3755 4336 duodecim

2242 4379 2310 4417 ex
2350 4365 2416 4420 iis
2446 4371 2810 4439 reperiantur,
2835 4387 2973 4441 quas
2998 4373 3188 4428 Graece
3226 4373 3514 4431 Corderius
3559 4369 3756 4442 publiea-

564 4446 834 4498 asciscere
872 4453 1041 4508 amat,
1084 4444 1228 4514 quod
1274 4443 1537 4514 optimum
1579 4452 1665 4498 est
1707 4445 2140 4504 internosceudis
2171 4465 2216 4520 ι)
2248 4457 2339 4510 vit.
2375 4459 2601 4515 Accedit
2638 4459 2881 4517 Vaticani
2915 4465 3118 4520 codicis
3141 4468 3463 4531 auctoritas,
3514 4465 3602 4519 bas
3641 4462 3756 4528 ipsas

565 4534 924 4603 scriptoribus
988 4545 1390 4605 argumentum.
1459 4534 1730 4591 Dictiones
1791 4538 1896 4593 illa:
1955 4551 2132 4596 sunt:

571 4644 589 4677 ι
621 4628 938 4692 abseonsus,
988 4629 1311 4697 dominicus,
1337 4631 1754 4698 nuncupativus,
1802 4632 2128 4701 principale)

562 4733 662 4787 pro
691 4731 757 4772 eo
789 4719 933 4786 quod
969 4729 1052 4773 est
1099 4719 1160 4772 τὸ
1204 4721 1552 4791 ἡγεμονικόν,
1603 4725 1897 4792 principari
1949 4725 2133 4794 alicui,

561 4812 898 4882 principalis,
947 4812 1256 4881 prophetes,
1311 4816 1670 4884 repromitto,
1749 4819 2130 4886 repromissio,

561 4906 972 4974 speculatorius,
1007 4906 1412 4975 turpiloquium,
1444 4907 1705 4973 Zabulus,
1731 4921 1925 4965 cuncta
1957 4912 2136 4965 Evan-

560 4997 846 5064 geliorum,
879 5017 898 5051 ι
944 4997 1160 5068 aliaque
1196 4999 1486 5065 ejusmodi.
1518 4999 1677 5056 Notet
1709 5002 1937 5072 diligens
1961 5005 2134 5060 lector

564 5088 835 5142 liomiliam
877 5105 1074 5144 nonam
1106 5089 1349 5143 mutilam
1377 5105 1496 5145 esse
1531 5090 1583 5144 in
1615 5093 1939 5151 editionibus
1983 5096 2129 5152 Mer-

562 5182 679 5244 liui,
711 5182 920 5237 Erasini
966 5194 1021 5238 et
1048 5181 1405 5248 Genebrardi,
1429 5194 1483 5238 et
1506 5194 1779 5253 postrema
1805 5197 1959 5256 parte
1985 5197 2134 5244 trun-

559 5284 757 5341 catam,
804 5273 965 5344 eique
1013 5275 1321 5345 supplenda:
1370 5276 1668 5331 detractam
1719 5279 1885 5335 fuisse
1916 5293 2131 5350 partem

560 5374 890 5433 postremam
938 5363 1174 5420 homilite
1211 5380 1368 5422 nonae
1395 5365 1570 5436 (juxta
1605 5366 1922 5441 Hieronymi
1960 5374 2128 5430 colle-

2245 4552 2612 4605 novemdeeim
2646 4554 2700 4606 in
2732 4552 3019 4610 Jeremiam
3049 4558 3300 4614 homilias
3333 4560 3544 4621 habens,
3578 4563 3624 4609 et
3659 4551 3756 4607 Ori-

2241 4641 2362 4708 geni
2393 4644 2703 4712 assignans.
2739 4646 2958 4716 Septem
2987 4664 3054 4703 ex
3083 4649 3186 4705 illis
3211 4651 3390 4706 emisit
3415 4651 3465 4704 in
3504 4648 3658 4702 lucem
3682 4643 3754 4697 lli-

2243 4731 2396 4785 chael
2441 4732 2738 4791 Gliislerius
2787 4737 2840 4792 in
2894 4749 3084 4794 catena
3121 4755 3218 4795 sua
3259 4742 3314 4793 in
3355 4739 3654 4799 Jercmiam,‘
3683 4746 3752 4786 eas

2241 4822 2492 4878 nimirum
2517 4841 2638 4894 quae
2669 4830 2720 4881 in
2754 4828 3190 4902 llieronymianis
3239 4832 3481 4887 deerant.
3537 4825 3749 4882 Euindem

2241 4913 2384 4970 inter
2406 4916 2526 4971 illas
2551 4919 2794 4975 ordinem
2823 4924 2976 4992 ponit
2999 4924 3165 4980 codex
3195 4934 3438 4995 uterque,
3469 4932 3616 4990 atque
3654 4928 3746 4970 eum

2241 5007 2564 5076 legitimum,
2609 5021 2665 5066 et
2707 5011 2958 5070 Jeremiae
2995 5015 3127 5070 locis
3172 5031 3309 5086 quos
3343 5020 3606 5077 enarrant,
3653 5023 3749 5061 (ιου-

2236 5110 2578 5156 sentaneum.
2597 5101 2730 5157 Nam
2757 5120 2916 5174 quem
2939 5109 3113 5160 tenuit
3136 5107 3508 5179 Hieronymus,
3529 5100 3746 5158 confusus

2236 5191 2325 5245 ille
2365 5201 2469 5256 est,
2509 5194 2591 5247 vel
2638 5197 2755 5265 ipso
2810 5195 3018 5253 fatente
3057 5216 3072 5254 :
3126 5217 3145 5251 ι
3186 5198 3394 5269 Itaque,
3436 5196 3612 5265 inquit,
3653 5195 3745 5260 post

2237 5286 2640 5352 quattuordecim
2667 5287 2916 5344 homilias
2953 5307 3012 5343 ιιι
3045 5290 3348 5356 Jercmiam,
3399 5304 3527 5359 quas
3567 5281 3742 5356 jampri'

2237 5375 2357 5429 dem
2385 5376 2611 5433 confuso
2641 5380 2831 5436 ordine
2861 5381 3250 5453 interpretatus
3279 5397 3415 5439 sum.
3449 5400 3468 5433 ι
3498 5377 3636 5436 Unde
3658 5387 3742 5427 ma-

628 5527 675 5561 "
705 5526 944 5584 Perkins.
981 5527 1034 5582 in
1065 5523 1336 5585 Problem.
1374 5528 1437 5584 de
1461 5529 1709 5584 ementita
1732 5529 1860 5600 ﬁdei
1887 5531 2058 5602 ,Rom.
2091 5531 2491 5594 Catholicismo.
2569 5539 2616 5572 ⁵⁸
2645 5538 2846 5600 Jerem.
2875 5559 2952 5611 xi,
2983 5544 3069 5600 lo.

563 5737 687 5789 lius.

630 5667 738 5737 (79)
767 5667 929 5734 Quem
996 5667 1285 5737 aliquando
1341 5687 1458 5724 cum
1507 5669 1610 5726 Deo
1669 5668 1859 5738 publici
1892 5669 2035 5737 juris
2089 5668 2361 5736 faciemus.
2405 5674 2687 5747 Nunquam
2741 5680 2884 5736 hunc
2939 5685 3381 5740 commentarium
3430 5677 3585 5738 edidit
3625 5647 3728 5727 Ηυό·
