4068 6312
320 374 453 431 1221

1134 369 1705 428 ORIGENIANORUM
1746 369 1873 424 LIB.
1918 369 2005 435 lll,
2047 369 2199 426 CAP.
2238 369 2303 433 II,
2348 368 2542 425 SECT.
2573 370 2662 425 lli.

3425 369 3445 422 Ι
3456 370 3564 424 222

321 485 580 541 nifestum
631 492 716 539 est
768 482 956 538 titulos
1014 481 1101 536 his
1146 481 1381 535 honiiliis
1431 479 1890 549 prmlixoslliero-
1918 490 1963 541 Α
1992 498 2043 552 p.
2084 480 2217 547 ltiti;
2271 480 2411 533 aliud
2454 496 2519 535 ex
2566 482 2754 535 eodem
2800 479 2866 533 ad
2904 495 3024 550 cap.
3073 480 3167 547 23,
3214 492 3375 551 atque
3422 486 3566 539 aliud

316 594 469 652 nymt
529 592 635 632 non
695 591 833 631 esse.
880 576 959 628 Ad
1011 574 1126 628 hate
1168 573 1529 642 fragmentum
1572 587 1637 624 ex
1674 571 1894 626 bomilia

319 671 600 725 tricesima
654 683 819 737 nona,
879 666 1056 736 capite
1110 664 1321 719 decimo
1372 662 1683 717 Philoca‘lia:
1743 661 1897 715 exhi-

320 766 501 819 betur.

391 855 459 910 X.
502 853 655 908 Tomi
699 850 945 921 Origenis
987 850 1041 903 in
1072 848 1399 903 Ezechiele»:
1438 846 1678 901 vicesimi
1725 845 1896 916 parti-

319 947 441 1000 cula
480 946 708 1015 quadam
736 952 944 999 constat
987 943 1329 997 undecimum
1363 938 1671 993 Philoealiaz
1719 946 1894 1006 caput.

320 1036 682 1106 Hieronymus
724 1049 854 1087 vero
900 1032 1313 1103 quatuordecim
1362 1029 1602 1096 ejusdem
1652 1028 1899 1082 bomilias

319 1129 375 1183 in
407 1128 549 1181 hunc
576 1126 745 1194 ipsum
775 1124 1093 1194 prophetam
1126 1120 1381 1175 Romanis
1403 1119 1582 1173 verbis
1609 1117 1895 1187 expressit.

323 1216 505 1273 Testis
536 1215 798 1285 Prologus
845 1215 897 1267 in
928 1229 1118 1267 earum
1159 1211 1504 1265 homiliarnm
1533 1210 1710 1263 fronte
1737 1208 1899 1261 collo-

320 1321 514 1365 catus;
549 1307 705 1362 testis
728 1317 783 1361 et
819 1306 957 1359 liber
987 1304 1063 1358 De
1108 1306 1351 1370 scriptor.
1375 1303 1585 1365 eccles.,
1626 1317 1744 1369 cap.
1774 1299 1896 1364 HG,

321 1402 476 1456 testis
520 1414 735 1471 quoque
763 1397 1009 1462 Rufinus,
1057 1398 1252 1450 invect.
1279 1394 1334 1460 2,
1362 1394 1452 1462 qui
1483 1404 1535 1446 et
1566 1392 1632 1446 ad
1666 1392 1898 1446 Vincen-

321 1493 451 1547 tium
483 1492 770 1561 Prologum
800 1490 1057 1557 scriptum
1091 1487 1258 1541 fuisse
1287 1487 1463 1539 docet.
1503 1483 1737 1537 Miratur
1769 1483 1899 1537 Era-

319 1598 472 1637 smus
504 1583 556 1635 in
596 1580 818 1634 Censur.
859 1577 952 1631 lib.
980 1574 1222 1645 0rigen..
1252 1575 1380 1644 quid
1424 1574 1608 1628 sitcur
1636 1573 1901 1643 Hierany-

321 1688 461 1737 mus,
490 1672 625 1725 alias
652 1670 843 1723 creber
883 1667 1323 1736 praefationibus,
1369 1663 1501 1717 nihil
1546 1668 1612 1716 ad
1652 1661 1902 1719 homilias

320 1768 376 1820 in
410 1764 613 1817 Isaiam
675 1770 728 1816 et
757 1760 1041 1814 Jeremiam
1084 1773 1113 1811 a
1159 1774 1217 1813 se
1260 1756 1453 1811 Latine
1484 1755 1724 1809 redditas
1767 1768 1903 1821 pra:-

322 1858 466 1922 fatus
509 1856 612 1920 sit;
663 1852 715 1906 in
750 1851 983 1918 Prologo
1022 1859 1205 1902 autem
1246 1848 1312 1900 ad
1353 1845 1609 1900 homilias
1664 1845 1718 1896 in
1764 1841 1903 1895 Ese-
1939 1847 1982 1905 Β
2014 1853 2348 1908 Holmiensi,;

320 1946 542 2003 chielem
565 1958 781 1999 erasum
814 1942 1063 2011 queritur
1102 1937 1418 2008 Hieronymi
1454 1951 1673 1995 nomen,
1706 1944 1758 1989 et
1787 1933 1903 2001 ejus

322 2056 538 2113 quoque
584 2055 742 2110 quem
799 2037 1160 2106 llierouymus
1207 2033 1519 2103 alloquitur.
1586 2030 1906 2101 Suspicatur

321 2148 454 2189 vero
504 2131 762 2201 Prologos
797 2128 965 2183 fuisse
997 2126 1240 2182 sublatos
1281 2126 1350 2179 ab
1379 2125 1461 2179 his
1501 2124 1568 2178 ad
1603 2139 1738 2193 quos
1773 2125 1907 2177 scri-

322 2235 526 2296 pserat,
568 2230 847 2291 postquam
884 2218 1135 2287 Origenis
1187 2230 1382 2270 nomen
1430 2215 1635 2269 factum
1677 2223 1760 2268 est
1800 2212 1906 2267 Ro.

324 2314 501 2369 matis
526 2313 871 2373 invidiosum,
897 2318 953 2363 et
987 2308 1284 2362 verisimile
1306 2321 1426 2361 esse
1456 2307 1506 2359 in
1546 2305 1629 2359 his
1658 2304 1906 2373 Prologis

324 2407 709 2476 llieronynmm
763 2403 1047 2472 magniﬁce
1093 2401 1417 2470 praedicasse
1450 2398 1700 2467 Origenis
1752 2397 1904 2465 inge-

326 2502 495 2555 nium.
530 2499 640 2569 Ego
673 2513 800 2551 vero
848 2496 1077 2565 singulis
1108 2494 1264 2548 libris
1296 2492 1546 2562 Origenis
1585 2505 1613 2542 a
1647 2504 1705 2543 se
1734 2504 1904 2559 expo-

325 2593 445 2646 sitis
468 2592 721 2660 prologos
759 2587 1110 2658 praetexuisse
1136 2584 1521 2655 Hieronymum
1552 2580 1748 2644 fateor,
1782 2596 1905 2633 nam

326 2685 379 2737 id
406 2683 599 2736 asserit
625 2680 943 2735 Gennadius
968 2680 1019 2731 in
1042 2676 1297 2746 Catalogo
1323 2677 1554 2729 virorum
1579 2672 1905 2725 illustrium:

325 2785 383 2829 at
424 2790 560 2844 quos
597 2773 903 2843 przetexuit,
952 2787 1059 2825 non
1099 2771 1165 2824 de
1198 2768 1497 2834 industria,
1538 2766 1632 2819 sed
1676 2779 1805 2819 casu
1855 2772 1909 2816 et

326 2866 676 2921 librariorum
710 2863 999 2917 oseitantia
1029 2874 1233 2915 censeo
1274 2857 1438 2911 fuisse
1466 2856 1743 2920 sublatos;
1776 2853 1910 2907 alio-

328 2961 459 3030 quin
493 2957 739 3012 sublatus
769 2969 983 3028 quoque
1010 2954 1201 3006 fuisset
1238 2949 1498 3020 Prologus
1523 2950 1588 3003 ad
1620 2949 1907 3002 Damasum

328 3052 569 3107 humiliis
597 3050 847 3120 Origenis
870 3051 923 3101 in
948 3047 1218 3101 Canticum
1251 3045 1535 3115 praeﬁxos;
1564 3052 1618 3096 et
1643 3042 1746 3097 iste
1772 3040 1911 3094 alter

2004 575 2131 628 item
2184 575 2389 643 p.167,
2433 590 2499 627 cx
2548 574 2737 628 iisdem
2788 574 3225 643 Expositinnihus
3268 577 3323 630 in
3380 576 3567 631 Matth.

2002 667 2155 734 Cttjtts
2182 666 2354 720 locum
2390 682 2495 721 non
2535 666 2754 719 indicat.
2782 664 3073 733 lndiligens
3110 667 3349 736 profecto
3381 668 3574 723 Bulen-

2003 773 2183 828 gerus,
2227 759 2314 828 qui
2354 758 2494 812 unde
2537 759 2651 812 haec
2703 758 2953 811 habuerit
2999 759 3123 823 sibi,
3162 758 3415 813 lectorem
3466 774 3572 812 non

2006 851 2234 903 monuit.
2281 851 2360 903 An
2411 865 2475 904 ex
2524 850 2711 904 codice
2764 849 2949 917 aliquo
2985 865 3142 902 manu
3188 852 3432 919 scripto?
3477 854 3567 905 vix

2006 943 2167 995 credo
2196 960 2208 995 :
2245 958 2365 994 nam
2396 942 2705 1011 quicunque
2748 941 2906 995 hodie
2934 951 3243 1008 supersunt,
3271 944 3576 1012 quicunque

2007 1042 2155 1086 certe
2186 1032 2313 1086 mihi
2346 1047 2450 1085 non
2493 1042 2639 1092 sunt,
2667 1032 2748 1084 vel
2785 1047 2813 1083 a
2848 1032 3059 1086 decimo
3093 1033 3251 1085 tertio
3282 1034 3460 1100 capite
3490 1034 3575 1088 vel

2006 1138 2034 1175 a
2063 1124 2411 1192 sequentibus
2437 1122 2644 1177 ducunt
2667 1124 2875 1176 initium
2904 1140 2916 1175 :
2950 1123 3000 1175 in
3033 1124 3287 1177 vicesimo
3313 1126 3575 1189 secundo,

2006 1215 2088 1268 vel
2122 1216 2257 1269 citra
2298 1214 2571 1267 desinunt.
2600 1213 2851 1266 Fortasse
2887 1213 3048 1281 igitur
3082 1228 3147 1265 ex
3179 1223 3369 1265 catena
3398 1214 3575 1281 aliqua

2008 1308 2323 1376 prodierunt
2374 1307 2579 1361 isthicc.
2628 1306 2944 1374 Quanquam
2994 1307 3123 1359 nihil
3180 1307 3380 1361 habent
3428 1306 3576 1375 ejus-

2008 1401 2174 1466 modi,
2212 1408 2477 1471 quotquot
2515 1399 2853 1453 excussimus
2885 1409 3103 1454 catenas
3134 1415 3234 1470 ego
3263 1408 3316 1453 et
3350 1400 3581 1454 Combe-

2007 1493 2182 1546 lisius.
2230 1491 2286 1545 lu
2322 1492 2549 1546 vetustis
2584 1492 2862 1545 codicibus
2901 1507 3063 1544 manu
3107 1495 3346 1545 exaratis
3398 1502 3577 1545 tomus

2008 1583 2324 1638 undecimus
2347 1598 2468 1635 cum
2500 1598 2595 1637 sex
2628 1584 2871 1652 proxime
2902 1585 3252 1652 sequentibus
3285 1584 3575 1653 reperitur.

2008 1673 2187 1728 Codex
2240 1672 2728 1743 Ladenburgensis,
2777 1690 2884 1743 quo
2923 1690 3052 1729 usus
3092 1684 3177 1728 est
3228 1674 3508 1737 Erasmus,
3550 1688 3581 1726 a

2009 1762 2198 1816 Matth.
2239 1778 2371 1823 xm,
2420 1762 2512 1827 56,
2563 1763 2968 1833 auspicabatur,
3019 1766 3470 1834 quemadmodum
3527 1771 3583 1817 et

2393 1871 2408 1907 :
2456 1856 2652 1923 Regius
2695 1857 2876 1926 priore
2925 1856 3195 1910 undecimi
3242 1858 3368 1909 lomi
3430 1864 3585 1925 parte

2007 1946 2263 2000 multatus
2294 1956 2395 2001 est.
2432 1946 2487 2000 In
2529 1947 2790 2015 Catalogo
2843 1950 3101 2003 librorum
3149 1948 3301 2003 ducis
3341 1946 3584 2000 Bavarite

2006 2048 2221 2092 notatur
2273 2048 2449 2093 tomus
2495 2039 2810 2094 undecimus
2864 2039 3022 2093 initio
3068 2054 3286 2108 quoque
3338 2038 3582 2100 mutilus,

2007 2145 2127 2183 cum
2184 2131 2427 2198 proxime
2484 2130 2850 2199 sequentibus
2906 2133 3162 2200 quinque.
3225 2131 3482 2183 Erasmus
3532 2130 3584 2181 in

2006 2223 2232 2289 epistola
2288 2223 2354 2276 ad
2406 2222 2757 2277 Franciscum
2819 2222 3118 2291 Cigalinum
3180 2222 3409 2274 allirmat
3453 2219 3587 2274 nihil

2007 2312 2260 2383 Origenis
2289 2315 2475 2368 haberi
2506 2313 2560 2368 in
2596 2314 2867 2367 decinmm
2905 2313 3141 2367 Matthzci
3174 2322 3355 2381 caput.
3388 2311 3455 2365 At
3484 2312 3589 2365 Va-

2009 2412 2222 2465 ticanus
2246 2411 2415 2465 codex
2454 2409 2625 2463 fertur
2654 2419 2907 2464 constare
2954 2408 3116 2462 tomis
3156 2408 3385 2468 decimo,
3422 2406 3591 2459 unde-

2008 2508 2150 2560 cimo
2186 2545 2201 2569 ,
2256 2503 2573 2558 duodecimo
2629 2512 2685 2554 et
2729 2500 2942 2554 decimo
2998 2499 3182 2552 tertio.
3235 2496 3590 2564 Scripseruut

2009 2611 2221 2664 quoque
2265 2594 2443 2649 .losias
2497 2593 2785 2659 Simlerus,
2835 2603 2890 2645 et
2934 2591 3216 2645 Conradus
3271 2589 3481 2643 Frisios
3535 2589 3589 2644 in

2009 2686 2251 2755 Epitome
2288 2684 2631 2739 Bibliotheca:
2666 2683 3042 2744 Gesneriaute,
3095 2680 3283 2734 haberi
3324 2680 3376 2732 in
3417 2679 3588 2734 ltalite

2009 2780 2334 2835 bibliotheca
2386 2778 2619 2846 quadam
2663 2776 2933 2828 decimum
2985 2783 3188 2826 tomum
3244 2772 3592 2824 Commenta—

2010 2874 2212 2926 riormu
2241 2869 2487 2938 Origenis
2512 2869 2565 2921 in
2595 2866 2938 2936 Evangelium
2971 2863 3242 2925 Matthwi;
3276 2863 3401 2915 item
3427 2861 3595 2918 fuisse

2010 2966 2150 3035 apud
2186 2964 2410 3031 Diegunt
2458 2962 2762 3015 Hurtadum
2803 2957 3045 3013 Venetiis
3087 2957 3405 3010 eorumdem
3441 2953 3596 3009 Com-

2013 3058 2402 3112 mentariorum
2445 3062 2646 3107 tomum
2703 3067 2718 3105 ι
2777 3051 2929 3120 (lego
2958 3049 3032 3118 χ),
3079 3063 3168 3111 xl,
3203 3061 3300 3100 xu.
3352 3046 3502 3112 Quod
3548 3046 3592 3099 si

328 3146 396 3245 ξω
426 3142 677 3245 ¹¹⁰¹¹¹ί¹ίξ¹⁵
704 3142 759 3193 ίη
790 3137 1135 3245 Ελεξξιίείξηις
1172 3137 1227 3190 ¹¹¹
1261 3135 1500 3245 92m?“
1533 3132 1742 3245 Mem"?
1772 3131 1908 3234 Pw“
1939 3190 1981 3245 ϐ
2016 3165 2113 3220 par
2147 3158 2232 3204 est
2260 3148 2593 3217 reliquorum
2628 3146 2767 3199 inter
2795 3159 2853 3197 se
2886 3156 3207 3203 consensus,
3240 3139 3417 3210 qualis
3453 3138 3587 3209 regii

331 3237 449 3306 logo
487 3234 742 3305 prtelixus
770 3241 851 3286 est
895 3232 983 3284 hic
1017 3229 1243 3281 titulus:
1278 3225 1539 3295 Prologus
1570 3225 1910 3278 translatoris

328 3328 564 3396 ejusdem
589 3340 606 3378 :
639 3323 755 3391 ejus
783 3336 972 3389 nempe
996 3318 1085 3388 qui
1122 3316 1506 3371 antecedentes
1536 3311 1789 3383 Origenis
1819 3313 1914 3366 ho-

332 3396 509 3468 milias
554 3415 606 3466 in
653 3411 939 3465 Jeremiam
973 3416 1228 3474 verterat,
1275 3420 1434 3476 quem
1463 3412 1681 3459 constat
1726 3402 1914 3456 Hiero-

333 3521 552 3577 nymum
584 3503 773 3558 fuisse.

404 3597 495 3653 XI.
537 3594 890 3652 Ostendimus
920 3590 1169 3659 superius
1201 3605 1265 3645 ex
1299 3586 1577 3644 Prommio
1612 3587 1913 3642 Commen-

334 3693 596 3748 tariorum
643 3685 952 3756 Hieronymi
987 3685 1041 3737 in
1084 3681 1309 3747 Oseum,
1350 3696 1577 3751 parvum
1629 3678 1916 3749 scripsisse

333 3784 573 3840 libellum
611 3777 897 3849 Origenem
946 3775 1036 3847 ζερὶ
1061 3773 1203 3828 11τοῦ
1244 3772 1360 3837 πῶς
1399 3771 1696 3843 ὠνομάσθη
1744 3773 1800 3824 ὲν
1837 3768 1915 3841 τῷ

347 3875 510 3946 Ὠσηὲ
555 3871 816 3943 Ἐφραϊμ,
846 3878 901 3923 et
934 3866 1079 3921 aliud
1117 3875 1377 3935 praeterea
1419 3864 1472 3917 in
1506 3866 1754 3918 eumdem
1793 3877 1916 3932 pro-

336 3970 554 4042 phetam
593 3968 844 4019 volumen
888 3960 1160 4030 ἀκέφαλον
1198 3960 1292 4012 xui.
1339 3956 1645 4012 ἀτέλεστον.
1683 3954 1761 4009 Ex
1794 3966 1915 4009 utro

334 4062 559 4132 petitum
592 4059 661 4111 sit
698 4055 840 4109 istud
874 4052 1273 4122 fragmentum,
1316 4064 1422 4114 quo
1463 4046 1730 4102 conﬂatur
1768 4056 1916 4100 octa-

335 4167 462 4206 vum
498 4147 807 4203 l‘ltilocaliw
840 4154 1024 4215 caput,
1074 4144 1343 4198 incertum
1388 4150 1505 4202 est;
1546 4155 1612 4195 ex
1652 4138 1916 4193 alterutro

337 4244 562 4316 petitum
608 4256 728 4296 esse
782 4250 991 4292 certum
1038 4246 1121 4289 est
1172 4252 1186 4289 :
1246 4250 1371 4288 nam
1423 4231 1671 4302 quamvis
1730 4229 1779 4284 id
1837 4228 1917 4284 eis

338 4334 674 4406 praemissum
724 4332 832 4385 sit:
881 4330 976 4382 Ἐκ
1021 4327 1131 4381 τῶν
1178 4328 1257 4391 εἰς
1308 4326 1398 4379 τὸν
1449 4324 1607 4395 Ὠσηὲ
1656 4321 1913 4393 ἐξηγητι-

338 4428 473 4492 κῶν,
525 4425 883 4493 llieronymus
933 4430 1113 4474 autem
1163 4420 1284 4473 loco
1340 4416 1559 4471 laudato
1625 4415 1803 4466 nullos
1850 4414 1917 4465 ab

2013 3239 2339 3310 exemplaris
2393 3254 2515 3291 cum
2557 3236 2875 3300 Holmiensi,
2904 3250 2967 3288 ex
3023 3249 3130 3285 uno
3179 3233 3475 3299 eodemque
3503 3246 3597 3284 co-

2015 3328 2133 3379 dice
2170 3326 2471 3393 descriptos
2500 3339 2689 3378 onmes
2716 3323 3045 3376 censuerim.
3079 3321 3246 3374 Porro
3292 3321 3427 3374 levis
3473 3320 3596 3374 licet

2014 3416 2322 3472 Bellarmini
2375 3414 2710 3480 conjectura,
2755 3429 2858 3483 qua
2893 3412 3323 3466 Commentarios
3371 3412 3488 3465 illos
3528 3413 3598 3468 ab

2015 3506 2247 3574 Origene
2279 3504 2569 3574 abjudicat,
2612 3518 2716 3556 non
2756 3512 2932 3557 tamen
2978 3502 3341 3572 ἀναπόκριτος
3374 3513 3599 3571 prmter—

2017 3596 2275 3651 mittenda
2306 3606 2409 3650 est.
2436 3595 2526 3649 Sic
2554 3595 2628 3648 ait
2657 3593 2746 3648 ille
2780 3594 2831 3647 in
2876 3593 3015 3647 libro
3051 3592 3125 3646 De
3153 3594 3399 3661 scriptor.
3428 3594 3595 3646 eccle-

2014 3690 2191 3752 siast.,
2242 3688 2330 3743 ubi
2396 3687 2465 3741 de
2521 3684 2807 3756 Origene:
2859 3704 2877 3735 ι
2911 3683 3201 3739 Tractatus
3258 3688 3481 3754 quintus
3540 3686 3594 3739 in

2017 3780 2327 3834 Matthteunt
2361 3779 2573 3833 videtur
2609 3792 2733 3831 esse
2770 3775 2952 3830 Latini
3002 3776 3287 3831 auctoris:
3334 3791 3457 3830 nam
3481 3769 3597 3830 ad-

2017 3873 2222 3926 ducens
2263 3879 2453 3924 auctor
2485 3869 2648 3923 verba
2681 3869 2835 3923 lsaia'
2861 3883 3015 3935 LVIII,
3048 3867 3135 3931 16,
3169 3867 3421 3921 Dominus
3454 3867 3599 3921 misit

2015 3980 2097 4017 me
2131 3972 2178 4017 et
2208 3964 2422 4030 spiritus
2448 3962 2603 4029 ejus:
2635 3961 2687 4013 in
2730 3960 2939 4023 Graeco,
2971 3960 3162 4028 inquit,
3198 3958 3434 4027 Spiritus
3471 3973 3599 4012 san-

2016 4063 2136 4107 ctus
2176 4052 2348 4106 neutri
2396 4049 2608 4120 generis
2649 4059 2764 4114 est,
2811 4064 2917 4102 non
2980 4048 3296 4111 masculini,
3346 4058 3403 4100 ut
3453 4045 3594 4117 apud

2016 4162 2144 4212 nos;
2186 4146 2274 4199 ubi
2306 4160 2365 4199 se
2407 4145 2548 4197 inter
2582 4141 2807 4195 Latinos
2850 4149 3123 4195 numerat.
3160 4140 3224 4194 Et
3248 4140 3293 4194 si
3331 4148 3595 4194 tractatus

2017 4238 2237 4305 quintus
2263 4234 2441 4288 Latini
2483 4232 2723 4287 auctoris
2759 4240 2865 4298 est,
2897 4246 3004 4284 non
3044 4245 3209 4300 parva
3244 4230 3483 4297 suspicio
3513 4238 3599 4282 est

2019 4329 2254 4397 reliquos
2284 4328 2448 4381 etiam
2492 4334 2753 4379 tractatus
2792 4323 3033 4392 ejusdem
3063 4322 3265 4392 operis,
3296 4319 3471 4373 Latini
3504 4334 3600 4372 au-

2018 4423 2186 4476 ctoris
2244 4433 2384 4474 esse.
2417 4437 2435 4469 ι
2477 4416 2713 4471 llabetur
2754 4416 2843 4470 hic
2874 4414 3123 4483 Origenis
3164 4413 3311 4466 locus
3343 4420 3471 4464 tom.
3502 4425 3600 4465 χιιι

340 4522 573 4592 Origene
603 4520 655 4572 in
685 4516 873 4573 Oscam
906 4515 1141 4583 scriptos
1179 4514 1343 4567 fuisse
1370 4508 1802 4566 Commentarios
1830 4520 1916 4560 as—
1948 4529 1993 4584 ι)
2023 4517 2074 4568 in
2121 4513 2314 4567 Manli,
2360 4526 2515 4576 ινιιι,
2558 4526 2708 4567 num,
2736 4508 2822 4573 18,
2870 4522 2993 4577 pag.
3030 4504 3155 4560 595.
3206 4505 3463 4570 Quamvis
3498 4504 3602 4557 hoc

343 4626 490 4669 serat
537 4613 767 4667 dicens:
807 4626 825 4659 ι
855 4608 1059 4678 Rogavi
1109 4621 1232 4660 eum
1283 4601 1637 4676 (Didymum)
1680 4611 1735 4654 ut
1775 4600 1917 4669 quod

344 4707 607 4776 Origenes
636 4720 741 4758 non
783 4701 1019 4765 fecerat,
1056 4700 1171 4768 ipse
1201 4697 1517 4765 compleret,
1561 4705 1615 4749 et
1660 4693 1922 4748 scriberet

346 4801 403 4855 in
452 4798 583 4852 Osee
608 4793 1062 4859 Commentarios,
1092 4809 1110 4841 ι
1153 4789 1559 4860 intelligendmn
1609 4795 1693 4840 est
1733 4784 1921 4853 plenos

349 4891 403 4943 in
436 4898 604 4941 totum
635 4885 831 4940 Oscam
876 4880 1298 4936 commentarios
1324 4878 1615 4946 Origenem
1647 4892 1752 4929 non
1785 4873 1923 4929 scri-

348 4980 542 5052 psisse,
571 4980 662 5032 sed
692 4977 917 5046 exiguos
947 4973 1121 5027 solum
1166 4969 1397 5024 libellos.

421 5069 534 5125 XII.
580 5068 779 5138 Viginti
829 5066 1069 5135 quinque
1104 5065 1161 5117 in
1209 5060 1520 5115 Matt/tantm
1574 5069 1747 5114 tomos
1795 5056 1923 5113 Ori-

350 5179 516 5237 genes
561 5158 881 5217 elaboravit.
914 5156 1082 5209 Breve
1129 5163 1467 5224 segmentum
1501 5166 1531 5205 e
1561 5151 1737 5221 primo
1782 5161 1927 5203 ιοιιιο

350 5256 568 5311 adducit
614 5251 878 5307 Eusebius
926 5250 1021 5303 lib.
1068 5263 1116 5300 vt
1169 5244 1407 5311 Histor.,
1456 5259 1574 5312 cap.
1614 5243 1713 5309 25,
1754 5256 1927 5310 eoque

354 5348 569 5404 brevius
597 5346 739 5401 aliud
776 5343 1012 5399 indidem
1043 5340 1251 5411 profert
1287 5337 1603 5407 Pamphilus
1635 5336 1688 5390 in
1724 5335 1922 5405 Apolo-

351 5448 540 5519 getico.
581 5443 738 5498 Aliud
797 5455 827 5495 e
863 5439 1102 5494 secundo
1158 5445 1336 5500 tonio,
1384 5433 1699 5489 Philocaliae
1750 5432 1928 5500 capite

353 5549 509 5596 sexto
541 5536 848 5592 exhibetur.
882 5530 1038 5587 Aliud
1080 5530 1235 5584 affert
1266 5544 1297 5583 e
1335 5528 1566 5597 septimo
1600 5535 1745 5580 tomo
1772 5524 1930 5578 Pam-

355 5630 555 5701 philus.
597 5627 770 5684 Julius
800 5626 982 5680 Caesar
1014 5622 1343 5692 Bulengerus
1374 5620 1427 5673 iu
1470 5618 1929 5687 Disputationibus

355 5732 543 5780 eontra
592 5719 958 5775 Casaubonum
1009 5725 1150 5786 part.
1191 5729 1253 5779 ιι,
1299 5711 1514 5767 diatrib.
1562 5711 1617 5775 5,
1656 5726 1778 5781 pag.
1808 5709 1927 5775 l9l,

359 5814 717 5884 fragmentum
747 5808 901 5865 affert
933 5823 997 5863 ex
1029 5805 1260 5876 Origene
1304 5802 1369 5857 ad
1402 5818 1522 5872 cap.
1568 5817 1620 5856 γι
1652 5800 1845 5855 Matth.
1873 5808 1929 5855 et

2027 4604 2337 4659 Bellarmiui
2379 4601 2642 4670 judicium
2689 4599 2865 4669 palam
2920 4597 3131 4651 refellat
3178 4594 3383 4649 codicis
3422 4592 3599 4648 (ἔταξθί

2025 4700 2207 4763 lcetio,
2254 4713 2318 4752 ea
2368 4707 2547 4751 tamen
2588 4695 2633 4747 si
2683 4706 3020 4757 careremus,
3067 4706 3172 4744 non
3229 4688 3345 4759 plus
3398 4689 3605 4742 valeret

2028 4790 2156 4844 illud
2203 4788 2463 4841 adversus
2495 4787 2636 4839 hunc
2666 4781 2973 4837 Adamantii
3014 4780 3246 4844 librum,
3289 4793 3453 4848 quam
3502 4778 3603 4832 ad-

2027 4896 2219 4935 versus
2262 4878 2524 4946 reliquos,
2565 4890 2703 4943 quos
2736 4883 2977 4927 veterum
3026 4871 3380 4941 interpretum
3422 4868 3603 4922 studio

2028 4973 2220 5029 Latine
2257 4970 2493 5023 redditos
2521 4966 2786 5035 legimus:
2814 4965 2869 5018 in
2904 4964 2970 5018 iis
2997 4964 3262 5033 siquidem
3293 4960 3605 5029 frequenter

2028 5061 2289 5134 ejusmodi
2330 5067 2627 5115 occurrunt
2659 5058 3024 5112 additamenta
3070 5057 3449 5122 interpretum,
3491 5066 3605 5107 suae

2030 5158 2227 5227 lingua:
2274 5154 2582 5208 hominibus
2633 5150 3071 5219 gratificantium.
3120 5147 3287 5217 Legat
3327 5146 3419 5216 qui
3460 5145 3640 5219 volet,

2034 5246 2269 5318 pagellas
2303 5244 2510 5311 aliquot
2539 5257 2569 5295 a
2611 5240 2805 5295 Rulin
2843 5252 3160 5301 conversas,
3195 5237 3399 5292 videbit
3440 5251 3603 5306 quam

2032 5352 2174 5405 szepe
2211 5334 2498 5388 mantissas
2528 5332 2734 5387 similes
2760 5330 2825 5384 de
2855 5344 2954 5384 suo
2984 5330 3231 5382 accudat.

2104 5428 2344 5498 Amplior
2375 5434 2460 5480 est
2489 5436 2639 5478 vetus
2670 5421 3049 5491 interpretatio
3076 5416 3604 5475 Counnanariorum

2036 5522 2282 5594 Origenis
2309 5520 2363 5574 in
2396 5517 2732 5582 Matthteum,
2764 5516 2925 5584 quain
2953 5513 3198 5568 Grzrcnm
3228 5510 3391 5564 ullum
3424 5522 3608 5562 exem-

2038 5618 2157 5685 plar
2190 5612 2620 5677 manuscriptum
2664 5628 2677 5662 :
2729 5605 3041 5661 Holmiense
3085 5604 3284 5674 quippe
3333 5600 3607 5664 omnium,

2033 5688 2155 5775 quin
2197 5703 2416 5772 quidem
2461 5701 2527 5754 ad
2574 5713 2750 5751 meam
2792 5693 3138 5766 pervenerint
3184 5691 3448 5748 notitiam,
3483 5704 3610 5757 pro.

2034 5795 2387 5859 lixissimum,
2431 5806 2461 5846 a
2516 5789 2747 5845 Matthxi
2816 5786 2991 5859 capite
3046 5799 3173 5851 χιιι,
3222 5798 3365 5839 vers.
3405 5781 3495 5847 '56,
3542 5780 3609 5835 ad
