4068 6312
517 347 655 403 ίῆεδ

1798 347 1857 402 P.
1900 348 2217 405 DANIELIS
2253 346 2487 405 HUETII

3639 341 3780 394 ηερε

514 477 677 537 caput
707 480 841 535 nu,
873 483 1013 524 vers.
1039 468 1129 532 3‘5,
1166 467 1442 538 pertinet:
1478 465 1662 537 prisca
1699 476 1877 521 autem
1924 467 2095 521 inter-
2120 472 2166 528 Α
2195 468 2573 537 pretationem,
2601 463 2741 519 unde
2783 470 3030 532 sequitur
3052 460 3330 518 Gennadio
3359 472 3579 529 quoque
3615 457 3781 513 fuisse

514 562 747 631 pretatio
780 577 813 614 a
847 561 1079 615 Mattbzei
1118 575 1238 629 cap.
1275 575 1385 622 xvi.
1412 560 1498 626 l5,
1525 559 1734 614 initium
1762 559 1981 623 ducens,
2026 561 2091 614 ad

516 669 686 718 xxvii,
715 653 781 706 66
799 652 1156 720 progreditur.
1180 650 1328 705 Hanc
1346 649 1861 705 Commentariorum
1885 659 2089 718 partem

516 744 571 798 in
607 742 853 797 homilias
891 743 1005 795 sive
1047 750 1309 797 tractatus
1343 742 1444 806 '55,
1493 742 1702 796 librarii
1739 742 1875 797 male
1916 741 2091 798 feriati

512 835 837 889 diviserunt.
888 832 1180 888 Recentior
1233 834 1446 887 videtur
1494 833 1596 887 ista
1642 834 1836 887 divisio
1886 842 2094 899 tempo-

515 925 669 978 ribus
707 921 981 977 Vincentii
1024 923 1457 989 Bellovacensis;
1506 924 1707 993 quippe
1750 924 1839 993 qui
1880 923 2094 992 Speculi

513 1018 826 1072 doctrinalis
860 1016 953 1073 lib.
1002 1033 1156 1079 xvm,
1201 1031 1321 1083 cap.
1352 1017 1444 1078 45,
1484 1015 1653 1069 libros
1697 1015 1947 1081 Origenis
1995 1029 2091 1069 sua

512 1114 671 1160 aetate
708 1105 1037 1174 superstites
1071 1120 1386 1169 recensens,
1412 1121 1534 1158 cum
1571 1118 1668 1158 eos
1712 1104 1824 1158 fere
1858 1119 2095 1159 comme-

513 1197 864 1266 moret,-qui
927 1197 1191 1263 hodieque
1228 1196 1283 1249 in
1335 1195 1569 1250 editione
1629 1193 1818 1248 Latina
1879 1210 2095 1266 compa-

515 1297 657 1353 rent,
690 1289 856 1342 libros
888 1288 944 1341 in
985 1286 1293 1340 Matthceum
1331 1286 1518 1356 viginti
1553 1301 1647 1341 sex
1677 1288 1940 1356 assignat,
1971 1302 2094 1341 cor-

513 1391 669 1451 rupta
706 1388 763 1433 ut
792 1380 901 1433 dixi
934 1379 1265 1448 exemplaria
1302 1388 1542 1443 secutus,
1576 1394 1696 1448 quae
1738 1379 1955 1432 totidem
1999 1394 2093 1449 pro

512 1474 698 1543 viginti
726 1473 963 1541 quinque
990 1472 1264 1525 notabant.
1305 1468 1773 1538 Interpretationis
1810 1480 2087 1523 auctorem

512 1566 789 1634 assignare
816 1563 1051 1634 proclive
1091 1578 1194 1617 non
1230 1572 1332 1616 est.
1361 1560 1721 1632 Hieranymus
1760 1561 1814 1613 in
1868 1561 2094 1632 Prologo

512 1657 851 1711 homiliarum
897 1655 1144 1725 Origeuis
1183 1655 1236 1709 in
1273 1653 1473 1707 Lucam
1508 1653 1699 1711 scribit
1747 1668 1846 1708 nee
1897 1655 2092 1709 virium

511 1765 750 1813 suarum.
782 1764 879 1804 nec
910 1749 1024 1811 otii,
1060 1763 1159 1803 nec
1194 1747 1394 1801 laboris
1426 1745 1594 1801 fuisse
1628 1746 1820 1816 viginti
1855 1746 2092 1815 quinque

2198 559 2576 626 posteriorem.
2623 555 2735 625 (80)
2778 555 2911 610 Cum
2958 569 3026 609 ex
3072 554 3177 608 hac
3212 561 3393 605 autem
3444 551 3791 618 interpreta-

2201 650 2348 704 tione
2381 646 2617 705 Thomas
2645 648 2889 718 Aquinas
2933 647 2988 701 in
3021 646 3198 700 Aurea
3224 657 3408 698 catena
3443 644 3562 698 loca
3610 642 3782 697 multa

2198 738 2471 805 αὑτολεξεὶ
2517 737 2719 793 referat
2771 737 2823 791 in
2872 751 3064 791 versus
3113 735 3389 798 Matthxi,
3440 732 3785 804 posteriores

2199 846 2355 885 versu
2398 830 2485 892 l3,
2520 830 2713 898 capitis
2756 845 2865 893 xvi,
2918 829 3261 897 perspicuum
3312 836 3398 882 est
3432 826 3643 880 Thoma
3690 840 3785 880 ve-

2201 922 2478 977 tustiorem
2519 937 2638 977 eam
2692 936 2847 987 esse,
2898 921 3168 989 talemque
3212 922 3332 992 ejus
3371 932 3531 975 astate
3582 919 3789 983 fuisse,

2202 1014 2380 1084 qualis
2415 1012 2571 1068 hodie
2608 1010 3010 1068 cireumfertur.
3042 1011 3248 1067 Thoma
3280 1014 3463 1082 itaque
3500 1011 3789 1078 antiquior

2198 1116 2305 1169 est,
2344 1102 2629 1159 Gennadio
2664 1106 2952 1160 recentior.
2989 1103 3215 1176 Propius
3241 1120 3368 1159 vero
3408 1104 3474 1157 ad
3506 1101 3786 1158 Gennadii

2199 1205 2414 1251 aetatem
2461 1194 2722 1251 accedere
2758 1211 2862 1251 non
2916 1196 3122 1251 levibus
3166 1197 3382 1251 indiciis
3416 1193 3791 1263 deprehendi-

2200 1303 2341 1343 mus.
2383 1289 2551 1343 Tomo
2596 1300 2707 1343 xvu
2763 1292 2820 1343 in
2874 1288 3105 1352 Manli”
3159 1302 3309 1342 num.
3348 1288 3448 1353 14,
3495 1302 3622 1355 pag.
3656 1284 3785 1349 789,

2202 1380 2316 1433 inec
2367 1380 2527 1433 habet
2570 1381 2834 1451 Origenes
2873 1396 2888 1433 :
2923 1380 3127 1434 Ὁποῖοί
3175 1383 3311 1433 εἰσιν
3358 1379 3408 1432 οἱ
3459 1377 3789 1449 συγχέοντες

2199 1471 2412 1543 Πατρὺς
2450 1472 2544 1527 καὶ
2575 1470 2705 1525 Υἱοῦ
2749 1473 2978 1537 ἔννοιαν,
3012 1473 3105 1526 καὶ
3138 1474 3202 1542 τῇ
3239 1470 3536 1525 ὑποστάσει
3574 1470 3677 1523 ἕνα
3702 1468 3791 1522 διο

2198 1562 2381 1627 δόντες
2409 1561 2547 1618 εἶναι
2577 1563 2667 1617 τδν
2697 1561 2945 1637 Πατέρα,
2984 1565 3076 1618 καὶ
3108 1565 3198 1617 τὸν
3222 1564 3371 1618 Υἱόν.
3412 1563 3591 1617 Vertit
3628 1571 3787 1615 vetus

2201 1657 2511 1726 interpres:
2551 1676 2569 1708 ‹
2601 1656 2801 1724 Quales
2847 1666 2974 1711 sunt
3024 1655 3266 1712 haeretici
3303 1657 3394 1727 qui
3446 1653 3785 1710 confundunt

2202 1746 2375 1803 Patris
2413 1760 2470 1804 et
2516 1748 2635 1804 Filii
2705 1751 3098 1815 substantiam,
3148 1765 3312 1803 unum
3366 1750 3613 1802 dicentes
3661 1763 3783 1804 esse

512 1854 686 1897 tomos
716 1843 854 1897 illius
886 1843 940 1896 in
982 1841 1316 1905 Martiarum,
1362 1840 1602 1908 quinque
1645 1838 1699 1891 in
1741 1836 1958 1900 Lucam,
1994 1837 2091 1891 tri-
2126 1858 2166 1913 Β
2198 1841 2410 1897 Patrem
2454 1852 2507 1897 et
2552 1843 2767 1897 Filium.
2800 1861 2817 1894 ι
2860 1842 3195 1897 ’Υπόστασιν
3242 1842 3418 1897 reddit
3470 1859 3489 1893 ί
3524 1846 3781 1897 substan-

511 1937 661 2005 ginta
693 1948 880 1989 novem
910 1936 961 1987 in
992 1933 1276 1999 Joannem,
1307 1940 1530 2002 rogante
1559 1930 1805 1992 Bizesilla,
1840 1929 2094 1983 Romanas

510 2030 705 2097 lingua!
750 2029 981 2082 tradere.
1032 2026 1260 2081 Proinde
1292 2025 1491 2079 veteris
1534 2022 1999 2094 interpretationis
2037 2024 2094 2075 in

510 2120 821 2174 Matt/urunt
874 2130 1062 2173 auctor
1123 2134 1226 2172 non
1291 2129 1378 2174 est
1447 2117 1823 2187 Hieronymus.
1880 2114 2095 2168 Minime

507 2228 638 2267 sane
664 2212 913 2267 audiendi
951 2211 1125 2266 .losias
1157 2211 1420 2265 Simlerus
1458 2220 1512 2265 et
1556 2209 1835 2265 Conradus
1862 2206 2092 2267 Frisius,

508 2306 581 2361 ita
616 2309 915 2361 scribentes
946 2306 997 2360 in
1042 2303 1287 2372 Epitome
1325 2303 1671 2358 Bibliotheca:
1713 2299 2092 2357 Gesneriame:

511 2421 530 2452 ι
562 2400 810 2465 Origenis
839 2402 891 2453 in
918 2398 1232 2453 Matt/tarum
1277 2396 1511 2450 humilia:
1546 2392 1636 2458 36,
1667 2394 1736 2448 ab
1770 2390 2096 2460 Hieronymo

508 2493 800 2560 translatae,
850 2492 992 2546 inter
1030 2491 1091 2544 D.
1138 2488 1448 2559 Hieronymi
1507 2500 1672 2555 opera
1728 2483 1996 2538 habentur
2028 2500 2041 2536 :
2070 2499 2089 2534 ι

507 2601 630 2640 nam
684 2597 860 2654 neque
899 2590 1117 2637 exstant
1168 2580 1401 2634 homiliaa
1445 2577 1514 2631 56
1546 2575 1795 2646 Origenis
1843 2577 1897 2628 in
1947 2572 2092 2627 Mat-

506 2678 719 2739 thazum.
764 2677 856 2731 sed
897 2674 969 2729 35
1014 2674 1316 2737 duntaxat;
1363 2684 1539 2740 neque
1587 2683 1773 2723 earum
1825 2668 2092 2735 interpres

504 2770 864 2839 Hieronymus
916 2767 1194 2821 habendus
1224 2774 1338 2828 est;
1392 2764 1499 2817 imo
1536 2760 1865 2830 Hieronymo
1906 2774 2095 2813 recen-

508 2863 611 2914 tinr
636 2869 750 2927 est,
795 2876 918 2913 nam
964 2859 1008 2913 si
1045 2858 1156 2926 jam
1194 2857 1481 2926 prodiisset
1518 2855 1634 2926 ejus
1678 2863 1857 2919 aetate,
1899 2867 2091 2906 novam

507 2952 732 3006 Bimsilla
779 2951 1091 3020 neutiquam
1142 2948 1504 3017 postulasset;
1542 2961 1641 3003 nec
1678 2946 1751 3001 ita
1790 2945 2095 3013 scripsisset

509 3038 867 3110 llieronymus
901 3038 953 3092 in
995 3038 1153 3105 epist.
1194 3036 1283 3098 65,
1318 3038 1385 3090 ad
1423 3035 1739 3091 Pammach.
1775 3045 1828 3089 et
1866 3034 2092 3098 Ocean:,

505 3146 628 3198 cap.
655 3130 690 3183 2
715 3150 730 3186 :
769 3149 787 3181 ε
817 3129 1045 3185 Centum
1077 3128 1464 3198 quinquaginta
1498 3129 1623 3181 anni
1656 3140 1825 3198 prope
1850 3134 1996 3195 sunt,
2025 3140 2093 3183 ex

505 3239 613 3294 quo
654 3222 915 3292 Origenes
964 3231 1205 3275 mortuus
1254 3229 1337 3273 est
1382 3218 1510 3291 Tyri
1557 3238 1569 3273 :

505 3329 671 3368 ausus
701 3322 786 3369 est
822 3330 1058 3383 unquam
1105 3311 1401 3367 transferre
1438 3313 1603 3366 libros
1647 3312 1766 3382 ejus
1803 3311 1878 3367 De
1918 3328 2094 3366 resur-

505 3406 763 3472 rectione,
802 3405 944 3473 Περὶ
978 3404 1199 3473 ἀρχῶν,
1239 3403 1652 3474 στρωματέας,
1688 3414 1743 3459 et
1773 3405 2039 3474 τόμουςῖ
2066 3423 2085 3458 ι

505 3497 674 3560 Nemo
704 3498 869 3567 igitur
917 3498 1194 3552 existimet
1244 3498 1406 3550 ullam
1450 3508 1715 3551 tomorum
1765 3497 2093 3566 interpreta-

504 3589 704 3643 tionem
736 3603 858 3643 esse
898 3587 1225 3659 llierouymo
1260 3589 1647 3657 antiquiorem.
1696 3586 1876 3643 Nihilo
1922 3589 2094 3658 magis

505 3674 701 3728 Ruilrio
728 3676 939 3729 videmr
968 3676 1310 3739 ascribenda,
1341 3678 1483 3745 quod
1520 3676 1731 3731 Erasmi
1775 3690 1909 3746 pace
1954 3677 2093 3733 hanc

503 3767 605 3836 ipsi
639 3768 989 3823 attribuentis
1039 3768 1244 3823 dictum
1287 3770 1448 3823 velim
1482 3787 1496 3825 :
1531 3770 1621 3825 ille
1668 3771 1812 3825 enim
1854 3772 1907 3825 in
1949 3773 2092 3839 Apo-

503 3858 641 3926 logia
672 3857 929 3928 Pamphili
966 3858 1083 3913 loca
1108 3860 1355 3929 quaedam
1383 3876 1413 3916 e
1441 3860 1849 3916 Commentariis
1872 3862 1924 3917 in
1960 3862 2095 3916 Mat-

504 3948 697 4002 thazum
732 3949 961 4003 adducta
993 3949 1378 4019 interpretans,
1412 3964 1517 4005 nou
1555 3951 1675 4007 aliis
1707 3953 1882 4007 solum
1919 3955 2088 4006 utitur

505 4038 717 4102 verbis,
754 4053 916 4107 quam
960 4054 1081 4108 quae
1126 4040 1395 4108 interpres
1444 4041 1545 4096 iste
1598 4053 1753 4096 vetus
1813 4043 2091 4110 adhibuit,

504 4143 690 4184 verum
719 4132 882 4183 etiam
924 4131 1090 4184 multa
1123 4145 1242 4199 quae
1274 4131 1325 4185 in
1366 4146 1432 4185 eo
1473 4134 1853 4188 desiderantur
1893 4151 2092 4205 reprae-

502 4224 782 4279 sentavit:
815 4239 935 4277 cum
976 4232 1155 4277 tamen
1193 4223 1247 4277 in
1284 4224 1473 4278 eadem
1512 4226 1766 4296 Apologia
1811 4227 1929 4282 loca
1972 4244 2093 4283 ver-

504 4324 625 4369 tens
666 4330 734 4369 ex
763 4314 884 4369 aliis
935 4315 1251 4385 deprompta
1306 4316 1753 4383 Commentariis,
1803 4335 1941 4388 quos
1976 4322 2091 4389 ipse

504 4407 684 4462 fuerat
718 4409 1127 4477 interpretatus.
1171 4423 1275 4463 non
1314 4409 1433 4464 aliis
1483 4419 1667 4464 utatur
1711 4410 1890 4467 verbis
1924 4429 2087 4484 quant

503 4500 639 4565 suis,
668 4516 834 4569 seque
861 4502 941 4556 sui
983 4501 1215 4557 similem
1244 4503 1296 4557 in
1335 4505 1526 4559 eodem
1560 4504 1677 4559 loco
1710 4504 1791 4559 bis
1834 4508 2089 4562 vertendo

2205 1934 2352 2001 tiam,
2379 1952 2399 1987 ι
2435 1936 2577 2004 quod
2607 1949 2855 2004 magnam
2888 1936 3169 2005 scriptoris
3193 1934 3573 2005 antiquitatem
3607 1935 3781 2003 sapit;

2203 2025 2304 2081 hac
2348 2027 2490 2081 enim
2538 2026 2755 2082 notione
2802 2026 3101 2081 ὑπόστασιν
3161 2028 3385 2098 antiqua
3428 2025 3542 2081 fere
3594 2026 3784 2082 Patres

2204 2128 2483 2187 usurpant.
2518 2118 2755 2175 Hilarius
2786 2119 2838 2174 in
2877 2120 3017 2176 libro
3049 2120 3123 2175 De
3162 2120 3379 2191 synodi:
3410 2129 3597 2175 contra
3628 2120 3783 2174 Aria-

2203 2224 2295 2263 nos
2337 2220 2447 2265 tres
2490 2210 2731 2281 agnoscit
2770 2211 3104 2267 substantias
3141 2211 3194 2266 in
3227 2208 3513 2274 Trinitate,
3546 2210 3656 2264 hoc
3700 2220 3784 2263 est

2203 2300 2559 2370 ὑποστάσεις,
2614 2302 2915 2374 ἰδιότητας,
2968 2303 3272 2373 πρόσωπα,
3322 2303 3682 2357 substantiam
3718 2299 3787 2354 ab

2202 2394 2434 2448 essentia
2480 2394 2837 2463 distinguens.
2887 2392 3106 2449 Priscus
3147 2409 3358 2464 quoque
3407 2393 3543 2448 Novi
3588 2392 3785 2447 Testa-

2204 2486 2370 2540 menti
2402 2485 2671 2554 interpres
2704 2487 2881 2543 locum
2911 2489 3052 2543 luinc
3086 2488 3247 2543 Hebr.
3278 2504 3317 2553 ι,
3346 2488 3399 2551 3,
3424 2487 3483 2550 ὃς
3511 2485 3588 2538 ὣν
3612 2482 3788 2538 ἀπαύ-

2202 2594 2391 2650 γασμα
2440 2578 2539 2649 τῆς
2576 2579 2767 2651 δόξης,
2815 2579 2909 2633 καὶ
2960 2581 3248 2654 χαρακτὴρ
3285 2581 3383 2652 τῆς
3429 2579 3783 2642 ὑποστάσεως

2201 2670 2399 2734 αὑτοῦ,
2446 2674 2617 2726 reddit
2649 2689 2661 2724 :
2701 2690 2719 2721 (
2749 2681 2803 2726 et
2854 2673 3025 2743 ﬁgura
3077 2673 3391 2729 substantizc
3426 2673 3545 2742 ejus
3572 2692 3587 2728 :
3619 2692 3638 2723 ι
3688 2687 3786 2725 uec

2203 2762 2254 2816 id
2304 2763 2533 2816 mutavit
2596 2762 2989 2835 Hieronymus,
3044 2765 3292 2837 quamvis
3349 2763 3650 2827 ὑπόστασις
3713 2763 3784 2817 ibi

2200 2869 2476 2921 personam
2521 2854 2770 2910 videatur
2816 2857 3144 2926 signiﬁcare.
3192 2856 3332 2911 Nihil
3368 2866 3545 2912 tamen
3584 2857 3671 2911 hic
3704 2855 3786 2909 af-

2202 2940 2392 3010 ﬁrmo;
2445 2945 2557 3000 scio
2612 2948 2756 3001 enim
2806 2964 2836 3003 a
2888 2950 3141 3005 Patribus
3189 2950 3373 3004 multis
3425 2950 3783 3005 substantiam

2164 3062 2169 3068 ο
2202 3035 2397 3106 ipsam,
2440 3053 2534 3093 seu
2580 3049 2831 3095 naturam
2863 3050 2917 3097 et
2945 3043 3237 3098 essentiam
3286 3042 3467 3096 Patris
3504 3043 3593 3097 hic
3630 3042 3788 3097 intel-

2202 3129 2313 3200 ligi.
2341 3130 2420 3184 Ad
2454 3130 2566 3187 haec
2609 3141 2766 3189 vetus
2811 3135 3076 3203 interpres
3110 3140 3271 3190 tract.
3302 3136 3357 3198 8,
3398 3135 3667 3205 insignem
3707 3136 3786 3187 Io-

1618 3221 1741 3290 quis
1783 3217 2103 3280 Latinorum
2126 3228 2171 3289 c
2203 3236 2326 3275 cum
2358 3221 2565 3292 profert
2592 3239 2657 3278 ex
2695 3222 2987 3296 Evangelio
3019 3229 3314 3283 secundum
3350 3222 3779 3298 llebrze05(81).

2196 3317 2355 3386 Atqui
2392 3316 2442 3370 id
2476 3316 2541 3372 de
2585 3331 2685 3372 suo
2722 3318 2963 3385 addidit;
3001 3321 3201 3389 quippe
3247 3320 3388 3390 quod
3424 3320 3474 3373 in
3507 3314 3784 3390 exempla;

2198 3406 2348 3463 ribus
2374 3408 2577 3464 Graecis
2613 3426 2883 3479 nusquam
2937 3419 3215 3481 appareat.
3253 3409 3333 3465 Ac
3373 3412 3606 3480 proinde
3652 3422 3785 3464 tem-

2196 3515 2385 3569 porum
2421 3501 2657 3568 illorum,
2688 3503 2886 3572 quibus
2922 3501 3028 3557 hoc
3068 3510 3360 3574 supererat
3406 3502 3781 3572 Evangelium,

2194 3591 2417 3660 aequalis
2454 3590 2576 3647 fuit.

2268 3680 2521 3737 Profecto
2588 3682 2901 3751 interpretis
2947 3684 3109 3754 hujus
3163 3696 3377 3741 aetatem
3431 3685 3780 3755 investiganti

2193 3775 2353 3830 alicui
2389 3774 2683 3832 verisimile
2711 3775 2939 3831 forsitan
2980 3774 3072 3831 fiet
3101 3776 3413 3833 Cassiodori
3448 3779 3781 3846 temporibus

2195 3868 2413 3935 vixisse,
2461 3870 2744 3939 ipsumque
2776 3870 2909 3923 adeo
2938 3884 3059 3924 esse
3093 3870 3449 3940 Epiphaniam
3482 3868 3781 3926 Scholasti-

2193 3977 2314 4016 cum
2346 3960 2658 4017 Cassiodori
2705 3959 3033 4016 familiarem
3067 3973 3125 4016 et
3178 3964 3571 4019 necessarium.
3608 3962 3781 4033 Supra

2196 4064 2507 4108 memoratae
2555 4064 2694 4108 nota:
2722 4054 2979 4108 videntur
3021 4057 3315 4110 convenire
3366 4055 3595 4127 aliaeque
3642 4072 3779 4125 prte-

2195 4154 2363 4199 terea.
2405 4142 2609 4201 Graeca
2652 4144 2849 4216 lingua:
2897 4162 3085 4215 parum
3135 4149 3447 4202 consultum
3499 4145 3603 4202 fuit
3657 4146 3781 4217 Epi-

2191 4241 2461 4309 phanius,
2537 4242 2739 4297 oratio
2775 4242 3004 4297 barbara
3039 4283 3055 4310 ,
3122 4242 3381 4311 dissipata
3440 4251 3499 4296 et
3554 4241 3776 4297 inculta.

2194 4333 2415 4387 Summa
2475 4332 2671 4388 veteris
2750 4331 2895 4389 illius
2948 4333 3268 4403 interpretis
3332 4335 3648 4399 barbaries,
3694 4337 3779 4389 vix

2195 4425 2486 4481 mediocris
2537 4423 2818 4480 idiomatis
2850 4425 3023 4480 Graeci
3071 4426 3293 4495 peritia,
3339 4426 3495 4496 plane
3535 4426 3679 4481 nulla
3727 4426 3777 4481 in

2192 4518 2506 4574 evolvendis
2550 4517 2958 4573 obscurioribus
3012 4518 3302 4574 sententiis
3353 4518 3774 4590 perspicacitas;

503 4592 774 4690 “’f‘endal-
807 4593 959 4690 A_dde
988 4595 1209 4690 ξιγιυηι
1258 4594 1324 4649 i'b
1370 4592 1792 4690 l'nefonymia'lo
1841 4607 1897 4651 ει
1937 4598 2086 4653 Πηίὶ·
2120 4635 2163 4690 ι)
2194 4611 2349 4679 cujus
2379 4608 2481 4664 sibi
2529 4610 2781 4665 conscius
2814 4608 3125 4664 diliicillima
3176 4626 3406 4681 quaeque
3455 4612 3613 4681 quasi
3650 4627 3777 4666 con-

503 4685 667 4739 niano
718 4685 930 4755 penitus
970 4686 1316 4757 discrepare,
1358 4698 1414 4742 et
1461 4688 1745 4743 deterioris
1792 4704 1857 4745 ac
1897 4705 2086 4746 recen-

503 4779 658 4833 tioris
688 4778 865 4833 artatis
906 4776 1038 4832 vitio
1088 4791 1141 4834 et
1191 4782 1497 4851 corruptela
1550 4796 1672 4836 esse
1727 4782 2085 4852 inquiuatmn.

502 4871 783 4925 Gennadio
826 4886 1040 4941 quoque
1090 4874 1451 4928 recentiorem
1494 4888 1616 4929 esse
1644 4890 1710 4928 ex
1737 4889 1802 4929 eo
1835 4875 2084 4942 conjicio,

504 4966 646 5032 quod
679 4965 730 5018 in
776 4962 1036 5035 Catalogo
1081 4964 1369 5019 illustrium
1421 4966 1653 5021 virorum
1700 4984 1805 5022 non
1860 4967 2088 5023 obscure

503 5055 777 5126 significat
806 5071 1143 5128 quaecunque
1180 5056 1431 5127 Origenis
1472 5072 1637 5128 opera
1669 5060 1736 5113 ab
1766 5058 2091 5133 Hieronymo

503 5161 610 5202 non
639 5162 901 5203 conversa
934 5150 1048 5205 suis
1086 5151 1419 5220 temporibus
1463 5152 1772 5219 exstabant,
1815 5168 1877 5206 ea
1912 5170 1940 5207 a
1979 5153 2090 5207 Ru-

503 5238 616 5295 ﬁno
658 5239 852 5295 Latine
898 5243 1106 5297 reddita
1143 5241 1328 5298 fuisse.
1379 5243 1729 5300 Ostendimus
1766 5255 1946 5301 autem
1988 5263 2087 5303 nec

450 5373 456 5402 ;
502 5332 853 5403 Hieronymo,
895 5349 992 5389 nec
1036 5335 1234 5391 ltulino
1278 5337 1475 5392 ascribi
1522 5352 1682 5407 posse
1725 5340 1867 5395 hanc
1912 5341 2083 5397 inter-

575 5455 685 5528 (80)
726 5454 858 5511 Cum
899 5458 1318 5531 ez_ltacgaulem
1368 5461 1801 5531 interpretatione
1859 5459 2083 5517 Thomas

412 5586 423 5595 ,
505 5525 765 5600 Aquinas.
815 5536 920 5583 etc.
975 5528 1296 5600 Paschasius
1359 5525 1682 5595 Radbertus,
1736 5533 1827 5600 qui
1890 5533 2085 5587 saeculo

508 5611 651 5649 llOIIO
681 5598 929 5661 ﬂorebat,
967 5599 1195 5667 plurima
1224 5602 1388 5656 etiam
1419 5602 1537 5657 loca
1569 5602 1736 5656 refert
1758 5598 1834 5656 ex
1865 5602 1964 5656 hac
2000 5604 2083 5654 inc-

506 5669 899 5746 teppretatioue
919 5671 972 5723 in
1004 5670 1120 5746 suis
1149 5672 1201 5725 in
1231 5671 1542 5746 Meuianum
1570 5671 2009 5746 commentariis,
2033 5683 2087 5725 et

501 5740 800 5814 etiamnum
829 5750 1008 5792 exstat
1054 5741 1107 5814 in
1160 5743 1323 5809 regali
1366 5742 1580 5797 abbatis
1616 5741 1675 5795 S.
1715 5740 1942 5813 Remigii
1979 5743 2085 5814 Re-

507 5806 710 5857 meusis
756 5806 971 5876 elegans
1014 5812 1178 5864 codex
1215 5806 1357 5865 nouo
1390 5815 1583 5869 sznculo
1625 5806 1899 5881 εετὶριυδξ
1917 5825 1970 5865 et
2020 5812 2087 5865 ab

2196 4704 2336 4756 sulto
2375 4702 2739 4770 praetermisit.
2787 4701 2949 4757 Certe
2988 4710 3100 4757 tam
3147 4703 3395 4759 abnormi
3431 4702 3650 4759 licentia
3695 4705 3778 4759 iu-

2197 4795 2639 4862 terpretationem
2670 4796 2810 4849 hanc
2840 4795 3266 4861 administravit,
3299 4807 3358 4852 ut
3394 4797 3647 4853 mirabile
3675 4798 3775 4852 sit:

2196 4896 2338 4943 totas
2385 4886 2608 4958 paginas
2634 4888 2892 4954 detraxit,
2939 4899 3081 4944 totas
3132 4890 3376 4955 addidit,
3425 4907 3526 4946 nec
3571 4892 3777 4960 uspiam

2194 4977 2470 5048 exemplar
2508 4987 2813 5034 assectatus
2847 4987 2951 5034 est.
2988 4979 3191 5032 Verum
3224 4978 3525 5034 Historiam
3562 4978 3779 5050 Τήρην-

2194 5071 2347 5123 (itam
2378 5068 2447 5123 ab
2491 5068 2591 5123 hoc
2623 5068 2928 5139 Epiphanio
2963 5070 3221 5140 scriptam
3274 5072 3318 5126 si
3364 5073 3487 5141 quis
3525 5085 3777 5128 accurate

2192 5176 2314 5215 cum
2352 5167 2560 5215 vetusta
2597 5158 2684 5213 illa
2710 5161 3023 5230 Origeniani
3052 5162 3104 5214 in
3145 5158 3459 5215 Matt/zamia
3491 5161 3777 5217 Commen-

2192 5252 2312 5306 tarii
2354 5253 2797 5322 interpretatione
2834 5251 3164 5315 conﬂixerit,
3209 5268 3479 5307 summam
3511 5252 3636 5325 styli
3671 5254 3776 5307 dis-

2186 5346 2544 5412 crepantiam,
2599 5354 2761 5415 atque
2798 5344 2938 5400 hanc
2984 5347 3152 5401 multo
3198 5346 3286 5401 illa
3331 5344 3769 5416 inquinatiorem,

2192 5465 2483 5538 llincmaro
2511 5464 2768 5538 Remensi
2821 5467 3233 5538 archiepiscopo
3283 5467 3409 5523 huic
3440 5467 3769 5522 monasterio

2189 5536 2331 5607 dono
2373 5538 2553 5599 datus,
2588 5536 2649 5607 in
2685 5552 2792 5605 quo
2836 5536 3126 5592 vetus'illa
3171 5536 3523 5607 intcpretatio
3568 5540 3768 5607 integra

2190 5606 2522 5688 Contiuetur.
2556 5605 2721 5688 .Quod
2750 5619 3068 5678 argumento
3097 5616 3179 5662 est
3216 5605 3496 5664 Radberto
3525 5617 3580 5662 et
3612 5605 3769 5663 Hinc:-

2191 5692 2344 5731 maro
2370 5686 2725 5730 vetusttorent
2754 5692 2873 5731 eam
2906 5692 3044 5733 esse.

2259 5746 2373 5819 (8|)
2415 5746 2546 5804 Vide
2574 5756 2708 5803 tom.
2739 5764 2806 5802 xv
2835 5750 2887 5803 in
2922 5747 3142 5816 ΜαιιΙι.,
3171 5764 3319 5806 num.
3346 5748 3432 5815 li,
3464 5764 3515 5821 p.
3543 5747 3619 5804 67
3645 5748 3697 5805 1.
