4068 6312
303 351 441 407 1225

1152 354 1719 412 ORIGENIANORUM
1759 358 1887 412 LIB.
1926 359 2017 426 III,
2058 357 2215 414 CAP:
2244 358 2316 424 .ll,
2360 357 2552 413 SECT.
2584 357 2704 414 III.‘

3412 352 3549 410 1236

300 478 355 522 et
397 468 704 525 innumeris
754 472 1141 526 vocabulorum
1190 477 1452 542 portentis
1490 478 1868 533 deformiorem
1900 488 1946 543 Α
2043 478 2183 534 ΚΝ.
2223 478 2336 549 (82)
2366 480 2408 533 Ε
2435 478 2643 533 duobus
2667 486 2723 531 et
2767 477 2987 547 triginta
3030 475 3548 532 Commentariorum

301 556 555 613 oﬂ‘endet.
608 557 858 629 IEqualis
900 561 1183 630 Epiphanii
1220 563 1320 617 fuit
1367 564 1607 622 Bellator
1657 569 1878 636 quidam

301 650 606 705 Cassiodori
653 653 836 706 itidem
890 653 1192 719 familiaris,
1241 656 1395 725 cujus
1442 669 1631 728 rogatu
1683 661 1880 716 multas

296 738 619 795 Graecorum
674 741 1032 810 scriptiones,
1083 744 1370 799 nonnullas
1424 748 1587 800 etiam
1632 746 1880 818 Origenis

303 828 504 885 Latino
530 848 778 886 sermone
826 835 1088 901 rependit.
1120 834 1256 892 lluic
1288 839 1332 891 si
1373 840 1494 906 quis
1534 838 1880 894 Commenta-

314 923 520 977 riorum
553 925 606 976 in
654 923 965 978 Matt/neum
1015 926 1521 996 interpretationem
1588 932 1879 1002 ascriptam

302 1012 455 1075 velit,
485 1028 589 1082 non
626 1012 779 1066 valde
809 1016 1140 1083 repugnabo.
1167 1016 1275 1072 Nec
1313 1021 1537 1074 multqu
1565 1021 1881 1078 adversatur

304 1103 629 1172 conjectura:
682 1114 882 1159 nostrae
931 1101 1241 1164 Cas'siodori
1289 1112 1353 1167 de
1400 1113 1502 1167 hac
1554 1114 1879 1185 interpreta-

305 1193 452 1248 tione
480 1195 774 1265 sileutium,
805 1197 895 1265 qui
941 1198 1073 1253 alias
1105 1201 1390 1271 plerasque
1439 1204 1727 1274 Epiphanii
1763 1207 1881 1262 Bel-

303 1285 489 1340 Iatoris
519 1288 569 1339 in
603 1285 740 1341 libro
774 1289 847 1342 De
886 1291 1221 1347 institutione
1253 1294 1544 1350 divinarum
1580 1295 1881 1367 Scriptura-

300 1393 419 1430 rum
454 1379 759 1432 recensuit:
796 1395 918 1433 nam
951 1393 1074 1449 post
1105 1384 1304 1438 editum
1337 1386 1478 1443 hunc
1506 1402 1535 1442 a
1560 1390 1880 1447 Cassiodoro

314 1467 555 1523 libellum
589 1470 859 1524 lucubrari
891 1488 949 1525 ea
990 1477 1164 1543 potuit

371 1560 447 1614 De
491 1572 694 1631 septem
729 1562 976 1633 Origenis
1019 1566 1073 1620 in
1105 1568 1413 1625 Matt/urunt
1468 1573 1706 1630 homiliis
1756 1591 1875 1645 quae

301 1652 572 1707 habentur
620 1652 764 1707 inter
814 1669 927 1719 eas,
961 1672 1094 1725 quas
1126 1659 1178 1712 in
1215 1650 1457 1717 diversos
1505 1665 1661 1735 vulgo
1693 1669 1881 1736 appel-

304 1744 433 1813 lant,
465 1750 718 1818 quoniam
754 1750 944 1807 incerti
982 1766 1107 1810 sunt
1152 1758 1417 1825 auctoris,
1467 1773 1566 1814 suo
1601 1761 1721 1817 loco
1755 1764 1871 1818 dis-

302 1839 634 1906 putabimus.

374 1949 511 2004 Xlll.
554 1950 797 2007 IIomilia:
827 1953 1073 2022 Origenis
1116 1958 1168 2013 in
1201 1959 1550 2030 Evangelium
1594 1964 1751 2021 Lucae
1782 1967 1884 2021 tri-

300 2039 450 2110 gint'a
483 2055 668 2094 novem
714 2040 906 2097 Latina
940 2045 1176 2100 editione
1206 2050 1573 2109 continentur.
1605 2055 1870 2124 Interpre—

305 2140 412 2183 tem
439 2146 559 2186 sese
592 2133 869 2200 professus
894 2147 979 2189 est
1010 2136 1371 2210 Hieronymus
1402 2143 1455 2197 in
1491 2143 1719 2215 Prologo
1749 2148 1880 2215 ipsis

303 2233 582 2290 praetexto,
619 2237 672 2279 et
715 2226 767 2279 in
804 2227 941 2282 libro
972 2227 1047 2282 De
1078 2233 1321 2300 scriptor.
1351 2236 1563 2300 eccles.,
1602 2252 1724 2309 cap.
1752 2240 1878 2293 M6.

302 2313 558 2371 Erasmus
585 2318 635 2371 in
666 2318 906 2385 Epistula
933 2323 999 2375 ad
1028 2320 1379 2379 Franciseum
1412 2326 1717 2395 Cigalinum
1748 2332 1879 2385 scri-

303 2420 486 2476 pserat
520 2411 615 2464 has
641 2410 861 2466 alterius
892 2412 1170 2479 cujusdam
1200 2430 1322 2471 esse
1349 2419 1541 2487 videri,
1572 2436 1731 2489 quam
1760 2422 1884 2477 Ori-

298 2499 474 2566 genis,
515 2501 631 2567 sed,
669 2500 722 2555 in
756 2500 992 2556 Censura
1042 2506 1111 2558 ad
1169 2505 1330 2562 libros
1368 2508 1609 2579 Origenis
1658 2514 1883 2568 mutavit

311 2594 674 2657 sententiam,
722 2603 776 2647 et
829 2609 1016 2648 verum
1076 2606 1349 2654 auctorem
1391 2600 1626 2669 agnovit.
1677 2602 1880 2659 Nihilo—

301 2682 482 2737 minus
518 2683 588 2735 ita
643 2686 859 2739 disserit
903 2708 914 2740 :
953 2704 971 2737 ‹
1002 2685 1058 2740 In
1099 2688 1355 2759 Catalogo
1402 2702 1579 2747 tamen
1626 2694 1698 2747 ita
1751 2694 1880 2749 facit

302 2770 461 2838 hujus
503 2774 683 2841 operis
737 2776 1065 2831 mentionem.
1095 2778 1544 2851 (Hieronymus),
1594 2794 1654 2839 ut
1706 2787 1874 2857 magis

300 2862 548 2916 videatur
594 2880 660 2918 ex
710 2866 932 2937 Didymo
968 2881 1209 2925 vertisse.
1258 2871 1390 2927 Cum
1432 2877 1577 2929 enim
1632 2874 1884 2947 Origenis

305 2958 630 3009 mentiOnem
679 2957 1012 3027 reliquisset,
1044 2973 1166 3030 post
1198 2963 1339 3018 hunc
1374 2965 1425 3019 in
1462 2969 1677 3022 modum
1712 2968 1885 3038 loqui—

304 3052 424 3097 tur:
460 3063 481 3094 ‹
511 3044 586 3098 De
620 3044 824 3114 Spiritu
867 3062 1055 3105 saneto
1089 3051 1317 3124 Didymi,
1349 3071 1509 3125 quem
1552 3059 1603 3112 in
1636 3058 1883 3115 Latinmn

307 3135 577 3199 transtuli,
612 3138 803 3192 librum
833 3156 1019 3208 unum,
1051 3143 1104 3197 in
1138 3144 1337 3202 Lucam
1372 3150 1625 3205 botnilias
1663 3154 1881 3222 triginta

1980 572 2033 624 in
2071 567 2332 623 Joannem
2371 569 2552 633 tomis,
2596 583 2784 623 novem
2821 568 3039 621 omnino
3078 578 3400 637 supersunt;
3449 568 3548 637 pri-

1980 678 2121 729 mus,
2155 662 2422 717 secundus
2443 703 2459 727 ,
2499 671 2682 716 sextus
2703 704 2717 725 ,
2754 660 3027 731 decimus,
3059 661 3296 716 decimus
3338 662 3552 726 tertius,

1985 753 2230 807 decimus
2272 767 2468 816 nonus,
2518 750 2843 812 vicesimus,
2891 749 3178 804 vicesimus
3225 759 3448 805 octavus
3501 759 3554 804 et

1996 842 2301 897 tricesimus
2325 840 2616 897 secundus.
2660 842 2716 895 In
2764 840 3100 896 bibliothecae
3147 840 3327 910 Regia:
3372 841 3557 897 codice
3612 846 3623 911 ’ς

1976 932 2031 985 hi
2066 932 2195 985 tomi
2248 934 2359 987 suis
2413 930 2581 985 notati
2636 931 2877 984 ntuneris
2920 929 3281 998 reperiuntur.
3330 928 3555 983 Eosdem
3620 920 3623 923 λ

1982 1022 2367 1090 complectitur
2404 1032 2576 1077 tomos
2606 1033 2803 1092 praeter
2854 1021 3118 1074 decimum
3154 1029 3210 1073 et
3240 1020 3557 1073 vicesimum

1980 1124 2233 1169 octavum
2267 1124 2601 1169 memoratus
2642 1113 2774 1167 liber
2801 1112 2852 1165 in
2907 1112 3241 1165 bibliothecae
3284 1110 3560 1165 Bavaricaa

1980 1203 2241 1273 catalogo.
2325 1206 2394 1256 At
2456 1204 2622 1258 codex
2694 1203 3030 1258 bibliotheca:
3089 1201 3327 1259 Venetae.
3372 1200 3560 1256 Sancti

1981 1293 2168 1357 Marci,
2198 1295 2323 1350 licet
2354 1296 2504 1364 Regii
2541 1286 2842 1350 con/similis
2868 1296 2972 1359 sit,
3016 1309 3115 1349 nec
3142 1294 3293 1363 plura
3337 1295 3554 1361 habeat,

1981 1402 2011 1440 a
2044 1386 2240 1442 callido
2283 1397 2458 1441 tamen
2524 1387 2746 1441 librario
2806 1388 2859 1440 in
2911 1397 3088 1441 tomos
3158 1388 3376 1456 triginta
3423 1387 3558 1443 duos

1980 1478 2301 1534 distributus
2330 1479 2447 1543 fuit,
2477 1482 2577 1533 hac
2619 1490 2737 1534 arte
2772 1479 2993 1533 lacunas
3035 1488 3089 1533 et
3135 1478 3312 1533 hiatus
3354 1478 3556 1543 celare.

1981 1578 2037 1631 et
2068 1570 2213 1636 apud
2242 1569 2488 1623 incautos
2528 1569 2884 1631 dissimulare,
2924 1577 2979 1622 et
3032 1582 3131 1638 pro
3182 1568 3390 1637 integro
3430 1582 3557 1623 vene

1982 1660 2156 1714 ditare
2187 1660 2422 1715 volente.
2454 1661 2529 1715 Eo
2563 1662 2641 1723 Iit,
2675 1670 2729 1713 ut
2754 1661 3003 1715 eumdem
3037 1661 3177 1715 hunc
3207 1676 3323 1714 esse
3353 1668 3559 1730 putem.

1985 1752 2077 1821 qui
2115 1750 2216 1806 fuit
2249 1752 2398 1822 Diegi
2444 1750 2695 1816 Ilurtadi,
2738 1752 2937 1822 quique
2965 1753 3125 1807 simili
3154 1752 3274 1807 d'olo
3295 1751 3560 1807 dissectus

1916 1842 2154 1913 Bfuisse
2205 1854 2553 1899 memoratur.
2624 1844 2772 1898 Hanc
2842 1856 3110 1899 tomorum
3192 1844 3557 1913 partitionem,

1986 1950 2147 2005 quam
2184 1946 2402 1991 secutus
2433 1944 2518 1995 est
2550 1920 2867 2002 Ferrarius,
2921 1937 3115 1992 falsam
3163 1952 3281 1993 esse
3332 1943 3561 2007 arguunt

1983 2028 2308 2098 fragmenta,
2341 2043 2460 2097 qua:
2479 2044 2509 2083 e
2538 2036 2731 2097 quarto
2755 2039 2899 2083 tomo
2920 2029 3266 2098 proferuntur
3292 2030 3342 2083 in
3366 2038 3562 2098 quarto

1987 2117 2295 2173 Philocalite
2341 2122 2549 2189 capite,
2581 2129 2636 2174 et
2683 2119 2736 2173 in
2784 2123 2978 2192 quinto
3029 2121 3372 2191 reperiuntur
3416 2129 3562 2174 tomo

1982 2210 2318 2267 Ferrarianze
2345 2213 2829 2282 interpretationis.
2860 2213 3120 2268 Similiter
3150 2229 3179 2268 e
3225 2224 3378 2269 sexto
3404 2222 3554 2269 torno

1984 2301 2300 2369 particulam
2326 2302 2518 2355 recitat
2551 2302 2781 2358 Basilius
2812 2302 2935 2359 libr.
2970 2303 3046 2358 De
3103 2304 3306 2371 Spiritu
3356 2315 3562 2371 sancto,

1983 2407 2103 2462 cap.
2138 2393 2228 2448 29.
2263 2394 2454 2448 Exstat
2492 2394 2579 2448 illa
2614 2395 2667 2450 in
2693 2406 2850 2452 sexto
2876 2406 3022 2452 tomo
3053 2397 3251 2452 codicis
3296 2396 3482 2464 Regii,
3509 2397 3563 2449 in

1983 2496 2175 2540 octavo
2208 2502 2335 2541 vero
2383 2486 2736 2545 Ferranianae
2777 2489 3261 2559 interpretationis.
3305 2488 3562 2544 Codicum

1983 2592 2144 2646 porro
2169 2580 2410 2632 omnium
2448 2594 2512 2633 ea
2559 2590 2641 2635 est
2695 2581 2993 2636 similitudo
3037 2580 3179 2635 inter
3233 2594 3291 2635 se
3341 2590 3397 2634 et
3431 2594 3564 2635 con-

1982 2658 2272 2737 gruentia,
2330 2681 2387 2724 ut
2444 2686 2511 2726 ex
2568 2687 2674 2726 uno
2723 2671 3019 2739 exemplari
3083 2672 3382 2741 descriptos
3444 2685 3566 2726 esse

1982 2775 2171 2817 omnes
2215 2777 2312 2830 pro
2349 2775 2499 2819 certo
2542 2765 2790 2820 habeam.
2860 2764 3063 2819 Prmter
3120 2764 3396 2834 superiora
3448 2764 3565 2817 exi-

1984 2865 2142 2920 guam
2172 2868 2201 2906 e
2240 2864 2385 2907 torno
2419 2854 2657 2908 secundo
2704 2856 2759 2909 in
2786 2855 3047 2909 Joannem
3076 2856 3396 2923 particulam
3442 2869 3565 2924 pro-

1983 2947 2083 3001 mit
2108 2946 2429 3016 Pamphilus
2462 2948 2516 3002 in
2563 2949 2901 3019 Apologetico
2923 2989 2949 3010 ,.
2971 2949 3264 3003 secundam
3310 2948 3565 3003 crimina-

1986 3038 2186 3093 tionem
2240 3039 2550 3095 conl'utans.
2609 3042 2797 3110 Capite
2848 3052 3043 3112 quarto
3090 3040 3401 3096 Plzitocalia:
3463 3041 3568 3096 fra-

1992 3141 2209 3200 gmenta
2239 3134 2579 3188 adducuntur
2622 3150 2651 3187 e
2680 3145 2871 3202 quarto
2891 3144 3069 3200 torno;
3099 3134 3223 3190 item
3268 3135 3444 3204 capite
3476 3150 3566 3190 se-

300 3243 517 3293 ιιονειη⁹
563 3231 615 3284 in
666 3232 905 3288 psalmos
945 3252 975 3289 a
1023 3239 1232 3294 decimo
1284 3257 1456 3312 usque
1502 3246 1568 3299 ad
1617 3221 1952 3303 ἀπείπῃ-0
1987 3221 2169 3290 quenti
2209 3221 2313 3275 alia
2361 3223 2663 3293 fragmenta
2700 3238 2730 3277 e
2762 3222 3089 3278 Praal‘atione
3128 3224 3300 3293 quinti
3350 3225 3481 3278 tomi
3509 3226 3564 3279 in

301 3330 513 3375 sextum
540 3331 796 3378 tractatus
818 3336 1043 3393 septem,
1058 3330 1258 3398 captivi
1278 3335 1523 3388 monachi
1539 3336 1843 3400 vitam,etc.
1858 3358 1877 3390 ι

303 3406 512 3475 Quibus
540 3425 607 3463 ex
643 3412 819 3465 verbis
862 3413 997 3466 nihil
1032 3414 1176 3469 aliud
1226 3418 1451 3489 intelligi
1485 3430 1682 3489 potest,
1716 3438 1880 3491 quam

305 3510 398 3552 aut
432 3515 550 3554 esse
593 3501 901 3575 Hieronymi
938 3507 1039 3560 hoc
1071 3522 1229 3577 opus,
1256 3519 1351 3563 aut
1377 3512 1443 3564 ab
1479 3526 1544 3565 eo
1574 3526 1787 3566 versum
1815 3527 1880 3566 ex

303 3591 553 3661 Didyme.
600 3592 714 3648 Hoc
762 3606 942 3649 utrum
994 3613 1119 3653 casu
1163 3616 1229 3652 an
1278 3602 1456 3656 studio
1516 3603 1716 3659 factum
1773 3605 1878 3666 sit,

303 3684 507 3739 nescio.
535 3703 553 3736 ι
600 3687 668 3739 At
709 3688 1053 3744 observasset
1096 3691 1356 3747 Erasmus
1402 3695 1518 3763 pari
1564 3707 1882 3765 argumento

306 3777 644 3831 homiliarum
677 3779 900 3834 duarum
929 3781 981 3836 iu
1012 3782 1295 3838 Canticum
1329 3796 1601 3841 auctorem
1638 3788 1879 3843 revocari

302 3882 463 3935 posse
490 3870 542 3923 in
571 3871 808 3935 dubium,
837 3887 957 3927 cum
995 3874 1046 3928 in
1073 3876 1261 3930 eodem
1287 3877 1529 3947 Catalogi
1562 3880 1737 3949 capite
1769 3881 1883 3936 haec

305 3959 502 4013 habeat
531 3960 892 4032 Hieronymus
918 3983 929 4017 :
970 3983 989 4015 ι
1022 3966 1097 4020 De
1129 3968 1299 4022 tribus
1324 3970 1717 4037 quaestionibus
1748 3973 1879 4040 legis

305 4050 528 4113 veteris,
558 4052 809 4107 homilias
852 4054 905 4107 in
945 4053 1165 4109 Cantica
1214 4062 1539 4113 canticorum
1580 4062 1742 4127 duas,
1780 4064 1877 4116 ad-

305 4156 481 4195 versus
527 4140 849 4198 Helvidium.
877 4163 897 4197 ι
942 4146 1141 4217 Nempe
1189 4152 1423 4205 auctoris
1471 4166 1664 4206 nomen
1704 4154 1879 4208 ascri-

303 4230 435 4285 bere
470 4235 730 4302 neglexit,
763 4251 921 4304 quem
956 4236 1173 4293 aliunde
1201 4242 1335 4295 satis
1362 4251 1544 4295 uol.qu
1576 4258 1700 4297 esse
1741 4244 1877 4298 scie-

302 4325 414 4378 bat.
443 4326 602 4380 Addit
650 4327 943 4382 Erasmus:
980 4348 999 4380 ‹
1034 4330 1163 4385 Dein
1212 4347 1333 4386 cum
1371 4334 1422 4387 in
1478 4337 1690 4389 caeteris
1744 4336 1877 4390 nihil

302 4420 563 4475 habeatur
608 4424 835 4490 erroris,
870 4425 958 4480 hic
1012 4427 1175 4479 multa
1221 4438 1347 4482 sunt
1381 4429 1461 4480 vel
1502 4438 1750 4498 suspecta
1793 4428 1878 4483 vel

303 4512 573 4566 damnata.
600 4531 619 4562 ι
663 4512 812 4567 Itane
858 4515 1013 4569 vero?
1058 4516 1264 4570 nihilne
1298 4518 1348 4571 in
1396 4518 1547 4573 Iibris
1580 4517 1721 4587 Περὶ
1767 4518 1873 4586 ἀρε

1984 3312 2127 3367 idem
2156 3312 2544 3383 Evangelium;
2575 3316 2730 3384 cujus
2766 3314 3112 3371 Prmlationis
3158 3317 3317 3369 aliam
3353 3332 3567 3386 quoque

1984 3405 2289 3472 portionem
2318 3406 2372 3459 in
2406 3415 2567 3475 caput
2617 3421 2723 3458 xxv
2767 3406 2891 3461 libri
2938 3408 3078 3461 sexti
3117 3406 3369 3462 Historia:
3393 3408 3563 3464 Euse-

1985 3496 2357 3551 biusiufersit.
2388 3498 2466 3552 Ex
2519 3496 2750 3567 Origene
2788 3499 2845 3552 in
2888 3498 3113 3553 Joannis
3160 3510 3319 3570 caput
3355 3512 3565 3555 sextum

1986 3585 2214 3642 lacinias
2260 3590 2525 3659 quasdam
2592 3590 2761 3645 exiles
2824 3592 3038 3661 profert
3103 3592 3435 3662 Buleugerus
3509 3594 3564 3649 in

1985 3678 2435 3749 Disputationibus
2449 3692 2632 3736 contra
2651 3682 3018 3738 Casaubonum
3032 3695 3170 3752 part.
3187 3700 3252 3751 ll,
3264 3684 3483 3739 diatrib.
3506 3685 3565 3752 3,

1988 3788 2111 3843 pag.
2153 3773 2283 3839 251,
2315 3789 2451 3845 quas
2475 3791 2595 3829 cum
2628 3775 2841 3830 codices
2866 3792 3027 3831 manu
3059 3778 3242 3847 scripti
3285 3778 3567 3833 Commen-

1982 3865 2242 3918 tariorum
2269 3866 2321 3920 in
2352 3866 2402 3919 id
2427 3866 2774 3936 Evangelium
2797 3883 2902 3923 non
2926 3869 3236 3934 exhibeant,
3261 3884 3328 3925 ex
3360 3869 3565 3925 catenis

1981 3958 2249 4026 prodiisse
2278 3959 2388 4013 veri
2425 3958 2674 4014 absimilc
2715 3975 2819 4014 non
2850 3970 2965 4014 est.
3000 3960 3243 4029 Denique
3287 3962 3429 4016 inter
3468 3961 3563 4015 ho-

1983 4048 2159 4103 milias
2208 4050 2260 4103 in
2289 4050 2530 4104 diversos
2568 4051 2688 4107 duae
2720 4053 2985 4107 habentur
3019 4054 3073 4107 in
3108 4053 3406 4118 Joannem,
3444 4069 3564 4124 qua:

1982 4155 2103 4195 cum
2130 4150 2335 4195 certum
2376 4155 2654 4197 auctorem
2683 4160 2791 4200 non
2823 4144 3083 4211 habeant,
3117 4147 3280 4217 paulo
3312 4157 3433 4217 post
3463 4163 3562 4203 suo

1982 4232 2101 4289 loco
2138 4232 2563 4289 ventilabuntur.
2794 4290 2795 4293 η

2053 4320 2280 4375 Unicum
2305 4334 2556 4392 superest
2614 4326 2665 4378 in
2719 4327 3084 4395 apostolorum
3132 4330 3261 4383 Acta
3292 4329 3564 4400 fragmen-

1983 4424 2090 4467 tum
2117 4414 2386 4482 Origenis,
2437 4431 2468 4468 e
2520 4426 2712 4485 quarta
2765 4419 3068 4474 detractum
3111 4421 3357 4485 homilia,
3410 4422 3559 4489 quod

1980 4505 2143 4572 capiti
2203 4503 2515 4560 Philocaliw
2579 4509 2813 4576 septimo
2870 4500 3105 4567 Basilius.
3161 4520 3212 4569 et
3264 4512 3560 4581 Gregorius

299 4602 446 4672 χῶν,
494 4604 547 4657 in
597 4604 1013 4661 Commentariis
1054 4608 1107 4660 in
1168 4607 1511 4673 Matthteum,
1558 4610 1609 4663 in
1664 4610 1883 4678 reliquis

1990 4596 2293 4666 Theologus
2339 4596 2683 4651 infulserunt.
2728 4598 2785 4653 lu
2833 4600 3090 4671 Catalogo
3130 4578 3400 4657 librorum—
3434 4602 3561 4655 illu-

301 4697 555 4764 operibus
590 4698 814 4753 habetur
857 4700 1095 4754 erroris?
1144 4699 1339 4755 Mirare
1388 4701 1573 4765 lector,
1618 4701 1873 4756 ell'reuem

300 4784 511 4838 Erasmi
558 4787 608 4840 in
649 4798 886 4843 veterum
933 4792 1298 4858 espendendis
1335 4793 1570 4862 scriptis,
1600 4802 1654 4847 et
1698 4794 1878 4862 proje—

303 4885 441 4929 ctam
479 4879 856 4933 temeritatem.
900 4879 1191 4935 Modestior
1222 4881 1494 4950 Merlinus,
1527 4898 1747 4939 errores
1790 4884 1875 4939 his

296 4965 536 5020 homiliis
588 4969 652 5022 ab
705 4970 1014 5039 Origeniaui
1077 4975 1308 5027 nominis
1361 4976 1572 5031 acutulis
1624 4991 1873 5045 aspersos

302 5071 652 5113 asseverans:
686 5077 995 5130 quanquam
1025 5074 1078 5119 et
1119 5066 1169 5119 id
1213 5065 1363 5119 valde
1410 5070 1698 5121 incertum.
1730 5066 1870 5122 Pau-

299 5148 450 5201 culas
500 5151 756 5216 quasdam
824 5153 1114 5221 particulas
1159 5170 1225 5209 ex
1274 5154 1507 5225 Origene
1570 5158 1625 5210 in
1676 5156 1875 5211 Lucam

296 5241 516 5295 exhibet
538 5240 713 5297 Julius
741 5244 924 5299 Caesar
955 5247 1285 5317 Buleugerus
1322 5260 1462 5317 part.
1487 5264 1550 5315 tt,
1576 5250 1792 5327 diatr‘ib.
1821 5251 1873 5317 5,

299 5348 353 5404 p.
395 5332 495 5387 158
544 5344 597 5387 et
641 5332 766 5398 222,
812 5336 1015 5391 advers.
1058 5337 1359 5394 Casaubon.
1398 5355 1465 5394 ex
1504 5340 1709 5395 catenis
1756 5340 1872 5395 for-

300 5433 448 5480 tasse
481 5425 750 5495 aliquibus
780 5427 1144 5500 depromptas.

342 5538 486 5611 Δ(82)
536 5539 584 5593 Ε
632 5542 833 5614 duobus
878 5553 924 5597 et
977 5545 1195 5614 triginta
1253 5543 1757 5599 Commentariorum
1818 5547 1870 5599 in

299 5607 560 5664 Joannem
590 5616 764 5684 tomis.
789 5611 907 5666 Jam
948 5607 1133 5682 supra,
1166 5626 1296 5670 sect.
1330 5615 1387 5680 2,
1411 5632 1559 5672 num.
1587 5616 1638 5684 7,
1669 5633 1719 5684 p.
1747 5615 1873 5681 296,

300 5690 414 5753 not.
443 5691 497 5734 et
524 5686 574 5734 in
609 5680 932 5739 Prael‘atione
957 5680 1080 5739 huic
1109 5697 1253 5739 totno
1290 5688 1507 5753 prmlixa
1536 5680 1876 5742 ostendimus

300 5752 416 5821 plus
443 5768 599 5820 quam
632 5755 847 5821 triginta
893 5766 946 5808 et
975 5756 1107 5809 duos
1138 5752 1309 5809 tomos
1352 5758 1407 5809 in
1455 5756 1717 5813 Joannem
1746 5772 1874 5813 con-

300 5820 488 5882 fecisse
511 5820 795 5892 Origenem
841 5826 1290 5879 verisimillimum
1324 5841 1462 5881 esse.

618 5918 886 5978 Pnaoa.
931 5918 1049 5978 Gn.
1088 5919 1289 5981 XVII.

1988 4689 2239 4743 strissimi
2276 4690 2535 4759 principis
2568 4690 2773 4743 domini
2802 4691 2987 4747 Jacobi
3020 4692 3374 4755 Martnoretaa,
3400 4709 3559 4762 quem

1986 4782 2129 4836 inter
2153 4783 2502 4851 antiquitates
2519 4782 3145 4854 Constantinopolitanas
3169 4785 3564 4855 Supplementa

1982 4874 2321 4928 Bibliotheca?
2372 4873 2709 4928 Gesneriana:
2760 4875 2985 4930 inseruit
3031 4876 3301 4930 Antonius
3352 4874 3565 4932 Verde-

1982 4968 2129 5032 rius,
2172 4978 2631 5022 commemoratur
2677 4966 2925 5038 Origenis
2980 4966 3280 5038 Explicatio
3318 4969 3374 5020 in
3422 4968 3565 5021 Acta

1986 5056 2362 5126 apostolorum,
2386 5067 2441 5112 et
2467 5058 2522 5110 in
2554 5056 2820 5125 Epistolas
2854 5054 3052 5123 Pauli,
3095 5056 3159 5111 de
3186 5055 3381 5126 quibus
3413 5072 3567 5111 nunc

1980 5161 2078 5202 suo
2111 5148 2298 5201 ordine
2335 5149 2598 5217 agendum
2624 5157 2731 5202 est.

2050 5238 2167 5293 XV.
2203 5240 2427 5294 ltutinus
2457 5240 2689 5293 Heraclii
2719 5239 2950 5309 impulsu
2980 5240 3094 5311 (85)
3137 5240 3331 5311 viginti
3380 5251 3560 5297 tomos

1979 5331 2507 5387 Commentariorum
2524 5331 2781 5403 ’Origenis
2807 5334 2857 5385 in
2888 5330 3183 5401 Epistolam
3199 5337 3266 5387 ad
3290 5334 3555 5389 Romanos

1974 5426 2180 5481 Latina:
2228 5426 2423 5495 lingua:
2467 5427 2749 5481 donandos
2796 5425 3077 5494 suscepit:
3111 5427 3206 5480 sed
3250 5441 3357 5495 qua
3410 5423 3555 5480 ﬁde?

2052 5542 2164 5610 (85)
2202 5540 2402 5612 Viginti
2432 5550 2598 5596 tomos
2627 5542 2917 5596 Comment.
2941 5540 3183 5610 Origenis
3208 5540 3454 5612 inﬂEpist.
3480 5542 3550 5598 ad

1980 5610 2426 5682 Rcuianos,etc.
2479 5614 2833 5668 Cassiodorus
2883 5614 3100 5682 quidem
3154 5614 3227 5665 ait
3261 5610 3548 5680 Origenem

1981 5689 2037 5739 in
2068 5683 2236 5751 Epist.
2266 5687 2333 5735 ad
2388 5681 2609 5738 Roman.
2663 5683 2849 5749 viginti
2903 5681 3079 5737 tomos
3124 5682 3460 5744 elaborasse;
3492 5693 3551 5737 at

1985 5756 2211 5809 Rulinus
2241 5754 2541 5821 quindecim
2574 5764 2774 5807 tantum
2830 5762 3128 5815 enumerat,
3180 5760 3234 5805 et
3272 5767 3307 5808 θ
3348 5755 3549 5810 nostris

1988 5842 2121 5882 mss.
2155 5826 2292 5879 alius
2319 5824 2480 5879 habet
2503 5827 2709 5892 decem,
2746 5822 2883 5878 adius
2918 5823 3218 5877 duodecim.

3187 5912 3264 5972 39
