4068 6312
610 355 632 409 1
645 351 744 409 9.27

1858 345 1918 401 P.
1958 344 2271 401 DANIELIS
2312 343 2541 400 HUETH

3656 347 3762 404 ΙΞΞΒ

607 490 702 530 sua
733 488 942 544 nempe,
984 474 1086 528 hoc
1119 477 1196 528 est
1225 469 1456 538 pessima
1489 484 1501 519 :
1530 482 1651 522 nam
1691 474 1863 522 totum
1898 483 2032 538 Opus
2058 468 2170 536 jam
2200 472 2244 528 Α
2272 475 2393 534 post
2429 478 2817 520 conversurum
2868 477 2990 520 sese
3043 462 3333 518 Clementis
3387 462 3571 531 libros;
3602 471 3715 537 quod
3745 486 3768 524 a

606 564 1103 634 interpolatum,et
1161 560 1362 626 aliquot
1418 557 1779 612 voluminibus
1826 557 2166 612 decurtatum

603 656 668 708 ad
693 655 918 709 mediam
949 652 1062 706 fere
1087 661 1293 720 partem
1336 665 1460 706 sese
1504 651 1842 706 contraxisse
1885 649 2167 720 proﬁtetur

599 747 653 800 in
687 745 998 799 Prmfationc
1027 744 1091 796 ad
1121 743 1448 818 Heraclium.
1493 741 1746 810 Iniuriam
1789 742 2012 813 Origeni
2049 742 2161 795 illa-

601 847 705 889 tam
761 833 970 887 facilius
1011 833 1410 900 deprehendes,
1465 831 1509 886 si
1575 830 1874 900 fragmenta
1926 832 2165 899 quaedam

601 925 987 982 lucubrationis
1014 926 1172 993 hujus
1202 925 1404 978 inserta
1437 922 1747 977 Pliilocaliw
1771 937 1896 977 cum
1926 921 2166 976 Rufinia-

596 1035 661 1070 na
701 1016 1050 1070 conversione
1079 1012 1359 1082 conﬂigas.
1403 1013 1682 1068 Adversus
1713 1013 1852 1067 hanc
1883 1013 2164 1066 audaciam

596 1104 789 1160 merito
819 1105 1072 1160 Erasmus
1099 1103 1477 1167 excandescit,
1509 1111 1563 1156 et
1589 1102 1728 1157 falso
1760 1102 1992 1158 alIictam
2039 1102 2165 1156 Hie-

597 1190 821 1267 rouymo
847 1197 1025 1266 operis
1065 1194 1220 1261 hujus
1248 1195 1744 1264 interpretationem
1771 1194 1966 1248 Ruﬁno
2007 1194 2166 1249 resti-

595 1287 718 1340 tuit.
758 1287 867 1357 (84)
897 1287 1005 1340 Cur
1031 1285 1360 1356 Hieronymo
1391 1287 1591 1341 tributa
1627 1287 1719 1350 sit,
1760 1285 1938 1340 Ruﬁni
1970 1295 2088 1340 astu
2115 1295 2170 1342 et

593 1377 809 1432 vafritie
877 1376 1073 1430 factum
1127 1385 1256 1444 puto
1289 1415 1306 1440 ,
1358 1376 1450 1444 qui
1499 1377 1563 1430 ad
1615 1377 1994 1430 declinandam
2043 1377 2166 1433 facti

595 1469 848 1525 invidiam
885 1467 1045 1540 (male
1073 1469 1268 1538 quippe
1292 1469 1544 1522 audiebat
1573 1467 1824 1537 Origenis
1861 1467 2078 1540 nomen)
2113 1478 2168 1523 et

582 1559 648 1612 «in
676 1557 1080 1628 Hieronymum,
1109 1571 1138 1610 a
1169 1572 1278 1627 quo
1307 1571 1449 1624 saepe
1480 1556 1810 1625 Origenismi
1839 1571 2010 1612 causa
2071 1572 2167 1611 ex-

587 1651 832 1721 agitatus
857 1647 1055 1712 fuerat,
1087 1647 1494 1711 refundendam,
1523 1663 1716 1702 nomen
1748 1663 1900 1702 suum
1934 1664 2039 1703 non
2075 1665 2170 1720 ap-

589 1741 790 1812 posuit,
821 1738 1079 1794 modestia
1111 1737 1308 1793 factum
1335 1737 1629 1806 simulans,
1665 1740 1808 1808 quod
1840 1740 1996 1795 malis
2031 1742 2168 1795 arti-

594 1841 694 1892 bus
717 1847 894 1891 acmm
929 1843 1047 1890 erat
1095 1851 1108 1888 :

593 1927 939 1984 conscientia:
961 1941 1096 1982 meae
1121 1941 1226 1996 qua
1250 1925 1452 1980 nomini
1479 1925 1683 1990 defero,
1720 1927 1934 1982 etiamsi
1961 1927 2165 1983 addere

594 2022 770 2091 aliqua
810 2019 1019 2084 videor,
1038 2029 1104 2076 et
1127 2018 1345 2088 explere
1377 2034 1495 2089 quae
1521 2020 1742 2083 desunt,
1787 2026 1877 2074 aut
1915 2020 2166 2076 breviare

594 2125 712 2180 quae
758 2110 912 2179 longa
959 2123 1113 2178 sunt,
1163 2110 1330 2164 furari
1386 2119 1566 2164 tamen
1627 2109 1841 2164 titulum
1886 2109 2042 2180 ejus,
2073 2110 2164 2180 qui

594 2203 998 2259 fundamentum
1027 2203 1206 2273 operis
1249 2203 1414 2272 jecit,
1454 2212 1523 2258 -et
1569 2203 1918 2258 construendi
1949 2203 2161 2259 aediﬁcii

583 2298 871 2352 'materiam
903 2297 1150 2367 praebuit,
1190 2305 1395 2350 rectum
1438 2310 1541 2350 non
1584 2305 1734 2364 puto.
1787 2294 1870 2350 Sit
1923 2311 2056 2352 sane
2107 2297 2160 2352 in

593 2389 816 2446 arbitrio
855 2389 1080 2459 legentis
1108 2405 1228 2443 cum
1265 2404 1401 2459 opus
1425 2388 1759 2458 probaverit,
1789 2389 1970 2456 aperis
1999 2390 2164 2444 meri-

589 2490 703 2534 tum
746 2480 829 2534 cui
883 2480 1013 2535 velit
1069 2480 1361 2534 ascribere.
1399 2499 1418 2532 ι
1465 2479 1667 2534 Deinde
1714 2481 1767 2532 in
1809 2479 2162 2536 Peroratione

591 2573 752 2627 verba
786 2573 902 2627 haec
950 2572 1130 2627 dolose
1158 2572 1355 2642 adjecit
1387 2588 1401 2623 :
1442 2590 1460 2622 ι
1497 2573 1664 2624 Aiunt
1704 2571 1849 2625 enim
1899 2572 2030 2627 mihi
2064 2574 2159 2627 :ln

591 2664 676 2717 bis
704 2679 822 2732 qua:
854 2664 1067 2730 scribis,
1096 2665 1349 2733 quoniam
1381 2661 1613 2731 plurima
1649 2663 1703 2716 in
1737 2663 1816 2716 eis
1865 2662 1937 2716 tui
1983 2662 2162 2732 operis

593 2748 876 2813 habentur,
908 2752 978 2804 da
1005 2750 1216 2803 titulum
1247 2750 1480 2805 nominis
1522 2751 1633 2815 tui,
1679 2761 1733 2805 et
1778 2750 1997 2806 scribe:
2032 2750 2159 2806 Hie-

595 2841 824 2914 ronymi,
859 2841 1005 2895 verbi
1019 2842 1225 2910 'gratia,
1256 2842 1310 2894 in
1336 2841 1623 2905 Epistolam
1659 2847 1727 2898 ad
1771 2845 2033 2899 Romanos
2056 2845 2161 2898 Ex-

592 2932 957 3001 pianatiouum
1009 2933 1151 2988 libri.
1207 2952 1226 2986 ι
1294 2934 1430 2990 Hinc
1484 2937 1656 2992 delusi
1709 2926 1861 2992 bardi
1913 2937 2160 2992 homines

578 3021 900 3095 'Hieronymi
937 3027 1153 3079 nomine
1203 3028 1400 3082 librum
1457 3028 1928 3098 praescripserunt.
1975 3029 2044 3083 At
2077 3032 2161 3087 vel

582 3129 654 3169 'ex
679 3128 743 3168 eo
769 3115 1035 3170 stoliditas
1071 3131 1256 3171 eorum
1307 3119 1574 3187 arguitur.
1612 3118 1743 3174 Nam
1795 3121 1840 3176 si
1891 3122 2161 3189 interpres

581 3207 781 3261 fuisset
835 3205 1210 3278 Hieronymus,
1255 3226 1354 3264 cur
1399 3225 1557 3266 voces
1601 3210 1752 3278 illas,
1801 3211 1938 3266 verbi
1958 3214 2152 3282 gratia,

580 3297 902 3364 addidisset,
937 3315 1055 3368 qua:
1095 3301 1370 3355 declarant
1417 3301 1661 3355 ﬁctilium
1705 3316 1827 3357 esse
1871 3311 1926 3356 et
1973 3303 2154 3357 asciti-

588 3389 718 3446 tium
748 3391 799 3446 id
848 3408 1061 3458 nomen,
1115 3407 1220 3447 non
1273 3393 1614 3464 legitimum?
1661 3392 1950 3464 Subjungit
1989 3393 2150 3464 paulo

657 3571 768 3642 (84)
807 3572 914 3644 Cur
967 3571 1526 3644 Hieronymo-tributa
1576 3579 1666 3641 sit,
1718 3575 1893 3644 Ruﬁni
1939 3589 2058 3632 astu
2103 3589 2148 3633 et

585 3643 1014 3718 uaj'ritiefactum
1043 3643 1187 3712 puto,
1221 3656 1326 3718 etc.
1356 3647 1472 3718 Non
1499 3651 1657 3701 modo
1686 3643 1990 3718 non—hujus
2009 3688 2024 3713 ,
2053 3650 2149 3703 sed

587 3727 687 3786 nec
715 3713 874 3786 ullius
901 3715 1356 3783 interpretationis
1397 3717 1554 3772 fronti
1587 3733 1780 3772 nomen
1812 3713 1968 3773 suum
2004 3734 2143 3786 prse-

589 3784 706 3856 ﬁxit
745 3783 967 3856 Ruﬁnus
995 3801 1006 3835 ε
1041 3787 1180 3854 quod
1209 3787 1425 3852 quidem
1457 3789 1588 3842 satis
1612 3798 1754 3856 patet
1777 3798 1886 3841 tum
1911 3804 1976 3843 ex
2005 3783 2144 3844 Gen-

585 3852 1123 3928 nadio_llla_issiliensi1
1148 3866 1206 3910 ut
1244 3871 1367 3910 mox
1394 3852 1652 3928 dicemus,
1681 3869 1789 3911 tum
1825 3873 1891 3912 ex
1927 3874 2144 3928 perora-

589 3925 734 3998 tione
761 3925 811 3976 in
835 3925 973 3978 hanc
998 3927 1063 3998 ad
1091 3925 1364 3998 Romanos
1389 3927 1715 3997 Epistolam,
1767 3928 1859 3984 ubi
1901 3925 1978 3984 ait
2030 3931 2145 3998 ipse

582 3993 812 4047 Hutinus
859 4009 918 4048 se
961 3994 1359 4049 Satisl'acturum
1416 3993 1606 4052 amicis
1671 3993 1819 4062 suis,
1882 4009 1940 4053 et
1989 3993 2146 4054 tit-uio

587 4063 1052 4138 librorum__sa_ncti
1099 4064 1426 4131 Clementis,
1469 4083 1697 4137 quorum
1749 4069 2150 4138 interpretatio-

586 4147 711 4187 nem
744 4132 1119 4196 meditabatur,
1156 4150 1348 4190 nomen
1399 4132 1553 4191 suum
1599 4153 1658 4192 se
1709 4132 1979 4192 daturum.
2012 4139 2150 4192 Nun-

586 4204 715 4275 quid
742 4203 864 4276 inde
904 4204 1353 4272 concludendum,
1391 4207 1546 4276 juxta
1586 4207 1761 4261 Huetii
1801 4209 2146 4273 sententiam,

586 4273 776 4349 omnes
806 4273 1272 4349 interpretationes
1293 4273 1420 4349 suas
1451 4278 1506 4349 in
1544 4277 1928 4349 Hieronymum
1963 4279 2148 4349 refun-

589 4348 718 4399 dere
762 4343 990 4400 voluisse
1020 4345 1310 4400 Ruﬁnum?
1362 4347 1467 4402 Sed
1498 4348 1624 4416 quid
1659 4343 1975 4402 absurdius?
2017 4348 2147 4414 Quis

587 4417 731 4469 cnim
768 4425 957 4487 auctor
983 4431 1280 4487 anonymus
1322 4417 1524 4472 fraudis
1564 4419 1803 4487 ejusdem
1848 4419 2145 4473 insimulari

588 4499 692 4538 non
721 4486 959 4556 poterit?
994 4487 1100 4540 imo
1125 4486 1254 4556 Quid
1277 4489 1476 4543 vetabit
1501 4486 1786 4556 quominus
1825 4489 1964 4543 idem
1997 4490 2145 4544 dica-

589 4566 675 4608 tur
701 4555 771 4608 de
807 4555 1166 4629 Hieronymo?
1200 4556 1310 4613 Nec
1346 4559 1488 4612 enim
1509 4555 1621 4627 ipse
1647 4557 1893 4629 Origenis
1925 4573 2087 4628 opera
2117 4577 2144 4613 a

587 4640 646 4699 se
675 4623 932 4699 translata
969 4623 1068 4680 suo
1114 4630 1328 4699 neruine
1367 4623 1633 4699 signavit,
1676 4623 1981 4698 siq'uidem',
2015 4639 2150 4684 teste

588 4694 890 4768 gennadio,
912 4697 1194 4768 procemiis
1225 4694 1442 4753 tantum'
1467 4694 1917 4768 dignoscebatur,
1960 4694 2087 4768 quid
2118 4717 2148 4754 a

585 4765 804 4839 Rufino,
833 4767 961 4834 quid
989 4769 1057 4820 ab
1099 4766 1423 4839 Hieronymo
1473 4765 1665 4823 fuisset
1711 4765 2146 4838 interpretatum,

588 4855 609 4888 ε
638 4834 982 4910 Quaecunque
1023 4834 1316 4910 praemissis
1347 4838 1597 4910 Prologis
1641 4854 1671 4892 a
1709 4834 1916 4894 Latinis
1961 4839 2150 4910 legun-

584 4916 705 4970 tur,
741 4925 787 4979 7r
825 4903 1360 4979 inquit’Gennadius
1412 4903 1650 4979 Catilog.
1716 4911 1875 4962 viror.
1921 4903 2145 4972 illum"

582 4992 702 5045 cap.
731 4977 818 5048 l8,
859 4994 878 5028 ι
920 4992 950 5030 a
977 4976 1175 5048 Ruﬁno
1217 4979 1565 5048 interpretata
1602 4976 1734 5034 sunt
1764 4995 1778 5030 :
1807 4994 1924 5048 quae
1965 4989 2142 5034 autem

584 5048 700 5119 sine
729 5047 978 5119 Prologo,
1011 5049 1084 5119 ab
1111 5047 1215 5119 alio
1242 5047 1498 5102 tranSlata
1532 5060 1671 5104 sunt
1720 5047 2142 5119 qui‘Prologum

583 5117 762 5188 facere
801 5117 970 5172 noluit
1000 5137 1014 5172 :
1052 5117 1299 5188 Origenis
1329 5129 1504 5172 autem
1539 5137 1643 5174 non
1675 5120 1854 5174 otnnia
1875 5161 1890 5184 ,
1923 5117 2045 5188 quia
2091 5130 2145 5173 et

584 5186 942 5258 Hieronymus
983 5186 1255 5261 transtulit
1279 5188 1550 5261 aliquanta
1573 5231 1586 5254 ,
1632 5207 1752 5258 qua:
1789 5205 1887 5244 suo
1919 5186 2143 5261 Prologo

585 5261 993 5330 discernunturr
1023 5278 1041 5310 ι
1077 5258 1244 5313 Porro
1272 5275 1394 5312 cum
1415 5259 1668 5330 Prologis
1694 5262 1825 5314 Salis
1863 5258 2142 5330 dignosce-

586 5337 734 5383 retur
757 5329 885 5397 quid
914 5345 943 5381 a
972 5329 1186 5394 Ruﬁno,
1218 5330 1346 5398 quid
1377 5329 1444 5401 ab
1471 5328 1798 5401 Hieronymo
1835 5328 2026 5386 fuisset
2057 5333 2142 5385 in-

585 5409 954 5468 terpretatum,
990 5401 1280 5468 nonivideo
1317 5400 1457 5454 unde
1499 5400 1849 5454 Huﬁni’astus
1887 5412 1940 5456 et
1969 5402 2140 5455 vafri-

585 5467 683 5542 ties
710 5471 824 5524 erui
851 5480 1068 5542 queant.
1096 5467 1364 5523 Praeterea
1386 5470 1433 5524 si
1465 5470 1517 5523 in
1540 5469 1919 5542 Hieronymum
1951 5487 2139 5526 omnes

583 5541 1053 5610 interpretationes
1085 5555 1210 5594 suas
1257 5543 1539 5595 rel’undere
1585 5539 1842 5596 voluiésct
1887 5539 2135 5606 Ruﬁnus,

583 5609 820 5678 nunquid
872 5619 1150 5679 tantopere
1197 5611 1310 5680 ipse
1355 5609 1675 5680 Origenismi
1719 5627 1882 5665 causa
1914 5614 1982 5665 ab
2015 5611 2137 5664 Hie-

583 5694 804 5748 ronymo
831 5683 1135 5752 exagitatus
1156 5721 1170 5744 ,
1204 5685 1301 5734 has
1330 5697 1428 5751 pro
1455 5683 1566 5736 suis
1603 5696 1892 5752 agnoscere
1925 5696 2028 5734 non
2058 5697 2138 5735 re-

584 5751 859 5820 cusasset?
896 5752 1053 5818 Atqui
1099 5761 1276 5805 tamen
1312 5753 1498 5807 nullibi
1539 5751 1680 5807 fetus
1728 5767 1858 5806 suos
1912 5753 2138 5820 denegat

579 5817 828 5883 Ruﬁnus,
852 5820 959 5874 imo
986 5817 1043 5873 in
1077 5821 1226 5875 libris
1275 5835 1407 5890 quos
1437 5823 1652 5892 scripsit
1703 5824 1960 5877 adversus
2007 5817 2131 5876 Ilie-

2269 554 2460 609 Ruﬁno
2506 554 2706 609 factum
2751 567 2872 608 esse
2921 563 3162 617 conStat,
3211 569 3313 609 non
3373 555 3437 608 ab
3473 555 3772 631 Hieronymo;

2270 654 2378 698 tum
2414 643 2532 697 ait:
2576 661 2594 693 ι
2632 641 2976 697 Satisfaciam
3029 658 3164 698 sane
3214 643 3266 696 in
3315 659 3380 698 eo
3429 646 3602 701 amicis
3645 651 3772 717 meis;

2267 741 2403 794 dabo
2443 739 2596 794 titulo
2626 753 2820 793 nomen
2854 753 3053 802 meum,
3087 739 3326 793 auctoris
3366 739 3682 797 nihilominus
3704 760 3776 801 vo-

2268 834 2463 888 cabulo
2497 845 2849 902 permanente
2893 851 2906 886 :
2949 851 3073 888 nam
3115 833 3427 903 Hieronymi
3476 849 3539 890 ne
3587 846 3774 904 putetur,

2266 924 2518 979 Clemens
2548 926 2816 979 scribetur
2849 945 2861 980 :
2897 945 2916 978 ι
2956 925 3266 996 Hieronymi
3300 941 3516 994 nempe,
3547 927 3677 995 cujus
3705 947 3777 984 no-

2270 1032 2390 1070 men
2423 1018 2714 1085 ascriptum
2747 1033 2909 1087 supra
2946 1019 3120 1076 ﬁnxit.
3176 1019 3374 1074 Eadem
3400 1020 3632 1088 .versutia
3655 1036 3777 1078 usum

2266 1121 2385 1162 esse
2419 1123 2521 1162 non
2551 1110 2717 1167 semel
2753 1111 3004 1164 Ruﬁnum
3033 1111 3140 1178 jam
3171 1126 3334 1180 supra
3370 1125 3517 1165 num.
3547 1109 3578 1164 5
3611 1116 3774 1167 notari-

2269 1215 2410 1254 tnus.
2460 1199 2515 1253 In
2573 1200 2802 1272 Prologo
2847 1202 3190 1256 homiliarum
3235 1203 3289 1255 in
3324 1201 3486 1255 Josue
3533 1204 3780 1260 sententias

2269 1289 2579 1362 Hieronymi
2606 1301 2660 1346 et
2688 1293 2886 1362 stylum
2915 1294 3121 1348 referre
3151 1303 3376 1347 conatus
3418 1301 3511 1346 est.
3544 1292 3595 1347 ln
3627 1295 3779 1349 Prarl'a-

2273 1382 2416 1437 tione
2443 1383 2508 1436 ad
2536 1383 2701 1438 libros
2730 1383 2869 1451 Περὶ
2915 1382 3114 1453 ἀρχῶν
3163 1398 3361 1438 nomen
3415 1399 3561 1437 suum
3607 1385 3777 1443 celavit.

2269 1471 2345 1526 Ita
2392 1475 2709 1529 occultando
2750 1475 3123 1545 Origenismo,
3168 1485 3221 1528 et
3274 1475 3591 1529 traducendo
3631 1475 3776 1532 Hiero-

2269 1578 2430 1633 nymo
2469 1563 2645 1618 fucum
2673 1567 2828 1634 vulgo
2859 1565 3114 1621 faciebat.
3162 1565 3386 1622 Minime
3437 1566 3602 1634 itaque
3637 1582 3779 1624 assen-

2271 1655 2377 1708 tior
2403 1653 2655 1722 Erasmo,
2695 1658 2966 1726 mangonii
3001 1657 3157 1723 hujus
3183 1657 3442 1712 librarios
3484 1657 3778 1725 insimulanti,

2267 1753 2323 1798 et
2346 1745 2410 1798 ad
2436 1755 2707 1815 emptores
2736 1748 3048 1803 alliciendos
3074 1759 3402 1819 praetextum
3444 1749 3510 1803 ab
3547 1749 3604 1803 iis
3639 1749 3778 1806 Hiero-

1163 1852 1183 1885 ‹
1228 1833 1424 1888 Verum
1472 1848 1602 1901 ego,
1657 1835 1849 1904 inquit,
1907 1837 1996 1902 qui
2047 1835 2167 1904 plus
2198 1834 2239 1887 Β
2269 1836 2414 1906 nymi
2448 1852 2640 1893 nomen
2669 1840 2934 1898 censenti.
2977 1839 3181 1895 Praeter
3231 1851 3561 1896 contractam
3603 1836 3719 1896 illam
3739 1853 3779 1896 et

2269 1937 2568 1983 truncatum
2606 1929 2786 1985 Ruﬁni
2833 1932 3366 2001 interpretationem,
3421 1933 3659 1990 habemus
3683 1936 3778 1988 torni

2264 2023 2420 2092 primi
2451 2025 2750 2092 portionem
2778 2026 2830 2080 in
2869 2027 3127 2096 Apologia
3162 2027 3465 2098 Pamphili;
3510 2029 3650 2098 longe
3680 2045 3779 2085 vero

2263 2113 2578 2181 ampliorem
2627 2117 2802 2184 capite
2857 2116 3170 2171 Plrilocalia:
3214 2119 3311 2172 24.
3360 2120 3517 2173 Aliud
3557 2135 3780 2189 quoquee

2266 2211 2410 2258 torno
2442 2219 2582 2258 nono
2618 2207 2978 2277 fragmentum
3018 2208 3170 2262 nobis
3203 2208 3364 2262 offert
3406 2219 3560 2278 caput
3589 2212 3777 2277 ejusdem

2264 2290 2577 2350 Philocalia:
2606 2311 2830 2351 nonum.
2863 2297 3122 2368 Exiguam
3147 2299 3386 2368 denique
3419 2301 3706 2368 particulam
3730 2317 3778 2356 ex

2261 2387 2447 2440 eodem
2476 2400 2637 2455 Opere
2667 2388 3042 2442 subministrat
3071 2389 3177 2444 alio
3211 2390 3484 2460 Apologia:
3527 2392 3632 2446 loco
3659 2393 3780 2447 Pam-

2263 2479 2464 2548 philus.
2496 2477 2723 2533 Tomum
2757 2496 2908 2546 vero,
2945 2483 3085 2536 unde
3114 2483 3380 2537 translata
3411 2494 3492 2538 est
3513 2523 3527 2550 ,
3577 2500 3666 2537 non
3711 2499 3781 2541 nec

2261 2572 2412 2628 tavit.
2447 2571 2622 2640 Atque
2653 2573 2767 2628 haec
2797 2588 2921 2628 cum
2973 2575 3272 2644 legitimum
3315 2577 3504 2630 horum
3547 2577 3779 2632 Commen-

2264 2663 2523 2717 tariorum
2577 2674 2856 2720 auctorem
2920 2667 3309 2721 Adamantium
3369 2683 3486 2724 esse
3537 2670 3779 2725 clarissime

2261 2755 2669 2821 demonstrent,
2708 2773 2814 2810 non
2841 2758 3103 2812 dubitavit
3133 2770 3316 2815 tamen
3361 2763 3582 2816 novitius
3607 2764 3775 2832 quidam

2261 2848 2496 2916 scriptor
2547 2848 2910 2904 lteterodoxus
2957 2851 3055 2906 hos
3095 2853 3242 2922 ipsos
3271 2854 3330 2908 in
3372 2855 3776 2924 supposititiorum

2261 2938 2512 3008 Origenis
2537 2941 2864 3009 scriptorum
2903 2944 3102 2997 seriem
3147 2945 3456 3013 conjicere;
3498 2960 3526 2999 a
3563 2943 3776 3001 Gulielmo

2261 3028 2521 3085 Per-kinso
2551 3032 2789 3096 delusus,
2817 3034 2908 3101 qui
2960 3049 3054 3089 eos
3109 3038 3248 3092 male
3301 3039 3514 3109 quidem
3557 3054 3584 3091 a
3627 3037 3776 3090 Ruﬁno

2264 3134 2553 3175 conversos
2586 3121 2825 3190 scripsit,
2877 3126 3020 3192 quod
3055 3124 3396 3180 verissimum
3452 3136 3561 3192 est;
3605 3126 3775 3195 Origeni

2266 3227 2393 3267 vero
2433 3212 2568 3268 falso
2603 3227 2725 3267 esse
2753 3214 2984 3269 tributos
3014 3217 3332 3284 neutiquam
3364 3219 3622 3289 cogitavit.

2329 3305 2441 3375 (85)
2466 3304 2688 3360 Brevem
2720 3306 2841 3359 libri
2876 3307 3016 3360 tertii
3047 3307 3101 3359 in
3140 3305 3430 3375 Epistolam
3465 3309 3531 3360 ad
3555 3308 3776 3362 Coloneu-

2255 3411 2336 3450 εει
2364 3397 2638 3463 laciniam,
2690 3407 2745 3452 et
2797 3397 2931 3452 alias
2984 3397 3183 3454 libriin
3214 3397 3508 3468 Epistolam
3541 3399 3603 3451 ad
3643 3397 3775 3450 Titum

2255 3595 2566 3659 ronymum,
2593 3581 2777 3659 libros
2800 3581 2937 3659 Περὶ
2973 3581 3194 3650 ἀρχῶν,
3231 3581 3517 3659 pluresque
3541 3579 3660 3634 alios
3685 3593 3706 3632 a
3730 3591 3774 3659 se

2258 3651 2546 3705 translatos
2591 3651 2756 3706 fuisse
2820 3653 2961 3705 ultro
2999 3664 3056 3706 et
3115 3663 3304 3721 aperte
3365 3653 3587 3716 fatetur,
3639 3659 3701 3721 et
3732 3651 3773 3702 in

2248 3735 2344 3776 sua
2393 3722 2732 3789 peroratione
2783 3722 2834 3774 in
2888 3723 3025 3776 hanc
3078 3717 3165 3775 ad'
3207 3723 3482 3777 Romanos
3533 3717 3772 3790 Epistulam

2247 3788 2486 3862 omnium
2531 3791 2775 3862 Origenis
2798 3792 2852 3845 in
2877 3790 3287 3845 Pentateucltum
3311 3835 3328 3858 ,
3367 3794 3423 3846 in
3455 3788 3768 3862 lesunrlllave,

2248 3864 2305 3939 in
2332 3861 2567 3926 Judiccs,
2592 3861 2646 3916 et
2678 3863 2740 3939 in_
2770 3863 3030 3932 quosdam
3073 3863 3315 3939 psalmos
3362 3861 3770 3939 elucubrationurn

2251 3932 2596 4001 interpretem
2642 3933 2774 3987 satis
2828 3946 2948 3987 sese
2996 3933 3316 4000 proﬁtetur,
3383 3949 3501 3987 cum
3557 3932 3772 4001 promittit

2256 3997 2452 4055 ibidem
2483 4016 2604 4056 sese
2653 3997 3042 4056 conversurum
3079 4003 3374 4058 Clementis
3419 3997 3608 4065 libros,
3635 3997 3768 4067 quod.

2257 4071 2339 4124 vel
2379 4070 2569 4141 Huetio
2594 4073 2805 4141 judice,
2849 4089 2880 4126 a
2923 4071 3119 4126 Ruﬁno
3171 4072 3377 4127 factum
3426 4087 3537 4127 esse
3576 4079 3767 4141 constat,

2257 4156 2364 4220 non
2395 4141 2463 4194 ab
2477 4139 2972 4220 _Hi_eron_y__mo._At,_
2980 4142 3176 4220 inquit
3223 4143 3548 4220 Huetius,_iu_
3579 4139 3766 4220 Perora-

2258 4213 2398 4265 tione
2423 4212 2490 4265 ad
2518 4211 2820 4282 Hieracl’ium
2849 4213 2930 4267 bis
2959 4212 3312 4282 Hieronynms
3339 4212 3489 4282 quasi
3536 4211 3671 4276 hujus
3705 4211 3768 4282 i_n-

2255 4287 2528 4354 terpresa
2549 4281 2959 4354 Rufinodolose
2990 4277 3323 4354 nominatur.
3356 4277 3443 4337 —lta
3484 4283 3674 4354 quidem
3699 4277 3768 4354 le:

2254 4344 2534 4426 guutediti
2570 4351 2908 4426 antea__l_ibri,
2953 4354 3047 4407 sed
3089 4353 3459 4426 librariorum,
3485 4344 3590 4426 non
3623 4344 3767 4426 Rufini

2253 4421 2466 4490 vafritie
2488 4421 2687 4490 factum
2718 4422 2846 4476 illud
2872 4437 2991 4476 esse
3011 4424 3300 4478 contendo.
3334 4426 3390 4478 Si
3416 4424 3547 4477 enim
3569 4421 3762 4490 genuina

2181 4529 2223 4582 ι)
2251 4487 2366 4582 haec
2394 4489 2745 4582 essetrl‘ec‘tio,
2772 4507 2966 4582 omnes
2989 4495 3342 4573 manuscripti
3383 4487 3601 4576 codices,
3631 4488 3764 4582 etiam

2253 4560 2327 4614 illi
2399 4562 2490 4631 qui
2537 4561 2817 4633 .Rulinum_
2879 4562 3035 4630 hujus
3119 4560 3566 4633 interpretationis
3614 4567 3765 4633 aucto-

2251 4645 2363 4707 rem
2406 4627 2729 4707 agnoscunt,
2780 4627 3108 4707 Hieronymi
3139 4627 3657 4707 nom-enservarent1
3686 4627 3763 4678 Δι-

2251 4701 2339 4774 ῳιῇ
2375 4699 2548 4754 tamen
2589 4703 2802 4774 codices
2832 4699 3360 4774 nostriHieronymi
3404 4707 3513 4757 loco
3555 4699 3761 4774 Ruﬁnum

2251 4773 2446 4840 ubique
2477 4773 2787 4835 restituunt,
2815 4783 2869 4825 et
2901 4774 2972 4826 ita
3017 4772 3297 4841 legendum
3349 4788 3465 4831 esse
3505 4772 3761 4826 certissime

2249 4841 2624 4914 demonstrant
2650 4851 2761 4914 tum
2798 4843 2920 4896 libri
2952 4842 3221 4914 Origenis,
3256 4854 3364 4898 tum
3386 4843 3761 4914 libritlletnentts

2250 4911 2446 4965 ibidem
2484 4913 2785 4976 memorati,
2817 4929 2952 4982 quos
2993 4930 3022 4966 a
3055 4908 3265 4967 Ruﬁno
3319 4926 3594 4968 conuersos
3633 4908 3761 4978 fuisse

2249 4991 2477 5052 constat.
2513 4983 2750 5050 Denique
2780 4983 2825 5036 si
2853 4994 2961 5036 tam
2997 4993 3181 5052 aperte
3226 4983 3592 5052 Hieronymum
3634 4987 3756 5045 quasi

2251 5051 2410 5123 hujus
2453 5053 2633 5121 operis
2676 5051 3046 5121 tnterpretem’
3073 5051 3435 5107 fraudulenter
3479 5051 3757 5123 designassrt

2247 5116 2517 5196 Rufinus,
2549 5123 2790 5196 nunquid
2819 5116 2962 5177 hanc
3005 5123 3271 5196 fallaciam
3293 5116 3755 5196 ignorasset'lliemj

2246 5194 2471 5262 nyutus‘!
2523 5190 2766 5262 nunquid
2818 5209 2922 5246 non
2958 5190 3342 5248 reclamasset?
3377 5193 3518 5248 Unde
3555 5190 3755 5262 litigii"?

2245 5253 2550 5315 ni'Sanctus
2591 5253 2778 5316 doctor
2810 5265 2900 5331 qui
2937 5280 3003 5317 ne
3045 5264 3324 5316 mininmm
3355 5263 3559 5332 quidem
3585 5253 3751 5332 Huﬁut‘l

2244 5334 2590 5397 condonavit,
2617 5315 2755 5387 hanc
2777 5315 3020 5386 fraudem
3045 5315 3221 5386 tamen
3248 5315 3426 5386 nullijbi
3455 5315 3750 5384 criminetur?

2243 5400 2413 5454 Nolim
2443 5417 2574 5471 ergo
2604 5404 2852 5455 Hnlinutn
2895 5402 3052 5469 hujus
3105 5404 3300 5457 dolosae
3349 5403 3478 5456 artis
3524 5403 3744 5471 accusare.

2240 5459 2536 5545 quantum;
2573 5473 2684 5540 ipse
2715 5489 2922 5545 uspiam
2957 5459 3134 5542 arguit
3180 5473 3550 5545 Hieronymus,
3583 5459 3746 5545 nec"?

2240 5530 2324 5595 lus
2351 5543 2488 5596 alius
2523 5530 2717 5610 praeter
2763 5530 3080 5596 Huetium":
3115 5558 3178 5597 ac
3229 5530 3632 5615 proindehmagis

2241 5615 2418 5666 lucreo
2455 5615 2658 5666 Erasmi
2691 5615 2992 5678 sententiae,
3022 5615 3112 5682 qui
3146 5612 3410 5684 mangunii
3438 5612 3657 5684 librarios
3682 5613 3742 5684 tl}:

2238 5685 2516 5753 simulans,
2555 5685 2618 5735 ad
2653 5695 2924 5752 eruptores
2945 5673 3260 5738 alliciendos
3274 5673 3592 5753 "praetextum
3616 5673 3671 5725 ab
3692 5673 3741 5720 iii

2240 5752 2550 5822 Hieronymi
2588 5770 2781 5807 nomen
2815 5755 3133 5808 arbitratur.

2310 5822 2421 5892 (85)
2442 5815 2666 5877 Brevem
2693 5823 2812 5878 libri
2843 5825 2982 5879 tertii
3010 5825 3060 5878 in
3088 5823 3378 5894 Epistulam
3411 5821 3471 5878 ad
3499 5815 3736 5874 Colossen-
