4068 6312
593 399 723 456 1251

1853 397 1912 453 Ρ.
1958 398 2268 455 DANIELIS
2306 398 2539 456 lﬂlETll

3671 414 3776 470 13.32

1114 537 1532 593 DIAGRAMMA
1575 538 2119 606 TETRAPLORUM,
2163 541 2640 598 llEXAPLOllUM
2685 542 2770 596 ET
2810 542 3305 602 OCTAPLORUM.

719 707 974 773 lixetnplat'
1038 705 1432 773 lulixemplar}
1524 709 1718 769 Aquila.
1814 731 1820 773 ι
1911 710 2135 773 Sytnma-
2208 725 2215 773 ι
2281 709 2515 773 ,εθριυε-
2593 735 2607 773 ι
2690 712 2920 760 'l‘heodo-
2978 718 2989 773 |
3099 713 3278 772 Quinta
3376 715 3570 773 ISexta
3621 705 3705 767 ειιῆ

688 765 999 840 llebraicum,
1037 765 1388 840 [llebraicum
1421 765 1432 840 Ι
1585 765 1598 769 ’
1813 765 1820 840 |
1945 765 2082 820 chus.
2207 765 2215 840 Ι
2281 765 2296 773 “
2325 765 2476 831 ginta.
2599 765 2610 840 ι
2741 776 2858 821 tion.
2977 765 2989 840 Ι
3023 765 3175 840 editio
3229 765 3384 840 Hie-I
3422 765 3708 840 tio‘Nit-opo—

721 827 974 894 Hebraicis
1035 827 1045 894 |
1131 828 1333 894 _Gr:ncls_
1418 827 1434 894 Ι
1813 827 1820 894 |
2206 827 2215 894 I
2328 827 2349 831 ⁷
2599 827 2610 894 Ι
2977 827 3385 894 Iricbuntina.|
3491 827 3641 889 litana.‘

755 889 932 935 litteris
1035 889 1044 938 Ι
1097 889 1362 938 elementis

684 954 998 1011 descriptum.
1035 954 1044 1011 |
1091 958 1367 1000 exaratum.

729 1091 959 1141 nm;er
1035 1082 1044 1171 Ι
1119 1082 1334 1153 βερεσίθ
1417 1082 1429 1171 Ι
1603 1089 1713 1171 ἐν.
1810 1082 1820 1171 Ι
1883 1091 1940 1142 ἐν
1994 1091 2134 1160 ἀρχῇ

2282 1094 2340 1145 ὲν
2391 1093 2533 1162 ἀρχῇ
2600 1082 2610 1171 Ι
2669 1092 2725 1143 ἐν
2775 1092 2918 1161 ἀρχῇ
2979 1082 3292 1171 Iresidera-
3373 1082 3383 1171 Ι
3449 1113 3691 1164 Desidera-

1481 1158 1759 1228 κεφαλαῂρ
1807 1158 1818 1216 ι
2037 1158 2132 1160 ‘""

2600 1158 2611 1227 Ι
2979 1158 3263 1228 Furi
3373 1158 3383 1228 Ι
3451 1158 3609 1226 "in;

1628 1298 1652 1350 1
1999 1300 2035 1353 2
2378 1301 2411 1354 5
2770 1302 2804 1354 4

1957 1405 2454 1460 TETRAPLA.

866 1540 889 1592 1
1247 1539 1281 1592 2
1630 1541 1665 1594 ’5
2007 1543 2042 1596 4

2377 1545 2410 1598 5
2759 1546 2793 1600 6

1999 1657 2421 1714 HEXAPLA.

858 1802 886 1853 *1
1244 1803 1280 1850 ‘2
1639 1798 1672 1851 ’5
2030 1799 2064 1852 4

2407 1800 2440 1854 5
2791 1801 2823 1855 6
3172 1805 3205 1856 7
3527 1801 3557 1856 8

851 1881 863 1890 ’
1992 1912 2408 1970 OCTAPLA.

652 1997 3722 2032 LW

649 2127 712 2181 ll.
748 2126 872 2181 llaec
925 2125 1106 2190 habet,
1141 2125 1402 2193 inquam,
1435 2124 1767 2193 Epiphanius
1811 2125 1864 2179 in
1905 2125 2045 2180 libro
2088 2125 2160 2180 De
2191 2132 2235 2188 Α
2264 2128 2514 2183 columna
2549 2131 2942 2202 conjunxisset,
2980 2131 3139 2186 aliam
3175 2133 3479 2186 columnam
3514 2133 3781 2202 oppositam,

578 2219 794 2288 ponder.
825 2230 871 2272 et
896 2233 1060 2271 mens.
1094 2231 1214 2284 eap.
1259 2218 1345 2280 19,
1377 2225 1739 2285 praeterquam
1771 2219 1914 2286 quod
1947 2227 2157 2286 spectat.

578 2313 644 2366 ad
677 2310 1050 2366 columnarum
1098 2307 1494 2363 chraicarum
1534 2308 1697 2363 situm
1731 2324 1892 2363 :nam
1940 2325 2004 2364 ex
2037 2309 2154 2364 aliis

580 2403 904 2470 quilmsdam
938 2401 1226 2471 Epiphanii
1254 2401 1386 2456 locis
1420 2401 1736 2458 existimare
1763 2402 1931 2472 possit
1956 2402 2157 2471 aliquis

578 2503 891 2548 contextum
935 2491 1260 2546 Hebraicum
1305 2490 1510 2546 Graecis
1545 2502 1789 2546 nntatum
1823 2490 2156 2547 characteri-

576 2587 676 2641 bus
701 2586 885 2655 priore
921 2584 1041 2638 loco
1084 2584 1271 2638 fuisse.
1305 2582 1622 2654 Hujusmodi
1660 2584 1748 2638 ille
1795 2594 1881 2638 est
1917 2599 1981 2639 ex
2020 2586 2154 2641 basr.

577 2677 668 2742 64,
697 2693 818 2747 cap.
848 2676 904 2740 5,
937 2676 1059 2730 ὅθεν
1089 2676 1150 2728 τὺ
1175 2675 1390 2745 πρῶτον
1423 2676 1586 2729 αὐτοῦ
1619 2676 1894 2745 ἐπιμελῶς
1919 2677 2157 2746 ἐφιλοτι-

578 2772 789 2842 μήσατο
815 2769 1138 2835 συναγαγεῖν
1176 2767 1282 2820 τῶν
1305 2765 1364 2830 ἓξ
1396 2766 1719 2838 ἑρμηνειῶν,
1761 2767 1978 2835 Ἀκύλα,
2016 2769 2158 2841 Συμ-

577 2862 774 2933 μάχου,
806 2859 916 2914 τῶν
954 2877 1014 2913 τε
1055 2858 1456 2930 Ἐὅδομήκοντα
1494 2859 1607 2922 δύο,
1649 2862 1742 2914 καὶ
1787 2860 2156 2927 Θεοδοτίωνος,

576 2955 832 3026 πέμπτης
863 2970 922 3005 τε
949 2951 1041 3006 καὶ
1072 2952 1235 3021 ἕκτης
1281 2951 1542 3014 ἐκδόσεως
1562 2990 1576 3014 ,
1623 2951 1762 3021 μετὰ
1805 2953 2159 3023 παραθέσεως

575 3045 810 3116 ἑκάστης
857 3043 1055 3108 λέξεως
1101 3043 1422 3113 Ἐὅραῖκῆς,
1472 3044 1566 3095 καὶ
1617 3043 1794 3096 αὐτῶν
1859 3043 1995 3114 ὁμοῦ
2050 3044 2159 3098 τῶν

577 3137 856 3206 στοιχείων
877 3154 888 3167 ·
921 3135 986 3187 ὲκ
1016 3133 1361 3206 παραλλήλου
1382 3134 1438 3186 δὲ
1455 3134 1710 3204 ἄντικρυς
1735 3133 1963 3207 δευτέρᾳ
1993 3135 2158 3190 σελίδι

574 3224 854 3298 χρώμενος
899 3225 1043 3278 κατὰ
1099 3223 1345 3278 σύνθεσιν
1401 3224 1693 3296 Ἑϐραῖκὴν
1746 3226 1842 3296 μὲν
1885 3228 1950 3297 τῇ
1995 3225 2157 3292 λέξει,

585 3318 905 3390 Ἑλληνικὴν
935 3318 992 3372 δὲ
1051 3319 1152 3387 (sic
1202 3319 1346 3372 enim
1395 3318 1514 3387 lego
1562 3333 1668 3372 non
1721 3317 2034 3389 Ἑλληνικῷ)
2082 3319 2160 3390 τῷ

572 3411 859 3484 γράμματι
893 3410 1086 3484 ἑτέραν
1126 3409 1286 3464 πάλιν
1333 3397 1601 3478 πεττοίηκε
1655 3409 1921 3463 σύνθεσιν.
1951 3429 1970 3462 ι
2011 3410 2160 3466 Unde

2264 2220 2458 2278 litteris
2488 2223 2702 2292 quidem
2732 2224 2959 2287 Graecis,
2994 2225 3216 2279 vocibus
3247 2236 3429 2279 autem
3457 2223 3702 2279 Hebraicis
3715 2227 3783 2278 de-

2263 2314 2516 2383 scriptam
2545 2315 2760 2382 adjecit.
2806 2335 2825 2367 »
2866 2317 3020 2383 Quod
3057 2320 3100 2371 si
3127 2331 3221 2371 sex
3261 2317 3719 2385 interpretationes,
3744 2327 3785 2371 et

2266 2405 2586 2462 "t’bl‘aiCllm
2620 2411 2898 2478 exemplar
2941 2409 3205 2465 llebraice
3239 2410 3495 2478 scriptum
3524 2411 3662 2464 simul
3685 2427 3784 2464 cnn-

2257 2497 2549 2568 junxerat;
2615 2500 2666 2554 in
2705 2503 2905 2554 extima
2957 2501 3199 2570 profecto
3239 2501 3484 2556 columna
3528 2513 3782 2557 contextum

2265 2592 2588 2648 llebraicum
2643 2594 2956 2648 charactere
3012 2594 3203 2650 Graeco
3251 2606 3530 2650 exaratum
3586 2596 3783 2665 sequitur

2265 2683 2428 2738 fuisse
2461 2694 2742 2740 attextum.
2777 2684 2884 2742 Sed
2933 2689 3150 2756 pra-lixa
3187 2688 3310 2741 sine
3339 2689 3495 2741 dubio
3529 2688 3670 2742 fuisse
3702 2687 3781 2740 lle-

2265 2775 2447 2830 braica
2482 2775 2744 2834 Ilebraice
2774 2779 3134 2849 depicta,tutn
3159 2782 3405 2835 subnexa
3436 2781 3612 2836 eadem
3637 2779 3782 2835 Graece

2263 2878 2506 2934 exarata,
2542 2880 2595 2926 et
2621 2871 2892 2940 subjectas
2914 2874 3109 2928 deinde
3151 2888 3248 2928 sex
3284 2875 3718 2943 interpretationes
3733 2886 3783 2924 ex

2267 2962 2331 3016 iis
2357 2963 2645 3020 manifeste
2685 2966 3028 3021 concluditur
3055 2984 3174 3038 qua:
3207 2969 3461 3034 leguntur
3485 2969 3612 3038 apud
3637 2967 3780 3021 [licto-

2266 3069 2483 3125 nymum
2516 3056 2571 3109 in
2623 3055 2798 3125 Epist.
2845 3060 2913 3112 ad
2948 3057 3051 3112 Tit.
3089 3075 3181 3123 ιιι,
3234 3060 3308 3122 9;
3337 3078 3356 3111 ι
3399 3060 3541 3116 Unde
3577 3069 3625 3112 et
3665 3058 3780 3111 nobis

2265 3163 2408 3202 cum
2441 3147 2540 3203 fuit
2563 3164 2753 3204 omnes
2785 3153 2980 3206 veteris
3013 3153 3144 3224 legis
3175 3154 3363 3215 libros.
3383 3170 3514 3223 quos
3537 3155 3610 3207 vir
3631 3154 3776 3206 doctus

2264 3240 2620 3296 Adamantius
2657 3243 2712 3297 in
2747 3241 2990 3314 Ilexapla
3025 3245 3119 3316 (ita
3168 3246 3311 3316 lege,
3349 3263 3450 3301 non
3491 3245 3717 3313 exempla,
3739 3255 3779 3298 ut

2267 3332 2446 3404 vulgo)
2484 3332 2804 3404 digesserat,
2831 3337 2896 3390 de
2917 3337 3236 3393 Cmsariensi
3285 3340 3595 3394 bibliotheca
3623 3337 3778 3391 descri-

2267 3433 2388 3492 ptos
2418 3439 2484 3478 ex
2526 3425 2654 3493 ipsis
2702 3427 3032 3482 authenticis
3079 3431 3412 3492 emendare,
3452 3432 3499 3484 in
3543 3433 3708 3496 quibus
3741 3438 3780 3483 et

573 3505 807 3573 primum
834 3503 1044 3558 studuit
1091 3502 1145 3556 in
1179 3517 1344 3555 unum
1387 3500 1715 3570 conjungere
1758 3516 1855 3557 sex
1883 3503 2151 3572 interpre-

2261 3515 2374 3585 ipsa
2402 3514 2622 3570 Hebraea
2656 3519 2890 3586 propriis
2938 3529 3064 3574 sunt
3096 3520 3504 3578 charaCteribus
3535 3495 3674 3578 verba
3708 3523 3776 3576 de-

577 3595 811 3649 tationes
839 3594 1070 3663 Aquilae,
1099 3592 1434 3666 Symmachi,
1463 3593 1814 3665 Septuaginta
1837 3595 2066 3649 duormn
2104 3601 2160 3648 et

574 3686 970 3744 Theodotionis
999 3706 1013 3755 ;
1039 3688 1284 3758 quintam
1314 3688 1477 3742 etiam
1504 3696 1558 3742 et
1582 3697 1792 3742 sextam
1822 3687 2112 3742 editionem
2138 3705 2154 3756 ;

574 3793 697 3834 cum
723 3778 1026 3848 adiectione
1049 3793 1239 3834 vocum
1260 3778 1593 3848 singularum
1619 3776 2005 3834 Hebraicarum
2029 3794 2158 3849 pro-

574 3869 709 3939 priis
729 3870 1016 3925 elementis
1037 3870 1430 3938 dcscriptarum
1456 3885 1472 3930 ;
1505 3885 1571 3924 ex
1597 3868 1765 3923 altera
1799 3879 1979 3925 autem
2004 3879 2160 3940 parte

580 3960 864 4028 opposita,
906 3969 1063 4016 utens
1123 3961 1292 4014 altera
1349 3960 1598 4015 columna
1652 3961 1988 4032 depingendo
2027 3976 2159 4017 con-

576 4059 811 4114 textum,
845 4051 1168 4107 llebraicum
1193 4053 1408 4121 quidem
1449 4053 1720 4120 dictione,
1748 4053 1997 4110 Graecum
2031 4069 2159 4110 vero

576 4165 795 4230 litteris,
829 4165 996 4219 alium
1029 4179 1245 4218 rursum
1279 4174 1590 4228 contextum
1625 4165 1946 4222 lucubravit.
1982 4185 2001 4219 ι
2034 4167 2160 4224 Hac

574 4257 652 4312 ita
679 4255 878 4326 exponi
933 4263 1201 4326 possent:
1251 4255 1495 4309 medium
1540 4255 1716 4309 locum
1771 4257 2012 4312 tenuisse
2065 4274 2158 4312 sex

577 4349 1056 4418 interpretationes
1098 4345 1318 4402 Graecas
1378 4347 1520 4401 inter
1577 4346 1838 4402 llebraica
1895 4347 2161 4405 llebraice

577 4441 804 4510 scripta,
853 4457 974 4511 qua:
1023 4439 1088 4495 ad
1129 4455 1290 4494 unam
1338 4441 1442 4494 sita
1482 4449 1640 4495 erant
1675 4449 1916 4510 partem;
1947 4451 2003 4496 et
2051 4442 2157 4498 lle~

578 4531 760 4586 braica
799 4530 988 4587 Graece
1008 4541 1257 4598 exarata,
1287 4546 1406 4602 quae
1441 4533 1506 4586 ad
1558 4532 1721 4586 aliam
1761 4543 1970 4602 partem
2001 4544 2162 4588 erant

579 4623 869 4679 cbllocata.
898 4623 1003 4679 Sed
1068 4625 1208 4680 hanc
1257 4626 1651 4697 expositionem
1699 4637 1960 4696 respuunt
1999 4628 2159 4680 verba

581 4716 868 4786 Epiphanii
897 4717 1163 4785 ejusdem,
1196 4733 1315 4787 qua:
1347 4733 1471 4772 mox
1517 4716 1806 4774 aﬂ'eremus
1849 4734 1879 4773 e
1923 4717 2061 4774 libro
2089 4717 2162 4772 De

578 4808 798 4878 ponder.
815 4821 938 4875 cap.
963 4807 1052 4869 19,
1076 4808 1164 4862 ubi
1186 4807 1510 4864 Hebraicum
1535 4819 1823 4878 utrumque
1847 4819 2158 4864 contextum

581 4903 763 4968 priore
798 4899 919 4954 loco
956 4909 1200 4952 notatum
1235 4900 1404 4956 fuisse
1431 4903 1696 4972 agnoscit.
1727 4900 1950 4956 Videtur
1978 4903 2159 4970 itaque

583 4994 634 5047 id
661 4993 762 5048 sibi
803 4992 982 5061 potius
1004 4991 1240 5046 voluisse
1265 4993 1621 5062 Epiphanius,
1650 4996 1718 5047 ad
1746 5008 1907 5047 unam
1933 4992 2162 5048 Hebrai-

579 5099 658 5139 σε
701 5083 965 5139 columnas
1015 5082 1298 5139 Hebraicis
1343 5085 1628 5140 elementis
1669 5094 1907 5140 exarata
1950 5093 2161 5153 partem

584 5183 800 5230 notatas
825 5174 990 5230 fuisse
1013 5173 1229 5230 Graecas
1265 5189 1358 5230 sex
1386 5175 1863 5246 interpretationes
1887 5191 1904 5239 ;
1935 5178 2000 5230 ad
2025 5176 2160 5230 alte-

587 5281 700 5319 ram
743 5281 868 5320 vero
907 5266 1096 5322 Graece
1149 5268 1408 5338 scriptum
1455 5277 1768 5323 contextum
1813 5268 2159 5323 Hebraicum.

585 5357 696 5412 Hoc
732 5357 871 5410 idem
919 5358 1230 5427 signiﬁcare
1273 5359 1424 5414 dicas
1456 5359 1560 5414 ista
1595 5374 1624 5414 e
1663 5359 1801 5414 libro
1833 5359 1910 5413 De
1941 5361 2160 5427 ponder.

581 5463 704 5519 cap.
732 5449 782 5506 7.
805 5449 902 5514 τὰς
935 5450 1042 5520 γὰρ
1069 5449 1128 5514 ἓξ
1154 5451 1447 5523 ἑρμηνείας
1470 5451 1561 5505 καὶ
1589 5451 1688 5523 τὴν
1713 5451 2006 5524 Ἐσραῖκὴν
2028 5468 2165 5522 γρα-

583 5541 689 5612 φὴν
729 5542 1034 5613 Ἑϐραϊκοῖς
1059 5543 1340 5614 στοιχείοις
1373 5544 1465 5598 καὶ
1497 5545 1737 5616 ῥήμασιν
1760 5544 1943 5606 αὐτοῖς
1987 5546 2044 5596 ὲν
2077 5560 2165 5594 σε-

583 5626 684 5684 λίδὶ
713 5637 807 5704 μιᾷ
836 5635 1212 5701 συντεθεικὼς,
1239 5635 1402 5707 ἄλλην
1430 5636 1611 5690 σελίδα
1638 5635 2065 5707 ἀντιπαράθετον
2095 5634 2160 5686 δι’

596 5723 922 5794 Ἑλληνικῶν
963 5727 1058 5796 μὲν
1101 5728 1460 5798 γραμμάτων,
1505 5728 1808 5801 Ἑϐραϊκῶν
1849 5727 1906 5780 δὲ
1943 5727 2160 5793 λέξεων,

586 5825 692 5867 etc.
713 5832 732 5863 ι
763 5815 868 5867 Sex
904 5818 1047 5869 enim
1076 5819 1641 5886 iuterpretationes,et
1668 5819 1986 5874 Hebraieam
2012 5819 2162 5872 Scri-

587 5902 804 5960 Pturam
838 5901 1117 5961 Hebraicis
1159 5906 1442 5964 elementis
1471 5925 1537 5967 ac
1584 5911 1766 5966 verbis
1807 5923 1928 5964 cum
1961 5909 2012 5963 in
2061 5925 2163 5963 una

2259 3610 2488 3679 scripta,
2521 3619 2576 3665 et
2600 3609 2808 3665 Graecis
2836 3611 3037 3669 litteris
3079 3615 3301 3670 tramite
3329 3630 3574 3684 expressa
3598 3616 3776 3667 vicino:

2256 3697 2450 3765 Aquila
2485 3700 2668 3764 etiam,
2702 3709 2757 3754 et
2783 3701 3156 3771 Symmachus,
3176 3701 3318 3757 LXX
3342 3720 3564 3774 quoque,
3585 3703 3780 3758 etTtieo-

2259 3790 2404 3845 dotio
2429 3806 2585 3845 suum
2614 3792 2861 3846 ordinem
2899 3803 3105 3848 tenent.
3149 3815 3168 3847 ι
3209 3797 3503 3851 Columnas
3523 3811 3687 3850 omnes
3707 3809 3780 3863 pro

2259 3882 2398 3938 situs
2419 3883 2502 3938 sui
2545 3885 2737 3939 ordine
2781 3887 3073 3942 recensuit.
3119 3889 3374 3956 Apertius
3407 3892 3559 3944 etiam
3603 3889 3779 3944 Ruﬁnus

2261 3973 2389 4030 libr.
2420 3991 2472 4030 vx
2499 3976 2812 4031 Eusebiante
2845 3976 3047 4031 Histor.
3104 3995 3224 4049 cap.
3263 3981 3347 4042 16.
3373 4001 3393 4034 ι
3429 3979 3776 4036 Famosissimos

2262 4064 2381 4120 illos
2415 4067 2633 4122 codices
2669 4072 2878 4137 primus
2923 4073 3228 4137 composuit
3263 4073 3516 4143 Origenes
3545 4074 3589 4125 in
3626 4071 3778 4139 Quibus

2261 4173 2357 4227 per
2391 4160 2632 4230 singulas
2680 4161 3018 4219 columnulas
3047 4179 3077 4219 e
3121 4167 3345 4234 regione
3375 4167 3638 4235 separatim
3675 4175 3778 4230 opus

2263 4250 2574 4320 interpretis
2627 4254 3050 4324 uniuscujusque
3089 4259 3422 4328 “descripsit,
3454 4259 3517 4311 ita
3562 4267 3609 4310 ut
3643 4255 3777 4323 prime

2262 4343 2500 4396 omnium
2531 4344 2642 4412 ipsa
2668 4343 2890 4398 llebraza
2939 4347 3096 4400 verba
3129 4347 3408 4401 Hebraicis
3445 4345 3622 4400 litteris
3647 4354 3777 4412 pone-

2263 4443 2385 4498 ret;
2424 4435 2663 4489 secuntlo
2687 4437 2739 4488 in
2771 4435 2892 4491 loco
2922 4452 3018 4508 per
3043 4439 3290 4492 ordinem
3333 4438 3528 4494 Cra-cis
3568 4435 3728 4489 litteris
3755 4445 3777 4483 e

2264 4526 2483 4593 regione
2517 4525 2737 4581 Hebraea
2771 4530 2932 4582 verba
2974 4529 3350 4598 describeret;
3387 4531 3585 4585 tertiam
3615 4523 3777 4593 Aquila“.

2263 4619 2552 4672 editionem
2576 4620 2914 4689 adjungeret;
2943 4632 3189 4689 quartam
3224 4622 3555 4694 Symmachi;
3581 4619 3773 4688 quintam

2265 4707 2616 4781 Septuaginta
2675 4711 3206 4781 lnterprctum,qu:e
3255 4724 3433 4767 nostra
3476 4717 3772 4775 est;sextam

2267 4800 2654 4858 Theodotionis
2680 4804 2994 4866 collocaret,
3039 4814 3094 4858 et
3133 4815 3356 4874 propter
3388 4801 3624 4874 ejusmodi
3663 4810 3773 4851 coni-

2267 4894 2589 4963 positionem
2615 4897 2944 4966 exemplaria
2969 4899 3078 4966 ipsa
3111 4897 3406 4951 nominavit
3432 4891 3658 4959 Ἐξαπλᾶ.
3682 4907 3696 4938 ι
3716 4885 3770 4939 Ex

2268 4990 2352 5045 bis
2397 4992 2560 5046 ctiam
2606 4992 2772 5062 iiquet
2806 4994 3056 5060 prmlixos
3083 4993 3288 5048 Graecis
3319 4993 3618 5047 editioaibus
3647 4985 3770 5037 fuisse

2269 5081 2564 5139 Hebraicos
2593 5095 2902 5152 contextus,
2937 5101 3043 5139 non
3079 5091 3388 5151 subnexus;
3419 5100 3511 5138 nec
3551 5079 3767 5151 przetixum

2271 5172 2520 5235 alterum,
2571 5174 2798 5229 alterum
2846 5177 3179 5241 subnexum,
3211 5188 3268 5230 ut
3315 5177 3542 5231 indicare
3576 5171 3768 5224 videntur

2271 5263 2376 5318 illae
2419 5265 2702 5334 Epiphanii
2754 5282 2914 5322 voces
2945 5285 2957 5321 :
2988 5270 3053 5322 ὲκ
3100 5271 3433 5343 παραλλήλου
3471 5268 3521 5320 δὲ
3548 5267 3762 5330 ἄντικρυς-

2271 5356 2463 5426 Liquet
2492 5359 2590 5412 hoc
2618 5375 2832 5428 quoque
2857 5374 2921 5413 ex
2955 5361 3038 5418 his
3062 5363 3299 5430 eiusdem
3319 5379 3348 5417 e
3368 5362 3480 5414 libr.
3500 5359 3566 5412 De
3581 5354 3762 5425 pondera

2270 5465 2386 5520 cap.
2425 5451 2507 5511 19,
2539 5453 2682 5515 τινὲς
2714 5451 2892 5506 τοίνυν
2912 5495 2926 5516 ,
2951 5454 3027 5518 ὡς
3061 5455 3213 5525 ἔφην,
3244 5455 3457 5515 ταύταις
3492 5453 3596 5510 ταῖς
3615 5442 3762 5515 βέῶοις

2272 5544 2686 5614 ἐντυγχάνοντες
2710 5585 2724 5609 ,
2765 5545 2858 5598 καὶ
2899 5546 3241 5618 εὑρίσκοντες
3282 5545 3375 5609 τὰς
3410 5544 3494 5596 δύο
3537 5528 3761 5607 Ἐσραῖκὰς

2271 5633 2494 5706 πρώτας
2535 5636 2813 5706 κειμένας,
2861 5639 2999 5707 μετὰ
3029 5637 3232 5702 ταύτας
3274 5638 3328 5690 δὲ
3367 5637 3459 5707 τὴν
3498 5631 3580 5685 τοῦ
3619 5620 3764 5680 Ἀκύλα

2271 5726 2626 5798 τεταγμένην,
2657 5739 2762 5783 etc.
2794 5749 2812 5780 ι
2852 5729 3098 5785 Nonnulli
3113 5732 3301 5800 .igitur,
3324 5741 3375 5784 ut
3397 5728 3513 5788 dixi,
3540 5725 3622 5778 bos
3643 5718 3763 5770 libros

2272 5818 2515 5886 legentes
2552 5829 2608 5872 et
2658 5822 2990 5890 reperientes
3049 5821 3337 5878 Hebraicas
3391 5820 3508 5874 duas
3557 5810 3761 5867 editiones

2275 5908 2454 5977 priore
2477 5907 2595 5973 loco
2632 5911 2802 5980 sitas;
2831 5921 2951 5982 post
2975 5927 3070 5970 eas
3097 5929 3224 5970 vero
3262 5913 3398 5970 illam
3426 5895 3760 5979 Aquilaegcollw
