4068 6312
365 394 387 447 1
398 393 503 447 255

1211 380 1781 442 ORIGENIANORUM
1824 378 1953 434 LIB.
1996 376 2083 441 lll’,
2119 375 2270 429 CAP.
2314 374 2379 440 ll,
2417 371 2611 428 SECT'.
2652 371 2739 425 IV.

3466 368 3601 423 1251-

365 518 541 563 Cata‘m
565 549 579 571 ,
615 526 634 559 ι
666 514 773 563 etc.
822 506 896 561 Ne
942 506 1063 575 quis
1105 518 1230 558 vero
1282 519 1466 558 vocem
1506 504 1669 558 σελίδι
1723 520 1819 571 pro
1871 516 1935 555 eo
1967 507 2009 558 Α
2040 506 2123 551 tas
2160 495 2501 565 exploremus
2552 490 2872 555 sententias,
2912 489 3032 544 inde
3073 491 3138 544 ad
3192 497 3514 559 temperatas
3545 497 3602 544 et

366 610 681 670 usurpatam
715 610 882 669 putet,
932 602 1071 669 quod
1112 613 1209 653 nos
1252 600 1501 670 paginam
1550 596 1925 665 appellamus;

364 707 491 745 nam
528 692 674 756 σελὶς
703 691 1006 746 columnam
1035 705 1246 760 quoque
1272 690 1560 761 signiﬁcat,
1579 691 1713 744 adeo
1743 702 1799 741 ut
1821 688 1931 758 plu-

366 798 453 835 res
476 783 751 837 columnas
778 798 880 837 una
914 783 1105 852 pagina
1137 783 1462 836 contineret.
1494 780 1664 835 Porro
1687 781 1927 835 ordinem

364 873 528 926 istum
559 889 715 940 quem
749 872 1035 925 Statuintus
1073 872 1371 925 luculenter
1396 872 1589 925 astruit
1627 869 1929 923 vetustissi-

362 980 484 1019 mus
518 966 683 1018 codex
715 965 1046 1018 Barberinus
1091 966 1372 1018 duodecim
1397 968 1803 1033 prophetarum,
1838 964 1926 1033 qui

360 1057 427 1107 ad
456 1054 605 1109 Oseze
633 1072 706 1116 χι,
739 1056 785 1119 1,
817 1057 977 1109 breve
1010 1054 1366 1122 llexaplorum
1393 1056 1664 1123 specimen
1688 1057 1752 1109 ad
1776 1071 1925 1109 oram

361 1157 620 1200 attextum
655 1148 837 1210 habet,
867 1155 921 1199 et
955 1147 1006 1200 in
1039 1156 1249 1199 sextum
1279 1157 1477 1200 tomum
1515 1146 1926 1214 Polyglottorum

362 1240 652 1294 Bibliorum
699 1256 796 1294 suo
824 1239 942 1295 loco
979 1240 1162 1295 retulit
1197 1240 1502 1294 Waltontts.
1543 1240 1928 1296 Desiderantur

359 1329 572 1397 quidem
606 1328 865 1383 Hebraica
904 1329 1163 1385 llebraice
1193 1331 1633 1400 scripta;priore
1654 1348 1780 1386 vero
1812 1333 1926 1387 loco

360 1422 461 1474 sita
490 1428 619 1474 sunt
647 1420 907 1476 llebraica
939 1421 1143 1478 Graacis
1178 1423 1459 1477 elementis
1482 1435 1770 1493 concepta;
1799 1440 1925 1494 pro-

360 1512 507 1564 xime
560 1511 744 1565 subest
794 1512 879 1565 his
912 1512 1131 1581 Aquila;
1172 1514 1298 1568 huic
1344 1515 1924 1585 Symmachus;quem

358 1605 633 1672 excipiunt
673 1603 854 1670 LX-x;
890 1604 1133 1659 ultimam
1177 1609 1482 1662 columnam
1538 1609 1639 1664 sibi
1689 1611 1927 1664 vindicat.

361 1697 677 1751 Theodotio.

429 1783 514 1838 Ill.
550 1784 929 1853 Disqnisitiune
952 1787 1169 1858 dignum
1199 1799 1302 1852 est,
1339 1790 1530 1859 ecquid
1577 1791 1630 1843 in
1664 1790 1925 1860 interpre-

2040 589 2244 653 medias
2268 586 2698 658 progrediamur.
2726 584 2903 651 Atque
2947 582 3089 637 hunc
3119 582 3333 635 modum
3367 582 3601 637 servavit

2032 680 2293 749 Origenes
2325 680 2378 735 in
2417 678 2745 735 collocandis
2782 675 3336 742 interpretationibus.

2102 773 2193 828 Ν.
2233 773 2387 827 Nune
2424 787 2488 826 ea
2528 786 2689 841 quam
2721 770 2964 825 dedimus
3006 766 3389 833 Telraplornm,
3422 768 3598 823 Hexa-

2029 867 2235 936 plorum
2285 873 2339 918 et
2373 862 2712 925 Octaplorum
2748 859 3036 929 descriptio
3070 874 3135 911 an
3172 856 3383 911 Eusebii
3432 858 3599 912 ratio-

2030 958 2185 1011 nibus
2238 955 2561 1017 consentiat,
2627 953 2995 1022 anquiramus.
3052 949 3253 1004 Scribit
3283 948 3368 1003 ille
3398 949 3597 1019 libr.|vi

2031 1047 2198 1110 Hist.,
2229 1062 2346 1114 cap.
2394 1046 2486 1112 46,
2524 1045 2809 1114 Origenem
2858 1042 2956 1105 τὰς
2991 1041 3144 1113 παρὰ
3188 1045 3300 1106 τοῖς
3328 1042 3598 1107 Ἰουδαίοις

2028 1139 2403 1212 ὲμφερομένας
2432 1136 2818 1209 πρωτοτύπους
2841 1134 3295 1206 αὐτοίςἙὸραίων
3321 1135 3597 1205 στοιχείοις

2027 1231 2262 1304 γραφὰς,
2296 1232 2481 1301 κτῆμα
2508 1230 2637 1283 ἴδιον
2676 1227 3025 1298 ποίησασθαι.
3058 1246 3076 1280 ι
3116 1227 3409 1294 Usurpatas
3457 1228 3596 1296 apud

2028 1323 2242 1378 Iudaeos
2280 1320 2591 1392 Scripturas
2650 1320 3024 1391 primigenias,
3071 1318 3203 1388 ipsis
3249 1318 3595 1373 Hebraeorum

2029 1414 2223 1468 litteris
2250 1413 2569 1483 descriptas,
2614 1425 2983 1480 comparasse.
3020 1428 3039 1461 ι
3070 1409 3196 1463 Haec
3236 1409 3392 1464 aliter
3440 1408 3596 1463 intel-

2028 1506 2161 1559 lexit
2202 1507 2283 1559 vir
2325 1506 2544 1569 doctus,
2575 1516 2737 1573 atque
2772 1502 2847 1555 ita
2887 1503 3156 1557 reddidit:
3188 1521 3207 1554 ε
3253 1517 3597 1571 comparasse

2026 1612 2147 1651 eum
2181 1597 2281 1651 sibi
2317 1596 2659 1665 Scripturas,
2696 1610 2813 1662 (pne
2855 1594 2995 1663 apud
3047 1592 3260 1649 Judzeos
3298 1596 3596 1664 prototypis

2028 1690 2377 1744 Hebraeorum
2413 1688 2608 1742 litteris
2636 1687 2919 1756 descripta:
2950 1702 3070 1741 esse
3105 1686 3368 1741 feruntur.
3411 1706 3430 1739 ι
3469 1686 3596 1741 Pro-

2031 1793 2241 1854 totypas
2272 1791 2446 1836 autem
2478 1782 2825 1836 Hebratorum
2851 1782 3084 1845 litteras,
3120 1782 3233 1851 ipsa
3256 1795 3375 1836 esse
3408 1780 3595 1836 Sama-

362 1876 622 1929 tatiouum
651 1877 1004 1945 dispositione
1049 1878 1404 1935 Theodotioni
1445 1882 1735 1952 autiquiori
1769 1882 1924 1952 Sym-
1956 1860 1998 1915 Β
2029 1876 2250 1928 rilal'llm
2275 1874 2535 1930 eielllema
2557 1873 2825 1940 assem“;
2852 1873 2988 1927 νθηθ
3011 1873 3175 1942 ἰδίων
3206 1872 3259 1926 id
3295 1872 3396 1927 Sibi
3427 1871 3595 1926 Εηεθ·

361 1967 609 2021 machum
657 1970 1009 2023 recentiorem
1047 1970 1309 2041 Origenes
1336 1975 1724 2044 anteposuerit.
1746 1974 1925 2028 Facile

360 2058 501 2112 hunc
532 2060 728 2113 nodum
765 2062 973 2116 solvere
1019 2078 1077 2117 se
1117 2079 1273 2133 posse
1313 2075 1554 2132 putasset
1574 2065 1921 2135 Epiphanius,

358 2148 449 2217 qui
490 2147 860 2205 Theodotione
906 2154 1252 2207 vetustiorem
1296 2152 1461 2207 fuisse
1518 2154 1921 2223 Symmachum,

357 2240 605 2306 opinatus
643 2251 727 2293 est
774 2240 895 2295 libr.
933 2241 1005 2294 De
1054 2243 1309 2310 pandet,
1351 2258 1470 2311 cap.
1514 2243 1600 2309 16,
1632 2245 1716 2297 l7.
1741 2244 1923 2313 Itaque

355 2330 646 2384 collocatos
686 2331 854 2385 fuisse
890 2341 995 2385 tres
1027 2333 1145 2386 illos
1190 2335 1569 2402 respondisset,
1588 2334 1738 2402 juxta
1774 2336 1922 2390 ordi-

355 2438 478 2476 nem
525 2438 634 2475 suae
668 2424 860 2477 aetatis.
897 2425 1007 2493 (88)
1042 2424 1151 2494 Ego
1179 2440 1309 2479 vero
1350 2440 1379 2477 a
1426 2434 1637 2495 recepta
1672 2427 1923 2493 opinione

355 2512 633 2568 discedere
692 2530 795 2568 non
846 2532 1086 2585 possum,
1133 2532 1252 2586 qua;
1299 2518 1532 2587 priorem
1578 2525 1738 2572 aetate
1772 2519 1921 2587 ponit

353 2601 778 2659 Theodotionem
810 2623 971 2675 quam
1007 2608 1387 2677 Symmachum
1414 2628 1426 2663 :
1452 2625 1574 2662 nam
1600 2610 1727 2680 quid
1756 2626 1920 2681 oppo-

351 2694 406 2747 ni
441 2706 611 2763 potest
649 2696 730 2749 his
767 2696 1076 2766 Hieronymi
1111 2698 1328 2752 Przefat.
1360 2700 1411 2753 in
1433 2700 1685 2767 Evangel.
1712 2719 1725 2755 :
1755 2719 1773 2751 ι
1804 2701 1918 2755 Non

350 2801 535 2851 quaere
566 2789 691 2854 quid
721 2788 934 2854 Aquila,
961 2790 1087 2858 quid
1116 2791 1472 2860 Symmachus
1497 2793 1732 2860 sapiant,
1752 2808 1921 2863 quare

352 2875 686 2931 Tneodotion
714 2881 852 2933 inter
882 2896 1047 2936 novos
1077 2894 1130 2937 et
1155 2894 1362 2937 veteres
1380 2884 1584 2939 medius
1614 2886 1827 2941 incedat
1852 2887 1913 2940 2»

350 2969 543 3036 quibus
574 2988 678 3024 non
715 2981 1069 3041 temperatum
1101 2976 1362 3031 duntaxat
1409 2978 1797 3047 interpretandi
1827 2994 1917 3048 ge-

354 3076 477 3123 nus,
501 3063 641 3130 quod
681 3065 851 3117 tenuit
889 3065 1204 3131 Theodotio,
1269 3068 1361 3121 sed
1404 3068 1576 3123 media
1607 3070 1767 3123 etiam
1801 3069 1915 3137 ejus

347 3164 479 3207 tetas
511 3154 755 3222 Aquilam
787 3157 927 3210 inter
953 3167 1006 3210 et
1038 3157 1419 3228 Symmachum
1450 3161 1741 3230 signiﬁcari
1766 3163 1914 3217 vide-

350 3252 460 3294 tur.
502 3242 718 3311 Origeni
746 3258 876 3312 ergo
913 3246 1057 3299 aliud
1106 3246 1270 3301 fuisse
1305 3262 1482 3301 causa:
1521 3257 1670 3316 puto,
1704 3264 1801 3301 cur
1841 3250 1912 3301 ita

348 3331 819 3398 interpretationes
860 3332 981 3397 illas
1019 3332 1304 3403 digereret.
1336 3336 1416 3387 Ad
1453 3333 1713 3388 Hebraica
1742 3337 1915 3388 maxi-

349 3438 435 3476 me
485 3426 777 3477 accctlebat
806 3426 1016 3493 Aquila,
1047 3427 1193 3480 hunc
1224 3427 1329 3482 illis
1382 3428 1504 3483 ideo
1540 3430 1784 3497 proxime
1820 3430 1916 3483 ad-

342 3513 539 3582 iunxit.
563 3513 669 3585 (89)
700 3516 781 3570 Ab
809 3517 999 3572 iisdem
1036 3519 1155 3587 plus
1187 3520 1408 3590 reliquis
1444 3522 1728 3577 recedebat
1751 3522 1912 3594 Sym-

349 3607 591 3671 machus,
654 3608 852 3677 quippe
901 3611 989 3676 qui
1028 3612 1416 3666 sententiarum
1468 3614 1691 3680 fuisset,
1753 3632 1913 3685 quam

347 3698 634 3751 verborum
666 3700 1005 3756 retinentior.
1035 3701 1184 3757 Utex
1202 3703 1911 3780 conflictquuilteetSym-

349 3790 547 3853 maelii,
579 3791 669 3858 qui
718 3792 971 3861 abierant
996 3794 1046 3847 in
1079 3794 1313 3859 diversa,
1350 3809 1404 3851 et
1436 3809 1675 3853 extrema
1702 3800 1914 3857 fuerant

347 3881 635 3947 persecuti,
660 3882 861 3936 veritas
909 3884 1230 3950 eliceretur,
1268 3890 1473 3955 Optima
1514 3893 1723 3946 ratione
1763 3903 1910 3947 uter-

347 3985 453 4037 que
489 3972 649 4025 simul
688 3976 1009 4039 conjunctus
1036 3988 1138 4031 est.
1168 3980 1405 4035 Subnexi
1432 3993 1555 4036 sunt
1588 3983 1690 4038 illis
1721 3986 1912 4040 deinde

349 4063 673 4132 interpretes
720 4064 860 4120 LXX
890 4078 945 4122 et
968 4070 1300 4137 Theodotio,
1366 4076 1455 4142 qui
1498 4077 1727 4132 mediam
1770 4081 1909 4134 viam

350 4163 654 4208 tenuerant.
701 4172 720 4205 ι
763 4155 926 4223 Quasi
952 4174 1078 4223 non,
1120 4180 1137 4211 ι
1174 4160 1345 4227 inquit
1381 4163 1738 4238 Hieronymus
1770 4168 1912 4224 Prte-

348 4243 442 4296 tut.
492 4245 549 4298 in
595 4245 718 4309 Job,
778 4264 797 4297 ε
848 4249 987 4316 apud
1026 4248 1241 4304 Griecos
1280 4253 1507 4323 Aquila,
1555 4256 1910 4326 Symmachus

345 4344 397 4384 et
420 4332 737 4400 Theodotio,
757 4333 837 4388 vel
860 4338 1082 4391 verbum
1114 4354 1144 4392 e
1167 4341 1358 4406 .verbo,
1382 4344 1463 4397 vel
1486 4359 1703 4401 sensum
1733 4362 1763 4402 e
1789 4363 1911 4402 sen-

344 4436 429 4484 su,
459 4422 540 4476 vel
582 4438 646 4480 ex
693 4434 920 4494 utroque
950 4430 1310 4497 commistum,
1342 4442 1396 4486 et
1429 4435 1616 4489 media:
1646 4445 1911 4508 tempera-

2029 1966 2235 2020 sebium
2255 1964 2611 2020 Samaritanis
2631 1966 2926 2034 Scriptura:
2953 1963 3229 2018 codicibus
3257 1979 3411 2018 usum
3431 1964 3594 2018 fuisse

2027 2058 2334 2126 Origenem,
2364 2057 2660 2124 eademque
2698 2057 2751 2110 in
2788 2056 3025 2125 "exapla
3056 2056 3369 2110 inseruisse.
3396 2055 3592 2110 Verum

2024 2150 2115 2219 qui
2152 2150 2368 2218 propius
2395 2149 2461 2201 ad
2507 2148 2683 2202 locum
2720 2149 2862 2201 hunc
2899 2147 3113 2201 Eusebii
3142 2156 3374 2201 montem
3416 2156 3594 2201 atten-

2026 2243 2189 2308 derit,
2219 2242 2379 2311 plane
2408 2241 2573 2295 alium
2616 2241 2739 2295 inde
2771 2255 2988 2294 sensum
3021 2239 3297 2293 extundet.
3333 2240 3398 2291 Αἱ
3442 2238 3595 2310 παρὰ

2023 2335 2133 2397 τοῖς
2163 2333 2434 2397 Ἰουδαίοις
2463 2333 2836 2403 ὲμφερόμεναι
2873 2329 3222 2403 πρωτότυποι
3256 2330 3483 2400 γραφαὶ,
3512 2331 3593 2383 tti-

2024 2428 2099 2481 hil
2127 2427 2270 2481 aliud
2306 2436 2481 2489 sonat,
2522 2442 2684 2496 quam
2722 2442 2741 2476 ι
2797 2424 3134 2494 primigenia!
3163 2425 3455 2491 Scriptura:
3474 2437 3592 2491 qua

2023 2521 2160 2587 apud
2208 2517 2420 2573 Jndaaos
2469 2518 2960 2581 circumferuntur;
3001 2538 3020 2569 ι
3070 2532 3175 2570 non
3217 2530 3368 2581 vero,
3409 2533 3429 2567 ς
3472 2529 3623 2583 quae

2021 2614 2157 2682 apud
2184 2611 2396 2667 Iudaeos
2433 2621 2739 2680 prototypae
2761 2610 3055 2678 Scripturte
3082 2623 3202 2663 esse
3236 2608 3516 2670 teruntur;
3563 2624 3584 2659 ι

2020 2707 2248 2760 dixisset
2270 2706 2485 2774 quippe,
2506 2703 2657 2775 παρὰ
2677 2706 2788 2767 τοῖς
2815 2702 3087 2765 Ἰουδαίοις
3100 2702 3412 2773 φερόμεναι.
3436 2700 3589 2766 Quod

2021 2800 2064 2853 si
2100 2798 2151 2852 id
2194 2799 2295 2852 sibi
2348 2797 2607 2851 voluisset
2657 2796 2939 2858 Eusebius,
2979 2810 3078 2848 cur
3108 2808 3202 2847 eas
3236 2792 3413 2862 potius
3438 2788 3592 2863 παρὰ

2018 2894 2128 2956 τοῖς
2169 2890 2435 2952 Ἰουδαίοις
2462 2889 2787 2959 φερομένας,
2828 2902 2986 2955 quant
3026 2885 3162 2952 apud
3187 2883 3422 2945 Graecos,
3467 2880 3590 2935 Hel-

2017 2986 2258 3047 lenistas,
2297 2984 2540 3051 aliosque
2578 2982 2824 3044 dixisset,
2861 2979 2951 3048 qui
2980 2977 3350 3031 Samaritanas
3377 2974 3589 3027 litteras

2019 3078 2350 3146 antiquiores
2383 3090 2503 3131 esse
2527 3073 2771 3129 Judaicis
2803 3087 2905 3125 una
2947 3085 3069 3125 cum
3100 3067 3300 3123 Iudaeis
3337 3066 3582 3123 fateban-

2020 3183 2104 3223 tur
2128 3170 2154 3223 ?
2182 3168 2312 3236 Quis
2342 3176 2494 3238 putet
2529 3167 2759 3236 denique
2792 3164 3070 3232 Hexaplis,
3105 3161 3171 3215 ad
3203 3160 3495 3229 Scriptura:
3517 3157 3583 3211 il-

2016 3263 2389 3317 lustrationem
2419 3270 2474 3316 et
2505 3260 2773 3328 publicam
2805 3258 3089 3311 utilitatem
3112 3252 3469 3315 concinnatis,
3488 3251 3586 3303 Sa-

2015 3354 2325 3407 maritarum
2358 3351 2681 3420 exemplaria
2727 3348 3006 3403 inlersisse
3034 3346 3337 3417 Origenem,
3364 3344 3584 3399 Judaica

2015 3446 2344 3516 neglexisse;
2379 3460 2501 3498 cum
2531 3442 2774 3513 angustis
2802 3441 2999 3495 finibus
3027 3449 3370 3494 coerceretur
3394 3435 3583 3489 Sama-

2014 3538 2167 3593 ritica
2201 3538 2290 3591 illa
2321 3551 2471 3607 gens,
2491 3536 2651 3589 latins
2676 3550 2804 3587 vero
2830 3532 3049 3588 Judaica
3083 3526 3583 3600 pertinerenQuod

2015 3632 2059 3681 si
2096 3631 2218 3698 quis
2244 3628 2570 3696 exemplaria
2600 3636 2831 3694 utraque
2878 3627 3060 3678 locum
3090 3622 3192 3676 sibi
3225 3623 3278 3675 in
3323 3620 3582 3686 Hexaplt'a

2013 3721 2313 3774 vindicasse
2356 3720 2519 3781 dicet,
2554 3734 2661 3772 non
2711 3732 2842 3787 ergo
2894 3714 3133 3780 Hexapla
3174 3713 3257 3766 vel
3311 3710 3533 3776 Octapla
3559 3728 3583 3776 ,‘r

2013 3814 2104 3866 sed
2140 3811 2420 3881 Heptapla,
2457 3812 2540 3867 vel
2576 3809 2849 3877 Enneapla
2877 3808 3102 3863 dicenda
3144 3815 3319 3861 erant.
3357 3805 3582 3861 Constat

2011 3913 2161 3957 certe
2209 3904 2311 3957 hoc
2348 3886 2542 3971 .capite
2590 3901 2887 3955 Eusebium
2940 3898 3207 3953 Hebraica
3248 3896 3603 3965 exemplaria

2012 3993 2214 4048 Graecis
2243 3993 2775 4062 interpretationibus
2830 3991 3171 4062 opposuisse,
3218 4004 3446 4058 quarunt
3491 4003 3579 4043 ra-

2012 4083 2158 4137 tione
2217 4085 2497 4137 veritatem
2559 4082 2877 4138 Hebraicam
2929 4084 3119 4138 merito
3184 4081 3574 4155 πρωτοτύπους

2011 4171 2225 4244 γραφὰς
2253 4174 2557 4241 appellavit.
2588 4173 2840 4229 Profecto
2892 4173 3282 4242 Epiphanium,
3317 4173 3579 4243 Hierony-

2012 4282 2153 4318 mum
2195 4273 2250 4319 et
2289 4265 2543 4320 Ruﬁnum
2590 4274 2780 4336 stupor
2807 4267 2995 4337 ingens
3019 4274 3355 4335 occupasset,
3390 4268 3434 4320 si
3465 4264 3578 4318 edis

2010 4356 2183 4411 tiones
2212 4372 2276 4411 ac
2302 4357 2581 4412 columnas
2645 4356 3006 4426 Hexaplorum
3051 4369 3302 4412 accurate
3352 4372 3577 4427 percen-

2009 4458 2209 4513 sentes,
2234 4448 2612 4504 Samariticam
2638 4451 3132 4519 przetermisissent.
3167 4449 3277 4520 (90)
3308 4450 3422 4505 Non
3447 4465 3576 4519 ergo

345 4521 455 4566 tum
486 4528 653 4582 genus
685 4517 1054 4573 translationis
1078 4524 1465 4590 expresserim.
1495 4544 1514 4578 ι
1546 4526 1905 4583 0rdo.autem

2017 4555 2193 4594 verum
2257 4552 2339 4595 est
2403 4542 2728 4597 Samaritani
2789 4543 2994 4597 codicis
3052 4543 3392 4608 testimonia,
3458 4558 3576 4612 quae

342 4604 640 4658 nuntiorum
687 4606 956 4674 postulat,
991 4619 1050 4663 ut
1092 4612 1395 4667 intricatam
1433 4618 1780 4685 qumstionem
1804 4663 1820 4687 ,
1854 4631 1908 4675 et

344 4693 605 4748 incertam
639 4699 1017 4767 disceptaturi,
1048 4714 1316 4760 extremas
1356 4708 1584 4776 primum
1619 4721 1673 4766 et
1694 4714 1908 4781 opposi-

415 4850 524 4919 (88)
569 4853 680 4929 Ego
709 4872 838 4929 _vero
870 4876 899 4910 a
938 4871 1148 4929 recepta
1197 4862 1463 4929 opinione,
1511 4876 1614 4920 etc.
1673 4868 1804 4923 Vide
1851 4870 1909 4922 D.

343 4920 672 5005 Bernardnm
691 4926 756 4979 de
778 4920 1381 5005 Moutl'aucon-Pra'elim.
1395 4920 1461 4986 inv
1482 4920 1703 5004 Hexapl.
1724 4920 1908 5005 cap—5,

345 4995 546 5070 nutu._l
592 5003 820 5070 et_seq.,
854 4998 941 5051 ubi
995 5000 1275 5067 Epiphanii
1300 5003 1481 5070 opinio
1508 4995 1675 5061 fusius
1713 4995 1911 5065 refelli;

347 5073 464 5137 tur,“
478 5062 772 5137 Huetiique
810 5062 1075 5122 sententia
1096 5062 1350 5137 pluribus
1378 5074 1748 5131 conﬁrmatur.

416 5130 641 5217 (89)..ᾼρ
678 5130 861 5216 iisdem
915 5130 1298 5217 plusnr'elniqumis
1328 5146 1618 5217 Arecedebat
1666 5130 1906 5217 Summa-

344 5202 493 5254 τιιιιε.
528 5202 701 5256 Aliter
730 5202 1016 5261 visuut‘est
1041 5210 1103 5265 [ι.
1139 5202 1205 5263 P.‘
1235 5210 1297 5265 ι).
1328 5213 1600 5271 Bernardo
1627 5217 1692 5271 de
1711 5202 1900 5273 “nom.

348 5272 539 5353 t‘nucou
561 5273 627 5353 .in
660 5273 1119 5353 Pr‘zelitninari‘bus
1148 5280 1235 5353 ad
1257 5280 1486 5351 Hexapl.
1524 5301 1645 5353 pag.
1680 5289 1746 5342 M
1767 5272 1901 5352 ,ubi

344 5343 420 5394 ait
454 5361 466 5395 :
503 5341 684 5428 tlljleo
714 5347 917 5427 Aquilae
947 5350 1175 5415 primum
1224 5341 1422 5428 locum:
1441 5341 1734 5423 deputavit,
1762 5341 1905 5428 eius.

344 5426 448 5478 que
485 5412 791 5496 editionem
821 5412 1052 5483 priorem
1096 5422 1275 5496 posuit
1327 5412 1605 5496 Origenes,
1645 5412 1905 5496 quia'ille

344 5482 709 5549 scrupulosius
738 5482 896 5551 quam
949 5482 1126 5542 ueteri
1174 5506 1363 5547 omnes
1405 5482 1723 5551 Hebraica'm
1766 5482 1906 5553 seri;

343 5563 554 5626 pturatu
610 5554 830 5626 verbum
864 5572 895 5610 e
940 5561 1102 5613 verbo
1154 5562 1378 5617 reddere
1424 5566 1723 5624 studuerat.
1776 5570 1905 5626 Post

345 5622 484 5675 lmuc
519 5632 696 5709 autem
725 5623 1104 5709 Symmachum
1140 5630 1354 5709 locavit,
1403 5636 1526 5703 quia
1562 5636 1651 5709 'rlle
1683 5622 1901 5709 propius

343 5707 503 5770 quam
546 5693 895 5770 Septuaginta
930 5708 984 5751 et
1024 5693 1351 5765 'l‘hcodotio,
1374 5693 1439 5758 ad
1471 5693 1749 5763 veritatem
1783 5693 1899 5765 'He;

347 5767 954 5848 praicanraccedebat;
974 5770 1169 5848 Deinde
1210 5770 1555 5848 Septuaginta
1581 5847 1586 5848 ί
1613 5782 1900 5848 praeposuit

349 5829 719 5899 Theodotioni,
751 5838 872 5904 quia
897 5835 1189 5896 Tlteodotio
1208 5829 1551 5915 Septuaginta
1578 5829 1899 5921 tﬁ't'éifiiéfe’s'

2011 4642 2304 4685 occurrunt.
2330 4632 2382 4685 in
2411 4634 2628 4702 scriptis
2654 4634 2896 4700 Patrum,
2939 4649 3006 4689 ex
3046 4634 3293 4705 Origenis
3320 4635 3573 4703 Hexaplt':

2011 4720 2180 4774 fuisse
2212 4722 2411 4790 petita;
2446 4723 2539 4777 sed
2583 4734 2732 4777 certo
2765 4725 2966 4777 certius
3004 4733 3088 4778 est
3122 4738 3249 4780 usos
3280 4724 3443 4781 fuisse
3473 4725 3573 4778 Pa-

2013 4886 2044 4927 e
2078 4873 2301 4941 vestigio
2327 4888 2461 4943 pene
2492 4876 2641 4944 sequi
2681 4876 2982 4931 videbatur.
3017 4897 3035 4929 ι

2084 4944 2194 5014 (90)
2237 4944 2358 4997 Non
2388 4961 2508 5014 ergo
2543 4962 2716 4999 verum
2759 4958 2833 4999 est
2883 4947 3230 5012 Samaritani,
3260 4960 3365 5005 etc.
3398 4969 3418 5001 ι
3472 4951 3570 5005 Sa-

2011 5013 2278 5086 maritani
2299 5028 2353 5068 et
2401 5013 2522 5085 Syri
2560 5016 2857 5086 _lectiones,
2896 5036 2914 5067 ι
2951 5018 3123 5086 inquit
3160 5019 3221 5071 ι).
3264 5020 3569 5075 Bernartius

2008 5087 2074 5157 de
2108 5084 2452 5157 Montiaucon
2472 5086 2523 5138 in
2559 5084 2791 5139 Praalim.
2823 5089 2873 5139 in
2914 5084 3137 5156 Hexopl.
3181 5104 3300 5157 cap.
3327 5090 3378 5153 1,
3415 5106 3565 5146 num.

2005 5152 2058 5228 8__.
2071 5172 2091 5204 ε
2110 5154 2160 5207 in
2182 5169 2261 5228 ma
2273 5154 2510 5228 rginibus
2529 5157 3013 5211 vetustissimorum
3028 5152 3434 5228 exemplarium,
3449 5177 3567 5228 quae

2006 5223 2364 5297 Hexaplorum
2390 5224 2683 5297 fragmenta
2712 5229 2988 5293 exhibent,
3013 5223 3252 5297 persm'pe
3271 5223 3565 5285 observan-

2007 5305 2131 5367 tur;
2163 5294 2282 5367 Syri
2322 5294 2559 5367 quidem
2593 5296 2963 5367 in_plerisque
3012 5294 3304 5367 Scriptura:
3355 5301 3506 5354 libris
3543 5320 3559 5367 ;

2006 5363 2329 5417 Samaritani
2382 5380 2510 5418 vero
2551 5366 2599 5417 ill
2650 5363 3016 5422 Pentateucho
3058 5363 3262 5423 tantum
3290 5388 3303 5422 :
3332 5371 3417 5423 ubi
3454 5363 3560 5425 non

2004 5432 2369 5502 infrequenter
2414 5436 2883 5504 interpretationes
2942 5437 3268 5493 Samaritani
3321 5442 3561 5493 animad-

2003 5512 2203 5566 vertas.
2235 5505 2500 5575 interdum
2531 5506 2690 5567 solas,
2721 5508 2917 5575 saepius
2960 5524 3081 5562 eum
3133 5511 3358 5563 aliorum
3389 5511 3557 5563 inter-

2003 5583 2214 5640 prctmn
2252 5574 2565 5629 lectionibus
2599 5574 2840 5629 collatas.
2863 5579 2997 5632 Cum
3029 5589 3206 5633 autem
3246 5580 3346 5632 illae
3369 5578 3557 5635 Sama-

2005 5643 2617 5717 ritanilectionestnon
2660 5646 2712 5698 in
2752 5648 2976 5703 vetustis
3013 5650 3284 5703 codicibus
3327 5657 3554 5717 tantum,

2005 5714 2096 5765 sed
2118 5714 2278 5787 etiam
2303 5716 2444 5784 apud
2478 5715 2663 5768 Patres
2695 5719 2890 5782 quarti,
2923 5719 3095 5787 quinti
3125 5728 3179 5772 et
3211 5714 3551 5787 sequentium

2004 5784 2329 5857 saeculorum
2357 5796 2664 5857 occurrant,
2687 5784 2959 5852 probabile
2981 5802 3111 5843 sane
3144 5784 3353 5843 videtur
3379 5788 3550 5857 ipsum

2004 5850 2291 5924 Origenem
2315 5853 2572 5909 lectiones
2604 5850 2724 5911 illas
2740 5857 3083 5913 Samaritani.
3103 5860 3155 5912 in
3178 5850 3417 5929 margine
3441 5852 3549 5911 Hc-
