4068 6312
568 340 700 412 i255

1836 349 1897 403 P.
1938 346 2254 403 DANIELIS
2292 338 2534 404 HUETII'

3618 354 3718 410 1256

563 481 674 527 tres
704 469 893 527 Graeca
926 471 1368 540 interpretatione
1412 468 1738 525 Samaritani
1777 468 2121 538 exemplaris.

2233 468 2411 539 μόνον,
2435 466 2568 521 ἀλλὰ
2599 468 2692 521 καὶ
2720 467 2906 537 ἕκτην,
2930 466 3025 519 καὶ
3053 465 3281 536 ἑϐδόμην
3315 466 3559 537 παραθεὶς
3596 471 3723 544 ἑρμη.

558 564 773 620 Maneat
807 566 972 635 igitur
1003 564 1120 618 loco
1144 564 1270 619 huic
1322 563 1541 618 Eusebii
1565 562 1779 633 vulgata
1817 577 1913 617 sua
1951 571 2005 617 et
2042 577 2125 617 re—

560 662 713 722 cepta
744 653 1031 710 sententia.
1057 653 1221 708 Addit
1250 653 1442 709 deinde
1462 650 1773 723 Origenem,
1793 661 1990 721 praeter
2010 650 2125 705 edi-

559 747 759 801 tionem
788 746 1144 815 interpretum
1175 745 1550 815 Septuaginta,
1594 744 1835 814 Aquilae,
1876 742 2126 814 Symma-

560 834 647 889 chi
692 842 746 889 et
803 833 1206 901 Theodotionis,
1248 835 1381 889 duas
1423 842 1686 903 praeterea
1738 833 2028 902 protulisse
2073 830 2126 884 in

556 923 735 978 lucem
779 935 1005 979 atteram
1056 924 1327 995 Nicopoli,
1360 925 1584 979 alteram
1623 925 1674 977 in
1731 923 1835 977 alio
1895 922 2125 989 quodam

556 1013 679 1069 loco
708 1023 997 1085 repertam.
1032 1014 1167 1068 Tum
1198 1015 1275 1070 ait
1308 1033 1321 1070 :
1352 1016 1449 1068 Ἐν
1470 1032 1533 1083 γε
1563 1014 1663 1085 μὲν
1705 1015 1817 1075 τοῖς
1846 1009 2129 1077 Ἑξαπλοῖς

557 1104 667 1159 τῶν
690 1105 934 1177 Ψαλμῶν
958 1106 1096 1176 μετὰ
1125 1106 1223 1170 τὰς
1254 1107 1555 1177 ἐπισήμους
1575 1104 1843 1175 τέσσαρας
1869 1102 2126 1164 ἐκδόσεις,

557 1198 618 1250 οὐ
649 1196 806 1267 μόνον
838 1197 1114 1268 πέμπτην,
1148 1197 1283 1250 ἀλλὰ
1307 1197 1399 1249 καὶ
1431 1196 1616 1267 ἕκτην,
1641 1196 1734 1249 καὶ
1766 1194 2000 1264 ἑϐδόμην
2021 1210 2127 1246 πα-

558 1287 743 1360 ραθεὶς
765 1290 1073 1361 ἑρμηνείαν,
1106 1290 1196 1343 ἐπὶ
1225 1290 1352 1360 μιᾶς
1375 1285 1527 1352 αὖθις
1558 1286 1939 1358 σεσημείωται,
1971 1285 2046 1347 ὡς
2072 1285 2130 1337 ὲν

567 1378 781 1448 Ἱεριχοῖ
800 1380 930 1450 εὑρη
940 1378 1105 1450 μένης
1129 1380 1188 1433 ὲν
1204 1379 1345 1450 πίθῳ
1367 1378 1507 1432 κατὰ
1530 1379 1655 1441 τοὺς
1673 1378 1895 1448 χρόνους
1936 1378 2130 1429 Ἀντω-

557 1469 704 1522 νίνου
730 1469 826 1523 τοῦ
855 1470 971 1523 υἱοῦ
1016 1470 1273 1543 Σεϐήροο.
1316 1470 1439 1526 Haec
1461 1471 1623 1525 verba
1657 1485 1845 1536 parum
1869 1470 2129 1523 hactenus

556 1560 825 1615 intellecta
848 1560 1336 1631 explanare-opera?
1348 1562 1575 1630 pretium
1596 1570 1699 1615 est.
1721 1558 1863 1630 «(91)
1880 1559 1933 1612 In
1956 1557 2129 1612 Hexa-

553 1651 656 1720 plis
687 1653 898 1720 quidem
936 1652 1291 1719 Psalmorum,
1327 1663 1447 1719 post
1490 1652 1728 1722 insignes
1767 1661 1997 1720 quatuor
2020 1650 2130 1705 edi-

556 1743 756 1807 tiones,
804 1758 910 1798 non
962 1745 1203 1812 quintam
1246 1744 1439 1810 solum,
1476 1745 1569 1798 sed
1596 1754 1650 1798 et
1693 1754 1921 1807 sextam,
1946 1754 2001 1797 et
2036 1758 2121 1797 se-

555 1836 780 1901 ptimam
835 1835 1131 1905 adjungens
1193 1836 1737 1904 interpretationem,
1774 1837 1826 1889 in
1883 1836 2123 1905 singulas

555 1937 744 1978 rursus
770 1924 1047 1979 columnas
1069 1925 1383 1995 descripsit;
1430 1935 1611 1997 utpote
1635 1942 1754 1996 qua).
1780 1926 2125 1981 Hierichuute

552 2022 770 2080 reperta
819 2014 890 2067 sit
917 2015 968 2067 in
1003 2014 1145 2069 dolio
1179 2015 1510 2085 temporibus
1549 2016 1828 2079 Antonini,
1863 2017 1980 2084 ejus
2033 2018 2123 2087 qui

552 2103 657 2157 fuit
680 2104 1051 2159 Severi-ﬁlius.
1088 2124 1109 2156 ι
1146 2107 1267 2158 Ἐπὶ
1295 2108 1422 2175 μιᾶς
1451 2107 1649 2162 locutio
1674 2118 1758 2162 est
1788 2109 1988 2173 Attica,
2019 2123 2125 2177 qua

553 2211 645 2252 res
676 2197 1045 2266 signiﬁcantur
1073 2199 1125 2252 in
1154 2215 1316 2254 unum
1347 2214 1560 2255 versum
1584 2200 1861 2255 collocatae
1886 2216 1915 2254 a
1946 2200 2124 2255 fronte

555 2287 626 2342 ad
669 2297 895 2358 tergum.
919 2288 1132 2358 Optime
1162 2292 1319 2346 docet
1344 2290 1573 2347 Budaeus
1597 2292 1726 2362 quid
1754 2291 1861 2347 sint
1881 2292 2006 2362 νῆες
2032 2291 2123 2344 ἐπὶ

556 2381 685 2450 μιᾶς
702 2382 1047 2452 τεταγμέναι,
1062 2398 1253 2453 nempe
1284 2399 1450 2438 naves
1473 2385 1545 2438 ita
1573 2385 1868 2448 instructae,
1893 2384 2122 2438 utunica

549 2470 607 2525 in
637 2471 815 2527 fronte
842 2474 933 2539 sit,
952 2475 1172 2545 reliquae
1204 2490 1340 2544 pone
1359 2485 1652 2545 sequantur
1678 2477 1732 2531 in
1755 2493 1970 2532 versum
2003 2491 2123 2545 por-

551 2572 731 2619 recta“.
749 2561 824 2616 Ita
853 2564 935 2632 ἐφ’
948 2566 1064 2627 ἐνὸς
1082 2566 1399 2636 τεταγμένοι
1424 2567 1777 2637 στρατιῶται,
1789 2568 1986 2621 milites
2000 2575 2122 2621 sunt

551 2654 609 2707 in
643 2670 811 2708 unum
840 2671 1053 2710 versum
1080 2673 1109 2711 a
1140 2658 1317 2712 fronte
1347 2660 1412 2712 ad
1446 2668 1653 2727 tergum
1685 2658 2121 2715 iustructiJlanc

550 2747 882 2803 locutionem
905 2749 1180 2819 eleganter
1202 2753 1305 2806 huc
1336 2752 1609 2806 transtulit
1643 2751 1908 2807 Eusebius
1941 2769 1956 2804 :
1988 2766 2122 2820 quo-

551 2837 699 2890 niam
725 2838 868 2893 enim
891 2854 988 2909 per
1028 2840 1211 2911 longas
1246 2850 1301 2896 et
1338 2851 1595 2912 angustas
1637 2842 1945 2897 columellas
1977 2844 2122 2912 dige-

553 2937 651 2984 stae
670 2940 825 2985 erant
852 2931 1117 2987 editiones
1156 2933 1209 2987 in
1250 2933 1529 3003 Hexaplis,
1563 2946 1846 3004 pr0pterea
1877 2936 1967 2988 ἐπὶ
1992 2936 2120 3006 μιᾶς

554 3021 1002 3091 σεσημειωμένας
1040 3036 1159 3077 esse
1179 3023 1332 3078 dixit.
1361 3022 1466 3078 Sua
1496 3040 1707 3095 quoque
1742 3026 1824 3079 vis
1862 3026 2002 3081 inest
2029 3041 2119 3079 vo-

552 3112 744 3168 cabulo
774 3115 1153 3185 σεσημείωται.
1174 3115 1535 3185 ΣημειΟὖσθαι
1557 3128 1752 3187 praeter
1772 3118 2120 3187 signiﬁcatio-

552 3218 673 3267 nes,
696 3215 853 3259 sonat
879 3206 1062 3273 etiam,
1084 3208 1333 3276 scriptum
1357 3209 1568 3278 aliquod
1597 3209 1673 3262 ad.
1698 3208 1847 3263 aliud
1868 3210 2115 3278 adjicere,

555 3294 837 3358 ascribere,
868 3303 926 3348 ut
968 3298 1218 3365 superius
1268 3299 1617 3353 observatum
1653 3306 1750 3354 est.
1804 3298 1990 3369 Igitur,
2024 3300 2118 3352 ἐπὶ

556 3386 689 3455 μιᾶς
715 3385 1103 3456 σεσημείωται,
1126 3386 1227 3442 hoc
1253 3396 1337 3442 est
1363 3389 1419 3442 in
1452 3389 1684 3459 singulas
1723 3391 1991 3445 columnas
2023 3392 2117 3445 de-

553 3474 780 3530 scribens
813 3476 881 3528 ad
906 3476 1132 3544 priorem
1158 3478 1396 3531 attnuit.
1454 3477 1739 3548 Perperam
1773 3482 1885 3535 hzec
1913 3481 2119 3549 accepit

558 3564 892 3637 Nieephorus
934 3569 1025 3623 lib.
1061 3584 1114 3636 ν,
1143 3584 1260 3639 cap.
1294 3571 1378 3635 li,
1410 3571 1489 3624 ait
1527 3572 1670 3626 enim
1694 3589 1722 3657 ⁸;
1756 3574 1839 3625 Οὐ.
1864 3573 2119 3645 πέμπτην

552 3796 830 3867 aptorum
852 3796 1110 3867 posuisse.
1130 3796 1270 3850 Idem
1302 3811 1465 3867 porro
1502 3796 1783 3853 dicendum
1813 3797 2025 3852 videtur
2046 3797 2123 3867 ide

557 3866 717 3935 Syro,
733 3865 886 3933 cujus
905 3865 1371 3936 interpretationes
1388 3868 1581 3936 passim
1604 3867 1945 3935 reperiuntur
1967 3869 2017 3922 in
2030 3866 2125 3922 Ge-

554 3937 674 3990 nesi
695 3944 751 3989 et
779 3936 983 3997 Exodo,
1005 3935 1057 3989 in
1082 3936 1307 3991 Psalmis
1328 3935 1477 4001 item,
1511 3938 1563 3991 in
1589 3936 1841 4001 Ieremia,
1864 3938 1916 4001 in
1949 3938 2120 3991 Thre-

555 4004 679 4069 nis;
711 4006 860 4077 apud
884 4004 1211 4077 Ezechielem
1247 4007 1406 4060 etiam
1431 4006 1700 4077 Danielem
1723 4016 1777 4077 et
1808 4008 1963 4063 Osee.
1998 4007 2121 4077 Syri

596 4088 721 4127 orro
743 4074 998 4128 lectiones
1046 4074 1341 4128 afferuntur
1369 4077 1436 4130 ab
1463 4076 1690 4131 Eusebio
1719 4074 2058 4141 Caesariensi,
2089 4092 2120 4132 a

608 4144 793 4198 iod‘oro
812 4142 1062 4198 Tarsensi
1089 4146 1449 4211 frequentius;
1481 4146 1548 4199 ab
1572 4145 1801 4200 Eusebio
1833 4147 2085 4203 Emiseno
2103 4187 2119 4212 ,

557 4212 908 4283 Hieronymo,
944 4213 1311 4278 Theodoreto,
1343 4226 1397 4267 et
1440 4215 1579 4269 aliis.
1608 4216 1888 4283 (Quodque
1933 4229 2122 4271 notan-

558 4285 683 4352 dum
718 4293 802 4339 est
832 4284 1016 4349 iidem,
1051 4285 1392 4352 maximeque
1441 4285 1738 4347 Diodorus,
1770 4286 1961 4352 Syrum
1997 4303 2117 4342 cum

558 4351 785 4426 Hebraeo
824 4369 963 4423 saepe
985 4351 1317 4426 coniungunt
1340 4355 1441 4409 hoc
1479 4366 1637 4426 pacto
1674 4373 1688 4409 :
1730 4356 1787 4408 '0
1811 4351 1988 4426 Σύρος
2025 4357 2120 4409 καὶ

555 4424 589 4476 ὀ
618 4422 983 4507 Ἑϐραῖοςριει
1015 4422 1301 4507 ὁἘὸραςίος
1328 4424 1660 4507 καὶὸΣύρος,
1678 4422 2121 4507 quando—scilicet

2229 562 2375 613 νείαν
2395 557 2835 629 ἐπισημαίνεται.
2864 557 2975 627 (92)
3007 556 3115 611 Nec
3141 556 3442 612 diﬂicultate
3466 570 3599 614 caret
3619 567 3725 629 quod

2227 653 2409 706 subest
2429 652 2567 721 apud
2593 649 2908 714 Eusebium,
2934 648 3223 718 Origenem
3257 649 3323 703 ad
3355 650 3571 719 reliquas
3599 652 3726 709 inter-

2226 734 2567 813 pretationes
2601 742 2868 811 adiecisse
2903 742 3212 812 septimam,
3265 742 3403 811 quod
3440 740 3729 802 Hierichunte

2227 836 2280 889 iu
2309 836 2451 889 dolio
2486 836 2786 905 imperante
2814 834 3091 891 Caracalla
3141 847 3348 905 reperta
3377 838 3461 893 sit.
3493 835 3616 893 Idem
3654 842 3731 895 ha-

2227 928 2316 981 bet
2338 926 2598 981 Zonaras.
2631 928 2850 982 Certum
2878 938 2962 983 est
2986 943 3050 981 ex
3081 928 3356 982 Athanasii
3408 939 3460 983 et
3499 929 3731 999 Epiphanii

2225 1019 2554 1075 auctoritate
2590 1021 2836 1090 quintam
2877 1021 3167 1075 editionem
3216 1020 3552 1076 Hierichunte
3578 1024 3624 1077 in
3659 1025 3734 1082 do-

2226 1111 2298 1166 lio
2339 1111 2504 1167 fuisse
2538 1122 2805 1182 repertam
2832 1113 3131 1182 imperante
3145 1112 3441 1170 Caracalla.
3468 1114 3614 1169 Addit
3638 1117 3735 1186 Epi-

2226 1202 2459 1273 phanius
2487 1218 2591 1257 una
2621 1214 2864 1273 repertos
2888 1220 3007 1259 esse
3034 1204 3199 1261 libros
3221 1205 3373 1265 alios.
3398 1220 3511 1261 cum
3549 1206 3737 1265 Hebrai-

2226 1308 2338 1358 cos,
2375 1304 2485 1348 tum
2513 1296 2673 1349 etiam
2706 1294 2948 1350 Graecos.
2978 1295 3130 1362 Quod
3153 1296 3198 1350 si
3227 1310 3294 1351 ex
3329 1296 3409 1350 his
3438 1295 3587 1350 fuisse
3604 1300 3737 1366 septi-

2226 1401 2366 1438 mam
2397 1386 2539 1439 illam
2579 1386 2915 1442 Psalmorum
2943 1388 3234 1443 editionem
3266 1390 3527 1457 dicamus,
3560 1392 3620 1444 ita
3641 1408 3734 1449 cum

2226 1475 2344 1530 aliis
2367 1474 2629 1530 Eusebius
2652 1467 3052 1532 conciliabitur.
3069 1477 3371 1546 Opinautur
3389 1480 3589 1547 quidam
3608 1482 3735 1549 septi-

2226 1580 2367 1620 mam
2397 1566 2542 1620 illam
2570 1568 2865 1623 editionem
2890 1569 3133 1622 eamdem
3160 1583 3281 1623 esse
3320 1583 3383 1623 ac
3438 1569 3730 1638 Luciaueam,

2227 1658 2330 1713 hoc
2375 1669 2713 1729 argumento,
2767 1661 2907 1730 quod
2958 1661 3310 1727 Athanasius,
3352 1660 3462 1715 sive
3494 1661 3731 1731 Synopuos

2226 1760 2433 1815 auctor,
2466 1751 2687 1806 Luciani
2720 1753 3035 1815 editionem,
3074 1753 3304 1820 septimo
3340 1753 3456 1807 loco
3484 1767 3733 1823 recenseat,

2224 1851 2279 1896 et
2313 1843 2595 1911 septimam
2640 1844 2870 1914 appellet
2910 1866 2921 1900 :
2959 1845 3049 1899 sed
3090 1845 3313 1897 multum
3345 1844 3607 1907 falluntur;
3642 1863 3735 1901 nam

2223 1931 2444 1986 Luciani
2475 1933 2641 1987 editio
2665 1934 2775 2001 ipsa
2804 1933 2905 1987 fuit
2929 1933 3099 2004 κοινὴ,
3136 1944 3255 2003 post
3296 1934 3535 2003 Origcnis
3568 1945 3736 1989 atatem

2224 2035 2467 2081 correcta
2495 2036 2549 2082 et
2583 2029 2862 2082 emendata
2895 2043 2923 2081 a
2959 2026 3220 2091 Luciano,
3252 2037 3312 2080 ut
3340 2028 3495 2081 tradit
3520 2027 3740 2099 Hierony-

2222 2133 2343 2173 mus
2373 2118 2527 2172 initio
2557 2119 2795 2187 epistolae
2818 2119 2882 2172 ad
2910 2118 3129 2173 Suuiam
3149 2126 3203 2174 et
3222 2117 3530 2174 Fretellam.
3555 2118 3740 2187 (915)80-

2222 2210 2443 2279 ptimam
2482 2223 2617 2264 vero
2647 2208 2960 2277 editionem,
2988 2224 3107 2277 quae
3141 2208 3395 2279 Hexaplis
3448 2208 3634 2263 intexta
3656 2217 3735 2270 est,

2222 2298 2569 2355 Hierichunte
2599 2301 2867 2356 inventam
2900 2316 3021 2356 esse
3046 2301 3349 2369 imperante
3371 2300 3627 2355 Caracalta
3656 2300 3738 2353 Eu-

2222 2394 2402 2447 sebius
2424 2404 2699 2447 asseverat
2720 2392 2813 2447 lib.
2842 2408 2893 2447 vt
2922 2391 3089 2457 Hist,
3126 2408 3244 2462 cap.
3288 2391 3375 2455 16,
3407 2394 3539 2460 quod
3568 2394 3624 2445 de
3648 2409 3737 2445 κοι-

2221 2487 2284 2555 νῇ
2320 2493 2466 2539 certe
2494 2486 2599 2538 dici
2637 2500 2743 2539 non
2774 2494 2971 2553 potest.
3012 2484 3258 2551 Hexapla
3289 2486 3450 2554 igitur
3476 2485 3556 2538 illa
3588 2485 3741 2553 Orige-

2222 2575 2325 2638 nis,
2351 2574 2462 2628 sive
2492 2573 2734 2643 Octapla,
2786 2589 2906 2643 quae
2939 2574 2991 2627 in
3026 2573 3146 2627 aliis
3178 2574 3473 2643 Scriptum
3504 2575 3641 2630 libris
3667 2588 3741 2627 sex

2219 2667 2423 2723 Graecis
2445 2666 2765 2721 constabant
2784 2665 3129 2730 editionibus,
3161 2675 3372 2733 septem
3397 2666 3446 2718 in
3480 2665 3602 2719 libro
3623 2664 3741 2718 Psal-

2223 2773 2431 2812 morum
2489 2756 2862 2810 continebant.
2919 2755 2992 2809 lta
3026 2757 3368 2825 postmodum
3400 2757 3579 2809 scribit
3611 2756 3741 2808 Euse-

2219 2850 2339 2904 bius
2374 2864 2390 2903 :
2425 2848 2636 2910 Ταύτας
2652 2847 2709 2900 δὲ
2735 2848 2947 2911 ἁπάσας
2974 2848 3065 2901 ἐπὶ
3096 2847 3296 2901 ταύτὸν
3325 2847 3638 2915 συναγαγὼν,
3661 2848 3740 2900 διε-

2218 2938 2323 2992 λών
2380 2956 2439 2991 τε
2496 2938 2633 3010 πρὸς
2692 2937 2884 2999 κῶλον,
2938 2939 3031 2991 καὶ
3085 2938 3478 3010 ἀντιπαραθεὶς
3532 2939 3739 3008 ἀλλήλαις

2222 3027 2358 3098 μετὰ
2402 3028 2494 3082 καὶ
2537 3029 2707 3099 αὐτῆς
2741 3030 2841 3098 τῆς
2883 3027 3144 3099 Ἐϐραίων
3175 3028 3540 3099 σημειώσεως,
3574 3030 3631 3081 τὰ
3656 3029 3740 3079 τῶν

2219 3120 2521 3193 λεγομένων
2586 3120 2863 3188 Ἑξαπλῶν
2926 3123 3057 3192 ἡμῖν
3116 3123 3428 3193 ἀντίγραφα
3468 3120 3741 3192 παραλέλοι-

2222 3229 2339 3265 πεν.
2372 3213 2575 3267 Sensus
2608 3221 2691 3268 est
2721 3225 2733 3260 :
2779 3229 2797 3263 ι
2833 3211 2940 3266 Has
2982 3227 3170 3267 omnes
3200 3227 3327 3267 cum
3368 3215 3419 3267 in
3458 3228 3607 3266 unum
3639 3226 3741 3265 con-

2218 3302 2511 3373 iunxisset,
2534 3311 2588 3355 et
2622 3317 2718 3372 per
2744 3300 2861 3355 cola
2897 3301 3253 3368 distiuxisset,
3282 3312 3339 3357 et
3364 3302 3581 3356 invicem
3609 3313 3743 3369 oppo-

2224 3392 2442 3457 suisset,
2486 3405 2591 3444 una
2650 3406 2772 3446 cum
2824 3389 3071 3444 Hebraici
3134 3401 3426 3445 contextus
3470 3389 3741 3456 adjectione,

2226 3482 2584 3551 Ilexaplorum
2602 3482 2757 3537 nobis
2774 3482 3098 3550 exemplaria
3124 3481 3361 3551 reliquit.
3388 3502 3407 3535 ι
3438 3481 3657 3535 Diximus
3672 3493 3745 3550 οη·

2228 3572 2508 3643 μειοῦσθαι
2539 3573 2591 3628 id
2620 3587 2761 3638 esse,
2794 3592 2812 3620 ι
2847 3570 3116 3642 Scriptum
3138 3572 3356 3642 aliquod
3380 3573 3446 3627 ad
3474 3571 3604 3626 aliud
3632 3569 3741 3639 adji-

2231 3798 2391 3863 bium,
2423 3807 2527 3866 etc.
2561 3794 2801 3851 Zonaras
2850 3795 3061 3866 quidem
3098 3794 3150 3850 in
3182 3793 3534 3866 Hist..imper.
3576 3789 3742 3866 Severi»

2228 3878 2282 3922 et
2303 3862 2635 3934 NiCepliorus
2668 3866 2758 3921 lib.
2797 3862 2995 3934 v,'cap.
3026 3865 3112 3928 11,
3166 3865 3317 3918 aiunt
3350 3864 3619 3934 septimam
3652 3862 3741 3914 edi-

2229 3933 2447 3992 tionemi
2461 3935 2819 4011 Hierichllnte
2838 3933 3013 4011 fuisse
3034 3935 3303 4011 iuventam
3324 3952 3359 4011 ;_
3400 3934 3493 4011 sed
3518 3933 3743 4011 idlaperte

2227 4024 2332 4062 non
2380 4007 2625 4060 enuntiat
2664 4006 2945 4073 Eusebius.
2978 4005 3242 4073 Quidquid
3272 4004 3418 4058 enim
3453 4001 3654 4056 Huetius
3679 4001 3742 4073 di-

2227 4088 2332 4141 cat,
2358 4076 2481 4149 Ὲπὶ
2513 4078 2640 4149 μιᾶς
2674 4071 2841 4149 αὖθις-
2863 4069 3243 4149 σεσημείωται·
3272 4075 3358 4149 ὡς.
3377 4077 3436 4149 εν
3462 4073 3654 4149 Ἱεριχοῖ
3669 4069 3740 4149 Sil:

2230 4148 2436 4218 ρημένη
2467 4143 2524 4199 ἐν
2545 4146 2877 4218 πίθῳηκατόιί
2913 4143 3037 4218 τοῦς
3087 4145 3311 4216 χρόνους
3346 4143 3639 4218 Ἀντωνὶνου
3666 4143 3739 4218 τοῦ

2227 4211 2341 4291 {xiiii}
2362 4211 2622 4291 Σεβήρου,
2648 4211 2779 4270 nihil
2812 4215 2954 4291 aliud
2973 4211 3263 4291 signiﬁcat,
3274 4230 3441 4291 quam
3462 4233 3480 4291 ι
3500 4211 3683 4291 Rttrsus
3698 4211 3739 4291 in

2225 4280 2678 4360 principio"uni_us
2703 4286 2909 4339 notavit
2938 4280 3205 4360 inventam
3231 4280 3383 4360 illam
3411 4286 3568 4360 fuisse
3588 4280 3741 4360 _Hieri-

2222 4349 2421 4412 chunté
2454 4359 2503 4412 in
2533 4357 2696 4421 dolio,
2727 4366 2962 4420 tempore
2989 4355 3265 4419 Antonini,
3294 4357 3384 4423 qui
3427 4352 3598 4408 Severi
3625 4349 3739 4403 ﬁlius

2223 4429 2396 4491 luit,»
2418 4437 2483 4481 ut
2512 4437 2653 4481 recte
2682 4425 2954 4481 transtulit
2982 4424 3221 4479 Valesius
3254 4443 3267 4479 :
3300 4440 3364 4479 ac
3404 4424 3740 4492 proindeutam

559 4490 840 4575 amborum
872 4490 1368 4575 interpretationes
1417 4490 1772 4575 conveniunt,
1809 4497 1961 4575 quod
1980 4511 2119 4565 saepe
2152 4521 2193 4575 ο
2223 4499 2287 4551 ad
2315 4490 2555 4575 quintam
2587 4506 2679 4575 aut
2706 4506 2939 4575 sextam,
2976 4511 3133 4575 quam
3166 4496 3232 4548 ad
3269 4490 3558 4575 septi—mam.
3579 4490 3741 4575 editio—

560 4564 841 4634 contingit.
874 4563 965 4617 lim
994 4563 1156 4634 porro
1189 4566 1467 4630 lectiones,
1485 4567 1707 4633 perinde
1739 4563 1899 4634 atque
1929 4563 2119 4620 Sama-

559 4632 747 4695 ritanl,
781 4635 849 4688 ab
880 4632 1111 4703 Origene
1154 4632 1585 4705 diligentissimo,
1609 4632 1915 4690 versimiqu
1964 4636 2121 4691 colle-

558 4712 714 4774 ctore
759 4712 1049 4774 potuerunt
1087 4704 1341 4760 etiamin
1384 4704 1741 4772 Hexaplorum
1782 4706 2118 4774 marginibus

560 4771 855 4845 collocari:
881 4789 1185 4842 quanquam
1208 4776 1259 4829 id
1283 4776 1500 4829 minime
1523 4786 1748 4830 constet.
1772 4774 1895 4830 Htec
1907 4771 2119 4845 quippe

560 4843 733 4913 solum
786 4843 1072 4913 divinando
1121 4846 1346 4898 dicimus
1371 4864 1390 4898 :-
1412 4846 1581 4898 donec
1627 4846 1769 4899 enim
1811 4843 1988 4913 aliqua
2020 4843 2118 4899 ’νει

512 4968 515 4975 ,
564 4912 770 4967 tantilla
799 4928 924 4983 pars
956 4912 1340 4984 Hexaplorum,
1370 4925 1428 4967 ut
1460 4915 1616 4969 initio
1646 4917 1844 4984 scripta
1881 4912 2115 4981 fuerunt,

562 4997 596 5036 e
627 4984 864 5055 tenebris
890 4986 1191 5047 emerserit,
1221 4983 1433 5055 plenam
1468 4983 1874 5055 perfectamque
1904 4985 2115 5039 illorum

562 5053 810 5106 notitiam
840 5055 1104 5109 exuiscari
1139 5069 1243 5107 non
1271 5054 1580 5107 valebimus.
1620 5074 1639 5105 ι

635 5123 748 5193 (91)
788 5122 854 5177 1η
890 5121 1142 5189 Hexaplis
1168 5121 1789 5194 quidem__P§almorum,
1832 5134 1943 5194 post
1992 5124 2121 5179 insi-

563 5188 934 5263 gnesquatuor
955 5188 1227 5260 editiones,
1246 5188 1503 5263 etc.Male
1527 5194 1671 5247 hunc
1697 5188 1908 5249 Eusebii
1943 5195 2118 5251 locum

562 5262 731 5334 vertit
762 5262 1007 5326 Huetius,
1048 5267 1135 5332 qui
1171 5278 1290 5318 sese
1320 5262 1461 5334 ultro
1500 5264 1741 5332 implicat
1770 5264 1822 5334 iu
1855 5265 2120 5334 interpre-

565 5333 769 5405 tatione
815 5334 1096 5405 locutionis
1131 5335 1279 5405 illius
1288 5333 1392 5405 ié'ﬂ‘t
1423 5334 1549 5405 μιᾶς
1591 5333 1973 5405 σεσημείωται.
2002 5333 2117 5388 Me-

566 5403 670 5458 lius
700 5404 779 5457 sic
808 5404 1088 5459 vertisset:
1113 5424 1129 5455 ι
1165 5405 1219 5458 ln
1253 5403 1509 5471 Hexaplis
1539 5403 1754 5470 quidem
1787 5403 2117 5459 Psalmorum

563 5475 988 5545 exemplaribus,
1011 5486 1130 5545 post
1157 5475 1394 5544 insignes
1420 5472 1540 5526 illas
1567 5483 1800 5541 quatuor
1829 5476 2115 5540 editiones,

566 5558 673 5621 non
701 5544 942 5621 quintam
964 5544 1158 5621 solum,
1195 5547 1291 5598 sed
1322 5555 1377 5599 et
1402 5554 1608 5621 sextam
1633 5553 1687 5597 et
1715 5545 1995 5621 septimam
2028 5546 2119 5621 ad-

564 5614 791 5683 juugeus
816 5615 1334 5683 interpretationem,
1363 5629 1547 5683 rursus
1593 5614 1641 5665 in
1672 5615 1936 5682 principio
1964 5614 2119 5683 unius

569 5682 774 5736 notavit
808 5682 1073 5754 repertam
1107 5685 1249 5737 illam
1282 5685 1456 5748 fuisse,
1487 5682 1841 5754 Hierichuute
1886 5685 1937 5736 iu
1978 5682 2121 5737 dolio

570 5752 897 5822 humoribus
922 5755 1172 5807 Antonini
1200 5756 1290 5822 qui
1325 5754 1507 5809 Severi
1551 5752 1687 5807 [ilius
1721 5754 1837 5807 fuit.
1887 5772 1906 5804 ι

638 5820 753 5889 (92)
779 5819 887 5872 Nec
919 5819 1377 5887 difﬁcultate'mret
1403 5825 1539 5878 auod
1574 5825 1745 5878 subest
1777 5826 1914 5877 aoud
1951 5822 2119 5878 Euse-

2225 4561 2345 4621 ιιεηὶ
2382 4568 2440 4639 id
2470 4565 2874 4639 referripoteSt.
2908 4561 3010 4619 Sed
3039 4580 3158 4639 cum
3194 4561 3406 4639 constet
3438 4579 3509 4639 _ex
3533 4561 3741 4639 Athana-

2224 4639 2290 4693 sii
2320 4647 2375 4691 et
2401 4628 2695 4702 Epiphanii'
2717 4639 3039 4689 auctoritate
3060 4634 3303 4701 qniutar’n
3325 4634 3602 4702 editionem
3636 4628 3739 4702 Hie:

2224 4698 2664 4778 richuntefuisse
2685 4706 2955 4778 inventam
2983 4698 3282 4778 imperante
3305 4701 3591 4778 Caracalla,
3623 4698 3739 4778 quod

2227 4778 2314 4831 hic
2350 4778 2423 4831 ait
2453 4776 2731 4838 Eusebius,
2768 4775 3029 4846 magisrde
3058 4774 3242 4846 quinta
3266 4789 3424 4843 quam
3456 4774 3518 4826 de
3545 4774 3738 4846 septima

2224 4848 2455 4901 editione
2485 4837 2885 4915 intelligendum
2909 4837 3138 4897 videtur.
3172 4837 3389 4915 Negare
3407 4852 3573 4915 tamen
3599 4837 3735 4890 nolim

2224 4918 2504 4985 septimam
2530 4913 2675 4968 hanc
2698 4913 3047 4985 Hierichunte
3098 4913 3553 4985 potuisseitidem
3614 4919 3741 4974 repe-

2224 4982 2341 5040 riri.
2378 4987 2522 5051 Esto,
2574 4985 2922 5039 concilientur
2947 4983 3181 5036 Zonaras
3214 4994 3268 5037 et
3297 4982 3614 5048 Nicephorus
3636 4990 3735 5029 cum

2225 5056 2520 5125 Epiphanio
2548 5056 2637 5125 qui
2661 5056 2737 5108 ait
2768 5068 3026 5125 unaucum
3055 5055 3238 5122 quinta
3275 5053 3503 5125 editione
3534 5056 3738 5125 repertos

2224 5118 2342 5196 esse
2367 5126 2497 5179 alios
2525 5118 2709 5189 libros,
2738 5118 3191 5196 cumllebrai—cos,
3221 5132 3329 5175 tum
3357 5118 3732 5196 etiatnGraacos.

2225 5195 2353 5249 Illud
2400 5205 2603 5248 tantum
2638 5194 2926 5264 contendo,
2973 5208 3083 5264 non
3130 5206 3452 5264 asseverare
3486 5188 3733 5264 Eusebium

2224 5265 2503 5333 septimam
2532 5265 2815 5319 editionem
2840 5261 3186 5316 Hierichuute
3220 5262 3484 5315 inventam
3512 5261 3623 5310 esse
3652 5261 3733 5306 itu-

2222 5345 2443 5403 peraute
2470 5334 2762 5387 Caracalla.

2295 5403 2406 5473 (95)
2439 5403 2723 5472 Septimum
2748 5419 2867 5456 vero
2891 5402 3189 5465 editionem,
3214 5410 3318 5455 etc.
3352 5398 3641 5463 Jam.snpra
3667 5392 3733 5473 dt;-

2224 5472 2639 5545 mOustravimus
2684 5473 2969 5545 Eusebium
3010 5473 3226 5545 minime
3262 5482 3558 5523 asseverare
3597 5472 3730 5545 seplt-

2224 5559 2365 5611 mam
2395 5543 2676 5597 editiOuem
2722 5540 3065 5595 Hierichuute
3107 5541 3272 5595 fuisse
3306 5548 3562 5611 repertam
3595 5540 3731 5611 iunpo-

2225 5597 2377 5669 ra‘nte
2402 5613 2692 5675 Caracalla,
2713 5613 2801 5664 sed
2822 5612 2960 5666 hunc
2977 5612 3094 5680 ejus
3118 5611 3352 5684 historiae
3367 5597 3660 5684 locumlam
3678 5597 3728 5684 ad

2225 5685 2465 5752 quintam
2499 5690 2590 5735 aut
2630 5690 2860 5746 sextam,
2887 5697 3045 5749 quam
3073 5682 3137 5752 ad
3176 5680 3727 5752 septitnameditionem

2226 5745 2611 5874 jefcrrihiosse,
2642 5767 2701 5807 ac
2726 5745 2948 5821 proinde
2972 5750 3143 5822 magis
3170 5745 3438 5820 tle—quinta
3463 5745 3735 5810 intelligens

2263 5838 2426 5874 umvt
2468 5837 2567 5874 ert.

2227 5826 2359 5879 dum,
2381 5822 2567 5875 videri.
