4068 6312
370 415 503 475 1257

1211 418 1771 479 ORIGENIANORUM
1815 423 1938 478 LIB.
1981 424 2067 491 Ill,
2104 425 2253 480 CAP.
2296 425 2358 493 ll,
2398 425 2587 482 SECT.
2626 427 2714 481 IV.

3459 429 3593 485 1258

364 552 523 604 cere;
563 538 682 592 inde
705 540 1020 609 σημείωσις,
1057 541 1234 609 scripti
1270 541 1495 612 alicujus
1516 546 1587 597 ad
1611 544 1751 599 aliud
1786 544 1921 612 adje-
1956 552 2000 608 Α
2031 549 2473 616 terpretationum
2502 561 2631 612 sex;
2660 545 2807 600 nul-la
2831 546 3010 601 habita
3036 555 3318 603 contextus
3344 545 3588 603 llebraici

365 632 492 685 ctio.
516 651 537 685 ι
556 632 1011 705 ΙιειψιοἙὸραίων
1034 637 1351 705 σημείωσις,
1376 648 1456 692 est
1478 637 1723 692 Hebraiei
1748 654 1930 693 exem-

363 720 531 792 plaris
582 726 646 776 ad
684 724 915 794 reliquas
968 726 1436 794 interpretationes
1476 729 1758 797 appositio.
1808 728 1930 783 Haec

362 822 561 880 praeter
590 815 878 885 legitimam
901 818 1218 871 sententiam
1256 835 1284 872 a
1312 820 1577 874 nonnullis
1607 820 1711 874 alio
1744 820 1925 874 detor-

361 906 413 951 ta
443 910 587 955 sunt.
618 902 729 974 (94)
768 903 890 958 Post
921 904 1181 972 Hexapla,
1221 924 1284 961 ex
1320 919 1550 977 quatuor
1602 910 1925 964 editionibus

357 988 586 1057 Aquilae,
644 992 973 1063 Symmachi,
1037 997 1390 1068 Septuaginta
1460 1000 1837 1068 lnterpretum,
1873 1012 1929 1057 et

358 1078 738 1138 Theodotionis
763 1085 921 1137 simul
952 1087 1256 1155 conjunctis
1280 1099 1333 1142 et
1355 1090 1635 1158 oppositis,
1675 1089 1924 1160 Tetrapla

356 1170 608 1225 conﬂavit
628 1173 1002 1241 Adamantius,
1031 1188 1090 1232 ut
1119 1180 1279 1232 tradit
1313 1180 1593 1247 Eusebius,
1627 1189 1679 1236 et
1702 1192 1821 1251 post
1852 1184 1918 1237 il-

356 1259 467 1314 lum
502 1261 757 1317 Zonaras.
811 1264 920 1320 Nec
957 1268 1099 1320 enim
1134 1269 1275 1323 aliud
1320 1280 1512 1324 sonant
1558 1271 1671 1325 haec
1711 1272 1922 1328 Eusebii

355 1352 538 1415 verba,
569 1352 711 1417 ἰδίως
744 1355 841 1425 τὴν
881 1355 1125 1420 Ἀκύλου,
1153 1359 1246 1410 καὶ
1277 1361 1591 1429 Συμμάχου,
1620 1361 1711 1413 καὶ
1739 1361 1926 1415 Θεοδο-

352 1442 542 1507 τίωνος
564 1444 771 1499 ἔκδοσιν
804 1448 919 1517 ἅμα
949 1451 1012 1519 τῇ
1030 1449 1138 1503 τῶν
1170 1451 1567 1522 Ἐϐδομήκοντα
1606 1455 1788 1517 ἐντοῖς
1825 1458 1921 1508 Τε-

359 1536 647 1604 τραπλοῒς
672 1540 1195 1606 ὲπικατασκευάσας,
1236 1560 1395 1614 quam
1427 1560 1547 1599 eum
1590 1556 1710 1614 post
1739 1544 1921 1600 Hexa-

351 1626 463 1694 pla,
496 1642 560 1681 ex
602 1628 686 1683 his
732 1641 962 1698 quatuor
1004 1634 1327 1691 editionibus
1385 1635 1628 1705 Tetrapla
1676 1652 1917 1692 seorsum

266 1738 274 1743 ο
350 1720 723 1789 compegisse;
766 1736 872 1774 non
902 1737 1030 1779 vero
1088 1725 1139 1778 in
1172 1725 1425 1795 Tetraplis
1481 1743 1719 1783 seorsum
1776 1728 1919 1799 dige-

361 1821 492 1877 stas,
531 1822 585 1866 et
608 1817 894 1883 separatim
925 1820 1185 1874 discretas
1212 1820 1376 1876 fuisse
1405 1822 1640 1892 singulas
1661 1825 1916 1896 interpre-

2032 639 2255 701 ralione,
2287 640 2374 707 qui
2404 639 2540 692 inter
2580 637 3047 707 interpretationes
3077 637 3344 692 numerari
3373 653 3473 692 non
3501 639 3592 692 de—

2029 728 2162 782 buit.
2196 727 2328 782 Huic
2359 728 2595 798 opinioni
2641 728 2822 782 favere
2856 728 3065 783 videtur
3104 728 3434 797 Epiphanius
3469 729 3590 784 loco

1999 813 2148 872 ‘mox
2173 820 2355 881 aliato,
2386 836 2502 873 cum
2526 821 2600 873 ait
2638 838 2651 873 :
2680 821 2836 872 Ὥστε
2861 816 2998 873 εἶναι
3020 820 3116 890 τὴν
3142 822 3324 874 Πᾶσαν
3350 820 3588 873 Παλαιὰν

2026 910 2296 981 Διαθὴκην
2316 912 2383 964 δι’
2415 911 2728 975 Ἐξαπνίῶν
2759 911 3121 982 καλουμένων,
3144 912 3235 965 καὶ
3260 912 3346 965 διὰ
3369 913 3474 965 τῶν
3496 912 3589 965 δύο

2038 1001 2335 1074 Ἑϐραϊκῶν
2369 1006 2648 1074 ῥημάτων,
2690 1024 2706 1055 ι
2749 1005 2892 1059 Adeo
2922 1016 2979 1058 ut
3011 1004 3172 1060 Vetus
3206 1021 3363 1059 omne
3397 1005 3585 1061 Testa-

2030 1103 2266 1147 mentum
2293 1094 2359 1149 iis
2389 1094 2667 1164 Hexaplis,
2710 1105 2760 1150 ct
2794 1096 3004 1166 gemino
3034 1096 3294 1151 Hebraico
3333 1108 3583 1151 contextu

2026 1183 2185 1239 fuerit
2216 1187 2661 1255 comprehensum
2700 1204 2716 1242 :
2751 1206 2770 1238 ι
2805 1187 2891 1239 ubi
2920 1196 3104 1255 aperte
3138 1186 3375 1257 Hexapla
3402 1187 3584 1243 Grzeca

2023 1293 2051 1329 a
2078 1276 2244 1345 Diplis
2271 1277 2541 1331 Hebraicis
2575 1278 2870 1348 distinguit.
2890 1277 3291 1348 Hexapl‘aergo,
3319 1280 3583 1349 inquiunt,

2023 1382 2049 1419 a
2074 1382 2166 1421 sex
2201 1367 2737 1437 interpretationibus
2761 1369 2976 1423 fuerunt
2998 1370 3357 1437 denominata,
3393 1386 3581 1441 quem-

2022 1460 2304 1512 admodum
2326 1458 2567 1528 Tetrapla
2589 1476 2618 1515 a
2648 1472 2895 1528 quatuor,
2926 1477 2986 1515 ae
3019 1463 3137 1518 ideo
3166 1463 3271 1516 falli
3293 1464 3380 1532 qui
3407 1463 3583 1518 Hexa-

2017 1550 2117 1618 plis
2141 1551 2377 1619 vulgatas
2398 1564 2627 1620 quatuor
2648 1553 2913 1608 editiones
2937 1553 3175 1620 Graecas,
3192 1565 3244 1609 et
3260 1556 3579 1625 exemplaria

2018 1640 2124 1693 duo
2165 1638 2424 1694 Hebraica
2461 1642 2752 1711 assignant.
2789 1641 2844 1696 ld
2873 1643 2917 1697 si
2956 1646 3046 1706 sit,
3087 1645 3259 1714 palam
3295 1645 3585 1713 sibirepu-

2018 1730 2262 1797 gnaverit
2286 1730 2615 1801 Epiphanius
2637 1732 2772 1787 libro
2796 1732 2867 1786 De
2898 1736 3112 1801 ponder.
3143 1745 3431 1789 etmensur.
3462 1751 3580 1804 cap.

2018 1821 2104 1883 19,
2123 1823 2211 1892 qui
2245 1823 2319 1877 ita
2346 1824 2591 1880 disserit:
2611 1825 2897 1895 Τετραπλᾶ
2918 1827 3024 1899 γάρ
3049 1828 3151 1880 εἰσι
3173 1828 3240 1882 τὰ
3274 1827 3578 1897 Ἑλληνικὰς

350 1905 600 1972 taliones,
651 1908 720 1961 ita
760 1921 817 1962 ut
859 1925 986 1967 suas
1017 1913 1236 1982 singulae
1274 1916 1499 1984 paginas
1538 1926 1862 1987 occuparent
1896 1936 1911 1972 :

2021 1916 2148 1968 ὅταν
2176 1918 2230 1969 αἱ
2257 1915 2347 1970 τοῦ
2385 1916 2601 1981 Ἀκύλα,
2633 1920 2725 1971 καὶ
2753 1920 3064 1991 Συμμάχου,
3084 1921 3301 1976 καὶτῶν
3332 1921 3581 1992 Ἐὃδομή-

352 1997 406 2050 in
440 1997 630 2053 iisdem
660 2002 801 2055 enim
832 2001 1046 2058 fuerunt
1075 2006 1280 2075 paginis
1319 2009 1603 2077 descriptae
1633 2024 1818 2064 omnes
1856 2026 1919 2065 ac

287 2118 299 2131 ς
347 2088 577 2142 invicem
610 2093 886 2160 Oppositm,
918 2094 1051 2159 sive,
1104 2106 1159 2149 ut
1209 2097 1284 2150 ait
1333 2098 1683 2169 Epiphanius,
1726 2122 1915 2160 συντεο

342 2179 632 2248 ταγμέναι,
665 2182 755 2250 qui
781 2191 835 2237 et
860 2184 1026 2249 addit,
1055 2187 1099 2240 si
1124 2186 1165 2239 Τ
1168 2190 1377 2258 etraplis
1401 2192 1602 2248 Graecis
1626 2194 1780 2264 Dipla
1805 2197 1912 2251 He-

345 2270 485 2325 braea
546 2272 769 2327 fuissent
827 2275 1101 2343 adjuncta,
1153 2282 1416 2349 prodiisse
1452 2282 1732 2354 Hexapla;
1772 2291 1912 2357 quod

348 2362 463 2429 ﬁeri
525 2375 672 2419 certe
741 2382 847 2421 non
914 2372 1196 2438 potuisset,
1257 2375 1356 2428 nisi
1427 2390 1457 2429 e
1513 2378 1729 2444 regione
1779 2381 1906 2434 iuvi-

344 2472 461 2510 cem
485 2459 741 2527 oppositae
779 2472 957 2516 essent
994 2464 1045 2517 in
1082 2466 1266 2520 iisdem
1302 2468 1508 2535 paginis
1555 2468 1913 2538 Tetraplorum

344 2548 669 2606 Graecanica:
720 2555 1001 2621 editiones,
1051 2560 1498 2626 quemadmodum
1547 2571 1601 2615 et
1648 2563 1697 2615 in
1728 2562 1911 2617 Hexa-

338 2643 463 2711 piis.

403 2735 475 2802 Ν.
506 2737 1039 2797 Animadversionem
1074 2752 1310 2796 nostram
1333 2744 1578 2811 requirit,
1610 2733 1908 2813 quodidém

341 2824 415 2877 ait
442 2825 719 2891 Eusebius,
758 2830 993 2886 collectis
1025 2832 1077 2885 in
1108 2848 1268 2885 unum
1295 2848 1387 2887 sex
1411 2834 1733 2889 editionibus
1761 2833 1910 2889 Grae-

341 2914 442 2980 cis,
498 2927 552 2970 et
590 2917 797 2986 adjecto
845 2919 1108 2975 Hebraico
1156 2931 1407 2976 contextu
1462 2922 1701 2993 Hexapla
1754 2924 1907 2979 nobis

338 3005 620 3079 Origenem
652 3012 959 3081 reliquisse;
991 3012 1322 3068 Psalmorum
1347 3030 1474 3087 vero
1500 3015 1739 3085 Hexapla
1756 3015 1908 3072 Gne-

338 3102 417 3156 cis
445 3103 766 3159 editionibus
799 3116 1000 3174 septem
1039 3109 1363 3163 constitisse.
1402 3109 1628 3164 Eusebio
1681 3125 1904 3165 cmisen-

341 3194 477 3249 tiunt
504 3193 715 3249 Scholia
739 3195 976 3250 Romana
1010 3198 1060 3250 in
1088 3199 1374 3253 editionem
1402 3202 1508 3251 τῶν
1533 3198 1608 3265 0',
1630 3217 1682 3253 m
1710 3201 1903 3268 quibus

338 3301 718 3353 nonnunquam
750 3301 909 3354 super
934 3286 1171 3340 Psalmos
1211 3287 1454 3356 Hexapla
1483 3260 1743 3345 citantur:
1765 3292 1905 3345 Con-
1932 3260 1976 3317 ο

338 3378 501 3429 sentit
528 3386 582 3431 et
609 3378 935 3447 Epiphanius
966 3380 1092 3433 haer.
1115 3394 1260 3442 thv,
1286 3395 1403 3449 cap.
1438 3381 1491 3444 '5,
1512 3390 1565 3435 et
1603 3391 1723 3451 post
1754 3382 1901 3436 illum

340 3466 603 3532 Zonaras,
658 3469 745 3536 qui
784 3469 982 3523 diserte
1005 3471 1350 3539 pronuntiant
1386 3470 1628 3540 Hexapla
1674 3488 1767 3527 sex
1791 3474 1906 3528 edi-

338 3559 515 3614 tiones
536 3558 772 3626 Graecas,
805 3576 928 3615 cum
958 3561 1165 3630 gemina
1196 3559 1440 3616 Hebraici
1488 3573 1664 3619 textus
1700 3564 1903 3618 descri-

340 3653 521 3721 ptione
570 3653 734 3707 fuisse
783 3654 1079 3723 complexa.
1123 3654 1298 3719 Quaeri
1349 3655 1509 3724 igitur
1561 3664 1755 3725 potest,
1807 3670 1905 3711 cur

343 3743 582 3810 Ilexapla
611 3744 750 3798 dicta
795 3746 927 3811 sint,
975 3761 1093 3813 quae
1136 3756 1260 3800 octo
1308 3747 1585 3801 columnas
1644 3747 1903 3802 habuere.

342 3835 449 3889 Nec
471 3836 635 3899 enim,
666 3845 814 3905 puto,
845 3852 965 3890 cum
1002 3837 1225 3892 Erasmo
1263 3847 1317 3892 et
1360 3836 1903 3907 Magdeburgensibus

340 3927 800 3996 sentitquisquam
844 3927 1099 3991 Ἑξαπλᾶ,
1129 3943 1232 3981 non
1268 3943 1297 3982 a
1336 3943 1561 3983 numero
1598 3927 1655 4003 ἓξ
1679 3928 1907 3997 appella-

343 4019 537 4072 tionem
563 4035 680 4074 esse
703 4020 912 4086 sortita,
955 4021 1047 4075 sed
1071 4036 1101 4075 a
1133 4021 1295 4075 verbo
1334 4020 1597 4087 ἐξαπλόω,
1638 4022 1779 4091 quod
1805 4033 1904 4087 est,

340 4109 603 4176 explano;
633 4126 751 4163 nam
784 4112 922 4164 unde
954 4110 1111 4165 facta:
1141 4110 1445 4166 dicerentur
1471 4126 1650 4177 voces,
1700 4112 1906 4182 Τετρα-

338 4202 467 4256 πλᾶ.
503 4211 558 4256 οι
609 4202 920 4256 ὐκταπλᾶἳ
969 4203 1315 4271 Respondent
1369 4203 1608 4259 nonnulli
1664 4203 1907 4272 Hexapla

341 4296 503 4358 dicta,
532 4310 632 4347 non
656 4311 684 4346 a
713 4310 932 4350 numero
954 4295 1344 4361 columnarum,
1377 4297 1467 4351 sed
1507 4310 1537 4349 a
1573 4310 1794 4350 numero
1824 4296 1905 4349 in-

411 4434 522 4558 (9R
558 4433 683 4487 Post
717 4433 973 4504 Hexapla,
1004 4449 1068 4488 ea:
1082 4440 1308 4502 quatuor
1338 4434 1651 4488 editionibus
1675 4434 1900 4501 Aquilae,

411 4523 445 4558 ε.
525 4506 697 4558 uetius
722 4507 877 4558 nixus
906 4504 1121 4558 Eusebii
1151 4505 1481 4558 testimonio.
1506 4504 1657 4558 cuius
1679 4504 1899 4558 verbum

338 4504 445 4563 etc".
475 4504 697 4558 Huetius
722 4507 877 4559 nixus
906 4504 1121 4558 Eusebii
1151 4505 1481 4574 testimonio.
1506 4504 1657 4574 cujus
1679 4504 1899 4558 verbum

2020 2023 2182 2059 κοντα
2204 2006 2316 2071 δύο,
2366 2008 2457 2059 καὶ
2474 2007 2823 2073 Θεοδοντίωνος
2848 2012 3128 2082 ἑρμηνεῖαι
3160 2012 3580 2082 συντεταγμέναι

2018 2093 2116 2151 ὦσι
2135 2116 2147 2130 ο
2176 2099 2282 2152 τῶν
2308 2100 2589 2172 τεσσάρων
2617 2101 2675 2154 δὲ
2706 2103 2908 2155 τούτων
2936 2102 3152 2157 σελίδων
3180 2107 3297 2167 ταῖς
3321 2105 3439 2157 δυσὶ
3459 2105 3581 2168 ταῖς

2028 2195 2334 2266 Ἐϐραῖκαῖς
2373 2196 2759 2265 συναφθεισῶν,
2802 2196 3064 2261 Ἐξαπλᾶ
3099 2199 3369 2251 καλεῖται’
3402 2197 3494 2251 ἐὰν
3521 2198 3579 2252 δὲ

2016 2288 2107 2340 καὶ
2135 2287 2375 2358 πέμπτη,
2396 2289 2488 2341 καὶ
2502 2290 2535 2358 ἡ
2553 2288 2682 2358 ἕκτη
2707 2290 2967 2360 ἑρμηνεία
2987 2289 3342 2358 συναφθῶσιν,
3361 2289 3579 2343 ἀκολου-

2016 2378 2123 2443 θῶς
2164 2379 2371 2443 τούτοις
2419 2378 2719 2435 Ὀκταπλᾶ
2764 2383 3025 2435 καλεῖται.
3078 2402 3095 2433 ‹
3141 2382 3387 2452 Tetrapla
3433 2383 3576 2437 enim

2014 2470 2213 2525 Graecis
2262 2480 2531 2537 constant,
2576 2488 2696 2527 cum
2757 2474 2985 2543 Aquilae,
3038 2483 3091 2529 et
3131 2474 3463 2545 Symmachi,
3524 2484 3579 2528 et

2016 2562 2365 2632 Septuaginta
2408 2564 2629 2628 Senum,
2681 2575 2736 2619 et
2767 2566 3152 2621 Theodotionis
3181 2565 3578 2634 interpretatio-

2012 2668 2106 2707 nes
2131 2654 2287 2707 simul
2318 2654 2617 2723 conjunctae
2645 2666 2767 2709 sunt
2791 2674 2807 2708 :
2829 2672 2946 2726 quae
2980 2658 3242 2713 columna:
3269 2665 3501 2725 quatuor
3530 2642 3584 2711 si

2014 2744 2293 2799 Hebraicis
2329 2746 2541 2800 duabus
2592 2745 2930 2814 adjiciantur,
2983 2748 3235 2816 Hexapla‘
3284 2749 3577 2802 dicuntur:

2010 2837 2149 2902 quod
2174 2836 2217 2891 si
2247 2837 2431 2906 quinta
2460 2846 2516 2892 et
2537 2848 2686 2893 sexta
2716 2839 3089 2908 interpretatio
3116 2840 3461 2904 accesserint,
3486 2854 3577 2895 se-

2010 2929 2197 2997 quitur
2245 2939 2304 2983 ut
2348 2927 2570 2998 Octapla
2621 2932 2986 2985 nominentur.
3031 2949 3049 2985 ι
3102 2931 3305 2997 Quibus
3355 2941 3579 2988 assonat

2010 3018 2237 3074 Rufinus
2283 3020 2333 3073 in
2371 3021 2814 3090 interpretatione
2835 3023 3025 3078 decimi
3055 3022 3191 3076 sexti
3234 3022 3422 3091 capitis
3454 3022 3576 3078 libri

2010 3114 2146 3167 sexti
2178 3111 2431 3167 Historia:
2454 3113 2689 3168 Eusebii.
2723 3114 2842 3169 Alio
2876 3130 3003 3169 vero
3036 3115 3147 3169 abit
3175 3113 3390 3170 Nicetas
3419 3112 3577 3169 Thes.

2010 3203 2213 3257 art/rod.
2272 3203 2365 3269 ﬁd.
2412 3203 2504 3257 lib.
2558 3219 2632 3267 tv,
2669 3203 2799 3257 hzer.
2851 3205 2940 3267 51,
2993 3214 3049 3257 et
3089 3204 3243 3271 Dipla
3290 3203 3578 3269 Hebraicis,

2009 3296 2260 3363 quoniam
2291 3295 2428 3348 idem
2454 3294 2675 3349 omnino
2708 3293 3074 3358 continebant,
3114 3308 3210 3362 pro
3240 3310 3368 3357 una,
3403 3309 3580 3363 eaque

2008 3385 2260 3453 bipertita
2301 3385 2544 3439 columna
2567 3384 2745 3438 habita
2794 3384 2959 3437 fuisse
2985 3385 3114 3449 vult,
3140 3394 3300 3453 atque
3334 3385 3423 3438 illa
3448 3399 3570 3439 cum

2008 3480 2121 3541 τοῖς
2146 3482 2222 3544 0’,
2253 3475 2467 3546 Aquila,
2488 3476 2831 3547 Symmacho,
2861 3474 3249 3539 Theodotioue,
3284 3491 3347 3530 ac
3385 3477 3572 3545 quinta

2006 3568 2239 3623 editione
2265 3583 2359 3622 scx
2394 3567 2672 3621 columnas
2699 3567 3066 3630 constituisse,
3091 3582 3154 3622 ac
3189 3567 3426 3637 Hea-apta
3449 3569 3583 3635 inde

2008 3659 2177 3713 fuisse
2207 3659 2493 3728 appellata.

2078 3751 2186 3805 Has
2244 3752 2385 3805 inter
2429 3750 2705 3821 oppositas
2753 3760 2807 3804 et
2855 3760 3213 3819 repugnantes
3251 3750 3579 3820 sententias,

2008 3859 2224 3909 novam,
2256 3852 2331 3907 et,
2364 3844 2464 3898 nisi
2502 3844 2823 3898 me-animus
2846 3843 3001 3910 fallit,
3026 3845 3363 3899 verissimam
3394 3854 3573 3901 tueor.

2009 3936 2119 4006 (95)
2134 3935 2470 4000 Falsum-est,
2495 3935 2636 4005 quod
2656 3935 2814 4004 vulgo
2837 3936 3095 4001 creditur,
3120 3937 3360 4007 quintam
3383 3924 3434 3991 et
3456 3952 3573 3992 sex-

2010 4037 2116 4081 tam
2165 4026 2453 4081 editionem
2509 4027 2787 4081 universos
2841 4027 3130 4094 Scriptura:
3181 4028 3347 4083 libros
3403 4028 3577 4082 fuisse

2009 4115 2338 4187 complexes.
2398 4115 2619 4184 Aliquot
2663 4116 2921 4170 duntaxat
2965 4118 3310 4172 continebant
3341 4132 3413 4172 ex
3440 4118 3569 4183 illis,

2010 4222 2211 4276 eosque
2242 4207 2580 4277 potissimum
2624 4208 2713 4278 qui
2746 4208 2989 4262 versibus
3017 4217 3266 4263 constant
3293 4210 3431 4277 apud
3466 4208 3571 4264 ﬂe-

2008 4299 2202 4353 brwos.
2240 4298 2316 4352 En
2365 4299 2459 4353 tibi
2510 4308 2699 4353 testem
2742 4298 3125 4370 Hieronymum
3181 4301 3233 4353 in
3273 4299 3575 4367 Epistolam

2008 4435 2232 4504 septima
2281 4436 2445 4490 editio
2473 4435 2890 4504 comparebant;
2941 4452 3003 4491 ac
3036 4437 3338 4505 disquirere
3390 4446 3569 4494 utrum

2007 4507 2427 4576 sextaiquintam
2472 4506 3025 4576 septimautramque
3063 4522 3276 4576 semper
3318 4522 3573 4576 sequere-

340 4574 849 4650 ξπικαταεκευάσας
905 4575 1040 4650 male
1078 4574 1276 4650 V8ft_it,_
1298 4573 1580 4650 Hexaplis’
1604 4576 1900 4650 posteriora
1935 4596 1978 4650 υ
2008 4585 2120 4650 tur.
2151 4575 2367 4650 Certum
2413 4583 2493 4628 est
2534 4583 2647 4650 tres
2682 4573 3194 4650 illassuperadditas
3208 4573 3481 4650 editiones
3535 4596 3567 4636 e

340 4647 509 4700 fuisse
564 4643 805 4713 Tetrapla
849 4644 1120 4713 opinatur.
1173 4644 1277 4699 Sed
1328 4643 1655 4698 contrarium
1708 4644 1905 4698 evincit

343 4713 687 4770 doctissimus
726 4725 907 4769 noster
936 4715 995 4771 D.
1040 4714 1341 4768 Bernartius
1374 4715 1438 4768 de
1474 4713 1815 4767 Montl'aucon
1850 4714 1904 4767 in

343 4786 456 4841 suis
482 4783 940 4838 Przeliminaribus
965 4786 1015 4838 in
1046 4783 1286 4851 Hexapla
1311 4783 1558 4853 Origenis
1579 4799 1699 4853 pag.
1731 4784 1783 4849 9,
1816 4785 1905 4837 uhi

344 4856 510 4910 verbo
568 4855 1070 4918 ἐπικατασκευάσας
1133 4855 1425 4921 legitimum
1494 4870 1708 4907 sensum
1752 4854 1906 4909 resti-

349 4928 469 4980 tuit.
490 4923 660 4983 Hujus
686 4928 918 4977 rationes
944 4924 1080 4977 infra
1111 4926 1435 4979 adducemus
1456 4938 1573 4991 cap.
1592 4925 1626 4977 4
1644 4965 1656 4983 ,
1681 4940 1824 4977 num.
1849 4924 1904 4978 2.

417 4994 525 5065 (95)
553 4992 774 5047 Falsum
820 5004 914 5054 est.
949 4995 1083 5064 quod
1110 4995 1277 5065 vulgo,
1305 4994 1535 5065 creditur
1560 4995 1814 5063 quintam,
1858 5006 1905 5047 et

345 5064 568 5129 sextam,
618 5074 723 5117 etc.
780 5065 837 5116 ln
889 5066 1207 5132 quibusnam
1257 5064 1547 5131 Scriptura:
1602 5064 1762 5132 libris,
1800 5074 1908 5119 tres

345 5137 477 5190 alias
510 5134 774 5188 editiones
801 5131 1066 5201 quintam,
1092 5144 1298 5187 sextam
1329 5145 1377 5186 et
1408 5135 1689 5201 septimam
1723 5131 1906 5186 Hexa-

345 5206 444 5273 plis
476 5204 741 5258 addiderit
762 5202 1045 5273 Origenes.
1070 5204 1475 5273 accuratissime
1497 5205 1733 5258 omnium
1753 5204 1907 5257 docet

350 5271 412 5329 D.
439 5275 747 5329 Bernardus
782 5275 846 5327 de
875 5271 1217 5326 Montfaucon
1268 5274 1320 5326 in
1359 5272 1816 5342 Przeliminaribus
1850 5273 1906 5327 in

348 5344 573 5412 Hexapl.
600 5359 721 5413 pag.
756 5342 843 5396 16.
874 5362 890 5395 ι
922 5344 1265 5410 Exploratum
1293 5354 1395 5407 est,
1419 5344 1613 5412 inquit,
1643 5344 1907 5413 editiones

344 5411 616 5485 quintam,
638 5423 843 5485 sextam
864 5424 917 5467 et
947 5415 1249 5485 septimam,
1281 5428 1382 5467 non
1418 5415 1468 5466 in
1493 5411 1739 5485 omnibus
1763 5411 1909 5466 Scri-

347 5482 514 5556 ptura:
542 5483 710 5547 libris,
749 5484 840 5556 sed
866 5484 1219 5556 inaliquibu’s
1251 5492 1457 5537 tantum
1498 5482 1774 5537 columnas
1814 5497 1908 5537 oc-

343 5554 573 5623 cupasse
595 5568 741 5608 suas.
770 5554 824 5607 ln
855 5555 1175 5623 quibusnam
1200 5564 1399 5616 autem,
1426 5568 1523 5608 nec
1543 5567 1784 5623 veterum
1808 5567 1908 5608 nec

343 5622 710 5680 reCentiurum
736 5622 887 5678 ullus
906 5640 1139 5691 unquam
1168 5624 1324 5675 dixit.
1358 5623 1489 5676 Nam
1516 5623 1623 5677 hoc
1643 5622 1811 5676 solum
1832 5624 1907 5675 ait

346 5696 740 5762 Hieronymus:
776 5692 1031 5747 Nonnulli
1074 5710 1188 5747 vero
1210 5693 1350 5752 libri,
1384 5694 1674 5747 etmaxime
1706 5692 1778 5757 hi,
1816 5694 1905 5762 qui

342 5766 481 5831 apud
513 5763 759 5817 llebrreos
789 5781 937 5818 versu
958 5763 1229 5831 contposili
1253 5773 1395 5826 sunt,
1421 5776 1521 5816 (res
1560 5764 1691 5815 alias
1720 5763 1911 5815 editio-

345 5852 433 5887 nes
483 5836 687 5887 additas
716 5834 924 5887 habent.
957 5835 1317 5900 Quamobrem
1346 5848 1518 5900 opera:
1541 5833 1766 5901 pretium
1801 5833 1907 5885 erit

348 5906 434 5958 hic
469 5906 631 5959 libros
662 5922 960 5970 recensere,
1017 5905 1068 5958 in
1132 5904 1326 5973 quibus
1384 5904 1589 5973 quinta,
1644 5911 1796 5957 sexta
1842 5916 1907 5955 ac

2011 4646 2231 4715 regione
2258 4645 2482 4715 aliarum
2515 4644 2719 4712 positas
2745 4645 2911 4700 fuisse
2944 4646 2996 4699 in
3042 4646 3179 4700 libro
3208 4646 3567 4715 Psalmorum,

2008 4714 2164 4770 etin
2220 4714 2496 4768 duodecim
2551 4714 2825 4782 prophetis
2888 4715 3203 4771 minoribus.
3254 4716 3310 4771 lu
3341 4717 3570 4775 Psalmis

2009 4785 2225 4854 quidem
2262 4793 2371 4837 tres
2394 4783 2514 4837 illas
2542 4784 2804 4854 editiones
2844 4801 2940 4853 per
2963 4794 3130 4838 totum
3156 4787 3348 4841 librum
3379 4788 3569 4854 adjun-

2008 4853 2123 4910 Ctas
2175 4853 2342 4927 fuisse
2394 4854 2621 4927 suadent
2651 4853 2951 4927 frequentia
2992 4857 3201 4927 illarum
3244 4853 3565 4927 fragmenta,

2008 4941 2126 4993 qua:
2153 4924 2346 4994 passim
2364 4924 2720 4995 observantur
2751 4942 2763 4977 :
2793 4925 2844 4978 in
2880 4926 3161 4982 duodecim
3189 4942 3315 4981 vero
3334 4924 3562 4995 propheé

2011 4997 2079 5066 tis
2107 4995 2424 5056 minoribus,
2463 5002 2597 5066 teste
2642 4994 2989 5066 Hieronymo,
3055 5007 3248 5065 praater
3293 4994 3567 5065 Aquilam,
3642 5032 3649 5042 ι

2010 5065 2411 5136 Symmachum,
2454 5064 3283 5136 Septuaginta,‘Tlieodotionem
3318 5064 3373 5121 et
3408 5069 3567 5135 quiu-
3636 5099 3641 5105 -

2008 5134 2139 5199 tam,
2187 5136 2303 5188 dua:
2341 5134 2458 5188 aliae
2498 5134 2757 5191 editiones
2804 5138 3062 5205 appositae
3091 5145 3265 5198 erant,
3315 5138 3568 5191 videlicet
3638 5156 3643 5160 ·

2008 5216 2159 5259 sexta
2205 5214 2259 5258 et
2308 5207 2557 5272 septima,
2592 5220 2815 5275 quarum
2868 5207 3165 5275 fragmenta
3208 5207 3565 5273 exhibemus;

2008 5276 2207 5339 quinta:
2224 5290 2414 5343 nempe
2442 5275 2899 5341 frequentissima,
2931 5275 3159 5330 aliarum
3180 5291 3305 5331 vero
3336 5278 3568 5331 rariora.

2007 5344 2286 5399 Canticum
2316 5355 2494 5398 autem
2531 5345 2781 5399 Habacue
2837 5347 3133 5401 secundum
3182 5362 3341 5401 unam
3381 5363 3445 5402 ex
3483 5347 3567 5401 his

2008 5415 2291 5484 postremis
2313 5414 2635 5485 editionibus
2652 5416 2913 5482 integrum
2933 5429 3402 5485 repraesentamus,
3422 5419 3565 5485 quod

2009 5500 2131 5539 cum
2159 5499 2258 5537 nec
2287 5484 2507 5552 quintre,
2534 5500 2632 5539 nec
2660 5497 2827 5538 sextae
2857 5501 2976 5541 esse
2998 5484 3195 5555 possit,
3220 5484 3462 5555 sequitur
3497 5502 3563 5540 ex

2006 5555 2236 5623 septima
2278 5555 2610 5623 desumptum
2654 5569 2792 5610 esse.
2838 5555 2892 5609 lu
2923 5557 3161 5610 Cauticis
3204 5558 3565 5622 canticorum,

2006 5628 2207 5693 quinta
2233 5624 2479 5698 solum_e_t
2501 5633 2666 5678 sextze
2687 5624 2941 5698 lectiones
2969 5626 3289 5689 afferuntur;
3323 5627 3571 5698 septimae

2006 5709 2246 5749 verone
2283 5694 2567 5763 vestigium
2619 5696 2831 5763 quidem
2868 5697 3123 5762 habetur;
3154 5698 3293 5751 unde
3332 5694 3566 5751 fortasse

2006 5765 2244 5833 suspicio
2294 5766 2501 5817 oriatur
2549 5766 2634 5820 hic
2678 5765 2955 5833 septimam
3005 5782 3111 5821 nou
3164 5768 3399 5822 adfuisse
3441 5783 3564 5821 cum

2006 5834 2145 5906 aliis.
2175 5836 2315 5902 quod
2365 5844 2543 5887 tamen
2590 5836 2803 5906 nonnisi
2841 5846 3042 5891 temere
3084 5837 3337 5891 aliirmari
3365 5848 3562 5906 potest.

2007 5905 2189 5959 Potuit
2218 5906 2357 5958 enim
2387 5906 2485 5958 etsi
2512 5904 2761 5972 adfuerit,
2788 5905 3229 5963 acollectoribus
3258 5904 3565 5977 negligi.-ln
