4068 6312
595 369 732 424 1259

1852 373 1915 428 Ρ.
1959 372 2276 428 DANIELIS
2308 371 2544 426 IIUETII

3655 367 3770 421 'iiifl

593 491 662 542 ad
685 487 793 545 Tit.
822 504 903 552 in,
931 494 996 544 9:
1023 509 1041 540 ‹
1074 489 1226 544 Unde
1253 499 1307 544 et
1337 491 1492 546 nobis
1519 506 1662 546 curm
1684 493 1985 549 fuitomnes
2008 503 2152 547 vete—
2180 501 2224 555 Α
2257 493 2416 556 rium,
2469 492 2520 545 in
2564 496 2672 544 tota
2725 487 3018 541 Bibliorum
3070 481 3458 539 denominanda
3501 479 3628 536 mole
3667 483 3774 538 ratio

591 583 669 638 ris
694 582 853 653 Legis
872 583 1055 648 libros,
1086 598 1220 651 quos
1258 584 1340 636 vir
1366 585 1555 638 doctus
1582 585 1931 641 Adamantius
1958 587 2009 640 in
2037 586 2148 640 He-

591 675 750 743 κηρία
784 675 1083 745 digesserat
1133 675 1197 729 de
1223 673 1543 730 Caesariensi
1596 675 1917 732 bibliotheca
1951 679 2154 731 descri-

589 777 732 836 ptos,
761 782 824 820 ex
867 767 994 834 ipsis
1027 767 1352 822 authentieis
1383 768 1704 834 emendare;
1754 769 1803 822 in
1849 773 2043 839 quibus
2101 780 2156 825 et

591 857 706 925 Ipsa
742 855 962 910 Hebraea
990 858 1223 926 propriis
1267 866 1392 911 sunt
1435 859 1837 914 characteribus
1866 861 2026 914 verba
2056 863 2151 916 de—

591 948 810 1017 scripta,
856 959 911 1003 et
949 948 1152 1004 Graecis
1190 949 1384 1004 litteris
1417 952 1631 1005 tramite
1654 967 1908 1022 eitprcssa
1956 955 2148 1008 vicino.

589 1038 780 1108 Aquila
804 1040 989 1105 etiam,
1029 1050 1083 1095 et
1122 1039 1502 1109 Symmachus.
1542 1041 1890 1110 Septuaginta
1917 1057 2150 1112 quoque,

589 1139 643 1184 et
686 1129 982 1184 Tbeodotio
1018 1145 1172 1185 suum
1207 1131 1450 1184 ordinem
1499 1139 1698 1184 tenent.
1745 1129 1990 1185 Nonnulli
2027 1147 2153 1186 vero

588 1223 735 1289 libri,
766 1233 822 1278 et
851 1223 1085 1278 maxime
1133 1223 1186 1276 hi
1223 1223 1310 1292 qui
1346 1223 1484 1291 apud
1513 1221 1768 1280 Hebraeos
1809 1238 1964 1278 versu
2002 1239 2152 1278 com-

588 1313 750 1382 positi
768 1323 913 1376 sunt,
943 1323 1050 1369 tres
1065 1314 1196 1367 alias
1216 1315 1477 1371 editiones
1504 1317 1711 1370 additas
1755 1317 1972 1380 habent,
1993 1332 2150 1385 quam

587 1406 855 1473 quintam,
882 1416 937 1460 et
959 1415 1189 1471 sextam,
1214 1418 1270 1462 et
1295 1409 1580 1478 septimam
1614 1407 2024 1464 translationem
2056 1424 2152 1462 vo-

592 1507 746 1564 cant,
803 1500 1182 1554 auctoritatem
1253 1502 1372 1556 sine
1435 1503 1742 1557 nominibus
1799 1503 2151 1572 interpretum

589 1603 930 1646 consecutae.
977 1613 996 1646 ι
1027 1595 1208 1663 Itaque
1241 1595 1292 1648 in
1321 1594 1407 1648 illa
1439 1596 1709 1649 variarum
1741 1595 2035 1650 editionum
2057 1611 2152 1652 co-

592 1683 1012 1752 agmentatione,
1063 1684 1226 1752 aliqui
1287 1684 1407 1740 libri
1456 1695 1688 1753 quatuor
1731 1685 1994 1741 duntaxat
2027 1703 2156 1742 con-

591 1774 808 1828 stabant
840 1775 1183 1839 editionibus,
1214 1791 1333 1829 cum
1368 1776 1539 1845 Diplis
1563 1776 1869 1843 Hebraicis;
1913 1788 2070 1848 atque
2101 1780 2152 1834 hi

2252 583 2436 637 habita
2485 597 2590 636 non
2637 591 2737 643 est,
2777 578 3004 646 ideoque
3052 591 3081 630 a
3126 575 3343 628 nemine
3383 571 3635 640 Enneapla
3664 573 3774 627 dicta

2250 681 2396 726 sunt.
2421 675 2630 728 Asserit
2662 671 2822 725 etiam
2868 668 3130 738 Origenes
3174 665 3240 718 ali
3279 663 3776 731 interpretationibus

2251 765 2456 835 Aquila:
2479 775 2529 818 et
2560 761 2949 818 Tlieodotionis
2983 759 3220 813 abfuisse
3267 757 3517 810 Threnos
3553 754 3776 812 Jereniiz.

2252 859 2437 928 Itaque
2469 858 2604 912 liber
2639 855 2726 910 ille
2761 852 2925 907 fuerit
2947 848 3314 923 Τετραπλσῧς,
3364 847 3464 902 sed
3505 854 3659 900 totum
3683 863 3778 902 cor-

2252 969 2351 1022 pus
2377 951 2673 1006 Bibliorum
2712 955 2932 1016 propter
2961 944 3085 999 libri
3121 941 3474 1007 exiguitatem
3515 937 3781 1008 Templum

2253 1047 2356 1101 dici
2387 1057 2494 1098 non
2519 1042 2722 1097 debuit.
2747 1040 2978 1107 Quidam
3017 1037 3258 1104 Hexapla
3293 1037 3397 1088 ista
3427 1033 3676 1088 volumina
3707 1049 3780 1103 ap.

2251 1138 2538 1210 pellarunt,
2570 1134 2799 1189 fortasse
2823 1131 2984 1185 etiam
3023 1128 3264 1197 Ilexapla
3293 1126 3364 1179 ab
3385 1123 3608 1194 Origene
3633 1126 3785 1180 inseri.

2255 1239 2345 1299 pta
2375 1237 2519 1291 sunt,
2546 1226 2687 1295 quod
2717 1238 2906 1292 magna
2937 1222 3145 1275 illorum
3173 1235 3298 1288 pars
3325 1227 3554 1287 quatuor
3579 1216 3786 1270 editioni-

2253 1321 2372 1382 bus,
2398 1318 2623 1388 Aquilae,
2654 1315 2985 1388 Symmachi,
3017 1313 3123 1366 τῶν
3147 1311 3199 1366 0'
3231 1321 3284 1366 et
3335 1309 3714 1367 Tlieodotionis.
3736 1324 3786 1366 ac

2253 1412 2423 1483 Diptis
2453 1421 2710 1478 praeterea
2758 1407 3035 1462 Hebraicis
3068 1415 3212 1460 esset
3239 1402 3474 1458 conflata
3509 1422 3522 1458 :
3551 1403 3635 1456 alii
3682 1417 3784 1459 vero

2253 1519 2376 1560 cum
2415 1504 2498 1559 his
2530 1501 2894 1556 voluminibus
2943 1514 3038 1552 sex
3078 1497 3348 1552 editiones
3387 1496 3600 1549 Graecas
3634 1505 3784 1562 prater

2255 1595 2514 1650 Ilebraica
2550 1592 2884 1660 exemplaria
2929 1592 3104 1644 inesse
3157 1588 3548 1656 intelligerent,
3603 1586 3776 1658 Octapla

2255 1685 2498 1741 vocanda
2525 1691 2871 1739 censuerunt.
2914 1682 3251 1751 Quapropter
3282 1695 3446 1734 neuio
3471 1679 3643 1732 mirari
3661 1680 3779 1734 debet

2256 1795 2353 1834 cur
2405 1777 2660 1847 Hexaplis
2720 1791 2813 1831 sex
2865 1776 3128 1830 editiones
3161 1773 3404 1832 Graecas.
3456 1779 3510 1826 et
3540 1772 3656 1825 duos
3691 1788 3782 1826 roti-

592 1861 717 1918 Iibri
745 1876 899 1918 erant
921 1879 1046 1918 vere
1079 1865 1349 1942 Ἐξατελοῖ.
1374 1865 1479 1920 Sex
1502 1883 1630 1922 vero
1663 1867 1932 1923 habebant
1964 1870 2159 1924 editio-
2194 1856 2237 1914 Β
2268 1879 2444 1924 textus
2479 1867 2773 1924 IIebraicos
2806 1867 2975 1921 fuisse
3017 1867 3250 1920 intextos
3282 1865 3524 1918 dixerint
3553 1863 3784 1929 Eusebius,

590 1970 688 2012 nes
717 1955 952 2019 Graecas,
984 1973 1103 2013 cum
1131 1958 1298 2028 Dtplis
1331 1959 1626 2027 Hebraicis,
1661 1962 1751 2016 alii
1775 1963 1894 2018 libri
1917 1977 2012 2030 per
2040 1977 2160 2017 ver—

592 2062 686 2102 sus
715 2049 1016 2118 compositi,
1051 2060 1273 2120 excepto
1307 2050 1590 2116 Psalterio,
1618 2067 1810 2123 nempe
1846 2053 2159 2123 Proverbia,

591 2137 946 2194 Ecclesiastes
994 2150 1050 2194 et
1089 2141 1491 2197 Canticumzac
1521 2143 1743 2212 proinde
1772 2152 1930 2199 erant
1969 2144 2161 2198 Ὀκτα-

593 2227 738 2282 πλοῖ.
797 2229 868 2283 At
912 2231 1047 2285 liber
1101 2230 1434 2288 Psalmorum
1494 2243 1690 2302 praeter
1758 2235 2002 2304 geminas
2053 2234 2159 2289 Ile-

594 2319 764 2374 braici
812 2331 1100 2378 contextus
1133 2323 1412 2379 columnas
1453 2333 1658 2394 septem
1690 2325 1952 2380 editiones
1991 2325 2161 2380 conti-

591 2411 776 2477 nebat,
827 2414 1131 2484 meritoque
1169 2414 1365 2470 librum
1413 2417 1556 2472 hunc
1597 2414 1952 2470 Ἐννεαπλοῦν
1997 2415 2162 2473 fuisse

593 2506 818 2562 diceres.
834 2507 1001 2574 Igitur
1024 2523 1160 2576 opus
1191 2508 1330 2562 istud
1353 2506 1601 2577 Origenis
1625 2511 1816 2578 partim
1845 2519 1963 2565 erat
1985 2510 2164 2564 Hexa—

591 2597 760 2667 plum,
786 2601 982 2668 partim
1005 2599 1302 2670 Octaplum,
1330 2603 1522 2670 partim
1546 2601 1910 2672 Enneaplum:
1936 2603 2046 2674 (96)
2071 2605 2163 2658 sed

595 2692 838 2762 septimae
865 2694 1139 2761 editionis,
1175 2709 1298 2763 qua:
1330 2696 1396 2748 ad
1437 2709 1598 2748 unum
1630 2695 1933 2765 pertinebat
1961 2696 2168 2752 Psalte-

592 2831 957 2903 Pentateucho
997 2844 1174 2887 autem
1222 2835 1462 2903 quintam
1515 2842 1568 2888 et
1611 2844 1816 2889 sextam
1864 2834 2156 2892 editionem

589 2901 766 2956 locum
808 2917 1099 2975 aceripasse
1153 2901 1308 2957 suum
1358 2905 1721 2960 testificantur
1779 2906 2021 2975 exempla
2055 2923 2161 2962 non

592 2986 763 3042 pauca
794 2989 808 3024 :
838 2975 915 3042 sic
949 2971 1145 3030 Cenes.
1192 2989 1308 3042 cap.
1339 2990 1522 3039 xxxrv,
1562 2991 1702 3029 vers.
1741 2977 1828 3040 15,
1877 2971 1951 3029 ωί
1977 2979 2164 3032 codice

596 3041 785 3113 Regio,
823 3041 1046 3097 affertur
1091 3041 1288 3113 quintae
1337 3045 1593 3099 editionis
1627 3045 1802 3110 lectio,
1847 3048 1934 3099 ubi
1974 3062 2161 3101 vocem

594 3121 727 3172 nm:
774 3112 861 3186 hic
889 3112 1164 3186 interpres
1196 3116 1354 3168 vertit
1378 3116 1738 3186 éwoﬁooiisv;
1771 3126 1824 3169 et
1853 3132 1970 3185 cap.
2000 3133 2163 3181 xxxv,

592 3203 736 3242 vers.
765 3183 851 3241 19.
888 3184 940 3237 in
977 3185 1118 3238 liunc
1149 3185 1322 3238 locum
1347 3183 1566 3246 orm-ii:
1597 3183 1694 3246 rem
1711 3183 2164 3248 ΠΠἽΒηΆιιιὺνο-

2262 1961 2592 2032 Epiphanius
2639 1971 2692 2016 et
2743 1960 3002 2024 Zonaras,
3041 1959 3259 2014 intexta!
3308 1958 3508 2027 quippe
3537 1965 3673 2010 erant
3701 1959 3785 2011 edi-

2265 2055 2440 2111 tiones
2473 2055 2576 2110 illai
2615 2069 2705 2109 sex
2743 2055 2794 2108 in
2833 2053 3102 2123 aliquibus
3123 2054 3395 2106 duntaxat
3420 2051 3586 2114 libris,
3631 2053 3786 2104 nonin

2263 2147 2560 2215 universis;
2599 2162 2721 2201 nam
2770 2147 3015 2216 quamvis
3059 2145 3283 2200 intexta:
3327 2144 3510 2198 itidem
3556 2152 3711 2198 essent
3743 2142 3784 2196 in

2261 2239 2491 2295 Psalmis
2517 2239 2781 2295 editiones
2812 2248 3039 2308 septem,
3092 2236 3344 2307 Hexapla
3375 2245 3551 2290 tamen
3590 2234 3790 2288 Psalmo-

2264 2347 2382 2385 rum
2444 2331 2586 2386 idem
2638 2330 2774 2384 dixit
2821 2331 3106 2385 Eusebius.
3173 2329 3521 2384 Manifestum
3567 2342 3682 2396 ergo
3723 2334 3786 2380 est

2265 2436 2427 2475 unum
2462 2421 2709 2491 idemque
2735 2437 2870 2490 opus
2902 2421 3066 2476 fuisse
3093 2420 3342 2489 Hexapla
3369 2430 3422 2475 et
3457 2417 3686 2488 Octapla;
3716 2418 3788 2472 sed

2266 2513 2547 2568 a-diversis
2583 2516 2776 2584 quibus
2805 2517 3085 2570 constabat
3113 2515 3362 2583 partibus
3395 2513 3625 2567 diversas
3642 2511 3785 2580 appel-

2267 2606 2495 2662 lationes
2551 2607 2819 2663 habuisse.
2857 2609 2969 2678 (97)
3017 2608 3264 2674 Teii-apta
3329 2619 3506 2662 autem
3562 2605 3786 2675 privatum

2268 2698 2370 2752 fuit
2418 2714 2483 2754 ac
2533 2709 2842 2766 separatum
2883 2715 3020 2769 opus
3052 2700 3120 2753 ab
3155 2697 3395 2767 Origene
3443 2705 3558 2768 post
3591 2694 3785 2763 IIexapIti

2267 2849 2377 2894 tres
2411 2839 2511 2894 illae
2543 2840 2808 2895 editiones
2853 2839 3047 2893 addita:
3080 2839 3316 2902 fuerant,
3377 2852 3496 2892 esse
3523 2836 3671 2888 libros
3700 2848 3784 2888 me-

2262 2919 2373 2963 tros
2405 2911 2690 2971 inetricos;
2733 2924 2924 2974 nempe
2970 2908 3093 2970 Job,
3142 2909 3387 2961 Psalmos
3435 2918 3487 2960 et
3513 2903 3780 2967 Proverbia,

2263 2990 2319 3034 et
2359 2990 2530 3034 tamen
2572 2981 2928 3048 apertissimis
2966 2979 3229 3046 exeiriplis
3259 2978 3508 3046 superius
3544 2976 3778 3048 probatum

2266 3062 2370 3114 est,
2407 3049 2522 3104 illas
2549 3046 2812 3104 editiones
2837 3049 3076 3103 adfuisse
3105 3051 3154 3101 in
3190 3049 3570 3109 Pentateuclio,
3608 3046 3653 3098 iu
3684 3058 3782 3111 pro.

2267 3121 2444 3190 plietis
2466 3120 2770 3190 minoribus
2825 3129 2880 3175 et
2911 3120 2962 3173 in
2992 3119 3232 3174 Canticis
3255 3137 3267 3180 ;
3293 3135 3360 3173 ex
3390 3117 3674 3190 librisvero
3700 3129 3784 3166 tne-

2275 3187 2427 3246 tricis
2458 3189 2701 3245 Psaliuos
2735 3201 2944 3244 tantum
2989 3190 3148 3244 trium
3181 3190 3400 3243 illarum
3434 3187 3698 3240 editionum
3721 3198 3784 3235 re-

593 3259 708 3312 sius
736 3257 786 3308 in
817 3255 988 3328 Epist.
1043 3256 1110 3307 ad
1168 3229 1566 3311 Horon-tiaran:
1589 3229 1944 3321 aii”;
1994 3269 2167 3312 autem
2195 3229 2237 3285 Ο
2273 3229 2480 3328 ῘίιίιιίΞέ
2501 3229 2568 3315 aet
2615 3229 3348 3328 quidem."frequentissimas
3409 3258 3672 3328 praeferre;
3708 3251 3782 3307 loli

602 3327 842 3389 traditio,
871 3327 1093 3398 epbrata
1117 3366 1131 3388 ,
1187 3327 1303 3394 ipsa
1332 3337 1415 3382 est
1444 3327 1639 3382 donius
1671 3327 1823 3398 panis
1856 3328 1996 3383 :Iioc
2027 3345 2166 3395 prai-

597 3399 806 3451 teritum
833 3406 906 3448 est
945 3398 1001 3448 in
1043 3395 1265 3450 aliorum
1299 3395 1690 3460 traditionibus,
1722 3397 1810 3452 ubi
1851 3398 2170 3452 traditiones

599 3467 690 3521 ille
725 3482 821 3535 pro
853 3468 1195 3537 rﬂtlillOlliillIS
1244 3477 1484 3537 usurpat.
1525 3466 1588 3520 Et
1611 3465 1783 3522 Levit.
1814 3482 1852 3529 t,
1895 3467 1983 3528 16,
2013 3469 2077 3522 A.
2109 3469 2166 3522 Σ.

593 3538 697 3618 τὴν
735 3536 1062 3618 dirigenda}
1191 3539 1252 3590 E.
1287 3536 1387 3610 τὴν
1413 3539 1583 3607 ὀσφὺν
1612 3537 1677 3618 ἢ)
1707 3539 1868 3618 ὴὲ).εέ
1902 3538 2180 3618 σᾳιιλριῗιιὲεν⁴

597 3607 792 3676 φῦσαν.
841 3608 969 3660 Item
1012 3607 1182 3664 Levit.
1212 3607 1434 3678 capixr,
1464 3624 1606 3664 vers.
1636 3608 1695 3678 5,
1730 3607 1790 3662 Σ.
1826 3609 1886 3661 Ε.
1917 3609 2024 3664 ἀπὸ
2040 3609 2169 3673 τῶν,

597 3677 986 3750 καρπωμάῖων
1030 3678 1254 3750 Κυρίᾳ-ς.
1286 3677 1352 3732 Et
1387 3679 1552 3750 Levit.
1586 3695 1644 3743 II,
1680 3677 1765 3744 17,
1805 3682 1866 3730 Α.
1905 3680 1967 3736 O.
2012 3679 2076 3733 Θ.
2106 3682 2169 3733 Ε.

597 3747 943 3818 νυιὶτικὸραξ.
974 3766 1033 3812 ς.
1063 3747 1251 3817 γλαύξ.
1295 3750 1356 3802 Ε.
1389 3749 1662 3815 Quintam,
1696 3767 1755 3813 ς.
1787 3758 1992 3804 sextam
2031 3751 2171 3803 indi-

599 3830 706 3884 rat,
760 3831 813 3870 et
856 3821 1136 3887 utriusque
1170 3821 1546 3885 interpretatio
1573 3819 1814 3872 all'crtur.
1855 3819 2168 3889 Ibidemque

596 3905 743 3944 vers.
783 3890 871 3952 5i,
906 3891 968 3942 Ο.
1014 3889 1075 3942 Θ.
1126 3891 1190 3943 Ε.
1239 3890 1416 3943 αὐτῶν
1466 3889 1826 3960 τεθνηκότων.
1870 3889 2026 3944 Hisce
2060 3901 2169 3943 tam

603 3960 805 4030 apertis
839 3961 1156 4014 teStinioniis
1188 3962 1444 4029 refragari
1480 3977 1637 4013 nemo
1667 3976 1823 4030 posse
1847 3961 2078 4014 videtur.
2106 3964 2176 4014 At

603 4029 800 4082 iniruui
825 4041 905 4082 est
947 4032 1187 4098 quintam
1227 4040 1279 4083 et
1314 4039 1520 4084 sextam
1553 4031 1844 4084 editionem
1896 4047 1923 4082 a
1956 4031 2170 4084 nemine

602 4111 845 4152 veterum
875 4099 1191 4153 Graecorum
1235 4103 1324 4168 qui
1356 4103 1406 4153 in
1438 4100 1867 4153 Pentateuclmm
1907 4111 1986 4152 tot
2011 4101 2173 4154 Corn-

606 4171 872 4223 iuentaria
916 4170 1219 4227 ediderunt.
1251 4180 1603 4224 memoratam
1632 4171 1837 4237 uspiam
1876 4172 2060 4224 fuisse.
2101 4171 2173 4224 De

604 4241 828 4308 septima
885 4241 936 4293 in
986 4237 1350 4294 Pentateucho
1399 4240 1530 4293 nihil
1579 4241 1737 4294 hodie
1777 4255 1792 4290 :
1836 4249 2011 4293 utrum
2045 4255 2172 4292 vero

605 4311 734 4364 oliui
784 4309 1018 4364 adfuerit
1068 4311 1364 4378 ignoratur.
1417 4310 1620 4364 Praeter
1662 4309 1824 4363 hosce
1877 4310 2040 4363 libros
2085 4310 2172 4362 ubi

610 4383 772 4434 trium
799 4383 1158 4450 posteriorum
1189 4381 1483 4434 editionum
1515 4382 1734 4450 vesrigia
1769 4380 2087 4450 reperimus,
2122 4382 2172 4432 in

609 4451 727 4505 aliis
759 4449 920 4505 etiam
955 4452 1224 4504 exSIitisse
1259 4450 1557 4506 subindicat
1621 4449 1974 4519 Hieronymus
2015 4449 2174 4504 Com-

607 4531 778 4574 ment.
816 4522 870 4574 in
901 4519 1069 4589 Epist.
1109 4525 1176 4574 ad
1209 4521 1377 4574 Titum
1403 4535 1424 4572 .'
1481 4520 1737 4573 Nonnulli
1779 4536 1893 4572 vero
1921 4520 2060 4586 libri,
2103 4520 2176 4572 iii-

2273 3327 2450 3383 aiiteiu
2516 3341 2570 3386 et
2629 3330 2947 3391 Proverbia,
2980 3327 3222 3396 quorum
3277 3329 3509 3382 maxima
3543 3327 3780 3396 lectionum

2273 3401 2651 3467 Hexapfarium
2702 3401 2836 3455 silva
2881 3394 3156 3470 superest,
3197 3416 3261 3452 ne
3293 3399 3584 3470 vestigium
3614 3394 3788 3470 quidem

2277 3464 2435 3524 lriuui
2464 3471 2671 3524 illarum
2702 3464 2999 3524 editionum
3038 3472 3252 3523 habere.
3289 3468 3386 3522 llis
3415 3464 3785 3535 censpectisrnc-

2277 3557 2366 3594 mo
2398 3543 2674 3608 negaverit
2696 3541 2982 3594 admodum
3011 3540 3225 3593 dillicile
3254 3554 3381 3592 esse
3408 3534 3636 3608 superius
3657 3534 3783 3586 allata

2272 3606 2517 3678 exempla
2547 3626 2666 3682 cuni
2697 3612 2870 3664 verbis
2902 3610 3210 3679 Hieronymi
3240 3609 3552 3682 conciliare.
3575 3606 3783 3682 (Iunian-

2276 3691 2387 3752 tﬂem
2413 3675 2633 3752 omnino
2681 3692 2887 3734 certum
2911 3683 3006 3752 sit
3042 3675 3323 3748 Origeueni
3354 3695 3455 3732 non
3495 3677 3544 3730 i-ii
3581 3675 3786 3752 omnibus

2277 3749 2568 3819 Scriptura:
2594 3749 2746 3804 libris
2772 3759 2882 3804 tres
2909 3751 3025 3802 illas
3051 3745 3519 3816 interpretationes
3550 3745 3783 3819 adjecissc,

2275 3816 2439 3888 qiiaii'i
2463 3829 2635 3888 potest
2659 3837 2782 3873 num
2817 3830 2924 3874 tres
2957 3821 3029 3874 illi
3061 3821 3384 3887 interpretes
3409 3829 3561 3871 totam
3586 3816 3780 3888 Scriptu-

2275 3878 2388 3961 tj'am
2424 3878 2530 3944 sint
2576 3892 2933 3961 interpretati,
2975 3907 3044 3943 an
3084 3905 3175 3944 eas
3198 3878 3372 3942 solum
3400 3897 3568 3961 partes
3605 3878 3786 3961 απαξ-ξφ

2275 3960 2503 4029 Origene
2549 3963 2600 4012 iii
2634 3949 2866 4025 Ociaplis
2906 3949 3157 4013 adhibitae
3189 3969 3330 4012 sunt.
3397 3949 3544 4029 Same
3576 3949 3680 4010 cum
3705 3949 3780 4012 illi.

2276 4027 2460 4083 saltum
2505 4033 2608 4084 duo
2645 4032 2878 4098 priores,
2910 4029 3355 4088 Peutateuchum,
3397 4027 3700 4098 Psalnios,_et
3727 4033 3780 4098 ex

2277 4099 2600 4170 Hieronymo
2620 4095 2718 4153 Job
2741 4107 2796 4153 et
2823 4100 3147 4171 Proverbia;
3184 4113 3304 4171 cum
3341 4101 3469 4152 item
3511 4095 3701 4171 (iantica
3740 4097 3780 4171 et

2277 4159 2512 4240 minores
2557 4172 2848 4240 prophetas
2911 4159 3310 4230 transtulerint,
3366 4184 3471 4240 non
3504 4167 3640 4220 video
3681 4159 3778 4240 quid

2277 4256 2452 4314 causai
2489 4233 2673 4306 fuerit,
2695 4255 2790 4294 cur
2821 4239 3220 4314 iiiedioslibros
3255 4233 3780 4314 ouiiserint,quodqtte

2276 4311 2449 4376 magis
2479 4321 2686 4377 urgeat,
2722 4327 2842 4364 cum
2877 4321 2984 4363 tres
3012 4309 3086 4364 illi
3115 4311 3434 4375 interpretes
3459 4318 3513 4361 ut
3540 4306 3779 4377 pluriniuin

2278 4381 2330 4433 in
2356 4366 2877 4452 i'i'sdcui‘fScr'ipturte
2924 4379 3075 4452 libris
3123 4366 3479 4452 reperiantur,
3524 4366 3779 4452 licetuliaml

2279 4451 2439 4505 dubie
2465 4451 2629 4504 variis
2669 4441 2721 4504 iii
2751 4450 2883 4503 locis
2914 4441 3251 4520 scripserint,
3303 4466 3401 4502 cur
3429 4449 3624 4520 eosdem
3649 4441 3779 4520 libros

2278 4504 2345 4574 ex
2377 4520 2643 4575 Hebraico
2694 4504 3077 4583 converteriu't,
3121 4504 3341 4573 eosdem
3380 4515 3656 4572 omiserint.
3695 4504 3778 4583 iloc

607 4592 743 4658 quit,
767 4602 812 4643 et
843 4581 1069 4645 maxime
1092 4592 1143 4644 lii
1171 4593 1260 4660 qui
1289 4592 1428 4659 apud
1468 4589 1712 4644 Iiebtwos
1737 4605 1886 4644 versu
1911 4581 2180 4658 compositi
2211 4601 2254 4654 1)
2284 4603 2430 4645 certe
2457 4606 2630 4658 neque
2664 4605 2815 4652 casu,
2846 4605 3019 4659 neque
3054 4581 3290 4660 consilio
3312 4589 3550 4660 accidere
3587 4581 3776 4660 ροιιιὶεεε

607 4672 749 4726 sunt,
780 4672 882 4712 tres
919 4664 1049 4713 alias
1084 4665 1332 4714 editiones
1371 4663 1578 4714 additas
1607 4663 1816 4723 habent,
1843 4676 1999 4727 quam
2033 4661 2177 4728 quin-

611 4743 740 4793 tam,
779 4741 826 4784 et
881 4740 1098 4795 sea-tant,
1148 4743 1194 4785 et
1239 4736 1510 4798 septimam
1537 4731 1927 4784 translationem
1975 4741 2176 4795 vocant,

609 4802 976 4854 auctoritatem
1017 4802 1127 4854 sine
1158 4803 1450 4854 nominibus
1491 4803 1825 4868 interpretum
1855 4809 2175 4854 consecutas.

613 4873 691 4925 Ex
730 4871 882 4924 libris
914 4880 1088 4924 tamen
1125 4887 1278 4924 versu
1305 4872 1624 4940 conscriptis
1652 4871 1749 4924 soli
1779 4870 1977 4924 I’salmi
2016 4874 2176 4925 triuni

649 4942 1515 5010 oslerioruminterpretatiomini
1564 4942 1816 5010 reliquias
1863 4942 2174 5008 praeferunt.

649 4959 1515 5010 osteriorutuinterpretatiomini
1564 4959 1816 5010 rcuquias
1863 4959 2174 5008 praeierunt.

612 4959 668 5066 iii
700 5013 800 5067 Job
826 5027 1007 5068 antem
1044 5022 1095 5065 et
1125 5011 1451 5073 Proverbiis,
1476 5013 1576 5064 etsi
1609 5012 1783 5079 ampla
1811 5013 2038 5063 aliarum
2066 5011 2178 5064 edi-

612 5085 816 5155 tionum
849 5097 1003 5155 seges
1027 5081 1303 5155 offeratur,
1324 5081 1453 5134 nihil
1485 5081 1642 5155 hodie
1671 5084 1736 5134 de
1756 5079 2046 5155 trihnsillis
2079 5097 2178 5155 p07

614 5153 830 5206 streniis
855 5150 1238 5221 interpretibus
1269 5161 1534 5219 superest.
1563 5152 1617 5205 Si
1643 5161 1841 5205 stemus
1867 5150 2174 5221 Hieronymi

611 5222 792 5276 verbis
817 5224 866 5276 in
887 5225 952 5280 iis
977 5224 1145 5286 libris,
1170 5223 1256 5275 ubi
1284 5224 1364 5275 lite
1387 5231 1666 5289 postremae
1683 5222 1948 5274 editiones
1965 5221 2178 5276 adlube-

610 5295 822 5355 baiitiir,
845 5303 953 5348 tres
970 5311 1179 5363 semper
1196 5295 1436 5353 aderant,
1457 5307 1553 5344 nec
1571 5292 1692 5358 quin
1705 5301 1751 5363 ta
1771 5291 1885 5363 sine
1900 5301 2178 5357 sexta,uec

612 5373 839 5434 utraque
859 5367 976 5417 sine
1007 5362 1229 5433 septima
1258 5367 1430 5417 locum
1464 5363 1667 5429 uspiam
1703 5362 1961 5434 habebat;
1992 5376 2173 5416 verum

614 5434 725 5488 haec
750 5431 1103 5505 Hieronymus
1120 5436 1405 5488 admodum
1423 5433 1780 5502 perfunctorie
1799 5433 2056 5505 narravit,
2078 5445 2177 5486 nec

617 5505 824 5558 videtur
845 5502 964 5571 ejus
984 5507 1341 5560 testimonium
1365 5510 1429 5556 ad
1458 5519 1518 5556 ea
1544 5517 1661 5570 qua:
1681 5517 1842 5570 supra
1862 5502 2004 5555 dicta
2029 5513 2173 5566 sunt,

615 5576 822 5638 penitus
847 5577 1112 5642 quadrare
1141 5590 1314 5643 posse,
1334 5575 1378 5628 si
1397 5575 1635 5644 quidem,
1656 5574 1728 5626 ait
1747 5573 1853 5636 ille,
1879 5573 1930 5625 iii
1949 5572 2175 5625 nonnul-

615 5645 682 5697 lis
707 5645 858 5700 libris
879 5658 932 5700 et
954 5648 1183 5698 maxime
1208 5647 1270 5696 iis
1286 5645 1374 5713 qui
1405 5660 1559 5698 versu
1584 5644 1862 5708 compositi
1886 5651 2032 5708 sunt,
2065 5654 2177 5696 tres

615 5713 750 5767 alias
781 5717 1062 5778 editiones,
1121 5730 1312 5782 nempe
1344 5717 1620 5782 quintani,
1656 5725 1860 5767 sextam
1904 5723 1955 5766 et
2007 5713 2174 5781 septi-

615 5797 756 5834 mam
798 5787 1003 5837 additas
1055 5787 1250 5846 fuisse;
1305 5786 1374 5836 ita
1427 5796 1478 5836 ut
1525 5801 1588 5836 ex
1621 5784 1738 5850 ejus
1767 5784 1944 5837 verbis
1987 5783 2172 5836 inferri

619 5867 778 5922 posse
807 5853 1075 5920 videatur,
1123 5857 1407 5908 maximam
1448 5853 1801 5921 llexaplorum
1843 5863 2048 5920 partem
2085 5853 2169 5908 ubi

2283 4650 2515 4715 videtur.
2543 4650 2601 4714 Si
2631 4650 2952 4728 respondeas
2979 4675 3076 4714 cur
3096 4675 3222 4726 ergo
3259 4658 3510 4726 Origenes
3537 4650 3779 4721 inquibus-

2281 4732 2403 4784 dam
2429 4731 2596 4794 libris,
2624 4747 2729 4785 non
2754 4733 2803 4782 in
2829 4732 3102 4792 omnibus,
3137 4730 3256 4784 illas
3284 4731 3538 4799 editiones
3564 4731 3776 4799 apposui?

2282 4801 2382 4866 rit;
2410 4817 2661 4870 reponant
2687 4817 2805 4870 ego,
2829 4816 2924 4854 cur
2957 4803 3006 4852 iii
3031 4800 3258 4853 Threnis
3277 4799 3391 4853 sive
3413 4797 3774 4870 Lamentatimnj

2278 4871 2378 4941 bus
2404 4865 2672 4933 Jcrcmiin,
2713 4865 2885 4924 solum
2925 4870 3301 4941 Symmachum
3331 4885 3447 4941 cum
3471 4865 3674 4941 editione
3695 4869 3775 4941 1th

2281 4924 2338 4994 O'
2360 4924 2574 5005 locavit,
2598 4924 2720 4996 cum
2756 4950 2933 4993 tamen
2964 4924 3166 5008 :Aquila
3187 4949 3242 4992 et
3263 4936 3546 4993 Tlieodotio
3578 4929 3709 5008 hujus
3729 4924 3773 4974 Ιί-

2278 5011 2380 5077 bri,
2401 5003 2819 5079 perinde.‘atque
2837 5003 3059 5064 aliorum
3084 5011 3216 5064 inter
3226 5012 3562 5079 pretationem
3591 5003 3771 5079 adorti];-

2277 5065 2471 5138 vcr'ii'it.
2506 5065 2775 5136 utibidet'u
2809 5081 2859 5134 in
2893 5082 3090 5134 Μοιιίιο
3121 5065 3430 5149 probamus.
3456 5075 3576 5129 lliuc
3601 5065 3771 5149 sane

2278 5165 2404 5220 qnet
2426 5169 2486 5205 ex
2509 5152 2862 5222 liacOrigenis
2886 5131 3176 5205 oniissione
3197 5148 3434 5222 concludi
3453 5162 3545 5200 non
3569 5131 3769 5222 pgS§ci_i}'

2279 5208 2357 5275 las
2372 5224 2632 5276 editiones
2659 5208 2760 5276 ιιιῆι
2784 5223 3036 5291 integras,
3057 5223 3150 5276 sed
3172 5221 3375 5291 aliquos
3391 5208 3576 5291 tantum
3593 5208 3768 5291 I'lelirill:

2277 5309 2352 5348 ea:
2381 5294 2669 5360 Scriptura:
2701 5292 2862 5364 libros
2887 5285 3400 5364 Eomplwsfﬁisse-
3431 5289 3658 5364 leeriun
3686 5285 3764 5364 uelli

2278 5379 2381 5418 non
2395 5357 2608 5431 penitus
2628 5362 2953 5431 exploratam
2971 5357 3393 5431 lecturisjudicio
3413 5357 3760 5431 perniitti-inu‘s‘u

2350 5413 2604 5504 nam}
2621 5413 3288 5504 natanata-tuus;qua
3317 5413 3381 5504 ad
3413 5413 3568 5504 Ianum
3607 5413 3762 5504 tanta;

2279 5476 2752 5570 i'iit‘i‘nVIpe-Irti'neb'at.
2784 5476 3020 5570 Septima
3051 5476 3528 5569 editi‘bwpertiucbat
3561 5476 3758 5570 etiatti

2277 5558 2555 5627 duode'eini
2589 5558 2877 5641 prophetas
2907 5575 3164 5638 minores,
3217 5558 3273 5626 iit
3317 5587 3435 5626 mox
3493 5558 3760 5620 ostendiqus

2278 5660 2341 5696 ex
2379 5645 2437 5696 Ι).
2474 5643 2530 5694 Β.
2562 5644 2629 5697 de
2668 5641 3032 5696 Moutfaucon.
3534 5700 3584 5711 -..

2349 5712 2458 5787 (97)
2497 5711 2737 5787 Tetrapla
2770 5722 2942 5766 autem
2971 5713 3224 5780 privatum
3263 5712 3385 5787 fuit,
3411 5717 3505 5787 etc,

2279 5769 2500 5908 lor‘ilﬁljra
2550 5769 2672 5854 παρ’.
2704 5784 2757 5854 4,
2803 5769 3036 5851 ιιυιιι.’⁶2,
3074 5787 3159 5840 ubi
3199 5769 3311 5840 haec
3347 5769 3508 5837 Πυριιί
3549 5769 3772 5828 sententia:

2281 5872 2336 5908 re
2361 5873 2388 5908 ιε
2434 5866 2556 5908 Itur.

2281 5855 2556 5912 refellitur.
