4068 6312
260 390 396 445 1241

1082 388 1655 447 ORIGENIANORUM
1694 389 1823 446 LIB.
1865 390 1953 453 lll,
1992 391 2144 446 CAP.
2184 386 2249 456 11,
2293 390 2487 447 SECT.
2528 391 2611 446 IV.

3369 386 3503 445 1242

258 514 599 571 accuratum,
638 505 690 559 in
715 507 1079 561 Studiosorum
1108 508 1355 575 gratiam,
1379 509 1574 575 quibus
1615 519 1824 565 tantum
1857 517 1901 572 Α
1933 521 2050 565 xter
2077 511 2308 574 erat,vel
2330 510 2855 580 sinisterlegentium
2874 518 3115 579 respectu
3132 509 3503 577 sinistererat,

260 600 363 653 abs
386 614 565 654 re-sua
589 602 673 656 vel
700 602 795 656 otii
828 603 911 656 vel
941 601 1209 657 facultatis
1235 618 1340 657 non
1364 614 1499 671 erat,
1530 606 1834 674 utHexapla

259 704 583 760 comparare
624 705 865 763 possent.
922 694 1028 749 Nec
1075 712 1396 765 quemquam
1446 710 1656 753 moveat
1693 700 1836 770 quod

262 785 459 837 scribit
492 784 853 856 Hieronymus
881 786 957 840 De
985 789 1162 855 script.
1182 789 1465 844 ecclesiast.
1498 792 1549 845 in
1579 791 1833 862 Origen.:

270 888 292 921 ε
340 872 586 942 Exceptis
616 874 961 947 Septuaginta
1007 876 1416 947 luterpretibus,
1463 882 1597 936 alias
1625 899 1838 952 quoque

261 963 534 1018 editiones
568 964 619 1018 in
659 982 819 1019 unum
851 981 1207 1037 congregasse
1247 970 1524 1037 volumen;
1568 992 1587 1025 ›
1622 974 1760 1041 quod
1784 984 1841 1029 et

262 1076 339 1114 ex
389 1062 719 1134 Hieronymo
756 1066 1150 1119 transtulerunt
1188 1067 1517 1138 Frccnlpltns
1551 1068 1843 1125 Lexovicn-

261 1154 350 1206 sic
378 1154 571 1208 Chron.
617 1164 747 1208 tom.
780 1152 842 1220 ll,
878 1155 970 1210 lib.
998 1172 1080 1221 Ill,
1109 1171 1228 1225 cap.
1260 1159 1316 1223 2,
1348 1169 1401 1213 et
1436 1159 1704 1216 Honorius
1734 1163 1842 1217 Au-

265 1243 688 1310 gustotlunensis
717 1244 791 1298 De
823 1246 1003 1313 script.
1028 1247 1315 1304 ecclesiast.
1357 1247 1412 1304 Id
1446 1253 1586 1305 enim
1614 1254 1712 1307 sibi
1749 1269 1842 1308 vo-

266 1334 413 1399 lunt,
448 1347 640 1402 praeter
667 1335 1015 1407 Septuaginta
1043 1337 1390 1408 lnterpretcs,
1420 1343 1655 1413 reliquos
1678 1347 1840 1401 etiam

264 1426 561 1495 Origenem
590 1429 640 1481 iu
682 1445 844 1482 unum
877 1430 1122 1485 volumen
1160 1446 1533 1506 congregasse.

350 1514 432 1572 Vl.
470 1517 544 1570 Ex
573 1518 655 1571 bis
686 1517 843 1573 facile
881 1520 1194 1591 intelligitur
1220 1536 1479 1592 quantum
1511 1526 1648 1582 ratio
1672 1527 1844 1583 Scali-

267 1625 462 1675 gerum
505 1610 717 1681 fugerit,
747 1609 838 1680 qui
884 1613 935 1665 itt
966 1614 1318 1670 delineatione
1349 1616 1706 1684 Hexaplorum
1750 1637 1841 1677 seu

270 1699 639 1771 Octaplorum,
674 1719 835 1773 quam
878 1706 928 1759 in
953 1722 1130 1760 sacras
1170 1723 1293 1762 snas
1323 1708 1742 1767 Exercitationes
1772 1730 1847 1769 re-

273 1794 402 1848 tulit
423 1795 695 1859 Heinsius,
718 1807 1006 1865 utrumque
1030 1798 1353 1855 Hebraicqu
1381 1800 1693 1857 contextum
1726 1817 1845 1875 post

270 1886 759 1955 interpretationes
807 1889 1026 1943 Grtccas
1061 1905 1151 1943 sex
1189 1892 1240 1944 in
1282 1893 1439 1947 linem
1491 1863 1743 1964 conjecit:
1789 1898 1843 1951 Si
1878 1863 1919 1918 Β

272 1979 437 2033 modo
472 1993 661 2033 revera
695 1979 953 2050 Scaligeri
980 1982 1079 2038 fuit
1105 1983 1216 2037 haec
1240 1985 1548 2051 deliueatio,
1579 1989 1718 2056 quod
1751 1990 1847 2041 du-

271 2070 423 2122 bium
462 2070 593 2124 mihi
626 2070 829 2126 faciunt
860 2073 1228 2143 Scaligeriana
1265 2093 1434 2145 nuper
1460 2078 1625 2143 edita,
1651 2080 1701 2132 in
1730 2080 1848 2149 qui-

270 2159 381 2213 ltus
438 2158 781 2230 Octaplorunt
833 2163 1115 2218 columnas
1167 2182 1517 2233 enumerans,
1582 2171 1849 2237 prioribus

266 2254 415 2310 locis
442 2255 742 2311 Hebraicas
765 2258 900 2312 duas
928 2267 1192 2313 recenset.
1221 2260 1325 2313 Nec
1346 2260 1554 2314 felicior
1576 2261 1847 2328 Heinsius,

268 2361 409 2401 cum
446 2347 722 2403 columnas
762 2349 956 2403 ibidem
995 2348 1348 2417 Hexaplorum
1375 2352 1710 2416 describens,
1746 2364 1851 2407 ter-

267 2436 410 2490 tiam
439 2438 684 2491 attribuit
724 2438 1077 2507 Septuaginta
1130 2439 1539 2508 lnterpretibus,
1594 2451 1845 2509 quartam

261 2529 511 2596 Aquilae,
543 2531 784 2598 quintam
822 2528 1204 2595 Theodotioui,
1241 2542 1293 2585 et
1341 2542 1548 2586 sextam
1597 2535 1849 2604 Symma-

271 2621 408 2675 cho.
441 2619 627 2689 Neque
654 2621 717 2676 iis
749 2626 1075 2679 excusandis
1099 2624 1295 2679 suliicit
1320 2624 1521 2682 Niceta:
1548 2629 1850 2682 Acominati

276 2715 583 2768 auctoritas
621 2716 686 2776 ".
730 2716 819 2783 qui
852 2716 901 2768 in
932 2717 1092 2771 simili
1131 2730 1375 2773 versatus
1404 2730 1485 2775 est
1520 2735 1726 2785 errore,
1758 2737 1851 2777 co-

278 2802 480 2855 lumnis
502 2802 776 2857 Hebraicis
806 2803 1074 2870 subjectos
1131 2804 1295 2859 fuisse
1324 2808 1452 2870 τοὺς
1477 2809 1530 2859 0'
1562 2809 1648 2860 bis
1680 2808 1851 2876 Aqui-

278 2893 411 2959 lam,
440 2903 549 2947 tum
570 2893 975 2964 Symmachum,
1001 2897 1126 2951 inde
1150 2896 1599 2964 Theodotionem,
1626 2908 1679 2952 ct
1697 2900 1855 2968 quiu-

282 2993 395 3036 tam
439 2985 651 3037 den.qu
707 2986 1213 3056 interpretationem
1274 3004 1612 3044 asseverans.
1665 2990 1856 3045 Peccat

281 3089 502 3143 quoque
516 3074 784 3130 Baronius
806 3077 851 3108 ⁶⁰
874 3078 1035 3131 aliter
1054 3078 1106 3131 in
1139 3077 1397 3145 Tetraplis
1424 3080 1712 3149 dispositas
1742 3082 1855 3134 edi-

281 3170 460 3221 tiones
491 3166 707 3222 Graecas
734 3183 963 3223 censens
994 3184 1056 3224 ac
1092 3171 1142 3223 in
1179 3169 1455 3238 Hexaplis,
1504 3182 1556 3225 et
1614 3174 1849 3240 priorem
1883 3205 1925 3261 ϐ
1962 3168 2170 3224 herent.
2204 3167 2293 3221 Ait
2316 3168 2475 3234 paulo
2501 3180 2622 3238 post
2647 3167 2950 3221 Salmasius

278 3259 339 3314 in
380 3259 484 3312 illis
512 3258 683 3312 locum
708 3261 822 3321 τοῖς
854 3256 909 3311 0'
941 3260 1246 3328 assignans,
1283 3260 1335 3314 in
1374 3262 1458 3314 his
1488 3262 1727 3316 tertium.
1750 3260 1857 3316 Hos

281 3352 339 3405 in
370 3351 613 3403 fraudem
647 3350 860 3403 videtur
889 3350 1485 3420 illexissel’ltiloponus,
1511 3354 1600 3421 qui
1638 3354 1689 3406 in
1723 3353 1858 3408 libro

276 3443 429 3511 Περὶ
449 3442 846 3510 κοσμοποιίας
873 3442 986 3496 loca
1016 3443 1153 3495 sacri
1190 3453 1475 3497 contextus
1507 3458 1571 3497 ex
1606 3445 1689 3498 his
1726 3459 1860 3512 qua-

283 3547 414 3589 tuor
437 3535 967 3604 interpretationibus
995 3533 1244 3597 aflerens,
1283 3536 1461 3603 priore
1495 3535 1611 3589 loco
1642 3537 1771 3599 τοὺς
1799 3536 1854 3590 0'

284 3628 562 3693 collocat;
596 3628 678 3681 his
708 3628 924 3697 subjicit
955 3628 1223 3695 Aquilam,
1253 3628 1377 3681 huic
1410 3626 1858 3696 Tltcodotionem,

285 3722 368 3777 illi
399 3722 810 3791 Symmachum.
870 3717 978 3772 Nec
1014 3718 1155 3771 enim
1188 3718 1429 3788 Tetrapla
1462 3730 1853 3785 reprassentare

283 3817 624 3885 Philoponus
653 3814 916 3876 instituit;
949 3814 1041 3867 sed
1081 3814 1131 3866 in
1180 3812 1709 3889 interpretationibus
1750 3813 1863 3866 dis-

292 3908 564 3978 ponendis
619 3908 980 3977 interpretum
1032 3916 1246 3959 :etalctn
1280 3905 1551 3973 respexit:
1602 3918 1723 3958 cum
1751 3904 1862 3958 cla-

286 4015 413 4055 rum
450 3999 519 4054 sit
578 3998 906 4067 etcteroquin
959 4013 1023 4050 ex
1090 3996 1384 4066 Epiphanio
1421 3995 1542 4049 libr.
1601 3995 1863 4064 Depond.

288 4109 418 4162 cap.
442 4093 530 4157 l9,
561 4103 890 4161 postremam
926 4090 1233 4144 columnam
1289 4090 1595 4143 obtinuisse
1621 4088 1867 4151 Theodo-

290 4185 496 4238 tionem
516 4194 621 4236 tam
649 4183 699 4237 in
732 4182 987 4249 Tctraplis
1008 4196 1167 4249 quant
1188 4182 1239 4235 in
1271 4179 1550 4249 Hexaplis,
1576 4182 1865 4234 secundam

293 4276 711 4347 Symmachum,
742 4282 906 4343 atque
940 4275 1036 4327 hos
1074 4276 1212 4326 inter
1251 4274 1457 4327 medios
1510 4272 1866 4341 Septuaginta

295 4367 607 4423 incessisse.
640 4366 934 4436 Τετραπλᾶ
965 4364 1073 4436 γάρ
1096 4365 1222 4429 εἰσι,
1250 4362 1529 4433 ἰηιιυίι,τὰ
1564 4361 1869 4432 Ἑλληνικὰ,

294 4462 427 4514 ὅταν
461 4461 517 4512 αἱ
549 4458 643 4511 τοῦ
688 4458 906 4523 Ἀκύλα,
944 4458 1040 4510 καὶ
1068 4457 1392 4528 Συμμάχου,
1428 4457 1524 4510 καὶ
1552 4456 1659 4510 τῶν
1693 4456 1871 4510 Ἑϐδο-

1937 603 2267 658 dexterlihri
2303 604 2492 673 ipsius.
2524 603 2707 671 Itaque
2736 602 2824 655 alii
2846 602 3034 656 dextro
3054 602 3338 657 locositum
3358 618 3501 668 esse,

1939 693 2029 748 alii
2062 694 2282 749 sinistro
2316 695 2665 763 scripserant.
2695 692 2748 747 ld
2771 708 2892 747 cum
2919 692 3135 761 legisset
3176 692 3502 747 Philastrius

1938 784 2266 838 existimavit
2293 783 2542 852 Aquilam
2572 784 2625 839 in
2652 782 2923 853 aliquibus
2943 782 3301 850 Tetraplorum
3324 799 3505 838 exem-

1940 875 2183 944 plaribus
2210 874 2460 929 dextrum
2485 875 2720 929 tenuisse
2741 874 2941 937 locum,
2969 877 3020 928 in
3048 874 3168 928 aliis
3200 876 3505 941 sinistrum;

1940 967 2034 1021 sed
2076 966 2446 1021 hallucinatns
2502 976 2605 1030 est,
2645 981 2767 1019 nam
2819 980 3034 1035 semper
3064 965 3327 1020 columna:
3384 966 3508 1021 huic

1940 1061 2226 1131 deputatus
2270 1068 2387 1123 est,
2428 1074 2547 1128 qua;
2590 1058 2656 1112 ad
2698 1058 2955 1112 lectorum
3016 1057 3198 1110 latrant
3248 1058 3509 1113 collocata

1942 1162 2078 1208 erat.
2118 1151 2250 1207 Utut
2286 1162 2390 1216 est,
2426 1161 2574 1205 certe
2601 1152 2652 1204 in
2682 1151 2861 1204 medio
2891 1164 3166 1218 nunquam
3199 1150 3364 1207 fuisse
3385 1166 3512 1205 con-

1943 1253 2089 1298 stat:
2127 1241 2317 1297 fuisset
2372 1253 2571 1303 antem.
2626 1245 2669 1299 si
2706 1245 2940 1314 priorem
3002 1244 3312 1301 columnam
3347 1258 3510 1297 occu-

1942 1344 2167 1403 passent
2203 1334 2554 1406 Septuaginta
2581 1336 2937 1406 lnterpretcs,
2968 1338 3161 1406 Aquila
3193 1336 3509 1391 secundam.

1945 1426 2224 1481 Refellitur
2257 1428 2419 1481 etiam
2449 1444 2513 1481 ex
2550 1429 2874 1494 supradictis
2898 1429 3197 1484 Salmasius
3218 1470 3232 1492 ,
3264 1430 3354 1498 qui
3398 1428 3512 1482 haec

1944 1520 2131 1573 scribit
2170 1519 2223 1573 in
2255 1518 2657 1574 Commentario
2678 1522 2741 1573 de
2772 1520 3114 1575 llellenistica
3141 1535 3159 1574 :
3191 1540 3209 1573 ί
3249 1521 3353 1576 Sed
3388 1536 3515 1574 nus-

1943 1625 2105 1679 quam
2149 1610 2505 1681 Hieronymus
2534 1614 2735 1683 quinta:
2758 1624 2811 1669 et
2847 1624 3011 1668 sextte
3042 1612 3507 1667 editionismemi-

1948 1704 2055 1768 nit;
2080 1714 2131 1758 et
2156 1719 2277 1757 cum
2308 1703 2546 1770 [Iexapla
2574 1708 2794 1771 vocitat,
2822 1706 3067 1775 intelligit
3087 1704 3328 1771 Tetrapla
3360 1704 3512 1759 Grae-

1951 1798 2161 1860 canica,
2196 1812 2316 1851 cum
2363 1797 2531 1867 Diplis
2560 1798 2833 1853 Hebraicis
2881 1814 3000 1868 qua!
3062 1797 3300 1864 Hexapla
3348 1796 3515 1851 facie-

1952 1891 2103 1944 bant.
2143 1910 2161 1943 t
2198 1890 2263 1943 Et
2295 1907 2415 1945 mox
2452 1890 2626 1944 allatis
2655 1893 2979 1960 quibusdam
3015 1891 3327 1965 Hieronymi
3362 1890 3515 1955 locis,

1950 1982 2003 2034 iit
2047 1982 2244 2049 quibus
2291 1981 2494 2037 (ira:th
2541 1983 2712 2038 solum
2750 1994 2981 2051 quatuor
3020 1983 3287 2036 editiones
3318 1997 3519 2036 memo-

1952 2085 2161 2138 rantur,
2207 2074 2429 2143 subjicit
2464 2094 2477 2128 :
2524 2094 2542 2126 ι
2586 2076 2816 2147 Apparet
2853 2092 2916 2129 ex
2948 2076 3031 2130 his
3073 2074 3358 2144 Origenem
3384 2090 3516 2143 qna-

1954 2175 2077 2219 tuor
2105 2174 2309 2220 tantum
2342 2166 2606 2221 editiones
2639 2167 2780 2221 inter
2811 2182 2870 2221 se
2898 2182 3265 2236 comparasse,
3301 2176 3356 2219 et
3375 2181 3523 2220 com-

1957 2257 2198 2325 posuisse
2237 2257 2288 2309 in
2355 2256 2651 2325 Tetraplis,
2694 2272 2812 2326 quae
2837 2273 2956 2312 cum
3010 2258 3216 2312 duobus
3249 2256 3524 2312 Hebraicis

1957 2347 2196 2402 tcxtibus
2259 2346 2502 2417 Hexnplu
2545 2348 2630 2401 illa
2692 2347 2953 2403 Ecclesiis
2988 2348 3232 2402 dedicata
3270 2357 3523 2402 contexe-

1954 2441 2101 2494 bant.
2141 2462 2162 2496 ι
2192 2439 2351 2496 Certe
2380 2443 2430 2494 in
2464 2439 2775 2509 Hieronymi
2810 2440 2986 2494 verbis
3018 2455 3046 2493 a
3081 2454 3165 2493 me
3184 2455 3345 2508 supra
3383 2438 3518 2490 alla-

1956 2533 2022 2585 tis
2051 2548 2081 2585 e
2106 2531 2521 2586 Commentariis
2550 2533 2602 2582 in
2646 2529 2936 2596 Epistolam
2986 2530 3053 2581 ad
3085 2528 3285 2592 Titum,
3313 2528 3518 2583 mentio

1955 2618 2013 2671 fit
2045 2620 2244 2686 quinta:
2273 2628 2325 2672 et
2358 2628 2524 2671 sexta}
2553 2617 2807 2671 editionis
2833 2659 2847 2681 ,
2893 2628 2946 2671 et
2984 2617 3285 2685 sepissime
3313 2617 3365 2670 itt
3395 2617 3526 2686 Epic

1956 2710 2089 2765 stola
2120 2712 2185 2763 ad
2214 2710 2438 2763 Suniant
2467 2720 2521 2763 et
2554 2709 2866 2776 Fretellam,
2901 2710 3127 2779 aliisque
3160 2709 3309 2763 locis.
3356 2707 3528 2762 Hexa-

1955 2800 2043 2870 pla
2073 2812 2250 2854 autem
2308 2802 2451 2854 dicta
2503 2810 2628 2855 sunt
2657 2817 2742 2863 ea,
2774 2816 2879 2855 non
2909 2816 3027 2870 qua:
3057 2800 3302 2867 Tetrapla
3354 2800 3526 2854 solum

1956 2892 2285 2955 Graecanica,
2336 2906 2455 2946 cum
2487 2892 2653 2961 Diplis
2682 2885 2977 2957 Hebraicis,
3009 2894 3100 2947 sed
3129 2907 3246 2958 quae
3285 2892 3529 2961 quintam

1957 2993 2242 3052 praeterea,
2278 2992 2333 3037 et
2360 2994 2596 3048 sextam,
2637 2999 2699 3038 ac
2749 2986 3036 3053 septimam
3069 2984 3383 3048 editionem,
3422 2998 3531 3036 non

1959 3078 2176 3146 ubique,
2204 3077 2295 3132 sed
2325 3079 2376 3130 in
2401 3077 2676 3146 aliquibus
2708 3077 2880 3131 solum
2910 3076 3063 3129 libris
3095 3074 3402 3142 adjunctam
3427 3074 3532 3127 ba-

2990 3185 3004 3219 :
3046 3186 3064 3219 ι
3098 3164 3202 3221 Sed
3229 3177 3282 3221 et
3318 3176 3535 3222 veteres

1974 3261 2163 3315 Patres
2185 3275 2249 3313 ex
2278 3261 2475 3329 quibus
2504 3262 2816 3329 compositae
2850 3269 3053 3313 calente
3075 3298 3090 3322 ,
3128 3269 3185 3311 ut
3222 3267 3441 3323 vocant,
3476 3258 3535 3313 in

1961 3356 2204 3408 diversos
2258 3353 2466 3405 Veteris
2493 3352 2825 3406 Testamenti
2862 3351 3028 3405 libros
3076 3352 3363 3420 leguntur,
3396 3366 3535 3404 nun-

1971 3462 2133 3514 quam
2174 3447 2341 3500 citant
2373 3446 2667 3499 varietates
2726 3444 3143 3498 translationum
3189 3455 3219 3495 e
3267 3444 3452 3509 quinta
3482 3451 3537 3496 et

1963 3548 2115 3591 sexta
2161 3539 2421 3601 editione,
2457 3537 2551 3591 sed
2584 3552 2649 3591 ex
2700 3545 2934 3605 quatuor
2990 3534 3098 3587 illis
3136 3542 3342 3586 tantum
3400 3547 3537 3600 quas

1963 3632 2188 3686 invicem
2225 3642 2602 3699 composuerat
2652 3630 2931 3699 Origenes,
2957 3643 3021 3681 cx
3058 3628 3253 3696 quibus
3294 3626 3536 3693 Tetrapla

1964 3725 2188 3788 fecerat,
2220 3736 2270 3778 et
2296 3739 2415 3777 cum
2458 3724 2672 3793 gemino
2711 3722 2975 3775 Hebraico
3018 3717 3304 3784 Ἐξαπλᾶ.
3344 3737 3362 3771 t
3398 3720 3539 3773 Con-

1964 3819 2081 3872 sule
2110 3818 2274 3873 Notas
2304 3816 2553 3871 Flaminii
2609 3814 2829 3879 Nobilii,
2858 3829 3018 3883 quam
3056 3828 3196 3882 saepe
3232 3813 3431 3881 quinta:
3486 3818 3539 3864 et

1964 3921 2128 3965 sexta:
2162 3911 2413 3965 editionis
2448 3909 2722 3961 variantes
2751 3907 3007 3961 lectiones
3028 3907 3194 3959 citent
3220 3902 3409 3956 Patres
3438 3917 3545 3955 an-

1970 4003 2130 4071 tiqui,
2161 4003 2556 4071 deprehendes.
2611 3999 2829 4054 Falsum
2860 4012 3071 4067 quoque
3102 4010 3221 4050 esse
3274 4004 3543 4063 apparet,

1969 4097 2111 4163 quod
2140 4094 2354 4161 jactant
2402 4096 2729 4148 recentiores
2777 4093 3030 4161 quidam,
3064 4092 3350 4157 Origenent
3398 4086 3543 4140 nulla

1969 4202 2201 4255 unquam
2233 4186 2455 4253 Octapla
2486 4186 2877 4253 composuisse,
2924 4186 3015 4237 sed
3063 4182 3301 4248 Hexapla
3355 4181 3544 4233 dunta-

1970 4286 2062 4331 Xat
2090 4286 2143 4331 ct
2171 4275 2441 4345 Tetrupla.
2480 4276 2701 4346 Octapla
2748 4286 2894 4329 certe
2951 4275 3135 4328 itidem
3187 4282 3243 4325 ut
3297 4270 3537 4338 "exupla

1972 4371 2275 4437 composuit
2307 4369 2591 4439 Origenes,
2631 4368 2887 4437 quoniam
2917 4367 3057 4419 idem
3085 4380 3218 4433 opus
3247 4362 3543 4429 "emplum

1974 4469 2030 4513 et
2093 4459 2369 4528 Octaplum
2420 4460 2588 4514 fuisse
2640 4458 3153 4515 demonstravimus.
3224 4454 3545 4509 Confutatur

300 4554 546 4623 μήκοντα.
572 4551 683 4616 δύο,
706 4551 799 4604 καὶ
820 4549 1171 4613 Θεοδοτίωνος
1195 4551 1477 4621 ἑρμηνεῖαι
1512 4548 1872 4619 συντεταγμέ-

1977 4551 2141 4606 etiam
2170 4567 2234 4605 ex
2286 4553 2722 4619 praecedentibus
2784 4549 2987 4605 Usserii
3044 4547 3373 4601 Armachani
3405 4559 3553 4598 nova.

298 4662 389 4699 ναι
415 4637 547 4697 ὦσιι
570 4664 587 4695 ι
626 4646 759 4699 Tuon
792 4646 933 4697 enim
958 4645 1228 4697 exsistunt
1260 4640 1571 4697 Grmcanica
1598 4641 1871 4710 Tetrapla,

301 4740 521 4808 quando
571 4737 1055 4805 interpretationes
1094 4736 1302 4803 Aquilae
1331 4776 1347 4799 ,
1392 4734 1726 4805 Syunnacbi,
1772 4733 1872 4788 Se—

303 4830 584 4901 ptuaginta
618 4828 816 4883 Senum
849 4838 903 4881 et
956 4829 1344 4883 'l‘lteodotionis
1379 4828 1430 4880 in
1464 4842 1625 4879 unum
1673 4826 1873 4879 fuerint

304 4928 637 4993 compositae.
684 4945 702 4976 ι
740 4922 873 4975 Tum
913 4922 1093 4986 addit,
1130 4925 1175 4980 si
1206 4922 1367 4992 Dipla
1402 4920 1662 4975 Hebraica
1707 4918 1878 4988 praeli-

306 5031 527 5090 gantur,
558 5018 779 5075 conflari
808 5018 1070 5089 flexapla.
1099 5020 1201 5073 Pro
1221 5016 1669 5087 Origeniauoruut
1694 5012 1875 5066 Tetra-

306 5112 512 5179 plorum
550 5112 847 5181 specimine
902 5112 1088 5179 haberi
1118 5126 1221 5164 non
1256 5124 1413 5178 posse
1430 5107 1557 5193 loca
1586 5106 1673 5160 illa
1703 5122 1731 5159 a
1760 5105 1879 5160 Phi-

309 5205 506 5275 lopono
538 5222 568 5260 e
598 5217 828 5275 quatuor
851 5205 1055 5261 Grmcis
1088 5204 1620 5276 interpretationibus
1634 5203 1877 5257 detracta

311 5297 529 5366 probari
568 5313 785 5367 quoque
810 5308 986 5367 potest
1018 5312 1083 5351 ex
1125 5297 1438 5362 Philastrio,
1473 5298 1563 5365 qui
1594 5296 1723 5349 hmr.
1754 5295 1877 5359 157,

303 5391 505 5447 .asserit
541 5391 748 5460 Aquila:
772 5392 1157 5446 conversiones
1183 5390 1234 5443 in
1270 5390 1448 5444 medio
1472 5390 1731 5443 librorum
1756 5405 1883 5442 mut-

311 5499 475 5554 quam
511 5483 679 5539 fuisse
707 5486 936 5554 positas,
970 5486 1061 5538 sed
1087 5483 1292 5539 dextrae
1321 5484 1572 5552 laevaeque
1618 5482 1880 5551 assignari

312 5578 502 5633 solitas
520 5576 916 5645 fuisse.Aquil:e
937 5576 1312 5646 interpretatio
1335 5576 1387 5630 in
1414 5573 1672 5643 Tetraplis
1696 5575 1875 5643 priore

317 5669 437 5725 loco
498 5672 830 5740 ponebatur;
865 5672 953 5741 qui
987 5671 1133 5725 locus
1163 5670 1374 5725 diverso
1409 5678 1654 5737 respectu
1680 5667 1762 5723 rel
1791 5669 1882 5722 de-

388 5792 433 5910 “;
489 5788 659 5845 Nicct.
724 5788 874 5843 Thes.
908 5788 1044 5844 orm.
1082 5788 1207 5859 ﬁdei
1253 5788 1343 5843 lib.
1389 5802 1460 5854 tv,
1520 5786 1710 5841 htercs.
1751 5784 1841 5840 5|.

388 5877 507 5910 res-

320 5877 507 5915 686188,

1919 5787 1963 5819 τ’
1992 5784 2188 5841 Baron.
2243 5802 2328 5841 an.
2383 5784 2481 5840 25!
2514 5825 2528 5852 ,
2568 5799 2685 5854 cap.
2724 5782 2775 5838 9.

1976 4644 2181 4713 opinio,
2222 4659 2328 4696 non
2358 4660 2545 4711 puram
2581 4644 2755 4699 solum
2796 4655 2849 4698 et
2892 4644 3234 4698 emendatam
3276 4639 3545 4705 interpre-

1979 4737 2239 4790 tationem
2300 4735 2412 4787 τῶν
2442 4739 2520 4803 U',
2580 4738 2672 4790 sed
2706 4736 2891 4804 κοινὴν
2924 4749 3136 4803 quoque
3189 4732 3239 4784 in
3293 4728 3545 4798 Hexaplt's

1978 4831 2217 4885 habitant
2283 4829 2452 4884 fuisse
2503 4832 2798 4885 asserentis
2837 4870 2852 4893 ,
2915 4830 3055 4898 quod
3114 4825 3438 4879 Bellarmino
3464 4821 3544 4888 s“

1978 4939 2192 4994 quoque
2252 4925 2463 4979 videtur
2535 4925 2701 4978 fuisse
2772 4937 3109 4991 persuasum.
3183 4914 3547 4984 Depteltendi-

1987 5025 2073 5070 tur
2125 5032 2341 5087 quoque
2388 5016 2665 5086 multiplex
2719 5012 3251 5084 lllagdeburgeusium
3319 5006 3547 5062 halluci-

1984 5110 2128 5163 natio
2166 5110 2217 5162 in
2256 5109 2338 5164 Itis
2375 5110 2608 5179 ipsorum
2673 5110 2847 5162 verbis
2897 5125 2910 5161 :
2957 5125 2973 5157 ι
3016 5104 3252 5157 Primum
3315 5098 3552 5154 versioni

1989 5202 2370 5273 Septuaginta,
2400 5219 2518 5271 qua:
2552 5214 2663 5255 tum
2704 5202 2868 5255 fuisse
2894 5197 3104 5251 videtur
3134 5192 3497 5262 vulgatissima
3531 5228 3553 5255 ,

1986 5294 2237 5363 adiunxit
2269 5295 2474 5364 Aquilae
2499 5294 2728 5359 Pontici,
2779 5291 3164 5349 Theodotionis
3193 5297 3249 5341 et
3301 5286 3553 5355 Symma-

1990 5388 2077 5442 chi
2113 5388 2379 5442 editiones
2411 5398 2653 5456 reperlas
2678 5402 2704 5439 a
2732 5401 2809 5450 se,
2855 5385 3023 5439 multo
3053 5394 3296 5451 tempore
3323 5380 3563 5432 abscon-

1997 5480 2185 5543 ditas:
2223 5481 2381 5535 aliam
2416 5481 2631 5551 quidem
2676 5478 2917 5547 Nicopoli
2968 5479 3018 5530 itt
3062 5475 3280 5529 Actiaco
3322 5471 3550 5533 littore;

1996 5572 2158 5626 aliam
2208 5572 2330 5627 aliis
2363 5575 2416 5627 in
2460 5574 2611 5639 locis,
2668 5573 2807 5626 sicut
2858 5572 2972 5638 ipse
3011 5568 3240 5624 scribit:
3298 5560 3560 5617 indicavit

1990 5663 2261 5721 Eusebius
2292 5666 2434 5721 libro
2461 5681 2535 5730 vr,
2567 5682 2684 5734 cap.
2714 5664 2797 5718 l7.
2840 5662 2931 5717 llis
2976 5669 3159 5731 postea
3190 5651 3559 5726 superatldidis

2878 5779 3198 5833 ⁶¹Βς11ίιιἰιι.
3263 5773 3333 5827 De
3373 5769 3571 5838 κῆρι..
