4068 6312
675 334 813 389 1285

1936 337 1996 395 P.
2034 338 2352 395 DANIELIS
2390 338 2620 395 llUETli
3724 358 3797 411 2“

671 453 940 522 quintam,
994 462 1199 507 sextam
1230 460 1281 507 et
1312 452 1622 521 septimam,
1656 468 1793 523 quas
1835 454 2088 511 dixerunt
2118 457 2233 511 edi-
2264 459 2310 516 A
2338 455 2511 526 Epist.
2544 457 2611 510 ad
2654 456 2788 511 Sun.
2826 466 2880 512 et
2904 457 3152 522 Fretell.,
3180 477 3200 510 ι
3233 468 3287 513 et
3328 460 3379 513 in
3405 460 3671 518 Gnccorum
3694 467 3802 526 Lati.

672 544 892 611 tiones:
924 560 1152 613 quarum
1183 559 1343 598 unam
1388 546 1662 599 inventam
1711 562 1830 601 esse
1870 549 2127 603 indicavit
2180 550 2232 603 i-n

668 633 908 698 Jericho.
940 637 991 689 in
1045 635 1210 701 dolio,
1250 646 1491 705 tempore
1551 637 1807 695 Antonini
1853 641 2166 696 Caracallaa.
2208 661 2227 693 ι

668 726 800 781 Nam
840 736 895 779 ιιι
924 726 989 780 de
1019 726 1328 797 Symmachi
1354 728 1807 797 interpretatione
1835 731 2046 796 sileam,
2072 734 2235 800 Aqui-

665 818 729 869 lae
754 826 807 871 et
829 817 1211 871 Theodotionis
1245 819 1509 873 editiones
1554 820 1621 875 ab
1664 820 1897 892 Origene
1949 823 2116 879 fuisse
2150 840 2233 879 re-

662 915 844 974 pertas
872 906 1089 974 probari
1115 906 1336 962 minime
1360 917 1541 975 potest
1568 922 1585 973 ;
1616 924 1713 963 nec
1740 911 1904 964 ullam
1936 926 2001 965 ex
2040 911 2106 965 iis
2135 911 2234 965 tri-

664 997 762 1050 bus
786 996 1027 1066 Nicopoli
1084 1000 1358 1053 inventam
1392 1000 1559 1056 fuisse
1597 1017 1782 1056 verum
1815 1014 1919 1068 est,
1958 1005 2051 1058 sed
2108 1019 2233 1059 sex-

668 1098 798 1142 tam.
826 1089 1061 1146 Omnino
1093 1108 1223 1147 vero
1248 1094 1557 1163 turpissime
1584 1097 1786 1149 erravit
1815 1096 2001 1151 Sixtus
2026 1097 2231 1151 Senen-

670 1180 855 1235 sislib.
884 1197 935 1235 Iv
966 1194 1017 1238 et
1041 1199 1132 1238 vni
1151 1184 1423 1254 Biblioth.,
1450 1187 1540 1255 qui
1563 1186 1805 1253 Tetrapla
1824 1202 1945 1241 cum
1974 1186 2227 1256 Hexaplis

664 1272 944 1329 confundit
977 1284 1031 1329 et
1082 1277 1419 1346 permiscuit,
1451 1278 1692 1349 Ηεπαρια
1724 1294 1853 1333 vero
1894 1278 1961 1333 ab
1990 1277 2227 1343 Octaplis

662 1365 941 1430 discrevit,
965 1368 1209 1438 idemque
1229 1379 1284 1424 ut
1302 1370 1505 1425 faceret
1532 1372 1647 1423 viro
1666 1370 1876 1424 cuidam
1894 1384 2087 1433 magno
2106 1386 2225 1439 pcr-

663 1459 879 1527 suasit;
914 1461 1113 1530 quique
1158 1463 1446 1532 septimam
1492 1462 1783 1517 editionem
1827 1477 1924 1516 nec
1958 1463 2008 1515 in
2044 1461 2223 1516 Hexa-

657 1551 781 1622 plis,
811 1568 909 1607 nec
946 1554 996 1608 in
1052 1553 1289 1621 Octaplis
1351 1570 1584 1624 unquam
1639 1552 1809 1609 fuisse
1847 1554 2175 1610 asseveravit
2207 1573 2221 1621 ;

660 1646 996 1699 contrarium
1031 1647 1256 1702 disertis
1284 1648 1467 1703 verbis
1491 1647 1802 1703 affirmante
1842 1647 2074 1703 Eusebio
2128 1648 2219 1703 lib.

655 1751 708 1791 vl
737 1737 900 1804 Hist.,
937 1754 1057 1807 cap.
1090 1738 1175 1792 16.
1837 1736 1841 1739 “

728 1828 835 1883 Vll.
903 1830 1064 1884 Aliud
1125 1842 1382 1900 praeterea
1461 1832 1748 1901 diligentia:
1798 1830 2044 1901 Origenis
2106 1846 2222 1885 mo-

653 1935 970 1976 numentum
1037 1921 1278 1991 llexapla
1347 1922 1726 1991 pr:eferebant.
1778 1923 2072 1978 Notaverat
2131 1923 2220 1977 ille

655 2014 829 2069 Senes
864 2013 1214 2085 Septuaginta
1251 2030 1409 2071 voces
1457 2015 1702 2084 aliquas,
1731 2033 1849 2086 qua:
1879 2017 1932 2070 in
1993 2016 2220 2072 Hebraeo

651 2105 1005 2170 haberentur,
1033 2108 1435 2177 interpretando
1466 2109 1788 2178 neglexisse,
1817 2109 2097 2179 nonnullas
2123 2124 2218 2162 au-

651 2208 758 2253 tem
798 2200 863 2253 de
896 2215 992 2254 suo
1022 2200 1336 2265 inseruisse,
1392 2203 1648 2271 variaque
1693 2202 1932 2271 ipsorum
1978 2201 2215 2255 circurn-

647 2291 788 2345 ferri
828 2291 1154 2361 exemplaria
1185 2292 1323 2347 inter
1352 2308 1411 2348 se
1434 2294 1674 2358 diversa,
1724 2302 1778 2347 et
1829 2293 1944 2347 sive
1965 2309 2030 2347 ex
2066 2293 2215 2361 supi-

648 2384 817 2438 nitate
874 2384 1254 2449 librariorum,
1314 2387 1428 2442 sive
1458 2402 1523 2441 ex
1560 2386 1871 2442 criticorum
1911 2387 2215 2442 temeritate
2253 2386 2264 2398 '

648 2477 883 2532 vitiata:
942 2479 1066 2533 hinc
1115 2479 1403 2534 calumnia;
1462 2496 1647 2534 ansam
1700 2482 1943 2549 arripere
1970 2479 2211 2544 Judazos,

644 2565 906 2635 ejusmodi
933 2568 1431 2636 interpretationem
1462 2568 1512 2622 in
1548 2568 1983 2623 Christianorum
2033 2568 2211 2624 eccle-

645 2658 743 2713 siis
770 2656 983 2725 pra'legi
1016 2658 1191 2713 solere
1216 2668 1524 2723 causantes,
1549 2674 1670 2727 qua:
1693 2658 1971 2714 Hebraica:
1999 2660 2211 2714 veritati

651 2753 704 2805 in
735 2751 984 2805 omnibus
1007 2766 1113 2804 non
1142 2752 1498 2806 consentiret.
1524 2751 1894 2807 Consulantur
1925 2754 2096 2822 ipsius
2131 2765 2210 2809 to-

642 2857 761 2897 mus
785 2842 839 2895 in
873 2842 1184 2896 Matthamm
1215 2843 1459 2897 decimus
1492 2844 1735 2911 quintus,
1770 2853 1823 2898 et
1867 2844 2106 2913 Epistola
2140 2847 2210 2901 ad

642 2935 972 3003 Africanum,
1007 2935 1095 2988 ubi
1125 2935 1189 2987 de
1210 2934 1595 3005 exemplarium
1611 2934 1720 2989 τῶν
1757 2934 1810 2989 0'
1839 2938 2204 3006 corruptione,

640 3036 696 3079 et
723 3024 1030 3079 Judaeoruin
1068 3025 1355 3081 calumniis
1380 3027 1616 3082 disserit.
1644 3026 1739 3084 liis
1770 3031 2126 3085 incommodis
2150 3040 2209 3085 ut

638 3127 991 3184 occurreret,
1049 3120 1555 3189 interpretationem
1603 3120 1954 3194 Septuaginta
2004 3122 2204 3179 Senum

2341 561 2642 615 uarumque
2674 548 3014 615 poematibus
3060 548 3424 612 inveniuntur,
3464 569 3481 601 ι
3518 551 3641 605 unde
3678 565 3718 607 et
3758 562 3803 613 ab

2335 634 2564 706 Origene
2598 636 2860 690 translata
2896 647 3042 694 sunt.
3074 637 3203 702 Quae
3252 637 3320 691 de
3374 637 3610 695 lemnisco
3648 645 3806 713 subiicit

2332 727 2663 799 Epiphanius
2689 730 2781 784 lib.
2816 729 2890 783 De
2922 731 3140 798 ponder.
3166 743 3213 783 et
3246 747 3405 784 mens.
3427 772 3441 797 ,
3467 746 3575 798 cap.
3602 733 3673 799 l'l,
3701 738 3806 793 valde

2339 832 2595 891 corrupta
2631 833 2685 877 et
2714 822 2934 877 confusa
2959 831 3084 875 sunt
3112 839 3125 887 ;
3154 822 3293 875 unde
3323 822 3407 874 vix
3431 823 3555 876 certi
3586 825 3805 895 quidquam

2332 914 2507 983 possis
2524 914 2840 968 extundere.
2862 912 2917 967 ld
2952 912 3054 967 sibi
3087 921 3261 966 tamen
3285 914 3491 967 videtur
3508 914 3644 979 velle,
3668 916 3805 971 lemni-

2330 1018 2453 1058 scos
2492 1006 2809 1073 ascripsisse
2852 1004 3155 1073 Origenem,
3181 1005 3589 1072 quotiescunque
3613 1006 3699 1059 duo
3728 1009 3805 1077 plu-

2331 1112 2459 1151 rave
2499 1097 2645 1163 paria
2690 1098 3037 1165 interpretum
3086 1097 3205 1165 (hos
3263 1098 3405 1150 enim
3457 1097 3505 1149 in
3536 1098 3718 1168 triginta
3740 1117 3802 1155 se;

2328 1188 2480 1255 paria
2511 1187 2676 1241 fuisse
2721 1187 3007 1249 discretos,
3040 1196 3093 1240 et
3123 1187 3174 1240 in
3203 1186 3449 1239 omnibus
3495 1185 3595 1239 fere
3635 1204 3804 1244 consen-

2328 1276 2466 1330 sisse
2505 1284 2766 1336 autumat.
2799 1292 2920 1328 cum
2956 1275 3290 1346 Scripturam
3321 1291 3522 1331 sacram
3567 1276 3613 1329 in
3636 1277 3809 1348 (Egpr

2330 1368 2845 1439 interpretarentur)
2877 1384 3062 1423 vocem
3117 1368 3355 1437 aliquam
3409 1381 3731 1437 usurpassent,
3763 1374 3809 1425 ab

2331 1475 2392 1513 ea
2421 1460 2694 1513 diversam
2723 1460 2983 1529 (ejusdem
3010 1459 3134 1513 licet
3163 1458 3589 1529 significationis)
3635 1476 3714 1527 qua
3753 1465 3809 1516 usi

2331 1549 2562 1604 fuissent
2594 1549 2787 1619 reliqui
2858 1550 3184 1617 interpretes
3222 1549 3384 1620 (quod
3431 1550 3594 1618 ipsum
3634 1552 3715 1605 fere
3741 1554 3808 1607 lia-

2326 1642 2455 1699 bent
2479 1642 2777 1713 Hesychius
2800 1642 2850 1697 in
2875 1643 3135 1709 psalmum
3171 1658 3275 1706 xu,
3305 1643 3361 1706 4,
3389 1653 3441 1696 et
3482 1642 3679 1697 Isidorus
3708 1644 3801 1699 Οτίι

2323 1735 2431 1805 gin.
2466 1734 2558 1787 lib.
2591 1749 2627 1796 ι,
2659 1747 2777 1802 cap.
2807 1733 2933 1802 20);
2959 1732 3393 1803 hypolemniscos
3419 1748 3539 1787 vero
3564 1735 3804 1801 adnotasse,

2322 1828 2364 1880 si
2395 1825 2610 1895 quando
2640 1840 2825 1878 vocem
2855 1825 3158 1894 hujusmodi
3192 1840 3294 1891 par
3339 1827 3548 1879 unicum
3597 1828 3809 1883 adhibuis-

2323 1928 2423 1973 set.
2455 1918 2661 1984 Quibus
2714 1918 3060 1988 signilicatur
3108 1917 3399 1987 Origenem
3434 1917 3499 1972 56
3534 1920 3807 1988 interpretum

2321 2006 2655 2076 exemplaria
2696 2007 2855 2061 simul
2886 2007 3203 2061 contulisse.
3252 2006 3335 2061 Ab
3367 2006 3643 2077 Epiphanio
3664 2012 3810 2065 dissen-

2323 2100 2384 2154 tit
2410 2100 2651 2153 Andreas
2680 2098 2878 2153 Masius
2909 2098 3124 2153 Praefat.
3158 2100 3209 2153 in
3242 2099 3422 2154 Grzec.
3454 2101 3572 2154 edit.
3597 2100 3745 2163 Josue,
3775 2112 3811 2157 et

2320 2191 2503 2245 adnot.
2555 2192 2689 2254 suis,
2727 2201 2781 2244 et
2816 2192 2965 2260 paria
2994 2191 3079 2244 illa
3120 2192 3499 2260 interpretum,
3529 2193 3655 2247 velut
3688 2194 3811 2249 aniles

2318 2284 2528 2338 fabulas
2558 2285 2783 2353 respuit,
2810 2296 3043 2353 tumque
3062 2286 3343 2354 appositos
3386 2296 3532 2355 putat
3560 2288 3806 2343 lemniscum

2316 2387 2369 2430 et
2394 2376 2881 2447 hypolemniscnm,
2906 2391 3027 2429 cum
3048 2378 3225 2432 varias
3255 2377 3464 2448 aliquas
3491 2379 3711 2434 lectiones
3729 2382 3809 2449 plu-

2316 2483 2404 2522 res
2434 2468 2783 2538 paucioresve
2806 2471 3019 2525 codices
3050 2481 3384 2527 assererent.
3420 2474 3584 2526 Alium
3612 2484 3804 2527 notarum

2316 2560 2529 2615 illarum
2568 2576 2723 2615 usum
2754 2562 2962 2631 profert
2982 2561 3216 2617 Joannes
3248 2562 3526 2618 Curterius
3554 2564 3734 2618 Praefat.
3762 2569 3807 2619 ad

2316 2652 2546 2723 Procop.
2579 2652 2881 2709 Comment.
2908 2655 2961 2707 in
2993 2653 3220 2720 Isaiam,
3254 2670 3357 2710 nec
3396 2656 3537 2709 aliud
3564 2656 3806 2726 signiﬁcare

2316 2747 2639 2803 lemniscum
2674 2760 2826 2819 putat
2860 2766 3021 2820 quam
3064 2753 3243 2807 verbis
3279 2754 3581 2809 consentire
3604 2755 3808 2820 interpre-

2315 2851 2395 2897 tes
2429 2842 2658 2912 aliquos,
2679 2843 2985 2911 discrepare
3018 2860 3181 2899 sensu
3203 2864 3215 2907 ;
3240 2845 3675 2916 hypolemniscum
3697 2859 3808 2907 vero,

2310 2947 2471 3003 quam
2500 2948 2658 2987 sensu
2695 2948 2788 2989 eos
2819 2944 2875 2989 et
2918 2936 3097 2990 verbis
3128 2936 3434 2991 dissonare.
3474 2937 3577 3007 (98)
3602 2936 3689 2991 Sed
3714 2935 3809 2990 mihi

2312 3025 2653 3080 verisimilior
2678 3026 2888 3082 videtur
2938 3026 3089 3083 Masii
3140 3031 3432 3084 sententia.
3485 3031 3807 3085 Asteriscurum

2311 3118 2559 3183 illorum,
2585 3119 2886 3185 obelorum,
2917 3120 3302 3175 lemniscorum
3349 3130 3402 3176 et
3449 3121 3809 3192 hypolemnisco-

638 3206 949 3261 emendavit
982 3225 1047 3263 ex
1075 3210 1401 3278 optimorum
1437 3211 1825 3281 exemplarium
1856 3212 1962 3267 fide
1987 3257 2001 3281 ,
2043 3222 2207 3283 atque
2237 3196 2278 3253 ο
2318 3228 2433 3265 rum
2467 3211 2671 3267 formas
2701 3222 2851 3267 notat
2882 3212 3237 3282 Epiphanius,
3273 3224 3328 3268 et
3373 3214 3632 3267 nominum
3653 3210 3808 3282 signiﬁ-

637 3296 753 3365 ejus
779 3299 1074 3368 praesertim
1108 3301 1249 3369 quod
1298 3301 1350 3354 in
1383 3300 1622 3370 Serapeo
1645 3304 2003 3368 servabatur,
2034 3305 2204 3374 quod-

637 3405 741 3459 que
765 3391 934 3458 ipsnm
974 3390 1083 3443 τῶν
1118 3389 1171 3443 0’
1206 3392 1550 3463 αὐτόγραφον
1593 3392 1759 3447 fuisse
1794 3392 2066 3449 affirmant
2106 3412 2203 3450 ve-

638 3494 783 3539 teres
819 3486 1086 3540 nonnulli.
1119 3487 1425 3541 Asteriscos
1456 3498 1744 3556 praeterea,
1779 3490 1865 3543 ubi
1895 3490 2023 3557 quid
2048 3491 2199 3545 dees-

635 3588 737 3641 set,
764 3594 886 3632 cum
920 3578 1298 3648 prmtermissis
1350 3580 1571 3633 vocibus
1599 3579 1865 3645 inseruit;
1900 3595 2020 3650 quae
2075 3596 2204 3635 vero

635 3669 711 3725 illi
740 3682 935 3740 praeter
964 3670 1352 3726 llebraicorum
1383 3669 1541 3725 fidem
1582 3671 1910 3740 adiecissent
1937 3713 1952 3736 ,
1986 3671 2204 3741 praefixo

634 3764 792 3820 obelo
813 3765 1081 3835 signavit;
1120 3782 1138 3817 ι
1184 3764 1313 3831 Quae
1352 3766 1526 3836 signa,
1563 3783 1581 3817 ι
1616 3766 1795 3835 inquit
1844 3764 2205 3837 Hieronymus

706 3921 816 3994 (98)
853 3922 958 3977 Sed
988 3921 1483 3994 mihiiuerisimilior
1507 3923 1715 3994 videtur
1740 3920 1901 3976 Masii
1925 3923 2201 3978 sententia.

636 3993 752 4047 Non
786 3995 855 4046 ita
888 3993 1095 4045 videtur
1122 3993 1181 4045 Ι).
1220 3993 1495 4046 Bernardo
1527 3993 1594 4046 de
1629 3994 1990 4056 Montf‘ancon,
2031 3994 2120 4061 qui
2151 3994 2201 4046 in

634 4062 1093 4117 Praeliminaribus
1121 4064 1173 4116 in
1202 4062 1442 4130 Hexapla
1464 4062 1711 4130 Origenis
1743 4080 1861 4130 cap.
1884 4063 1939 4128 4,
1971 4079 2116 4116 num.
2146 4064 2199 4125 4,

634 4133 715 4187 sic
745 4148 895 4185 suam
928 4133 1249 4185 sententiam
1291 4132 1465 4201 aperit
1492 4150 1505 4185 :
1546 4151 1564 4182 ι
1623 4132 1909 4198 Existimo,
1939 4134 2199 4200 quemad-

634 4201 848 4257 modum
884 4202 1174 4257 asteriscus
1218 4202 1283 4255 ad
1323 4203 1544 4263 ornissa.
1601 4218 1720 4269 qua:
1769 4205 2147 4259 inserebantur
2178 4242 2192 4267 ,

635 4275 957 4335 adnotanda,
985 4284 1038 4326 et
1067 4273 1250 4326 obelns
1279 4274 1344 4325 ad
1379 4288 1460 4330 ea.
1505 4288 1627 4341 qua:
1686 4275 2081 4337 redundabant,
2105 4275 2192 4337 ju-

633 4345 883 4413 gulanda,
911 4352 966 4397 ut
1006 4344 1080 4397 ait
1114 4343 1491 4413 Hieronymus,
1523 4342 1749 4413 appositi
1796 4354 1959 4413 sunt;
1988 4344 2060 4413 ita
2089 4343 2193 4397 Le-

634 4411 895 4468 inniscum
942 4414 1237 4467 adhibitum
1286 4411 1473 4475 fuisse,
1506 4411 1605 4467 ubi
1642 4412 1990 4482 Septuaginta
2025 4412 2197 4467 Inter-

632 4494 811 4554 pretes
834 4485 1111 4538 lectionem
1151 4483 1367 4552 quidem
1398 4482 1716 4537 llehraicam
1769 4484 2147 4551 exprimebant
2176 4524 2191 4549 ,

2312 3306 2588 3372 cationes;
2624 3304 2733 3375 (99)
2761 3304 3095 3375 multumque
3131 3305 3370 3371 fallitur,
3398 3322 3513 3363 cum
3541 3304 3808 3366 vocabulum,

2314 3399 2609 3470 λημνίσκος
2633 3399 2838 3452 derivat
2869 3413 2898 3452 a
2932 3397 3118 3453 δικτύου
3154 3398 3468 3469 λιμνάζειν·
3493 3413 3605 3452 nam
3631 3397 3806 3467 Syracu-

2312 3492 2449 3545 slam
2473 3506 2594 3546 esse
2626 3505 2812 3546 vocem
2839 3498 3071 3545 constat.
3101 3490 3331 3560 Reliqua
3384 3492 3499 3545 fuse
3537 3490 3809 3560 persequitur

2314 3584 2651 3653 Epiphanius
2681 3583 2733 3637 in
2759 3583 2945 3637 eodem
2971 3581 3109 3637 libro
3138 3600 3152 3636 :
3186 3599 3289 3638 nec
3313 3585 3469 3638 docet
3495 3594 3654 3638 tamen
3675 3591 3807 3634 utrum

2312 3691 2431 3745 qua:
2465 3674 2717 3745 Hexaplis
2754 3677 2958 3730 intexta
2989 3684 3069 3731 est
3091 3676 3468 3745 interpretatio
3512 3676 3609 3729 τῶν
3644 3672 3808 3740 O’ejus—

2312 3768 2456 3824 modi
2483 3769 2629 3824 notis
2654 3768 2819 3823 fuerit
2844 3768 3117 3839 insignis:
3173 3770 3267 3825 sed
3306 3770 3359 3825 id
3408 3769 3715 3841 perspicuum
3751 3775 3810 3820 est

2310 3922 2663 3993 Montl’aucon
2688 3922 2883 3977 ibidem
2908 3938 3014 3993 quo
3048 3937 3232 3991 supra,
3264 3925 3394 3991 quid
3420 3923 3606 3976 sentiat
3636 3922 3702 3993 vir
3716 3933 3810 3973 eru-

2311 3995 2610 4047 ditissimus
2638 3992 2696 4045 Β.
2738 3990 2944 4046 Moneta
2988 3990 3198 4061 paucis.
3245 3990 3304 4047 ut
3333 3996 3400 4047 ab
3435 4010 3497 4048 eo
3528 3990 3703 4059 accepi,
3742 4003 3810 4041 ex-

2316 4078 2581 4131 promam.
2612 4064 2902 4117 Athenaens
2934 4078 3053 4132 pag.
3083 4063 3188 4117 200
3241 4063 3494 4119 editionis
3547 4062 3809 4132 Lugdunen-

2308 4127 2385 4188 sis
2428 4135 2480 4187 in
2519 4133 2727 4201 prolixo
2751 4127 3031 4188 Callixeni
3069 4134 3258 4189 Rhodii
3296 4134 3437 4197 loco,
3500 4127 3663 4186 vocent
3689 4127 3810 4198 λημί·

2307 4221 2457 4267 σκοις
2470 4202 2646 4275 habet,
2666 4220 2784 4273 qua:
2805 4205 2856 4257 in
2873 4204 3112 4275 margine
3132 4206 3209 4275 sic
3230 4202 3809 4275 cmendatur.ﬁ_).ivicxotq.

2302 4286 2467 4342 atque
2499 4275 2570 4327 ita
2632 4270 2761 4396 leigit
2819 4270 3129 4328 Eustathius
3184 4274 3237 4328 in
3300 4291 3510 4329 versum
3538 4273 3632 4327 570
3660 4270 3807 4324 decimi

2302 4345 2477 4396 octavi
2517 4344 2634 4396 libri
2702 4344 2892 4396 (indos.
2917 4345 3004 4396 ubi
3046 4345 3188 4396 hunc
3215 4346 3390 4396 insum
3416 4348 3481 4396 ab
3505 4346 3731 4396 Athenaeo
3755 4338 3807 4392 al-

2302 4338 2477 4419 octavi
2517 4344 2634 4419 libri
2667 4338 2892 4419 Iliados,
2917 4345 3007 4419 ubi
3046 4345 3188 4398 hunc
3215 4346 3390 4414 ipsum
3416 4348 3481 4419 ab
3505 4346 3731 4419 Athenzeo
3755 4338 3810 4419 al-

2303 4414 2469 4468 latum
2523 4415 2697 4469 locum
2754 4415 2943 4469 refert.
2990 4413 3205 4470 lsaacus
3238 4413 3369 4470 vero
3414 4416 3731 4469 Casaubonus
3769 4413 3807 4460 in

2302 4484 2453 4539 Notis
2501 4495 2592 4538 aut
2624 4484 2967 4554 λεμνίσκοις,
3000 4494 3093 4538 aut
3135 4484 3398 4550 λινίσκοις
3433 4484 3687 4555 legendum
3720 4492 3809 4555 esse

632 4550 725 4607 sed
762 4569 861 4607 non
896 4550 1257 4626 itaaccurate
1308 4563 1483 4626 atque
1524 4554 1792 4626 distincte
1824 4550 1991 4626 {quae
2032 4570 2191 4609 causa
2232 4566 2275 4621 ι)
2307 4556 2455 4626 dicit,
2482 4556 2573 4609 sed
2601 4550 2847 4609 neutram
2874 4550 3028 4611 alteri
3054 4555 3340 4610 lectionem
3377 4550 3618 4626 praeferre
3660 4550 3803 4626 audet.

632 4634 751 4677 erat
782 4634 838 4675 ut
864 4624 951 4677 illa
984 4625 1034 4677 in
1069 4634 1214 4677 textu
1249 4624 1452 4688 relicta,
1489 4624 1655 4679 altera
1690 4640 1808 4693 qua:
1841 4624 2029 4679 rnellor
2056 4626 2200 4679 vide-

632 4693 814 4757 batur,
840 4710 916 4769 _e_x
950 4694 1070 4748 aliis
1093 4694 1481 4769 interpretibus
1517 4695 1865 4769 petitathuic
1908 4695 2201 4769 subjunge-

632 4776 801 4817 retur.
840 4763 1025 4832 Neque
1049 4763 1529 4834 enim'putamlum
1562 4776 1667 4827 est.
1705 4764 1993 4834 Origenem
2027 4763 2198 4819 virum

630 4836 918 4888 admodum
959 4846 1291 4899 accuratum,
1323 4836 1412 4903 qui
1470 4846 1575 4889 tam
1628 4836 1908 4904 diligenter
1932 4836 2013 4889 vel
2045 4835 2201 4889 levis-

629 4907 760 4974 sima
785 4920 904 4974 quae
929 4904 1265 4957 addebantur
1286 4906 1569 4967 asterisco,
1588 4916 1641 4960 et
1663 4922 1779 4974 qua:
1797 4907 2057 4960 demenda
2085 4916 2201 4958 erat

628 4974 1300 5049 obeloAtrotabattnullanr
1326 4977 1644 5049 apposuisse
1673 4990 1854 5049 notam
1893 4978 1958 5030 iis
1984 4977 2035 5029 in
2069 4977 2201 5030 locis

629 5062 760 5099 sane
792 5045 1187 5112 frequentibus,
1215 5046 1301 5097 ubi
1335 5048 1521 5100 relicta
1555 5047 1719 5115 priori
1754 5048 1981 5101 lectione
2007 5063 2198 5101 novam

631 5125 805 5169 tamen
837 5117 1067 5170 addebat.
1106 5130 1170 5168 ex
1200 5116 1379 5182 aliquo
1408 5118 1761 5186 interpretum
1799 5119 2193 5186 desumptam.»

631 5187 828 5239 Deinde
855 5225 869 5245 .
934 5187 1095 5240 allato
1143 5188 1373 5252 quodam
1408 5189 1654 5255 exemplo
1707 5190 1847 5241 unde
1876 5190 2197 5242 sententiam

629 5272 781 5309 suam
817 5258 1120 5321 confirmat,
1142 5260 1221 5310 sic
1252 5258 1597 5325 prosequitur
1616 5260 1861 5313 eruditus
1881 5260 1962 5311 vir
1990 5277 2003 5311 :
2042 5261 2201 5313 «Cre-

630 5329 813 5381 derem
843 5328 1308 5397 hypolemniscum
1354 5337 1478 5380 tunc
1520 5332 1824 5397 appositum
1857 5330 2039 5388 fuisse,
2077 5346 2197 5381 min

628 5398 788 5451 lectio
843 5398 928 5449 illa
989 5410 1170 5451 notata
1198 5439 1211 5461 ,
1252 5398 1607 5467 Septuaginta
1648 5401 2000 5467 lnterpretum
2027 5400 2197 5453 solum

628 5477 767 5530 erat,
803 5471 941 5535 quod
977 5485 1080 5522 uno
1129 5470 1316 5522 subtus
1354 5470 1546 5522 lineam
1570 5470 1743 5537 posito
1778 5480 1974 5538 puncto
1998 5470 2201 5522 indica-

628 5539 786 5591 batur
843 5557 855 5590 :
912 5538 1227 5593 lemniscum
1300 5554 1427 5609 vero
1499 5556 1620 5594 cum
1677 5541 1889 5594 duobus
1949 5542 2198 5609 punctis,

631 5609 853 5679 quando
878 5624 983 5663 non
1016 5610 1368 5679 Septuaginta
1404 5608 1767 5679 lntcrpretum
1820 5608 2048 5677 tantum,
2106 5610 2200 5665 sed

628 5678 791 5729 etiam
817 5678 1202 5733 Theodotionis
1234 5678 1375 5733 emt.
1402 5700 1418 5732 ι

703 5746 815 5813 (99)
850 5747 1177 5821 Multumque
1200 5750 1446 5817 fallitur,
1479 5767 1594 5805 cum
1647 5751 1954 5805 vocabulum
2005 5749 2199 5821 λημνίρ-

632 5831 782 5881 σκος,
812 5827 916 5869 etc.
956 5837 974 5867 ι
1015 5820 1088 5872 Dc
1119 5820 1274 5887 hujus
1300 5822 1532 5876 ιιοιιιὶιιὶδ
1557 5832 1763 5891 elymo,
1812 5823 1984 5890 inquit
2032 5822 2092 5875 υ.
2136 5824 2199 5877 de

2304 4625 2520 4679 Certum
2549 4636 2630 4678 est
2665 4637 2863 4691 autem,
2906 4641 3089 4680 vocem
3126 4624 3446 4697 λημνίσκός,
3484 4639 3594 4747 qua:
3612 4624 3807 4692 primitus

2304 4708 2584 4747 aiizustam
2620 4696 2844 4747 fasciam
2891 4697 3338 4747 sianiflcabaLex
3364 4713 3489 4747 voce
3532 4697 3664 4747 ἦνθε.
3696 4693 3803 4747 (alia.

2304 4708 2584 4770 angustam
2620 4696 2844 4749 fasciam
2882 4693 3252 4770 Asignificaba't,
3272 4714 3338 4770 ex
3364 4693 3675 4770 γοωξλῆνος,Δ
3696 4693 3803 4770 lena.

2304 4766 2601 4839 derivatum
2623 4781 2766 4830 esse,
2803 4768 2928 4839 quia
2950 4766 3036 4821 fab
3064 4768 3179 4836 ipsa
3209 4769 3416 4837 origine
3470 4766 3637 4839 fasciae
3665 4766 3803 4839 huius;

2303 4837 2443 4909 [nodi
2475 4836 2642 4890 lanea:
2676 4834 2851 4909 erant.
2892 4838 3026 4909 illinc
3053 4834 3177 4909 vero
3219 4834 3540 4909 Syracusani
3566 4834 3802 4909 singulari

2302 4906 2645 4967 formatione.
2680 4908 2797 4960 loco
2823 4908 2916 4960 τοῦ
2943 4908 3199 4977 ληνίσκος
3235 4904 3437 4963 inserto
3478 4926 3532 4979 μ,
3564 4904 3802 4975 λημνίσκπ

2302 4978 2545 5051 fecerunt
2579 4994 2593 5029 :
2630 4992 2749 5046 qua:
2780 4994 2940 5051 causa
2983 4979 3083 5051 fuit
3131 4990 3189 5051 ut
3222 4980 3337 5033 haec
3370 4978 3590 5051 vox’pro
3621 4984 3801 5051 Sync?"

2302 5062 2430 5120 sana
2464 5048 2773 5120 haberetur.
2801 5048 3122 5120 Hesychius,
3154 5049 3485 5120 λημνίσκους
3527 5048 3799 5120 sagmarius

2302 5118 2658 5190 Συρακούσιοι
2686 5108 2925 5182 ἀινξαςξ
2954 5108 3297 5190 subintellige
3322 5108 3554 5188 λέγονσι.
3594 5108 3709 5170 llinc
3742 5108 3797 5190 ,διά

2302 5180 2405 5241 alia
2441 5189 2789 5255 significanda
2821 5180 3076 5258 usurpata
3114 5206 3214 5243 vox
3234 5180 3349 5244 "fuit
3374 5180 3406 5257 ;’
3428 5204 3606 5258 nempe
3636 5200 3715 5258 pro
3738 5180 3796 5232 ἶι·

2302 5261 2451 5323 sciis,
2483 5262 2677 5327 quibus
2712 5276 2927 5313 corona:
2955 5256 3648 5330 circumplicabanturfpro
3673 5256 3798 5306 linea-

2303 5342 2484 5383 Inento
2513 5331 2803 5383 convoluto
2824 5330 3136 5385 vulneribus
3169 5334 3490 5391 inserendo;
3539 5332 3797 5397 dennnnquq

2302 5414 2399 5467 pro
2425 5409 2546 5454 nota
2573 5400 2852 5467 libroruin,
2888 5403 2952 5454 de
2982 5417 3087 5469 qua
3118 5402 3346 5455 Isidorus
3372 5420 3383 5454 :
3420 5386 3795 5470 Liinniscus,.'id

2301 5481 2395 5542 est,
2424 5472 2624 5542 virgula
2648 5471 2785 5521 inter
2804 5473 3051 5542 geminos_
3079 5485 3296 5539 puncto:
3315 5473 3497 5542 juceus
3522 5513 3533 5533 ,
3572 5470 3795 5542 apponitur

2302 5541 2355 5592 in
2383 5529 2451 5593 iis
2481 5529 2627 5604 locis,
2660 5557 2776 5609 qua:
2796 5529 2965 5593 sacra:
3014 5529 3637 5609 Sc'ripturw'interpretes?
3660 5529 3793 5609 eodem

2301 5628 2474 5671 sensu,
2510 5598 2626 5664 sed.
2652 5598 2873 5665 diversis
2907 5598 3235 5665 sermonibus
3295 5598 3795 5678 transtulerunt._|!36

2306 5670 2499 5748 lripliCi
2532 5681 2925 5754 signiﬁcatione
2956 5697 3054 5734 vox
3082 5680 3375 5752 λημνίσκος
3410 5688 3651 5754 usurpata
3685 5670 3792 5754 fuit)

2302 5739 2493 5823 lieiiipe
2521 5739 2610 5803 ad“
2628 5766 2714 5804 res
2736 5753 3121 5823 significandas
3137 5739 3391 5823 angustis
3424 5739 3592 5823 fasciis
3615 5739 3791 5823 similes2

2304 5817 2440 5889 quas
2472 5817 2810 5891 Syracusani
2825 5820 3149 5892 λεμνίσκους
3175 5817 3448 5879 ι’(ῖειώυυι,
3479 5819 3593 5872 Inde
3622 5817 3794 5867 uncatis
