4068 6312
244 358 408 419 ’1245

1116 359 1683 418 ORIGENIANORUM
1724 364 1850 420 LIB.
1895 366 1982 433 111,
2024 369 2176 424 CAP.
2218 370 2283 433 Il,
2322 368 2517 424 SECT.
2560 368 2648 425 IV.

3374 373 3510 428 1211)

258 490 337 529 ex
360 472 617 529 Romanis
650 472 883 528 Scboliis
909 473 1016 526 τῶν
1062 472 1115 526 0'
1154 475 1206 527 in
1258 474 1275 526 Ι
1309 474 1440 545 Reg.
1468 492 1579 540 xlv,
1604 477 1659 543 4,
1694 478 1828 548 μᾶλ-

1929 482 2159 551 γράφοις
2182 484 2280 552 τῆς
2304 482 2540 545 Παλαιᾶς
2562 481 2833 551 Διαθήκης
2859 482 3161 551 διαφανίαν,
3179 483 3312 537 Θεοῦ
3344 484 3508 539 διδόν-

254 569 356 622 λον
383 568 556 622 ταῦτα
581 568 637 619 ὲν
656 567 733 637 τῷ
775 566 1021 637 Ἐξαπλῷ
1050 567 1384 638 ἡστέρισται,
1409 568 1485 632 ὡς
1536 570 1599 621 ἐκ
1646 568 1831 622 95060-

256 665 462 727 τίωνος
501 662 888 735 προστεθέντα.
918 682 935 714 σ
968 662 1076 717 lmo
1102 663 1217 716 haec
1248 664 1298 716 in
1317 662 1555 729 Hexaplo
1570 666 1829 721 asterisco

259 766 454 809 notata
484 767 630 819 sunt,
692 763 875 824 utpote
925 768 1044 824 quae
1092 769 1157 808 ex
1200 754 1571 812 Tlicodotione
1618 757 1827 827 adjecta

258 847 378 899 sint
405 866 419 901 :
466 867 484 899 ι
517 857 569 901 et
598 862 664 902 ex
707 848 822 901 istis
862 845 1199 917 Hieronymi,
1224 863 1344 917 quae
1379 850 1569 916 repetit
1600 849 1826 905 Ruﬁnus

257 936 467 993 Invect.
499 954 538 993 ιι
574 958 586 993 :
622 958 641 991 ι
688 937 790 993 Sed
834 948 887 992 et
914 936 1173 1008 Origenes
1227 939 1515 994 asteriscos
1554 940 1699 1005 fecit,
1760 957 1825 997 ex

258 1032 620 1087 translatione
654 1030 1038 1087 Tbeodotionis
1095 1046 1395 1099 assumens,
1443 1042 1499 1087 ut
1539 1049 1827 1105 compone-

256 1132 355 1177 ret
382 1124 652 1178 volumina
678 1138 796 1191 qua:
819 1123 1159 1193 appellantur
1182 1123 1447 1193 Hexapla.
1484 1145 1504 1178 ι
1532 1124 1670 1180 Tum
1702 1130 1830 1183 sub-

251 1210 485 1284 jungit:
527 1232 546 1265 ‹
575 1214 709 1280 Quia
738 1213 1074 1284 frequenter,
1108 1216 1152 1270 si
1189 1217 1480 1286 disputatio
1500 1219 1824 1287 accidisset,

253 1306 350 1359 vel
375 1308 650 1361 immutata
686 1322 806 1362 esse
829 1307 1126 1377 aliquanta,
1155 1309 1236 1363 vel
1271 1310 1478 1375 deesse,
1532 1312 1619 1366 vel
1665 1311 1829 1367 abun-

255 1400 397 1453 dare
427 1398 479 1453 in
507 1399 707 1453 nostris
735 1399 1033 1467 Scripturis
1062 1401 1485 1468 mentiebantur,
1513 1402 1679 1456 voluit
1703 1403 1827 1459 Ori—

254 1506 429 1560 genes
464 1492 665 1546 nostris
708 1492 1017 1557 ostendere,
1046 1492 1223 1561 qualis
1251 1494 1391 1562 apud
1433 1494 1647 1550 Judaeos
1686 1495 1827 1549 Scri-

254 1591 544 1655 pturarum
577 1582 735 1636 lectio
760 1592 1060 1645 teneretur,
1090 1584 1216 1637 etin
1246 1585 1477 1655 propriis
1508 1586 1715 1655 paginis
1741 1588 1825 1640 vel

253 1653 566 1727 columellis
598 1674 865 1728 editiones
910 1689 1098 1729 eorum
1150 1676 1393 1745 singulas
1443 1692 1687 1745 quasque
1729 1680 1795 1731 de

252 1766 513 1834 scripsit;
543 1774 599 1819 et
631 1781 691 1819 ea
726 1781 844 1834 quae
874 1768 1013 1835 apud
1046 1766 1166 1822 illos
1205 1777 1331 1822 sunt
1369 1768 1547 1821 addita
1600 1769 1684 1822 vel
1727 1769 1821 1823 de-

250 1868 473 1924 cerpta,
501 1858 667 1913 certis
696 1859 1003 1928 quibusque
1032 1860 1204 1929 signis
1232 1860 1429 1915 additis
1466 1862 1531 1914 ad
1583 1862 1823 1916 versicu-

248 1948 433 2004 lorum
474 1951 647 2019 capita
674 1951 974 2021 designavit
994 1969 1009 2016 ;
1029 1962 1083 2006 et
1107 1952 1157 2005 in
1180 1952 1378 2016 alieno,
1408 1968 1511 2006 non
1539 1967 1636 2008 suo
1662 1966 1823 2023 opere

246 2056 387 2095 suas
420 2045 792 2099 tantummodo
822 2054 979 2098 notas
1009 2045 1159 2109 fixit;
1188 2054 1245 2097 ut
1272 2044 1537 2099 sciremus
1566 2059 1669 2097 non
1694 2045 1821 2112 quid

244 2134 459 2200 nobis,
519 2136 612 2189 sed
673 2137 805 2205 quid
860 2136 1059 2191 Iudaeis
1119 2138 1404 2191 adversum
1454 2151 1551 2190 nos
1602 2146 1816 2189 certan-

244 2225 409 2281 tibus
438 2238 528 2279 aut
556 2229 742 2283 deesse
770 2238 858 2282 aut
886 2229 1159 2284 abundare
1188 2229 1489 2283 videretur:
1516 2237 1595 2281 iet
1624 2227 1815 2282 iterum

236 2333 323 2371 ex
342 2319 459 2373 istis
477 2319 783 2391 Hieronymi
803 2322 852 2375 in
871 2321 1080 2375 Praefat.
1104 2321 1334 2388 Paralip.
1351 2322 1417 2373 ad
1438 2319 1821 2373 Chromatium:

243 2427 265 2460 ‹
327 2409 390 2465 Ει
422 2422 566 2465 certe
594 2410 856 2482 Origenes
880 2428 984 2467 non
1009 2413 1181 2467 solum
1230 2411 1471 2475 chapla
1521 2411 1824 2478 composuit

237 2507 491 2564 quatuor
518 2502 835 2566 editionum,
879 2517 909 2557 e
950 2504 1168 2573 regione
1190 2504 1397 2568 singula
1426 2500 1586 2554 verba
1615 2500 1820 2553 descri~

238 2590 408 2654 bens,
431 2601 488 2644 ut
511 2608 649 2646 unus
667 2594 991 2648 dissentiens
1020 2595 1205 2648 statim
1228 2593 1441 2647 caneris
1465 2592 1605 2645 inter
1626 2605 1682 2643 se
1702 2604 1823 2643 con-

245 2681 616 2737 sentientibus
648 2693 905 2761 arguatur
938 2703 951 2737 :
1011 2683 1105 2738 sed
1155 2686 1294 2752 quod
1332 2682 1549 2751 majoris
1586 2681 1821 2735 audaci:e

248 2780 359 2834 est,
389 2773 440 2824 in
477 2774 711 2827 editione
742 2772 1090 2844 Septuaginta
1124 2774 1503 2828 Theodotionis
1532 2771 1818 2827 editionem

251 2858 494 2926 miscuit,
530 2862 807 2917 asteriscis
834 2863 1123 2931 designans
1162 2879 1279 2931 qua:
1310 2864 1485 2917 minus
1512 2864 1741 2925 fuerant,
1770 2870 1823 2913 et

246 2950 477 3018 virgulis
502 2967 619 3021 qua:
640 2969 703 3006 ex
732 2953 998 3023 superﬂuo
1020 2955 1337 3008 videbantur
1364 2954 1623 3023 apposita.
1659 2971 1677 3003 ι
1714 2951 1819 3004 Sed

248 3041 540 3112 Ot'igeuem
575 3047 748 3116 ipsum
791 3048 975 3101 audire
1006 3062 1184 3116 operte
1211 3047 1438 3115 pretium
1469 3055 1548 3099 est
1586 3059 1599 3096 :
1626 3043 1703 3097 sic
1734 3042 1821 3095 illc

250 3149 389 3195 ιοιιι.
421 3156 485 3193 xv
518 3141 570 3194 in
594 3139 808 3207 Matrin,
846 3156 996 3194 num.
1029 3140 1111 3202 l4,
1136 3155 1257 3209 pag.
1289 3137 1384 3191 67l
1421 3156 1433 3191 :
1474 3137 1607 3190 Νυνὶ
1634 3135 1691 3187 δὲ
1729 3134 1823 3205 δη-
1850 3166 1894 3225 C

245 3232 426 3285 λονότι
450 3230 616 3302 πολλὴ
645 3230 863 3299 γέγονεν
883 3234 916 3301 ἡ
945 3230 1051 3283 τῶν
1072 3230 1413 3301 ἀντιγράφων
1431 3227 1677 3299 διαφορὰ,
1710 3225 1819 3278 εἴτε

246 3326 363 3380 ἀπὸ
399 3325 666 3396 ῥᾳθυμίας
692 3324 851 3378 τινῶν
874 3324 1148 3395 γραφέων,
1182 3324 1288 3375 εἴτε
1307 3322 1414 3377 ἀπὸ
1433 3321 1633 3391 τόλμης
1662 3318 1820 3372 τινῶν

250 3420 537 3490 μοχθηρᾶς
564 3419 661 3487 τῆς
695 3417 1026 3488 διορθώσεως
1061 3417 1168 3470 τῶν
1194 3414 1570 3497 γραφομένων,
1597 3411 1705 3465 εἴτε
1729 3411 1823 3463 καὶ

247 3510 365 3566 ἀπὸ
383 3511 491 3564 τῶν
504 3510 571 3564 τὰ
598 3513 805 3573 ἑαυτοῖς
845 3510 1101 3564 δοκοῦντα
1132 3511 1187 3561 ὲν
1210 3512 1275 3579 τῇ
1302 3506 1580 3579 διορθώσει
1603 3520 1823 3575 προστι-

248 3605 456 3659 θέντων
497 3603 529 3675 ἢ
577 3602 980 3675 ἀφαιρούντωνο
1032 3602 1129 3673 τὴν
1168 3602 1264 3672 μὲν
1299 3596 1388 3655 οὖν
1419 3601 1474 3651 ἐν
1518 3598 1629 3661 τοῖς
1676 3597 1824 3649 ἀντι-

326 3722 375 3752 “
404 3719 593 3789 Epipb.
622 3718 712 3774 lib.
750 3718 821 3772 De
850 3718 1036 3788 pand.,
1068 3733 1185 3789 cap.
1216 3716 1273 3771 2.

249 3816 567 3879 lemuiscus,
607 3816 719 3869 sive
750 3815 886 3870 linea
939 3816 1083 3870 vitta:
1127 3829 1277 3870 more
1323 3814 1527 3882 depicta
1549 3828 1668 3867 cum
1701 3810 1829 3882 duo-

252 3890 357 3941 hus
386 3888 616 3953 punctis.
648 3885 816 3941 altero
866 3900 1116 3954 superne,
1170 3886 1341 3945 altero
1383 3881 1589 3940 inferne
1642 3881 1831 3951 positis

250 3960 335 4011 sic
362 3970 425 4012 -ι-
460 3956 890 4026 hypolemniscus
932 3971 1059 4011 vero
1090 3965 1215 4010 tunc
1269 3964 1492 4026 vocatur
1530 3969 1657 4026 cum
1725 3966 1832 4005 uno

251 4028 431 4082 solum
496 4024 693 4094 puncto
760 4026 895 4080 linea
943 4026 1185 4095 signatur
1220 4026 1298 4080 sic
1334 4040 1395 4080 -ξ-
1425 4024 1699 4080 obelorum
1738 4036 1833 4095 au—

254 4108 368 4152 tem
401 4106 453 4150 et
487 4092 868 4150 astei'iscorum
900 4092 1013 4149 haec
1039 4106 1128 4166 est
1165 4096 1328 4165 figura
1356 4113 1369 4161 ;
1402 4094 1675 4149 obelorum
1714 4092 1834 4160 qui—

254 4169 379 4221 dem
405 4166 484 4221 sic
513 4180 571 4222 -t~
606 4167 987 4221 asteriscorum
1018 4181 1147 4219 vero
1172 4168 1248 4220 sic
1276 4170 1339 4235 χ(
1368 4182 1487 4235 qum
1535 4173 1655 4235 post
1690 4173 1833 4235 aste-

255 4240 458 4291 riscum
513 4238 884 4306 ponebantur,
943 4237 1115 4305 inquit
1158 4251 1277 4306 cap.
1330 4233 1649 4306 '4,_num'.§,
1688 4233 1828 4286 idem

255 4307 322 4361 1).
357 4303 658 4360 Bernardus
684 4308 747 4360 de
780 4303 1114 4360 Montl'aucou
1142 4347 1157 4370 ,
1207 4303 1274 4361 ex
1306 4308 1540 4364 editione
1583 4303 1829 4357 Theodo-

261 4379 423 4446 tion‘is
454 4387 510 4431 ut
541 4376 827 4446 plurimum
860 4389 1114 4446 excerpta
1147 4388 1325 4439 erant,
1370 4392 1472 4431 non
1514 4373 1829 4446 infrequen-

260 4459 343 4501 ter
367 4442 431 4502 ex
461 4442 688 4516 Aquila;
744 4442 1041 4509 interdum,
1078 4449 1171 4501 sed
1223 4448 1418 4511 rarius,
1455 4460 1517 4499 ex
1579 4444 1828 4516 Symma-

1930 589 2040 636 τος,
2078 573 2308 643 εὕρομεν
2367 572 2639 635 ἰάσασθαι,
2696 572 2960 641 κριτηρίῳ
3008 574 3339 642 χρησάμενοι
3385 577 3508 639 ταῖς

1930 662 2140 726 λοιπαῖς
2181 664 2483 717 ἐκδόσεσιν·
2523 663 2628 715 τῶν
2676 662 2786 733 γὰρ
2824 662 3303 732 ἀμφιδαλλομένων
3356 664 3510 734 παρὰ

1930 758 2040 818 τοῖς
2082 756 2480 825 Ἐϐδομήκοντα
2526 753 2612 807 διὰ
2644 754 2742 824 τὴν
2783 754 2889 807 τῶν
2932 754 3276 825 ἀντιγράφων
3308 755 3508 825 διαφω-

1928 845 2066 909 νίαν,
2101 844 2199 916 τὴν
2235 844 2413 916 κρίσιν
2442 845 2795 915 ποιησάμενοι
2832 844 2939 897 ἀπὸ
2983 845 3090 897 τῶν
3124 844 3325 897 λοιπῶν
3358 847 3504 899 ἐκδό-

1931 953 2085 998 σεων,
2114 936 2175 988 τὸ
2202 936 2422 1006 συνᾷδον
2467 936 2701 998 ἐκείναις
2726 935 3069 1005 ὲφυλάξαμεν
3089 975 3103 998 ,
3140 936 3231 987 καὶ
3261 935 3383 987 τινὰ
3407 936 3504 1007 μὲν

1927 1026 2261 1097 ώὸελίσαμεν
2291 1030 2346 1079 ὲν
2374 1027 2450 1098 τῷ
2485 1028 2754 1099 Ἐδραῖκῷ
2781 1029 3030 1098 κείμενα,
3060 1029 3120 1081 οὐ
3140 1028 3505 1099 τολμήσαντες

1927 1119 2064 1173 αὐτὰ
2079 1119 2253 1190 πάντη
2284 1120 2549 1191 περιελεῖν
2573 1138 2586 1151 ·
2613 1121 2733 1175 τινὰ
2760 1122 2817 1175 δὲ
2841 1124 2955 1192 μετ’
2976 1123 3311 1192 ἀστερίσκων
3335 1139 3506 1193 προσ-

1928 1211 2219 1283 εθήκαμεν,
2256 1212 2341 1265 ἵνα
2389 1211 2545 1281 δῆλον
2675 1214 2757 1266 ὄτι
2803 1213 2877 1284 μὴ
2928 1214 3152 1284 κείμενα
3198 1213 3347 1285 παρὰ
3394 1216 3505 1278 τοῖς

1938 1302 2354 1373 Ἑϐδομήκοντα,
2377 1303 2441 1356 ὲκ
2465 1304 2572 1356 τῶν
2588 1304 2786 1357 λοιπῶν
2817 1305 3077 1358 ὲκδόσεων
3105 1306 3401 1374 συμφώνως
3426 1302 3506 1376 τῷ

1939 1393 2208 1466 Ἐϐραῖκῷ
2232 1395 2665 1466 προσεθήκαμεν.
2696 1396 2769 1449 Ex
2802 1397 2903 1450 hoc
2928 1397 3044 1451 loco
3066 1397 3326 1465 suspicari
3356 1398 3499 1461 licet,

1927 1504 2032 1541 non
2082 1504 2148 1541 ex
2177 1487 2548 1541 Theodotione
2583 1487 2778 1553 solum,
2829 1491 2921 1542 sed
2944 1500 2996 1542 et
3029 1489 3147 1543 aliis
3178 1489 3501 1543 editionibus

1924 1581 2175 1636 nonnulla
2216 1581 2379 1635 fuisse
2407 1583 2666 1651 inspersa.
2710 1581 3049 1651 Quapropter
3081 1582 3409 1653 Epiphanius
3430 1585 3496 1651 “,

1927 1690 1953 1725 ιι
1988 1688 2095 1741 quo
2125 1688 2302 1726 rerum
2336 1674 2547 1726 illarum
2601 1684 2857 1727 accurate
2907 1675 3103 1728 tradita
3145 1676 3363 1729 historia
3391 1685 3494 1738 est,

1933 1763 2220 1817 desiderari
2256 1764 2332 1817 ait
2379 1778 2408 1815 a
2462 1762 2707 1831 plurimis
2736 1765 2873 1831 apud
2910 1762 3232 1831 lnterpretes
3273 1764 3499 1835 Septua-

1932 1852 2078 1921 ginta
2111 1868 2230 1921 qua:
2277 1867 2343 1907 ex
2375 1853 2610 1906 Hebraeis
2638 1852 2840 1905 referre
2873 1854 3333 1922 praetermiserunt
3375 1854 3496 1923 ipsi,

1928 1942 2119 2012 Aquila
2148 1959 2295 2009 vero,
2350 1954 2404 1998 et
2431 1944 2809 2014 Symmachus,
2846 1959 2911 1997 ac
2944 1945 3129 2013 reliqui
3180 1946 3497 2013 interpretes

1930 2044 2388 2103 representarunt
2419 2053 2433 2091 :
2462 2052 2523 2089 ex
2566 2050 2673 2089 uno
2702 2045 2880 2089 autem
2906 2035 3270 2090 Theodotione
3317 2038 3495 2092 addita

1928 2138 2045 2179 esse
2070 2142 2173 2180 non
2202 2127 2468 2195 apposuit.
2501 2126 2813 2180 Emendatio
2844 2128 2957 2180 haec
2982 2126 3086 2179 τῶν
3113 2130 3166 2179 0'
3193 2144 3286 2195 per
3313 2128 3498 2184 obelos
3556 2178 3563 2185 .

1926 2228 1976 2272 et
2004 2219 2313 2285 asteriscos,
2339 2235 2513 2273 causas
2546 2220 2644 2272 luit
2668 2218 2992 2287 Hieronymo
3017 2235 3113 2271 cur
3145 2220 3214 2272 ita
3243 2220 3497 2289 Augusti-

1927 2327 2052 2365 num
2087 2310 2447 2379 alluqueretur
2478 2312 2631 2380 epist.
2669 2311 2757 2375 89,
2787 2325 2901 2379 cap.
2924 2310 2955 2363 6
2981 2328 2993 2362 :
3032 2328 3050 2360 ι
3076 2310 3240 2363 Miror
3269 2327 3496 2378 quomo-

1926 2404 1990 2458 do
2020 2404 2365 2473 Septuaginta
2390 2403 2743 2472 lulerpretum
2776 2402 2941 2455 libros
2962 2402 3131 2470 legas,
3160 2418 3261 2455 non
3299 2418 3482 2472 puros,

1925 2505 1983 2549 ut
2010 2496 2079 2549 ab
2100 2497 2177 2549 eis
2206 2495 2335 2549 editi
2372 2506 2515 2559 sunt,
2552 2496 2644 2548 sed
2677 2497 2743 2548 ab
2767 2495 2995 2564 Origene
3024 2494 3351 2560 emendatos,
3383 2495 3495 2551 sive

1924 2599 2208 2656 corruptos
2238 2604 2334 2656 per
2361 2588 2547 2643 obelos
2577 2598 2631 2642 et
2662 2590 2967 2651 asteriscus,
3000 2599 3053 2643 ct
3079 2588 3375 2661 Christiani
3405 2590 3495 2645 ho-

1924 2680 2085 2733 minis
2112 2679 2703 2746 interpretatitmculam
2746 2695 2852 2732 non
2889 2681 3163 2747 sequaris;
3199 2685 3491 2749 pra‘sertiut

1924 2786 2046 2825 cum
2105 2785 2168 2824 ea
2217 2785 2336 2839 qua:
2366 2769 2544 2823 addita
2593 2780 2738 2835 sunt,
2781 2786 2845 2825 ex
2877 2772 3109 2825 bominis
3141 2770 3307 2825 Judaei
3336 2780 3496 2840 atque

1924 2862 2244 2931 blasphemi,
2270 2872 2392 2933 pust
2442 2863 2745 2930 passionem
2780 2862 3003 2920 Christi.
3038 2863 3272 2916 editione
3315 2873 3494 2917 trans-

1927 2956 2124 3011 tulerit.
2158 2974 2176 3007 ι
2246 2955 2538 3023 Corruptos
2592 2954 2720 3009 dicit
2781 2954 2946 3009 libros
2992 2956 3337 3025 Septuaginta
3404 2955 3493 3010 ln-

1928 3057 2246 3117 terpretum.
2308 3057 2530 3117 propter
2584 3046 2946 3101 additamenta
3016 3062 3047 3101 e
3104 3048 3491 3114 'l'heodotione.

1925 3154 2046 3193 cum
2099 3139 2315 3208 inlcap.
2371 3151 2500 3192 Lvm
2569 3136 2714 3192 lsaia:
2760 3140 3039 3192 emendata
3101 3154 3166 3194 ac
3212 3154 3339 3193 vera
3394 3155 3491 3209 ap-

1927 3230 2084 3299 pellet
2111 3229 2468 3297 Hexaplorum
2517 3229 2864 3297 exemplaria,
2906 3245 3026 3298 quae
3075 3230 3261 3285 eadem
3284 3231 3493 3285 addita-

1929 3334 2108 3377 menta
2151 3322 2540 3391 praelerebant;
2591 3336 2713 3374 nam
2776 3322 3033 3392 neglectis
3090 3324 3365 3378 asteriscis
3401 3325 3493 3393 qui

1928 3414 2012 3469 vel
2065 3415 2116 3467 in
2163 3413 2403 3482 legendo,
2466 3411 2547 3464 vel
2603 3412 2653 3465 in
2720 3412 3071 3466 describendo
3124 3414 3312 3483 negligi
3341 3425 3493 3483 pote-

1929 3515 2071 3569 rant,
2120 3505 2352 3557 maxima
2412 3503 2705 3558 exsistebat
2733 3503 3115 3560 Tlteodotionis
3150 3521 3270 3561 cum
3301 3508 3412 3569 τοῖς
3434 3508 3492 3560 0'

1928 3595 2173 3651 confusio
2209 3614 2222 3649 :
2259 3605 2314 3651 at
2364 3596 2647 3651 observata
2702 3594 3082 3650 asteriscorum
3144 3596 3492 3654 distinctione

1930 3824 2226 3880 asteriscus
2280 3832 2472 3873 nomen
2506 3817 2810 3887 prmcedat,
2871 3817 3046 3871 rarius
3076 3826 3253 3871 autem
3295 3830 3486 3871 nomen

1929 3895 2273 3950 asteriscum.
2309 3889 2498 3944 Utrum
2530 3903 2657 3941 vero
2678 3889 2789 3956 ipse
2813 3888 3071 3955 Origenes
3111 3888 3327 3941 nomina
3361 3901 3485 3956 cum

1930 3963 2207 4020 asteriscis
2245 3962 2296 4014 iu
2331 3968 2475 4012 textu
2506 3973 2617 4012 suae
2654 3954 3184 4026 editionisposuerit.
3228 3972 3293 4009 an
3342 3954 3393 4011 id
3432 3956 3488 4011 in

1930 4030 2278 4102 subsequenti
2313 4044 2425 4102 aevo
2453 4028 2724 4102 abiisqui
2760 4028 3116 4102 llexaplorum
3143 4026 3487 4102 collectiones

1932 4096 2295 4173 collegerunt,
2313 4108 2367 4153 et
2409 4099 2460 4152 in
2480 4096 2682 4173 _Bibliis
2709 4108 3033 4173 posuerunt,
3070 4096 3275 4173 factum
3292 4096 3482 4173 fuerit,

1937 4191 2041 4229 non
2070 4163 2142 4227 ita
2178 4170 2333 4225 facile
2352 4179 2433 4222 est
2464 4163 2726 4222 divinare:
2754 4168 2910 4222 Certe
2937 4168 3101 4221 codex
3134 4167 3220 4221 illc
3242 4166 3353 4219 RB.
3380 4163 3483 4222 PP.

1934 4243 2257 4299 Jesuitarum
2289 4240 2342 4292 in
2369 4238 2599 4292 Ieremia
2642 4249 2687 4291 et
2728 4239 2782 4291 in
2810 4237 3080 4290 Ezechiele
3126 4253 3264 4304 saepe
3294 4237 3485 4307 asteri-

1951 4329 2075 4369 svos
2102 4313 2153 4366 in
2184 4314 2298 4380 ipso
2334 4318 2475 4363 textu
2499 4309 2670 4380 ponit,
2695 4308 2974 4380 subjtmcto
3003 4308 3355 4380 plerumquea
3376 4306 3485 4380 pri-

1940 4401 2022 4438 ma
2056 4374 2224 4438 solum
2278 4381 2449 4433 littera
2501 4374 2717 4431 nomine
2767 4374 3074 4444 interpretis
3106 4392 3169 4429 ex
3198 4392 3302 4443 quo
3325 4374 3481 4428 lectio

1938 4455 2025 4508 illa
2073 4451 2342 4522 adjectitia
2403 4448 2692 4522 desumpta
2717 4448 2832 4511 fuit,
2865 4449 2943 4522 sic
2974 4448 3041 4513 >ε<
3070 4447 3137 4498 Α.
3169 4446 3379 4522 quando
3415 4460 3480 4498 ex

258 4516 397 4594 gito;
427 4512 907 4594 no_n'numptatn_ex
959 4516 1162 4571 duobus
1191 4518 1271 4594 vel
1331 4535 1393 4594 ex
1428 4512 1629 4594 laribus;
1651 4512 1828 4594 simul.
1864 4512 1906 4566 Ι)
1936 4512 2163 4594 Aquila}
2204 4522 2283 4575 vel
2312 4524 2376 4584 χ(
2398 4518 2461 4571 Θ.
2489 4512 2613 4594 sies
2636 4512 3154 4594 Tlteotlotione;aut
3179 4515 3326 4594 xui
3360 4530 3481 4594 cum

259 4588 503 4657 Exempli
560 4582 718 4641 eausa
759 4586 924 4647 :Jub.
967 4603 1139 4649 xxx",
1188 4587 1283 4657 52.
1331 4586 1482 4657 Ἀθ.
1512 4582 1834 4657 Ῠκαιμέχρι

259 4657 414 4727 ὑμῶν
436 4654 449 4657 ⁷
474 4659 849 4730 συνήσωογκαὶ
897 4658 1010 4730 ἰδοὺγ
1043 4659 1142 4710 οὐκ
1183 4654 1250 4730 ἦν
1276 4658 1377 4730 γτῴ
1408 4656 1538 4730 ’1ιὶρ6-
1578 4654 1830 4730 ἐὶέγχων,

261 4725 489 4812 (ἄντα-’Χ
527 4725 909 4812 ποκρινόμενος
954 4725 1389 4812 ρᾑατατξαὺητοῦ
1434 4725 1502 4812 ἐς
1520 4726 1669 4812 θμῶν
1691 4742 1703 4753 ·
1747 4725 1833 4812 ἵνα

265 4798 354 4880 μὴ.
375 4798 596 4881 εἴπητεξ
607 4795 853 4870 εὕρωμεν
874 4795 1059 4881 σοφίαν
1070 4798 1162 4881 τοῦ
1178 4798 1313 4881 ξ)εοῦ
1336 4797 1708 4881 προσθέμενοι·
1743 4795 1828 4881 ubi

266 4864 688 4931 animadvertas,
742 4864 861 4921 cum
894 4864 1091 4937 aliquid
1130 4870 1211 4921 vel
1246 4884 1309 4921 ex
1351 4864 1717 4921 Theodotiuue
1750 4864 1831 4937 vel

262 4952 325 4990 cx
362 4938 482 4992 aliis
505 4937 908 5005 adjiceretur.si
942 4935 995 4992 id
1017 4941 1066 4992 in
1103 4940 1275 5002 initio,
1301 4938 1413 4991 sive
1444 4938 1495 4990 in
1531 4937 1722 4999 medio,
1759 4935 1831 4986 si-

262 5023 331 5060 ve
362 5009 413 5060 in
446 5009 551 5061 line
600 5009 751 5061 lineae
772 5010 980 5076 jaceret
1023 5010 1295 5077 prasinisso
1327 5022 1538 5075 semper
1571 5008 1830 5077 asterisco

267 5078 506 5131 additum
530 5077 714 5143 fuisse,
750 5080 1007 5148 appositis
1024 5076 1148 5147 post
1177 5080 1599 5132 additamentum
1625 5076 1830 5148 duobus

263 5148 498 5217 punctis.
529 5148 583 5201 Si
619 5164 745 5201 vero
771 5146 1193 5204 additamentum
1246 5149 1372 5201 illud
1425 5148 1491 5199 ad
1534 5148 1715 5215 plures
1764 5146 1829 5198 li-

266 5234 399 5271 neas
426 5218 827 5283 extraheretur,
856 5220 1010 5273 initio
1040 5218 1325 5285 cujuslibet
1349 5217 1501 5270 linea:
1532 5217 1825 5269 asteriscus

267 5288 654 5357 appingebatur
707 5291 880 5344 donec
938 5299 1109 5343 totum
1163 5288 1455 5350 desineret,
1495 5286 1671 5353 ibique
1723 5287 1828 5339 duo

268 5368 463 5427 puncta
490 5359 756 5411 crassiora
794 5360 860 5412 de
887 5375 1034 5414 more
1066 5358 1424 5427 pingebautur
1458 5372 1471 5408 :
1505 5371 1623 5423 qua:
1647 5367 1823 5427 tamen

267 5429 583 5496 plermnque
617 5431 955 5498 negliguntur
996 5430 1047 5498 in
1078 5426 1477 5496 manuscriptis,
1529 5426 1823 5498 prwsertim

269 5500 485 5563 quando
539 5497 903 5552 additamenta
941 5497 1242 5563 bujusmodi
1302 5497 1628 5563 longiuscula
1679 5507 1822 5549 sunt.

268 5567 324 5621 lu
353 5568 738 5622 vetustissimis
774 5570 1050 5623 codicibus
1084 5568 1431 5627 Coisliniano.
1453 5567 1823 5621 Claromonta-

272 5654 363 5701 no,
414 5639 529 5691 sive
592 5637 704 5691 1ὶῆ.
768 5639 868 5693 PP.
917 5638 1243 5693 .Iesuitarum
1303 5637 1522 5705 Collegii
1569 5632 1823 5690 Ludovici

272 5708 440 5777 Magni
464 5717 517 5761 et
543 5708 682 5770 aliis,
708 5720 828 5777 post
858 5710 1143 5763 asteriscus
1172 5709 1386 5762 nomina
1420 5711 1767 5776 interpretum
1791 5720 1819 5757 a

273 5779 461 5847 primis
506 5778 697 5834 litteris
742 5780 1137 5845 describuntur,
1170 5778 1242 5834 ita
1284 5788 1351 5851 ut
1390 5777 1822 5846 frequentissime

1934 4584 2012 4647 ex'
2036 4594 2357 4663 Symmacho
2383 4607 2413 4663 _:_
2431 4587 2515 4641 vel
2530 4588 2772 4663 denique
2796 4590 2861 4654 )s(
2881 4588 2928 4638 oi
2954 4587 3012 4650 Γ,
3030 4585 3071 4637 si
3100 4599 3161 4663 cat
3184 4586 3351 4663 tribus
3380 4584 3483 4637 illis

1934 4654 2092 4718 simul
2119 4659 2500 4730 interpretibus
2528 4654 2803 4730 lectioiilla
2822 4665 3085 4730 excerpta
3121 4654 3208 4730 sit.
3231 4654 3483 4707 Fortasse

1934 4750 2063 4788 vero
2094 4733 2219 4800 quia
2252 4724 2311 4783 ut
2337 4727 3043 4800 plurimtmrTheodoyonis
3073 4724 3327 4800 lectiones
3360 4739 3486 4777 cum

1934 4794 2213 4858 asteriscis
2242 4794 2502 4854 all'e'rebat
2549 4796 2827 4864 Origenes,
2864 4794 3244 4849 Theodotionis
3289 4808 3481 4846 nomen

1933 4890 2037 4926 non
2062 4872 2271 4927 solebat
2291 4870 2624 4937 exprimere;
2663 4867 2870 4934 Aquila:
2899 4880 3023 4919 vero
3053 4865 3177 4937 quia
3208 4866 3401 4925 rarius,
3426 4871 3481 4915 et

1934 4942 2246 5013 Symmachi
2299 4936 2425 5013 quia
2475 4937 2785 5013 rarissime,
2852 4936 3320 5013 interpretationes
3355 4946 3476 5011 cum

1932 5003 2205 5067 asteriscis
2236 5003 2525 5071 inserebat,
2560 5008 2772 5059 nomina
2810 5022 2837 5057 a
2879 5007 3044 5074 prima
3079 5003 3252 5055 littera
3290 5003 3479 5074 depin-

1930 5084 2110 5152 gebat,
2147 5091 2205 5134 ut
2237 5082 2502 5152 indicaret
2532 5092 2649 5152 non
2685 5091 2747 5128 ex
2784 5071 3151 5152 Theodotinne
3184 5087 3277 5140 pro
3323 5071 3485 5152 solito

1929 5141 2363 5220 verba-decerpi.
2399 5149 2503 5202 Sed
2526 5148 2630 5220 hoc
2661 5161 2725 5199 ex
2762 5147 3313 5220 conjectura__tatttt_tut
3351 5141 3482 5193 dici-

1930 5234 2037 5276 tur.
2073 5212 2362 5283 Caaleruiu,
2389 5218 2562 5286 inquit
2594 5232 2739 5269 num.
2768 5218 2820 5274 4,
2869 5231 2935 5268 ex
2962 5212 3327 5286 rsimilitudiue
3359 5225 3477 5276 quae

1930 5292 2303 5345 intercedebat
2335 5281 2519 5344 abelos
2565 5287 2706 5339 inter
2736 5296 2789 5339 et
2812 5285 3097 5339 lemniscos
3122 5292 3281 5349 atque
3312 5281 3481 5349 hypo-

1932 5362 2245 5425 lemniscos,
2299 5376 2402 5413 non
2452 5358 2623 5411 solum
2673 5368 2930 5430 quantum
2984 5355 3049 5406 ad
3090 5349 3478 5430 fortnarnnsed

1930 5433 2093 5485 etiam
2125 5422 2380 5497 quantum
2407 5432 2470 5482 ad
2498 5422 2909 5499 ιξξιιηιίῐοριιιιιι
2938 5435 3019 5477 est
3044 5422 3363 5499 utLIemnisci
3385 5432 3483 5485 pro

1925 5502 2093 5555 ohelis
2137 5489 2244 5554 sint
2297 5500 2482 5554 habiti.
2511 5498 2642 5571 ﬁam
2686 5512 2791 5548 uno
2831 5506 3061 5571 excepto
3089 5490 3300 5561 Esychii
3339 5489 3477 5571 loco,

1926 5571 2124 5625 nullam
2159 5586 2243 5623 me
2269 5564 2644 5623 lemniscdrutu
2680 5558 3004 5639 intentionem
3027 5580 3054 5615 a
3089 5558 3324 5639 tempore
3349 5558 3476 5638 Epi-

1927 5640 2109 5707 phanii
2135 5650 2187 5695 et
2226 5639 2538 5710 Hieronymi
2585 5636 2792 5710 uspiam
2828 5635 3066 5710 reperire
3090 5630 3368 5710 _mcminin;
3421 5630 3481 5680 in

1925 5698 2109 5763 Bibliis
2137 5710 2345 5765 scilicet
2384 5698 2784 5775 mantiscri'ptis,
2838 5698 2902 5758 in'
2917 5704 3136 5760 Catenis
3161 5712 3217 5755 et
3242 5700 3296 5749 in
3318 5698 3487 5753 οριιι-

1924 5791 2217 5837 mcutarus.
2252 5799 2271 5832 ι
