4068 6312
678 336 815 393 1247

1945 325 2026 398 ,P.
2067 319 2395 378 DANlELlS
2415 317 2658 375 THUETII

3710 326 3805 383 illi

680 457 916 526 legitima
945 452 1053 508 τῶν
1084 452 1141 505 0'
1175 451 1336 505 verba
1367 463 1396 502 a
1445 447 1814 503 Tlteodotione
1843 454 2099 502 accurate
2153 459 2241 498 se-
2271 442 2317 500 Δ
2344 454 2473 509 ergo
2502 439 2670 508 magis
2719 435 2998 507 magisque
3042 434 3142 489 bac
3178 434 3426 504 editione,
3464 441 3700 498 restituere
3724 463 3805 505 eam

679 546 1063 604 cernebantur.
1125 541 1309 610 Itaque
1349 554 1446 608 pro
1473 539 1697 610 legentis
1723 537 2016 593 attentione
2047 545 2101 591 et
2129 535 2245 591 dili-

682 638 858 708 gentia
913 641 1163 703 corrupta
1194 641 1371 696 erant,
1404 631 1486 686 vel
1540 631 1847 686 emendata.
1896 627 2159 696 Quocirca
2193 629 2247 683 in

682 733 866 786 eadem
896 727 966 779 ad
1014 724 1368 793 Augustinum
1411 722 1633 792 epistola
1666 722 1739 776 ita
1774 722 1948 792 pergit
1988 721 2249 793 Hierony-

683 833 801 873 mus
848 832 862 869 :
902 834 921 866 ι
944 816 1039 871 Vis
1074 825 1285 869 amator
1317 825 1440 867 esse
1483 825 1643 867 verus
1679 812 2027 881 Septuaginta
2076 810 2248 865 lnter-

679 905 928 976 pretum?
963 904 1076 959 Non
1100 905 1244 974 legas
1269 917 1331 957 ea
1365 916 1486 972 quas
1512 900 1613 957 sub
1636 901 1910 957 asteriscis
1934 910 2098 968 sunt;
2140 899 2248 955 imo

680 1000 809 1053 rade
836 998 902 1053 de
927 998 1309 1053 voluminibus.
1336 1015 1355 1048 ι

752 1087 986 1143 Editioni
1023 1086 1131 1140 τῶν
1158 1084 1234 1153 0',
1268 1099 1387 1155 quae
1416 1093 1533 1138 erat
1558 1085 1611 1139 in
1639 1083 1920 1154 Tetraplis,
1944 1083 2149 1139 scholia
2179 1084 2246 1140 ad

677 1180 902 1235 limbum
936 1179 1114 1249 aliqua
1161 1178 1425 1248 adiecisse
1451 1177 1735 1249 Origeuem
1764 1177 2021 1232 discimus
2039 1192 2107 1231 ex
2134 1192 2246 1232 me-

679 1281 887 1327 morato
919 1272 1102 1326 codice
1137 1270 1419 1335 Mart-.bali,
1471 1284 1632 1339 quem
1685 1269 1887 1324 habent
1925 1269 2246 1325 Claromon-

676 1364 787 1419 tani
828 1363 1016 1418 Patres
1061 1363 1346 1418 Societatis
1386 1360 1510 1416 Jesu
1567 1362 1924 1416 :adnotatum
1965 1362 2107 1415 enim
2161 1372 2247 1416 est

677 1464 803 1510 ante
834 1454 1196 1518 Ezecltielem,
1234 1454 1432 1507 librum
1478 1452 1622 1507 hunc
1665 1467 1731 1507 ex
1757 1451 2010 1520 Hexaplis
2037 1452 2244 1508 descri-

675 1556 826 1619 ptum
852 1561 1002 1608 esse;
1028 1558 1331 1602 correctum
1385 1560 1513 1600 vero
1541 1547 1607 1600 ad
1641 1544 2005 1612 Tetraplorum
2036 1547 2193 1599 [idem
2228 1564 2242 1600 :

678 1639 1012 1708 postmodum
1060 1637 1285 1692 subest:
1325 1637 1517 1691 ’Ἃτινα
1553 1636 1647 1690 καὶ
1686 1635 1850 1690 αὑτοῦ
1882 1636 2243 1708 (Ὠριγὲνους)

675 1731 818 1803 χειρὶ
841 1729 1134 1800 διώρθωτο,
1168 1728 1261 1781 καὶ
1293 1727 1789 1799 ἐσχολιογράφητοσ
1829 1727 1950 1781 ὅθεν
1986 1728 2245 1792 Εὐσέϐιος

2349 533 2523 587 conati
2573 541 2702 587 sunt
2735 530 2996 584 Eusebius
3027 537 3081 583 et
3118 526 3443 594 Pamphilus,
3475 546 3535 585 ex
3574 532 3669 602 ipso
3699 541 3809 595 αὕτα.

2348 625 2570 697 γράφῳ,
2595 626 2739 693 quod
2766 631 2886 677 erat
2914 621 2965 675 in
3005 618 3319 675 Caesariensi
3354 620 3670 687 bibliotheca;
3700 634 3810 686 ηειί.

2349 729 2518 773 tutam
2547 733 2676 773 vero
2696 725 2751 771 et
2776 729 3017 771 seorsum
3048 729 3238 784 magna
3266 713 3530 783 diligentia
3566 718 3810 789 descriptam

2348 811 2787 882 publicaverunt.
2819 808 2995 878 Atque
3032 821 3095 861 ea
3124 806 3289 862 editio
3318 805 3578 862 Palzestiua
3602 812 3715 867 dicta
3742 829 3810 872 est.

2348 904 2574 957 Summo
2596 901 2801 957 scilicet
2839 900 3096 970 applausu
3143 897 3242 951 fuit
3266 909 3501 968 excepta,
3523 910 3571 955 et
3588 898 3633 956 in
3655 902 3813 962 Jerusa-

2346 993 2505 1065 lytnaa
2555 993 2785 1062 aliisque
2813 990 3048 1047 Orientis
3090 989 3343 1045 Ecclesiis
3388 992 3631 1047 decantari
3671 1010 3813 1066 ctepta,

2326 1095 2399 1148 .et
2421 1086 2760 1139 librariorum
2790 1099 2933 1152 saepe
2954 1098 3075 1137 eam
3107 1085 3160 1136 in
3187 1083 3427 1153 publicos
3451 1099 3566 1139 usus
3581 1090 3815 1144 exscriben-

2348 1176 2479 1231 tium
2515 1175 2701 1230 labore
2723 1174 3068 1230 disseminata
3104 1175 3301 1245 passim
3328 1188 3389 1228 ac
3409 1189 3695 1246 propagata;
3730 1197 3813 1238 cum

2348 1280 2566 1339 propter
2617 1271 2859 1325 auctoris
2907 1271 3125 1335 famam,
3161 1280 3212 1323 et
3251 1270 3628 1325 emendatorum
3650 1275 3815 1331 nobilem

2346 1363 2667 1430 doctrinam,
2718 1370 2834 1418 tum
2865 1373 3086 1435 propter
3135 1360 3317 1430 operis
3351 1363 3513 1430 ipsius
3562 1364 3817 1434 dignitatem.

2347 1454 2520 1520 Hujus
2546 1455 2799 1513 editionis
2826 1465 2882 1511 et
2932 1455 3325 1509 emendationis
3360 1454 3650 1511 luculentum
3691 1471 3819 1514 exstat

2348 1551 2758 1597 monumentum
2791 1544 2842 1597 in
2871 1546 3056 1599 codice
3082 1543 3278 1599 Renati
3302 1544 3565 1608 Marchali.
3604 1546 3688 1614 jam
3714 1564 3818 1619 saepe

2346 1632 2562 1687 laudato
2581 1673 2596 1699 ,
2633 1635 2685 1689 in
2709 1649 2815 1704 quo
2842 1646 2961 1702 post
2982 1635 3232 1692 Jeremize
3254 1637 3444 1691 librum
3469 1618 3820 1709 adnotatum°est,

2348 1725 2676 1794 descriptum
2705 1741 2827 1780 eum
2853 1742 2974 1782 esse
2997 1743 3060 1783 ex
3092 1728 3343 1799 Origenis
3366 1729 3619 1798 Hexaplis,
3635 1742 3676 1785 et
3693 1748 3821 1789 eaten-

676 1822 788 1893 ὲγὼ
835 1822 903 1876 τὰ
946 1823 1132 1892 σχόλια.
1173 1820 1479 1892 παρέθηκαο
1514 1821 1795 1892 Πάμφιλος
1839 1822 1934 1875 καὶ
1980 1822 2250 1885 Ἐυσέὃιος

2214 1839 2250 1885 ις
2283 1803 2322 1858 Β
2353 1818 2534 1871 datum
2583 1834 2648 1871 ex
2684 1818 2941 1888 Tetraplis
2998 1836 3157 1875 manu
3218 1823 3387 1892 ipsius
3425 1823 3668 1890 exaratis;
3705 1826 3820 1895 idque

674 1913 1075 1987 διωρθώσαντο.
1127 1932 1144 1963 ι
1170 1912 1298 1977 Qua:
1322 1909 1610 1981 (Tetrapla)
1634 1913 1799 1980 ipsius
1820 1910 2108 1981 (Origenis)
2138 1925 2250 1963 ma-

676 2022 748 2062 nu
778 2007 1083 2068 emendata,
1114 2012 1166 2058 et
1194 2002 1412 2056 scltoliis
1435 2003 1707 2057 succincta
1737 2011 1891 2056 erant
1916 2020 1929 2056 :
1953 2001 2088 2070 (99")
2109 2001 2249 2056 unde

602 2128 611 2141 -
673 2112 776 2169 ego
814 2097 1072 2151 Eusebius
1116 2094 1317 2150 scholia
1348 2094 1569 2163 apposui
1607 2111 1621 2149 :
1654 2091 1962 2163 Pamphilus
1995 2102 2051 2148 et
2080 2092 2250 2148 Euse-

676 2189 798 2246 bius
824 2189 1197 2243 emendarunt.
1220 2206 1239 2238 ι

747 2280 880 2337 VIII.
913 2281 1062 2349 Apud
1115 2281 1310 2336 multos
1358 2282 1499 2335 hanc
1526 2279 1831 2350 opinionem
1876 2280 2249 2349 percrebuisse

674 2373 854 2437 video,
884 2371 1170 2441 Origenem
1202 2385 1309 2440 quo
1344 2372 1637 2439 parabilior
1661 2381 1805 2424 esset
1825 2375 2109 2425 emendata
2133 2386 2162 2422 a
2190 2386 2250 2425 se

674 2463 839 2519 editio
867 2464 1151 2519 Seniorum
1175 2460 1554 2534 Septuaginta,
1581 2463 1813 2518 edidisse
1836 2477 1958 2517 eam
1977 2478 2244 2527 seorsum,

674 2565 732 2611 et
769 2559 833 2610 ex
875 2556 1077 2626 ingenti
1111 2555 1472 2625 Hexaplorum
1512 2553 1651 2608 mole
1680 2554 1983 2619 exemisse;
2030 2556 2165 2609 adeo
2191 2563 2250 2608 ut

675 2647 915 2709 solitaria
966 2647 1075 2710 illa,
1108 2647 1332 2702 alterius
1380 2661 1501 2717 qua:
1534 2646 1839 2701 habebatur
1889 2647 1942 2700 in
1993 2644 2247 2715 Hexaplis

673 2739 818 2793 unde
839 2748 956 2793 erat
982 2737 1240 2806 profecta,
1268 2751 1523 2808 germana
1550 2746 1713 2800 esset,
1746 2747 1801 2791 et
1829 2739 1975 2791 omni
2006 2752 2074 2791 ex
2099 2748 2249 2806 parte

675 2830 885 2885 similis.
919 2828 1078 2883 Ratio
1126 2830 1281 2883 istius
1310 2829 1578 2896 opinionis
1604 2829 1776 2882 valida
1815 2829 1954 2882 nulla
2001 2828 2243 2884 affertur.

675 2919 1017 2974 Probabilior
1046 2917 1175 2971 mihi
1214 2919 1428 2972 videtur
1482 2918 1749 2972 sententia
1794 2917 2017 2973 Joannis
2061 2919 2246 2989 Bapti-

675 3023 774 3067 stae
814 3011 1004 3066 Morini
1026 3010 1091 3077 ⁸³,
1127 3010 1228 3065 viri
1268 3010 1587 3077 doctissimi,
1621 3011 1913 3067 editionem
1942 3012 2101 3076 .illam
2136 3013 2246 3068 τῶν

673 3101 730 3157 O'
763 3120 829 3159 ex
858 3102 1200 3173 Origenianis
1231 3101 1486 3169 Ilexaplis
1533 3103 1859 3173 descriptam
1916 3104 1982 3158 ab
2017 3106 2246 3161 Eusebio

671 3206 728 3252 et
777 3195 1086 3265 Pamphilo,
1143 3204 1202 3248 et
1249 3197 1480 3264 primum
1530 3196 1831 3265 evulgatam
1880 3197 2237 3263 arbitrantis;

666 3287 823 3360 juxta
869 3286 998 3341 illud
1052 3286 1361 3356 Hieronymi
1411 3287 1463 3340 in
1513 3286 1730 3341 Praefat.
1779 3287 1845 3341 ad
1900 3286 2132 3356 Paralip.
2173 3290 2242 3343 ad

671 3379 1029 3436 Chromatium
1063 3392 1082 3430 :
1131 3378 1494 3435 «Alexandria
1529 3388 1582 3433 et
1610 3377 1872 3448 Egyptus
1911 3379 1964 3433 in
2011 3380 2241 3449 Septua-

673 3474 817 3542 ginta
847 3472 961 3527 suis
988 3470 1509 3542 l-lesycltinmlaudat
1538 3479 1834 3526 auctorem.
1864 3472 2243 3528 Consmntino—

670 3565 811 3635 polis
849 3577 1016 3631 usque
1063 3561 1402 3616 Antiochiam
1434 3559 1656 3615 Luciani
1696 3563 1946 3633 martyris
1969 3564 2239 3634 exempla-

672 3656 750 3712 ria
785 3656 997 3727 probat.
1054 3654 1238 3708 Media:
1275 3655 1413 3708 inter
1448 3654 1546 3708 ltas
1587 3655 1877 3722 provincia:
1930 3655 2242 3712 Palaestinos

671 3748 885 3803 codices
912 3749 1136 3817 legunt;
1187 3761 1325 3815 quos
1357 3746 1425 3801 ab
1471 3744 1703 3815 Origene
1748 3747 2053 3804 elaboratos
2074 3750 2242 3805 Ense-

671 3842 793 3897 bius
822 3849 876 3894 et
901 3837 1213 3908 Pamphilus
1233 3838 1601 3907 vulgavernnt.
1631 3857 1649 3890 ι
1683 3838 1814 3893 Nam
1841 3856 1962 3896 cum
1997 3840 2242 3913 frequen-

673 3940 756 3987 ter
785 3931 1225 3986 exscriberentur
1249 3929 1490 3999 Hexapla
1530 3931 1582 3985 in
1623 3931 2006 3999 Ecclesiarum,
2051 3936 2238 3992 docto-

671 4036 901 4092 rumque
938 4023 1212 4075 ltomittutn
1249 4036 1427 4087 usum,
1462 4024 1612 4078 novis
1635 4024 1687 4078 in
1726 4024 1840 4080 dies
1863 4025 2239 4084 deformaban-

674 4125 761 4171 tur
789 4117 1025 4171 sordium
1062 4117 1517 4186 inquinamentis;
1570 4134 1691 4173 cum
1720 4124 2015 4188 praesertim
2049 4126 2237 4180 asteri-

671 4223 890 4264 scorum
916 4218 967 4263 et
1001 4209 1281 4263 obelorum
1313 4211 1712 4266 adnatationem
1731 4214 1813 4268 vel
1841 4215 2057 4283 insuper
2071 4218 2234 4272 habe-

671 4294 793 4354 rent
840 4298 1066 4360 librarii,
1115 4298 1198 4353 vel
1239 4313 1342 4353 non
1382 4301 1515 4354 satis
1553 4300 1838 4371 diligenter
1888 4306 2238 4363 administra-

668 4376 790 4445 rent
814 4407 827 4444 :
855 4390 994 4444 unde
1024 4389 1211 4459 ingens
1233 4390 1501 4445 incidebat
1524 4406 1700 4445 rerum
1725 4394 2075 4461 perturbatio,
2111 4410 2239 4451 cono

2348 1925 2510 1981 opera
2535 1909 2797 1981 Pamphili
2820 1921 2877 1967 et
2898 1910 3132 1967 Eusebii.

2418 2005 2496 2056 En
2527 2003 2619 2057 tibi
2651 2005 2763 2074 jam
2806 2007 2987 2075 itaque
3019 2005 3213 2076 triplex
3249 2005 3415 2060 editio
3442 2004 3733 2077 Septuaginta
3754 2010 3822 2067 Se.

2348 2110 2511 2162 num;
2554 2096 2875 2167 Origeniana
2927 2099 3042 2153 bare
3084 2114 3203 2166 quae
3229 2099 3282 2151 in
3314 2097 3550 2164 Παιανιέι
3592 2102 3822 2156 mutineba-

2351 2195 2472 2252 tur;
2522 2187 2688 2242 altera
2735 2189 2983 2257 privatim
3021 2191 3165 2243 edita
3198 2191 3270 2243 ab
3314 2188 3533 2245 Eusebio
3558 2199 3605 2245 et
3642 2191 3821 2260 Pamphi-

2351 2277 2421 2343 lo,
2472 2293 2593 2348 qua:
2634 2280 2828 2349 prioris
2875 2294 3020 2334 mere
3068 2295 3339 2359 germana.
3374 2291 3519 2346 erat;
3559 2283 3688 2335 tertla
3717 2293 3821 2336 vetns

2350 2370 2437 2425 illa
2471 2387 2591 2440 quae
2614 2372 2859 2441 Origenis
2886 2372 3321 2427 emendationem
3355 2374 3626 2441 praacessit,
3649 2383 3693 2427 et
3717 2375 3821 2444 κοινὴ

2349 2478 2442 2516 seu
2467 2461 2692 2533 Vulgata
2720 2464 2984 2533 appellata
3031 2472 3133 2527 est,
3162 2478 3394 2533 quaeque
3436 2463 3676 2532 multiplex
3710 2465 3822 2516 etdi-

2347 2568 2502 2608 versa
2535 2554 2656 2613 fuit.
2686 2565 2874 2623 utpote
2902 2556 3079 2608 varias
3136 2569 3297 2622 passa
3340 2555 3727 2610 adulterationes.
3745 2553 3820 2607 Non

2348 2643 2455 2698 alia
2493 2654 2669 2698 autem
2706 2645 3051 2715 Septuaginta
3093 2646 3455 2716 lnterpretum
3501 2647 3644 2702 edi-tio
3665 2661 3823 2714 usurpa-

2348 2736 2506 2789 batur
2538 2735 2697 2806 vulgo
2720 2747 2845 2791 ante
2886 2736 3198 2807 Origenem,
3232 2720 3395 2809 quam
3426 2755 3537 2809 qua:
3571 2740 3698 2811 κοινὴ
3724 2740 3822 2794 dicc-

2348 2827 2527 2883 batur.
2568 2827 2720 2882 Hanc
2761 2830 3172 2897 appellationem
3213 2831 3419 2887 idcirco
3454 2842 3701 2887 consecuta
3727 2840 3821 2896 erat,

2346 2919 2490 2988 quod
2528 2920 2666 2973 nulla
2709 2935 2804 2989 per
2831 2922 3105 2977 Orientem
3150 2923 3448 2994 Scriptura:
3470 2925 3620 2979 editio
3640 2924 3822 2993 frequen-

2348 3011 2469 3065 tiori
2505 3028 2603 3066 usu
2652 3023 3045 3070 contereretur.
3104 3017 3220 3085 Quo
3275 3020 3468 3072 factum
3507 3030 3598 3081 est,
3624 3028 3671 3071 ut
3709 3018 3824 3072 editio

2348 3104 2501 3176 κοινὴ
2525 3121 2627 3160 non
2663 3122 2822 3160 unam
2850 3108 3088 3178 aliquam
3124 3122 3173 3165 et
3214 3112 3534 3180 peculiarem
3558 3109 3820 3179 Septuaginta

2350 3195 2549 3251 Senum
2574 3199 2861 3253 editionem
2888 3211 3077 3256 notare
3109 3202 3308 3258 deinde
3332 3205 3566 3272 coeperit,
3597 3201 3676 3256 sed
3705 3202 3821 3269 ipsam

2347 3290 2660 3345 eorumdcm
2701 3291 3055 3361 interpretum
3093 3296 3498 3349 conversionem
3542 3292 3734 3364 generali
3757 3309 3821 3361 ap-

2347 3382 2632 3451 pellatione
2674 3383 3075 3452 significaverit.
3121 3385 3253 3440 Rem
3320 3401 3425 3442 uno
3466 3388 3616 3441 verbo
3640 3385 3819 3455 expedio.

2352 3472 2684 3528 Vocabulum
2710 3475 2856 3540 illud,
2886 3477 3061 3549 κοινὴ,
3096 3478 3283 3546 generi
3319 3488 3374 3533 et
3404 3478 3588 3547 speciei
3612 3494 3820 3534 commune

2346 3564 2468 3631 fuit,
2502 3578 2557 3620 ut
2587 3567 2707 3620 alite
2752 3567 3017 3639 pleraeque
3047 3585 3206 3624 voces
3242 3589 3256 3624 :
3303 3572 3502 3640 generi,
3526 3587 3632 3625 cum
3649 3570 3822 3639 qualem-

2346 3674 2557 3727 cunque
2600 3659 2709 3712 τῶν
2741 3662 2795 3712 O’
2826 3661 3116 3716 editionem
3151 3666 3400 3731 notavit;
3452 3664 3647 3734 speciei,
3674 3678 3765 3717 cunt
3789 3659 3821 3712 ci

2346 3751 2444 3807 soli
2474 3751 2687 3805 addicta
2734 3762 2835 3818 est,
2865 3768 2984 3822 quae
3027 3765 3149 3809 ante
3191 3755 3442 3826 Origenis
3481 3755 3822 3812 emendationem

2347 3842 2844 3900 circumferebatur.
2888 3844 3095 3913 Speciei
3136 3849 3336 3902 tributa
3377 3859 3460 3904 est
3494 3850 3711 3918 primum,
3738 3844 3822 3898 inde

2347 3939 2411 3991 ad
2461 3951 2629 4007 genus
2684 3938 2855 4006 ipsum
2901 3940 3171 3997 transivit.
3213 3941 3565 4008 Quamobrem
3605 3938 3825 4009 aliquando

2348 4028 2706 4100 Hieronymus
2731 4031 2858 4095 τοὺς
2883 4034 2958 4098 0',
2994 4033 3060 4087 ab
3083 4031 3317 4104 Origene
3350 4036 3545 4091 scilicet
3568 4033 3822 4092 emendatos,

2345 4137 2375 4176 a
2403 4125 2555 4195 κοινῇ
2586 4124 2903 4193 distinguit;
2935 4126 3223 4195 aliquando
3257 4145 3378 4182 cum
3429 4146 3488 4183 ea
3525 4127 3762 4197 permiscet
3788 4131 3824 4176 el

2346 4217 2645 4272 confundit.
2682 4216 2971 4286 Distinguit
2998 4219 3212 4287 quidem
3235 4221 3289 4275 in
3327 4220 3580 4276 Protemiu
3605 4219 3660 4273 ad
3680 4218 3821 4271 librum

2345 4323 2435 4363 xvt
2464 4307 2825 4364 Commentar.
2850 4312 2905 4363 in
2940 4309 3163 4370 Isaiam.
3199 4331 3217 4364 ε
3241 4311 3486 4382 Liquido,
3516 4312 3681 4381 inquit,
3706 4305 3824 4363 conli-

2348 4411 2519 4456 tentes
2542 4401 2593 4456 in
2623 4400 2885 4457 llebraico
2916 4417 3018 4456 non
3063 4403 3274 4469 haberi,
3305 4421 3406 4461 nec
3445 4420 3557 4459 esse
3583 4404 3627 4456 itt
3652 4401 3821 4468 Septua-

604 4479 609 4483 ’
668 4482 801 4536 fusis
826 4492 880 4536 et
903 4482 1178 4550 permistis
1207 4497 1327 4536 cum
1360 4481 1708 4553 Septuaginta
1741 4484 1939 4539 Senum
1968 4486 2227 4554 interpre.
2268 4515 2314 4573 υ
2346 4494 2493 4563 ginta
2527 4491 2941 4561 lnterpretibus,
2971 4496 3065 4549 sed
3108 4497 3159 4549 in
3215 4496 3451 4552 editione
3481 4497 3707 4564 Vulgata,
3742 4501 3823 4559 qut

669 4575 872 4629 latione
894 4575 1279 4629 Theodotiouis
1327 4575 1708 4631 additamentis
1750 4595 1765 4631 :
1817 4596 1836 4627 ί
1869 4576 2231 4633 Misericordia

666 4676 715 4721 ct
761 4668 975 4729 veritas,
1008 4668 1181 4737 inquit
1227 4669 1584 4739 Hieronymus
1620 4669 1671 4723 in
1709 4670 1879 4739 Epist.
1916 4673 1981 4725 ad
2012 4671 2146 4729 Sun.
2179 4685 2234 4730 et

667 4756 909 4820 Fretell.,
929 4759 1258 4812 obviavcruut
1279 4760 1378 4813 sibi
1404 4761 1449 4791 °‘
1471 4779 1484 4814 :
1505 4768 1559 4814 et
1579 4760 1758 4815 dicitis
1781 4763 1920 4829 quod
1949 4763 1999 4815 in
2022 4762 2229 4828 Graeco,

665 4849 789 4915 sibi,
846 4863 950 4901 non
1000 4848 1262 4902 habeatur
1306 4870 1319 4904 :
1364 4851 1511 4915 ἔλεος
1564 4853 1655 4906 καὶ
1696 4852 1919 4925 ἀλήθεια
1969 4856 2231 4928 συνήντη-

666 4958 796 4994 σανο
853 4939 904 4993 id
932 4949 1036 5005 est,
1078 4937 1438 4995 Misericordia
1480 4951 1530 4996 et
1579 4943 1766 4997 veritas
1822 4960 2235 5015 concurrerunt;

664 5034 744 5087 sic
774 5034 827 5086 in
867 5031 1092 5087 Iiebra’o
1127 5033 1378 5099 habetur,
1415 5044 1471 5088 et
1518 5036 1656 5103 apud
1691 5034 2038 5104 Septuaginta
2080 5041 2236 5120 qbelo

665 5132 1019 5191 przenotatum
1055 5132 1187 5176 est:
1235 5136 1354 5190 qua:
1388 5123 1537 5193 signa
1591 5125 1714 5178 dum
1764 5141 1859 5194 per
1908 5128 2234 5196 scriptorum

666 5215 1052 5285 negligentiam
1084 5231 1113 5267 a
1161 5213 1430 5283 plerisque
1458 5213 1611 5283 quasi
1634 5216 1898 5284 superﬂua
1925 5219 2239 5289 relinquun-

672 5314 783 5368 tur,
830 5320 1057 5372 magnus
1092 5306 1144 5360 in
1186 5305 1410 5373 legendo
1444 5319 1596 5358 error
1638 5305 1901 5361 oboritur.
1926 5327 1943 5359 ι
1974 5308 2237 5372 Loquitur

665 5398 730 5452 de
755 5396 990 5451 editione
1012 5397 1119 5451 τῶν
1141 5399 1196 5451 Ο¹
1222 5412 1340 5467 quae
1371 5396 1625 5467 Hexaplis
1652 5399 1839 5453 iuerat.
1867 5400 2236 5471 Degeneraule

2343 4583 2529 4640 Graece
2557 4583 2711 4654 κοινὴ
2763 4585 2980 4651 dicitur,
3015 4585 3069 4641 ét
3121 4587 3173 4640 in
3209 4597 3321 4642 toto
3353 4588 3480 4641 orbe
3505 4588 3691 4641 diversa
3712 4590 3817 4636 est.»

2343 4674 2689 4745 Septuaginta
2718 4675 3044 4746 lnterpretes
3081 4678 3260 4748 signat
3287 4680 3355 4734 ab
3382 4679 3598 4749 Origene
3631 4671 3819 4730 emenda-

2344 4777 2426 4821 tos
2445 4778 2497 4822 et
2524 4767 2574 4820 in
2605 4767 2841 4838 Epistula
2864 4769 2929 4822 ad
2964 4765 3097 4822 Sun.
3124 4778 3178 4824 et
3200 4771 3415 4826 Fretell.
3441 4792 3453 4828 :
3479 4793 3494 4824 ι
3522 4769 3670 4840 Κοινὴ
3694 4779 3817 4823 autem

2342 4859 2463 4923 ista,
2498 4859 2599 4913 hoc
2639 4871 2721 4914 est
2764 4860 3063 4916 communis
3085 4861 3272 4930 editio,
3313 4864 3423 4933 ipsa
3463 4874 3662 4933 estquae
3685 4870 3728 4915 et
3755 4859 3818 4913 Se-

2345 4949 2652 5016 ptuaginta;
2690 4951 2784 5004 sed
2814 4951 2916 5005 hoc
2957 4952 3184 5007 interest
3227 4955 3369 5010 inter
3416 4966 3689 5024 utramque,
3720 4951 3812 5020 quod

2349 5039 2498 5111 κοινὴ
2527 5056 2623 5110 pro
2651 5042 2781 5097 locis
2800 5053 2855 5098 et
2880 5047 3238 5116 temporibus,
3270 5057 3325 5105 et
3346 5065 3441 5118 pro
3466 5048 3705 5102 voluntate
3727 5041 3812 5098 scti-

2343 5140 2552 5200 ptorum
2583 5143 2824 5188 veterum
2857 5150 3108 5208 corrupta
3145 5141 3311 5196 editio
3340 5150 3438 5197 est.
3462 5140 3531 5195 Ea
3559 5153 3709 5193 autem
3734 5147 3813 5203 qua:

2346 5222 2578 5277 habetur
2612 5224 2662 5279 in
2706 5227 3007 5294 Ἑξαπλοῖς,
3043 5240 3097 5285 et
3126 5246 3287 5301 quam
3319 5246 3415 5286 nos
3459 5230 3704 5290 vertimus,
3738 5225 3812 5291 ipsa

2343 5326 2426 5371 est
2447 5333 2566 5386 quae
2598 5320 2649 5373 in
2680 5322 3010 5377 eruditorum
3042 5323 3194 5379 libris
3231 5326 3525 5395 incorrupta
3554 5332 3605 5378 et
3624 5322 3811 5385 immacu-

2344 5405 2450 5462 lata
2482 5407 2828 5482 Septuaginta
2865 5412 3222 5485 [interpretum
3258 5416 3527 5472 translatio
3560 5416 3808 5468 reservatur.

734 5559 779 5591 ⁸³
796 5556 952 5613 Joan.
977 5558 1036 5613 Β.
1068 5557 1258 5613 Morin.
1289 5560 1340 5614 in
1373 5557 1533 5615 Praef.
1569 5526 1633 5613 ad
1671 5558 1835 5615 LXX.
1912 5563 1958 5594 “
1984 5563 2125 5620 Psal.
2154 5580 2375 5638 Lxxxrv,
2406 5570 2488 5627 ll.

737 5653 866 5719 (99')
899 5652 1048 5725 Un_de
1080 5672 1171 5724 ego
1206 5653 1462 5710 Eusebius
1497 5656 1693 5709 scholia
1735 5659 1970 5725 apposui,
2005 5668 2109 5712 etc.
2153 5661 2231 5716 Ex

667 5719 752 5798 his
781 5733 925 5800 patet
958 5719 1218 5800 Tetruplis
1257 5741 1389 5800 uo_va
1411 5726 1703 5800 Eusebium
1726 5719 1998 5800 adiecisse
2025 5730 2228 5800 scholia

672 5793 722 5841 in
748 5793 1060 5858 quibusdam
1088 5793 1276 5849 saltem
1305 5795 1595 5864 Scriptura:
1619 5796 1768 5852 libris
1800 5793 1993 5867 Tidque
2022 5799 2074 5853 itt
2101 5800 2231 5870 alio,

2335 5679 2390 5721 ut
2417 5668 2642 5739 videtur.
2673 5684 2833 5737 quant
2866 5668 3187 5738 Origeniano
3220 5668 3537 5739 exemplari,
3581 5662 3695 5734 quod
3742 5668 3810 5739 ριξ-

2334 5748 2590 5795 stremum
2614 5734 2876 5809 Pamphili
2901 5752 2951 5796 et
2966 5734 3198 5798 'Eusebii
3232 5734 3390 5812 opera
3424 5740 3718 5796 emendatum
3733 5734 3810 5781 est
