4068 6312
238 390 261 446 ί
274 390 373 446 Ξ49

1082 380 1651 439 ORIGENIANORUM
1689 380 1817 436 UB.
1859 380 1949 443 Ill,
1989 380 2140 435 CAP.
2182 378 2247 443 H,
2290 377 2483 435 SECT.
2526 378 2606 435 IV.

3348 378 3486 434 1250

236 503 507 574 Quidquid
556 515 685 569 ergo
715 502 783 555 ab
823 503 927 555 hac
958 500 1245 568 discrepat,
1304 497 1433 551 nulli
1479 496 1701 549 dubium
1732 503 1815 549 est
1847 501 1889 557 Α
1920 493 2029 546 bat.
2060 492 2247 547 Media:
2280 506 2436 546 nncr-
2468 494 2567 546 has
2599 490 2895 562 provincia:
2925 489 3239 547 Palaasﬁnos
3275 492 3488 548 codices

236 599 367 668 quin
399 598 471 651 ita
506 604 560 650 et
600 595 668 649 ab
713 593 1055 648 Hebrteorum
1103 590 1425 643 auctoritate
1469 588 1759 641 discordet.
1789 604 1808 638 ι

238 689 532 744 Confnndit
571 702 697 741 vero
722 689 848 748 τοὺς
878 684 931 737 Ο¹
954 700 1074 738 cum
1106 681 1331 751 Vulgata
1369 680 1462 735 iib.
1493 694 1550 734 Ix
1577 679 1632 731 in
1654 677 1814 731 Isaia:

238 799 372 846 xxx,
403 782 495 836 20.
545 799 562 831 σ
586 780 834 843 Multum,
878 778 1070 848 inquit,
1108 777 1159 829 in
1187 776 1286 830 hoc
1314 774 1434 827 loco
1464 772 1814 842 Septuaginta

239 875 429 937 editio,
460 872 889 939 Hebraicumque
922 867 1258 921 discordant.
1310 865 1550 919 Primum
1586 877 1721 934 ergo
1752 864 1819 917 de

242 965 473 1035 Vulgata
505 964 879 1018 tractabimus.
910 981 929 1014 ι
970 960 1250 1029 Vulgatam
1296 958 1586 1013 editionem
1635 956 1822 1027 appel-

242 1060 319 1113 lat
342 1061 468 1122 τοὺς
500 1060 576 1120 0',
609 1071 837 1128 quorum
888 1055 1053 1109 verba
1111 1052 1316 1123 profert
1366 1070 1381 1107 ;
1412 1050 1616 1121 profert
1644 1061 1821 1102 autem

243 1151 313 1205 de
366 1150 643 1218 Hexaplis.
703 1148 764 1202 Et
795 1147 848 1201 in
879 1146 1097 1201 Pratfat.
1140 1144 1445 1200 Comment.
1478 1145 1532 1196 in
1571 1142 1774 1195 Daniel.
1805 1158 1819 1195 :

249 1262 268 1293 ‹
295 1242 560 1312 Origenes
607 1241 675 1296 de
708 1239 1100 1294 Theodotionis
1130 1251 1292 1307 Opere
1321 1237 1386 1303 in
1432 1235 1667 1289 editione
1699 1232 1828 1286 Vul-

242 1348 373 1405 gata
408 1334 701 1387 asteriscos
738 1331 937 1400 posuit.
972 1348 990 1381 ι
1028 1330 1093 1383 Et
1133 1329 1186 1381 in
1221 1326 1459 1397 Epistola
1496 1327 1559 1379 ad
1602 1325 1826 1380 Suniam

241 1436 299 1480 et
330 1424 553 1480 Fretell.
591 1443 609 1474 ε
647 1422 798 1477 Licet
826 1422 877 1475 in
909 1420 1260 1490 Septuaginta
1292 1428 1347 1473 et
1390 1418 1442 1471 in
1478 1416 1730 1485 Hexaplis
1756 1417 1828 1469 ita

242 1518 571 1585 repererim.
599 1534 617 1567 ι
659 1514 769 1569 Hoc
804 1522 889 1568 est
923 1513 974 1566 in
1008 1510 1255 1583 Vulgata,
1288 1520 1341 1564 et
1373 1510 1425 1565 iu
1455 1509 1542 1564 illa
1573 1507 1834 1578 Hexapto-

243 1626 385 1663 rum.
433 1607 657 1676 Vulgata
701 1604 981 1674 speciatim
1019 1612 1074 1657 et
1112 1603 1328 1672 proprie
1370 1601 1513 1655 dicta
1548 1601 1835 1654 utebantur

249 1696 421 1756 Sunia
453 1712 505 1755 et
536 1699 786 1764 Fretella,
821 1696 922 1765 piae
961 1706 1017 1751 et
1056 1696 1283 1751 eruditae
1312 1693 1527 1749 femina:
1558 1710 1571 1746 :
1606 1690 1833 1746 multum

249 1797 339 1849 illa
371 1811 398 1848 a
428 1792 749 1862 primigenio
783 1789 1076 1858 exemplari
1103 1785 1419 1842 deﬂexerat.
1458 1784 1549 1838 Ha:
1580 1792 1839 1853 rogarunt

250 1888 665 1953 Hieronymum,
700 1891 757 1936 ut
791 1881 1144 1950 plurimorum
1184 1877 1436 1932 Psalterii
1480 1875 1745 1938 locorum,
1776 1874 1828 1927 in

249 1981 447 2049 quibus
483 1977 667 2032 Graeca
705 1990 733 2028 a
767 1972 974 2027 Latinis
1016 1969 1386 2035 dissonabant,
1426 1966 1719 2037 legitimam
1754 1965 1830 2019 le-

248 2073 487 2127 ctionem
519 2085 584 2123 ex
617 2067 876 2123 Hebraica
909 2067 1137 2122 veritate
1191 2063 1292 2118 sibi
1329 2062 1583 2117 traderet.
1626 2058 1828 2113 Morem

246 2164 419 2235 gessit
442 2162 821 2233 Hieronymus,
846 2167 901 2213 et
930 2159 1191 2227 prolixam
1216 2155 1501 2223 rescripsit
1523 2151 1829 2222 epistolam,

244 2273 324 2312 ex
368 2257 523 2327 cujus
562 2254 870 2310 evolutione
918 2253 1119 2315 discas,
1176 2248 1309 2319 quid
1346 2245 1633 2314 Vulgatam
1689 2244 1831 2298 inter

243 2348 567 2409 editionem,
593 2345 818 2399 et-illam
859 2358 978 2412 qua:
1007 2341 1227 2410 jacebat
1261 2340 1314 2393 in
1342 2335 1620 2406 Ilexaplis,
1648 2334 1833 2389 discri-

246 2443 418 2497 minis
445 2438 772 2495 interfuerit.

327 2574 417 2630 lX.
461 2575 594 2628 Dum
630 2573 768 2626 hanc
808 2568 1171 2624 emaculandis
1222 2565 1573 2637 Septuaginta
1604 2562 1831 2617 Senibus

252 2670 533 2724 navabaut
580 2681 801 2734 Operam
840 2662 1104 2717 Eusebius
1155 2670 1210 2716 et
1236 2659 1583 2727 Pamphilus;
1637 2656 1831 2711 similis

258 2776 392 2815 cura
438 2756 766 2827 llesychinm
805 2754 1131 2808 monachum
1181 2753 1232 2805 in
1264 2750 1517 2821 Egypto,
1556 2758 1608 2802 et
1636 2747 1830 2801 Lucia-

260 2867 387 2906 num
416 2850 717 2905 Antiochia:
767 2846 955 2901 eodem
992 2844 1213 2897 circiter
1256 2854 1495 2910 tempore
1520 2841 1828 2894 exercebat.

258 2943 328 2998 Hi
362 2945 594 3013 priscam
649 2939 795 2994 illam
822 2936 1142 2999 editionem,
1170 2933 1353 3003 κοινὴν
1392 2932 1617 2995 dictam,
1659 2930 1834 2984 defor—

260 3051 402 3090 mem
433 3033 664 3097 mendis,
718 3041 767 3086 et
802 3029 1073 3085 sexcentis
1099 3024 1344 3081 vitiatam
1375 3025 1507 3079 locis
1547 3033 1754 3077 mutare
1779 3022 1831 3075 in

259 3127 453 3182 melius
486 3123 722 3195 aggressi
750 3128 894 3178 sunt.
934 3119 1203 3174 Adhibitis
1228 3131 1357 3187 ergo
1392 3116 1618 3170 vetustis
1642 3113 1833 3183 Vulga-

1914 586 2133 654 legunt;
2179 600 2313 653 quos
2365 585 2433 639 ab
2481 583 2715 654 Origene
2772 584 3075 638 elaboratos
3126 582 3388 639 Eusebius
3438 594 3493 640 et

1910 676 2228 745 Pamphilus
2262 676 2624 746 vulgaverunt
2651 719 2667 741 ,
2714 685 2968 744 totusque
3020 675 3169 729 orbis
3213 676 3316 731 hac
3351 677 3494 731 inter

1917 782 1977 823 se
2006 766 2211 821 trifaria
2239 768 2505 823 varietate
2530 777 2876 840 compugnat.
2910 786 2929 819 ι

1990 898 2058 953 Χ.
2088 898 2352 954 Caeterum
2385 900 2495 953 veri
2529 899 2659 953 mihi
2688 899 2898 953 videtur
2932 899 3280 967 simillimum,
3305 898 3496 955 Lucia-s

1921 1008 2050 1048 num
2079 992 2275 1061 ipsum,
2314 1000 2368 1044 et
2396 989 2720 1060 Hesychium
2748 1006 2866 1045 cum
2900 990 3082 1063 κοινὴν
3115 992 3493 1054 emendabant,

1924 1093 1981 1137 ut
2008 1082 2259 1152 Origenis
2304 1079 2657 1134 imitabantur
2698 1081 2956 1145 studium,
2994 1082 3064 1135 ita
3106 1082 3497 1137 emendationis

1928 1176 2192 1230 rationem
2233 1174 2490 1239 tenuisse,
2524 1182 2580 1227 et
2613 1173 2784 1228 obelis
2821 1188 2887 1227 ac
2917 1174 3188 1230 asteriscis
3212 1174 3395 1246 κοινὴν
3418 1175 3500 1228 di-

1927 1270 2202 1333 stinxisse,
2231 1270 2388 1339 eique
2416 1268 2798 1325 Tbeodotiouis
2824 1270 3049 1325 lacinias
3079 1270 3334 1325 assuisse.
3363 1269 3499 1324 Cum

1931 1361 2074 1416 enim
2103 1371 2310 1415 certum
2357 1361 2427 1415 sit
2471 1359 2763 1432 IEgyptum
2799 1377 2863 1416 ac
2905 1362 3117 1432 Syriam
3163 1362 3412 1432 Hesychii
3446 1374 3502 1417 et

1932 1453 2153 1508 Luciani
2191 1453 2515 1507 editionibus
2549 1468 2669 1508 esse
2704 1470 2863 1519 usas;
2914 1470 3013 1510 nec
3069 1456 3247 1509 minus
3292 1432 3498 1510 certum

1934 1548 2005 1601 sit
2031 1561 2151 1615 quae
2196 1546 2261 1599 iis
2313 1546 2366 1598 in
2415 1547 2727 1615 regionibus
2789 1549 3188 1616 usurpabantur
3238 1549 3501 1604 editiones

1934 1639 2041 1691 τῶν
2065 1640 2137 1701 0’,
2162 1638 2330 1693 obelis
2353 1638 2519 1694 fuisse
2545 1649 2600 1694 et
2619 1641 2893 1695 asteriscis
2920 1642 3177 1712 signatas,
3203 1642 3356 1711 plane
3377 1642 3505 1697 hinc

1938 1731 2161 1786 efﬁcitur
2184 1731 2429 1801 Hesychii
2456 1742 2507 1786 et
2539 1731 2761 1787 Luciani
2794 1734 3054 1789 editiones
3088 1744 3298 1790 notatas
3336 1736 3505 1792 fuisse

1862 1852 1907 1910 Β
1938 1824 2109 1879 obelis
2147 1834 2201 1877 et
2233 1824 2526 1878 asteriscis.
2564 1824 2922 1896 Hieronymus
2956 1829 3007 1881 in
3040 1827 3310 1884 Proazmio
3342 1828 3503 1884 Com-

1939 1926 2105 1971 ment.
2153 1916 2362 1970 Daniel.
2414 1935 2432 1967 ‹
2460 1916 2564 1971 Sed
2619 1927 2670 1972 et
2716 1916 2976 1988 Origenes
3018 1920 3084 1975 de
3127 1919 3519 1979 Theodotionis,

1931 2024 2092 2078 Opere
2128 2009 2179 2062 in
2207 2009 2442 2063 editione
2482 2008 2711 2079 Vulgata
2746 2013 3036 2067 asteriscos
3063 2015 3265 2082 posuit,
3307 2014 3508 2071 docens

1933 2102 2166 2157 defuisse
2196 2117 2313 2172 quae
2342 2103 2523 2156 addita
2550 2113 2707 2169 sunt;
2740 2112 2796 2158 et
2822 2120 3009 2160 rursus
3033 2108 3292 2175 quosdam
3322 2123 3508 2164 versus

1931 2195 2455 2264 obelispraanotavit,
2480 2195 2748 2263 superﬂua
2770 2212 2997 2266 quaeque
3018 2199 3328 2269 designans.
3346 2200 3507 2255 Cum-

1932 2302 2035 2355 que
2065 2302 2251 2342 omnes
2281 2287 2485 2342 Christi
2520 2288 2797 2355 Ecclesim,
2849 2301 2953 2344 tant
2993 2290 3306 2345 Grazcorum
3348 2310 3507 2363 quam

1930 2378 2264 2444 Latinorum,
2302 2379 2677 2451 Syrorumque
2734 2393 2786 2436 et
2812 2381 3216 2455 Egyptiorum,
3246 2386 3383 2439 hanc
3410 2386 3513 2440 sub

1932 2473 2206 2526 asteriscis
2239 2483 2292 2527 et
2318 2473 2489 2527 obelis
2521 2474 2819 2529 editionem
2857 2477 3056 2546 legant,
3108 2478 3391 2547 ignoscant
3431 2481 3511 2532 in-

1931 2568 2039 2621 vidi
2095 2567 2267 2622 labori
2321 2584 2461 2633 meo,
2496 2569 2588 2638 qui
2642 2572 2785 2624 volui
2837 2572 3041 2626 habere
3094 2586 3331 2636 nostros,
3366 2579 3508 2644 quod

1932 2657 2102 2713 Graeci
2157 2662 2208 2713 in
2258 2659 2487 2728 Aquilze,
2546 2672 2601 2715 et
2632 2662 3043 2730 Theodotionis,
3109 2681 3173 2720 ac
3205 2666 3511 2738 Symmachi

1932 2750 2256 2804 editionibus
2288 2751 2573 2807 lectitant:
2611 2773 2631 2805 ι
2664 2755 2798 2809 etin
2836 2756 3008 2826 Epist.
3046 2757 3134 2822 89,
3168 2760 3511 2829 adAugusti-

1933 2860 2081 2909 num,
2108 2860 2224 2913 cap.
2257 2844 2290 2898 6
2321 2864 2333 2899 :
2368 2864 2387 2896 ι
2418 2846 2508 2900 Vis
2559 2858 2769 2902 amator
2809 2864 2928 2904 esse
2951 2867 3108 2905 verus
3161 2854 3514 2923 Septuaginta

1933 2936 2334 3005 luterpretum?
2371 2954 2476 2993 non
2508 2940 2655 3010 legas
2686 2957 2747 2994 ea
2777 2958 2895 3011 quae
2932 2945 3028 2997 sub
3063 2946 3343 3004 asteriscis
3367 2958 3515 3013 sunt,

1934 3030 2042 3085 imo
2073 3032 2198 3085 rade
2247 3035 2314 3087 de
2341 3033 2724 3097 voluminibus,
2777 3045 2833 3087 ut
2863 3046 3104 3090 veterum
3154 3048 3203 3092 te
3246 3040 3510 3093 fautorem

1936 3123 2130 3191 probes
2162 3141 2177 3177 :
2211 3125 2350 3192 quod
2381 3125 2424 3178 si
2460 3124 2675 3188 feceris,
2712 3142 2901 3181 omnes
2940 3126 3299 3182 Ecclesiarum
3334 3130 3521 3185 biblio-

261 3230 332 3275 ιω
366 3218 521 3287 hujus
554 3212 1012 3284 interpretationis
1043 3209 1440 3280 exemplaribus
1473 3224 1584 3261 rem
1618 3208 1689 3260 ita
1717 3221 1833 3276 ges-
1863 3202 1903 3257 C
1940 3217 2123 3271 thecas
2174 3217 2432 3271 damnare
2455 3220 2703 3287 cogeris;
2739 3221 2823 3272 vix
2867 3223 3007 3273 enim
3045 3236 3182 3275 unus
3234 3233 3323 3276 θυι
3379 3224 3514 3279 θηρι-

255 3323 470 3375 serunt,
508 3323 563 3365 ut
588 3323 829 3365 recusam
850 3308 917 3361 ab
945 3305 1213 3374 Hesychio
1246 3303 1533 3357 editionem
1568 3299 1837 3369 Egyptus

260 3406 515 3476 amplexa
552 3405 623 3457 sit
659 3420 672 3456 :
708 3415 871 3470 quam
895 3413 1023 3453 vero
1064 3399 1271 3450 recoxit
1302 3394 1595 3454 Lucianus,
1626 3391 1693 3444 ab
1720 3390 1838 3443 uni-

258 3500 441 3555 versis
467 3496 687 3566 probata
716 3503 771 3548 et
802 3498 1057 3560 usurpata
1090 3489 1161 3544 sit
1188 3487 1515 3557 regionibus,
1556 3498 1673 3552 quae
1700 3482 1839 3536 Con-

262 3586 672 3656 stantinopolim
727 3593 782 3638 et
810 3581 1151 3637 Antiochiam
1196 3577 1549 3646 iuterjacent:
1581 3589 1703 3628 nam
1734 3572 1839 3626 He-

264 3682 509 3738 braicam
540 3678 701 3731 etiam
747 3678 1028 3729 veritatem
1058 3670 1396 3727 consuluisse
1433 3668 1627 3729 fertur,
1655 3666 1723 3718 ab
1744 3678 1838 3718 eo-

268 3788 376 3842 que
403 3768 687 3826 emeudata
729 3766 896 3822 Vetus
932 3765 1019 3819 illa
1058 3764 1283 3833 Vulgata
1324 3760 1540 3815 nomine
1572 3760 1736 3827 ipsius
1764 3756 1843 3809 af-

268 3867 411 3920 fet-ta
440 3872 540 3919 est.
574 3861 936 3930 Hieronymus
960 3858 1011 3912 in
1042 3856 1210 3925 Epist.
1246 3854 1310 3907 ad
1339 3854 1473 3908 Sun.
1496 3862 1551 3906 et
1583 3849 1836 3905 Fretell.:

271 3975 290 4007 ι
321 3953 378 4007 lu
420 3967 528 4023 quo
573 3950 811 4006 breviter
858 3947 986 4001 illud
1018 3947 1305 4009 admoneo,
1342 3954 1400 3997 ut
1446 3941 1631 3996 sciatis
1680 3940 1838 3994 aliam

269 4061 391 4101 esse
424 4043 739 4105 editionem,
777 4054 939 4108 quant
970 4037 1228 4106 Origenes
1260 4045 1313 4089 et
1354 4032 1703 4090 Caesariensis
1734 4031 1839 4084 Eu-

272 4139 475 4200 sebius,
517 4146 811 4201 omnesque
844 4129 1067 4184 Graecia:
1100 4138 1416 4182 tractatores
1445 4123 1646 4195 κοινὴν,
1680 4122 1730 4177 id
1761 4132 1846 4177 est

274 4232 613 4287 Communem
656 4223 944 4293 appellant,
986 4236 1148 4288 atque
1185 4219 1485 4288 Vulgatam,
1514 4226 1568 4270 et
1594 4231 1623 4267 a
1655 4214 1843 4282 pleris-

220 4301 224 4305 ‘
272 4340 380 4396 que
429 4337 569 4376 nunc
619 4320 965 4380 Λουκιάνειος
1013 4315 1247 4376 dicitur;
1296 4311 1451 4363 aliam
1497 4306 1841 4377 Septuaginta

274 4416 655 4484 lnterpretum,
681 4428 800 4482 qua:
821 4420 875 4464 et
906 4411 955 4463 in
986 4404 1310 4471 Ἐξαπλοῖς
1339 4402 1627 4469 codicibus.
1648 4398 1846 4467 reperi-

276 4519 385 4574 tur,
413 4520 465 4563 et
496 4524 525 4562 a
556 4508 710 4561 nobis
737 4508 786 4558 in
813 4503 1062 4557 Latinum
1108 4514 1407 4555 sermonem
1438 4494 1667 4549 fideliter
1691 4507 1843 4547 versa

280 4613 382 4665 est,
415 4611 468 4654 et
503 4597 870 4667 Jerosolymaz,
914 4604 1074 4663 atque
1105 4593 1158 4646 in
1202 4590 1440 4646 Orientis
1470 4585 1726 4642 Ecclesiis
1751 4585 1845 4638 dev

282 4703 550 4748 cantatur.
580 4708 599 4743 ι

354 4822 519 4893 Igitur
544 4819 859 4890 quintuplex
902 4828 1021 4886 post
1056 4817 1195 4871 hanc
1242 4824 1452 4869 aetatem
1497 4812 1849 4883 Septuaginta

281 4915 637 4984 lnterpretum
663 4912 827 4966 editio
860 4913 1036 4965 habita
1069 4920 1151 4964 est
1176 4927 1189 4975 ;
1223 4906 1451 4977 Vulgata
1476 4918 1646 4971 vetus,
1673 4906 1854 4975 Orige-

286 5009 466 5069 niana,
522 5005 845 5068 Eusebiana,
900 5003 986 5057 illa
1028 5002 1273 5064 Luciani,
1315 5011 1369 5053 et
1402 5000 1589 5069 quinta
1641 5000 1851 5052 demum

286 5098 561 5168 llesychii.
599 5097 705 5151 Sed
740 5095 991 5165 quoniam
1040 5110 1105 5148 ex
1146 5092 1402 5160 Hexaplis
1451 5092 1687 5162 profecta
1735 5101 1853 5144 erat

287 5191 613 5250 Eusebiana,
639 5203 736 5257 pro
771 5204 876 5240 una
928 5186 1223 5255 eademque
1278 5194 1508 5253 utraque
1544 5183 1722 5237 habita
1750 5192 1850 5238 est.

288 5287 419 5352 Qua:
451 5299 577 5338 vero
609 5283 706 5353 τῆς
737 5280 921 5351 κοινῆς
960 5279 1284 5347 exemplaria
1321 5287 1636 5347 supererant
1663 5277 1714 5329 in
1744 5287 1855 5330 stu-

289 5380 561 5433 diosorum
608 5374 951 5430 bibliothecis
980 5372 1387 5426 delitescebant.
1428 5372 1602 5439 Atque
1633 5372 1701 5423 ita
1731 5369 1863 5424 licet.

290 5473 527 5541 quinque
556 5484 741 5523 revera
791 5475 1068 5521 exstarent
1125 5468 1228 5519 hoc
1279 5474 1519 5533 tempore
1570 5464 1854 5529 editiones,

292 5568 452 5617 trium
482 5563 894 5615 duntaxatusus
930 5568 1047 5612 erat
1073 5557 1125 5610 in
1159 5557 1441 5612 Ecclesiis.
1480 5576 1498 5607 ι
1526 5556 1856 5609 Alexandria

291 5666 345 5706 et
384 5652 666 5722 Egyptus,
717 5652 889 5719 inquit
919 5651 1299 5722 Hieronymus,
1350 5649 1391 5702 ι’
1417 5652 1466 5704 in
1506 5649 1857 5719 Septuaginta

293 5746 404 5798 suis
437 5732 758 5815 Hesychium
816 5743 996 5797 laudat
1043 5754 1314 5798 auctorem
1368 5742 1861 5811 Constantinopolis

296 5852 463 5906 usque
492 5836 830 5893 Antiochiam
854 5833 1075 5893 Luciani
1104 5838 1359 5906 martyris
1380 5836 1706 5907 exemplaria
1733 5850 1860 5907 pro-

1942 3306 2211 3361 invenitur
2239 3307 2395 3371 liber,
2442 3309 2532 3377 qui
2575 3309 2675 3361 ista
2728 3325 2832 3362 non
2890 3310 3105 3365 habeat.
3135 3330 3153 3361 ι
3201 3312 3404 3382 Quippe
3432 3317 3519 3369 vix

1941 3398 2043 3449 ulla
2077 3398 2310 3466 reperire
2342 3408 2458 3452 erat
2496 3399 2806 3470 Hieronymi
2840 3411 2999 3455 aetate
3020 3405 3369 3472 exemplaria,
3399 3424 3517 3476 quae

1940 3504 2047 3542 non
2076 3490 2162 3542 vel
2199 3491 2265 3543 ab
2292 3490 2543 3560 Origene,
2576 3493 2657 3546 Vel
2692 3510 2721 3546 a
2767 3492 3022 3558 Luciano,
3046 3496 3128 3549 vel
3160 3500 3224 3550 ab
3253 3496 3519 3568 Hesycltio

1941 3580 2166 3636 fuissent
2191 3594 2457 3638 correcta.
2485 3585 2620 3639 Cum
2655 3588 2837 3657 itaque
2872 3589 3079 3658 vulgata
3126 3592 3306 3645 omnia
3335 3608 3520 3648 exem-

1942 3678 2109 3745 plaria
2144 3679 2468 3734 insedissent
2518 3681 2762 3735 asterisci
2795 3691 2849 3736 et
2882 3684 3044 3749 obeli,
3096 3698 3195 3739 nec
3251 3685 3355 3739 ulla
3408 3686 3522 3742 fere

1941 3779 2120 3822 essent
2144 3769 2194 3822 in
2228 3785 2353 3834 usu,
2384 3786 2544 3839 quam
2578 3786 2696 3840 quae
2730 3785 2841 3829 tres
2864 3775 2935 3827 illi
2970 3778 3322 3847 castigatores
3345 3794 3526 3834 emen-

1943 3865 2224 3924 daverant,
2260 3864 2503 3931 sequitur
2536 3866 2606 3917 ita
2631 3866 2917 3923 distinctos
2958 3869 3125 3924 fuisse
3164 3872 3398 3938 ipsorum
3430 3888 3525 3928 co-

1944 3952 2109 4006 dices.
2165 3952 2329 4020 Cujus
2386 3955 2870 4013 discriminationis
2919 3975 3185 4029 quosnam
3247 3958 3527 4033 assignare

1945 4058 2040 4110 par
2065 4054 2441 4109 estauctores,
2481 4058 2839 4116 praeterquam
2874 4050 3168 4106 Lucianum
3226 4055 3425 4123 ipsum,
3472 4069 3529 4112 et

1945 4134 2295 4206 Hesychium,
2322 4140 2462 4207 quod
2497 4141 2565 4192 ab
2588 4140 2817 4211 Origene
2860 4146 3090 4212 primum
3131 4148 3309 4202 fuerat
3341 4153 3526 4206 inven-

1948 4240 2058 4281 tum
2086 4231 2366 4296 imitantes
2414 4236 2751 4300 postmodum
2808 4246 2861 4290 et
2907 4238 3253 4295 excolentes?
3291 4243 3427 4308 Quin
3473 4251 3527 4297 et

1947 4323 2011 4375 ad
2042 4324 2302 4378 editiones
2337 4340 2551 4394 quoque
2580 4326 2801 4383 Latinas
2833 4332 3077 4398 pervenit
3111 4333 3367 4401 ejusmodi
3414 4336 3529 4388 στί-

1954 4413 2037 4480 ξις
2064 4431 2077 4477 ;
2115 4432 2236 4469 nam
2266 4416 2624 4488 Hieronymus
2653 4421 2702 4472 in
2743 4420 2910 4489 Epist.
2940 4422 3029 4487 89,
3054 4424 3119 4477 ad
3152 4427 3526 4495 Augustinum,

1950 4522 2071 4575 cap.
2099 4506 2153 4571 6,
2196 4507 2397 4563 Latina:
2421 4526 2530 4565 sua:
2567 4512 2673 4565 τῶν
2695 4515 2749 4565 0'
2778 4518 3207 4583 interpretationi
3240 4522 3530 4577 asteriscos

1954 4616 2168 4669 quoque
2193 4611 2248 4655 et
2269 4603 2455 4658 obelos
2485 4620 2606 4660 sese
2628 4606 2898 4661 addidisse
2928 4619 3173 4662 testatur.

2028 4739 2107 4793 Ex
2157 4740 2253 4841 his.
2281 4756 2444 4847 porro
2730 4742 3077 4847 editionibus,
3124 4747 3205 4801 vel
3231 4764 3291 4802 ea
3336 4765 3533 4847 nempe

1958 4846 2076 4900 qum
2097 4839 2212 4885 erat
2242 4830 2292 4883 iu
2325 4831 2599 4898 llexaplis,
2632 4833 2742 4887 sive
2773 4833 3097 4900 Eusebiana,
3121 4840 3202 4892 vel
3233 4830 3528 4909 Lucianea:

1958 4920 2043 4975 vel
2079 4919 2442 4990 llesychiana,
2490 4922 2766 4975 hodierna:
2809 4935 3007 4979 nostra:
3051 4942 3237 4981 omnes
3282 4931 3533 4986 videntur

1962 5013 2272 5082 prodiisse:
2318 5016 2421 5066 hac
2454 5015 2617 5079 enim,
2674 5023 2729 5067 ut
2765 5017 2839 5069 ait
2892 5016 3273 5087 Hieronymus,
3323 5022 3528 5078 trifaria

1961 5106 2221 5158 varietate
2262 5116 2406 5159 totus
2461 5108 2610 5162 orbis
2645 5113 3074 5179 compugnabat;
3123 5111 3346 5183 Vulgata
3404 5130 3534 5171 vero

1960 5196 2201 5250 onmium
2232 5197 2663 5266 inquinatissima
2699 5218 2833 5269 pene
2874 5204 3235 5264 obsoleverat.
3271 5208 3404 5262 Cum
3438 5225 3537 5264 au-

1963 5296 2069 5340 tem
2103 5288 2154 5340 in
2205 5297 2414 5343 veteres
2450 5290 2566 5346 illas
2593 5297 2840 5361 magnain
2877 5305 3085 5351 constet
3123 5298 3387 5353 invectam
3415 5316 3536 5354 esse

1962 5379 2332 5435 confusionem
2397 5398 2463 5437 ex
2519 5384 2863 5442 librariorum
2908 5391 3217 5458 oscitantia,
3281 5395 3404 5447 dum
3450 5394 3535 5447 vel

1965 5474 2241 5529 obelorum
2277 5485 2331 5528 et
2357 5478 2741 5533 asteriseorum
2772 5484 3101 5539 notationem
3125 5488 3421 5557 negligant,
3451 5487 3538 5542 vel

1966 5579 2060 5619 eos
2081 5566 2196 5618 suis
2229 5581 2333 5619 non
2362 5568 2640 5623 ascribunt
2673 5571 2826 5635 locis,
2870 5575 3053 5644 negari
3087 5591 3188 5629 non
3222 5587 3400 5645 potest
3435 5578 3539 5632 im-

1966 5671 2126 5725 puras
2159 5672 2279 5711 esse
2309 5660 2641 5729 recentiores
2673 5662 2936 5718 editiones
2969 5665 3076 5719 τῶν
3107 5665 3185 5729 0’,
3220 5678 3274 5722 et
3295 5670 3535 5736 vitiatas,

1968 5759 2148 5819 utpote
2186 5764 2305 5818 quae
2327 5765 2391 5803 ex
2417 5752 2655 5818 antiquis
2680 5752 2782 5807 illis
2805 5757 3139 5822 prodierunt.
3168 5758 3298 5812 Nam
3325 5762 3537 5818 etiamsi

1969 5840 2224 5911 profecta:
2252 5851 2432 5899 essent
2468 5843 2536 5899 ab
2570 5842 2843 5916 Hexapfis,
2878 5848 2928 5903 in
2969 5850 3162 5918 quibus
3192 5853 3380 5908 scribit
3409 5854 3537 5909 Hic-
