4068 6312
604 329 738 386 1231

1877 319 1938 375 Ρ.
1983 314 2296 374 DANIELIS
2335 315 2569 372 HUETII

3686 325 3792 383 ἱεὶὃὲ

604 459 863 517 ronymus
885 445 930 477 ⁸⁸
982 443 1144 496 fuisse
1197 439 1540 510 Septuaginta
1606 438 1883 493 emendata
1941 449 1991 492 et
2050 454 2170 491 vera
2198 444 2246 502 Α
2272 450 2395 490 cum
2421 435 2626 502 reliquo
2659 440 2937 498 contextu,
2967 432 3274 489 obliteratis
3315 434 3611 499 asteriscis,
3646 441 3699 492 ad
3724 460 3796 500 im

601 539 920 609 exemplaria
949 538 1052 606 (ηις
1073 534 1436 588 additamenta
1460 541 1609 587 certe
1629 529 2039 596 Theodotionis,
2057 545 2176 600 qum

2282 526 2595 580 transmissa
2615 533 2758 586 sunt,
2780 525 3063 580 editionem
3085 525 3404 579 adulterant
3419 536 3470 578 et
3485 541 3796 596 corrumpunt.

1722 1097 2101 1158 ORIGENIS
2144 1095 2717 1158 SYNTAGMATA.

677 1404 895 1458 CAPITIS
923 1417 1108 1457 τειιτιι
1134 1415 1410 1477 ρλιιτιτιᾳ.
1437 1429 1508 1439 ——
1533 1430 1598 1440 —
1631 1400 1857 1455 Gemina
1896 1400 2137 1456 sectione
2189 1399 2486 1477 absolvitur
2530 1401 2674 1477 istud
2702 1409 2882 1477 caput
2913 1416 2928 1455 :
2958 1399 3145 1477 Rrio_re
3187 1400 3416 1477 singula
3442 1401 3672 1472 Origenis
3693 1402 3805 1477 Syn.

611 1483 863 1544 tagmata,
895 1488 1122 1546 quorum
1171 1473 1430 1546 memoria
1482 1480 1761 1546 stupet-est,
1787 1481 2183 1546 enumerantur
2215 1491 2228 1524 :
2261 1471 2431 1526 altera
2476 1473 2658 1542 agitur
2683 1473 2751 1528 de
2781 1471 3030 1542 Origeuis
3069 1471 3451 1545 Syntagmatis
3475 1471 3590 1542 qua:
3617 1471 3802 1546 eisrant,

608 1539 782 1614 deilue
811 1539 1035 1598 vetustis
1065 1543 1184 1597 libri
1207 1541 1346 1610 Περὶ
1377 1539 1577 1610 ἀρχῶν
1617 1541 2182 1611 interpretationibus.

1140 1829 1380 1887 SECTIO
1419 1831 1648 1887 PRIMA.

680 1937 904 1980 SINGULA
941 1938 1182 1977 ORIGENIS
1208 1937 1582 1980 SYN'I‘AGSIATA.
1612 1936 1830 1984 ρυοιιωι
1863 1935 2104 1978 HEIOBIA

1019 2008 1286 2049 SUPEREST
1298 2036 1307 2046 .
1344 2007 1740 2047 ENUMERANTUR
1752 2033 1767 2046 .

610 2078 653 2133 Ι.
709 2079 1060 2134 Recensentur
1119 2079 1360 2148 Origenis
1425 2080 1774 2202 Situm-amata
1836 2081 1900 2133 ab
1951 2078 2179 2135 Eusebio

683 2161 1103 2202 commemorata.
1129 2151 1190 2202 II.
1217 2151 1300 2202 Ea:
1325 2152 1405 2202 Itis
1431 2170 1461 2202 a
1487 2154 1608 2202 iaua
1629 2153 1995 2202 expenduntur
2020 2169 2179 2202 accu-

683 2161 1103 2204 commemorata.
1129 2151 1190 2204 Il.
1217 2151 1300 2203 Ea:
1325 2152 1405 2203 Itis
1431 2151 1608 2216 aliqua
1629 2153 1995 2220 expenduntur
2020 2169 2180 2205 accu-

682 2224 883 2283 ratius;
932 2237 994 2274 ac
1041 2223 1269 2288 primum
1318 2221 1438 2274 libri
1490 2221 1565 2275 De
1606 2222 2044 2285 resurrectione,
2091 2222 2177 2276 lll.

681 2291 1052 2362 Zepwpatseig,
1082 2290 1170 2346 IV.
1196 2289 1271 2345 De
1307 2293 1585 2362 martyrio,
1605 2291 1669 2346 V.
1701 2291 1933 2358 Dialogi,
1958 2289 2039 2346 Vl.
2060 2293 2184 2356 Epi-

683 2363 830 2430 stolte
855 2401 871 2426 ,
901 2361 1007 2415 VII.
1055 2361 1460 2430 Interpretatio’
1487 2362 1870 2416 Hchraicorum
1903 2363 2180 2416 nominum

680 2428 814 2502 Novi
865 2428 1218 2497 Testamenti,
1259 2431 1388 2485 VIII.
1433 2432 1587 2485 Liber
1629 2431 1705 2486 De
1734 2432 2030 2502 [orationej
2089 2432 2180 2486 IX.

680 2501 1074 2570 Disputationes
1107 2504 1351 2556 adversus
1385 2502 1676 2562 hrereticos,
1711 2501 1770 2554 in
1790 2503 1954 2570 iisque
1976 2501 2184 2557 Parvus

681 2572 1064 2642 Labyrinthus.
1095 2572 1164 2626 Χ.
1201 2571 1472 2636 Quwritur
1496 2574 1623 2642 quid
1654 2575 1758 2626 sint
1800 2571 2044 2642 Origenjs
2073 2571 2184 2624 Μο-

682 2639 910 2694 ηοὺίὺΙὶα
931 2683 946 2705 ,
973 2653 1020 2697 et
1059 2643 1186 2711 quid
1209 2643 1374 2708 ipsius
1404 2639 1588 2711 prose
1617 2642 1873 2708 Apologia
1899 2639 1929 2693 ξι
1962 2639 2187 2694 Vincen-

686 2712 757 2764 tio
800 2711 1158 2765 Bellovacensi
1210 2723 1635 2764 commemorata.
1693 2712 1782 2765 XI.
1831 2711 2182 2766 Philocaliatu

681 2797 884 2852 quoque
940 2782 998 2835 in
1056 2781 1497 2852 Origenianorum
1541 2798 1754 2852 operum
1819 2797 1977 2835 censu
2029 2784 2186 2850 poni-

685 2869 826 2909 mus.

685 2963 728 3018 I.
776 2964 1038 3018 Eusebius
1082 2962 1334 3032 Origeuis
1367 2964 1530 3016 vitam
1563 2962 1702 3017 libro
1741 2971 1902 3018 sexto
1933 2960 2186 3017 Historia:

617 3065 929 3127 pertexens,
956 3055 1238 3123 plerasque
1271 3054 1441 3124 ipsius
1479 3055 1804 3125 scriptiones
1831 3055 2007 3110 obiter
2037 3070 2189 3109 com-

618 3155 902 3208 memorat,
938 3147 1116 3211 plures
1149 3146 1536 3213 praetermittit,
1580 3154 1766 3214 utpote
1811 3145 1904 3215 qui
1939 3145 2003 3199 in.
2031 3145 2186 3199 tertio

625 3235 760 3291 Vita:
812 3234 1078 3304 Pamphili
1126 3235 1268 3289 libro
1317 3235 1559 3306 singulas
1608 3234 1801 3291 luisset
1849 3237 2182 3306 complexus.

613 3325 768 3382 Nune
799 3342 917 3380 cum
959 3340 1023 3380 eo
1079 3341 1364 3381 careamus
1403 3327 1566 3392 libro,
1603 3327 1980 3397 confugiamus
2010 3330 2075 3382 ad
2102 3331 2186 3398 ip-

613 3417 730 3473 sius
778 3416 1106 3480 Historiam,
1155 3425 1207 3471 et
1253 3432 1374 3486 qua:
1405 3417 1456 3470 in
1507 3432 1570 3471 ea
1613 3415 1910 3472 laudantur
1937 3417 2186 3488 Origenis

617 3510 987 3581 Syntagmata,
1016 3511 1203 3565 eodem
1234 3510 1321 3564 hic
1359 3510 1551 3564 ordine
1582 3525 1986 3567 recenseamus.
2018 3511 2186 3566 Primi

613 3611 908 3657 occurrunt
935 3600 1321 3657 Commentarii
1357 3602 1411 3654 in
1444 3600 1648 3656 Veteres
1671 3602 2028 3672 philosophos,
2053 3619 2187 3672 quo-

617 3709 736 3748 rum
791 3693 1190 3773 lucubrationes
1222 3708 1325 3749 non
1380 3694 1824 3760 praelectionibus
1874 3699 2051 3759 modo,
2093 3695 2187 3750 sed

614 3784 836 3852 scriptis
866 3784 1026 3837 etiam
1074 3785 1126 3838 in
1177 3784 1407 3853 gratiam
1441 3783 1828 3853 discipulorum
1856 3784 2186 3853 explicabat.

618 3874 862 3929 Meminit
895 3891 1083 3929 eorum
1125 3874 1387 3930 Eusebius
1426 3875 1551 3930 libr.
1599 3891 1651 3929 vr
1704 3873 1872 3940 Hist.,
1908 3891 2028 3946 cap.
2077 3877 2185 3940 18,

615 3968 795 4035 capite
831 3981 960 4020 vero
998 3966 1069 4020 24
1093 4005 1109 4029 ,
1155 3967 1382 4020 duorum
1433 3967 1550 4032 ejus
1595 3967 1670 4020 De
1713 3969 2094 4021 resurrectione
2123 3967 2190 4021 Ii-

615 4057 869 4120 brorum;
923 4068 1035 4111 tum
1065 4059 1247 4126 operis
1298 4060 1437 4126 Περὶ
1475 4056 1699 4127 ἀρχῶν,
1756 4069 1993 4128 quatuor
2036 4058 2188 4113 libris

615 4143 892 4210 distincti;
934 4145 1060 4199 item
1083 4143 1477 4214 Στρωματέων
1508 4162 1732 4200 numero
1761 4149 1980 4214 decem;
2011 4158 2067 4203 et
2098 4163 2191 4202 ea-

615 4238 726 4307 pile
757 4234 827 4290 28
873 4235 996 4289 libri
1035 4235 1109 4289 De
1133 4239 1408 4306 martyrio,
1459 4237 1734 4292 Ambrosio
1778 4247 1828 4292 et
1883 4239 2185 4294 Protocteto

616 4327 964 4384 Caesariensis
993 4327 1250 4383 Ecclesia:
1277 4328 1594 4399 presbytero
1629 4329 1974 4396 consecrati;
2010 4341 2066 4385 et
2097 4345 2190 4385 ca-

615 4418 726 4488 pite
751 4419 819 4472 55
853 4417 1283 4489 Disputationum
1312 4436 1446 4490 quas
1471 4435 1594 4476 cum
1640 4420 1857 4494 Beryllo
1905 4421 2187 4478 Bostrensi

617 4511 878 4578 Origenes
905 4515 1148 4568 exercuit
1180 4531 1195 4579 ;
1243 4524 1298 4569 et
1333 4515 1510 4585 capite
1538 4514 1886 4571 361ibrorum
1916 4526 2039 4572 octo
2066 4533 2190 4571 conv
2220 4555 2264 4609 D

617 4614 702 4655 tra
757 4602 993 4670 Celsum;
1038 4617 1092 4660 et
1138 4608 1314 4676 capite
1357 4606 1426 4662 59
1471 4621 1783 4661 sermonum
1831 4603 2224 4677 quorumdam'

616 4696 685 4768 iis
714 4695 944 4762 utilium,
968 4699 1162 4766 quibus
1194 4701 1246 4753 in
1279 4701 1564 4754 tormentis
1595 4713 1695 4768 pro
1725 4699 1927 4754 Christi
1965 4700 2069 4755 ﬁde
2105 4709 2189 4755 to-

613 4755 806 4843 leratis
843 4791 1219 4845 consolatione
1251 4807 1386 4862 Opus
1414 4803 1597 4858 esset;
1642 4800 1698 4845 et
1747 4791 1945 4860 passim
1985 4791 2189 4861 episto-

616 4880 810 4936 larum.
842 4879 970 4938 Ilaec
991 4883 1058 4939 de
1085 4883 1333 4954 Origenis
1361 4884 1738 4956 Syntagmatis
1765 4882 2190 4950 Eusebius,qua:

615 4969 673 5027 in
699 4986 1038 5028 antecessum
1070 4974 1469 5042 proposuimus,
1505 4975 1880 5029 ﬁdelissimum
1911 4973 2190 5030 huncOri-

2215 3188 2256 3244 C

689 5155 733 5186 ⁸⁸
766 5154 1074 5225 llieronytn.
1111 5155 1166 5207 in
1199 5152 1360 5207 Isaia:
1384 5170 1535 5219 Lvm,
1562 5154 1647 5210 II.

686 5339 767 5411 (Ι)
796 5339 1164 5393 Additamento
1206 5347 1341 5392 certe
1375 5335 1763 5411 Theodotignis,
1795 5347 1902 5411 etc.
1947 5335 2176 5411 Vide__D.

618 5407 946 5465 Bci'tiardum
969 5411 1032 5464 de
1057 5411 1396 5465 Moutl'aucon
1423 5409 1475 5460 in
1513 5407 1968 5461 Prazliminaribus
1992 5409 2043 5460 in
2070 5407 2177 5461 lle-

615 5481 774 5548 κηρία
821 5478 1067 5548 Origenis
1097 5497 1216 5551 pag.
1246 5479 1339 5541 40,
1375 5479 1466 5542 45,
1510 5477 1580 5534 44
1612 5477 1772 5551 ιιι-45,
1813 5478 1904 5532 ubi
1935 5478 2178 5546 pluribus

617 5553 685 5603 de
705 5553 881 5605 causis
922 5549 1243 5606 recentiores
1269 5551 1530 5604 editiones
1557 5549 1888 5602 adulter-atas
1915 5563 2037 5601 esse
2078 5551 2174 5610 ait,

619 5620 671 5672 1·
702 5621 826 5690 quia
850 5621 902 5674 in
933 5619 1182 5690 Hexaplis
1223 5620 1473 5690 asterisci
1505 5627 1560 5674 et
1585 5619 1727 5672 obe'li
1765 5634 1793 5671 a
1824 5618 2060 5690 librariis
2086 5634 2178 5670 nc-

618 5689 776 5761 glecti
807 5699 957 5761 sunt;
988 5693 1045 5744 2'
1080 5689 1205 5761 Quia
1231 5707 1294 5742 ex
1322 5689 1808 5761 sitnilitudinerqua:
1829 5689 2014 5761 obelos
2037 5689 2180 5761 inter

614 5768 673 5812 et
689 5756 978 5816 lemniseos
1012 5756 1171 5830 atque
1210 5761 1639 5830 hypolemniscos
1676 5759 2068 5827 intercedebat,
2099 5760 2180 5813 l'a-

2282 1837 2632 1907 genianarum
2703 1852 2886 1892 rerum
2940 1847 3281 1893 narratorem
3343 1853 3459 1909 pra:
3509 1840 3696 1894 ets-teris
3735 1857 3806 1910 pro

2284 1944 2435 1984 more
2469 1939 2654 1983 nostro
2685 1929 3051 1986 consulentes.

2351 2019 2412 2078 ll.
2436 2020 2588 2076 Nunc
2614 2031 2976 2078 retractemus
3003 2039 3066 2079 ex
3095 2024 3180 2078 his
3203 2024 3416 2094 aliqua,
3437 2035 3488 2080 et
3515 2024 3664 2094 paulo
3684 2040 3805 2081 accu-

2285 2116 2456 2170 ratius
2503 2116 2890 2185 expendamus.
2935 2117 3050 2171 Duo
3081 2119 3356 2172 duntaxat
3383 2115 3462 2171 De
3494 2119 3805 2173 resurrectione

2285 2207 2404 2263 libri
2459 2207 2529 2261 ab
2570 2207 2798 2263 Eusebio
2842 2221 3372 2266 commemorantur.
3416 2209 3806 2280 AtHieronyuuts

2286 2299 2424 2368 apud
2458 2298 2712 2354 Ruﬁnum
2744 2301 2868 2358 libr.
2895 2317 2932 2356 ιι
2959 2301 3180 2367 lnrect.,
3214 2303 3510 2372 scripsisse
3533 2315 3696 2358 narrat
3713 2303 3804 2359 Ori-

2285 2407 2475 2464 gcnem
2497 2395 2542 2426 “
2581 2413 2600 2446 ι
2633 2392 2709 2448 De
2734 2397 3110 2450 resurrectione
3145 2397 3320 2452 libros
3355 2397 3510 2460 duos,
3537 2405 3587 2450 et
3613 2397 3724 2452 alios
3753 2395 3806 2450 De

2288 2487 2688 2542 resurrectione
2731 2487 2972 2556 dialogos
3022 2489 3176 2543 duos.
3232 2508 3249 2540 ι
3310 2490 3459 2544 Idem
3509 2487 3801 2560 Hieronymus

2287 2578 2554 2647 epist.6l,
2581 2581 2646 2634 ad
2667 2579 3131 2650 Pammaeb..eap.
3161 2581 3214 2644 8,
3244 2582 3386 2636 citat
3407 2581 3595 2636 lihrum
3616 2581 3805 2650 ejusdem

2286 2670 2466 2739 operis
2488 2680 2762 2738 quartum.
2779 2670 2954 2740 Atque
2977 2673 3075 2727 hos
3101 2671 3273 2728 libros
3304 2671 3600 2728 Methodius
3612 2671 3802 2741 ejusdem

2291 2762 2428 2816 tituli
2456 2778 2620 2831 opere
2648 2764 2964 2822 confutavit.

2361 2854 2445 2909 III.
2471 2856 2656 2911 Libros
2678 2858 3040 2927 Στρωματεῖς
3068 2859 3336 2929 Origenes
3358 2857 3594 2914 elimavit
3639 2858 3692 2910 ad
3714 2855 3800 2910 Cle-

2289 2949 2488 3004 mentis
2509 2950 2836 3018 exemplum,
2861 2966 2889 3003 a
2914 2967 3020 3021 quo
3049 2952 3198 3021 paris
3223 2951 3535 3023 argumenti
3578 2960 3628 3004 et
3657 2949 3800 3003 inscri-

2289 3040 2489 3109 ptionis
2546 3040 2950 3098 lucubrationes
2998 3045 3159 3099 hodie
3209 3045 3534 3116 superstites
3573 3045 3798 3099 elaborata

2291 3142 2435 3185 sunt.
2485 3130 2844 3203 Hieronymus
2883 3134 3041 3203 epist.
3079 3135 3178 3199 84,
3221 3151 3346 3205 qua:
3399 3147 3483 3193 est
3518 3137 3580 3190 ad
3605 3135 3799 3204 Magnum

2292 3221 2574 3276 Oratorem
2602 3221 2906 3277 Romanum
2940 3238 2955 3276 :
2987 3241 3006 3274 ί
3030 3223 3304 3280 "Clemens
3338 3226 3694 3281 Alexandrina:
3727 3222 3796 3276 Ec-

2293 3315 2471 3369 clesiae
2505 3318 2805 3387 presbyter,
2839 3333 2957 3371 meo
3010 3317 3216 3386 judicio
3259 3322 3504 3374 omnium
3559 3315 3798 3374 eruditissi-

2295 3424 2435 3472 mus,
2451 3420 2572 3463 octo
2590 3410 2809 3476 scripsit
2828 3410 3156 3465 Stromatum
3175 3413 3367 3480 libros,
3388 3423 3440 3468 et
3461 3412 3656 3467 totidem
3670 3409 3796 3462 Ὑπο-

2293 3503 2626 3569 τυπόσεων,
2647 3517 2702 3559 et
2718 3503 2880 3558 alium
2909 3515 3090 3558 contra
3120 3515 3322 3576 gentes;
3349 3505 3619 3576 Pwdagogi
3640 3517 3798 3573 quoque

2296 3593 2396 3645 tria
2432 3592 2727 3648 volumina.
2753 3593 2894 3660 Quid
2919 3597 2972 3650 in
3005 3595 3110 3650 illis
3141 3597 3423 3652 indoctum
3451 3597 3472 3650 ἓ
3509 3595 3624 3666 quid
3663 3608 3744 3647 non
3773 3605 3794 3644 e

2295 3687 2468 3741 media
2493 3687 2828 3757 philosophia
2857 3699 2946 3743 est
2971 3689 2994 3741 ?
3028 3689 3180 3742 Hunc
3215 3689 3460 3744 imitatus
3481 3689 3707 3758 Origenes
3729 3684 3796 3736 de

2295 3792 2412 3832 cem
2469 3779 2692 3847 scripsit
2727 3779 3066 3834 Stromateas
3094 3819 3110 3844 ,
3141 3777 3571 3835 Christianorum
3597 3785 3644 3830 et
3667 3770 3795 3842 philo-

2294 3869 2587 3937 sophorum
2635 3869 2775 3923 inter
2806 3883 2865 3924 se
2894 3870 3192 3925 sententias
3227 3881 3568 3939 comparans,
3588 3875 3634 3920 et
3659 3861 3797 3918 omnia

2297 3970 2496 4016 nostra:
2535 3961 2808 4031 religionis
2837 3962 3085 4032 dogmata
3109 3963 3175 4018 de
3209 3963 3437 4017 Platone
3466 3970 3518 4016 et
3542 3951 3793 4012 Aristotele.

2295 4053 2560 4108 Numenio
2612 4052 2959 4124 Cornutoque
3001 4055 3350 4110 confirmans.
3411 4075 3429 4110 ι
3489 4053 3626 4108 Hunc
3661 4050 3794 4118 ipsum

2299 4145 2684 4218 Hieronymum
2714 4146 2910 4202 alicubi
2955 4146 3138 4203 dicere
3186 4149 3263 4202 ait
3299 4148 3538 4210 Ruﬁnus,
3575 4164 3592 4196 ι
3621 4137 3792 4196 Conla-

2296 4239 2512 4293 deratos
2542 4253 2664 4293 esse
2690 4238 2948 4307 quosdam
2972 4237 3194 4308 Origeni
3219 4239 3285 4293 ad
3306 4237 3605 4309 periurium,
3625 4239 3670 4286 et
3688 4227 3794 4284 istud

2298 4331 2538 4401 mystica:
2568 4329 2688 4398 ejus
2716 4329 3028 4384 traditionis
3053 4346 3310 4384 arcanum
3345 4325 3684 4385 absconditum
3702 4331 3792 4374 esse

2297 4421 2351 4476 in
2375 4431 2528 4476 sexto
2571 4420 2894 4476 Stromatum
2927 4423 3102 4487 libro;
3135 4439 3235 4478 nec
3268 4423 3335 4477 ab
3365 4421 3472 4477 ullo
3516 4416 3614 4472 alio
3651 4414 3694 4468 in
3733 4415 3792 4461 ιοι

2297 4514 2528 4580 saeculis,
2557 4513 2660 4570 nisi
2689 4530 2718 4567 a
2741 4528 2799 4570 se
2828 4514 2942 4569 solo
2970 4515 3393 4583 deprehensum.
3432 4534 3452 4567 ι
3495 4515 3549 4566 In
3577 4500 3788 4562 Procemio

2294 4622 2420 4662 vero
2465 4606 2836 4663 Commentar.
2877 4609 2935 4661 in
2984 4606 3156 4677 Epist.
3211 4610 3280 4661 ad
3334 4605 3528 4669 Galat.,
3564 4600 3788 4668 Origenem

2293 4700 2482 4755 scribit
2528 4700 2797 4755 decimum
2849 4699 3183 4755 Stromateon
3227 4716 3446 4756 suorum
3473 4699 3642 4752 librum
3669 4689 3784 4745 Conl-

2295 4790 2492 4843 matico
2527 4804 2687 4856 super
2712 4790 3090 4858 explanatione
3127 4791 3384 4862 Epistolas
3407 4790 3470 4846 ad
3498 4787 3686 4843 Galatas
3699 4791 3782 4835 sere

2294 4895 2453 4935 mouc
2477 4880 2828 4950 complevisse
2857 4901 2869 4935 :
2901 4892 2957 4936 et
2985 4883 3038 4936 in
3071 4893 3232 4951 caput
3265 4900 3362 4938 xm
3427 4877 3636 4937 Danielis
3675 4883 3779 4937 qua“

2295 4973 2420 5028 dam
2453 4975 2530 5028 ait
2562 4974 2735 5044 ipsum
2780 4976 2832 5028 in
2879 4975 3067 5029 eodem
3109 4974 3442 5030 Stromateon
3473 4972 3595 5027 libro
3630 4965 3686 5020 de
3711 4959 3779 5014 δυ·

1727 5155 1772 5186 “
1805 5154 1987 5209 Ruﬁn.
2011 5153 2210 5210 Invect.
2230 5169 2290 5209 II.

2282 5345 2427 5390 ctum
2457 5345 2540 5391 est
2562 5344 2620 5388 ut
2642 5334 2881 5390 lemnisci
2914 5349 3011 5402 pro
3051 5333 3223 5390 obelis
3257 5334 3369 5387 sint
3399 5329 3547 5402 habiti
3574 5341 3586 5386 ς
3621 5321 3770 5402 δἀῗξλ

2283 5381 2584 5462 litterarum
2613 5381 3095 5460 Graecarumrinter
3117 5420 3175 5458 se
3204 5404 3454 5459 similium
3487 5400 3695 5465 frequens
3712 5381 3770 5465 ΐεξ-

2283 5489 2367 5569 cta
2391 5487 2477 5569 est
2507 5476 2891 5569 comminatio;
2919 5474 2978 5527 4ο
3012 5475 3280 5569 denique,l
3302 5476 3424 5556 quia
3455 5464 3767 5569 propitiam

2283 5523 2566 5602 manet;
2578 5523 2948 5599 ’ἐπ’ὲὶίὗὸῖ-ἰίῇιέῐ
2978 5523 3494 5614 εᾱιῖί;·ῖ›ῖηδίρξῑίῑηι·ο
3519 5523 3741 5614 arma;

2285 5599 2547 5671 interdum
2583 5617 2837 5671 mendose
2871 5599 3191 5682 ponebat'uin
3241 5599 3370 5680 Qui}:
3409 5599 3765 5682 commutatur}:

2283 5663 2706 5755 iii-negligentia:
2734 5694 2788 5740 ut
2819 5663 3106 5755 plurimum
3139 5687 3192 5740 in
3227 5663 3488 5741 hinliernis
3516 5663 3763 5731 eduionibus

2287 5767 2687 5813 remanserunt.
