4068 6312
283 373 421 429 1255

1130 366 1699 427 ORIGENIANORUM
1736 365 1863 422 LIB.
1905 363 1993 430 HI,
2033 363 2186 419 CAP.
2225 362 2317 428 lll,
2360 361 2553 419 SECT.
2597 362 2640 417 l.

3386 364 3522 421 1254

276 507 466 550 sanna:
503 501 555 548 et
581 492 722 548 Belis
756 492 963 548 l'abnlis-
984 492 1209 546 dixisse.
1233 491 1371 558 Quin
1401 491 1564 546 etiam
1603 490 1656 543 in
1689 489 1848 558 epist.
1886 491 1929 548 Α
1962 482 2131 539 fuisse
2157 483 2439 551 collectas,
2490 494 2545 537 et
2592 483 2645 537 in
2681 482 2926 554 proprios
2952 483 3117 539 libros
3152 483 3385 555 digestas
3416 495 3524 540 tra-

277 585 378 651 65,
408 586 473 639 ad
508 585 822 640 Pammach.
850 593 903 640 et
932 582 1153 649 Ocean.,
1182 597 1299 651 cap.
1333 582 1388 646 2,
1431 581 1698 636 neminem
1748 578 1852 632 La-
1951 578 2030 631 dit
2057 577 2323 632 Eusebius
2354 577 2474 631 libr.
2514 593 2567 630 vi
2619 576 2787 641 Hist.,
2819 588 2938 646 cap.
2967 577 3055 641 '56,
3098 592 3318 632 numero
3344 590 3521 635 autem

276 676 520 731 tinorum
547 674 774 730 afﬁrmat
802 684 926 728 ante
967 688 1119 727 suam
1157 680 1371 726 tetatem
1404 672 1570 725 libros
1599 669 1850 741 Origenis

281 765 363 820 De
392 769 767 821 resurrectione
809 766 945 833 Περὶ
979 760 1201 832 ἀρχῶν,
1220 760 1572 826 Stromateas,
1595 773 1650 817 et
1678 770 1849 816 tomos

281 858 580 912 transferre
612 857 844 911 voluisse
868 896 882 921 ,
916 863 1137 925 propter
1177 854 1473 907 novitatem
1516 852 1725 907 scilicet
1758 852 1852 907 do-

279 951 493 1004 ctrinae.
545 949 807 1018 Quoniam
843 948 1008 1019 igitur
1055 947 1121 1000 ad
1167 944 1509 1000 Stromateon
1560 942 1852 998 Clementis

278 1043 589 1113 exemplum
619 1057 744 1097 suos
774 1047 1153 1110 composuerat
1180 1038 1444 1108 Origenes
1468 1077 1485 1100 ,
1523 1045 1583 1091 ut
1630 1050 1853 1090 accura-

278 1137 395 1192 tius
427 1146 760 1207 perspectum
798 1135 996 1189 habere
1019 1132 1191 1202 possis
1218 1147 1324 1200 quo
1350 1130 1422 1184 illi
1451 1131 1504 1184 in
1532 1140 1852 1202 argumento

272 1231 505 1294 'versati,
530 1245 632 1299 qua
660 1238 779 1282 arte
809 1226 1008 1282 conditi
1036 1226 1143 1281 sint
1166 1262 1183 1289 ,
1240 1224 1357 1294 lege
1404 1222 1722 1278 Eusebianze
1758 1221 1856 1275 Hi-

275 1324 462 1375 storia:
492 1322 613 1376 libri
648 1321 786 1376 sexti
836 1330 999 1389 caput
1045 1318 1311 1373 decimum
1364 1318 1583 1372 tertium
1613 1354 1631 1385 ,
1665 1315 1754 1370 ubi
1788 1316 1857 1371 de

276 1415 389 1470 hac
412 1415 702 1470 Clementis
732 1413 1028 1484 scriptione
1052 1410 1357 1465 disseritur.

358 1507 446 1563 IV.
498 1510 649 1575 Quod
680 1506 874 1561 attinet
903 1505 970 1559 ad
1009 1505 1203 1559 librum
1256 1502 1329 1556 De
1379 1499 1656 1571 martyrio,
1691 1500 1758 1555 de
1793 1514 1857 1553 eo

278 1600 360 1656 ita
420 1598 864 1656 commemoravit
923 1596 1279 1668 Hieronymus
1330 1596 1425 1651 lib.
1480 1596 1557 1649 De
1614 1595 1856 1664 scriptor.

276 1694 598 1757 ecclesiam,
640 1706 761 1761 cap.
790 1692 889 1758 67,
921 1691 1003 1745 his
1029 1690 1207 1746 verbis
1242 1709 1254 1744 :
1295 1708 1313 1741 ι
1352 1687 1668 1743 Ambrosius
1713 1702 1846 1742 cou-

280 1787 540 1843 fessionis
569 1786 857 1840 Doniinica:
898 1786 1067 1856 gloria
1101 1785 1325 1854 insignis
1364 1782 1466 1836 fuit
1491 1820 1508 1847 ,
1554 1782 1640 1836 cui
1685 1780 1855 1836 Theo-

1953 670 2123 726 fuisse
2189 670 2305 725 illas
2361 670 2645 740 plusquam
2711 680 2948 723 centum.
3002 668 3525 727 Conﬁcientissimus

1954 763 2147 833 quippe
2175 762 2476 816 litterarum
2524 760 2787 831 Origenes
2834 761 2959 816 fuit.
2990 760 3215 815 Librum
3247 763 3524 819 collectio—

1956 857 2040 911 nis
2074 855 2238 925 hujus
2268 863 2518 923 quartum
2549 855 2681 909 citat
2719 854 2949 908 Ruﬁnus
2979 854 3031 907 in
3070 853 3249 908 libello
3273 854 3351 909 De
3379 856 3525 909 adul-

1956 947 2209 1001 teratione
2260 946 2516 1000 librorum
2569 946 2831 1016 Origenis.
2885 946 2965 999 Ex
3008 946 3111 999 hoc
3162 945 3522 1016 Epistolarum

1956 1037 2302 1108 Syutagmate
2334 1038 2465 1093 istas
2493 1039 2558 1092 ab
2592 1038 2828 1093 Eusebio
2875 1049 3330 1095 commemoratae.
3360 1041 3401 1071 ⁸⁷
3438 1054 3523 1093 re-

1955 1130 2147 1200 perio:
2183 1130 2354 1198 prima
2393 1130 2438 1160 °"
2466 1141 2548 1185 est
2594 1133 2660 1185 ad
2697 1130 2987 1187 Leonidem
3034 1133 3291 1203 martyrio
3344 1134 3526 1203 proxi-

1957 1235 2101 1273 mum
2127 1220 2390 1274 :alteram
2422 1221 2465 1253 “
2492 1222 2711 1291 scripsit
2734 1221 2996 1294 Origenes
3021 1225 3283 1279 adversus
3315 1240 3408 1279 eos
3435 1227 3526 1295 qui

1956 1327 2113 1368 suum
2154 1315 2207 1367 in
2245 1313 2459 1367 litteras
2489 1315 2838 1371 humaniores
2883 1317 3122 1371 studium
3164 1316 3526 1371 criminaban-

1960 1416 2077 1471 tur;
2124 1407 2368 1476 proxima
2422 1406 2759 1461 diversarum
2808 1408 3157 1476 epistularum
3194 1424 3527 1465 commemo-

1960 1500 2096 1554 ratio
2141 1511 2222 1554 est
2246 1538 2261 1564 ,
2295 1498 2348 1552 in
2398 1499 2593 1569 quibus
2641 1501 2912 1556 indicatur
2942 1503 3331 1572 persecutionis
3363 1511 3530 1557 sextae

1962 1602 2192 1661 tempus.
2224 1607 2450 1660 quarum
2503 1601 2683 1648 tamen
2732 1594 3116 1665 inscriptiones
3144 1604 3198 1651 et
3231 1595 3413 1651 titulos
3457 1597 3531 1651 si-

1959 1685 2184 1755 gillatim
2219 1684 2483 1739 Eusebius
2512 1700 2619 1738 non
2654 1686 2999 1756 persequitur
3033 1704 3049 1741 :
3080 1695 3191 1741 tum
3232 1686 3280 1717 "
3323 1687 3533 1743 mentio

1961 1777 2018 1831 lit
2066 1776 2319 1846 Epistula:
2351 1778 2416 1831 ad
2456 1777 2778 1832 Africanum
2835 1780 2901 1833 de
2950 1779 3211 1834 Susannae
3246 1780 3469 1835 historia
3510 1796 3530 1838 :

281 1879 454 1934 ctisto
478 1878 797 1949 presbytero
837 1875 973 1930 liber
1002 1874 1251 1945 Origenis
1277 1874 1350 1927 De
1377 1873 1631 1942 martyrio
1659 1872 1855 1926 scribi-
1888 1858 1931 1914 Β
1960 1869 2213 1924 laudatur
2240 1870 2437 1925 deinde
2459 1870 2503 1901 "‘
2538 1870 2777 1940 Epistula
2804 1872 2868 1925 ad
2894 1871 3198 1942 Philippum
3234 1873 3529 1944 imperato-

283 1981 397 2025 tur.
441 1990 459 2022 ι
498 1970 809 2039 Legendum
843 1969 1107 2024 omnino:
1139 1969 1221 2020 cui
1257 1976 1304 2021 et
1344 1962 1662 2019 Theoctisto.
1704 1963 1762 2019 ιιι
1810 1964 1855 2019 si

275 2066 512 2120 vidisset
564 2066 831 2134 interpres
867 2061 1088 2118 Griecus
1116 2102 1131 2129 ,
1168 2059 1461 2115 absurdum
1519 2059 1661 2113 hanc
1705 2057 1858 2112 nobis

264 2159 789 2227 interpretationem
830 2156 1138 2224 neutiquam
1180 2154 1416 2208 dedisset
1456 2170 1470 2207 :
1508 2151 1696 2222 Τούτῳ
1731 2150 1860 2203 Θεο-

270 2249 508 2303 κτίστου
533 2248 897 2319 πρεσϐυτέρου
935 2247 1113 2318 βίϐλος
1147 2246 1454 2319 Ὠριγὲνους
1477 2246 1617 2315 Περὶ
1644 2263 1860 2316 μαρτυ-

273 2344 422 2411 ρίου
448 2342 736 2413 γράφεται.
768 2341 994 2397 Videtur
1023 2341 1219 2411 legisse
1253 2359 1266 2395 :
1295 2340 1391 2399 Cui
1432 2340 1711 2395 Theoctisti
1742 2357 1859 2408 pre-

283 2438 486 2503 sbyteri
516 2435 667 2499 liber,
705 2446 813 2489 etc.
862 2433 1238 2489 Theoctistum
1292 2434 1544 2490 nominat
1598 2431 1860 2504 Hierony-

284 2543 434 2592 mus,
471 2530 560 2597 qui
597 2529 664 2582 ab
694 2528 925 2582 Eusebio
961 2527 1302 2581 Protectetus
1330 2527 1645 2597 appellatur.
1680 2524 1858 2579 Theo-

284 2621 491 2675 ctistus
551 2620 906 2677 Caesariensis
972 2619 1077 2674 fuit
1130 2619 1457 2689 cpiscopus;
1517 2616 1861 2671 Protoctetus

281 2710 531 2779 ejusdem
586 2710 841 2766 Ecclesia:
890 2713 1222 2780 presbyter:
1258 2725 1537 2780 perperam
1593 2724 1686 2764 eos
1732 2725 1861 2763 cou-

283 2803 466 2857 fundit
500 2804 877 2874 Hieronymus.
912 2803 1225 2859 Protocleto
1249 2845 1263 2869 ,
1302 2819 1408 2859 non
1443 2804 1757 2858 Theoctisto
1783 2803 1861 2857 in-

282 2897 495 2968 criptus
542 2909 624 2952 est
675 2898 810 2951 liber
862 2898 989 2961 iSle,
1020 2896 1097 2965 (2)
1152 2907 1209 2951 ut
1246 2895 1489 2952 ostendit
1520 2896 1638 2965 ejus
1677 2911 1861 2949 exem-

282 2992 407 3062 plar
436 2993 670 3047 nondum
705 2991 932 3055 editum,
974 2993 1116 3060 quod
1162 3006 1327 3061 penes
1355 3004 1439 3044 me
1466 2999 1570 3043 est.
1609 2986 1858 3056 Ejusdem

284 3085 592 3155 argumenti
641 3083 934 3152 Epistulam
967 3083 1031 3137 ad
1076 3082 1286 3137 Patrem
1322 3083 1585 3152 martyrio
1624 3081 1861 3135 destina-

1965 1977 2100 2029 rem,
2132 1961 2239 2016 alia
2266 1962 2332 2017 ad
2362 1961 2648 2033 conjugem
2685 1962 2852 2031 ipsius
2887 1963 3164 2029 Severum,
3197 1964 3301 2019 alia
3337 1966 3403 2019 ad
3432 1963 3533 2019 Fa-

1961 2055 2180 2109 bianum
2210 2069 2403 2124 papam
2431 2095 2448 2120 ,
2488 2055 2606 2109 aliae
2637 2055 2702 2109 ad
2731 2054 2867 2112 alios
2892 2056 3201 2124 Complures
3225 2058 3531 2128 episcopos,

1962 2147 2158 2216 quibus
2205 2147 2325 2202 ﬁdei
2359 2147 2627 2217 professio
2653 2149 3068 2215 continebatur;
3100 2156 3154 2203 et
3183 2151 3411 2205 diversae
3440 2151 3534 2206 de-

1962 2240 2127 2310 nique
2173 2240 2428 2295 distincte
2464 2257 2572 2296 nou
2611 2251 2856 2297 notatae:
2896 2244 3240 2312 postmodum
3290 2243 3533 2313 plurimae

1962 2332 2198 2387 citantur
2229 2334 2468 2404 epistola:
2493 2335 2563 2401 ",
2592 2350 2712 2404 quae
2758 2335 3113 2390 declarabant
3160 2350 3320 2405 quam
3374 2337 3535 2391 utiles

1964 2423 2030 2478 iis
2062 2438 2340 2480 sermones
2372 2427 2721 2497 reliquisset,
2758 2429 2848 2496 qui
2899 2427 3093 2482 solatio
3126 2428 3177 2481 in
3211 2428 3538 2484 cruciatibus
3566 2440 3573 2446 ’

1964 2517 2294 2587 indigebant.
2359 2517 2485 2573 Haec
2541 2520 2823 2575 Eusebius.
2877 2520 3127 2576 Testatur
3180 2520 3537 2592 Hieronymus

1962 2609 2055 2665 lib.
2086 2610 2162 2664 De
2196 2613 2442 2678 scriptor.
2494 2612 2677 2667 eccles.
2708 2628 2826 2680 cap.
2865 2612 2934 2668 65
2960 2654 2974 2679 ,
3008 2629 3102 2668 sua
3140 2623 3299 2669 aetate
3343 2629 3532 2684 super-

1963 2700 2131 2756 fuisse
2175 2700 2426 2771 Origenis
2460 2703 2727 2772 Epistolas
2774 2706 2839 2759 ad
2889 2703 3215 2775 Philippum,
3263 2706 3538 2775 ipsiusque

1963 2805 2226 2861 matrem;
2273 2811 2395 2850 cum
2443 2795 2705 2851 Eusebius
2745 2812 2775 2851 e
2820 2812 2926 2866 quo
2975 2797 3120 2851 hunc
3159 2797 3352 2851 librum
3404 2796 3536 2851 Hie-

1962 2900 2219 2957 rouymus
2260 2888 2659 2943 cuusarcinavit
2682 2929 2698 2952 ,
2756 2890 2983 2952 habeat,
3015 2888 3113 2959 τὴν
3145 2889 3332 2942 τούτου
3361 2906 3539 2960 γαμε-

1960 2979 2083 3051 τήν,
2126 2982 2399 3050 conjugem
2432 2982 2618 3048 ipsius.
2662 2982 2806 3036 Idem
2853 2982 3044 3037 scribit
3089 2983 3153 3036 de
3194 2980 3388 3036 litteris
3414 2980 3535 3037 Ori-

1962 3073 2112 3141 genis
2145 3074 2210 3127 ad
2231 3073 2499 3145 Beryllum
2533 3074 2877 3129 Bostreusem
2915 3074 3225 3143 episcopum
3273 3073 3536 3144 Hierony-

282 3188 400 3233 tum
433 3178 729 3247 scripserat
755 3176 1114 3229 Adamantius
1144 3170 1443 3229 etiamnum
1484 3189 1651 3243 puer;
1708 3173 1860 3240 cujus
1888 3206 1928 3263 ε
1964 3182 2081 3220 mus
2109 3167 2305 3222 ibidem
2338 3182 2460 3236 cap.
2490 3166 2578 3221 Ἠ.
2611 3166 2843 3222 Ruﬁnus
2895 3180 3112 3237 quoque
3160 3167 3211 3218 iu
3244 3164 3425 3220 libello
3460 3164 3536 3219 De

278 3270 525 3341 epistolae
578 3270 739 3323 verba
774 3269 1017 3338 quaedam
1064 3269 1257 3335 repetit
1293 3268 1565 3340 Eusebius
1615 3267 1738 3320 libr.
1804 3281 1858 3319 vi

279 3361 519 3426 Histor.,
552 3377 669 3430 cap.
703 3361 759 3414 2.

359 3453 426 3510 ν.
479 3454 610 3509 Acta
642 3454 1062 3509 concertationis
1110 3453 1325 3524 Origeni
1359 3469 1481 3509 cum
1512 3453 1725 3523 Beryllo
1755 3454 1853 3507 ha-

276 3549 415 3604 bitze
442 3547 686 3601 eamdem
718 3546 887 3602 fuisse
912 3546 1149 3601 arbitror
1170 3556 1329 3615 atque
1357 3546 1631 3615 Dialogum
1661 3545 1861 3600 utrius-

276 3656 413 3713 que,
444 3657 550 3711 quo
578 3641 849 3696 haereseos
876 3641 1119 3713 Beryllus
1141 3640 1476 3710 coarguitur.
1510 3640 1661 3694 Hunc
1702 3648 1860 3693 aelate

279 3746 388 3785 sua
417 3730 689 3785 exstitisse
715 3731 906 3786 scribit
946 3731 1304 3803 Hieronymus
1340 3730 1467 3785 libr.
1503 3729 1578 3784 De
1610 3731 1855 3799 scriptor.

274 3824 475 3879 eccles.
506 3840 624 3895 cap.
666 3824 751 3878 7i.
786 3824 986 3880 Praeter
1045 3825 1188 3879 hunc
1225 3824 1518 3895 dialogum,
1560 3825 1695 3879 alios
1727 3838 1860 3893 quo-

280 3932 394 3987 que
437 3915 630 3970 litteris
661 3916 923 3984 Origenes
952 3916 1239 3971 mandasse
1285 3916 1479 3972 fertur.
1525 3914 1753 3971 Ruﬁnus
1805 3916 1856 3970 in

279 4007 471 4064 libello
526 4008 599 4062 De
643 4008 1030 4062 adulteratione
1075 4009 1326 4062 librorum
1368 4007 1634 4080 Origenis,
1670 4022 1859 4078 quein-

280 4104 413 4158 dam
450 4102 515 4157 ab
541 4118 605 4157 eo
627 4102 1014 4172 conscriptum,
1044 4113 1098 4157 et
1121 4119 1149 4156 a
1181 4102 1421 4159 Candide
1445 4104 1699 4158 haeretico
1728 4118 1860 4173 quo-

280 4208 411 4250 cum
470 4194 688 4248 habitus
748 4194 968 4258 fuerat,
1023 4194 1385 4249 adulteratam
1444 4205 1855 4251 commemorat.

280 4284 781 4342 Circumferebatur
828 4285 913 4339 ille
948 4283 1260 4356 Hieronymi
1290 4286 1647 4355 temporibus,
1684 4286 1737 4340 iu
1768 4302 1859 4341 eo-

276 4393 393 4449 quc
432 4376 693 4446 Origenes
719 4419 734 4444 ,
779 4388 834 4432 et
878 4378 1151 4432 Candidus
1184 4376 1567 4431 Valentinianus
1605 4376 1857 4431 defensor

284 4475 558 4527 haereseos
613 4473 755 4527 inter
787 4471 891 4525 alia
921 4472 1305 4542 disputabant,
1349 4470 1588 4525 Filiusue
1620 4481 1764 4525 esset
1794 4468 1860 4523 dc

1961 3257 2191 3310 adulter.
2226 3258 2408 3314 libror.
2463 3257 2705 3327 Origenis
2757 3260 3081 3313 testimoniis
3128 3258 3296 3311 utitur
3321 3273 3387 3312 ex
3414 3259 3533 3325 epi-

1961 3349 2096 3404 stola
2126 3349 2195 3403 ab
2231 3350 2464 3420 Origene
2496 3351 2561 3403 ad
2598 3352 2803 3405 amicos
2831 3350 3090 3418 quosdam
3143 3364 3269 3404 suos
3300 3348 3536 3401 Alexan-

1961 3439 2147 3494 drinos
2174 3441 2373 3508 scripta
2401 3458 2413 3493 :
2447 3448 2501 3493 et
2530 3438 2754 3492 alteram
2789 3439 2971 3492 laudat
2999 3449 3259 3508 praiterea
3294 3439 3534 3506 ejusdem

1961 3531 2278 3595 argumenti.
2312 3531 2550 3600 Epistula
2596 3529 2835 3598 ejusdem
2878 3533 2945 3584 ad
2988 3532 3310 3601 Gregorium
3356 3530 3541 3585 Thau-

1961 3632 2262 3693 maturguiu
2288 3623 2499 3678 decimo
2548 3623 2707 3677 tertio
2736 3621 3050 3676 Pliilocalia:
3081 3622 3261 3692 capite
3294 3621 3539 3675 continea-

1963 3723 2067 3769 tur.
2105 3716 2318 3770 Partem
2353 3715 2587 3785 deuique
2618 3714 2860 3785 epistola:
2890 3711 3173 3783 cujusdam
3220 3711 3533 3769 Adamantii

1960 3808 2242 3880 proferunt
2262 3809 2545 3864 Cedrenus
2578 3817 2632 3863 et
2661 3807 2879 3864 Suidas.

2029 3923 2143 3978 V'Il.
2178 3924 2421 3979 Aliarum
2450 3932 2707 3992 praeterea
2764 3920 3123 3994 quarumdam
3173 3920 3536 3991 scriptionum

1959 4016 2208 4085 Origenis
2259 4017 2585 4072 mentionem
2639 4016 2779 4085 apud
2832 4024 3042 4070 veteres
3098 4014 3333 4068 invenio.
3381 4012 3537 4068 Philo

1957 4108 2174 4163 Judaeus
2224 4109 2469 4163 ediderat
2533 4108 2731 4163 librum
2796 4106 3185 4162 Hebraicurum
3251 4104 3534 4165 nominum

1960 4202 2174 4257 Veteris
2205 4182 2558 4265 Testamenti,
2589 4215 2891 4271 eorumque
2919 4199 3271 4270 etymologias
3294 4207 3348 4251 et
3376 4197 3539 4252 inter-

1958 4297 2292 4366 pretationes
2321 4293 2592 4362 adjecerat
2623 4308 2639 4347 :
2674 4308 2833 4364 quem
2872 4292 3072 4348 librum
3110 4291 3298 4344 Latina
3333 4289 3538 4344 oratio-

1961 4403 2027 4442 ne
2063 4387 2424 4458 Hieronymus
2452 4401 2739 4456 cupressu.
2772 4386 2928 4452 Quod
2962 4387 3015 4441 iu
3051 4385 3397 4440 Testamento
3432 4384 3538 4438 Ve-

1963 4482 2060 4536 teri
2098 4482 2305 4537 l'ecerat
2331 4480 2508 4544 Philo,
2541 4481 2678 4534 idem
2703 4480 2755 4533 iu
2779 4479 2928 4533 Novo
2957 4476 3221 4533 {actitavit
3244 4473 3533 4545 Origenes,

276 4562 465 4617 Patris
496 4563 824 4629 substantia,
853 4572 908 4617 et
938 4572 1119 4617 utrum
1162 4561 1408 4617 diabolus
1450 4562 1565 4631 ejus
1593 4572 1736 4618 esset
1761 4575 1856 4615 na-

1967 4589 2232 4644 suumque
2262 4587 2394 4642 Opus
2423 4572 2489 4626 ad
2516 4586 2651 4640 opus
2679 4570 2920 4625 Philonis
2957 4568 3239 4638 adjunxit;
3284 4567 3335 4620 in
3364 4580 3538 4633 eoque

286 4668 444 4727 turre,
472 4674 592 4727 quat
644 4659 873 4713 salutem
906 4657 1130 4727 adipisci
1184 4673 1289 4712 non
1330 4667 1529 4727 posset.
1571 4657 1859 4713 Africanus

284 4752 539 4821 Origenis
570 4751 790 4821 aequalis
815 4762 869 4805 et
918 4751 1126 4805 amicus
1157 4750 1311 4805 initio
1345 4749 1618 4818 Epistulae,
1642 4765 1747 4819 qua
1779 4750 1858 4819 ip-

285 4846 403 4901 sius
435 4846 758 4898 seutentiam
787 4846 853 4898 de
884 4843 1147 4899 Susannie
1182 4844 1411 4899 historia
1463 4845 1670 4914 rogavit
1696 4885 1711 4911 ,
1743 4842 1859 4897 lau-

285 4938 383 4992 dat
409 4937 685 5006 Dialngum
716 4935 832 5004 ejus
862 4935 929 4990 ad
958 4937 1325 5006 Agnomonem
1356 4976 1372 5000 ,
1407 4936 1457 4988 in
1507 4950 1613 5004 quo
1646 4946 1857 5003 partem

286 5029 434 5084 illam
467 5029 585 5082 libri
610 5026 846 5082 Daniclis
879 5029 931 5082 in
968 5029 1336 5083 testimonium
1382 5027 1696 5089 adduxerat,
1735 5040 1855 5095 qua:

287 5122 557 5176 Susannie
588 5136 774 5175 casum
822 5130 1026 5175 narrat.
1084 5121 1273 5174 Exstat
1320 5119 1551 5188 denique
1598 5118 1856 5187 Dialogus

284 5217 350 5268 de
385 5225 523 5268 recta
554 5217 606 5267 in
642 5214 805 5267 Deum
846 5214 971 5283 ﬁde,
999 5212 1091 5283 qui
1143 5223 1193 5268 et
1244 5222 1424 5266 contra
1479 5210 1854 5265 Marcionistas

284 5308 633 5373 inscribitur;
677 5308 770 5361 sed
801 5308 1015 5376 spurius
1054 5316 1108 5360 et
1149 5305 1525 5375 supposititius
1550 5343 1565 5369 ,
1619 5314 1677 5359 ut
1716 5302 1854 5357 infra

282 5402 801 5459 demonstrabimus.

358 5497 444 5550 \‘l.
473 5494 741 5565 Epistolas
773 5494 1020 5565 Origcnis
1064 5502 1323 5564 quotquot
1362 5501 1479 5549 erat
1508 5500 1717 5557 nactus,
1744 5507 1773 5545 a
1797 5506 1855 5547 se

354 5615 397 5645 ⁸⁷
431 5614 624 5668 Euseb.
662 5611 783 5666 libr.
814 5628 865 5666 νι
897 5609 1065 5676 Ηὶδι..
1093 5623 1213 5678 cap.
1236 5609 1290 5663 2.
1370 5609 1415 5640 ⁸⁸
1456 5609 1585 5664 ibid.
1616 5623 1735 5679 cap.
1792 5608 1878 5663 l9.

283 5680 331 5718 ⁷³
360 5685 487 5740 ibid.
519 5699 642 5753 cap.
675 5683 763 5738 59.

356 5800 431 5871 (9.)
479 5800 549 5854 Ut
598 5800 823 5854 ostendit
869 5799 982 5871 ejus
1034 5800 1299 5868 exemplar
1345 5800 1575 5853 nondum
1625 5799 1847 5862 editum,

282 5874 418 5934 quod
461 5889 613 5940 penes
643 5888 719 5927 me
751 5881 846 5927 est.
892 5871 1022 5927 Vide
1068 5871 1195 5927 tomi
1250 5873 1438 5941 nostri,
1472 5872 1667 5940 prioris
1720 5885 1841 5939 pag.

1964 4668 2346 4736 Hieronymum
2396 4664 2723 4717 imitatorem
2758 4660 2942 4715 habuit
2972 4678 2985 4712 :
3022 4658 3176 4726 cujus
3228 4658 3387 4711 verba
3423 4656 3537 4709 haec

1965 4769 2090 4815 sunt
2131 4760 2183 4812 in
2212 4755 2433 4811 Prmfat.
2460 4756 2524 4809 ad
2562 4754 2757 4808 librum
2791 4753 3041 4807 Hebraic.
3068 4750 3378 4805 nominum:
3409 4766 3427 4799 ι
3459 4750 3537 4802 Ac

1964 4866 2031 4906 ne
2081 4850 2220 4905 forte
2247 4854 2624 4903 consummato
2650 4846 2881 4901 mdiﬁcio
2925 4848 3079 4913 quasi
3109 4856 3349 4897 extrema
3381 4840 3540 4895 dees-

1963 4952 2048 4999 set
2080 4957 2291 5003 manus,
2328 4940 2463 4995 Novi
2496 4938 2829 4996 Testamenti
2878 4937 3047 4991 verba
3083 4946 3138 4989 et
3184 4933 3402 4988 nomina
3456 4932 3541 4987 in-

1969 5043 2294 5105 terpretatus
2329 5049 2472 5095 sum,
2501 5032 2700 5086 imitari
2728 5030 2912 5085 volens
2937 5044 3000 5082 ex
3031 5035 3188 5097 parte
3221 5022 3538 5094 Origeuem,

1969 5141 2126 5196 quem
2168 5134 2287 5193 post
2315 5124 2586 5193 apostolos
2616 5121 2979 5177 Ecclesiarum
3019 5118 3338 5187 magistrum
3380 5130 3541 5170 nemo

1973 5219 2071 5273 nisi
2108 5217 2387 5285 imperitus
2428 5224 2606 5287 negat.
2650 5215 2793 5269 lnter
2826 5223 3022 5269 caetera
3050 5211 3192 5265 enim
3224 5208 3420 5280 ingenii
3456 5208 3539 5262 sui

1965 5312 2223 5382 praeclara
2281 5319 2626 5364 monumenta
2677 5309 2840 5363 etiam
2885 5308 2937 5359 in
2974 5305 3079 5359 hoc
3128 5302 3434 5366 laboravit,
3484 5309 3541 5353 ut

1964 5402 2104 5473 quod
2130 5400 2281 5454 Philo
2311 5399 2466 5469 quasi
2494 5398 2714 5453 Judzeus
2746 5397 3027 5460 omiserat,
3070 5394 3159 5448 hic
3192 5402 3248 5446 ut
3275 5391 3538 5446 Christia-

1968 5510 2068 5549 nus
2102 5491 2369 5563 impleret.
2399 5510 2418 5543 ι
2451 5490 2598 5545 Libri
2629 5489 2867 5559 ejusdem
2899 5486 3351 5542 meminitauctor
3377 5481 3539 5547 Quiv-

1959 5607 2003 5640 σο
2031 5606 2164 5677 ibid.
2194 5621 2313 5676 cap.
2336 5606 2429 5661 es.
2506 5605 2555 5637 το
2586 5604 2721 5660 ibid.
2750 5617 2871 5673 cap.
2895 5601 2984 5655 δι.
3061 5601 3104 5632 τι
3140 5599 3268 5653 ibid.
3298 5610 3416 5665 cap.
3446 5594 3536 5649 se.

1958 5797 2084 5858 275,
2134 5796 2221 5853 tibi
2267 5795 2355 5852 hic
2402 5792 2539 5848 liber
2587 5801 2693 5847 tam
2737 5786 2924 5844 Graicc
2963 5801 3122 5857 quam
3174 5783 3363 5839 Latine
3412 5781 3541 5839 edi-

1960 5881 2066 5921 tur.
