4068 6312
657 329 682 385 Ι
691 327 794 385 εδδ

1933 319 1995 378 P.
2036 319 2350 374 DANIELIS
2388 319 2618 374 HUETII

3683 335 3782 390 I256

657 452 885 494 stionum
913 435 982 487 ad
1011 433 1361 495 orthodoxa,
1397 431 1485 500 qui
1524 429 1660 486 falso
1691 431 1946 486 tribuitur
1979 431 2216 500 Justino,
2252 443 2298 498 Α
2327 433 2468 486 enim
2515 431 2796 502 exegetica
2849 441 3224 488 enumerasset
3270 431 3616 505 Hieronymus,
3642 450 3723 494 tum
3745 445 3787 500 in

565 545 567 547 ‘
657 539 850 600 quaest.
885 529 954 585 82
990 536 1044 582 et
1068 527 1156 591 86,
1193 527 1243 583 in
1275 541 1447 595 eoque
1477 534 1672 594 praeter
1697 524 1958 579 llebraica
1982 526 2220 590 nomina,

661 635 945 676 mensuras
990 623 1152 672 etiam
1207 617 1586 686 interpretatas
1634 631 1755 672 esse
1805 617 1978 671 docet.
2031 617 2222 672 Videat

656 726 784 782 ergo
811 711 1033 765 Ruﬁnus
1060 725 1164 778 qua
1200 708 1304 763 ﬁde
1327 709 1624 777 scripserit,
1653 707 1854 761 ltwect.
1889 723 1926 761 ιι
1957 710 2008 761 in
2034 705 2222 762 Hiero-

658 812 899 868 nymum,
932 813 998 850 ne
1021 812 1182 854 unum
1216 795 1433 866 quidem
1461 794 1754 865 Scripturre
1783 797 2002 851 verbum
2027 795 2220 868 Orige-

657 903 778 944 nem
806 889 1052 944 vertisse.

730 980 857 1034 VIII.
889 980 1111 1034 Librum
1144 979 1220 1036 De
1245 981 1481 1034 oratione
1503 978 1751 1035 emisisse
1785 979 2071 1050 Origenem
2107 994 2222 1035 me-

654 1073 841 1125 moria:
886 1071 1121 1141 prodidit
1161 1069 1473 1139 Pamphilus
1507 1069 1560 1123 in
1599 1069 1974 1140 Apologetico.’
2010 1087 2029 1121 ι
2065 1068 2221 1124 Deni-

652 1178 778 1231 que,
814 1161 1020 1230 inquit,
1069 1162 1122 1214 in
1175 1169 1280 1215 tam
1332 1161 1554 1226 multis,
1591 1170 1647 1216 et
1676 1171 1784 1216 tam
1831 1162 2059 1220 diversis
2103 1163 2219 1233 ejus

653 1253 939 1324 (Origenis)
973 1252 1124 1306 libris
1153 1266 1413 1320 nusquam
1437 1253 1658 1306 omnino
1681 1252 1952 1308 invenitur
1977 1269 2117 1308 unus
2151 1255 2219 1309 ab

651 1362 718 1402 eo
756 1347 890 1400 liber
915 1345 1126 1415 pr0prie
1153 1343 1229 1397 De
1261 1344 1444 1396 animo
1493 1343 1829 1412 conscriptus
1849 1385 1863 1408 ,
1894 1345 2030 1399 sicut
2059 1346 2220 1399 habet

652 1437 735 1492 vel
768 1438 841 1491 De
890 1437 1142 1506 martyrio
1168 1473 1184 1499 ,
1223 1433 1307 1488 vel
1341 1433 1415 1488 De
1450 1437 1685 1488 oratione
1709 1475 1724 1500 ,
1766 1435 1851 1489 vel
1880 1435 1953 1489 De
1985 1453 2216 1490 resurre-

652 1529 842 1582 ctione.
899 1528 1017 1596 Quo
1071 1527 1194 1580 licet
1263 1539 1576 1580 careremus
1632 1524 1986 1590 testimonio,
2043 1527 2215 1594 ipsum

652 1633 786 1689 Opus
812 1621 954 1688 quod
1000 1618 1067 1673 ad
1104 1618 1241 1672 banc
1277 1617 1418 1670 diem
1463 1624 1748 1684 superest,
1780 1630 1876 1684 per
1917 1630 1978 1671 se
2008 1616 2217 1672 innote-

651 1719 848 1765 sceret.

2333 538 2491 576 unum
2520 525 2748 576 classem
2785 532 3128 592 syntagmata
3177 522 3418 592 coniicit,
3457 525 3518 578 ad
3560 539 3696 595 eaque
3721 548 3789 587 suo

2334 613 2523 666 ordine
2547 617 2910 681 percensenda
2942 613 3223 675 accedens,
3267 631 3286 663 ι
3322 612 3476 679 Item,
3515 615 3678 685 inquit,
3701 624 3791 674 srri-

2326 703 2431 772 psit
2469 702 2812 769 Monobiblia,
2841 703 2978 772 Περὶ
3005 700 3204 772 ἀρχῶν
3231 703 3391 756 libros
3411 713 3632 773 quatuor,
3664 721 3790 775 tete;

2328 795 2482 864 quasi
2518 795 2743 849 dixisset
2774 815 2786 847 :
2815 795 2946 850 Item
2977 796 3256 864 sequentia
3285 797 3494 863 scripsit
3522 799 3793 870 Syntagmau

2326 888 2468 956 (qua:
2509 896 2564 941 et
2615 887 2868 955 opuscula
2909 888 3100 943 deinde
3141 885 3366 942 Rufinus
3403 887 3626 958 appellat)
3661 908 3795 962 nempe

2321 981 2488 1037 libros
2521 981 2659 1051 Περὶ
2691 980 2912 1051 ἀρχῶν,
2945 993 3051 1036 etc.
3089 983 3261 1051 Atque
3298 981 3429 1047 hate,
3458 983 3585 1050 quod
3608 984 3796 1039 nonalio-

2323 1088 2442 1127 rum
2471 1073 2730 1127 librorum
2765 1089 2929 1128 causa
2958 1083 3146 1128 essent
3172 1073 3467 1138 elaborata,
3494 1089 3584 1127 nec
3604 1075 3701 1128 aliis
3735 1077 3798 1130 ad-

2318 1162 2586 1231 iungenda
2621 1175 2806 1219 essent
2833 1165 2988 1219 libris
3010 1206 3025 1232 ,
3057 1163 3357 1232 cnjusmodi
3387 1175 3531 1218 erant
3558 1167 3796 1234 exegetica;

2323 1257 2417 1310 sed
2449 1257 2665 1326 proprio
2707 1257 3116 1310 eontinet-entur
3150 1264 3485 1324 argumento,
3521 1267 3569 1309 et
3597 1256 3712 1310 circa
3733 1273 3798 1326 pe-

2322 1347 2580 1401 culiarem
2606 1348 2706 1401 sibi
2738 1347 3022 1400 materiem
3059 1357 3430 1409 versarentur,
3465 1346 3643 1400 idcirco
3669 1347 3801 1400 Mono-

2322 1439 2485 1492 biblia
2514 1438 2777 1508 appellata
2833 1447 2978 1493 sunt.
3023 1435 3128 1492 Sed
3168 1437 3284 1491 haec
3317 1452 3414 1507 pro
3447 1435 3711 1505 conjectura
3737 1439 3800 1492 ha-

2322 1529 2436 1585 beri
2466 1531 2606 1584 volo.

2390 1622 2473 1676 Ad
2509 1632 2840 1692 postremum
2892 1622 3208 1678 Vincentius
3244 1621 3615 1676 Bellovacensis
3645 1623 3803 1691 Speculi

2322 1715 2634 1768 doctrinalis
2669 1716 2795 1771 libr.
2846 1732 3002 1783 xvut,
3046 1733 3164 1788 cap.
3212 1719 3304 1779 45,
3351 1715 3584 1783 Origenis
3615 1715 3804 1768 lucubra-

721 1821 813 1878 ιχ,
850 1822 1226 1876 Τιιθοαογειυε
1281 1822 1332 1875 in
1385 1820 1538 1876 libris
1580 1820 1966 1876 Ηωνειξεανωη
2005 1821 2215 1891 fabula-
2245 1809 2287 1865 Β
2320 1808 2489 1861 tiones
2517 1823 2636 1876 quae
2663 1809 2728 1862 ad
2754 1822 2850 1860 sua
2873 1821 3239 1877 pervenerant
3269 1819 3507 1875 tempora
3535 1822 3802 1871 enumerans,

653 1931 770 1968 rum
801 1913 1093 1984 Origenem
1139 1929 1280 1982 saepe
1320 1912 1538 1984 allegat,
1579 1923 1632 1968 et
1670 1913 1835 1970 libros
1867 1914 2032 1981 ipsius
2060 1914 2112 1968 in
2141 1925 2220 1968 te-

654 2006 964 2060 stimonium
1012 2005 1250 2060 adducit.
1287 2003 1451 2060 Libro
1498 2004 1714 2073 quidem
1767 2004 1952 2073 priore
1981 2018 2102 2074 cap.
2161 2004 2215 2069 2,

653 2098 934 2166 scripsisse
965 2111 1086 2151 eum
1106 2097 1181 2150 ait
1203 2097 1464 2152 adversus
1491 2096 1842 2152 Menandrum
1868 2097 2216 2167 luereticum;

649 2190 902 2260 et.capite
931 2188 965 2242 4
990 2191 1248 2244 adversus
1279 2189 1566 2245 Basilidem
1601 2198 1656 2246 et
1681 2190 1984 2255 lsidorum;
2019 2199 2076 2244 et
2127 2204 2217 2244 ca-

650 2281 756 2348 pite
782 2279 812 2330 't'
849 2279 1108 2334 adversus
1138 2276 1512 2344 l-lelcesaitas,,
1547 2290 1602 2334 et
1629 2280 1808 2348 capite
1832 2278 1920 2343 l9,
1959 2278 2218 2335 adversus

648 2370 1037 2440 Hermogenem
1068 2380 1123 2425 et
1143 2367 1519 2434 Valentinum;
1557 2370 1804 2439 etcapite
1833 2369 1927 2434 ﬁll,
1959 2370 2217 2424 adversus

648 2461 939 2529 Severum;
970 2472 1024 2515 et
1054 2461 1229 2531 capite
1261 2461 1353 2526 25,
1397 2461 1658 2515 adversus
1679 2460 1918 2530 Apellem
1951 2477 1964 2514 :
1997 2469 2052 2514 et
2079 2460 2217 2515 libro

644 2569 698 2615 ιι,
730 2554 904 2622 capite
933 2551 998 2614 2.
1032 2553 1292 2610 adversus
1327 2553 1574 2609 haeresim
1608 2551 1992 2606 Nazarazorum
2024 2569 2038 2605 :
2074 2561 2129 2605 et
2152 2550 2217 2605 li-

644 2644 744 2697 bro
776 2658 833 2696 ιιι
862 2681 877 2707 ,
910 2643 1084 2710 capite
1113 2643 1178 2707 li,
1205 2639 1484 2698 adversus’
1521 2641 1834 2695 Nicolaitas.
1886 2639 2053 2695 Libro
2088 2655 2216 2694 vero

645 2733 903 2794 secundo,
935 2733 1112 2801 capite
1141 2733 1205 2797 5,
1244 2734 1406 2786 tradit
1444 2732 1670 2802 Origeni
1703 2732 1942 2785 tribuere
1991 2731 2216 2785 nonnul-

646 2823 724 2877 los
752 2820 983 2876 Parvum
1025 2823 1422 2892 labyrinthum,
1473 2825 1564 2893 qui
1594 2825 1731 2877 liber
1752 2825 2014 2878 adversus
2042 2822 2217 2876 Theo-

642 2915 830 2969 dotum
863 2914 1176 2970 luereticum
1208 2917 1443 2984 scriptus
1470 2926 1574 2970 est.
1621 2913 1959 2983 Nicephorus
1994 2930 2210 2986 quoque

635 3004 780 3059 libro
807 3022 862 3069 x,
891 3021 1012 3074 cap.
1039 3007 1132 3071 '56,
1179 3005 1470 3074 Origenem
1508 3017 1736 3063 teatatur
1771 3007 1989 3077 scriptis
2023 3007 2216 3061 libellis

637 3092 945 3149 luculenter
973 3094 1237 3150 refellisse
1267 3096 1850 3153 Marcellum-Galatam
1899 3111 1954 3154 et
1984 3099 2218 3172 Porphy-

635 3186 818 3250 rium;
859 3189 1031 3256 iisque
1056 3187 1211 3242 libris
1237 3189 1286 3242 id
1317 3190 1532 3260 assequi
1563 3201 1812 3244 conatum
1839 3206 1982 3264 esse,
2019 3202 2076 3244 ut
2111 3193 2204 3246 ob-

639 3280 783 3333 scuri
814 3290 868 3332 et
893 3279 1122 3334 intricati
1157 3281 1447 3350 Scriptura:
1489 3282 1631 3348 loci,
1664 3285 1856 3352 quibus
1890 3283 2040 3340 abuti
2070 3285 2215 3340 sole-

637 3365 767 3420 bant
787 3369 1044 3434 haeretici,
1074 3369 1140 3424 ad
1177 3385 1358 3423 verum
1388 3387 1604 3427 sensum
1632 3373 2062 3430 deﬁecterentur.
2097 3373 2210 3428 Non

638 3459 886 3527 equidem
923 3461 1245 3515 crediderim
1290 3464 1509 3518 totidem
1541 3465 1709 3519 libros
1733 3465 2081 3521 confutandis
2110 3469 2213 3521 ha:-

634 3549 825 3604 reticis
858 3551 1104 3607 emisisse
1149 3550 1479 3621 Origenem,
1528 3565 1662 3626 quot
1711 3557 1994 3612 haereticos
2034 3558 2102 3612 ab
2147 3574 2210 3614 eo

633 3639 944 3696 confutatos
994 3652 1184 3697 narrat
1241 3643 1651 3714 Tbeodoretus;
1707 3650 1799 3704 sed
1850 3649 2114 3719 plurimos
2141 3666 2208 3706 ex

631 3731 746 3786 illis
789 3733 842 3786 in
880 3733 1106 3790 alterius
1132 3739 1438 3808 argumenti
1491 3741 1876 3810 scriptionibus
1914 3741 2089 3798 obiter
2142 3743 2210 3797 ab

632 3821 873 3892 Origene
908 3828 1225 3892 perstrictus
1267 3830 1554 3897 existimo;
1605 3833 2059 3902 quemadmodum
2111 3833 2210 3889 Ile-

638 3915 941 3970 racleonem
967 3919 1019 3971 in
1050 3920 1470 3978 Commentariis
1488 3925 1548 3977 in
1583 3924 1844 3978 Joannem
1879 3940 2019 3996 smpe
2045 3928 2111 3981 ab
2143 3943 2208 3982 eo

629 4006 947 4076 sugillatum
981 4013 1252 4077 videmus,
1309 4025 1364 4068 et
1421 4017 1618 4084 ubique
1665 4017 1777 4072 fere
1827 4016 2204 4084 Valentinum,

633 4095 927 4154 Basilidem
981 4113 1036 4156 et
1075 4104 1422 4160 Marcionem.
1456 4110 1525 4160 At
1565 4109 1776 4176 aliquos
1817 4121 1991 4166 tamen
2023 4112 2208 4166 adver-

630 4205 728 4246 sus
780 4194 1058 4250 ltmrcticos
1113 4207 1168 4251 et
1225 4199 1474 4253 ethnicos
1531 4204 1788 4269 quosdam
1848 4218 1912 4256 ex
1961 4205 2207 4260 instituto

630 4285 869 4340 edidisse
905 4298 1109 4342 certum
1148 4300 1231 4344 est
1265 4309 1278 4357 ;
1335 4293 1512 4363 qualis
1570 4303 1653 4348 est
1690 4293 1826 4347 liber
1875 4307 2056 4350 contra
2087 4296 2206 4351 Cel-

627 4392 782 4441 sum;
855 4379 1031 4448 qualis
1089 4380 1188 4434 fuit
1237 4381 1439 4438 Parvus
1488 4384 1575 4439 ille
1623 4384 1955 4455 labyrinthus
2009 4389 2201 4443 adver-

2315 1897 2396 1951 sic
2431 1898 2790 1967 auspicatur:
2835 1899 3091 1968 Apologia
3140 1914 3238 1968 pro
3289 1917 3364 1965 se,
3413 1898 3711 1952 tractaturi.
3739 1897 3806 1951 llo-

2316 1989 2509 2044 clrinae
2539 1991 2754 2059 quidem
2787 2004 2898 2044 suae
2933 1992 3311 2047 defensionem
3346 1992 3411 2045 ad
3449 1991 3703 2046 Fabianmn
3739 2003 3806 2056 pa-

2313 2096 2438 2150 pam
2470 2083 2682 2140 misisse
2714 2083 3001 2153 Origenem
3051 2100 3216 2154 supra
3249 2087 3548 2136 notavimus
3574 2100 3585 2135 :
3611 2099 3664 2134 an
3683 2095 3732 2135 ea
3750 2082 3807 2135 his

2316 2173 2647 2242 significetur
2691 2173 2961 2229 Vincentii
3009 2176 3193 2229 verbis
3225 2214 3240 2239 ,
3297 2190 3367 2228 an
3420 2173 3556 2229 aliud
3599 2174 3807 2244 quidpiam

2315 2278 2452 2333 opus
2475 2264 2642 2319 lector
2665 2266 2951 2335 perspicax
2977 2266 3305 2320 arbitretur.

2387 2355 2477 2408 XI.
2509 2355 2727 2410 Minime
2756 2372 2887 2411 vero
2921 2359 2970 2410 in
2997 2358 3142 2412 hunc
3185 2373 3416 2413 censum
3448 2355 3730 2412 conferenda
3751 2354 3807 2407 vi-

2316 2447 2536 2503 deretur
2557 2462 2678 2503 esse
2709 2447 3029 2508 Philocalt'a.
3049 2458 3106 2500 ut
3133 2464 3255 2517 qua:
3274 2463 3302 2501 a
3325 2448 3518 2502 Basilio
3542 2456 3589 2500 et
3613 2445 3808 2514 Gregorio

2319 2539 2360 2593 Τ
2365 2539 2588 2609 heologo
2618 2540 2834 2596 confuta
2867 2552 2921 2596 et
2950 2541 3333 2596 consarcinata
3370 2540 3460 2593 sit.
3510 2538 3731 2605 Quoniam
3757 2547 3808 2589 ta-

2317 2642 2437 2682 men
2465 2642 2530 2681 ex
2557 2629 2866 2684 Adamantii
2919 2632 3115 2700 pannis
3147 2641 3261 2685 tota
3290 2639 3540 2685 contexta
3567 2640 3666 2691 est,
3688 2637 3731 2682 et
3764 2641 3809 2678 ex

2315 2720 2589 2775 ventilatis
2652 2737 2812 2790 supra
2863 2721 3115 2794 Origenis
3176 2723 3440 2792 operibus
3485 2721 3589 2776 fere
3633 2722 3808 2776 detracta

2315 2823 2441 2867 sunt
2470 2813 2774 2884 fragmenta
2824 2817 3028 2884 quibus
3063 2817 3155 2870 illa
3205 2823 3453 2880 constat;
3497 2815 3604 2868 ideo
3632 2829 3714 2867 non
3742 2826 3808 2880 pro

2317 2904 2530 2959 diverso
2562 2906 2744 2974 aliquo
2781 2922 2943 2976 opere
2983 2907 3233 2962 habenda
3281 2915 3404 2972 est,
3432 2905 3523 2960 sed
3554 2920 3640 2974 pro
3672 2903 3808 2970 Orige-

2317 2995 2478 3050 niano
2511 3006 2713 3050 tantum
2746 3010 3014 3064 centone,
3062 3001 3115 3054 in
3163 3015 3278 3068 quo
3327 2999 3639 3069 Origeniana
3679 2996 3807 3050 omnia

2317 3099 2439 3140 sunt
2463 3103 2656 3159 praeter
2687 3098 2995 3146 contextum
3028 3111 3041 3145 :
3075 3103 3478 3164 proptereaque
3525 3091 3572 3144 in
3606 3089 3719 3143 hanc
3745 3099 3806 3140 se-

2319 3180 2451 3234 riem
2484 3196 2511 3234 a
2537 3181 2691 3236 nobis
2719 3185 3055 3240 admittetur.

2928 3321 3171 3378 SECTIO
3208 3323 3271 3378 ll.

2313 3433 2381 3471 ne
2437 3433 2681 3475 ORIGENIS
2736 3435 3102 3477 st'rAGIu'rts
3157 3437 3278 3486 qua
3333 3436 3642 3482 sunsnsonr,
3687 3430 3806 3478 Περεῖ

2385 3506 2640 3546 νετυδτιδ
2690 3507 2956 3546 Linuonun
2988 3491 3128 3560 Περὶ
3176 3491 3385 3563 ἀρχῶν
3424 3503 3807 3546 ιιιτειιριιιςτιτιυ-

2380 3577 2554 3616 NIBUS.

2312 3653 2352 3708 Ι.
2394 3653 2582 3731 Agitur
2613 3653 2677 3706 de
2724 3654 2872 3708 libris
2917 3653 2988 3707 De
3032 3657 3474 3731 resurrectione,
3506 3654 3565 3731 ll.
3597 3653 3713 3731 ῌερὶ
3740 3653 3809 3731 tig-

2385 3724 2528 3792 χῶν,
2579 3741 2861 3794 eorumque
2923 3737 3136 3780 vetustte
3199 3727 3710 3795 interpretationibus,
3748 3724 3804 3776 ltl.

2379 3795 2826 3864 Στρωματεῦσι,
2875 3795 2960 3849 1V.
3028 3795 3357 3862 Pratreptico
3423 3799 3490 3849 ad
3545 3795 3808 3864 martyrium.

2385 3864 2448 3918 V.
2485 3863 2630 3937 lioris
2663 3877 2852 3920 contra
2899 3866 3132 3937 Celsum.
3172 3867 3257 3933 VI,
3337 3865 3600 3937 Epistolis,
3645 3863 3728 3918 \‘ll.
3764 3865 3809 3913 h-

2393 3937 2482 3989 bro
2525 3935 2600 3989 De
2631 3937 2901 4000 oratione,
2948 3935 3075 3991 Vlll.
3111 3949 3155 3990 et
3197 3935 3512 3992 l’liilocalia.

2379 4026 2420 4081 l.
2460 4027 2536 4080 Ex
2571 4030 2904 4081 enumeratis
2932 4029 3179 4097 proxime
3211 4029 3526 4082 Adamantii
3555 4027 3811 4098 Syntagma-

2311 4115 2378 4170 tis
2430 4117 2542 4170 fere
2596 4117 2868 4182 omnibus,
2917 4119 2994 4172 vel
3047 4119 3143 4172 toti
3190 4119 3337 4188 libri,
3381 4121 3464 4173 vel
3507 4118 3705 4185 insignia
3731 4114 3810 4166 Ira-

2308 4219 2541 4276 gntenta,
2593 4210 2678 4264 vel
2731 4212 3008 4280 particula:
3055 4212 3247 4281 aliqua:
3297 4214 3366 4266 ad
3411 4223 3584 4266 nostra
3625 4219 3810 4278 tempora

2305 4313 2684 4370 pervenerunt.
2715 4303 2755 4357 E
2780 4304 2930 4358 libris
2954 4305 3166 4372 quidem
3199 4305 3274 4359 De
3306 4307 3667 4360 resurrectione
3683 4305 3810 4371 primo

2305 4405 2360 4448 et
2393 4395 2629 4448 secundo
2663 4394 2962 4464 fragmenta
3001 4397 3205 4466 aliquot
3267 4398 3534 4466 depromit
3566 4391 3811 4462 Pamphilus

627 4482 727 4520 sus
755 4465 1089 4525 Theodotum
1118 4511 1133 4537 ,
1179 4474 1223 4526 si
1259 4476 1416 4529 modo
1463 4473 1750 4543 Origenem
1797 4486 2072 4533 auctorem
2108 4479 2204 4533 ba-
2235 4503 2277 4558 ι)
2308 4485 2748 4554 ίυΙΑροιορειίςο,
2780 4489 2847 4540 ad
2881 4465 3168 4557 septimam
3214 4465 3580 4557 depellendam
3611 4484 3811 4540 crimina-

632 4567 783 4632 !iuit;
814 4567 984 4635 qualis
1015 4565 1108 4621 fuit
1147 4566 1474 4622 anubratio
1505 4569 1763 4625 adversus
1799 4571 2135 4627 Helcesaitas
2181 4613 2199 4641 ,

627 4674 770 4729 quos
802 4657 1050 4727 peculiari
1086 4674 1246 4728 opere
1277 4660 1551 4714 convictos
1586 4661 1750 4716 fuisse
1773 4665 2065 4719 verisimile
2088 4675 2193 4719 est.

706 4773 772 4828 Χ.
807 4773 1169 4842 Hieronymus
1199 4776 1340 4844 apud
1369 4773 1616 4830 Rufinem
1651 4775 1849 4831 lnoect.
1879 4795 1939 4842 ll,
1972 4780 2199 4834 indicem

629 4862 893 4916 librorum
930 4861 1180 4930 Origenis
1216 4875 1504 4930 pertexens
1529 4905 1545 4930 ,
1590 4867 1668 4920 sic
1709 4868 1968 4922 disserit:
2013 4888 2034 4921 ‹
2079 4871 2203 4925 Vul-

635 4955 704 5007 tis
734 4967 959 5008 noscere
988 4963 1185 5022 quanta
1232 4954 1428 5024 ingenii
1462 4957 1542 5010 sui
1581 4956 1867 5026 reliquerit
1892 4975 2203 5016 monumen-

634 5047 735 5100 ta?
773 5047 1016 5115 Sequens
1041 5045 1226 5100 titulus
1249 5050 1528 5104 ostendit:
1569 5049 1798 5118 Scripsit
1848 5052 1899 5104 in
1947 5053 2200 5109 Genesitn

635 5136 800 5190 libros
856 5138 1114 5192 tredecim
1164 5155 1177 5191 :
1229 5139 1578 5208 tnysticarum
1645 5142 1988 5196 homiliarum
2037 5146 2203 5200 libros

629 5227 767 5281 duos
801 5245 814 5280 :
852 5228 902 5280 in
951 5229 1132 5283 Exodo
1170 5241 1468 5298 excerpta:
1507 5233 1558 5284 in
1616 5232 1856 5287 Levitico
1896 5247 2150 5306 excerpta
2185 5256 2198 5291 :

631 5318 762 5373 item
797 5317 1121 5374 Monobiblia
1145 5362 1158 5384 ,
1209 5322 1349 5390 Περὶ
1390 5322 1590 5390 ἀρχῶν
1623 5325 1793 5381 libros
1829 5337 2078 5395 quatuor,
2127 5327 2203 5381 De

631 5412 1010 5464 resurrectione
1049 5411 1223 5467 libros
1263 5415 1396 5467 duos
1417 5453 1431 5478 ,
1462 5425 1512 5468 et
1546 5415 1682 5470 alios
1712 5419 1777 5472 de
1806 5420 2203 5477 resurrectione

630 5501 871 5570 dialogos
939 5502 1092 5556 duos.
1136 5523 1154 5554 ι
1206 5504 1342 5570 Quid
1399 5506 1506 5558 sint
1561 5505 1880 5562 Monobiblia
1938 5511 2198 5564 incertum

630 5602 733 5646 est.
763 5592 1014 5648 Fortasse
1059 5610 1162 5648 non
1202 5596 1475 5664 peculiare
1516 5597 1732 5666 aliquod
1776 5599 2022 5669 Origenis
2065 5616 2199 5669 opus

633 5679 736 5733 hoc
781 5685 996 5737 nomine
1030 5686 1306 5755 signatur,
1356 5688 1449 5742 sed
1491 5703 1552 5743 ea
1597 5687 1710 5755 ejus
1755 5692 2033 5759 Opuscula,
2082 5706 2200 5759 qua:

631 5781 735 5824 nos
764 5771 1170 5851 Syntagmatum
1201 5779 1565 5848 appellatione
1596 5783 2026 5852 complectimur.
2062 5783 2193 5867 Cum

2310 4579 2530 4642 tionem,
2567 4593 2671 4645 qua
2706 4579 2771 4632 de
2802 4581 3199 4634 resurrectione
3233 4581 3375 4634 t‘nale
3418 4581 3637 4634 sensisse
3670 4575 3810 4644 Orige-

2308 4683 2405 4720 nes
2447 4668 2749 4721 dicebatur.
2801 4667 2881 4722 Ex
2935 4671 3122 4724 eodem
3177 4685 3394 4740 quoque
3460 4684 3630 4739 opere,
3666 4664 3809 4734 capitis

2308 4757 2499 4810 decimi
2530 4757 2651 4810 libri
2687 4759 2908 4812 secundi
2943 4759 3081 4830 Περὶ
3111 4757 3336 4830 ἀρχῶν,
3370 4761 3570 4816 fatente
3600 4760 3699 4829 ipso
3719 4754 3806 4810 Ori-

2304 4861 2459 4915 gene,
2491 4861 2615 4914 pars
2651 4847 2830 4916 aliqua
2867 4850 3123 4903 translata
3147 4862 3248 4905 est.

2373 4959 2438 5013 ll.
2473 4959 2735 5014 Baronius
2777 4976 2866 5015 an.
2898 4961 3024 5026 2.32,
3065 4979 3184 5033 cap.
3216 4965 3269 5030 4,
3300 4965 3465 5020 libros
3494 4963 3623 5032 Περὶ
3657 4955 3804 5029 ἀρκῶν

2304 5049 2370 5102 ad
2403 5051 2710 5119 exemplum
2743 5050 2968 5120 Longini
3005 5055 3313 5111 elaboratos
3342 5056 3410 5110 ab
3443 5054 3657 5125 Origene
3674 5050 3800 5118 suspi-

2303 5150 2477 5195 catur.
2517 5142 2816 5212 Longinunt
2845 5145 3112 5213 siquidem
3146 5147 3303 5216 hujus
3333 5148 3472 5202 tituli
3506 5149 3683 5200 librum
3709 5139 3799 5196 scri-

2303 5234 2481 5303 psisse
2518 5233 2680 5288 refert
2718 5235 3052 5306 Porphyrius
3087 5239 3138 5292 in
3209 5238 3324 5292 I’ita
3359 5238 3576 5292 Plotini.
3621 5236 3670 5291 Si
3715 5230 3798 5302 quis

2301 5326 2918 5397 econtrario_Longimtm
2939 5327 3164 5384 aﬁirntet
3186 5332 3363 5400 operis
3386 5331 3467 5384 διιὶ
3491 5333 3795 5400 argumentqu

2302 5417 2370 5470 ab
2411 5416 2640 5488 Origene
2675 5421 2992 5487 sumpsisse,
3028 5437 3056 5474 a
3093 5437 3220 5476 vero
3255 5423 3466 5488 longius
3514 5437 3608 5474 non
3649 5413 3793 5473 abibili

2301 5523 2450 5576 aeque
2479 5509 2620 5562 enim
2664 5521 2953 5580 utrumque
3001 5515 3265 5567 incertum
3312 5527 3419 5569 est.
3468 5511 3606 5567 Libri
3651 5502 3794 5561 inscri-

2300 5601 2535 5667 ptionem
2573 5614 2763 5668 parum
2797 5614 3080 5659 assecutus
3103 5615 3187 5659 est
3228 5605 3471 5670 ltuﬁnus,
3514 5604 3596 5672 qui
3628 5601 3670 5652 in
3695 5595 3794 5648 Pro-

2300 5690 2420 5760 logo
2469 5693 2535 5745 ad
2573 5693 2739 5749 libros
2769 5694 2909 5763 Περὶ
2940 5695 3140 5765 ἀρχῶν
3189 5699 3335 5752 reddi
3381 5714 3496 5753 eam
3542 5707 3678 5765 posse
3701 5685 3797 5742 dicit

2308 5782 2387 5837 De
2425 5785 2724 5856 principiis,
2778 5789 2858 5845 vel
2911 5788 2989 5843 De
3024 5792 3389 5856 potestatibus.
3435 5789 3560 5858 Quis
3588 5798 3693 5840 vero
3715 5791 3793 5834 000
