4068 6312
328 392 471 449 £257

1178 391 1744 451 ORIGENIANORUM
1779 394 1908 449 LIB.
1950 394 2039 459 Ill,
2078 393 2229 449 CAP.
2269 393 2357 460 Ill,
2402 394 2595 449 SECT.
2637 395 2703 452 ll.

3432 405 3457 459 ς
3469 404 3568 459 258

331 519 582 589 intelligit
611 518 937 575 Christianae
961 516 1259 587 religionis,
1285 532 1350 573 ac
1378 534 1522 575 verae
1543 520 1899 590 philosOphia:
1925 529 1973 585 ,Δ
2000 519 2391 585 dissimulatos,
2419 519 2567 575 nullo
2598 519 2746 574 falsae
2779 519 3244 591 interpretationis
3272 524 3395 581 fuco
3427 530 3567 585 obli-

331 612 597 666 clementa
659 611 761 666 hoc
814 611 953 666 libro
1005 610 1219 665 tradere
1275 611 1612 680 propositum
1669 611 1892 679 Origeni

333 701 537 756 fuisse?
557 702 917 769 Quamobrem
942 715 1127 755 revera
1155 711 1301 775 sunt,
1327 711 1385 755 ut
1403 702 1621 773 subjicit
1648 705 1892 772 Ruﬁnus,

330 802 386 847 et
412 794 802 858 obscurissimi,
834 803 889 849 et
910 793 1228 850 difﬁcillimi.
1263 794 1473 849 Addere
1508 805 1718 869 poterat
1751 815 1765 850 :
1807 813 1897 851 er-

333 886 548 941 roribus
575 901 809 955 quoque,
835 894 889 940 et
927 884 1277 957 ψευδωνύμου
1313 884 1565 954 γνὼσεως
1598 890 1895 946 seminibus

333 975 668 1031 refertissimi
697 995 710 1031 :
741 978 793 1030 in
826 975 893 1030 iis
913 977 1112 1046 quippe
1136 978 1401 1047 praecipua
1427 978 1733 1046 dogmatum
1767 996 1895 1037 suo-

333 1081 449 1120 rum
498 1067 840 1122 fundamenta
882 1068 1144 1140 Origenes
1192 1069 1391 1136 posuit.
1438 1068 1705 1135 Quocirca
1734 1073 1895 1144 Didy-

330 1174 449 1213 mus
478 1160 726 1214 brevibus
746 1176 840 1215 eos
863 1161 1150 1216 illustravit
1168 1165 1647 1231 commentariolis,
1669 1165 1896 1223 Ruﬁnus

329 1265 459 1305 vero
497 1253 735 1306 Romana
776 1253 987 1323 loquela
1013 1257 1286 1323 exposuit.
1330 1256 1521 1311 Vermn
1559 1268 1617 1312 ut
1645 1275 1892 1315 errorum

328 1356 544 1397 suorum
585 1346 763 1413 capita
808 1346 861 1398 in
911 1347 1012 1400 hac
1044 1347 1418 1403 lucubratione
1460 1352 1723 1406 conclusit
1766 1352 1893 1407 Ori-

302 1448 507 1505 ‘genes,
545 1437 617 1490 ita
649 1437 702 1490 in
734 1438 924 1491 eadem
960 1438 1113 1493 malae
1141 1455 1253 1495 sua:
1294 1449 1347 1494 et
1375 1439 1532 1497 ﬂuxa:
1564 1445 1778 1511 penitus
1808 1446 1892 1500 in-

328 1530 675 1597 terpretando
726 1530 845 1584 ﬁdei
901 1533 1178 1602 egregium
1228 1534 1500 1604 specimen
1546 1538 1706 1591 edere
1755 1538 1897 1594 velle‘

325 1620 471 1675 visus
502 1631 583 1675 est
606 1620 870 1677 Ruﬁnus:
902 1624 980 1678 sic
1003 1626 1147 1677 enim
1180 1626 1323 1678 fatur
1346 1626 1398 1679 in
1424 1626 1688 1698 Prolngo:
1719 1647 1739 1681 ι
1775 1629 1895 1684 Sic-

327 1714 415 1767 ubi
450 1728 581 1783 ergo
639 1730 735 1768 nos
790 1716 842 1770 in
904 1717 1037 1770 libro
1071 1718 1188 1787 ejus
1219 1719 1393 1789 (Περὶ
1425 1721 1663 1793 ἀρχῶν)
1694 1724 1893 1793 aliquid

327 1804 471 1859 circa
523 1805 575 1859 id
621 1805 940 1873 invenimus,
974 1809 1115 1877 quod
1150 1811 1219 1865 ab
1255 1811 1371 1880 ipso
1422 1815 1474 1867 in
1512 1816 1724 1871 caeteris
1759 1817 1892 1874 locis

1999 620 2115 677 tos;
2147 610 2296 665 utab
2327 611 2393 666 iis
2419 611 2471 664 in
2496 611 2778 681 prOpatulo
2799 612 2989 680 positis
3022 614 3232 670 facilius
3260 618 3361 673 sibi
3397 619 3568 677 lector

1994 704 2219 759 faceret.
2248 703 2445 759 Verum
2490 704 2557 758 ad
2598 705 2739 759 hanc
2764 714 2978 761 aetatem
3012 722 3147 762 nova
3178 709 3366 766 isthmc
3394 713 3563 769 inter-

1965 874 1969 879 .
1993 796 2227 865 pretatio
2258 812 2361 852 non
2397 798 2664 865 pervenit.

2068 886 2267 941 Narrat
2313 902 2380 942 ex
2427 888 2656 941 aliorum
2691 890 2793 944 ﬁde
2826 890 3068 945 Andreas
3114 892 3335 950 Rivetus
3374 894 3562 950 Critici

1994 980 2134 1033 sacri
2185 979 2322 1034 lihro
2364 996 2424 1049 ll,
2450 995 2568 1050 cap.
2618 981 2716 1047 12,
2754 982 2920 1037 libros
2960 984 3099 1051 Περὶ
3134 985 3337 1054 ἀρχῶν
3379 986 3563 1044 Graece

1994 1074 2228 1141 scriptos
2256 1084 2473 1127 exstare
2516 1075 2567 1127 in
2596 1076 2915 1143 quibusdam
2933 1076 3304 1133 bibliothecis.
3335 1078 3559 1135 Falsum

1995 1163 2046 1217 id
2085 1180 2204 1219 esse
2258 1165 2525 1219 afﬁrmare
2575 1169 2790 1221 ausim:
2838 1184 2959 1221 nam
3007 1184 3182 1238 neque
3230 1172 3282 1224 in
3319 1171 3561 1235 Gallicis.

1994 1263 2087 1305 aut
2125 1253 2345 1317 Italicis,
2390 1266 2484 1309 aut
2520 1255 2880 1321 Germanicis,
2916 1267 3011 1311 aut
3051 1260 3355 1329 llispanicis
3403 1279 3561 1333 repe-
3642 1260 3654 1274 ⁸

1996 1342 2092 1396 riri
2123 1358 2215 1398 eos
2249 1345 2612 1399 certissimum
2657 1355 2758 1399 est.
2806 1347 3072 1401 Incertum
3118 1364 3245 1402 vero
3291 1360 3375 1404 est
3403 1365 3467 1403 an
3497 1366 3564 1405 ex

1993 1435 2170 1491 aliena
2198 1436 2321 1499 ﬁde.
2353 1453 2419 1491 an
2451 1453 2519 1492 ex
2546 1454 2643 1493 suo
2669 1438 2884 1509 ingenio
2910 1438 3202 1507 conjecerit
3224 1441 3565 1498 Abrahamus

1995 1530 2267 1584 Scultetus
2291 1530 2359 1596 ⁷⁸,
2384 1530 2886 1598 Anacephalzeosin.
2912 1548 3031 1601 qua:
3074 1543 3319 1601 quartum
3368 1535 3568 1590 claudit

1993 1619 2188 1674 librum
2235 1622 2415 1689 operis
2454 1620 2528 1673 De
2574 1621 2864 1689 principiis,
2909 1636 3028 1675 esse
3072 1620 3251 1677 Ruﬁni
3295 1624 3375 1677 vel
3409 1623 3566 1679 Pam-

1995 1712 2150 1782 phili.
2186 1710 2338 1777 Quod
2372 1721 2429 1764 ut
2476 1712 2621 1767 nullo
2658 1725 2901 1779 auctore,
2940 1714 3081 1768 nulla
3121 1716 3330 1771 ratione
3377 1717 3566 1771 subni-

1995 1820 2123 1857 xum
2157 1807 2496 1876 proponitur,
2542 1805 2616 1858 ita
2662 1806 2811 1860 nullo
2840 1806 3069 1862 adducto
3110 1819 3429 1880 argumento
3481 1824 3568 1865 re—

329 1898 413 1964 pie
433 1898 499 1950 de
534 1896 795 1951 Triuitate
821 1898 998 1954 fuerat
1020 1903 1327 1968 deﬁnitum,
1355 1904 1499 1959 velut
1528 1907 1887 1964 adulteratam
1921 1886 1964 1945 Β
1991 1898 2266 1967 Ρυάίθιιιτο

327 1985 431 2040 hoc
460 1996 514 2041 et
550 1988 806 2055 alienum,
840 2001 931 2043 aut
957 1994 1423 2060 praetermisimus,
1466 2008 1558 2051 aut
1596 2001 1890 2053 secundum

323 2094 443 2133 eam
483 2081 719 2150 regulam
759 2083 1105 2150 protulimus,
1132 2101 1294 2155 quam
1328 2088 1399 2143 ab
1430 2088 1547 2159 ipso
1582 2090 1893 2160 frequenter

326 2172 628 2230 invenimus
679 2175 1018 2232 afﬁrmatum.
1072 2178 1131 2235 Si
1178 2196 1285 2251 qua
1335 2196 1466 2237 sane
1503 2183 1651 2239 veldt
1703 2186 1892 2255 peritis

317 2263 430 2331 jam
464 2276 517 2320 et
559 2268 857 2324 scientibus
903 2270 1150 2341 loquens,
1196 2274 1324 2329 dum
1368 2275 1611 2331 breviter
1655 2279 1892 2335 transire

323 2355 458 2419 vult,
510 2357 793 2412 obscurius
837 2361 1097 2428 protulit;
1134 2378 1233 2418 nos
1272 2373 1332 2419 ut
1366 2366 1706 2422 manifestior
1740 2370 1893 2424 ﬁeret

322 2445 490 2509 locus,
524 2464 587 2501 ea
609 2465 728 2519 quae
757 2450 823 2506 de
852 2452 967 2521 ipsa
996 2469 1054 2509 re
1080 2455 1134 2509 in
1167 2455 1288 2511 aliis
1314 2456 1432 2526 ejus
1464 2458 1615 2514 libris
1647 2462 1891 2529 apertius

321 2538 646 2607 legeramus,
670 2542 986 2612 adjecimus,
1013 2547 1377 2617 explanationi
1403 2551 1681 2605 studentes
1706 2570 1719 2605 :
1755 2554 1889 2607 nihil

323 2639 498 2685 tamen
535 2642 776 2688 nostrum
803 2635 1055 2701 diximus,
1079 2639 1171 2693 sed
1200 2639 1323 2693 licet
1350 2640 1400 2693 in
1423 2641 1540 2694 aliis
1563 2641 1696 2696 locis
1721 2642 1888 2707 dicta,

323 2730 501 2775 tamen
522 2739 620 2778 sua
638 2726 740 2779 sibi
769 2727 1117 2782 reddidimus.
1146 2747 1165 2780 ι
1184 2730 1283 2796 Qui
1305 2731 1429 2785 licet
1450 2745 1601 2784 suam
1632 2731 1889 2786 voluisset

315 2815 495 2870 celare
525 2817 831 2885 perﬁdiam,
855 2818 1016 2875 facile
1060 2821 1148 2875 illa
1181 2837 1301 2876 sese
1334 2823 1684 2892 prodidisset.
1711 2824 1788 2894 (ὅ)
1811 2825 1886 2878 Ex

313 2921 379 2960 eo
430 2909 627 2978 quippe
672 2909 811 2965 libro
861 2913 1024 2967 multa
1084 2914 1136 2968 in
1182 2913 1578 2983 Apologeticum
1608 2918 1882 2973 transtulit

314 2996 645 3067 Pamphilus,
676 3017 793 3070 qua:
826 3003 879 3056 in
903 3002 1183 3059 Ruﬁniana
1210 3006 1654 3075 interpretatione
1682 3009 1889 3064 deside-

314 3099 503 3144 rantur
534 3109 545 3144 :
577 3091 723 3146 velut
761 3093 816 3147 in
844 3108 909 3148 eo
938 3095 1136 3163 capite,
1166 3096 1259 3149 ubi
1295 3096 1474 3167 agitur
1501 3097 1565 3150 de
1592 3095 1885 3151 Cowterni-

309 3190 417 3235 tate
451 3179 577 3235 Filii
603 3182 720 3248 Dei,
752 3195 800 3237 et
837 3185 1293 3252 inseparabilitate
1317 3185 1430 3254 ejus
1462 3203 1494 3239 a
1530 3185 1713 3250 Patre,
1747 3188 1886 3241 reci-

2066 1987 2152 2043 lll.
2193 1988 2542 2043 Ostendimus
2573 2002 2734 2057 supra
2773 1997 2996 2045 auctore
3028 1991 3359 2064 Hieronymo
3385 1996 3569 2061 Στρω-

1988 2078 2196 2147 ματεῐς
2222 2077 2493 2150 Origenis,
2540 2079 2605 2133 ad
2644 2079 2981 2135 Stromateon
3012 2080 3306 2138 Clementis
3338 2083 3567 2139 Alexan-

1995 2171 2134 2226 drini
2158 2173 2461 2241 exemplum
2485 2172 2837 2241 compositos,
2858 2172 3290 2231 Christianorum
3313 2175 3565 2244 dogmata

1996 2276 2119 2315 cum
2162 2262 2608 2332 philosophorum
2668 2264 2956 2319 sententiis
3004 2266 3320 2330 contulisse,
3361 2267 3562 2336 illaque

1994 2367 2062 2407 ex
2110 2352 2177 2408 iis
2204 2353 2576 2409 conﬁrmasse.
2617 2354 2900 2423 Specimen
2948 2355 3158 2411 illorum
3188 2372 3218 2412 e
3246 2364 3399 2412 sexto
3428 2359 3566 2414 libro

1994 2447 2337 2516 desumptum
2400 2446 2620 2501 exhibet
2678 2446 3035 2519 Hieronymus
3079 2449 3215 2505 libro
3270 2465 3288 2505 ι
3342 2451 3561 2523 Apolog.

1992 2538 2197 2592 advers.
2233 2538 2441 2607 Ruﬁn.,
2472 2554 2596 2607 cap.
2627 2539 2684 2606 4,
2714 2555 2824 2610 quo
2852 2554 2977 2595 cum
3016 2539 3294 2597 Platonem
3326 2543 3567 2598 induxis-

1991 2637 2075 2682 set
2117 2628 2397 2700 Origenes,
2447 2631 2765 2699 probantem
2814 2632 3097 2686 mendacio
3151 2634 3226 2687 uti
3270 2634 3565 2704 aliquando

1992 2717 2176 2785 licere,
2212 2721 2351 2773 idem
2381 2736 2658 2775 sacrorum
2700 2720 2962 2776 librorum
2995 2724 3343 2791 auctoritate,
3375 2735 3429 2779 et
3465 2724 3564 2781 Ju-

1990 2810 2175 2876 ditbze,
2242 2809 2487 2866 Estherze
2542 2826 2605 2866 ac
2680 2809 2865 2866 Jacobi
2918 2814 3245 2883 patriarchae
3312 2816 3562 2888 exemplo

1989 2905 2209 2959 astruit.

2059 2994 2149 3051 IV.
2190 2994 2574 3065 Fragmentum
2613 3010 2645 3052 e
2675 2996 3007 3066 Protreptica
3031 2997 3282 3071 Origenis
3305 3002 3374 3055 ad
3415 3018 3563 3057 mar-

1989 3086 2185 3155 tyrium
2227 3086 2567 3142 Bibliotheca
2612 3087 2778 3159 Regia
2821 3092 3149 3159 suppeditat.
3189 3091 3385 3147 Totum
3428 3110 3560 3150 vero

1987 3192 2122 3247 opus
2172 3178 2522 3234 illustrissimi
2551 3180 2757 3234 domini
2804 3182 2870 3236 de
2909 3183 2957 3236 la
2983 3181 3176 3250 Barde,
3211 3183 3560 3242 Christianis-

308 3284 458 3328 tatur
475 3276 839 3330 testimonium
860 3277 997 3331 istud
1012 3294 1042 3330 e
1066 3278 1204 3331 libro
1221 3279 1394 3348 primo
1413 3297 1429 3332 :
1462 3278 1740 3333 Videamus
1762 3296 1884 3349 ergo

1989 3270 2111 3322 simi
2161 3272 2306 3339 regis
2346 3272 2488 3337 apud
2523 3270 2796 3326 Helvetios
2814 3273 3000 3341 legati,
3034 3288 3163 3328 cura
3206 3291 3238 3331 e
3270 3276 3556 3335 Basiliensi

306 3368 441 3436 quid
481 3369 547 3420 sit
597 3366 847 3421 Salvator
880 3380 1076 3426 noster.
1115 3370 1375 3435 Splendor
1419 3371 1616 3424 dicitur
1644 3371 1710 3436 ",
1755 3380 1883 3431 etc.,

308 3462 455 3530 quod
502 3461 703 3515 frustra
734 3462 786 3515 in
817 3462 995 3515 Ruﬁni
1034 3464 1390 3519 conversione
1436 3465 1707 3535 requiras.
1753 3464 1887 3519 Tale

306 3556 368 3599 et
398 3545 526 3601 illud
549 3556 630 3601 est
650 3547 1035 3601 elibroitidem
1059 3547 1234 3616 primo
1262 3549 1488 3617 petitum
1520 3565 1533 3601 :
1566 3546 1652 3601 Ex
1666 3564 1725 3601 eo
1745 3549 1885 3618 quod

306 3637 443 3691 dicit
471 3637 740 3706 apostolus
760 3638 963 3692 Paulus
993 3654 1043 3693 τι
1066 3638 1180 3693 Νοη
1205 3640 1272 3694 ab
1292 3640 1598 3695 hominibus
1624 3641 1722 3703 7",»
1751 3651 1880 3707 etc.,

306 3730 458 3802 quod
500 3731 732 3786 habetur
776 3733 828 3787 in
866 3746 932 3787 eo
976 3734 1154 3802 capite
1192 3733 1281 3789 ubi
1318 3736 1495 3788 tertiae
1515 3734 1880 3789 criminationi

308 3823 624 3894 Pamphilus
646 3826 958 3895 respondet.
987 3825 1145 3880 Aliud
1174 3841 1388 3897 quoque
1415 3828 1652 3883 indidem
1676 3829 1885 3898 profert

306 3917 379 3971 ad
414 3930 667 3986 quartam
701 3918 1134 3973 criminationem
1164 3918 1539 3984 refellendam,
1588 3921 1731 3988 quod
1770 3921 1881 3973 Ru-

309 4010 454 4063 ﬁnus
481 4010 532 4063 in
560 4011 1002 4080 interpretatione
1028 4012 1236 4066 omisit.
1264 4011 1588 4081 Fragmenta
1620 4025 1879 4082 praeterea

306 4100 622 4156 Philocaliw
653 4118 717 4157 ex
755 4104 855 4157 hoc
886 4117 1050 4172 opere
1072 4113 1311 4157 mutuata
1342 4120 1609 4159 summam
1639 4106 1757 4174 ejus
1788 4121 1881 4158 va-

306 4194 537 4248 nitatem
565 4204 884 4265 coarguunt,
915 4196 963 4250 si
988 4210 1111 4250 cum
1147 4197 1318 4265 ipsius
1345 4198 1525 4253 verbis
1548 4200 1879 4254 contendan-

308 4296 418 4340 tur.
467 4286 782 4357 Quanquam
831 4290 1064 4344 dubitari
1107 4300 1282 4360 potest
1327 4307 1506 4346 annon
1551 4292 1732 4362 aliqua
1785 4294 1879 4346 de-

308 4380 579 4433 traxerint
612 4379 847 4436 Basilius
878 4390 932 4435 et
974 4380 1268 4452 Gregorius
1308 4381 1624 4438 Philocaliae
1654 4395 1878 4439 contex-

306 4480 477 4538 tores,
502 4487 620 4541 qua:
646 4472 713 4526 ab
746 4472 1048 4527 orthodoxa
1086 4474 1189 4529 ﬁde
1220 4475 1594 4530 dissentirent.
1622 4475 1877 4530 Certissi-

307 4581 455 4620 mum
510 4581 636 4621 vero
677 4568 881 4636 petitur
927 4568 1185 4622 indicium
1218 4584 1285 4624 ex
1332 4568 1677 4624 conﬂictione
1728 4569 1873 4624 loco-

306 4674 454 4724 rum,
495 4674 631 4728 quos
666 4674 697 4714 e
738 4659 891 4714 libris
923 4660 1062 4728 Περὶ
1091 4659 1295 4730 ἀρχῶν
1326 4670 1600 4731 acceptos,
1635 4661 1878 4714 Ruﬁnia-

306 4766 501 4809 norum
530 4753 687 4807 valde
716 4753 1014 4809 dissimiles
1044 4752 1387 4809 Justinianus
1422 4753 1476 4808 in
1525 4751 1767 4821 Epistula
1807 4754 1876 4807 ad

307 4842 519 4899 Menam
551 4848 974 4916 repraesentavit.
1008 4846 1193 4915 Itaque
1221 4862 1288 4900 ex
1323 4848 1425 4901 hac
1470 4846 1649 4900 Ruﬁni
1687 4846 1877 4900 inﬁde-

304 4935 461 4990 litate
489 4947 690 5007 quanta
735 4935 1059 4991 Christianae
1097 4936 1287 5005 pietati
1333 4946 1389 4990 et
1433 4936 1691 4991 doctrinae
1728 4937 1876 5005 peri-

303 5029 426 5083 cula
488 5030 832 5094 exsisterent,
876 5028 1187 5097 intelligens
1244 5027 1628 5098 Hieronymus,
1678 5044 1873 5083 novam

304 5121 802 5189 interpretationem
836 5120 1045 5176 meliori
1090 5121 1196 5175 lide
1230 5121 1535 5187 adornavit,
1570 5131 1627 5175 et
1664 5120 1873 5175 Latina:

302 5214 561 5270 Ecclesiae
606 5214 857 5286 Origenis
898 5214 1160 5270 revelavit
1200 5228 1440 5282 errores,
1476 5213 1640 5269 nullis
1663 5214 1873 5268 artibus

1987 3362 2309 3417 bibliotheca
2356 3364 2754 3431 depromptum,
2810 3365 2927 3434 ejus
2963 3365 3131 3419 lrater
3164 3366 3420 3423 Ecclesia:
3457 3371 3559 3424 Pa-

1988 3452 2236 3507 risiensis
2263 3455 2582 3515 canonicus,
2619 3469 2756 3508 rara:
2785 3455 2869 3508 vir
2909 3455 3149 3523 pietatis,
3200 3455 3557 3515 humanitatis

1983 3550 2039 3595 et
2084 3542 2432 3611 integritatis,
2469 3542 2571 3596 mei
2615 3543 2757 3613 juris
2784 3543 2930 3608 fecit,
2981 3561 3185 3616 suoque
3221 3563 3252 3600 a
3298 3564 3385 3604 me
3417 3550 3560 3606 inter

1985 3633 2235 3704 Origenis
2262 3636 2618 3704 Syntagmata
2648 3637 2842 3691 ordine
2874 3636 3251 3694 collocabitur.

2053 3723 2119 3778 V.
2167 3726 2241 3779 De
2267 3725 2420 3780 libris
2443 3735 2628 3780 contra
2657 3727 2867 3781 Celsum
2908 3727 2983 3782 ita
3023 3728 3263 3799 loquitur
3294 3730 3559 3787 Eusebius

1984 3818 2038 3871 in
2063 3818 2424 3871 Antirrhetico
2460 3819 2721 3874 adversus
2756 3819 3061 3875 Hieroclem
3089 3840 3101 3874 :
3127 3821 3364 3893 Δυνάμει
3387 3823 3430 3875 δ’
3455 3824 3558 3896 ἤδη

1980 3912 2040 3964 οὺ
2076 3912 2213 3984 πρὸς
2238 3912 2334 3983 τῆς
2367 3911 2503 3976 ἰδίας
2532 3913 2652 3966 κατ’
2676 3912 2856 3968 αὐτῶν
2887 3915 3106 3986 γραφῆς
3129 3917 3555 3989 ἀνατέτραπται,

1980 4005 2075 4056 καὶ
2135 4004 2648 4075 προαπελήλεγκται
2696 4007 2755 4060 ὲν
2784 4007 2926 4071 ὅλοις
2962 4008 3108 4061 ὀκτὼ
3141 4008 3555 4082 ξυγγράμμασι,

1979 4098 2090 4159 τοῖς
2113 4096 2374 4167 Ὠριγένει
2397 4100 2674 4168 γραφεῖσι,
2693 4099 2827 4170 πρὸς
2857 4101 2948 4154 τὸν
2967 4102 3443 4176 ἀλαζωνικώτερον
3463 4106 3556 4160 τοῦ

1979 4190 2355 4258 Φιλαλήθους
2376 4190 2850 4263 ἐπιγεγραμμένον
2873 4195 3084 4248 Κέλσου
3101 4196 3311 4266 Ἄληθῆ
3350 4198 3555 4269 λόγον,

1977 4273 2022 4347 ᾦ
2044 4280 2144 4344 τὰς
2178 4280 2405 4346 εὐθύνας
2429 4282 2875 4356 ἀπαραλείπτως,
2911 4288 2971 4341 ὲν
2995 4289 3142 4352 ὅσοις
3170 4290 3502 4362 εὑρήκαμεν,
3526 4294 3557 4346 ὁ

1977 4373 2344 4446 δεδηλωμένος
2360 4376 2699 4447 παραγαγὼν
2722 4379 3020 4454 ξυλλήσδην
3040 4382 3142 4436 ὅσα
3165 4383 3246 4446 εἰς
3267 4382 3365 4454 τὴν
3388 4384 3558 4457 αὐτὴν

1980 4468 2233 4521 ὑπόθεσιν
2262 4470 2423 4523 παντί
2451 4487 2528 4541 τῳ
2566 4470 2783 4543 εἴρηταί
2810 4490 2870 4526 τε
2895 4474 2989 4528 καὶ
3014 4476 3312 4546 εἰρήσεται,
3352 4478 3554 4549 προλα-

1979 4560 2088 4614 ϐὼν
2119 4561 2420 4616 διελύσατο.
2456 4581 2475 4614 ι
2508 4562 2623 4617 Jatn
2657 4576 2834 4620 autem
2866 4575 3149 4635 potestate,
3175 4568 3302 4623 licet
3327 4584 3431 4626 non
3462 4572 3557 4627 de-

1979 4655 2180 4710 stinato
2220 4667 2407 4710 contra
2442 4671 2508 4711 ea
2540 4657 2767 4726 scripto,
2801 4659 3001 4713 obtrita
3032 4669 3087 4715 et
3125 4660 3401 4716 confutata
3428 4673 3555 4719 sunt

1979 4747 2215 4818 (scripta
2281 4748 2574 4820 Hieroclis)
2620 4750 2675 4804 in
2727 4760 2850 4806 octo
2897 4751 3053 4808 libris
3104 4766 3240 4824 quos
3294 4754 3555 4825 Origenes

1979 4840 2302 4910 conscripsit
2341 4842 2603 4897 adversus
2666 4842 2808 4898 Celsi
2865 4843 3056 4900 Verum
3101 4863 3410 4912 sermonem,
3463 4848 3551 4918 jac

1977 4936 2298 4989 ctantiorem
2326 4950 2492 5005 opere
2533 4934 2950 5008 illo(Hieroclis)
2986 4938 3076 5006 qui
3113 4937 3433 4993 Philaletltes
3465 4942 3551 4995 in-

1976 5028 2231 5083 scribitur
2272 5046 2287 5082 :
2342 5028 2397 5082 in
2436 5028 2633 5096 quibus
2673 5044 2866 5084 causas
2905 5045 3096 5085 omnes
3139 5041 3193 5085 et
3237 5042 3550 5100 argumenta

1977 5121 2290 5191 complexus
2318 5122 2401 5176 vir
2429 5121 2538 5189 ille,
2585 5122 2769 5176 omnia
2815 5123 2976 5178 simul
3021 5138 3356 5192 quaecunque
3389 5140 3553 5195 super

1977 5228 2042 5268 ea
2072 5228 2132 5268 re
2164 5229 2194 5268 a
2225 5229 2499 5285 quoquam
2531 5214 2614 5270 vel
2647 5215 2790 5270 dicta
2824 5224 2971 5280 sunt,
3007 5217 3088 5271 vel
3127 5217 3376 5273 dicentur
3405 5230 3554 5289 post-

356 5383 421 5427 !"
454 5382 615 5438 Hebr.
651 5400 689 5438 ι.
728 5383 802 5450 5;
838 5384 966 5454 Sap.
1002 5399 1100 5448 vn,
1128 5383 1217 5439 26.
1300 5384 1347 5416 ⁷⁸
1378 5384 1557 5441 Galat.
1604 5401 1641 5449 ι,
1676 5384 1730 5438 1.
1804 5383 1850 5415 τ’
1884 5381 1899 5435 ξ

1985 5382 2111 5440 ιιιθῑ.
2134 5382 2189 5438 in
2224 5382 2444 5438 Medull.
2474 5382 2699 5453 theolog.
2735 5382 2910 5448 Patr.,
2949 5383 3043 5440 lib.
3074 5401 3144 5451 γι,
3170 5402 3292 5459 cap.
3316 5386 3369 5439 4.

374 5516 561 5588 (5)151:
617 5534 676 5591 e_o
725 5510 919 5589 quippe
952 5520 1085 5575 libro
1138 5522 1305 5575 multa
1357 5523 1413 5574 in
1464 5520 1869 5591 Apologeticum

299 5591 568 5663 transtulit
595 5588 947 5663 Pamphilus,
985 5606 1091 5645 etc.
1144 5594 1199 5646 In
1252 5592 1484 5663 vulgatis
1515 5588 1871 5663 :edit'ionibus

298 5659 564 5727 Apologiw
591 5660 850 5730 Pamphili
882 5664 1134 5731 martyris
1166 5668 1263 5716 trla
1293 5659 1571 5730 sequentia
1596 5663 1707 5715 loca
1751 5676 1870 5729 qua:

298 5732 430 5802 citat
460 5733 704 5796 iluetius,
733 5748 799 5785 ex
842 5731 992 5787 libris
1015 5734 1153 5801 Περὶ
1187 5731 1388 5802 ἀρχῶν
1437 5734 1714 5800 desumpta
1749 5734 1869 5798 qui-

298 5799 415 5851 dem
445 5802 715 5864 dicuntur,
743 5804 836 5855 sed
877 5799 1187 5871 perperam,
1222 5799 1523 5858 et’incuria
1572 5799 1863 5868 editorum,

298 5876 357 5920 ut
389 5884 488 5925 suo
523 5872 638 5926 loco
674 5874 978 5930 monuimus
1008 5888 1074 5927 ex
1117 5889 1245 5927 mss.
1282 5876 1527 5928 codicum
1563 5872 1687 5928 ﬁde.
1743 5873 1861 5929 Pri-

611 5969 884 6031 Ps'rnoc.
933 5970 1052 6031 Gn.
1098 5970 1301 6031 XVII.

1979 5535 2099 5574 mus
2117 5519 2267 5574 locus
2303 5521 2513 5574 eruitur
2545 5536 2611 5575 ex
2644 5520 2863 5575 humilia
2894 5520 2928 5574 9
2978 5523 3034 5573 in
3083 5520 3365 5574 Jcremiam
3398 5517 3551 5587 cujus

1976 5591 2196 5645 Graccus
2220 5601 2506 5645 conteXtus
2540 5593 2836 5645 etiamnum
2888 5599 3087 5644 exstat.
3144 5591 3426 5645 Secundus
3481 5606 3545 5644 ex

1976 5661 2132 5732 initio
2172 5661 2293 5714 libri
2329 5661 2484 5732 primi
2522 5659 2898 5732 in__Epist_olam
2927 5658 3259 5732 aeralalas,
3289 5663 3548 5732 cttertius

1973 5747 2040 5786 ex
2072 5729 2472 5802 Commentario
2494 5729 2946 5802 inﬂpistolanuad
2974 5730 3348 5802 Philemonem.
3366 5731 3546 5786 Adeo-

1972 5817 2078 5869 que
2113 5801 2245 5854 nihil
2274 5796 2454 5853 exstat
2483 5796 2822 5869 in'A'pologia
2855 5800 3119 5869 Pamphili
3152 5803 3293 5869 quod
3340 5817 3445 5856 non
3478 5805 3546 5857 sit

1973 5868 2027 5927 in
2059 5870 2345 5926 Ruﬁniana
2371 5872 2628 5925 librorum
2668 5871 2803 5938 Περὶ
2841 5868 3042 5940 ἀρχῶν
3073 5868 3541 5939 interpretatione.

3164 5966 3242 6026 [ιο
