4068 6312
603 388 632 440 1
645 386 748 443 '25!)

1826 381 1884 436 P.
1930 379 2243 438 DANIELIS
2285 383 2511 440 HUETII

3660 395 3764 449 HW

605 511 728 571 hac,
760 509 810 559 iu
843 503 1174 559 antecessum
1199 502 1458 558 dissolvit.
1485 523 1502 554 ι
1531 503 1702 566 Vero;
1728 518 1834 556 non
1860 504 1992 557 alias
2023 506 2165 561 enim
2193 513 2240 567 Α
2269 505 2461 569 solere,
2495 516 2553 560 ut
2575 504 2866 569 Candidus,
2894 501 3242 557 Valentiniani
3277 500 3534 572 dogmatis
3563 518 3769 576 sectator,

609 605 814 651 tantam
847 596 1101 650 doctrinae
1135 595 1456 649 Christiana:
1484 604 1538 648 et
1570 594 1810 663 profana:
1843 596 2166 660 ubertatem,

611 701 756 744 tanta
791 696 1226 756 argumentorum
1255 689 1489 755 pondera
1515 687 1800 754 expromit.
1836 687 2007 742 Causa
2037 691 2171 744 scri-

613 779 771 834 bendi
812 777 1000 830 Celsus
1049 774 1148 827 fuit
1188 775 1500 842 Epicureus,
1545 777 1635 845 qui
1690 776 2054 832 Christianam
2088 795 2171 833 re-

519 911 534 929 ,.
622 872 872 941 ligionem
937 868 1342 936 impugnaverat
1385 867 1518 922 libro
1553 869 1637 921 cui
1687 869 1895 922 titulum
1947 868 2166 936 fecerat,

593 999 600 1015 .r
622 961 847 1032 Ἀληθὴς
874 961 1048 1028 λόγος.
1092 959 1138 1012 Is
1171 975 1288 1014 cum
1325 974 1536 1014 summo
1569 960 1755 1027 plausu
1780 977 1808 1013 a
1849 961 2045 1016 Christi
2078 964 2171 1016 ad-

608 1056 864 1110 versariis
919 1054 1106 1107 fuisset
1154 1063 1434 1121 exceptus,
1495 1051 1876 1106 confutandum
1927 1056 2166 1123 suscepit

595 1148 873 1202 .Ambrosii
911 1156 1093 1216 rogatu
1125 1144 1493 1208 Adamantius,
1521 1144 1629 1214 jam
1659 1145 1784 1200 licet
1808 1160 1837 1199 e
1863 1147 2001 1201 vivis
2034 1147 2166 1202 sub-

500 1238 511 1253 ‘
609 1242 714 1294 lato
739 1240 914 1295 Celso.

683 1330 766 1384 Vl.
803 1331 877 1384 Ex
919 1328 1164 1398 epistolis
1188 1327 1437 1397 Origeuis
1467 1331 1599 1382 duas
1642 1328 1863 1384 omnino
1893 1329 2128 1399 integras
2151 1370 2165 1394 ,

607 1429 664 1473 et
703 1417 841 1474 nulla
893 1419 974 1473 sui
1008 1419 1256 1486 portione
1287 1426 1584 1480 truncatas,
1625 1418 1884 1485 quasdam
1922 1433 1986 1472 ex
2021 1427 2168 1486 parte

589 1512 869 1564 duntaxat
891 1511 1210 1578 superstites
1237 1510 1515 1562 hebennus.
1548 1509 1755 1578 Integra
1781 1518 2025 1578 superest
2053 1510 2167 1579 epi-

608 1605 746 1660 stola
780 1603 844 1657 ad
869 1603 1065 1657 .lulium
1093 1601 1428 1666 Africanum,
1453 1615 1556 1669 qua
1583 1601 1897 1656 doctissimo
1919 1601 1992 1655 illi
2025 1602 2165 1668 viro,

591 1697 871 1752 Susanna:
909 1695 1210 1757 historiam,
1256 1709 1376 1762 quae
1418 1695 1472 1747 in
1508 1694 1744 1748 Danielis
1774 1695 1910 1748 libro
1953 1694 2164 1764 legitur,

609 1790 965 1845 adulterinam
1001 1787 1316 1857 suspicanti,
1350 1787 1620 1854 ipsiusque
1643 1800 1737 1854 per
1770 1787 2048 1855 epistolam
2082 1802 2166 1840 ro-

2269 598 2603 650 occasiouem
2637 598 2762 651 inde
2786 605 2974 650 nactus
2999 595 3070 648 sit
3095 597 3380 649 accusandi
3407 597 3506 659 sui,
3538 601 3661 666 quod
3683 602 3774 654 dia.

2267 689 2448 742 bolum
2487 690 2604 758 ejus
2627 702 2747 742 esse
2779 696 2982 741 naturae
3015 687 3233 750 dixerit,
3260 697 3378 754 quas
3415 687 3622 743 salutem
3656 707 3760 746 con-

2269 781 2417 847 sequi
2445 781 2632 848 possit.
2665 779 2799 833 Tum
2828 780 3036 833 initium
3063 779 3302 846 epistolae
3325 794 3355 831 a
3382 778 3568 834 Rufino
3588 793 3773 850 praater-

2271 871 2518 931 missum,
2550 867 2904 938 Hieronymus
2933 868 3152 922 exhibet
3179 882 3207 920 a
3241 882 3300 921 se
3339 882 3661 923 conversum.
3687 871 3775 924 Ru-

2269 963 2378 1015 fino
2418 971 2566 1016 certe
2597 975 2784 1029 parum
2827 961 2914 1015 hic
2962 975 3148 1029 aequus
3189 968 3270 1014 est
3311 959 3680 1030 Hieronymus;
3705 977 3780 1016 cur

2267 1055 2409 1109 enim
2441 1069 2565 1107 cum
2605 1052 2938 1106 adulteratos
2967 1051 3213 1120 Origeuis
3254 1051 3422 1104 libros
3454 1049 3603 1105 vellet
3636 1063 3778 1107 osten-

2267 1147 2416 1207 dere,
2445 1143 2694 1210 Epistolas!
2721 1151 2927 1210 partem
2969 1157 2996 1194 a
3028 1143 3300 1209 proposito
3359 1141 3578 1194 alienam
3608 1141 3770 1196 descri-

2267 1236 2499 1305 psisset?
2538 1235 2616 1288 Ex
2658 1233 2882 1303 epistola
2925 1248 3083 1301 quam
3127 1234 3193 1287 ad
3233 1231 3449 1286 Patrem
3498 1231 3771 1291 Christiana-

2268 1329 2388 1382 fidei
2434 1342 2595 1381 causa
2642 1327 2904 1396 supplicio
2952 1325 3277 1380 destinatqu
3327 1327 3492 1379 etiam
3535 1334 3633 1378 tum
3672 1342 3780 1394 puer

2266 1420 2484 1489 scripsit
2528 1419 2811 1489 Origenes,
2860 1419 3020 1472 verba
3073 1418 3282 1486 aliquot
3329 1418 3519 1486 repetit
3563 1416 3778 1474 Eusebius

2266 1512 2359 1566 lib.
2404 1527 2452 1565 vi
2499 1511 2724 1578 Histor.,
2767 1525 2884 1578 cap.
2927 1511 2982 1564 2.
3025 1509 3207 1578 Capite
3244 1523 3374 1564 vero
3442 1510 3633 1564 decimo
3668 1525 3780 1566 nono

2266 1604 2522 1673 prolixius
2568 1605 2755 1657 recitat
2798 1601 3155 1669 fragmentum
3197 1599 3464 1669 epistoltc,
3504 1615 3647 1669 quam
3679 1617 3775 1671 pur-

2267 1695 2422 1766 gandi
2453 1695 2532 1748 sui
2578 1696 2745 1764 gratia
2793 1696 3054 1750 adversus
3100 1708 3196 1747 eos
3240 1692 3580 1759 conscripsit,
3613 1694 3684 1760 qui
3706 1696 3770 1746 ni-

2268 1789 2430 1840 mium
2457 1786 2572 1854 ejus
2601 1788 2650 1839 in
2679 1785 2985 1841 Graecorum
3007 1784 3320 1853 disciplinas
3343 1783 3573 1837 studium
3594 1782 3769 1837 damna-

609 1880 753 1951 ganti
797 1879 1117 1933 sententiam
1171 1879 1377 1932 erudite
1413 1876 1711 1943 respondit,
1747 1890 2007 1944 suamque
2039 1891 2164 1929 nar-
2195 1862 2238 1920 Β
2267 1879 2414 1934 baut.
2457 1879 2697 1947 Denique
2737 1877 3002 1947 Georgius
3041 1877 3343 1938 Cedrenus,
3372 1877 3428 1928 in
3469 1873 3660 1938 Severo,
3691 1877 3775 1944 epi-

588 1973 804 2026 --rationi
835 1971 960 2025 huic
991 1969 1360 2024 auctoritatem
1413 1969 1665 2023 asseruit.
1704 1968 1938 2022 Plurima
1967 1969 2164 2023 utrius-

609 2079 714 2134 que
744 2062 1196 2118 circumferuntur
1220 2062 1407 2116 Grarca
1442 2076 1602 2114 manu
1635 2071 1854 2114 exarata
1886 2061 2163 2131 exempla-

597 2161 722 2223 =ria;
744 2172 969 2226 quormu
989 2171 1150 2209 unum
1173 2171 1202 2207 a
1227 2171 1284 2216 se
1307 2154 1638 2222 descriptum
1665 2155 1731 2207 ad
1756 2169 1839 2208 me
1865 2154 2165 2208 transmisit

596 2249 890 2304 -Eniericus
925 2248 1183 2318 Bigotius,
1237 2245 1495 2314 singulari
1527 2245 1609 2298 vir
1637 2245 1938 2300 eruditione
1964 2263 1978 2299 :
2006 2245 2081 2316 (4)
2111 2255 2166 2300 et

595 2355 708 2395 -nos
739 2340 1047 2409 aliquando,
1075 2353 1195 2393 cum
1240 2337 1371 2400 Deo,
1397 2337 1600 2407 .ambas
1637 2337 1779 2390 inter
1818 2335 2164 2406 Syntagmata

608 2430 964 2500 vulgabimus.
989 2431 1195 2498 Integra
1213 2442 1426 2497 quoque
1443 2438 1525 2482 est
1545 2426 1802 2496 Epistola,
1825 2443 1928 2496 qua
1954 2437 2166 2482 constat

595 2523 875 2577 decimum
908 2521 1122 2575 tertium
1159 2518 1469 2572 Pliilocalia:
1504 2527 1686 2585 caput,
1718 2533 1928 2588 quaque
1965 2520 2166 2588 Grego-

603 2612 752 2665 rium
788 2609 1250 2677 Thaumaturgum
1292 2607 1355 2660 ad
1403 2621 1677 2661 sacrarqu
1715 2608 2014 2661 litterarum
2052 2617 2166 2661 stu-

597 2701 753 2756 dium
803 2699 1064 2769 Origenes
1107 2699 1446 2753 adhortatur.
1491 2685 1715 2752 Rufinus
1762 2698 1814 2750 in
1863 2697 2043 2751 libello
2089 2697 2166 2751 De

608 2792 989 2846 adulteratione
1023 2791 1276 2844 librorum
1310 2789 1573 2858 Origenis,
1602 2791 1792 2844 recitat
1830 2800 2031 2860 partem
2061 2790 2168 2857 epi-

611 2882 786 2946 stolae,
820 2896 978 2948 quam
1021 2881 1198 2950 patria
1237 2881 1486 2949 depulsus
1516 2882 1582 2934 ad
1611 2881 1814 2934 amicos
1852 2881 2167 2934 Alexandri-

595 2988 710 3028 .nos
753 2973 1108 3027 Adamantius
1138 2972 1376 3041 scripsit,
1421 2973 1474 3026 in
1522 2989 1624 3042 qua
1655 2973 1794 3027 falso
1828 2972 2034 3040 jactare
2066 2975 2162 3026 ad-

611 3064 880 3118 versarios
923 3065 1187 3133 queritur,
1237 3079 1550 3133 persuasum
1595 3077 1716 3118 esse
1760 3062 1888 3128 sibi,
1929 3061 2164 3116 futurum

609 3163 670 3208 ut
709 3154 936 3208 salutem
976 3155 1222 3210 diabolus
1258 3155 1546 3224 aliquando
1587 3163 1982 3224 consequatur;
2017 3155 2168 3209 addit

613 3247 919 3300 haereticqu
966 3245 1246 3314 quemdam
1300 3248 1679 3315 disputationis
1729 3263 1912 3302 secum
1969 3249 2168 3302 habitas

608 3339 740 3392 Acta
771 3337 1138 3402 adulterasse;
1183 3347 1237 3392 et
1265 3351 1323 3392 se
1369 3341 1627 3393 Actorum
1661 3341 1873 3394 misisse
1903 3341 2165 3404 codicem,

610 3433 753 3485 unde
793 3442 1078 3500 corruptor
1121 3432 1373 3488 falsitatis
1421 3442 1772 3502 argueretur;
1826 3433 1988 3486 alium
2040 3433 2166 3487 item

610 3521 942 3584 luereticum,
984 3521 1074 3589 qui
1112 3523 1364 3590 congredi
1397 3537 1580 3577 secum
1621 3523 2033 3586 detrectaverat,
2068 3522 2169 3576 fal-

607 3627 725 3667 sam
769 3614 1175 3682 disceptationis
1223 3615 1503 3668 historiam
1537 3615 1822 3668 mandasse
1858 3614 2080 3681 litteris,
2115 3623 2169 3669 et

609 3705 810 3773 passim
849 3704 1114 3772 vulgasse,
1145 3705 1236 3760 sed
1266 3704 1520 3768 vanitatis
1553 3703 1766 3759 tandem
1799 3713 1854 3757 et
1887 3705 2164 3773 impuden-

612 3796 699 3848 tite
726 3795 890 3850 fuisse
916 3811 944 3848 a
982 3811 1040 3850 se
1073 3796 1397 3850 convictum.
1431 3795 1788 3865 Hieronymus
1817 3810 1945 3850 vero
1996 3795 2092 3849 lib.
2129 3811 2167 3850 ll

611 3885 828 3955 Apolog.
854 3887 1058 3940 advers.
1087 3885 1289 3955 Ruﬁn.,
1314 3886 1505 3956 cap.5,
1535 3888 1672 3942 hanc
1696 3889 1863 3957 ipsam
1886 3888 2165 3958 epistolam

610 3992 800 4046 parum
841 3977 1070 4032 fideliter
1111 3994 1140 4031 a
1171 3978 1367 4032 Rufino
1403 3994 1720 4034 conversam
1752 3993 2024 4044 causatur,
2059 3981 2168 4036 dis-

612 4065 897 4120 simulasse
923 4067 1117 4136 quippe
1147 4068 1315 4136 ipsum
1359 4068 1426 4120 ab
1454 4066 1684 4138 Origene
1715 4067 1942 4122 lacerari
1973 4069 2167 4123 Deme-

613 4155 773 4208 trium
805 4155 1225 4210 Alexandrinum
1252 4157 1587 4226 epiSCOpum,
1616 4167 1670 4211 et
1696 4160 1860 4212 totius
1887 4159 2032 4214 orbis
2056 4159 2170 4227 epi-

611 4259 806 4312 scopos
842 4260 904 4298 ac
933 4245 1180 4310 clericos,
1222 4261 1250 4299 a
1291 4247 1486 4314 quibus
1513 4247 1762 4301 Ecclesia:
1792 4253 2170 4307 communione

611 4334 788 4388 fuerat
815 4335 1147 4406 prohibitus;
1193 4338 1384 4392 deinde
1415 4337 1594 4392 dicere
1635 4338 1920 4408 Origenem
1952 4343 2027 4395 ait
2059 4342 2166 4397 fru-

611 4436 725 4480 stra
769 4442 827 4482 se
859 4429 1023 4482 fuisse
1049 4428 1115 4482 ab
1139 4429 1380 4483 Ecclesia
1407 4428 1691 4496 dejectum,
1723 4446 1823 4485 nec
1850 4431 2019 4486 vicem
2053 4451 2168 4487 ma-

2265 1968 2414 2020 stolze
2442 1967 2720 2036 cujusdam
2751 1965 3001 2034 Origeuis
3027 1974 3232 2034 partem
3259 1963 3374 2030 dat,
3407 1965 3457 2018 in
3498 1980 3595 2034 qua
3620 1960 3780 2020 a'criter

2265 2061 2332 2110 ab
2363 2056 2646 2111 Ambrosio
2672 2057 2738 2110 ad
2765 2057 3195 2126 interpretandas
3218 2057 3548 2126 Scripturas,
3575 2073 3631 2112 ac
3654 2059 3782 2112 nimis

2265 2163 2425 2216 quam
2461 2163 2555 2215 par
2582 2158 2725 2202 esset
2767 2149 2942 2218 urgeri
2985 2163 3041 2202 se
3068 2149 3443 2218 conqueritur.
3472 2147 3699 2202 Eamdem
3730 2163 3780 2204 et

2266 2237 2496 2290 Cedreno
2531 2238 2831 2306 decerptam
2858 2249 3206 2306 repraesentat
3253 2238 3472 2293 Suidas.
3503 2239 3573 2292 Es
3601 2239 3783 2305 epistola

2265 2329 2515 2398 Origenis
2557 2331 2624 2382 ad
2671 2327 2918 2383 Pharium
2955 2341 3002 2382 et
3050 2331 3321 2384 Andream
3363 2332 3664 2400 presbyteros
3690 2346 3786 2399 par-

2265 2423 2480 2477 ticulam
2511 2421 2786 2491 proferunt
2811 2432 3012 2475 catena:
3037 2432 3242 2476 veteres
3271 2424 3327 2475 in
3357 2423 3567 2475 Deuter.
3587 2437 3681 2484 xvi,
3707 2420 3779 2476 20.

2268 2514 2347 2584 (5)
2397 2513 2596 2568 Verum
2639 2529 2827 2584 parum
2873 2525 2955 2568 est
2994 2514 3335 2569 auctoritatis
3384 2515 3438 2568 in
3493 2514 3698 2578 catenis,
3742 2521 3788 2568 ut

2265 2607 2498 2661 diximus
2530 2606 2691 2674 alibi;
2721 2617 2776 2660 et
2807 2607 2984 2676 quoad
3028 2607 3241 2662 aliunde
3273 2607 3501 2662 accedat
3531 2605 3665 2672 fides,
3687 2605 3775 2660 fra-

2267 2708 2542 2767 gmentum
2573 2699 2674 2754 hoc
2701 2709 3010 2768 suspectum
3039 2707 3178 2754 esto.

2338 2789 2447 2846 Vll.
2494 2791 2654 2846 Liber
2695 2791 2769 2845 De
2800 2793 3034 2845 oratione
3075 2794 3292 2846 hortatu
3341 2791 3602 2847 Ambrosii
3632 2802 3678 2845 et
3703 2789 3782 2845 Ta-

2267 2882 2426 2937 tiana:
2454 2883 2764 2938 lucubratus
2807 2893 2908 2938 est.
2938 2882 3090 2937 Hunc
3143 2899 3240 2937 nos
3263 2899 3294 2937 e
3341 2884 3686 2951 manuscripto
3707 2895 3781 2938 oo-

2267 2972 2388 3026 dice
2425 2972 2762 3026 bibliotheca:
2796 2971 3111 3028 Holmiensis
3149 2972 3442 3027 Christinaa
3499 2974 3675 3042 regina:
3712 2973 3781 3026 de-

2266 3063 2596 3131 scripsimus.
2657 3063 2832 3118 Titulo
2888 3065 3106 3132 quidem
3163 3074 3339 3132 caret,
3396 3064 3489 3120 sed
3533 3081 3594 3118 ex
3647 3064 3780 3134 ipsius

2271 3156 2456 3223 operis
2491 3155 2722 3210 lectione
2762 3168 2972 3219 auctor,
3022 3166 3075 3210 et
3113 3167 3495 3226 argumentum
3546 3159 3685 3211 facile
3709 3157 3783 3210 de-

2272 3247 2680 3316 prehenduntur
2709 3265 2726 3304 :
2768 3256 2826 3301 ut
2856 3248 2958 3301 alia
2989 3250 3190 3318 quippe
3214 3250 3470 3304 deessent
3504 3250 3697 3312 iudicia,
3724 3247 3785 3304 vel

2269 3354 2330 3394 ea
2357 3339 2663 3394 sufficerent
2695 3339 2882 3403 verba,
2909 3341 3104 3408 quibus
3131 3341 3450 3394 dissertatio
3483 3341 3776 3395 absolvitur:

2269 3432 2450 3484 Ταῦτα
2471 3431 2609 3485 κατὰ
2629 3431 2855 3502 δύναμιν
2875 3431 3011 3502 ἐμὴν
3037 3432 3118 3494 εἰς
3135 3431 3196 3484 τὸ
3215 3432 3316 3502 τῆς
3343 3432 3505 3502 εὐχῆς
3525 3429 3786 3500 πρόϐλημα,

2269 3526 2363 3576 καὶ
2422 3527 2500 3587 εἰς
2535 3523 2632 3595 τὴν
2675 3525 2733 3577 ἐν
2779 3527 2894 3587 τοῖς
2941 3524 3288 3592 Εὑαγγελίοις
3325 3526 3490 3595 εὐχὴν
3529 3525 3593 3576 τά
3626 3539 3676 3575 τε
3708 3520 3787 3592 πρὸ

2269 3616 2436 3685 αὐτῆς
2465 3615 2613 3686 παρὰ
2649 3615 2727 3686 τῷ
2764 3615 3025 3686 Masilaqu
3063 3617 3328 3687 εἰρημένα
3365 3618 3498 3686 ἡμῖν
3535 3612 3784 3684 διήθληται,

2269 3707 2716 3779 φιλομαθέστατοι
2751 3707 2842 3760 καὶ
2879 3705 3234 3776 γνησιώτατοι
3265 3709 3326 3759 ὲν
3361 3705 3629 3774 θεοσεϐείᾳ
3663 3700 3784 3755 ἁδελ-

2269 3801 2380 3869 φοὶ,
2419 3800 2706 3870 Ἀμὸρόσιε
2728 3798 2821 3851 καὶ
2842 3799 3099 3868 Τατιάνη.
3132 3816 3151 3849 ‹
3187 3797 3314 3853 Haec
3340 3815 3369 3850 a
3395 3798 3546 3852 nobis
3573 3809 3658 3865 pro
3677 3790 3786 3846 virili

2270 3907 2430 3961 super
2471 3893 2768 3961 quastione
2809 3892 2875 3944 de
2908 3890 3172 3953 oratione,
3201 3899 3253 3944 et
3284 3905 3353 3944 ea
3389 3889 3674 3958 precatione
3693 3897 3786 3953 que

2271 3985 2498 4038 habetur
2550 3985 2602 4038 in
2659 3983 2985 4054 Evangeliis,
3020 3993 3075 4038 et
3115 3998 3236 4051 quae
3287 3983 3461 4051 ipsam
3512 3980 3640 4050 apud
3679 3977 3785 4031 llat-

2273 4077 2467 4131 thteum
2498 4078 2824 4147 praecedunt,
2875 4077 3028 4131 nobis
3051 4076 3323 4130 elaborata
3351 4068 3787 4139 sunt,studiosissi-

2270 4169 2343 4222 mi
2372 4168 2835 4238 etgermanissimi
2858 4168 2908 4222 in
2936 4167 3130 4236 pietate
3151 4166 3370 4232 fratres,
3389 4163 3627 4221 AmDI‘OSi
3648 4159 3786 4216 etTa-

2270 4260 2433 4313 tiaua.
2462 4277 2482 4310 ι
2517 4257 2869 4328 (ϋηρυωιιωη
2896 4274 2959 4313 ea
3013 4259 3173 4312 fuerit
3226 4258 3482 4321 Tatiana,
3511 4258 3667 4323 deque
3693 4253 3783 4320 ipsa

2270 4349 2646 4403 dissertatione
2687 4349 2819 4403 alias
2847 4367 2876 4402 a
2919 4349 3074 4404 nobis
3108 4349 3476 4417 disputabitur
3512 4343 3784 4406 accuratius,

2269 4453 2390 4493 cum
2425 4439 2564 4494 inter
2599 4440 2944 4511 Syntagmata
2977 4440 3113 4510 typis
3163 4441 3552 4494 committetur.

611 4517 819 4573 ledictis
850 4519 1051 4575 referre
1078 4520 1235 4586 velle,
1261 4535 1426 4590 seque
1450 4521 1515 4576 iis
1542 4535 1710 4592 usque
1733 4523 1869 4576 adeo
1893 4524 2168 4580 abstinere
2203 4545 2250 4603 ι)
2345 4529 2479 4584 Vlll.
2519 4530 2779 4597 Quoniam
2805 4547 2871 4587 ex
2905 4533 3008 4587 hoc
3044 4532 3166 4587 albo
3202 4530 3554 4586 Pliitocaliam
3597 4541 3691 4582 non
3717 4537 3785 4579 es-

681 4693 756 4766 (4)
777 4692 848 4747 Et
878 4713 966 4749 nos
993 4697 1294 4766 aliquando,
1329 4714 1444 4752 cum
1471 4696 1597 4763 Deo,
1637 4700 1838 4766 ambas,
1866 4710 1974 4758 etc.
2023 4702 2172 4757 Nun-

609 4780 770 4838 quam
803 4767 935 4819 duas
961 4768 1056 4820 has
1087 4770 1340 4838 epistolas
1369 4769 1604 4838 vulgavit
1635 4769 1860 4825 Huetius
1884 4811 1900 4832 .
1927 4773 2018 4826 sed
2051 4789 2170 4824 am-

611 4835 691 4908 ba:
720 4846 939 4908 reperta:
961 4846 1096 4908 sunt_
1117 4835 1170 4889 in
1202 4840 1315 4904 ejus
1349 4835 1563 4908 scriptis
1588 4854 1716 4892 mss.
1747 4857 1881 4908 quas
1907 4841 2022 4895 BR.
2063 4842 2166 4899 PP.

609 4904 828 4960 Jesuitae
859 4905 1042 4985 Sancti
1077 4904 1354 4961 Ludovici.
1375 4904 1697 4962 Parisiensis
1731 4904 1958 4981 benigne
1986 4912 2174 4967 nobis-

609 4991 730 5028 cum
762 4985 1246 5029 comtnuntcarunt.

682 5044 757 5114 (5)
802 5043 986 5097 Verum
1013 5061 1196 5113 parum
1227 5055 1300 5097 est
1335 5050 1670 5117 auctoritatis
1714 5049 1767 5100 in
1797 5049 2016 5117 catenis,
2059 5060 2165 5106 etc.

611 5113 775 5168 Recte
807 5125 987 5168 nionet
1013 5117 1094 5167 vir
1125 5116 1470 5171 doctissimus
1491 5119 1941 5172 Montefalconius
1981 5113 2164 5175 noster

613 5181 945 5258 Bibliotheca:
985 5182 1331 5239 Coisliniana:
1393 5202 1513 5254 pag.
1545 5189 1633 5252 4|,
1684 5188 1972 5258 Origenem
2010 5207 2162 5244 meu-

612 5257 739 5326 duse
765 5256 1191 5326 positutngl'uisse
1239 5270 1336 5324 pro
1358 5325 1361 5326 ν
1380 5260 1599 5318 Severo,
1635 5256 1805 5326 cujus
1831 5272 2163 5314 memoratur

614 5323 870 5397 Epistolis
889 5327 958 5377 ad
987 5324 1236 5397 Photinus
1257 5337 1304 5377 et
1335 5325 1592 5380 Andream
1611 5323 1959 5397 presbyteros,
1988 5331 2037 5384 in
2065 5346 2160 5384 co-

610 5395 727 5468 dice
753 5393 786 5446 8
827 5394 1064 5463 ejusdem
1103 5394 1458 5468 Bibliotheca:
1502 5393 1852 5468 rCaislinia'nie
1901 5393 2022 5468 pag.
2064 5400 2156 5453 M.

609 5465 966 5537 Quamobrem
997 5467 1077 5537 ab
1102 5467 1265 5519 hocce
1298 5467 1634 5534 supposititio
1679 5465 1996 5537 fragmento
2021 5471 2162 5525 inter

609 5535 836 5604 genuina
870 5532 1112 5602 Origcuis
1137 5551 1296 5604 opera
1333 5532 1654 5603 publicando
1672 5532 2051 5593 abstinuitnus.

786 5603 1035 5667 Quwnam
1066 5623 1125 5657 ea
1159 5608 1311 5672 fuerit
1338 5606 1579 5666 Tatiana,
1605 5617 1711 5660 etc.
1749 5606 1844 5660 Vix
1887 5610 2161 5675 conjectu-

610 5671 838 5747 ris-licet
859 5677 1070 5747 assequi
1100 5690 1343 5747 quaenam
1368 5677 1528 5730 fuerit
1555 5675 1799 5729 Tatiana.
1835 5671 2015 5747 Elogia
2040 5694 2156 5747 quae

604 5753 727 5814 cum
750 5743 1032 5814 Ambrosio
1066 5746 1312 5811 partitur,
1344 5748 1642 5799 communia
1677 5743 1961 5814 utriusque
2005 5743 2158 5802 mau-

612 5810 760 5875 data,
795 5821 844 5864 et
868 5810 1181 5881 obsequium
1217 5815 1432 5884 utrique
1457 5816 1620 5872 simul
1667 5817 1734 5872 ab
1764 5810 1994 5887 Origene
2023 5835 2158 5888 pra:-

2277 4706 2461 4759 stitqu
2487 4721 2748 4760 summam
2774 4709 2912 4762 inter
2936 4709 3055 4763 illos
3095 4710 3452 4764 intervenisse
3498 4700 3780 4773 conjunCIio-

2278 4791 2397 4828 nem
2419 4776 2745 4846 suaderent,
2773 4777 3131 4846 conjugesque
3155 4780 3342 4843 fuisse,
3371 4777 3474 4832 nisi
3502 4783 3670 4846 contra
3705 4786 3778 4836 ap-

2274 4845 2540 4916 paruisset
2572 4861 2635 4916 ex
2669 4843 2907 4912 Epistola
2937 4843 3004 4900 ad
3035 4843 3373 4916 Africanum,
3405 4843 3655 4900 Ambrosii
3675 4856 3780 4894 uxo-

2277 4928 2388 4967 rem
2413 4913 2718 4987 Marcellam
2747 4917 2911 4970 fuisse
2951 4913 3292 4987 appellatam.
3327 4918 3547 4987 Videtur
3571 4926 3684 4987 ergo
3715 4923 3780 4962 su-

2273 4993 2597 5056 peresse,-ut
2623 4983 2904 5040 Tatiauam
2931 4983 2996 5040 in‘
3013 4983 3257 5056 proximo
3283 4984 3688 5054 conjunctiouis,
3712 4994 3773 5030 so-

2275 5055 2415 5128 roris
2440 5055 2691 5128 nimirum
2727 5057 2893 5128 gradu
2930 5055 3249 5128 statuamus,
3274 5057 3567 5128 priesertim
3596 5065 3699 5128 cuni
3728 5060 3773 5123 ςι

2269 5121 2515 5195 Οῄνίεθηίε
2562 5121 2942 5178 Επήυιῖιαιὶοηε
3000 5127 3068 5179 ad
3107 5128 3414 5195 martyrium
3457 5121 3712 5176 Ambrosio
3737 5121 3772 5166 in

2269 5193 2812 5266 viticuliscoustituto
2833 5196 3110 5266 inscripta,
3137 5193 3284 5248 illum
3314 5212 3415 5266 non
3446 5197 3606 5266 modo
3658 5196 3772 5266 natos

2267 5271 2429 5330 atque
2488 5265 2702 5329 fratres,
2756 5266 2850 5319 sed
2911 5277 2966 5320 et
3003 5263 3234 5320 ’sorores
3301 5264 3546 5318 habuisse
3589 5263 3767 5330 cossic}-

2267 5328 2405 5396 Quin
2450 5336 2610 5386 etiam
2661 5328 2727 5388 ab
2785 5335 3016 5402 Origene
3070 5335 3226 5404 hujus
3288 5333 3405 5387 libri
3459 5330 3591 5398 Περὶ
3629 5328 3770 5393 εὐχῆς

2266 5417 2414 5455 num.
2450 5404 2504 5464 9,
2535 5405 2855 5457 describitur
2877 5405 3099 5458 Tatiana
3127 5416 3376 5472 tauquam
3410 5410 3657 5472 provecta:
3672 5405 3765 5447 wu-

2268 5472 2359 5533 tis,
2398 5487 2494 5524 nec
2526 5491 2627 5526 non
2653 5475 2762 5541 ipsa
2781 5475 3166 5528 etAmbrosius
3191 5467 3291 5528 sub
3323 5467 3476 5526 finétn
3501 5467 3767 5541 operigTV'l'

2269 5541 2520 5595 σιώτατοι
2550 5535 2796 5611 adsit-(pol,
2837 5545 3029 5612 fratres
3074 5545 3307 5612 germani
3342 5535 3596 5596 dicuntur.
3619 5535 3764 5612 Verani

2251 5626 2575 5682 quanquam
2609 5609 2719 5666 haec
2749 5609 3034 5667 admodum
3063 5609 3359 5682 probabilia
3399 5623 3552 5672 stmt,
3584 5609 3766 5682 non-Pio

2267 5672 2447 5735 certis"
2463 5694 2637 5736 tamen
2662 5683 2843 5736 haberi
2873 5672 3077 5738 velim.-
3093 5682 3234 5737 Nihil
3267 5684 3404 5736 enim
3427 5688 3562 5734 vetat
3584 5672 3766 5738 Ambro-

2267 5751 2332 5804 sii
2368 5767 2591 5822 uxorem
2617 5768 2736 5822 qum
2765 5753 2815 5806 in
2841 5737 3080 5822 Epistola
3113 5755 3180 5806 ad
3204 5753 3506 5820 Africanum
3565 5737 3764 5822 Marcella

2267 5833 2510 5888 voeatur,
2553 5812 2796 5878 Taiiaum
2848 5812 3062 5894 quoque
3098 5812 3291 5880 nomen
3329 5822 3584 5890 habuisse.
3623 5812 3764 5879 Νείὶυε
