4068 6312
344 411 478 469 ηϐί

1375 408 1943 469 URIGENIANORUM
1983 408 2108 465 LIB.
2152 411 2237 476 Ill,
2281 408 2429 467 CAP.
2472 409 2561 463 lV'.

3444 408 3572 469 tam
3644 374 3651 409 ³

337 532 643 602 pangimus,
671 530 860 599 paucis
890 544 1104 601 quoque
1135 530 1201 585 de
1228 545 1289 585 ca
1328 533 1592 600 agendum
1637 542 1743 587 est.
1780 532 1905 585 Plii-
1935 536 1979 590 A
2010 530 2182 597 Atque
2210 532 2320 584 hmc
2347 545 2411 584 eo
2443 529 2693 584 libentius
2730 527 2925 592 rel‘ero,
2963 528 3104 598 quod
3148 532 3213 584 iis
3245 530 3391 584 vocis
3423 531 3571 599 φιλο-

339 625 530 681 localia
556 624 686 694 quid
712 624 782 677 sit
807 623 1045 678 breviter
1065 623 1300 678 declarat
1325 626 1617 693 epigraphe
1654 626 1752 695 ipsi
1780 641 1909 695 prm-

337 716 426 786 ﬁgi
456 716 645 771 solita:
682 712 994 785 Ἐκλογὴνή
1028 715 1279 786 παροῦσα
1307 716 1549 787 περίεχει
1568 715 1746 786 βίϐλος
1770 734 1907 787 γρα-

337 807 512 877 φικῶν
533 806 855 878 ζητημάτων
881 808 973 860 καὶ
996 806 1309 871 διαλύσεων,
1334 810 1398 861 ὲκ
1420 808 1686 880 διαφόρων
1716 808 1909 879 βίϐλων

334 899 414 971 τῷ
468 900 727 971 Ὠριγένει
786 898 1111 969 ποιηθεισῶν
1152 901 1516 971 ἠθροισμένην
1562 897 1666 954 ὑπὸ
1695 902 1801 954 τῶν
1842 900 1909 954 τὰ

335 990 456 1044 θεῖα
510 988 685 1057 σοφῶν
720 989 1019 1059 Γρηγορίου
1062 990 1155 1043 καὶ
1204 986 1509 1045 Βασιλείου.
1568 1012 1586 1042 ι
1640 992 1907 1047 Delectum

334 1084 578 1137 continet
612 1084 764 1136 hicce
800 1082 938 1137 liber
964 1084 1319 1151 quaestionum
1348 1092 1401 1137 et
1436 1084 1761 1139 solutionum
1788 1100 1908 1155 qua:

336 1174 603 1241 pertinent
632 1174 696 1227 ad
723 1172 1084 1241 Scripturam,
1114 1189 1180 1228 ex
1208 1175 1374 1229 variis
1402 1163 1557 1231 libris
1586 1178 1652 1230 ab
1678 1176 1909 1247 Origene

333 1266 642 1331 elaboratis,
670 1266 759 1336 qui
787 1266 1047 1321 collectus
1072 1276 1155 1321 est
1183 1282 1211 1321 a
1239 1268 1370 1323 viris
1393 1269 1694 1323 divinarum
1722 1281 1901 1323 rerum

333 1359 516 1427 peritis
550 1358 813 1430 Gregorio
838 1369 893 1414 et
921 1359 1142 1413 Basilio.
1179 1378 1197 1411 ι
1238 1357 1374 1414 Tum
1409 1361 1749 1431 subjungitur
1791 1361 1904 1429 epi-

330 1453 493 1514 stola,
527 1467 632 1520 qua
668 1452 718 1505 id
750 1466 886 1521 Opus
920 1452 987 1505 ad
1018 1449 1361 1507 Theodorum
1392 1451 1664 1523 Tyaneum
1695 1452 1904 1520 episco-

331 1559 455 1612 pum
497 1542 790 1613 Gregorius
830 1542 1206 1597 Nazianzenus
1240 1543 1561 1598 transmisit.
1597 1543 1902 1598 Ostendunt

328 1649 540 1701 quoque
556 1635 684 1702 quid
717 1634 788 1688 sit
812 1632 1109 1688 Philocalia
1136 1634 1416 1703 elegantes
1443 1634 1629 1699 iambi,
1666 1634 1903 1687 nondum

329 1723 482 1789 editi,
504 1738 638 1792 quos
661 1724 713 1777 in
734 1724 955 1793 antiquo
970 1725 1302 1782 collectionis
1320 1724 1481 1793 hujus
1504 1725 1690 1779 codice
1712 1740 1901 1778 manu-

331 1815 534 1883 scripto
569 1815 869 1884 reperimus
896 1833 911 1870 :

327 1900 407 1980 ρνῦ
426 1906 443 1973 (
460 1906 652 1980 Ὦρινγ.)
676 1906 795 1961 τῶν
809 1910 1004 1979 λόγων
1022 1909 1139 1963 νῦν
1157 1910 1428 1979 ἁρμόγὴν
1446 1911 1588 1978 ὁρᾷς
1618 1910 1827 1980 ξένην,

330 1977 649 2031 Βασιλείου
679 1977 1013 2048 κρίνανὲος,
1035 1982 1116 2047 ὡς
1142 1977 1450 2049 repeterem;
1471 1977 1653 2035 πάνυ.

328 2073 494 2143 Cujus
511 2075 705 2143 (0rig.)
717 2095 1010 2133 sermonum
1027 2096 1160 2132 nunc
1175 2079 1529 2133 collectionem
1544 2079 1680 2133 vides
1693 2093 1895 2143 novam,

332 2145 474 2209 Quos
498 2146 733 2203 Basilius
760 2151 978 2217 optimos
1004 2166 1113 2204 esse
1131 2150 1415 2218 judicavit.

2015 622 2237 686 κοιλίας,
2273 637 2380 691 quo
2425 638 2584 675 sensu
2620 638 2648 675 a
2677 619 2875 675 Basilio
2921 632 2975 678 ct
3020 620 3279 693 Gregorio
3318 635 3577 691 usurpata

2012 725 2114 777 est,
2139 712 2459 780 signiﬁcatio
2483 713 2808 769 continetur.
2828 712 3161 767 Niltilautem
3179 713 3488 768 sonataliud
3517 731 3579 769 ea

2017 820 2123 858 vox
2172 818 2330 872 quam
2382 803 2645 857 delectum
2688 801 3009 858 eximiorum
3051 805 3402 871 quorumdam
3433 805 3579 859 loco-

2012 913 2127 951 rum
2165 913 2195 952 e
2254 895 2418 949 variis
2468 894 2621 948 libris
2659 894 2942 963 scriptoris
2976 892 3199 961 alicujus
3237 893 3576 963 :cujusmodl

2010 994 2135 1043 sunt
2218 982 2518 1054 fragmenta
2566 1001 2596 1040 e
2647 983 2897 1040 Petronio
2952 984 3018 1038 ab
3082 984 3259 1052 aliquo
3319 985 3562 1039 studioso

2012 1081 2252 1137 collecta.
2306 1077 2504 1133 Locum
2551 1079 2638 1133 hic
2691 1094 2793 1132 non
2840 1077 3000 1132 habet
3052 1078 3215 1131 altera
3262 1076 3576 1146 φιλοκαλίας

2011 1172 2239 1235 notatio,
2272 1186 2431 1239 quam
2461 1168 2615 1223 aﬂert
2649 1169 2977 1238 Augustinus
3007 1169 3128 1223 libr.
3170 1184 3205 1222 ιι
3233 1180 3413 1223 contra
3437 1171 3577 1223 Aca-

2009 1263 2173 1325 dem.,
2230 1276 2348 1330 cap.
2382 1261 2433 1323 1,
2468 1270 2520 1314 et
2543 1260 2637 1314 lib.
2669 1274 2684 1311 ι
2724 1258 3031 1322 Retractat.,
3063 1274 3184 1329 cap.
3216 1261 3267 1327 1,
3295 1274 3413 1314 eam
3443 1274 3564 1316 esse

2009 1352 2256 1404 scribens
2308 1364 2487 1404 rerum
2518 1349 2819 1403 divinarum
2862 1364 2928 1402 ex
2970 1349 3148 1403 divina
3201 1350 3478 1414 relatione,
3522 1364 3577 1406 et

2008 1440 2185 1495 Verbo
2212 1441 2304 1495 Dei
2332 1440 2669 1510 cogniturum
2701 1441 2966 1505 studium;
3002 1455 3107 1509 quo
3140 1455 3301 1496 sensu
3340 1458 3570 1513 usurpaa

2014 1543 2122 1586 tum
2148 1547 2269 1587 esse
2298 1546 2327 1584 a
2355 1530 2618 1600 Gregorio
2647 1540 2700 1585 et
2734 1530 2935 1585 Basilio
2964 1532 3066 1586 hoc
3109 1534 3425 1587 vocabulum
3450 1535 3571 1604 opi-t

2007 1624 2115 1678 nati
2140 1631 2264 1677 sunt
2293 1622 2670 1676 Genebrardus
2700 1636 2755 1677 et
2778 1621 3010 1677 Tariuus
3038 1638 3052 1681 :
3084 1624 3175 1693 qui
3197 1625 3339 1678 enim
3369 1627 3419 1681 id
3443 1642 3575 1681 con-

2007 1725 2161 1785 gruet
2186 1730 2306 1768 cum
2328 1713 2771 1783 Origenianorum
2802 1715 3001 1779 aliquot
3018 1714 3252 1770 locorum
3274 1717 3574 1786 EclogaiAt

2011 1821 2077 1861 eo
2105 1820 2294 1869 sensu,
2322 1818 2482 1874 quem
2514 1814 2662 1857 notat
2712 1806 3070 1874 Augustinus,
3130 1809 3439 1878 accipienda
3487 1820 3571 1866 est

1939 1880 1982 1935 Β
2011 1911 2112 1951 vox
2140 1895 2452 1965 φιλόκαλος,
2495 1909 2656 1965 quam
2700 1895 2925 1965 Origeni
2961 1898 3200 1954 tribuere
3246 1900 3569 1970 Gregorium

2007 1989 2343 2057 Theologum
2368 1989 2424 2042 in
2447 1988 2691 2058 epistolis
2722 1989 2914 2044 scribit
2960 1989 3180 2047 Photius
3229 1992 3573 2051 Bibliotheca!

2003 2082 2120 2136 cod.
2147 2096 2380 2136 ccxxxu.

327 2368 3559 2401 ww

1659 2531 2040 2619 CAPUT
2099 2532 2263 2621 IV.

602 2723 743 2795 Quo
786 2722 1035 2797 ordine,
1081 2724 1319 2802 quibus
1366 2720 1765 2800 temporibus
1819 2719 2120 2798 Origenis
2161 2723 2315 2787 libri
2360 2726 2681 2791 lucubrati
2724 2730 2854 2790 sint
2894 2731 3288 2809 eXploratnr.

323 3022 369 3080 Ι.
401 3019 596 3094 __Variis_
637 3018 880 3094 Origenis
907 3021 1278 3094 scriptionibus
1320 3038 1448 3075 suus
1480 3022 1631 3084 ordo,
1659 3038 1752 3094 sua
1796 3032 2128 3094 tempora_ex‘
2153 3019 2379 3075 Eusebio
2421 3021 2777 3094 assignantur.
2811 3020 2873 3076 ll.
2907 3020 3023 3094 Quo
3051 3030 3275 3090 tempore
3301 3021 3569 3094 Tetrapla,

397 3092 655 3164 Hexapla,
692 3104 738 3143 et
779 3092 1008 3159 Octapla
1052 3093 1469 3164 concinnaverit,
1499 3093 1865 3164 investigatur.
1906 3092 1992 3164 lll.
2026 3091 2300 3148 Notantur
2323 3092 2583 3164 nonnulla
2628 3094 2768 3164 circa
2809 3093 3049 3144 ordinent
3078 3109 3140 3144 ac
3173 3104 3370 3163 tempus
3392 3091 3573 3164 exege-

396 3163 569 3222 ticam,
599 3178 661 3214 ac
687 3172 1072 3231 syntagmatum
1092 3163 1258 3230 ipsius
1282 3165 1653 3232 quorumdam.
1681 3162 1770 3217 IV.
1811 3162 2223 3231 Distinguuntur
2283 3162 2517 3231 ejusdem
2558 3161 2789 3216 homiliw
2832 3164 3217 3230 extemporales
3270 3161 3316 3215 et
3364 3166 3418 3219 in
3465 3161 3570 3218 otio

395 3234 699 3288 elaboratur.

399 3471 440 3526 l.
469 3470 524 3526 Si
551 3481 850 3540 temporum
869 3467 1148 3540 ellugisset
1180 3471 1432 3540 iniuriam
1464 3471 1599 3527 liber
1622 3472 1710 3528 ille
1736 3473 1905 3529 Euse—
1932 3483 1976 3541 ο
2010 3472 2203 3541 hisque
2227 3485 2348 3527 sese
2369 3468 2541 3526 libros
2582 3470 2659 3525 De
2685 3470 3066 3524 resurrectione
3087 3470 3196 3539 jam
3226 3479 3349 3526 ante
3387 3471 3573 3527 elabo-

320 3566 401 3619 1)ἱί
449 3564 524 3618 De
571 3562 686 3617 Vita
724 3562 1013 3635 Pamphili,
1067 3568 1121 3621 in
1151 3580 1308 3633 quem
1349 3564 1608 3618 librorum
1651 3564 1901 3634 Origenis

321 3654 560 3710 indicem
593 3653 904 3722 iuferserat,
929 3665 1249 3728 argumento
1280 3656 1404 3710 huic
1430 3656 1571 3725 quod
1617 3657 1899 3726 persequi-

321 3761 448 3800 mur
493 3760 685 3816 magna
717 3747 805 3801 lux
854 3750 1180 3805 accederet:
1210 3763 1315 3819 quo
1362 3748 1619 3818 quoniam
1650 3745 1899 3806 caremus

326 3839 595 3904 subsidio,
619 3840 746 3909 quid
776 3841 830 3894 in
850 3841 1019 3911 ipsius
1042 3841 1281 3895 Historia
1309 3842 1464 3898 nobis
1490 3843 1609 3913 opis
1646 3844 1808 3898 situm
1831 3844 1899 3898 sit

320 3931 627 3987 videamus.
662 3931 811 3988 Hunc
837 3934 1004 3999 enim,
1036 3944 1094 3988 ut
1118 3935 1169 3987 in
1207 3933 1429 4003 reliquis
1462 3946 1583 4003 quae
1613 3936 1680 3990 ad
1710 3935 1898 4005 Orige-

322 4038 448 4077 ncm
484 4023 776 4090 pertinent,
808 4025 879 4079 ita
913 4025 1013 4080 hac
1055 4026 1217 4079 etiam
1250 4025 1302 4079 in
1334 4037 1487 4096 parte
1504 4029 1692 4083 ducem
1714 4030 1901 4097 praeci-

319 4128 429 4183 pue
462 4114 844 4183 spectabimus,
873 4116 925 4169 in
963 4131 1066 4185 qua
1100 4117 1254 4172 nobis
1275 4120 1899 4187 proposuimusinvesti-

318 4203 577 4273 gandum,
603 4218 709 4273 quo
728 4205 921 4260 ordine
948 4207 1141 4276 singuli
1172 4208 1476 4263 Adamanlii
1506 4209 1651 4277 libri,
1669 4224 1899 4281 quorum

322 4295 584 4349 memoria
612 4308 877 4365 superest,
926 4298 1120 4367 quibus
1146 4302 1476 4370 temporibus
1506 4301 1700 4355 fuerint
1752 4301 1899 4355 lucu-

320 4387 488 4442 brati.
511 4386 641 4453 Qua:
658 4390 804 4457 prior
819 4389 887 4442 ab
913 4404 977 4443 eo
998 4389 1303 4444 celebratur
1322 4393 1626 4445 Adamantii
1651 4392 1896 4456 scriptio,

323 4480 360 4535 ii
377 4489 504 4534 sunt
519 4481 895 4535 commentarii
913 4483 966 4535 in
985 4490 1193 4535 veteres
1209 4482 1574 4551 philosophos,
1589 4484 1678 4552 qui
1700 4483 1902 4536 diutur-

323 4574 491 4629 nitate
522 4574 778 4643 temporis
800 4587 986 4628 omnes
1017 4575 1425 4629 interciderunt.
1454 4574 1719 4630 Proxima
1750 4590 1900 4629 com-

325 4676 695 4718 memorantur
712 4663 1004 4733 Scripturaa
1029 4678 1229 4720 sancta:
1254 4666 1745 4736 interpretationes,
1767 4681 1900 4737 qua-

326 4768 445 4807 rum
470 4768 576 4807 non
593 4756 983 4809 contemnenda
1006 4770 1131 4826 pars
1157 4756 1224 4809 ad
1251 4756 1389 4811 hanc
1406 4756 1545 4810 diem
1567 4767 1777 4810 servata
1794 4768 1894 4811 est.

2006 3580 2156 3621 rasse
2188 3564 2538 3634 signiﬁcavit.
2572 3562 2766 3618 Libros
2798 3577 3014 3632 quoque
3051 3563 3191 3631 Περὶ
3238 3562 3461 3634 ἀρχῶν,
3518 3576 3574 3620 et

2002 3655 2389 3725 Στρωματεῖς,
2411 3666 2703 3725 antequam
2730 3654 3063 3709 Alexandria
3096 3658 3400 3723 excederet,
3424 3673 3572 3712 corn-

2002 3749 2205 3819 posuit.
2246 3749 2454 3817 Adeplo
2489 3749 2773 3817 imperium
2805 3749 3120 3813 Maximino,
3170 3749 3363 3803 librum
3407 3746 3573 3804 edidit

2002 3840 2080 3895 De
2104 3842 2386 3911 martyrio.
2425 3841 2502 3896 Eo
2531 3856 2662 3895 vero
2712 3840 2947 3907 sublato,
2994 3856 3118 3895 cum
3148 3856 3329 3894 rerum
3361 3842 3570 3911 potire-

2005 3942 2091 3987 tur
2115 3931 2445 3999 Gordianus,
2486 3933 2541 3987 in
2573 3932 2763 3987 lsaiam
2798 3941 2851 3986 et
2881 3932 3216 3987 Ezechielem
3243 3942 3570 3987 commenta-

2005 4034 2089 4077 tus
2123 4032 2206 4079 est
2242 4024 2294 4077 in
2349 4022 2665 4078 Caesariensi
2696 4020 2957 4092 ‘_secessu.
3012 4022 3255 4077 Meminit
3305 4032 3568 4091 praeterea

2003 4114 2270 4169 Eusebius
2296 4115 2392 4169 lib.
2428 4130 2480 4168 vr
2512 4114 2681 4180 Hist.,
2714 4130 2835 4185 cap.
2870 4115 2959 4180 51,
2988 4114 3240 4185 Epistolas
3263 4117 3329 4170 ad
3358 4116 3568 4171 Africa.

2004 4224 2154 4274 num,
2179 4222 2282 4277 qua
2314 4208 2557 4262 historiae
2599 4208 2862 4264 Susannae
2887 4209 3016 4264 lides
3036 4217 3091 4264 et
3131 4211 3423 4264 auctoritas
3453 4221 3570 4280 pro-

2005 4311 2324 4370 pugnatur:
2356 4310 2570 4368 tempus
2619 4314 2748 4354 vero
2804 4315 2911 4369 quo
2961 4301 3081 4355 data
3121 4302 3234 4371 ipsa
3290 4310 3395 4361 est,
3460 4311 3567 4356 non

2003 4390 2266 4459 assignat.
2306 4389 2497 4444 Refert
2546 4389 2678 4444 illud
2728 4389 2979 4444 Petavius
3016 4392 3083 4444 ad
3128 4407 3327 4444 annum
3365 4389 3567 4446 Christi

2000 4481 2144 4547 222;
2176 4496 2281 4550 quo
2308 4496 2451 4534 anno
2484 4480 2765 4548 imperium
2798 4480 3436 4549 capessivitAlexander;
3471 4497 3567 4537 cur

2003 4575 2076 4629 ita
2116 4574 2364 4638 sentiret,
2401 4572 2711 4642 neutiquam
2750 4573 3022 4641 ascripsit.
3063 4574 3134 4626 At
3161 4588 3280 4627 cum
3314 4571 3564 4627 Nicome-

2003 4665 2102 4718 dia:
2128 4664 2326 4733 scripta
2354 4662 2419 4718 sit
2442 4670 2706 4732 praesente
2728 4658 3034 4726 Ambrosio,
3063 4661 3240 4715 datam
3269 4661 3411 4716 illam
3430 4675 3563 4716 con-

1998 4757 2130 4826 jicio
2185 4758 2471 4825 imperium
2525 4765 2739 4812 tenente
2792 4756 3084 4823 Gordiano,
3145 4772 3346 4811 annum
3392 4759 3567 4812 aetatis

324 4844 493 4899 Sacra
512 4845 783 4900 volumina
807 4860 911 4900 non
943 4844 1097 4915 longe
1114 4856 1234 4913 post
1262 4845 1413 4900 initia
1431 4845 1720 4899 Alexandri
1738 4844 1899 4900 Com-
1932 4875 1975 4929 Β
2004 4860 2192 4919 agente
2221 4849 2455 4916 Origene
2483 4850 2701 4905 circiter
2722 4851 3224 4921 quinquagesimum
3248 4850 3564 4914 secundum,

324 4937 606 4991 mentariis
626 4936 896 5005 explicare
914 4952 1034 4991 eum
1055 4939 1286 5007 coepisse
1313 4937 1541 5007 reperio.
1561 4939 1636 4991 Ac
1669 4938 1895 5006 primum

322 5043 354 5080 a
402 5027 622 5082 Joannis
657 5028 945 5098 Evangelia
1003 5031 1316 5099 auspicatus
1368 5038 1486 5094 est,
1546 5028 1601 5082 in
1666 5043 1897 5098 eumque

321 5119 537 5189 priores
593 5120 833 5189 quinque
910 5129 1087 5174 tomos
1142 5120 1484 5176 Alexandria
1551 5123 1889 5191 composuit;

324 5226 535 5265 necnon
583 5212 635 5266 in
686 5210 943 5266 Genesim
995 5213 1208 5281 priores
1266 5222 1390 5268 octo
1424 5210 1886 5285 eduodecim(7).

324 5304 467 5369 Quin
494 5304 659 5358 etiam
693 5304 884 5375 viginti
918 5305 1160 5375 quinque
1190 5306 1398 5374 priores
1428 5305 1688 5375 psalmos,
1719 5317 1774 5361 et
1801 5307 1893 5361 Je-

320 5395 507 5452 remia:
541 5395 788 5452 'l’hrenos
815 5396 1014 5451 ibidem
1032 5396 1462 5467 expositionibus
1484 5397 1806 5464 illustravit;
1840 5397 1889 5450 in

320 5536 501 5606 r_nagni
530 5536 785 5589 momenti
812 5544 894 5590 est
923 5535 1063 5606 quod
1095 5534 1213 5588 libri
1246 5534 1383 5602 Περὶ
1411 5532 1619 5601 εὐχῆς,
1652 5549 1798 5586 num.
1825 5533 1883 5606 9.,

320 5603 547 5659 Tatiana
580 5617 831 5673 tanquam
853 5603 1117 5675 provectae
1142 5608 1316 5659 (etatis
1337 5606 1676 5675 describitur,
1705 5604 1885 5675 etsub

324 5679 484 5730 linem
518 5677 696 5744 operis
728 5673 941 5745 ipsaiet
969 5677 1289 5729 Ambrosius
1330 5673 1691 5744 γνησιώτατοι
1721 5673 1879 5725 ἀδελ-

323 5746 415 5814 φοί
462 5744 786 5799 salutantur.
816 5744 949 5799 Nam
985 5746 1273 5814 utrobique
1301 5754 1478 5815 potest
1506 5746 1729 5811 tigurata
1761 5758 1885 5797 esse

327 5816 547 5881 locutio.
584 5832 684 5873 nec
708 5815 864 5873 aliter
893 5816 1031 5872 forte
1079 5818 1237 5871 ambo
1272 5815 1656 5885 germanissimi
1691 5816 1884 5884 fratres

2006 4956 2128 4995 cum
2161 4941 2409 4996 Caesarea
2463 4942 2709 4996 Athenas
2757 4941 3055 5011 profectus,
3086 4930 3406 4995 Nicomediae
3435 4942 3565 4993 Am-

2002 5030 2245 5084 brosium
2286 5028 2461 5084 obiter
2505 5030 2660 5084 adiit.
2692 5030 2981 5098 Postquam
3026 5030 3276 5098 migravit
3302 5030 3563 5094 Athenas,

2000 5121 2281 5175 inchoatos
2325 5121 2381 5175 in
2429 5121 2755 5176 Ezechielem
2782 5122 3214 5178 Commentarios
3247 5124 3312 5175 ad
3354 5123 3566 5177 umbili-

1997 5227 2118 5266 cum
2151 5212 2405 5281 perduxit
2440 5230 2454 5266 :
2489 5213 2696 5269 Cantici
2728 5230 2858 5272 vero
2888 5216 3225 5270 canticorum
3270 5215 3561 5283 expositio-

1996 5318 2118 5356 nem
2153 5319 2462 5374 aggressus,
2489 5304 2787 5362 lucubratis
2813 5307 3085 5376 prioribus
3106 5307 3345 5375 quinque
3373 5306 3526 5360 libris
3547 5345 3560 5370 ,

1999 5395 2237 5465 reliquos
2281 5397 2524 5468 quinque
2552 5398 2852 5454 Caesaream
2899 5400 3072 5454 redux
3123 5398 3375 5455 absolvit.
3405 5398 3558 5450 Anno

1993 5534 2352 5601 appellantur,
2384 5549 2542 5604 quam
2580 5538 2634 5589 in
2662 5536 2901 5601 Christo,
2965 5537 3155 5591 eodem
3188 5546 3353 5604 prope
3382 5533 3555 5604 Amodc

1992 5599 2100 5672 quo
2133 5599 2479 5657 Ambrosium
2517 5607 2688 5674 ipsum
2722 5599 2941 5660 fratrem
2976 5622 3134 5661 suum
3182 5599 3335 5656 vocat
3370 5599 3549 5672 Orige-

1993 5689 2090 5728 nes
2123 5674 2273 5727 initio
2303 5674 2429 5729 tomi
2451 5690 2489 5727 ιι
2517 5676 3042 5732 Commentariorum
3069 5678 3124 5730 in
3153 5674 3440 5729 Joannem.

1992 5742 2142 5813 ...(7)
2174 5741 2299 5812 Leg.
2331 5745 2612 5799 tredecim.
