4068 6312
548 309 685 362 1265

1853 311 1913 366 P.
1958 312 2271 371 DANIELIS
2304 316 2539 374 llUETll

3608 338 3703 392 ιειι

457 417 460 420 ’
549 425 779 495 l’hilippi
807 425 968 481 tertio
1002 426 1426 496 sexagenarium
1463 441 1664 481 annum
1701 436 2122 497 praetergressus
2152 438 2191 490 A
2222 434 2372 500 prius
2415 434 2594 486 animo
2638 431 2963 500 informata,
3031 434 3286 493 Cmsarea:
3308 438 3615 511 Cappadocia:
3650 454 3712 507 in-

549 520 805 575 homilias
833 536 899 575 ex
924 536 1019 574 ore
1047 534 1166 586 suo,
1198 520 1324 572 dum
1352 519 1802 587 concionaretur,
1839 534 1868 573 a
1898 523 2125 576 notariis

547 613 726 683 excipi
760 623 869 668 tum
894 613 1127 682 primum
1156 627 1350 682 passus
1379 622 1483 666 est.
1513 611 1667 667 Unde
1692 622 1908 668 constat
1930 614 2123 669 bonam

548 722 738 762 earum
772 717 999 775 partem,
1032 721 1152 774 qua:
1177 706 1243 758 ad
1273 714 1513 760 nostram
1541 713 1756 758 tetalem
1788 706 2126 762 transmissae

549 811 696 867 sunt,
727 816 831 855 non
864 802 933 856 ab
971 801 1079 854 alio
1101 814 1221 854 esse
1252 809 1494 868 tempore
1520 797 1861 866 repetendas.
1890 798 2123 854 Humilia

548 907 677 970 puta
715 897 769 951 in
799 896 1061 965 psalmum
1094 909 1303 961 Lxxxu,
1329 894 1481 962 cujus
1511 893 1875 963 fragmentum
1920 910 1983 949 ex
2016 893 2124 949 Eu-

549 993 704 1048 sebio
726 989 1186 1060 deprompsimns,
1224 988 1486 1042 adversus
1513 1003 1756 1042 errorem
1786 987 2124 1043 llelcesaita-

548 1103 669 1143 rum
694 1086 800 1140 hac
821 1095 983 1139 actate
1009 1092 1261 1138 exortum
1296 1082 1478 1137 habita
1517 1091 1620 1137 est.
1659 1080 1775 1137 Hac
1828 1084 1944 1152 ipsa
1988 1093 2123 1138 tem-

546 1188 759 1248 pestate
791 1177 1008 1232 Celsum
1061 1176 1218 1230 libris
1259 1186 1384 1230 octo
1416 1175 1756 1241 confutavit;
1791 1176 1844 1229 in
1880 1175 2123 1231 Matthaai

547 1272 899 1340 Evangelium
930 1280 985 1325 et
1036 1272 1328 1339 prophetas
1373 1268 1655 1324 duodecim
1688 1268 2124 1326 Commentarios

550 1369 928 1434 concinnavit;
955 1366 1217 1437 plurimas
1246 1366 1412 1420 etiam
1430 1365 1690 1435 epistolas
1718 1364 1786 1419 ad
1817 1364 2122 1434 Philippum

550 1465 1024 1532 imperatorem,et
1054 1462 1119 1514 ad
1144 1458 1423 1530 conjugem
1450 1459 1621 1528 ipsius
1650 1459 1932 1521 Severam,
1958 1458 2123 1511 alios-

548 1572 655 1627 que
683 1555 990 1625 complures
1022 1554 1190 1614 dedit,
1222 1568 1345 1622 quae
1374 1550 1602 1621 sparsim
1652 1550 1705 1606 in
1737 1565 1802 1606 eo
1839 1550 1978 1605 libro
2017 1550 2121 1605 Eu-

549 1649 683 1705 sebii
724 1649 838 1704 suis
866 1647 1198 1714 temporibus
1233 1646 1601 1715 assignantur.

620 1744 685 1800 ll.
716 1742 1081 1811 Tetraplorum
1108 1749 1163 1795 et
1190 1739 1575 1809 Ilexaplorum,
1616 1754 1843 1809 quorum
1886 1740 2121 1794 mentio-

2228 526 2447 595 choata,
2499 526 2726 580 Athenis
2771 536 2827 580 et
2876 526 3135 583 Ctesareaa
3178 529 3431 589 Stratonis
3458 535 3636 605 affecta,
3668 560 3715 599 ac

2229 616 2354 691 Tyri
2390 620 2606 673 demum
2637 620 2876 675 arbitror
2910 620 3080 677 fuisse
3122 622 3372 692 perfecta.
3421 626 3490 682 lla
3532 629 3717 691 Eusebio

2228 712 2550 766 conciliatur
2597 712 2968 783 Epiphanius,
3027 730 3253 785 quorum
3302 718 3385 771 ille
3427 721 3623 790 aliquam
3678 730 3716 781 in

2224 806 2610 860 concinnandis
2626 805 2877 876 llexaplis
2898 809 3229 864 Alexandria:
3241 826 3447 879 operam
3467 815 3722 889 abOrigeae

2226 899 2454 965 positam
2482 898 2699 953 videtur
2727 901 3070 970 signiﬁcare;
3105 903 3191 957 hic
3221 903 3344 977 Tyri
3375 907 3525 964 fuisse
3548 926 3720 983 compo-

2226 993 2329 1044 sita
2362 1002 2552 1057 aperte
2587 993 2779 1057 docet;
2810 994 2952 1063 quod
2984 997 3056 1048 ita
3093 997 3481 1065 intelligendum
3518 1011 3617 1069 est,
3642 1022 3721 1061 non

2225 1081 2355 1153 Tyri
2383 1084 2556 1139 solum
2588 1100 2651 1138 ea
2671 1085 2985 1143 elaborasse
3009 1088 3316 1158 Origenem,
3341 1092 3427 1146 sed
3450 1095 3495 1146 in
3523 1095 3579 1151 iis
3598 1099 3722 1153 etiam

2225 1175 2378 1239 locis,
2426 1177 2477 1230 in
2522 1178 2722 1247 quibus
2743 1188 2864 1233 octo
2898 1190 2951 1233 et
2982 1181 3169 1251 viginti
3212 1193 3332 1237 ante
3366 1195 3571 1239 mortem
3605 1190 3726 1244 annis

2227 1280 2475 1325 versatus
2506 1280 2611 1336 est,
2643 1286 2777 1339 quos
2824 1270 2951 1343 Tyri
3017 1282 3316 1329 transactus
3362 1291 3609 1345 perperam
3632 1280 3727 1349 Epi-

2225 1363 2460 1431 phanius
2491 1357 2973 1420 credidit.’Firmat
2993 1377 3232 1421 nostram
3265 1369 3597 1439 conjecturam
3617 1377 3725 1442 quod

2226 1458 2303 1510 ait
2363 1456 2626 1513 Eusebius
2658 1457 2751 1513 lib.
2790 1474 2840 1512 v1
2877 1457 3047 1524 Hist.,
3082 1475 3199 1530 cap.
3236 1459 3321 1525 l7,
3372 1461 3640 1532 Symmachi
3664 1465 3725 1519 in-

2227 1552 2673 1621 terpretationem
2748 1553 2799 1607 in
2862 1551 3074 1608 Juliaua
3130 1553 3445 1610 bibliotheca
3500 1557 3723 1628 Origenem

2226 1646 2513 1715 reperisse.
2547 1644 2792 1701 Nondum
2825 1649 3008 1717 itaque
3039 1646 3280 1715 Ilexapla
3309 1649 3389 1703 vel
3410 1648 3726 1719 Tetraplacon-

2226 1741 2575 1808 cinnaverat,
2612 1758 2843 1810 quorum
2877 1757 3003 1810 pars
3038 1756 3231 1809 magna
3261 1740 3357 1795 fuit
3389 1740 3656 1813 Symmachi
3673 1743 3730 1797 in-

549 1852 672 1892 nem
728 1834 859 1893 fecit
908 1834 1171 1889 Eusebius
1221 1834 1315 1888 lib.
1362 1849 1411 1887 VI
1482 1832 1689 1887 Hister.
1738 1849 1860 1903 cap.
1905 1833 1995 1899 16,
2028 1832 2116 1886 cui
2148 1827 2189 1881 Β
2222 1834 2554 1902 terpretatio.
2599 1834 2833 1889 Eusebio
2872 1834 3057 1888 itidem
3083 1834 3408 1904 astipulatur
3435 1834 3727 1905 Epiphanius,

546 1930 775 2001 tempori
796 1928 1129 1998 adiungenda
1146 1928 1215 1982 sit
1231 1926 1545 1996 descriptio,
1561 1935 1799 1982 statuere
1816 1935 2119 1995 promptum

544 2038 653 2077 non
686 2032 789 2077 est.
841 2020 1066 2074 Factum
1121 2020 1173 2074 id
1231 2020 1543 2090 significare
1597 2020 1810 2074 videtur
1853 2019 2121 2075 Eusebius

545 2116 715 2172 multo
749 2126 1040 2185 antequam
1101 2113 1427 2169 Alexandria
1476 2113 1736 2184 Origenes
1769 2112 2117 2175 excessisset,

544 2220 673 2265 tunc
718 2210 974 2264 nimirum
1026 2222 1151 2263 cum
1200 2207 1546 2262 Ambrosium
1602 2207 1667 2259 ad
1701 2205 1902 2261 Christi
1959 2204 2119 2260 ﬁdem

547 2304 922 2359 convertebat.
960 2301 1289 2370 Epiphanius
1316 2310 1494 2355 autem
1551 2298 1677 2370 Tyri
1724 2299 2001 2352 lucubrata
2054 2312 2117 2351 ea

547 2414 651 2453 non
681 2396 849 2452 semel
880 2396 1213 2449 asseveravit
1262 2393 1361 2465 (8).
1412 2393 1522 2463 Ego
1549 2408 1680 2446 vero
1717 2391 1860 2445 aliud
1893 2390 1970 2445 rei
1997 2390 2120 2445 huic

545 2502 759 2561 tempus
786 2490 1008 2559 deputo,
1030 2487 1250 2558 quando
1284 2486 1492 2541 scilicet
1511 2485 1853 2540 Christianos
1888 2492 2120 2539 vexante

545 2584 842 2640 Maximino
890 2584 1194 2637 Cmsaream
1253 2578 1609 2648 Cappadociae
1638 2579 1703 2632 ad
1736 2575 2115 2630 Firmilianum

544 2678 794 2746 confugit
841 2675 1123 2745 Origenes.
1179 2675 1222 2728 A
1269 2672 1487 2727 Juliana
1516 2672 1662 2727 enim
1693 2669 1993 2724 liberaliter
2021 2684 2119 2723 ex-

541 2784 731 2841 ceptus
760 2779 815 2825 et
865 2770 1026 2824 domo
1076 2777 1130 2821 et
1176 2765 1501 2821 bibliotheca
1553 2779 1582 2817 a
1634 2762 1961 2835 Symmacho
1987 2762 2116 2817 olim

513 2907 516 2911 .
541 2869 823 2929 instructa,
845 2864 910 2919 ad
929 2882 1046 2919 eam
1075 2865 1269 2919 deinde
1297 2861 1754 2930 hzereditatisjure
1778 2862 2115 2927 transmissa,

541 2958 652 3031 ('17)
675 2966 865 3013 nactus
894 2956 1001 3011 illic
1030 2966 1111 3011 est
1133 2956 1427 3026 Scriptura:
1441 2971 1606 3010 sacra:
1628 2954 1975 3025 exemplaria,
1995 2956 2118 3025 qui-

540 3055 640 3109 bus
665 3068 795 3106 usus
820 3051 992 3106 fuerat
1010 3050 1385 3122 Symmachus.
1402 3047 1536 3103 Tum
1557 3063 1684 3103 vero
1702 3048 1913 3103 codices
1940 3048 2113 3117 ipsum

2225 1928 2353 1980 liter.
2409 1944 2558 1992 LXIV,
2595 1942 2715 1997 cap.
2741 1927 2791 1992 5,
2833 1927 3121 1996 Origeuem
3155 1926 3541 1982 lucubrationes
3576 1942 3677 1981 suas
3693 1928 3733 1981 in

2223 2016 2586 2087 Scripturam,
2616 2019 2843 2088 impulsu
2874 2019 3147 2074 Ambrosii
3172 2029 3468 2088 susceptas,
3507 2020 3567 2074 ab
3591 2019 3734 2073 Hm-

2220 2110 2322 2178 plis
2382 2112 2549 2168 fuisse
2601 2112 2936 2179 auspicatum
2972 2128 2986 2167 :
3020 2111 3094 2165 Τὸ
3132 2112 3371 2184 πρῶτον,
3407 2112 3582 2182 inquit,
3606 2112 3736 2165 αὑτοῦ

2219 2204 2497 2275 ἐπιμελῶς
2545 2203 2968 2276 ἐφιλοτιμήσατο
3004 2207 3334 2272 συναγαγεῖν
3361 2204 3463 2257 τῶν
3509 2204 3562 2271 ἒξ
3590 2206 3736 2277 ἑρμη-

2220 2296 2401 2354 νειῶν.
2426 2297 2587 2367 Atqui
2628 2307 2755 2351 tunc
2786 2297 3048 2364 temporis
3076 2296 3422 2352 Alexandriae
3451 2299 3738 2353 versabatur.

2220 2386 2579 2458 Retorquebit
2610 2398 2991 2459 argumentum
3030 2388 3338 2458 aliquis,et
3362 2390 3497 2445 dicet
3523 2389 3612 2443 hoc
3636 2398 3739 2443 tem-

2219 2496 2351 2550 pore
2380 2496 2476 2536 sex
2508 2482 2985 2551 interpretationes
3016 2485 3068 2539 in
3096 2500 3267 2540 unum
3293 2484 3538 2555 colligere
3558 2500 3648 2539 non
3669 2499 3741 2553 po-

2222 2574 2389 2628 tuisse
2415 2572 2730 2645 Origenem,
2787 2577 2875 2645 qui
2911 2577 3075 2632 etiam
3107 2586 3222 2632 tum
3272 2577 3567 2648 Symmachi
3606 2576 3740 2630 inter-

2218 2666 2542 2735 pretatione,
2597 2675 2653 2722 et
2706 2667 2945 2723 editione
3000 2681 3157 2725 sexta
3209 2679 3443 2727 careret.
3473 2669 3742 2740 Respondeo

2220 2754 3133 2827 Hexaplorumcoagmentationem
3189 2772 3374 2816 mente
3421 2760 3743 2831 prtclorinasse

2218 2848 2529 2917 ipsumcum
2547 2858 2691 2904 esset
2713 2847 3074 2918 Alexandriae,
3089 2865 3192 2906 non
3218 2851 3335 2921 ipsa
3363 2863 3745 2922 coagmentasse,

2217 2956 2338 2996 cum
2370 2942 2605 2996 nondum
2635 2943 2970 3012 exemplaria
3013 2944 3244 3000 haberet
3293 2946 3360 3001 ad
3409 2962 3640 3009 manuni,
3669 2946 3743 3000 sed

2210 3031 2321 3100 jam
2346 3033 2470 3086 inde
2507 3032 2636 3099 ipsis
2662 3032 3051 3102 investigandis
3083 3048 3311 3103 operam
3347 3034 3570 3091 dedisse.
3598 3034 3745 3105 itaque

541 3144 849 3202 conﬂixisse
878 3144 1019 3198 inter
1037 3157 1095 3196 se
1110 3141 1523 3211 etcoujunxisse
1554 3140 1833 3212 probabile
1865 3151 1950 3196 est
1978 3157 1989 3192 :
2016 3142 2109 3196 sed

2218 3140 2320 3177 non
2346 3125 2476 3178 dicit
2502 3124 2852 3194 Epiphanius,
2870 3125 3199 3197 συνήγαγεν,
3235 3128 3350 3195 sed,
3377 3128 3746 3199 ὲφιλθτιμήσατο

540 3254 659 3294 cum
701 3238 1003 3293 institutum
1035 3252 1170 3305 opus
1202 3251 1299 3306 per
1335 3236 1610 3307 angustias
1635 3234 1895 3306 temporis
1914 3235 1986 3289 ibi
2012 3233 2108 3288 ab-

540 3332 746 3388 solvere
772 3348 872 3386 non
914 3340 1115 3401 posset,
1160 3344 1467 3399 supremam
1514 3328 1616 3397 ipsi
1654 3343 1872 3382 manum
1912 3327 1963 3381 in
1995 3330 2108 3381 otio

539 3426 702 3499 Tyrio
727 3426 1070 3496 imposuisse.
1112 3422 1226 3478 Non
1263 3421 1405 3492 quod
1440 3423 1507 3477 de
1542 3422 1608 3477 iis
1629 3421 1898 3492 cogitasse
1922 3418 2112 3489 Orige-

538 3537 662 3577 nem
693 3529 805 3575 tum
855 3520 1087 3592 primum
1115 3528 1333 3590 putem;
1381 3518 1472 3573 sed
1501 3518 1838 3572 Alexandriae
1874 3516 2107 3572 fortasse

608 3638 904 3763 (8)1Espiph.
937 3638 1141 3693 (iteres.
1175 3653 1322 3703 muv,
1378 3650 1499 3707 cap.
1530 3635 1563 3689 ὅ
1596 3646 1650 3691 ει
1690 3638 1784 3691 lib.
1838 3636 1914 3693 De
1960 3639 2119 3708 pomi.

608 3727 657 3763 ι).
773 3746 787 3761 .
1798 3726 1803 3732 ι

537 3725 657 3764 031).
696 3725 787 3763 16.
1798 3726 1803 3732 ι

606 3727 932 3850 ῗῤ)11ῗῖἀειιιε
984 3778 1094 3832 illic
1123 3789 1197 3850 est
1224 3777 1520 3845 Scriptum
1548 3792 1725 3850 same
1745 3776 2074 3850 exemplaria
2096 3818 2112 3845 ,

536 3847 725 3922 quibus
748 3866 873 3922 usus
912 3849 1085 3922 futh
1112 3848 1477 3922 Symmachus,
1501 3859 1607 3922 etc.
1632 3866 1656 3922 ιΔ
1685 3847 1984 3922 \’erisimile
2005 3865 2114 3922 non

541 3918 774 3982 videtur,
812 3918 985 3988 inquit
1007 3918 1404 3984 Tillemontius,
1442 3928 1555 3989 not.
1582 3918 1615 3974 9
1645 3918 1697 3971 in
1723 3918 1966 3989 0rigen.,
1993 3919 2117 3974 Ori-

538 4006 729 4064 genem
763 3989 1074 4060 Symmachi
1104 3989 1409 4043 versionem
1447 3988 1516 4043 60
1563 3999 1692 4043 ante
1726 3988 1898 4045 annos
1933 3991 2115 4064 elabo-

538 4061 714 4118 ratam
772 4069 878 4114 lant
923 4075 1047 4114 sero
1092 4070 1309 4115 nactum
1333 4075 1477 4123 esse,
1510 4069 1798 4128 potestque
1830 4061 2115 4117 commode

538 4131 809 4189 Eusebius
842 4130 1071 4198 intelligi
1104 4131 1286 4183 autde
1340 4130 1454 4198 ipso
1506 4130 1814 4198 Symmachi
1854 4141 2114 4197 autogra-

541 4204 673 4274 pho,
711 4218 834 4255 nam
865 4217 932 4274 ex
959 4197 1072 4274 ipso
1111 4200 1439 4274 Symmacho
1476 4197 1605 4274 illud
1636 4197 1848 4274 Iuliana
1885 4215 2113 4274 accepe-

540 4270 648 4336 i'at,
700 4283 794 4327 aut
847 4272 914 4325 de
963 4270 1369 4327 Commentario
1417 4272 1650 4339 quodam
1697 4270 2008 4339 Symmachi
2058 4272 2112 4325 in

542 4340 907 4412 Scriptorum,
939 4359 1044 4397 nou
1076 4343 1141 4396 de
1181 4340 1593 4412 ejusversioue.
1648 4340 1724 4393 En
1755 4341 1867 4409 ipsa
1895 4340 2112 4395 Eusebii

539 4411 707 4469 verba
735 4413 826 4469 lib.
858 4428 909 4468 v1
946 4412 1125 4483 Hist",
1149 4427 1272 4481 cap.
1302 4411 1367 4464 17
1389 4431 1401 4466 :
1424 4411 1935 4483 ἰξαιὺπομνήματα
1962 4412 2113 4482 Συμ-

590 4428 707 4469 arua
735 4428 826 4469 ιιι).
858 4428 909 4468 v1
946 4428 1109 4475 "131.,
1149 4428 1272 4481 cap.
1302 4428 1362 4464 ιι
1389 4431 1401 4466 :
1424 4428 1528 4466 ttat
1565 4428 1780 4483 υπομνη
1830 4428 1935 4465 ατα
1962 4428 2111 4482 λυμ-

590 4483 720 4555 άχσυ
745 4484 910 4536 εἰσέτι
943 4485 1035 4539 νῦν
1064 4482 1321 4555 φέρεταιι
1338 4484 1394 4536 ὲν
1423 4477 1513 4555 οἷς
1535 4482 1681 4536 δοκεῖ
1702 4428 1848 4555 aps;
1872 4481 1945 4555 fro
1968 4483 2111 4555 κατὰ

538 4502 720 4608 μαχου
745 4502 910 4536 εισετι
943 4502 1035 4539 νυν
1064 4502 1305 4555 φερεται,
1338 4502 1394 4536 εν
1423 4502 1502 4546 oc;
1535 4502 1678 4536 οοκει
1712 4502 1848 4553 προς
1880 4502 1941 4535 το
1968 4502 2103 4537 κατα

572 4552 815 4607 1ατθαῖον
849 4555 1262 4625 ἀποτεινόμενος
1278 4553 1637 4625 Εὑαγγέλιον,
1662 4551 1760 4625 τὴν
1809 4552 2103 4625 δεδηλωμέ-

539 4642 638 4707 νηγ
667 4625 877 4707 {ipsum
905 4623 1226 4707 .xpafdv'etv.
1265 4624 1447 4707 Ταῦςεα
1485 4624 1543 4677 δὲ
1572 4623 1927 4707 ὁίΩριγὲ-νηςί
1976 4623 2112 4707 μετὰ

539 4693 636 4750 καὶ
663 4693 837 4766 ἄλλων
871 4693 1078 4766 εἰςίτὰς
1118 4693 1343 4766 Ιέραφὰς
1372 4693 1675 4766 ἐρμηνειῷν
1690 4693 1783 4766 τοῦ
1813 4693 2111 4765 Συμμάχου

541 4764 795 4837 σημαίνει
841 4764 1325 4837 παρὰᾹ-Ἰουλιανῆς
1372 4764 1528 4837 τίνος,
1562 4765 1875 4837 εἰληφέναι,
1908 4764 1975 4836 ἣν
2017 4764 2111 4819 καί

541 4835 671 4908 φήσι
700 4837 827 4905 παρ’
851 4835 1014 4890 actos
1049 4835 1343 4906 Συμμὰχου
1367 4837 1469 4908 ῥιπὰς
1508 4835 1719 4906 βίϐλους
1748 4835 2110 4903 διαδέξασθαιο

541 4906 846 4961 -οὲΕχεωιιῐ
873 4920 1026 4979 εει-ιε
1041 4908 1336 4979 etiamnum
1352 4906 1737 4979 Commentarii
1768 4907 2106 4979 Symmachi,

541 4981 597 5033 in
650 4979 849 5048 quibus
912 4976 1201 5048 Evangelio
1252 4979 1547 5031 secundum
1586 4976 1898 5032 Mattl‘nuum
1948 4979 2109 5033 nixus

542 5046 899 5119 memoratum
920 5046 1339 5119 (Ebionitarum)
1371 5049 1617 5102 haeresim
1643 5059 1965 5119 prepugnat.
1998 5050 2108 5106 Hos

542 5127 722 5172 autem
756 5117 1014 5188 Origenes
1041 5134 1162 5173 cum
1193 5117 1324 5172 aliis
1349 5120 1659 5189 Symmachi
1697 5119 1749 5172 in
1792 5118 2107 5189 Scripturas

544 5187 1109 5259 interpretationibus,
1161 5187 1402 5243 testatur
1423 5204 1482 5243 se
1528 5204 1557 5242 a
1609 5187 1821 5259 Juliana
1868 5187 2103 5259 quadam

544 5258 841 5327 accepisse,
878 5262 943 5312 ad
971 5275 1131 5329 quam
1163 5259 1198 5313 ii
1223 5259 1345 5313 libri
1372 5259 1439 5313 ab
1470 5259 1588 5327 ipso
1625 5258 1955 5330 Symmacho
1983 5277 2107 5317 suc-

543 5331 809 5402 cessmnis
831 5330 952 5399 jure
1005 5339 1461 5402 pervenerant»:
1492 5331 1549 5384 Si
1574 5331 1865 5402 ἑρμηνεῖαι
1897 5334 2106 5399 possint

545 5401 633 5456 hic
679 5400 746 5453 de
774 5400 1174 5455 Commentario
1199 5400 1445 5472 intelligi,
1481 5400 1622 5472 quod
1652 5400 1926 5457 neintuem
1977 5417 2105 5472 puto

542 5481 886 5539 negaturum,
936 5480 993 5524 nt
1028 5472 1104 5525 sic
1135 5472 1239 5524 hoc
1273 5471 1389 5525 loco
1421 5471 1749 5540 intelligatur
1783 5471 2099 5528 suadet’vox

540 5540 737 5605 ἄλλων,
759 5543 900 5605 aliis,
924 5543 989 5594 ab
1017 5540 1248 5595 Eusebio
1277 5543 1540 5596 adhibita.
1572 5561 1591 5593 ι
1625 5544 1756 5609 Qum
1782 5558 1906 5596 cum
1945 5544 2018 5597 ita
2045 5560 2103 5600 se

540 5611 794 5673 habeant,
812 5614 944 5665 nihil
971 5622 1115 5665 vetat
1136 5612 1425 5681 Origenem
1456 5612 1691 5680 Hexapla
1706 5628 1956 5666 exorsum
1981 5629 2101 5669 esse

543 5690 669 5752 ante
695 5682 1035 5752 anmn_n‘255,
1060 5697 1165 5749 quo
1197 5683 1246 5735 iu
1280 5683 1615 5752 Cappadocia
1652 5686 1792 5752 apud
1827 5681 2097 5737 Juliauam

542 5750 712 5827 latere
732 5749 958 5827 coepisse
988 5749 1520 5827 creditur._ﬂexnpla
1545 5768 1642 5806 sua
1679 5749 1863 5822 aperte
1892 5770 2099 5808 memo-

542 5833 625 5874 rat
661 5819 714 5872 in
748 5816 989 5876 Epistula
1034 5820 1100 5872 ad
1145 5816 1480 5887 Africanum,
1534 5816 1959 5890 quam‘cct'tum
2014 5833 2098 5880 est

2212 3218 2553 3285 συναγαγεῖν.

2283 3329 2393 3401 (l0)
2418 3329 2663 3384 Perfecto
2710 3329 3071 3401 IlexapIorum
3096 3348 3286 3405 opere,
3340 3345 3401 3390 ut
3432 3337 3745 3393 studiosorum

2209 3426 2512 3494 sumptibus
2557 3434 2615 3478 et
2658 3441 2835 3491 operae
2863 3429 3168 3482 consuleret
3200 3427 3488 3499 Origenes,
3532 3431 3592 3483 ad
3634 3446 3751 3483 coin-

2210 3519 2477 3588 pingenda
2548 3516 2793 3588 Tetrapla
2875 3518 3115 3574 animum
3181 3522 3479 3577 convertit.
3529 3521 3750 3576 Eusebius

2232 3637 2558 3709 Nico_medi:e
2583 3638 2836 3707 scriptam
2868 3651 3008 3706 esse,
3046 3655 3281 3709 eumque
3313 3640 3399 3696 bis
3438 3642 3488 3695 in
3520 3640 3744 3695 Grmciam

2230 3709 2331 3762 iter
2356 3694 2708 3771 instituerit,'
2733 3694 3008 3763 alterutro,
3043 3694 3237 3765 itineFe
3262 3694 3629 3766 Nicomediam
3669 3725 3744 3779 pe-

2227 3780 2385 3834 tiisse
2412 3790 2466 3832 et
2489 3779 2772 3847 epistolam
2798 3779 3011 3835 dedisse
3034 3782 3269 3835 videtur.
3308 3781 3664 3836 Tilleniontius
3679 3795 3752 3847 po-

2219 3852 2324 3903 tius
2342 3850 2513 3918 primo
2532 3850 2745 3913 itinere,
2769 3848 2817 3903 id
2836 3860 2918 3903 est
2932 3866 3074 3904 anno
3091 3851 3220 3917 228,
3239 3868 3403 3919 quam
3424 3853 3750 3907 St'CUlldOIiIIO'

2216 3922 2387 3974 decim
2407 3930 2734 3987 postaunos,
2758 3919 3133 3991 idcontigisse
3165 3932 3345 3991 putat.
3371 3924 3470 3976 hoc
3499 3936 3595 3975 uno
3621 3922 3749 3975 nixus

2216 4000 2534 4059 argumento
2549 3991 2689 4059 quod
2714 3992 2753 4043 A
2765 3989 3395 4062 fricanusOrigenemlilii
3413 3994 3615 4048 nomine
3628 4006 3749 4045 com-

2217 4063 2395 4128 pellet,
2420 4064 2581 4133 quod
2607 4061 2787 4133 aptius
2811 4063 2875 4113 ad
2902 4061 3160 4130 primum,
3186 4079 3355 4133 quam
3384 4067 3451 4115 ad
3490 4063 3746 4133 secundum

2217 4133 2320 4186 iter
2351 4129 2654 4184 referatur.
2695 4129 2801 4185 Sed
2833 4129 2950 4185 viro
2989 4129 3220 4187 summo'
3250 4132 3664 4188 Montefalconio
3705 4130 3748 4183 id

2218 4216 2323 4255 non
2365 4202 2498 4255 tanti
2532 4216 2654 4256 esse
2688 4203 2943 4256 momenti
2994 4204 3227 4257 videtur.
3266 4221 3287 4253 ι
3326 4204 3459 4258 Nam
3493 4200 3749 4258 verisimile

2213 4280 2315 4335 est,
2348 4272 2523 4340 inquit
2555 4287 2674 4342 pag.
2727 4271 2795 4325 15
2856 4272 3213 4328 Ρτεειίιιιὶηπ.
3265 4275 3319 4328 in
3360 4272 3609 4341 Παιονίη
3650 4273 3748 4326 ideo

2218 4343 2385 4396 lilium
2420 4356 2784 4411 nuncupasse,
2824 4344 2947 4410 quia
2985 4344 3142 4413 longe
3191 4345 3375 4399 minor
3418 4354 3572 4399 a:tate
3610 4353 3749 4398 erat:

2214 4428 2335 4483 qua:
2369 4414 2508 4466 ratio
2541 4423 2647 4466 tam
2686 4415 2736 4465 in
2767 4415 2961 4481 primo,
2992 4430 3157 4483 quam
3186 4417 3239 4469 in
3269 4416 3510 4470 secundo
3536 4413 3749 4483 Origenis

2218 4481 2415 4538 itinere
2447 4482 2719 4551 parhaud
2760 4484 2920 4537 dubie
2969 4481 3107 4539 erat.
3152 4486 3264 4540 Nec
3311 4489 3506 4541 desunt
3538 4481 3749 4551 exempla

2216 4556 2414 4623 quibus
2453 4555 2502 4607 id
2530 4554 2902 4608 confirmetur.
2939 4555 3203 4610 Eusebius
3239 4559 3388 4610 enim
3427 4555 3750 4611 Vercellensis

2218 4625 2529 4694 Dionysium
2582 4623 3040 4680 Mediolanensem
3072 4628 3413 4695 episcopum,
3468 4635 3618 4693 agtale
3654 4625 3749 4695 jam

2216 4693 2484 4750 maturum
2548 4695 2918 4765 dignitateque
2969 4693 3345 4764 conspicuum,
3392 4693 3450 4752 se
3483 4693 3664 4752 tamen
3678 4693 3752 4763 ju-

2215 4769 2445 4831 niorem,
2480 4765 2649 4820 [ilium
2682 4767 3010 4833 compellare
3039 4768 3134 4821 solt
3157 4768 3269 4822 bat.
3301 4788 3319 4821 ι
3349 4768 3483 4824 Cum
3512 4782 3632 4833 ergo
3658 4780 3751 4817 eer-

2217 4848 2325 4889 tum
2362 4854 2463 4890 non
2495 4839 2564 4891 sit
2590 4838 2761 4905 primo
2796 4838 3015 4901 itinere,
3061 4839 3164 4892 hoc
3209 4848 3293 4893 est
3318 4855 3461 4892 anno
3491 4836 3613 4901 2‘28,
3637 4835 3745 4902 Epi-

2210 4910 2395 4961 stulam
2426 4909 2493 4961 ad
2522 4908 2828 4979 Africanum
2847 4906 3452 4979 Nicomeuize‘srriptam
3476 4925 3608 4972 esse,
3629 4906 3747 4961 nulla

2213 4980 2349 5032 ratio
2376 4989 2457 5033 est
2479 4976 2577 5032 cur
2606 4980 2730 5033 inde
2758 4976 2997 5045 "exopta
3048 4990 3173 5033 ante
3203 4976 3345 5034 hunc
3380 4996 3577 5034 annum
3608 4979 3745 5030 ador-

2212 5059 2337 5103 nata
2365 5049 2764 5103 existimentur.
2793 5049 2845 5102 Id
2871 5065 3032 5102 unum
3078 5051 3367 5105 verisimile
3393 5061 3545 5119 putat
3572 5048 3745 5103 Monte-

2211 5118 2500 5182 falconius,
2556 5138 2575 5171 ι
2639 5120 2928 5189 Origeuem
2991 5119 3241 5187 Hexapli:
3288 5118 3516 5175 edendis
3557 5132 3742 5173 manum

2210 5191 2516 5246 admovisse
2559 5202 2843 5261 postquam
2871 5202 3077 5243 sextam
3112 5193 3405 5245 editionem
3448 5198 3739 5261 repererat:

2211 5264 2407 5328 reperit
2436 5259 2637 5329 autem,
2664 5261 2964 5329 Epiphanio
3003 5271 3158 5323 teste,
3186 5279 3323 5317 anno
3351 5260 3639 5317 Alexandri
3665 5259 3742 5311 Sev

2208 5335 2317 5385 veri
2364 5333 2616 5401 septimo,
2648 5332 2696 5385 id
2730 5342 2813 5384 est
2852 5332 3051 5386 Christi
3077 5332 3205 5387 228.
3244 5335 3308 5388 Et
3335 5335 3463 5401 quia
3487 5334 3669 5401 abhinc
3686 5329 3738 5379 ad

2205 5416 2405 5455 annum
2429 5400 2523 5454 251
2541 5442 2555 5463 ,
2580 5418 2685 5470 quo
2697 5402 2997 5474 Caesaream
3024 5418 3082 5456 se
3101 5407 3319 5474 recepit,
3345 5400 3450 5456 non
3488 5412 3568 5454 sat
3594 5400 3676 5454 otii
3695 5408 3736 5449 et

2206 5474 2471 5526 commodi
2513 5473 2761 5526 habuisse
2786 5472 3021 5537 videtur,
3051 5482 3108 5525 ut
3135 5472 3244 5528 tam
3277 5477 3500 5527 arduam
3536 5487 3638 5525 rem
3664 5483 3735 5520 su-

2204 5544 2458 5608 sciperet,
2505 5555 2805 5611 Opportune
2836 5546 2886 5596 in
2918 5560 3117 5596 annum
3162 5544 3290 5609 23l,
3339 5558 3464 5596 cum
3506 5542 3732 5597 Caesarea:

2204 5624 2406 5683 ageret,
2442 5612 2801 5683 Hexaplorum
2828 5630 2963 5683 opus
2986 5616 3296 5669 remittitur.
3340 5632 3361 5666 ι

2275 5682 2387 5751 (10)
2431 5681 2673 5751 Perfecto
2713 5681 3076 5752 llexaplorum
3121 5702 3297 5755 opere,
3323 5694 3379 5738 ut
3407 5685 3733 5739 studiosorum

2199 5755 2489 5827 suntptib_us
2523 5766 2568 5805 et
2602 5755 3093 5827 aperwt'onsuleret
3132 5758 3402 5827 Origenes,
3428 5758 3495 5808 ad
3524 5756 3731 5827 ευιηρὶιι-

2201 5830 2388 5896 genda_
2416 5823 2663 5890 Tctrapla
2710 5826 2947 5879 animum
2990 5823 3263 5883 convertit.
3308 5825 3503 5882 ﬂuetio
3551 5823 3730 5889 prxivil
