4068 6312
569 379 698 433 1207

1819 378 1880 436 Ρ.
1921 375 2236 431 DANIELIS
2275 375 2504 434 HUETII

3600 383 3702 440 {268

561 512 731 554 tartos
791 499 845 551 in
912 495 1144 551 Genesim
1173 541 1184 558 ,
1247 507 1530 565 antequam
1587 496 1753 551 libros
1814 497 1951 564 Περὶ
2011 497 2114 564 ἀρ-
2144 499 2188 554 A
2221 495 2367 548 ribus
2396 494 2686 565 explanare
2719 494 3058 549 tentavimus.
3111 512 3130 543 ι
3163 492 3243 546 An
3275 505 3396 549 vero
3423 493 3708 553 Commenta-

557 593 682 663 χῶν
726 598 1093 659 componeret,
1139 598 1192 644 et
1225 604 1291 642 ex
1338 589 1568 644 Eusebio
1601 588 1932 658 jintelligitur
1983 586 2120 657 (ll).

557 697 612 739 et
641 684 807 738 multo
836 684 1006 752 magis
1062 696 1130 735 ex
1179 681 1412 752 Origene
1469 682 1606 751 ipso,
1635 683 1724 750 qui
1753 682 1932 736 libron
1978 681 2122 748 Περὶ

563 775 770 845 ἀρχῶν
795 790 916 843 cap.
945 777 998 838 3,
1026 790 1172 830 num.
1223 774 1278 838 3,
1301 785 1356 828 et
1380 774 1474 828 lib.
1519 789 1578 838 ιι,
1613 789 1731 842 cap.
1769 775 1823 838 3,
1877 790 2020 829 num.
2065 773 2118 838 6,

561 868 692 922 istos
721 868 850 922 citat
876 865 1325 922 Commentarios.
1359 865 1502 920 Idem
1544 875 1722 919 tamen
1758 865 1896 920 libro
1921 881 1960 925 ι,
2000 879 2118 933 cap.

556 961 611 1025 2,
651 975 796 1013 num.
845 958 900 1022 6,
946 958 1060 1011 haec
1110 956 1271 1010 habet
1310 973 1323 1007 :
1386 975 1405 1010 ι
1437 955 1572 1010 Ριιιο
1611 971 1740 1026 ergo
1772 969 1928 1023 posse
1957 953 2121 1024 priori

557 1052 770 1120 quidem
795 1048 1040 1120 exemplo
1077 1048 1254 1116 aptari
1284 1063 1406 1102 eum
1438 1047 1528 1116 qui
1562 1047 1626 1099 ad
1653 1047 1935 1114 imaginem
1973 1054 2028 1100 et
2049 1045 2125 1099 εἰη

558 1142 914 1196 militudinem
965 1144 1055 1198 Dei
1089 1143 1264 1200 factus
1305 1156 1410 1210 cst,
1447 1146 1740 1212 hominem,
1767 1145 1832 1199 de
1867 1159 1973 1214 quo
2003 1143 2124 1199 dili-

556 1235 790 1303 gentius,
825 1235 1037 1290 lavente
1085 1235 1218 1300 Deo,
1243 1251 1366 1291 cum
1409 1236 1584 1292 locum
1616 1238 1786 1304 ipsum
1832 1237 1884 1288 in
1928 1233 2119 1289 Genesi

555 1340 829 1395 exponere
881 1327 1226 1396 emperimus,
1260 1328 1586 1382 videbimus.
1623 1346 1642 1378 ι
1675 1327 1811 1392 Quid
1841 1326 2005 1394 ergo?
2053 1340 2120 1378 an

563 1415 680 1470 hare
725 1432 754 1468 a
786 1415 1042 1480 librariis,
1075 1433 1140 1470 an
1171 1419 1239 1470 ab
1281 1418 1577 1487 interprete
1613 1419 1798 1472 vitiata
1843 1416 2124 1471 dicemus?

557 1523 625 1561 an
658 1508 761 1562 alia
813 1509 1054 1574 quaedam
1094 1512 1146 1562 in
1193 1511 1448 1565 Genesim
1486 1512 1796 1564 meditatum
1830 1509 1994 1564 fuisse
2023 1509 2123 1562 ﬁn-

558 1616 746 1667 gemus
793 1601 1103 1670 Origenem,
1157 1617 1278 1656 cum
1351 1603 1464 1657 hate
1512 1603 1816 1658 scriberet?
1862 1603 2120 1671 Equidem

561 1693 756 1748 haereo.
795 1692 868 1746 Ex
899 1692 1032 1746 libro
1059 1707 1272 1762 quoque
1305 1693 1382 1746 De
1423 1695 1660 1749 oratione
1691 1711 1838 1749 num.
1878 1695 1967 1757 23,
1998 1710 2118 1764 pag.

556 1781 684 1847 9.55,
747 1784 1121 1852 cognoscimus
1171 1784 1430 1852 scriptum
1488 1785 1632 1839 hunc
1672 1801 1791 1840 esse
1823 1787 1982 1841 editis
2011 1787 2121 1855 jam

557 1871 974 1927 Commentariis
1005 1874 1058 1925 in
1077 1873 1337 1928 Genesim.
1356 1875 1756 1943 Expositionum
1783 1880 1837 1931 in
1861 1877 2126 1945 Exodum,

560 1965 616 2014 in
644 1962 954 2025 Leviticum,
977 1975 1030 2018 et
1055 1966 1108 2018 in
1142 1963 1402 2020 Numeros
1432 1968 1576 2022 nulla
1606 1969 1656 2022 in
1686 1980 1841 2024 sexto
1872 1970 2130 2024 Eusebia-

562 2066 646 2110 nat
675 2050 926 2106 Historia?
958 2056 1211 2107 memoria
1252 2073 1264 2110 :
1301 2070 1394 2109 eas
1417 2071 1538 2111 esse
1577 2059 1904 2113 vetustiores
1946 2060 2129 2114 decem

560 2143 923 2198 voluminibus
943 2143 1476 2200 Commentariorum
1506 2148 1559 2200 iu
1587 2146 1862 2202 Canticum
1904 2151 2133 2204 cantico-

561 2251 679 2288 rum
711 2235 825 2290 haec
861 2235 1109 2301 Origenis
1134 2236 1462 2303 patefaciunt
1485 2238 1643 2292 verba
1682 2255 1746 2294 ex
1779 2240 1868 2293 lib.
1911 2255 1929 2294 ι
1972 2240 2133 2294 Com-

560 2336 753 2388 ment..
778 2325 1078 2386 inCuntic,,
1099 2341 1221 2394 pag.
1245 2327 1348 2382 38:
1375 2347 1393 2378 ι
1430 2329 1503 2383 De
1533 2345 1639 2398 quo
1671 2330 1880 2398 plenius
1911 2332 1962 2385 in
1996 2332 2134 2386 libro

561 2417 824 2481 Levitico,
857 2431 1015 2487 prout
1047 2422 1303 2474 Dominus
1328 2421 1459 2474 dare
1479 2422 1734 2489 dignatus
1755 2433 1858 2489 est,
1879 2424 2132 2491 exposui-

563 2526 715 2576 mus;
783 2530 802 2562 t
840 2520 894 2564 et
924 2513 1022 2564 ista
1044 2526 1074 2565 e
1113 2510 1359 2581 Prologo,
1389 2527 1510 2581 pag.
1544 2513 1644 2566 33:
1681 2530 1700 2562 ι
1736 2511 1839 2566 Sed
1868 2515 2133 2581 quomodo

561 2601 810 2659 dilferant
838 2619 865 2654 a
902 2602 1106 2656 sanctis
1142 2604 1340 2657 Sancta
1364 2614 1672 2658 sanctorum
1697 2605 1748 2658 in
1785 2605 1990 2670 Exodo,
2016 2606 2129 2675 (12)

561 2703 616 2745 et
645 2694 909 2761 quomodo
948 2692 1194 2752 dill'erant
1219 2709 1380 2763 opera
1422 2696 1489 2749 ab
1519 2695 1772 2778 operibus
1811 2710 2030 2766 Operum
2078 2698 2129 2751 in

516 2782 922 2837 .Numerorum
982 2784 1154 2846 libro,
1205 2785 1542 2849 tractatibus,
1601 2794 1763 2853 prout
1837 2788 2130 2856 potuimus,

565 2877 766 2929 dictum
813 2886 952 2930 esta
1002 2877 1176 2938 nobis,
1211 2897 1229 2928 ι
1271 2877 1390 2944 Quo
1427 2885 1670 2946 tempore
1713 2887 1893 2932 autem
1948 2877 2132 2933 Canti-

562 2983 687 3023 cum
711 2968 1081 3037 explanaverit
1110 2985 1233 3024 mox
1271 2969 1582 3022 viderimus.
1607 2968 1718 3040 (15)
1756 2968 2133 3038 Expositiones

564 3062 618 3111 in
673 3059 959 3114 Leviticum
1008 3060 1190 3115 laudat
1259 3061 1454 3114 iterum
1531 3059 1791 3130 Origenes
1839 3059 1930 3114 lib.
1961 3076 2017 3115 Ix
2077 3063 2132 3116 in

2225 589 2286 642 rii
2343 589 2398 642 in
2438 587 2704 652 Exedunt,
2754 589 2808 641 in
2857 585 3142 642 Lanificam
3196 594 3251 640 et
3294 588 3343 641 in
3385 586 3612 644 Numeros
3647 594 3712 649 bis

2227 681 2526 750 signentur,
2561 696 2629 736 an
2653 680 2918 746 Homiliaa,
2947 696 3051 736 non
3085 681 3220 734 satis
3246 690 3473 748 apparet.
3509 681 3574 736 De
3589 698 3713 738 enar-

2223 773 2524 828 rationibus
2567 772 2960 828 Deuteronomii
3010 770 3173 824 altum
3203 771 3338 838 apud
3375 770 3626 826 Eusebium
3659 777 3716 830 si-

2229 863 2474 920 lentium.
2501 863 2852 917 Recentiores
2879 862 2996 916 illas
3024 876 3144 916 esse
3173 863 3377 928 reperio
3393 863 3720 929 posterioribus

2225 957 2382 1010 tomis
2411 956 2467 1008 in
2500 953 2761 1007 Joannem
2793 969 2811 1006 :
2853 953 2933 1008 sic
2965 953 3107 1006 enim
3131 951 3316 1007 scribit
3351 951 3584 1022 Origenes
3609 963 3720 1014 tome

2223 1063 2374 1103 xxxtt
2403 1049 2457 1100 in
2483 1030 2666 1112 30am,
2715 1061 2867 1100 num.
2896 1046 2986 1112 Η,
3025 1059 3187 1114 super
3223 1043 3592 1102 Deuteronomii
3629 1063 3721 1120 cap.

2223 1155 2285 1202 ιι,
2317 1153 2458 1193 vers.
2494 1137 2602 1192 30:
2643 1136 2798 1190 Ἀλλὰ
2822 1135 2890 1190 τὰ
2937 1136 3065 1207 περὶ
3095 1136 3192 1206 μὲν
3227 1137 3432 1199 τούτου,
3455 1137 3725 1210 οἰκειότερον

2227 1233 2284 1283 ὲν
2311 1231 2423 1294 τοῖς
2448 1231 2526 1292 εἰς
2549 1228 2610 1282 τδ
2632 1228 3046 1300 Δευτερονόμιον
3079 1228 3383 1299 ἐξετασθείη
3407 1229 3485 1283 ἄν.
3513 1229 3727 1288 Posterio-

2231 1321 2381 1374 ribus
2409 1330 2587 1374 autem
2635 1319 2983 1374 in'Joannem
3034 1320 3192 1374 tomis
3231 1334 3384 1373 suum
3407 1323 3530 1373 “mox
3561 1330 3727 1390 tempus

2224 1412 2600 1482 prwlittientus.
2623 1412 2690 1466 At
2711 1412 3038 1465 vetustiores
3059 1411 3274 1466 luerunt
3291 1412 3632 1469 enarrationes
3648 1415 3725 1470 illa

2224 1505 2623 1560 Deuteronomii
2659 1503 2902 1557 Homiliis
2930 1503 2984 1556 in
3025 1501 3218 1556 Lucam
3246 1517 3266 1557 :
3301 1503 3368 1556 de
3394 1503 3458 1557 iis
3475 1504 3643 1574 quippe
3669 1508 3729 1562 sic

2222 1597 2478 1666 Origenes
2495 1595 2681 1649 homil.
2708 1594 2741 1648 8
2774 1596 2826 1647 in
2860 1591 3029 1653 Luc,:
3070 1611 3088 1644 ι
3121 1593 3333 1648 Memini
3357 1595 3600 1661 quondam
3622 1596 3728 1651 Deu-

2225 1690 2575 1744 teronomium
2606 1687 2973 1750 disserentem,
2997 1685 3195 1740 dixisse
3225 1699 3329 1745 me,
3353 1705 3372 1737 ι
3390 1696 3511 1747 etc.,
3533 1687 3626 1758 (ll)
3643 1703 3730 1756 qua.

2227 1795 2332 1834 non
2382 1779 2522 1832 aliud
2571 1779 2920 1848 expositionis
2966 1792 3154 1850 genus,
3201 1792 3362 1846 quam
3423 1779 3731 1834 homiletieum

2233 1871 2485 1924 videntur
2515 1870 2779 1923 indicare.

2299 1965 2654 2020 Observatum
2687 1973 2769 2018 est
2795 1961 3023 2018 Eusebio
3046 1961 3472 2018 Commentarios
3511 1963 3558 2018 in
3587 1965 3736 2035 viginti

2229 2059 2468 2128 quinque
2494 2057 2704 2126 priores
2742 2055 2976 2124 psalmos
3002 2055 3344 2110 Alexandriae
3357 2055 3614 2126 degentem
3629 2057 3739 2109 Ada-

2233 2147 2490 2204 mantium
2515 2147 2766 2201 edidisse.
2791 2146 2905 2216 Ipse
2935 2161 3063 2201 vero
3095 2145 3361 2216 Origenes
3398 2155 3532 2202 tomo
3570 2146 3736 2202 tCom-

2232 2251 2460 2297 mentar.
2489 2240 2543 2292 in
2581 2237 2751 2304 Epist.
2780 2241 2847 2291 ad
2894 2237 3044 2293 Rom.
3091 2253 3242 2292 num.
3283 2239 3337 2303 3,
3370 2249 3478 2293 not.
3508 2255 3616 2308 pag.
3639 2243 3738 2305 “il,

2233 2334 2469 2387 futurum
2520 2331 2837 2400 pollicetur,
2894 2339 2954 2384 ut
3015 2330 3283 2398 psalmum
3347 2346 3452 2385 Lvtt
3507 2330 3740 2400 aliquando

2232 2431 2481 2478 enarret:
2507 2429 2562 2477 et
2577 2421 2713 2474 libro
2740 2429 2914 2472 tamen
2937 2429 3131 2488 quarto
3149 2419 3200 2472 in
3224 2420 3470 2474 eamdem
3497 2421 3738 2490 Epistolam

2235 2529 2382 2572 num.
2413 2513 2468 2578 2,
2486 2528 2606 2583 pag.
2640 2513 2767 2577 5‘23,
2787 2513 3021 2582 psalmos
3049 2528 3167 2569 sese
3197 2513 3742 2581 interpretatum'luisse

2235 2605 2469 2660 declarat
2505 2623 2517 2659 :
2549 2607 2642 2659 sed
2669 2606 2754 2659 hic
2787 2605 3016 2659 fortasse
3047 2615 3225 2660 tomos
3251 2605 3531 2673 intelligit;
3553 2605 3647 2659 illic
3666 2606 3743 2658 ho-

2236 2698 2413 2752 milias
2443 2697 2528 2751 vel
2566 2697 2790 2752 scholia.
2821 2697 2892 2749 At
2927 2697 3143 2752 homilia
3173 2697 3238 2751 l5
3261 2700 3316 2750 in
3345 2699 3523 2762 Josue,
3548 2713 3674 2751 num.
3701 2696 3743 2762 6,

2235 2789 2532 2858 explicasse
2581 2803 2640 2842 se
2693 2787 2961 2854 significat
3010 2789 3275 2858 psalmum
3309 2788 3664 2852 centesimum;
3704 2797 3746 2842 et

2237 2881 2453 2936 homilia
2475 2881 2538 2935 l3
2562 2883 2614 2934 in
2657 2880 2896 2945 Levitic.,
2927 2898 3072 2937 num.
3095 2883 3152 2948 2,
3183 2881 3746 2950 meminitexpositionis

2233 2991 2342 3030 sum
2359 2977 2411 3029 itt
2430 2975 2687 3044 psalmum
2704 2990 2888 3030 cxvnt.
2911 2974 3261 3045 Hieronymus
3275 2971 3334 3029 in
3356 2976 3608 3029 Prommio
3621 2975 3745 3029 Com-

2235 3066 2622 3120 mentariorum
2640 3081 2855 3120 suorum
2878 3067 2932 3120 in
2949 3066 3170 3120 Abdiam
3189 3067 3379 3122 scribit
3393 3066 3745 3136 Expositionem

569 3150 743 3222 Epist.
768 3153 836 3206 ad
858 3151 1011 3206 Rom.
1040 3169 1160 3207 cum
1181 3155 1255 3206 ait
1287 3167 1436 3206 num.
1469 3151 1494 3204 i
1524 3168 1537 3204 :
1571 3170 1588 3201 ι
1632 3151 1702 3205 De
1731 3152 1924 3221 quibus
1950 3152 2134 3223 singu-
2160 3181 2201 3235 ο
2233 3158 2481 3229 Origenis
2510 3158 2566 3211 in
2596 3156 2894 3222 Canticum,
2947 3156 3113 3212 fetum
3142 3172 3260 3212 esse
3304 3157 3555 3228 juvenilis
3590 3156 3744 3210 aetatis.

568 3243 633 3301 lis
662 3259 782 3298 cum
813 3244 866 3300 in
895 3244 1088 3300 librum
1114 3243 1335 3298 Levitici
1365 3243 1543 3312 aliqua
1573 3243 1894 3308 diceremus,
1925 3258 2022 3312 pro
2056 3246 2135 3300 vi-

637 3381 684 3414 "
729 3381 922 3441 Baron.
971 3397 1099 3437 ann.
1137 3381 1264 3448 208,
1315 3395 1432 3450 cap.
1471 3381 1524 3437 3.

641 3525 756 3571 stea
801 3531 920 3569 cum
973 3514 1444 3592 Tetraplaederet,
1483 3513 1770 3592 inissailla
1795 3528 1953 3592 quam
1987 3525 2132 3592 tanto

590 3589 753 3641 abore
779 3585 1176 3640 emaculaverat
1210 3585 1495 3653 Hexaplari
1539 3585 1795 3647 editione,
1820 3585 1825 3592 ’
1849 3585 2006 3637 aliam
2044 3587 2129 3638 in-

570 3658 909 3712 emendatam
927 3664 979 3708 et
999 3658 1192 3710 erratis
1215 3655 1423 3723 plenam
1459 3655 1734 3723 posuisse?
1763 3653 1817 3706 Id
1843 3664 1989 3707 certe
2009 3671 2130 3709 cum

573 3736 717 3780 recta
760 3727 966 3779 ratione
993 3735 1273 3794 pugnaret.
1307 3725 1429 3778 Htcc
1469 3735 1645 3777 autem
1673 3724 2135 3794 plurih‘usiprose-

571 3798 678 3848 cuti
712 3809 916 3857 sumus,
952 3793 1087 3862 quia
1111 3794 1371 3847 Henricus
1422 3794 1660 3847 Valesius
1702 3794 1872 3847 locum
1917 3793 2130 3847 Eusebii

608 3880 853 3933 erperam
896 3867 1294 3932 interpretatus,
1323 3865 1494 3917 doctis
1524 3865 1728 3933 aliquot
1783 3865 1909 3918 viris
1953 3863 2131 3918 fucum

594 3945 791 3988 'eeerat.
828 3951 846 3982 ι

643 4004 759 4068 (Η)
808 4001 1084 4068 Scripsisse
1123 4002 1392 4070 Origenem
1419 4001 1844 4056 Commentarios
1884 4001 2134 4057 inGene-

570 4076 696 4140 sint,
729 4081 1004 4140 antequam
1048 4073 1204 4125 libros
1248 4072 1387 4139 Περὶ
1411 4071 1607 4139 ἀρχῶν
1633 4083 1978 4139 componeret,
2005 4085 2051 4125 et
2073 4090 2137 4126 ea:

573 4144 803 4197 Eusebio
859 4142 1190 4210 intelligitur,
1247 4153 1294 4194 et
1350 4151 1512 4194 multo
1579 4143 1742 4207 magis
1801 4159 1866 4194 ex
1915 4140 2137 4209 Origene

573 4217 705 4277 ipso,
736 4223 839 4266 etc.
869 4211 922 4264 Id
961 4213 1173 4279 quidem
1198 4211 1519 4282 exEusebio
1545 4213 1763 4264 minime
1797 4213 2132 4282 intelligitur.

579 4284 688 4344 Hoc.
719 4285 857 4334 enim
887 4283 1144 4336 duntaxat
1166 4284 1241 4333 ait
1271 4281 1552 4339 Eusebius.
1580 4291 1702 4333 Octo
1736 4282 1941 4348 priores
1963 4294 2136 4336 tomos

574 4357 628 4407 iu
683 4351 920 4404 Cenesim
960 4350 1296 4410 Alexandriae
1333 4353 1493 4404 luisse
1529 4352 1852 4413 elaboralos,
1882 4354 2138 4418 quemad-

2241 3247 2626 3318 Hieronymum
2676 3257 2894 3304 secutus
2940 3246 3204 3304 Baronius
3231 3248 3274 3279 "
3311 3249 3511 3304 factum
3539 3247 3588 3303 id
3632 3255 3750 3316 putat

2245 3534 2296 3574 tv
2329 3533 2393 3573 ac
2421 3533 2472 3571 vr
2513 3525 2694 3570 contra
2761 3513 2924 3576 ϐείω,
2960 3527 3110 3567 ιιιιιιι.
3137 3512 3227 3575 37,
3259 3527 3382 3582 pag.
3414 3511 3535 3582 530,
3562 3519 3610 3564 et
3634 3524 3748 3582 num.

2235 3589 2328 3648 b9.
2355 3606 2407 3653 p.
2439 3586 2559 3644 670.
2590 3585 2793 3640 Laudat
2818 3596 2872 3639 et
2907 3583 3178 3637 homiliam
3209 3580 3276 3637 l3
3312 3580 3369 3635 in
3403 3580 3643 3642 Genesim,
3675 3580 3751 3633 ho-

2241 3661 2384 3712 milia
2417 3661 2482 3711 12
2520 3661 2573 3710 in
2610 3654 2889 3714 Numeros,
2922 3670 3068 3708 ιιιιιιι.
3099 3655 3150 3718 1,
3176 3669 3226 3720 p.
3249 3653 3374 3708 512.

2313 3728 2420 3797 (l2)
2446 3727 2508 3780 Et
2525 3725 2779 3797 quomodo
2796 3725 3052 3797 differant
3063 3739 3219 3797 opera
3237 3725 3300 3774 ab
3329 3722 3564 3797 operibus
3579 3733 3752 3797 apertus

2238 3801 2294 3850 in
2318 3791 2676 3851 Numerorum
2709 3791 2994 3856 libro,'etc.
3037 3791 3288 3861 ld'genus
3317 3791 3659 3846 distinctionis
3686 3804 3754 3842 ex-

2238 3876 2344 3934 stat
2375 3866 2586 3920 homilia
2617 3865 2801 3933 quinta
2833 3867 2890 3917 in
2926 3862 3186 3915 Numeros
3219 3875 3238 3913 :
3286 3863 3381 3916 sed
3415 3862 3530 3934 quis
3547 3872 3754 3934 asserere

2237 3930 2398 4006 queat
2430 3937 2600 4006 utrius
2621 3930 2795 4002 operis
2832 3935 3052 4006 parssit
3082 3934 3194 3986 haec
3219 3932 3511 4006 περικοπή,
3546 3930 3752 4006 homilia:

2242 3997 2357 4061 cum
2405 4021 2471 4058 an
2523 3997 2891 4058 scholioruui?
2936 4001 3230 4068 Utrumque
3281 3997 3426 4054 énim
3468 3997 3594 4069 opus
3614 3997 3752 4069 _t_§lltllll

2238 4075 2547 4145 permiscuit
2583 4073 2824 4128 Rufinus.
2862 4072 2917 4126 Si
2957 4067 3311 4133 homiliarum,
3353 4071 3482 4125 falsa
3504 4067 3591 4125 Vest
3612 4067 3752 4119 Huetii

2237 4146 2522 4206 sententia,
2566 4145 2680 4197 illas
2712 4158 2900 4198 omnes
2927 4156 3045 4195 esse
3097 4155 3160 4194 ex
3192 4155 3378 4194 earum
3426 4153 3630 4194 numero
3650 4151 3754 4204 quas

2237 4215 2587 4270 Adamantius
2632 4223 2749 4282 post
2794 4213 2968 4282 sciatis
3000 4225 3110 4282 sua:
3157 4227 3356 4262 annum
3411 4207 3754 4282 sexagesimum

2236 4302 2300 4338 ex
2336 4299 2572 4354 tempore
2599 4279 2962 4354 pronuntiavit
2986 4298 2999 4331 :
3039 4281 3082 4354 si
3111 4282 3461 4354 scholiorum,
3490 4280 3609 4332 nihil
3632 4279 3757 4345 equi-

2237 4357 2355 4408 dem
2376 4351 2487 4424 jam
2517 4354 2716 4407 vetabit
2744 4353 3028 4419 quominus
3058 4351 3363 4424 ltomiliteiu
3399 4351 3642 4424 Numeros
3659 4362 3755 4415 pro-

577 4425 791 4494 nmdum
847 4422 902 4474 in
963 4422 1098 4494 libro
1151 4436 1293 4494 nouo
1334 4421 1454 4494 ipse
1493 4422 1828 4494 signiﬁcabat
1858 4419 2134 4494 Origenes.
2170 4429 2213 4483 D
2242 4419 2496 4478 nuntiatae
2518 4424 2890 4494 existimentur
2921 4433 3200 4494 postquam
3221 4419 3652 4494 Origenesaatatis
3670 4429 3758 4494 suae

575 4491 743 4544 Porro
797 4505 915 4542 cum
975 4491 1312 4544 Alexandria:
1358 4491 1544 4543 itidem
1601 4492 1763 4545 libros
1834 4491 1975 4558 Περὶ
2033 4492 2135 4559 ἀρ-

577 4560 700 4630 χῶν
724 4562 1033 4630 composuit
1060 4562 1417 4614 Adamantius
1448 4571 1646 4625 noster,
1680 4572 1976 4630 utrumque
2001 4576 2136 4630 opus

578 4629 736 4683 simul
782 4633 952 4700 potuit
1005 4631 1308 4684 lucubrare.
1340 4630 1541 4684 Deinde
1566 4647 1628 4684 ex
1659 4629 1901 4700 Origene
1935 4629 2050 4700 ipso
2086 4633 2137 4685 id

575 4716 740 4752 unum
770 4699 886 4751 erui
927 4707 1098 4766 potest
1135 4711 1242 4753 tres
1270 4703 1349 4762 vel
1383 4714 1613 4767 quatuor
1639 4699 1901 4754 duntaxat
1932 4699 1983 4754 in
2039 4700 2139 4754 Ge-

583 4771 751 4844 ue_sint
774 4767 1278 4844 confecisse__totnos
1319 4785 1600 4844 antequam
1646 4773 1806 4824 libros
1851 4771 1989 4840 Περὶ
2039 4773 2141 4840 dp-

579 4838 704 4908 χῶν
741 4839 1035 4892 inchoaret.
1062 4839 1207 4908 iNam
1264 4841 1373 4892 loca
1419 4838 1690 4895 Geucseos
1729 4857 1847 4908 quae
1911 4838 2040 4895 citat
2076 4838 2138 4895 ιιι

603 4907 729 4975 ibris
762 4909 896 4975 Περὶ
927 4907 1126 4980 ἀρχῶν
1154 4921 1400 4980 tauquam
1425 4911 1533 4978 jam
1563 4930 1588 4962 a
1623 4926 1680 4963 se
1697 4907 1840 4976 prius
1873 4913 2136 4980 exposita,

580 4982 692 5033 haec
723 4992 846 5032 sunt
878 4999 890 5031 :
927 4979 991 5030 lu
1035 4980 1285 5046 principio
1323 4979 1460 5031 Deus
1483 4981 1601 5048 [erit
1629 4983 1807 5034 ca'lunt
1836 4993 1880 5033 et
1913 4979 2138 5046 terram;

577 5059 634 5108 et
657 5051 755 5102 ista
786 5067 798 5100 :
834 5048 1068 5114 Spiritus
1105 5048 1195 5105 Dei
1221 5048 1484 5120 ferebatur
1505 5067 1662 5118 super
1681 5067 1844 5117 aquas
1862 5050 2068 5120 (Cenes.
2095 5068 2134 5113 ι,

581 5125 634 5181 1,
667 5121 742 5186 ‘2).
779 5134 896 5185 qum
929 5136 1007 5172 cet
1025 5129 1074 5172 te
1101 5122 1164 5170 ad
1195 5117 1423 5185 priorem
1463 5129 1662 5171 tomum
1699 5117 1883 5174 referri
1924 5123 2136 5187 debent,

581 5189 844 5256 siquidem
872 5191 1140 5241 tertiusde
1165 5203 1326 5254 opere
1358 5202 1562 5255 quartae
1599 5190 1701 5241 diei
1729 5191 1936 5257 agebat,
1969 5201 2026 5243 ut
2061 5193 2140 5243 in-

580 5260 718 5312 victe
741 5261 968 5327 probant
993 5260 1230 5324 ejusdem
1269 5268 1392 5309 tomt
1420 5257 1716 5327 fragmenta
1737 5276 1763 5310 a
1795 5262 1944 5314 nobis
1973 5261 2136 5314 edita.

579 5331 650 5390 At
695 5343 821 5381 vero
861 5329 923 5380 de
954 5344 1115 5400 opere
1145 5337 1308 5400 sexta:
1347 5329 1472 5400 diei,
1506 5334 1645 5394 quod
1679 5330 1742 5381 ad
1782 5335 2027 5396 quintum
2059 5331 2137 5386 vel

582 5408 792 5460 sextum
825 5398 1024 5470 tomum
1064 5398 1273 5470 referri
1323 5399 1500 5460 debet,
1535 5401 1922 5470 uoudumieum
1965 5404 2140 5470 egisse

581 5479 876 5540 constatex
913 5467 1028 5521 loco
1060 5469 1150 5522 lib.
1191 5485 1209 5520 ι
1244 5469 1316 5520 De
1349 5471 1600 5540 princip.,
1633 5469 1821 5540 cap.2,
1853 5467 2022 5534 queui
2054 5472 2138 5523 hic

581 5539 799 5592 adducit
824 5537 1068 5601 Huelius,
1101 5554 1366 5605 quetnque
1394 5539 1647 5591 ltzesitans
1681 5537 1948 5591 iiutnenito
1974 5542 2141 5606 suspi-

587 5619 743 5660 catur
779 5623 808 5660 a
848 5609 1082 5661 libi-ariis
1110 5611 1189 5659 vel
1216 5610 1282 5658 ab
1319 5610 1609 5676 interprete
1641 5608 1905 5672 Vitiatutn,
1939 5611 2026 5660 vel
2049 5619 2141 5662 tle-

584 5679 744 5744 :tique
770 5679 1072 5744 signiﬁcare
1097 5679 1196 5729 alia
1221 5681 1460 5745 quasdam
1485 5681 1533 5731 in
1553 5677 1798 5730 Geuesim
1827 5679 2138 5730 meditatum

584 5748 750 5813 fuisse
788 5746 1531 5813 Origertetn.Commentarios
1552 5763 1680 5800 suos
1710 5748 1763 5798 in
1797 5745 2033 5800 Cenesim
2060 5749 2138 5800 ci-

586 5825 663 5871 tat
702 5812 959 5890 Origenes
991 5817 1171 5878 Tract.
1208 5815 1275 5868 55
1304 5817 1356 5868 in
1394 5815 1579 5879 Mattlt.
1634 5833 1753 5897 pag.
1787 5817 1908 5881 92$,
1942 5827 1993 5871 ct
2047 5819 2134 5872 lib.

2242 4512 2436 4549 annum
2470 4493 2857 4561 sexagesimum
2895 4486 3071 4561 attigit
3098 4509 3112 4546 ι
3140 4492 3233 4561 sed
3264 4486 3448 4561 id'uou
3483 4499 3617 4561 certo
3644 4486 3756 4561 erui-

2240 4574 2346 4628 tur,
2387 4575 2443 4617 ut
2465 4554 2780 4631 infra'putat
2816 4554 3056 4625 “uetitis,
3093 4576 3159 4615 ex
3205 4559 3516 4631 duodecima
3548 4554 3755 4631 indere-

2239 4627 2396 4688 miunt
2432 4627 2668 4689 homilia.
2699 4632 2775 4693 lbi
2807 4633 3001 4700 quippe
3035 4630 3402 4684 tantummodo
3439 4630 3512 4682 ait
3537 4627 3759 4700 Origenes

2242 4720 2300 4759 se
2334 4705 2419 4759 ttbi
2471 4707 2626 4756 linem
2678 4695 3146 4764 dicerndil'écisset,
3175 4701 3349 4753 adhuc
3396 4700 3670 4766 locuturum
3707 4695 3759 4745 de

2241 4775 2593 4827 Numerorum
2627 4773 2743 4826 loco
2769 4772 2858 4841 qui
2888 4772 3142 4841 legendus
3166 4780 3284 4825 erat
3323 4785 3339 4841 ι
3365 4772 3504 4841 quod
3535 4781 3648 4841 sane
3675 4781 3756 4841 non

2241 4845 2460 4911 impedit
2490 4832 3116 4912 quominus'aliasvlonge
3142 4851 3300 4896 antea
3329 4832 3570 4894 homilias
3595 4838 3641 4888 in
3665 4832 3759 4886 Nu-

2241 4931 2409 4986 meros
2437 4914 2636 4986 habere
2671 4915 2922 4986 maluerit.
2981 4980 3002 4986 _
3095 4981 3106 4986 _
3138 4980 3150 4986 Α
3329 4979 3340 4986 ⁸
3436 4980 3445 4986 _
3700 4972 3730 4986 η

2311 4985 2422 5053 (1⁸5)
2482 4973 2848 5053 Expositiones
2895 4983 2954 5053 in
2981 4980 3280 5053 Leviticum
3321 4979 3529 5053 laudat,
3570 4973 3755 5053 e_tc._l-1§

2241 5042 2482 5122 ips‘ismet
2510 5042 2872 5106 in'Leviticum
2917 5051 3158 5108 Homiliis
3186 5053 3375 5121 prima,
3415 5049 3479 5122 3,
3499 5042 3626 5122 5L6,
3651 5046 3694 5108 7,
3732 5042 3757 5096 9

2239 5118 2292 5178 et
2325 5124 2410 5184 l3.
2441 5124 2604 5192 liquet
2635 5123 2688 5176 1ο
2717 5138 2810 5175 cas
2837 5139 2956 5176 esse
2983 5118 3406 5191 extemporales;
3453 5119 3510 5172 2ο
3539 5118 3756 5192 Caesarea

2241 5196 2292 5248 in
2324 5183 2607 5248 Palatsiina
2633 5193 2796 5244 fuisse
2825 5192 3033 5246 habitas
3061 5209 3075 5256 ;
3111 5183 3178 5245 δυ’
3207 5194 3251 5245 si
3301 5207 3400 5246 non
3446 5204 3640 5250 oumes,
3671 5183 3754 5256 sal-

2240 5274 2344 5318 tem
2395 5279 2592 5318 nouam
2651 5262 2864 5315 hotnilia
2899 5255 3130 5329 quadam
3170 5279 3226 5316 tn
3271 5261 3563 5321 Jeremiam,
3601 5268 3647 5311 et
3685 5255 3755 5307 de-

2238 5338 2429 5388 cimam
2457 5334 2667 5387 tertiam
2685 5332 3031 5401 Expositione
3062 5334 3114 5385 in
3150 5331 3408 5401 psalmqu
3430 5345 3585 5385 cxvm
3611 5336 3754 5395 poste-

2241 5419 2410 5458 nores
2428 5417 2568 5457 esse.

2310 5473 2420 5544 (Ut)
2460 5472 2609 5544 Quae
2666 5471 3399 5544 uiltil_aliudexpositionis
3421 5485 3594 5544 genus,
3630 5473 3748 5544 quasi

2237 5537 2607 5605 homileticum,
2636 5555 2741 5598 etc.
2796 5542 2932 5596 Hinc
2968 5537 3320 5595 nihil'mirum
3359 5541 3399 5594 si
3424 5537 3521 5590 lib.
3557 5553 3599 5589 vr
3625 5537 3748 5605 (ὶὸιιιτ

2240 5595 2409 5665 luent.
2449 5615 2504 5665 in
2767 5595 2834 5665 ad
2861 5595 3012 5667 Rom.
3049 5627 3196 5666 num.
3227 5612 3280 5676 7,
3313 5627 3364 5678 p.
3401 5610 3521 5672 579,
3546 5595 3746 5681 ait_qtt0tl

2240 5683 2436 5752 legitur
2492 5675 2882 5737 Deuteronomii
2943 5697 3065 5740 xxv,
3101 5681 3154 5743 5,
3212 5675 3272 5736 id
3297 5675 3494 5750 plenius
3531 5687 3582 5735 et
3617 5675 3748 5728 ιυειυι

2241 5758 2351 5809 suis
2381 5752 2511 5808 locis
2547 5770 2663 5808 esse
2681 5756 3140 5828 pertractandum.
