4068 6312
309 361 440 419 l269

1319 349 1888 411 ORIGENIANORUM
1932 349 2057 404 LIB.
2095 348 2180 413 Ill,
2219 347 2368 402 CAP.
2407 346 2494 400 IV.

3402 340 3417 392 |
3429 340 3532 391 “370

308 497 447 535 anno
478 480 677 537 Christi
721 483 849 547 208,
882 496 987 551 quo
1013 488 1251 547 tempore
1305 476 1620 530 vicesimum
1653 474 1864 527 tertimu
1898 478 1938 532 Α
1969 473 2196 542 primum
2246 482 2482 537 tempore
2524 468 2750 524 describi
2794 481 2979 538 passus
3018 478 3120 522 est.
3165 470 3239 524 De
3277 472 3525 526 lucubra-

307 572 478 627 aetatis
512 587 708 625 annum
739 574 931 641 agebat
960 568 1330 623 Adamantius.
1359 565 1566 635 Pugnat
1598 557 1723 616 illud
1748 578 1867 616 cum

309 657 608 711 rationibus
656 658 870 713 Eusebii
927 658 993 721 ⁷⁸,
1036 656 1124 724 qui
1188 664 1298 708 tum
1357 670 1477 707 eum
1536 653 1869 720 Scripturam

309 747 578 803 illustrare
611 763 860 802 exorsum
918 746 1096 808 tradit,
1152 759 1274 799 cum
1306 743 1591 797 Antiochia
1643 741 1873 794 Alexan-

309 840 482 893 driam
515 855 762 894 reversus
785 848 890 903 est,
919 836 1206 906 unumjam
1235 846 1288 891 et
1322 836 1542 905 triginta
1579 850 1747 888 annos
1768 833 1873 886 cir-

310 932 447 985 citer
478 942 651 987 natus.
685 933 823 987 Idem
869 932 973 985 alio
1014 931 1130 985 loco
1160 931 1343 983 decem
1376 927 1492 980 illos
1522 925 1872 980 Commenta-

322 1025 528 1077 riorum
570 1025 620 1076 in
651 1022 919 1076 Canticum
951 1023 1116 1077 libros
1146 1021 1403 1075 Cmsareze
1437 1017 1730 1071 absolvisse
1755 1013 1876 1070 Ori-

310 1129 498 1183 gcuem
528 1115 714 1178 refert,
750 1128 886 1181 quos
913 1115 964 1167 in
989 1113 1159 1166 altero
1187 1110 1502 1163 Atheniensi
1538 1122 1749 1163 secessu
1790 1106 1874 1157 in-

309 1208 619 1260 choaverat.
654 1206 735 1261 Ad
788 1204 1083 1261 secundum
1117 1211 1297 1255 autem
1323 1201 1432 1271 jam
1467 1209 1523 1254 et
1549 1200 1876 1268 quinquage-

310 1301 507 1354 simuru
543 1299 717 1353 artatis
742 1314 938 1353 annum
979 1302 1314 1366 pervenerat,
1347 1308 1469 1348 cum
1498 1293 1739 1346 Athenas
1778 1293 1875 1345 ite—

311 1404 424 1443 rum
453 1389 687 1457 repetiit.
711 1386 1085 1456 Expositiones
1112 1383 1583 1453 prtetereasuasin
1611 1380 1873 1444 Exedunt,

306 1483 359 1536 in
392 1481 674 1536 Leviticum
708 1490 762 1535 et
813 1479 867 1531 in
897 1478 1162 1531 Numeros
1208 1476 1310 1530 hoc
1348 1489 1511 1542 opere
1549 1474 1727 1526 laudat
1757 1473 1876 1527 Ori-

309 1587 493 1642 genes,
530 1586 662 1640 quas
694 1570 900 1623 nonnisi
923 1567 1031 1636 jam
1056 1576 1178 1620 natu
1201 1566 1458 1635 grandem
1479 1565 1728 1619 emisisse
1755 1578 1875 1617 cre-

306 1663 470 1718 dibile
491 1672 575 1717 est
607 1681 620 1715 :
648 1661 830 1715 laudat
856 1668 908 1715 et
940 1657 1300 1714 oratiunculas
1334 1657 1389 1709 in
1412 1657 1600 1709 librum
1623 1654 1874 1709 Indicant

308 1769 339 1807 a
374 1768 432 1808 se
463 1753 655 1815 editas,
708 1766 842 1820 quas
886 1766 991 1805 non
1042 1751 1176 1805 alias
1210 1763 1329 1804 esse
1372 1755 1523 1817 puto,
1556 1762 1716 1816 quam
1757 1761 1875 1814 quae

309 1852 543 1897 exstant.
584 1817 870 1909 Num-ergo
906 1841 1044 1896 levia
1078 1840 1322 1909 quaedam
1350 1848 1406 1894 et
1436 1839 1590 1892 rudia
1617 1839 1725 1907 jam
1760 1849 1871 1892 tum
1907 1817 1947 1872 Β

310 1933 620 1987 adolescens
650 1932 910 1987 effuderat
940 1930 1325 1994 Adamantius;
1362 1930 1667 2000 provectior
1700 1938 1872 1982 autem

310 2032 469 2079 aetate
496 2038 631 2077 nova
671 2022 757 2076 illa
794 2023 1183 2077 commentaria
1210 2022 1369 2076 tomis
1407 2022 1589 2075 decem
1620 2021 1874 2073 distincta

310 2115 694 2171 edidit?Plane
714 2115 781 2168 ita
809 2126 924 2168 est:
961 2128 1081 2167 nam
1112 2113 1286 2182 capite
1310 2113 1538 2182 septimo
1572 2110 1876 2165 Philocalim

310 2208 664 2278 fragmentum
699 2205 1001 2269 adducitur,
1036 2205 1119 2256 cui
1152 2205 1309 2259 verba
1330 2203 1441 2256 lucc
1468 2203 1681 2271 pradixa
1724 2212 1872 2255 sunt:

321 2298 523 2352 Ἐκτοῦ
551 2299 636 2362 εἰς
663 2298 726 2349 τὸ
753 2292 953 2366 ᾊσμα
986 2295 1179 2368 μικροῦ
1209 2296 1395 2366 τόμου,
1419 2296 1476 2347 ὃν
1503 2298 1558 2349 ἐν
1578 2298 1642 2367 τῇ
1675 2295 1877 2367 νεότητι

309 2391 564 2462 ἔγραψεν.
598 2409 616 2442 ι
648 2391 688 2443 Ε
727 2406 888 2458 parvo
918 2399 1061 2444 tomo
1087 2390 1141 2441 in
1170 2388 1462 2453 Canticum,
1485 2404 1640 2458 quem
1668 2388 1877 2457 juvenis

312 2483 550 2550 scripsit.
583 2501 601 2532 ι
637 2480 864 2548 Parvum
897 2481 1042 2536 hunc
1070 2481 1233 2550 igitur
1278 2488 1499 2543 tomum,
1531 2494 1688 2548 quem
1715 2480 1765 2531 in
1792 2477 1879 2547 ju-

310 2572 469 2626 venili
525 2581 681 2627 aetate
738 2571 1014 2632 emiserat.
1096 2571 1343 2639 designat
1403 2570 1761 2639 Hieronymus
1824 2568 1874 2621 in

308 2662 575 2717 Protendo
602 2662 1121 2717 Commentariorum
1150 2662 1201 2713 in
1218 2661 1473 2713 Abdiam:
1496 2661 1678 2714 decem
1700 2669 1875 2712 autem

306 2754 575 2807 volumina
614 2764 738 2806 natu
784 2754 1042 2822 grandior
1070 2753 1330 2807 elimavit.
1358 2752 1412 2805 1d
1438 2753 1483 2807 si
1516 2753 1606 2820 sit,
1632 2752 1744 2821 jam
1796 2752 1877 2805 in-

312 2843 574 2913 telligitur
624 2845 914 2899 Eusebium
942 2844 1124 2913 priora
1153 2844 1242 2896 illa
1276 2844 1578 2898 rudimenta
1612 2844 1755 2897 nullo
1783 2844 1877 2896 ha-

309 2937 492 2992 buisse
515 2951 760 3001 numero,
794 2949 1091 3003 earumque
1121 2938 1380 2989 duntaxat
1410 2935 1875 3003 scriptionumdu-

310 3027 454 3082 xisse
517 3028 800 3090 rationem,
864 3040 997 3095 quas
1044 3025 1258 3093 ingenio
1315 3033 1369 3079 et
1416 3026 1571 3079 annis
1617 3025 1878 3079 maturior

308 3117 572 3188 Origenes
607 3116 896 3171 acc-aravit.
952 3115 1006 3167 In
1056 3115 1274 3167 ltomilia
1306 3114 1474 3183 ipsius
1502 3114 1781 3169 undecima
1822 3117 1876 3167 in

310 3209 660 3273 Ezechielem,
697 3223 841 3261 num.
876 3208 930 3270 5,
975 3209 1088 3261 huic
1119 3207 1305 3275 legas:
1349 3226 1366 3257 ι
1402 3206 1476 3260 Eo
1514 3216 1751 3273 tempore
1772 3222 1876 3275 quo

306 3300 600 3356 Jeremiam
656 3298 1021 3367 exposuimus,
1070 3313 1130 3352 ea
1198 3312 1317 3365 quae
1368 3296 1523 3349 nobis
1572 3296 1740 3364 gratia
1790 3296 1879 3347 Dei

306 3390 589 3446 orantibus
642 3389 797 3443 vobis
854 3387 1044 3459 largita
1105 3397 1211 3451 est,
1269 3388 1382 3441 sive
1429 3394 1576 3457 certe
1614 3397 1882 3452 utcunque

310 3485 604 3544 sensimus,
639 3494 909 3548 exponere
942 3479 1118 3534 conati
1149 3493 1354 3533 sumus.
1394 3495 1413 3528 ι
1446 3478 1584 3531 Ante
1613 3477 1771 3546 igitur
1793 3475 1884 3530 Je-

311 3577 535 3631 remiam
576 3575 955 3641 interpretatus
1013 3581 1117 3634 est,
1154 3586 1312 3638 quam
1364 3569 1612 3623 homilias
1664 3569 1782 3621 illas
1828 3569 1883 3622 in

309 3666 638 3722 Ezechielem
686 3662 979 3719 habuisset.
1029 3661 1138 3732 (l5)
1173 3660 1407 3715 Necdum
1431 3662 1590 3715 etiam
1623 3659 1881 3713 Numero-

313 3776 433 3814 rum
470 3759 881 3827 explicationem
906 3755 1083 3810 fuerat
1109 3769 1409 3825 aggressus,
1442 3768 1560 3807 cum
1594 3750 1881 3805 Jeremiam

308 3851 549 3908 homiliis
597 3850 907 3911 illustraret.
974 3858 1031 3901 ut
1057 3860 1122 3900 ex
1171 3846 1481 3899 duodecima
1543 3842 1881 3897 manifestum

307 3951 414 3997 est.
447 3939 502 3993 lu
546 3938 717 4010 prima
754 3953 881 3993 vero
911 3952 1016 3992 non
1051 3936 1215 3989 multo
1240 3945 1365 3989 ante
1396 3948 1455 3989 se
1483 3947 1770 3987 enarrasse
1796 3947 1878 3988 os-

311 4034 483 4088 tendit
505 4030 823 4087 sententiam
862 4029 1002 4083 hanc
1020 4026 1368 4096 Sospitatoris
1402 4040 1416 4078 :
1447 4046 1465 4078 ι
1511 4024 1625 4079 Non
1648 4035 1728 4079 est
1755 4025 1886 4081 Pro-

310 4126 473 4197 pheta
498 4124 614 4179 sine
653 4124 875 4184 honore.
902 4114 1032 4175 'nisi
1092 4120 1143 4173 in
1187 4119 1360 4188 patria
1388 4134 1517 4186 sua;
1554 4138 1571 4169 ›
1606 4134 1725 4187 qua:
1760 4134 1881 4173 cum

318 4218 585 4273 habeatur
629 4213 817 4269 Matth.
869 4227 989 4274 xnr,
1037 4210 1126 4276 57,
1175 4211 1489 4279 prolixaque
1535 4209 1679 4264 illius
1705 4218 1884 4263 exstet

314 4306 685 4375 interpretatio
707 4306 758 4360 in
791 4315 933 4360 toruo
963 4320 1029 4375 x,
1059 4317 1205 4356 num.
1236 4299 1302 4355 16
1320 4309 1376 4353 et
1406 4300 1471 4356 l8
1516 4300 1881 4355 Commentar.

321 4399 377 4452 in
401 4374 592 4451 Matth.
636 4397 702 4450 ad
737 4410 796 4450 ea
822 4394 1006 4464 procul
1023 4374 1209 4445 'dubio‘
1233 4389 1492 4460 Origenes
1517 4390 1748 4453 respexit
1778 4409 1791 4446 :
1818 4406 1885 4445 ex

1973 567 2206 620 tionibus
2242 565 2296 617 t'n
2330 562 2654 616 Ezechielem
2687 562 2760 613 ita
2815 559 3000 612 scribit
3046 559 3233 615 Sixtus‘
3278 563 3531 620 Senensis

1972 656 2064 711 lib.
2094 672 2146 710 tv
2176 653 2422 708 Biblioth.
2455 669 2471 706 :
2505 671 2524 703 ι
2554 652 2687 705 Cum
2720 649 2942 703 Athenis
2976 648 3210 717 degeret,
3242 649 3348 717 jam
3378 668 3531 707 scxa-

1972 749 2189 818 genario
2220 744 2387 814 major
2417 744 2730 807 elaboravit,
2776 742 3001 796 Eusebio
3033 752 3183 805 teste,
3209 744 3263 796 in
3284 742 3525 799 Ezechie-

1973 842 2073 895 lem
2119 852 2291 893 tomos
2331 837 2515 907 viginti
2565 836 2822 906 quinque,
2853 850 2973 889 cum
3006 837 3151 904 prius
3184 837 3235 890 in
3284 841 3528 893 eumdem

1974 935 2288 1004 prophetam
2330 931 2576 986 homilias
2620 929 2876 998 plurimas
2897 931 3148 985 dedisset.
3175 951 3193 982 ι
3238 930 3325 985 Bis
3348 945 3534 1001 peccat

1975 1024 2182 1088 Sixtus,
2230 1037 2353 1077 nam
2432 1035 2629 1074 annum
2679 1021 3180 1089 quinquagesimum
3242 1024 3532 1077 secundum

1977 1116 2207 1170 nondum
2265 1122 2587 1177 excesserat,
2641 1127 2761 1165 cum
2810 1113 3039 1167 alterum
3083 1114 3410 1170 Atheniense
3437 1119 3536 1171 iter

1975 1208 2231 1275 suscepit,
2284 1220 2342 1258 ut
2398 1203 2915 1270 demonstravimus;
2963 1220 3067 1273 quo
3102 1205 3295 1260 itinere
3332 1218 3536 1277 coeptos

1974 1304 2028 1355 in
2054 1299 2374 1355 Ezechielem
2402 1308 2571 1354 tomos
2597 1298 2822 1352 absolvit
2854 1314 2867 1349 :
2908 1299 3151 1353 homilias
3175 1309 3348 1354 autem
3377 1318 3537 1356 sexa—

1976 1394 2195 1465 genario
2227 1392 2400 1461 major
2432 1391 2638 1449 habuit,
2664 1399 2721 1442 ut
2752 1399 2875 1459 pote
2900 1405 3017 1457 qua:
3052 1405 3115 1443 ex
3136 1392 3342 1446 illarum
3365 1394 3538 1449 classe

1975 1485 2103 1547 sint,
2130 1498 2247 1552 quae
2276 1498 2395 1536 cum
2432 1481 2903 1551 pronuntiarentur
2933 1497 2997 1535 ex
3026 1482 3270 1546 amboue,
3307 1498 3336 1535 a
3384 1494 3540 1538 nota-

1976 1576 2071 1631 riis
2098 1576 2155 1629 in
2178 1576 2381 1629 litteras
2405 1574 2789 1630 referebantur.
2820 1574 3114 1643 Scripsisse
3145 1591 3355 1645 quoque
3389 1576 3537 1630 illum

1977 1666 2218 1721 nonnihil
2252 1666 2303 1720 in
2336 1665 2634 1725 Danielem,
2661 1665 2969 1733 priusquam
3004 1667 3374 1733 exponendum
3410 1666 3541 1718 Mat-

1976 1759 2169 1812 thaeum
2209 1758 2526 1825 susciperet,
2567 1757 2800 1811 ostendit
2852 1756 2978 1811 illud
3019 1772 3050 1810 e
3087 1757 3323 1811 Tractat.
3355 1758 3423 1812 ‘29
3483 1760 3540 1810 in

1978 1849 2196 1910 Mattlt.,
2227 1848 2481 1912 num.40,
2520 1863 2639 1917 pag.
2662 1846 2797 1901 860:
2824 1867 2841 1898 (
2873 1847 3000 1913 Qua:
3031 1856 3208 1902 autem
3245 1860 3542 1916 sequuntur

1975 1941 2027 1993 in
2071 1948 2217 1993 textu
2258 1937 2513 2005 Dauielis,
2563 1938 2703 1992 sicut
2754 1939 3044 2006 potuimus,
3098 1942 3466 2008 exposuimus.
3518 1960 3536 1991 ι

1974 2028 2098 2098 Agit
2135 2043 2327 2097 nempe
2353 2029 2419 2082 de
2442 2027 2674 2081 Dauielis
2696 2027 2967 2095 capitelx,
3001 2009 3144 2083 vers.
3176 2030 3265 2083 27.
3301 2031 3542 2083 Diximus

1976 2118 2268 2174 Eusebium
2298 2118 2340 2148 ³¹
2377 2117 2685 2181 tradidisse,
2736 2117 2848 2185 jam
2900 2120 3249 2185 sexagenario
3288 2118 3541 2186 majorem

1975 2210 2257 2279 Origeuem
2304 2208 2445 2262 circa
2490 2208 2627 2260 idem
2679 2217 2888 2275 tempus
2924 2209 3137 2261 Celsum
3181 2210 3545 2275 refellisse,ct

1976 2300 2251 2355 duodecim
2283 2300 2570 2367 prophetas
2590 2299 2921 2367 exposuisse.
2951 2299 3109 2355 Ceae
3136 2301 3395 2370 Origenes
3445 2302 3541 2355 lib.

1976 2408 2048 2446 vn
2102 2402 2282 2446 contra
2319 2391 2459 2445 Cels.
2491 2392 2712 2447 affectos
2756 2393 2870 2462 jam
2920 2392 3085 2448 fuisse
3114 2394 3546 2449 Commentarios

1979 2499 2109 2539 suos
2132 2484 2182 2536 in
2212 2484 2495 2537 duodecim
2521 2483 2735 2537 videtur
2762 2484 3090 2552 signiﬁcare,
3130 2496 3185 2540 et
3214 2487 3277 2538 ad
3308 2501 3400 2539 eos
3423 2502 3548 2554 per-

1977 2576 2231 2631 ﬁciendos
2285 2574 2521 2627 divinam
2560 2589 2716 2643 opem
2746 2577 3074 2644 implorare:
3104 2578 3178 2629 ait
3210 2578 3351 2631 enim
3394 2593 3545 2631 num.

1977 2666 2037 2717 H
2077 2663 2263 2734 εΠλὴν
2320 2664 2414 2715 καὶ⁹
2459 2665 2640 2733 ἡμεῖς,
2687 2662 2828 2716 κατὰ
2873 2664 2934 2716 τὸ
2970 2664 3192 2716 δυνατὸν
3236 2667 3389 2734 ἡμῖν,
3450 2682 3547 2717 πε-

1975 2749 2302 2818 ποιήκαμεν,
2356 2747 2445 2810 τὰ,
2506 2746 2581 2810 ὥς
2616 2764 2747 2817 φησι
2783 2748 3009 2811 Κέλσος,
3063 2749 3388 2820 πάροιστρα,
3452 2752 3546 2803 καὶ

1977 2837 2152 2908 πάντη
2208 2836 2379 2908 ἄδηλα
2431 2837 2567 2907 πρὸς
2626 2835 2770 2901 λέξιν
2850 2837 3266 2908 διηγησάμενοι,
3337 2842 3394 2893 ὲν
3434 2843 3547 2905 τοῖς

1977 2929 2473 3000 πραγματευθεῖσιν
2503 2931 2631 3000 ἡμῖν
2662 2932 2740 2992 εἰς
2776 2930 2866 2983 τὸν
2933 2930 3176 2995 Ἡσαΐαν,
3213 2934 3306 2986 καὶ
3346 2935 3424 2996 εἰς
3458 2934 3549 2988 τὸν

1989 3020 2264 3094 Ἰεζεκιὴλ,
2289 3022 2382 3074 καὶ
2407 3023 2485 3085 εἷς
2511 3039 2663 3084 τινας
2699 3023 2808 3077 τῶν
2865 3022 3089 3076 δώδεκα·
3139 3024 3273 3077 Θεοῦ
3304 3026 3361 3079 δὲ
3384 3027 3551 3080 διδόν-

1977 3130 2069 3176 τος
2113 3113 2209 3184 τὴν
2242 3111 2390 3182 ἐντῷ
2420 3104 2561 3184 λόγῳ
2603 3113 2765 3167 αὑτοῦ
2814 3117 3118 3186 προκοπὴν,
3149 3117 3269 3170 καθ’
3295 3118 3387 3181 οὓς
3428 3119 3549 3188 βού-

1979 3204 2127 3258 λεται
2152 3204 2375 3274 χρόνους
2405 3205 2828 3275 προστεθήσεται
2844 3209 2954 3268 τοῖς
2980 3206 3078 3277 ἤδη
3105 3208 3552 3280 ὑπαγορευθεῖσιν

1980 3299 2058 3360 εἰς
2076 3297 2266 3361 ταῦτα,
2293 3298 2411 3367 ἤτοι
2436 3298 2503 3351 τὰ
2542 3298 2814 3364 λείποντα,
2844 3299 2877 3369 ἢ
2909 3300 3008 3352 ὅσα
3054 3302 3105 3367 γ’
3146 3300 3210 3355 ἂν
3255 3304 3550 3375 φθάσωμεν

1983 3388 2294 3457 σαφηνίσαι.

2051 3477 2126 3532 De
2157 3477 2574 3534 Commentariis
2605 3478 2851 3549 Origenis
2890 3479 2942 3533 in
2975 3480 3321 3551 Evangelium
3353 3497 3548 3537 secun-

1982 3570 2107 3624 dum
2158 3570 2361 3624 Lucam
2402 3570 2525 3623 silet
2567 3570 2849 3625 Eusebius.
2891 3571 3011 3641 Ipse
3064 3582 3240 3627 tamen
3292 3573 3551 3644 Origenes

1983 3669 2111 3715 tom.
2154 3676 2265 3724 χιιι,
2295 3661 2351 3714 in
2384 3659 2604 3721 Matth..
2632 3677 2782 3716 num.
2831 3662 2885 3726 9,
2914 3678 3034 3732 pag.
3066 3663 3189 3727 728,
3217 3678 3402 3718 eorum
3436 3680 3550 3718 me-

1982 3752 2158 3816 minit,
2198 3766 2318 3821 quae
2361 3761 2513 3806 antea
2562 3751 2736 3805 fuerat
2768 3752 2820 3806 in
2879 3753 3075 3807 Lucam
3125 3765 3549 3820 commentatus;

1982 3854 2163 3901 utrum
2197 3844 2732 3907 commentariorum,
2766 3860 2833 3897 an
2881 3844 3250 3910 homiliarum,
3279 3847 3550 3901 incertum

1983 3948 2089 3995 est.
2126 3941 2197 3994 At
2222 3948 2368 3994 tomo
2407 3952 2532 4002 xm,
2554 3953 2701 3992 num.
2733 3937 2823 4001 29,
2847 3953 2967 4008 pag.
2994 3938 3119 4001 610,
3140 3939 3384 3994 homilias
3406 3940 3553 4008 ipsas

1984 4030 2303 4087 nominatim
2368 4029 2627 4084 laudavit.
2679 4030 3024 4098 Antiquiores
3080 4032 3279 4085 eazdem
3338 4032 3555 4087 fuerunt

1982 4120 2374 4189 posterioribus
2415 4120 2576 4173 tomis
2606 4120 2661 4172 in
2707 4118 2992 4186 Joannem,
3022 4128 3078 4172 ut
3114 4129 3241 4189 pote
3263 4135 3382 4189 quze
3407 4130 3554 4175 tomo

1983 4226 2157 4275 χχχιι,
2182 4226 2329 4265 ιιιιιιι.
2359 4211 2410 4275 1,
2439 4225 2559 4280 pag.
2579 4209 2703 4274 404,
2735 4209 3083 4279 appellentur.
3116 4210 3302 4266 Fuisse
3340 4227 3466 4266 vero
3487 4213 3555 4265 ab

1985 4302 2217 4373 Origene
2264 4302 2622 4372 conscriptas,
2687 4313 2973 4371 antequam
3024 4303 3233 4357 virilem
3290 4303 3555 4372 attigisset

1987 4403 2227 4461 aetatem,
2280 4394 2519 4449 indicare
2551 4395 2764 4448 videtur
2798 4394 3181 4463 Hieronymus,
3223 4410 3343 4448 cum
3376 4397 3453 4447 ait
3496 4396 3551 4448 in

316 4504 425 4559 quo
447 4488 674 4544 elIicitur
710 4489 793 4543 his
826 4483 1240 4543 Commentariis
1284 4483 1603 4552 posteriores
1638 4499 1759 4538 esse
1790 4484 1884 4538 ho-
1914 4514 1958 4567 ο
1987 4487 2212 4556 Prologo
2246 4486 2709 4555 interpretationis
2737 4502 2885 4540 suae:
2927 4505 2944 4536 ι
2996 4485 3191 4540 Fateor
3216 4486 3415 4554 itaque,
3454 4502 3555 4540 an-

314 4580 490 4636 milias
539 4581 595 4633 in
639 4577 961 4643 Jeremiam;
1010 4590 1107 4629 nec
1138 4573 1301 4628 multo
1332 4583 1508 4628 tamen
1537 4574 1878 4644 posteriores,

315 4687 435 4725 cum
474 4682 596 4741 post
630 4685 825 4725 annum
857 4669 1034 4724 aetatis
1062 4671 1452 4739 sexagesimum
1485 4665 1878 4721 Commentaria

316 4764 404 4818 illa
432 4764 869 4827 concinnaverit;
898 4762 1130 4816 homilite
1156 4772 1333 4815 autem
1358 4761 1459 4815 illa:
1483 4776 1549 4814 ex
1578 4775 1762 4813 earum
1787 4774 1881 4827 ge-

315 4871 447 4912 nere
479 4858 607 4921 sint,
631 4871 765 4925 quas
800 4869 863 4910 ex
889 4863 1126 4925 tempore
1153 4853 1424 4914 recitatas,
1456 4870 1484 4906 a
1508 4853 1731 4907 notariis
1783 4852 1884 4905 hoc

1987 4589 2202 4650 tequam
2255 4579 2344 4634 ille
2394 4578 2637 4647 objiciat,
2684 4579 2736 4632 in
2768 4579 2850 4632 his
2889 4579 3175 4647 Origenem
3210 4578 3552 4641 tractatibus,

1988 4672 2375 4741 quasi,iterum
2409 4670 2529 4725 talis
2569 4670 2753 4724 ludere
2788 4686 2802 4721 :
2831 4669 2936 4722 alia
2980 4679 3105 4724 sunt
3135 4668 3310 4722 virilia
3336 4667 3472 4737 ejus,
3499 4679 3555 4723 et

1988 4763 2284 4818 senectutis
2336 4762 2497 4816 seria.
2543 4780 2562 4813 ι
2620 4759 2954 4815 Posteriores
3006 4761 3152 4827 ipsos
3201 4760 3255 4812 in
3293 4759 3554 4813 Joannem

1991 4864 2165 4909 tomos
2191 4853 2428 4909 secundo
2446 4853 2639 4907 itinere
2655 4851 2966 4906 Atheniensi
2983 4852 3258 4907 absolutos
3278 4852 3549 4908 existimo.

384 5025 430 5056 '°
461 5020 656 5078 Euseb.
681 5019 771 5074 lib.
808 5035 859 5074 vt
886 5019 1048 5082 Hist..
1098 5034 1216 5090 cap.
1242 5019 1333 5076 2⁸5.
1406 5018 1451 5049 ²⁹
1480 5017 1673 5072 Euseb.
1692 5014 1785 5070 lib.
1816 5030 1868 5069 vt
1899 5012 2037 5067 Hist.
2067 5026 2185 5082 cap.
2219 5009 2307 5064 52.
2383 5008 2498 5048 ³οο³¹
2529 5008 2720 5063 Euseb.
2762 5007 2851 5062 lib.
2878 5024 2929 5063 vt
2958 5007 3119 5075 Hist.,
3148 5024 3263 5077 cap.
3298 5008 3386 5065 56.

384 5182 496 5255 (15)
563 5180 801 5236 Necdum
850 5183 1029 5255 etiarn
1070 5180 1425 5255 Numerorum
1462 5180 1876 5255 explicationem

318 5250 486 5312 fuerat
520 5268 818 5322 aggressus,
851 5263 956 5322 etc.
984 5250 1263 5322 Manifeste
1311 5253 1402 5322 hic
1430 5252 1530 5306 sibi
1572 5251 1877 5322 contrarius

315 5334 401 5380 est
422 5319 815 5376 illustrissimus
857 5321 1101 5391 Huctius.
1135 5321 1267 5375 Nam
1297 5319 1578 5391 Origenes,
1614 5329 1671 5373 ut
1720 5321 1879 5388 paulo

316 5410 474 5461 Supra
506 5392 673 5446 refert
702 5392 814 5458 ipse
844 5390 1088 5454 Huetius,
1119 5392 1173 5445 in
1210 5390 1435 5460 Prologo
1456 5391 1883 5461 Commentario-

319 5460 438 5518 rum
473 5465 527 5516 in
572 5462 843 5516 Canticum
881 5462 1221 5525 canticorum.
1246 5476 1382 5530 quos
1431 5462 1483 5514 in
1514 5461 1685 5513 altero
1707 5460 1874 5513 Athe-

320 5534 492 5589 niensi
514 5547 750 5593 secessu,
782 5546 970 5599 nempe
993 5546 1132 5585 anno
1154 5533 1324 5585 aetatis
1354 5547 1463 5584 sua:
1493 5531 1872 5599 quinquagesi-

317 5621 405 5659 tuo
431 5604 662 5658 secundo
696 5602 1059 5661 inchoaverat,
1087 5615 1211 5656 suas
1248 5602 1304 5653 in
1340 5600 1598 5654 Numeros
1630 5600 1874 5668 explica-

322 5676 497 5729 tiones
518 5680 799 5735 memorat,
824 5684 923 5725 nec
949 5671 1126 5725 dicere
1144 5671 1268 5725 licet
1293 5670 1572 5739 Prolognm
1595 5670 1739 5724 hunc
1758 5669 1874 5723 lon—

319 5759 382 5812 ge
410 5752 526 5812 post
555 5742 1006 5812 absolutumopus
1036 5741 1198 5796 fuisse
1225 5741 1610 5812 conscriptum.
1644 5740 1871 5809 Quipote

321 5810 480 5880 igitur
521 5812 608 5867 hic
654 5811 920 5869 concludit
964 5811 1185 5867 Huetius
1235 5812 1459 5867 necdqu
1516 5810 1871 5865 Numerorum

1981 5179 2392 5247 explicationem
2417 5189 2725 5247 aggressum
2749 5175 2913 5227 fuisse
2940 5172 3382 5247 Origenem,_cum
3404 5174 3547 5230 Iere-

1983 5244 2146 5301 miatn
2173 5248 2405 5302 homiliis
2433 5246 2740 5303 illustraret.
2773 5260 2908 5312 quas
2935 5244 3225 5315 (homilias)
3256 5244 3448 5307 Huetio
3470 5247 3550 5315 ju-

1983 5320 2121 5381 dice,
2156 5330 2277 5388 post
2306 5332 2514 5388 annum
2541 5316 2931 5388 sexagesitnmn
2947 5329 3019 5388 ex
3050 5324 3289 5388 tempore
3316 5331 3549 5381 pronun-

1980 5384 2168 5442 tiavitﬁ
2189 5390 2392 5442 Revera
2428 5387 2518 5453 qui
2545 5387 2644 5439 Iern
2682 5385 2899 5439 homilia
2936 5387 2991 5436 in
3034 5384 3318 5437 Jeremt'am
3347 5388 3545 5439 duode-

1982 5461 2120 5513 cima
2143 5460 2406 5527 promittit
2435 5452 2699 5527 Origenes
2720 5470 2798 5517 se,
2830 5454 2916 5527 ubi
2943 5452 3109 5527 finem
3138 5456 3363 5527 dicendi,
3382 5455 3543 5527 fecis-

1983 5538 2087 5592 set,
2115 5523 2179 5583 de
2222 5523 2641 5583 sacerdotalibus
2691 5524 3174 5587 benedictionibus,
3210 5539 3327 5593 qua:
3355 5526 3406 5577 in
3436 5523 3543 5575 Nu-

1983 5600 2149 5652 meris
2175 5597 2736 5662 continentur,adhuc
2766 5593 3105 5658 locuturum;
3147 5596 3240 5647 sed
3273 5594 3401 5645 illud
3438 5611 3540 5648 nou

1982 5669 2203 5736 impedit
2252 5668 2539 5736 quominus
2584 5662 2930 5736 aliaslonge
2968 5674 3133 5736 antea
3175 5665 3422 5717 homilias
3490 5666 3549 5717 in

1986 5732 2242 5793 Numeros
2270 5732 2486 5794 habere
2543 5733 2798 5806 potuerit.
2838 5732 2964 5789 Vide
2998 5732 3251 5789 Monituut
3305 5746 3545 5791 nostrum

1982 5810 2035 5865 in
2063 5808 2341 5867 Numeros.
3288 5836 3294 5845 '
