4068 6312
571 329 699 384 1271

1862 333 1924 388 Ρ.
1968 334 2283 391 DANIELIS
2318 335 2552 393 HUETH

3637 353 3741 406 1271

572 453 708 531 Nam
756 463 875 522 post
926 452 1205 507 Maximini
1238 455 1667 523 persecutionem
1716 457 1954 525 expliciti
1990 469 2135 523 sunt,
2168 466 2213 521 Α
2242 477 2441 515 annum
2469 463 2840 533 pronuntiavit
2867 462 3161 531 Origenes;
3199 462 3421 515 actuarii
3472 478 3533 516 ex
3566 466 3746 525 amboue

569 547 764 614 quippe
797 542 953 618 cujus
987 555 1302 608 tomoxxtt,
1330 546 1664 612 meminerit,
1694 551 2143 615 quemadmodum

571 635 731 690 refert
764 635 1029 691 Eusebius
1077 635 1171 689 lib.
1204 651 1256 689 v1
1292 635 1462 700 Ilist.,
1500 654 1621 707 cap.
1645 638 1739 702 28,
1780 641 2016 694 nondum
2047 656 2143 694 au-

572 737 677 782 tem
719 726 1029 781 Ilatlhzeum
1093 728 1389 797 explanare
1442 729 1622 785 fuerat
1675 747 1923 797 exorsus,
1988 733 2145 787 sicuti

570 830 795 888 apparet
821 835 886 873 ex
919 820 1035 889 ejus
1066 829 1211 874 tomo
1234 837 1347 885 xv1,
1385 822 1440 875 in
1469 822 1686 889 Matth,
1710 841 1857 878 unm.
1895 826 1983 887 l9,
2024 840 2142 894 pag.

570 912 696 976 748,
752 921 806 965 et
840 913 1051 966 decimo
1108 912 1165 967 in
1210 913 1469 967 Joannem
1510 924 1674 979 tumo,
1719 932 1868 971 num.
1899 918 1985 979 18,
2022 934 2142 987 pag.

566 1004 688 1059 192.
721 1002 800 1059 Ne
828 1003 1350 1060 Commentariorum
1394 1008 1609 1075 quidem
1643 1010 1695 1062 in
1742 1008 2028 1075 Epistolam
2077 1011 2147 1063 ad

572 1095 843 1151 Romanos
870 1095 1117 1151 meminit
1146 1097 1406 1152 Eusebius
1434 1116 1445 1151 :
1476 1114 1541 1152 ex
1576 1097 1827 1166 Origenis
1858 1111 2033 1155 tamen
2063 1112 2145 1155 to-

568 1203 657 1243 mo
690 1204 800 1245 xvn
836 1190 890 1243 in
923 1188 1146 1255 Matth.,
1176 1204 1327 1245 num.
1369 1188 1458 1251 32,
1508 1205 1628 1259 pag.
1662 1189 1785 1253 821,
1819 1200 1872 1243 et
1908 1190 1999 1245 lib.
2032 1208 2062 1244 v
2093 1202 2148 1247 et

567 1293 687 1344 vnt,
739 1291 921 1332 contra
972 1278 1135 1346 Cels.,
1175 1295 1321 1333 num.
1352 1278 1442 1341 47,
1484 1295 1603 1348 pag.
1636 1279 1762 1339 6H»,
1792 1290 1846 1335 et
1882 1298 2027 1334 num.
2054 1281 2143 1347 65,

568 1386 691 1442 pag.
729 1371 853 1437 790,
879 1373 1223 1443 intelligimus
1259 1374 1370 1439 jam
1406 1382 1514 1427 tum
1549 1388 1611 1426 ea
1646 1377 2009 1443 composuisse
2027 1375 2149 1430 Oti.-

570 1481 785 1530 genem,
825 1482 945 1519 cum
971 1468 1037 1519 ad
1078 1466 1476 1536 explanandum
1504 1466 1839 1531 Mattlueum,
1870 1476 1923 1521 et
1953 1468 2145 1523 cuntu-

571 1556 790 1610 tandum
842 1557 1055 1611 Celsum
1092 1573 1152 1612 se
1198 1558 1443 1613 contulit.
1484 1556 1705 1611 Discere
1740 1573 1869 1612 vero
1914 1560 2039 1612 licet
2070 1575 2136 1613 ex

572 1648 789 1702 ltomilia
826 1648 891 1701 Π
944 1650 998 1702 in
1047 1647 1268 1714 Lucam,
1304 1647 1413 1717 jam
1446 1657 1571 1702 ante
1608 1650 1779 1717 ipsum
1819 1663 1939 1704 esse
1976 1650 2146 1704 inter-

569 1750 837 1809 pretatum
889 1741 1180 1810 Epistolam
1225 1744 1460 1811 priorem
1517 1743 1583 1795 ad
1614 1741 1948 1809 Corinthios,
1983 1760 2143 1813 quam

570 1834 627 1888 in
670 1834 813 1888 hunc
832 1834 1214 1904 evangelistam
1234 1835 1299 1888 ad
1334 1837 1585 1902 populum
1620 1835 1914 1889 dissereret
1945 1853 1957 1888 :
1991 1811 2145 1890 inle-
2180 1811 2220 1864 Β

572 1923 725 1984 mini,
769 1923 963 1989 inquit,
1017 1940 1140 1977 cum
1170 1923 1559 1993 interpretarer
1606 1924 1732 1977 illud
1762 1927 1903 1994 quod
1941 1927 2007 1979 ad
2042 1924 2147 1979 Co-

574 2017 803 2071 rinthios
832 2016 1088 2071 scribitur
1121 2034 1135 2070 :
1198 2014 1450 2070 Ecclesia:
1482 2016 1576 2070 Dei
1631 2034 1747 2086 qua:
1775 2027 1849 2070 est
1881 2016 2145 2086 Corinthi,

572 2125 690 2162 cum
713 2110 949 2161 omnibus
973 2110 1065 2178 qui
1086 2108 1324 2161 invocant
1355 2125 1473 2161 eum
1522 2109 1587 2173 ³²,
1644 2109 1843 2163 dixisse
1868 2125 1952 2164 me
1975 2111 2151 2163 diver-

574 2201 786 2255 sitatem
817 2200 1088 2262 Ecclesiae,
1118 2210 1171 2254 et
1190 2217 1377 2255 eorum
1409 2201 1500 2267 qui
1528 2202 1785 2254 invocant
1820 2218 2020 2256 nomen
2046 2202 2150 2256 Do-

574 2292 723 2347 mini.
759 2312 777 2343 ι
812 2290 1243 2347 Commentarios
1275 2292 1328 2345 in
1356 2294 1581 2361 priorem
1625 2278 1693 2346 ad
1723 2292 2151 2347 Thessalonicen-

572 2402 652 2439 ses
685 2383 976 2452 Epistolam
1009 2386 1060 2439 in
1080 2399 1244 2454 opere
1266 2396 1447 2437 contra
1477 2385 1707 2451 Celsum,
1732 2386 1869 2441 libro
1890 2388 2147 2451 secundo,

577 2493 725 2533 num.
762 2479 851 2544 65,
882 2495 1002 2548 pag.
1049 2462 1174 2542 Z57,
1209 2477 1452 2532 laudatus
1489 2481 1749 2545 reperias.
1785 2479 2023 2547 Denique
2057 2493 2154 2532 ex-

575 2567 892 2635 positionem
921 2568 1155 2637 aliquam
1172 2567 1222 2621 in
1244 2568 1619 2637 Apocalypsim
1640 2568 2014 2632 meditabatur,
2032 2585 2151 2621 cmn

574 2658 882 2714 Mattlnemn
911 2660 1239 2730 explicaret:
1268 2662 1334 2713 de
1361 2661 1595 2714 dracone
1619 2661 1816 2730 quippe
1840 2660 1931 2714 illo
1949 2670 2151 2726 septem

575 2752 844 2818 capitibus
881 2761 936 2805 et
967 2752 1148 2805 decem
1180 2752 1436 2806 cornibus
1486 2751 1754 2805 instructo
1783 2767 1948 2821 agens
1976 2752 2040 2814 ³³,
2076 2752 2149 2805 ita

574 2845 764 2899 scribit
803 2852 1016 2900 tractat.
1045 2844 1135 2908 50,
1169 2860 1317 2897 ιιιιιιι.
1350 2844 1440 2910 49,
1465 2859 1585 2914 pag.
1617 2845 1717 2899 867
1745 2863 1760 2901 :
1800 2863 1818 2895 ι
1845 2845 2156 2914 Expouetur

578 2947 757 2991 autem
775 2947 1015 3006 tempore
1036 2953 1132 2992 suo
1159 2939 1208 2991 in
1238 2936 1567 2991 Revelatione
1589 2936 1850 3002 Joannis;
1879 2958 1897 2990 ι
1920 2949 1973 2993 et
1994 2953 2113 2991 mox
2138 2956 2151 2993 :

584 3047 603 3080 ι
640 3028 744 3082 Has
774 3039 953 3083 autem
985 3029 1311 3098 principales
1360 3031 1723 3098 expositiones
1757 3043 1921 3099 atque
1964 3030 2156 3097 proba-

2249 557 2503 610 recitatas
2545 565 2923 625 exceperunt:
2955 557 3098 624 quod
3140 558 3396 609 hactenus
3448 556 3552 608 ﬁeri
3603 560 3746 621 prolu-

2247 647 2459 701 buerat.
2502 647 2651 702 Alias
2677 648 2846 701 variis
2878 647 3217 716 temporibus
3250 646 3541 701 accuravit.
3571 646 3697 711 Quod
3717 650 3750 704 si

2251 740 2363 793 haec
2397 741 2761 808 perspexisset
2792 740 3071 801 Erasmus,
3103 737 3324 791 minime
3353 737 3582 805 proiecto
3607 740 3649 790 id
3679 742 3753 809 ipsi

2248 833 2315 885 de
2355 833 2592 887 liomiliis
2639 831 2887 903 Origenis
2930 831 3225 903 generatim
3272 831 3451 899 agenti
3480 830 3754 885 excidisset:

2252 943 2269 975 ι
2296 924 2396 977 Eas
2453 924 2745 978 conciones
2797 939 2904 977 non
2957 924 3069 989 ipse
3103 922 3343 989 scripsit,
3397 922 3489 974 sed
3517 936 3543 972 a
3578 923 3758 975 notariis

2248 1016 2423 1084 excipi
2466 1030 2660 1084 passus
2702 1025 2807 1080 est,
2854 1017 2995 1084 quod
3036 1025 3215 1068 tamen
3257 1022 3458 1080 negant
3495 1014 3630 1065 illum
3670 1029 3761 1071 esse

2248 1123 2467 1177 passum
2504 1119 2632 1161 ante
2678 1122 2901 1171 annum,
2942 1117 2999 1160 ut
3052 1115 3180 1159 ante
3223 1106 3424 1158 dicttnn
3454 1113 3762 1174 est,sexage-

2248 1200 2469 1253 simmu.
2499 1220 2517 1252 ι
2564 1200 2728 1267 Quasi
2762 1200 2935 1253 nullas
2960 1198 3195 1267 cogitate
3221 1196 3600 1265 conscripserit
3624 1199 3763 1251 homi-

2250 1290 2345 1342 Iias
2397 1290 2679 1360 Origenes,
2724 1290 2819 1343 sed
2867 1302 3056 1343 omnes
3090 1301 3155 1340 ex
3209 1295 3448 1353 tempore
3492 1284 3765 1352 profuderit.

2251 1379 2494 1434 Humilia:
2540 1380 2594 1432 in
2637 1378 2857 1441 Lucam,
2910 1386 3046 1430 teste
3103 1374 3433 1443 Hieronymo
3474 1375 3523 1427 itt
3582 1373 3769 1445 Prologo

2256 1488 2365 1527 suae
2402 1470 2884 1539 interpretationis,
2919 1468 3057 1522 l'etus
3076 1476 3158 1520 est
3184 1465 3440 1534 juvenilis
3458 1465 3639 1528 astatis,
3660 1476 3705 1519 et
3730 1468 3769 1519 iu

2247 1564 2360 1617 otio
2398 1561 2617 1632 quidem
2654 1576 2716 1615 ac
2768 1569 2980 1614 secreto
3012 1568 3328 1628 conceptus,
3365 1566 3423 1610 ut
3455 1556 3508 1609 in
3546 1557 3769 1625 publicum

2250 1653 2444 1707 deinde
2480 1652 2757 1706 ederetur.
2796 1650 3175 1703 Continuatam
3211 1663 3345 1717 ergo
3385 1648 3492 1702 illic
3522 1647 3663 1701 Luca:
3696 1665 3768 1702 ex-

2249 1745 2569 1814 positionem
2611 1743 3041 1806 animadvertas,
3088 1752 3453 1811 prazterquam
3491 1739 3540 1793 in
3592 1754 3673 1793 sex
3700 1755 3770 1808 po-

2252 1834 2471 1889 stremis
2506 1832 2766 1897 homiliis,
2809 1848 2926 1901 quae
2955 1848 3020 1886 ex
3050 1830 3299 1899 ampliori
3335 1845 3555 1883 numero
3574 1831 3775 1884 videntur

2252 1938 2543 1996 excerptaa.
2577 1925 2859 1980 Prioribus
2890 1926 2995 1979 illis
3020 1924 3240 1994 triginta
3275 1923 3453 1978 tribus
3479 1922 3664 1978 similes
3681 1934 3776 1979 sunt

2253 2017 2486 2071 HOIIIIHIP.
2519 2018 2571 2071 in
2610 2017 2847 2085 psalmos
2877 2031 3067 2079 xxxvi,
3091 2030 3282 2069 xxxvtt
3310 2024 3367 2067 et
3390 2023 3669 2075 xxxvm,et
3688 2014 3777 2067 dua

2251 2112 2305 2164 in
2334 2110 2628 2172 Canticum,
2673 2122 2728 2162 et
2775 2122 2967 2161 novem
3028 2108 3082 2160 in
3124 2105 3369 2161 Iudices.
3424 2106 3779 2175 Extemporales

2253 2214 2430 2256 autem
2467 2201 2721 2264 lton‘tiliae,
2768 2201 3031 2268 quoniam
3077 2198 3234 2266 juxta
3292 2196 3530 2266 episcopi
3580 2197 3780 2266 praescri-

2252 2306 2424 2364 ptum,
2473 2304 2527 2348 et
2576 2294 2914 2362 designatum
2960 2293 3030 2347 ab
3077 2305 3143 2345 eo
3175 2299 3551 2360 argumentum
3583 2304 3639 2343 ac
3666 2288 3782 2343 Scri-

2254 2399 2425 2458 ptura:
2450 2386 2627 2441 locum
2660 2385 3182 2455 pronuntiabantur,
3209 2384 3420 2436 idcirco
3448 2392 3643 2436 certum
3671 2383 3782 2435 hunc

2252 2480 2495 2533 ordinem
2540 2479 2853 2545 neutiquam
2914 2486 3128 2542 tenent;
3172 2475 3265 2529 sed
3309 2477 3365 2528 iu
3404 2476 3636 2529 eamdem
3673 2487 3783 2541 saepe

2254 2574 2566 2642 pericopam
2602 2570 2887 2641 geminatze
2924 2568 3293 2637 reperiuntur,
3335 2565 3692 2635 praetermissis
3720 2573 3783 2615 to-

2257 2668 2325 2721 tis
2360 2665 2652 2733 capitibus,
2684 2661 2928 2732 diligenti
2956 2660 3289 2728 caeteroquin
3339 2658 3696 2712 observatione
3743 2666 3783 2709 et

2256 2757 2617 2827 explicatione
2668 2755 2866 2824 dignis.
2925 2751 3093 2819 Hujus
3142 2752 3363 2822 generis
3412 2749 3649 2803 videntur
3686 2762 3782 2800 esse

2257 2848 2577 2919 superstites
2605 2847 2659 2901 in
2698 2855 2931 2915 quatuor
2974 2845 3183 2915 priores
3254 2842 3604 2898 Pentateucbi
3655 2840 3785 2893 libros

2259 2941 2529 3000 ltomiliaa,
2557 2948 2612 2993 et
2649 2954 2769 3007 qua:
2800 2939 2850 2991 in
2883 2938 3081 2992 librum
3126 2934 3293 2991 Josue
3318 2944 3561 2997 exstant,
3590 2947 3723 3001 quas,
3741 2941 3786 2983 ut

2259 3032 2333 3085 ait
2371 3028 2597 3083 Ruﬁnus
2629 3029 2897 3097 interpres
2948 3028 3000 3082 in
3039 3026 3307 3097 Prologo:
3342 3043 3361 3077 ι
3390 3026 3469 3079 Ex
3510 3035 3721 3093 tempore
3743 3023 3783 3076 in

581 3122 753 3175 tiones
781 3131 993 3191 oportet
1030 3122 1168 3185 lieri,
1203 3138 1323 3175 cum
1381 3123 1496 3190 ipse
1546 3121 1681 3175 liber
1728 3123 2154 3194 (Apocalypseos)
2185 3149 2226 3205 ρ
2263 3122 2495 3176 Ecclesia
2524 3119 2799 3190 peroravit
2827 3120 3180 3173 Adamantius
3229 3133 3421 3173 senex.
3454 3135 3473 3169 ι
3506 3115 3658 3185 tlujus
3678 3128 3784 3205 quo:

579 3215 891 3286 propositus
940 3214 1101 3267 fuerit
1142 3214 1295 3267 nobis
1334 3216 1400 3268 ad
1425 3216 1818 3283 exponendum.
1848 3235 1867 3267 ι

652 3303 743 3360 IV.
791 3306 1058 3360 Caeterum
1122 3321 1312 3375 magna
1355 3308 1406 3359 in
1466 3307 1860 3375 distinguendis
1908 3305 2157 3376 Origenis

582 3394 822 3455 homiliis
868 3400 1171 3454 adhibenda
1216 3399 1532 3468 dijmlicatio
1552 3409 1668 3465 est;
1711 3399 1847 3453 alias
1869 3402 2009 3453 enim
2045 3416 2155 3453 me-

588 3492 755 3546 :litate
787 3492 1126 3562 conscriptas
1150 3493 1340 3557 edidit,
1364 3493 1498 3545 alias
1527 3508 1589 3546 ex
1625 3502 1867 3559 tempore
1891 3492 2155 3547 recitavit.

584 3583 765 3653 Longe
797 3583 988 3647 levior,
1041 3599 1126 3637 me
1174 3583 1377 3652 judire,
1419 3584 1607 3637 harum
1643 3584 1971 3650 auctoritas;
2031 3600 2158 3650 gra-

584 3675 702 3729 vior
747 3674 955 3728 illarmn
1008 3676 1361 3730 existimatio.
1403 3674 1672 3744 Quidquid
1705 3674 2156 3744 extemporalium

587 3764 932 3821 homiliarum
957 3777 1223 3835 superest,
1254 3776 1369 3837 post
1406 3766 1804 3836 sexagesimum
1844 3765 2020 3819 :etatis
2046 3780 2161 3818 suae

2260 3228 2364 3283 que
2391 3213 2606 3282 generis
2636 3225 2756 3265 esse
2790 3210 3010 3264 videtur
3034 3211 3192 3264 unica
3235 3209 3325 3263 illa
3359 3210 3412 3263 in
3437 3206 3457 3259 I
3484 3208 3611 3276 Reg.
3638 3220 3736 3272 cap.
3764 3203 3782 3255 l

2262 3317 2316 3357 et
2339 3305 2398 3366 2,
2427 3314 2484 3357 et
2512 3304 2614 3357 alia
2647 3302 2711 3357 de
2737 3302 3199 3372 Engastrimytho.
3233 3316 3400 3371 quam
3434 3301 3629 3371 primus
3657 3296 3789 3352 edidit

2262 3393 2372 3447 Leo
2403 3392 2650 3458 Allatius,
2690 3402 2742 3445 et
2774 3408 2891 3460 quae
2927 3400 3220 3462 supersunt
3254 3394 3308 3446 in
3338 3390 3562 3452 Isaiam,
3592 3391 3640 3441 in
3679 3385 3791 3441 lere-

2264 3488 2448 3551 nu‘am,
2479 3495 2533 3539 et
2572 3487 2629 3537 in
2668 3483 3015 3542 Ezechielem.
3059 3484 3156 3539 Ha:
3187 3492 3370 3538 autem
3402 3480 3624 3538 subinde
3651 3496 3675 3533 a
3698 3488 3789 3531 stu-

2266 3578 2435 3632 diosis
2470 3576 2624 3645 juxta
2676 3576 2978 3645 Scripturae
3016 3575 3262 3630 ordinem
3305 3574 3545 3630 collecta:
3581 3571 3790 3637 etdispo-

2266 3671 2385 3723 sine
2420 3678 2566 3723 sunt.
2596 3668 2774 3736 Atque
2823 3670 2939 3722 haec
2974 3682 3071 3722 nos
3122 3680 3313 3736 magna
3367 3662 3791 3719 verisimilitudine

2266 3761 2410 3816 ducti
2438 3760 2823 3829 conjectamus.
2852 3775 2957 3813 non
2990 3758 3276 3829 praefracte
3310 3759 3619 3814 asserimus.

901 3931 3785 3968 _________________________,___________._.

1888 4095 2543 4187 APPENDIX.

1414 4294 1589 4359 Libri
1636 4292 1902 4370 Origeni
1949 4291 2137 4367 falso,
2184 4291 2286 4354 vel
2330 4292 2702 4355 dubitanter
2744 4286 3025 4368 ascripti.

2177 4464 2247 4475 .-

592 4594 635 4650 1.
676 4595 833 4668 Unde
864 4597 1061 4668 factum
1101 4598 1167 4651 sit
1202 4607 1256 4651 ut
1292 4598 1536 4668 Origenis
1580 4613 1768 4651 nomen
1804 4590 2253 4668 Iplermque___sibj
2299 4584 2794 4668 scriptionesfal'so‘
2835 4582 3137 4668 trarii-crint,
3169 4573 3792 4668 apetif'ut'.“

666 4647 2057 4738 librisinﬁdo-biiideq'ne‘inclitae-ipsoruminterprete.
2213 4647 3370 4738 De.posterioreiit-“Job‘Commentaric..lIf.
3407 4647 3794 4738 Βεωςοιζιηίςξιξῗ

668 4740 746 4790 rio
795 4738 848 4791 in
905 4710 1169 4793 Mar’cun‘t’.
1202 4738 1263 4795 ν.
1301 4710 1554 4793 Homiliis
1587 4740 1643 4792 in
1675 4710 1942 4801 diuersosr,’
1976 4733 2063 4789 VI.
2100 4731 2176 4807 ῌο

2257 4710 2345 4783 iliar
2509 4729 2562 4781 in
2579 4729 2780 4807 [radice
2815 4723 3455 4807 Vg‘titit’tnojnscribit‘ur,‘
3475 4720 3565 4784 Τίς

668 4786 858 4878 pira;
895 4786 1197 4876 515.335,
1217 4786 1642 4873 {vitiasset}
1677 4786 2078 4863 {abst-(mat.
2110 4804 2176 4856 Dc

670 4880 772 4933 nis.
823 4877 961 4932 VIII.
987 4878 1065 4933 De
1099 4878 1350 4933 Lomento
1385 4878 1646 4938 Oriqenis.
1680 4876 1770 4932 IX.
1806 4878 2031 4938 Dialogo
2062 4876 2125 4928 de
2165 4891 2176 4926 t

2257 4786 2468 4863 micant,
2496 4811 2544 4852 et
2571 4797 2805 4851 Canticis
2849 4795 2914 4849 Β.
2952 4793 3201 4861 Virginis,
3230 4790 3502 4845 Zachariae
3556 4797 3601 4842 et
3636 4786 3792 4859 Simeo-

2257 4874 2459 4926 hodoxa
2502 4870 2625 4938 ﬁde.
2649 4866 2720 4921 Χ.
2759 4867 2878 4921 Alio
2901 4865 3125 4938 quodam
3156 4874 3354 4938 uetusto
3378 4859 3597 4938 dialogo.
3630 4853 3705 4908 Xl.

670 4876 772 4933 nis.
823 4877 961 4932 VIII.
987 4878 1065 4933 De
1099 4878 1350 4933 Lomento
1385 4878 1646 4950 Origenis.
1680 4876 1770 4932 IX.
1806 4878 2031 4945 Dialogo
2062 4876 2125 4928 de
2165 4876 2459 4926 orthodoxa
2502 4876 2625 4938 ﬁde.
2653 4876 2720 4921 λ.
2759 4876 3125 4947 Altaquoaam
3156 4876 3354 4944 vetusto
3378 4876 3597 4941 atatogo.
3630 4876 3705 4908 λι.
3728 4876 3789 4902 ω-

670 4950 819 5003 bellis
857 4952 931 5004 De
962 4951 1280 5005 bmresibus.
1315 4949 1423 5006 XII.
1463 4950 1537 5005 De
1571 4950 1943 5019 singularitate
1972 4945 2321 5010 clericorum,
2352 4939 2488 4997 XIII.
2526 4940 2602 4994 De
2637 4938 2953 5005 astrolabto,
2986 4944 3037 4990 et
3068 4934 3155 5005 ,De
3179 4934 3470 4997 brevi-arto,
3508 4940 3554 4985 et
3598 4934 3789 4981 sertum

667 5022 733 5076 dc
764 5021 1044 5076 catechesi.

672 5271 719 5327 l.
761 5270 1268 5328 Demonstravimus
1320 5268 1445 5323 libri
1490 5267 1714 5324 secundi
1767 5276 1963 5336 quarto
2000 5263 2178 5333 capite
2209 5266 2256 5325 D
2284 5259 2507 5315 incertis
2536 5266 2588 5312 et
2620 5255 2818 5323 ignotis
2863 5252 3177 5309 anetoribus
3217 5250 3470 5321 profectae
3512 5234 3785 5301 lucubratiov

604 5384 858 5440 magnum
904 5367 1193 5436 aliquando
1246 5366 1298 5419 in
1344 5362 1584 5418 Ecclesia
1644 5372 1701 5417 et
1726 5361 1953 5429 Qillustre
1981 5358 2171 5425 {fuisse

608 5463 857 5528 (lrigenis
895 5474 1124 5526 nomen;
1172 5472 1345 5527 eoque
1388 5457 1553 5512 etiam
1618 5470 1685 5509 ex
1734 5450 2170 5508 adversariorum

604 5548 1037 5603 contentionibus
1068 5560 1121 5601 et
1157 5546 1440 5608 conviciis,
1467 5543 1612 5613 quod
1657 5543 1767 5597 fere
1800 5541 1934 5595 alias
1974 5553 2170 5594 usuvc-

607 5641 725 5695 nire
748 5641 906 5706 solet,
935 5638 1199 5695 illustrius
1225 5637 1487 5692 evasisse.
1520 5634 1882 5705 llincfastutn
1909 5640 1991 5687 est
2019 5638 2077 5685 ut
2105 5628 2173 5684 ab

683 5794 726 5829 "
759 5793 779 5848 ι
809 5792 934 5849 Cor.
959 5810 999 5859 t,
1038 5794 1093 5849 ‘2.
1170 5791 1400 5861 "Apoc.
1438 5806 1531 5859 xtl,
1560 5789 1610 5845 3.

2279 5369 2379 5409 nes
2444 5349 2735 5412 nonnullae,
2799 5349 2876 5403 sic
2939 5362 3193 5416 tanquam
3247 5341 3528 5413 projertitii
3580 5336 3779 5392 infantes.

2280 5446 2490 5500 clarum
2538 5441 2791 5511 Origenis
2867 5457 3062 5495 nomen
3109 5439 3210 5493 sibi
3254 5437 3480 5491 libenter
3528 5422 3775 5519 asciveriut,

2284 5548 2674 5602 nonnunquam
2707 5531 2872 5585 etiam
2924 5529 3179 5599 operibus
3217 5527 3330 5581 suis
3378 5527 3653 5578 metuentes
3680 5524 3779 5611 stri-

2284 5638 2474 5698 ptores
2517 5622 2751 5691 subdoli,
2786 5621 3104 5678 ementitum
3148 5617 3295 5674 hunc
3322 5619 3650 5687 praetexentes
3681 5612 3777 5657 tunc
