4068 6312
198 376 203 382 ’
273 381 408 438 19.75

1396 362 1967 428 ORIGENIANOBUM
2007 360 2367 419 APPENDIX.

3381 356 3523 411 1274

268 499 403 565 lum,
444 498 746 553 Adamantii
794 497 993 552 famam
1038 494 1203 550 veluti
1252 494 1396 548 furto
1443 488 1846 559 subripuerint;
1878 490 1927 548 Α
1962 485 2152 540 beatus
2181 480 2467 538 duodecim
2498 478 2687 535 diebus
2720 492 2883 547 supra
2927 485 3095 532 testas
3134 474 3395 546 pollineas
3426 491 3521 529 ex-

271 592 583 661 bibliupolaa
625 592 788 646 etiam
840 590 1108 645 mercibus
1140 587 1252 643 suis
1277 584 1614 640 venditandis
1638 589 1845 650 empto-

276 699 391 736 rem
426 684 687 746 hiantem,
736 680 916 735 fucata
962 679 1060 733 hac
1098 676 1455 744 inscriptione
1503 670 1839 727 induxerint.

276 772 388 827 Has
416 772 634 841 quidem
676 770 746 826 ob
798 784 988 825 causas
1035 767 1328 835 aliquando
1368 762 1664 832 contigisse
1697 775 1842 826 reor,

276 871 336 914 ut
393 861 449 913 in
505 860 751 930 Origenis
801 858 1057 912 familiam
1106 855 1271 926 spurii
1324 851 1641 907 transierint
1687 849 1844 915 libri;

275 960 338 1006 at
387 950 724 1023 frequentius
760 951 921 1005 etiam
977 949 1118 1003 idem
1161 945 1412 1002 evenisse
1468 952 1598 1012 puto
1646 941 1729 994 vel
1778 954 1844 993 ex

278 1044 629 1099 librariorum
679 1043 985 1106 oscitantia,
1016 1039 1230 1095 nomina
1260 1035 1566 1090 nominibus
1597 1047 1847 1087 commu-

278 1137 550 1200 tantium;
581 1135 664 1190 vel
701 1149 768 1188 ex
812 1134 1126 1189 criticorum
1184 1128 1429 1190 audacia,
1479 1124 1693 1193 quidvis
1742 1123 1846 1177 sibi

276 1228 446 1286 licere
477 1230 530 1284 in
560 1228 760 1286 litteris
790 1226 1116 1296 putantium.
1153 1220 1268 1276 Huc
1295 1218 1522 1274 accessit
1545 1217 1689 1287 quod
1728 1215 1849 1284 plu-

275 1321 447 1375 rimas
515 1317 770 1391 Origenis
828 1316 1158 1387 scriptiones
1214 1311 1455 1367 studiose
1508 1306 1851 1364 abolentibus

277 1412 452 1482 ipsius
487 1410 821 1466 adversariis
870 1420 926 1463 et
972 1404 1379 1469 defensoribus;
1424 1402 1510 1457 his
1541 1400 1758 1471 quidem
1795 1406 1852 1450 ut

274 1509 397 1576 ejus
430 1521 665 1571 errores,
695 1504 805 1560 illis
854 1514 914 1558 ut
945 1500 1202 1572 praeclara
1237 1497 1353 1565 ejus
1381 1508 1547 1565 Opera
1590 1493 1853 1547 invidiose

275 1600 554 1664 celarent;
586 1598 785 1653 multas
823 1596 943 1650 vice
973 1607 1132 1649 versa
1186 1588 1590 1646 lucubrationes
1638 1586 1853 1653 utrique

280 1692 503 1763 paribus
532 1694 599 1745 de
626 1689 807 1744 causis
847 1687 1050 1742 nomini
1103 1685 1271 1755 ipsius
1321 1680 1697 1737 subdiderunt.
1740 1676 1852 1732 Nos

278 1800 413 1840 vero
437 1793 720 1853 postquam
750 1779 1205 1849 Origenianorum
1259 1775 1584 1842 scriptorum
1623 1785 1851 1826 examen

287 1876 455 1933 semel
498 1874 855 1943 suscepimus,
885 1872 950 1926 ad
989 1878 1231 1924 nostram
1281 1867 1558 1938 pertinere
1598 1862 1852 1916 duximus

282 1983 491 2033 curam,
523 1982 651 2023 suos
679 1967 726 2021 ei
757 1964 897 2019 fetus
924 1962 1188 2033 legitimos
1221 1960 1525 2024 restituere,
1550 1956 1693 2026 quod
1720 1954 1852 2009 hac-

292 2070 451 2115 tenus
508 2054 1176 2125 fecimus;supposititios
1226 2067 1357 2106 vero
1400 2066 1469 2105 ex
1494 2049 1611 2120 ejus
1656 2048 1853 2103 familia

280 2166 594 2223 segregare,
622 2149 767 2220 quod
788 2147 1098 2217 Appendice
1128 2146 1229 2201 ista
1271 2144 1465 2199 facturi
1503 2156 1709 2197 sumus.

357 2244 422 2298 ll.
466 2240 523 2295 In
576 2241 767 2295 Latina
833 2236 1085 2307 Origenis
1136 2236 1375 2292 editione
1428 2234 1625 2300 duplex
1684 2245 1856 2303 genus

274 2333 815 2391 Commentariorum
851 2330 908 2384 in
965 2330 1154 2382 librum
1201 2325 1305 2381 Job
1356 2327 1642 2395 reperitur.
1701 2322 1856 2377 Prius

288 2429 342 2483 in
390 2438 501 2483 tres
553 2427 846 2483 discretum
890 2430 972 2477 est
1011 2421 1200 2485 libros,
1246 2427 1301 2474 et
1357 2418 1463 2474 duo
1510 2418 1689 2487 priora
1736 2414 1857 2471 Jobi

286 2521 465 2590 capita
528 2535 651 2574 cum
699 2517 845 2573 tertii
901 2514 1149 2584 portione
1198 2511 1594 2583 complectitur,
1643 2510 1712 2563 ab
1777 2509 1859 2562 in-

280 2620 439 2668 certo
470 2612 767 2680 interprete
796 2606 1094 2669 Latinitate
1122 2603 1391 2660 redditum
1422 2620 1437 2657 :
1464 2601 1732 2673 posterius
1776 2610 1857 2653 to-

293 2714 407 2758 tum
457 2701 805 2773 persequitur
826 2699 943 2754 Jobi
976 2699 1192 2764 librum,
1223 2705 1278 2752 et
1299 2695 1552 2751 brevibus
1582 2706 1859 2749 commen-

292 2794 499 2849 tariolis
541 2793 772 2864 (scholia
818 2808 984 2864 prope
1018 2790 1245 2862 dixeris)
1279 2790 1527 2859 exponit,
1553 2796 1609 2843 et
1636 2784 1857 2840 Joachi-

291 2905 438 2945 mum
522 2887 836 2943 Perionium
902 2887 1252 2956 interpretem
1333 2882 1518 2937 habet.
1602 2877 1859 2949 Spurium

290 2993 580 3052 utrumque
624 2997 785 3052 opus,
826 2989 881 3035 et
919 2978 1316 3036 emendicatum
1366 2973 1616 3044 Origenis
1667 2986 1859 3026 nomen

293 3074 427 3129 falso
469 3073 705 3141 iactans.
749 3070 955 3126 Prioris
983 3078 1135 3125 certe
1167 3067 1338 3139 stylus
1377 3063 1695 3135 Origeniani
1742 3062 1861 3117 dis-

291 3167 486 3222 similis
527 3176 647 3230 est;
699 3166 890 3219 creber
927 3163 1125 3232 quippe
1160 3161 1296 3214 artis
1341 3158 1593 3215 oratoriae
1639 3156 1856 3224 ﬁguris;

1952 588 2160 644 tensus,
2196 577 2355 632 tertia
2378 575 2588 632 decima
2627 575 2715 629 die
2746 582 2830 628 est
2861 579 3293 634 consummatus,
3326 568 3525 636 aliique

1947 670 2216 725 innumeri
2273 670 2450 725 sancti
2513 678 2782 740 martyres
2841 666 3034 719 eodem
3088 664 3245 718 modo
3294 673 3521 718 mortem

1949 774 2295 819 transeuntes
2331 763 2686 818 consummati
2731 770 2876 815 sunt.
2905 779 2921 811 ι
2973 760 3046 813 Ex
3106 758 3300 828 quibus
3345 760 3526 827 conje-

1946 868 2094 912 Ctura
2126 857 2294 912 ducor
2321 858 2387 911 ad
2420 852 2798 925 suspicandum
2821 855 2999 923 operis
3037 852 3203 919 hujus
3242 862 3521 908 auctorem

1948 962 2014 1003 ex
2052 962 2119 1003 eo
2145 963 2265 1002 esse
2290 963 2487 1018 genere
2519 949 2865 1008 Arianorum,
2906 945 2997 1014 qui
3030 944 3252 999 Luciani
3283 943 3524 1012 discipu-

1947 1038 2027 1092 los
2054 1052 2174 1092 sese
2190 1038 2597 1106 profitebantur,
2621 1049 2672 1091 et
2690 1037 3010 1092 Lucianistaa
3037 1037 3139 1090 dici
3159 1035 3431 1089 amabant.
3454 1034 3527 1089 De

1948 1128 2032 1183 his
2049 1131 2121 1183 ita
2146 1129 2471 1197 Epiphanius
2490 1130 2619 1183 hair.
2644 1144 2959 1198 Lxxv't,cap.
2977 1130 3041 1183 ὃς
3061 1129 3121 1182 Οἱ
3142 1126 3359 1198 μὲνγὰρ
3378 1126 3527 1181 ἄλλοι

1946 1220 2055 1274 τῶν
2090 1220 2381 1293 Ἀρειανῶν
2409 1221 2516 1274 τῶν
2541 1222 2647 1275 ἀπὸ
2669 1220 2972 1275 Λουκιανοῦ
2992 1238 3076 1286 τε,
3109 1222 3203 1273 καὶ
3221 1218 3529 1292 Ὠριγὲνους

1949 1312 2216 1367 λαϐόντων
2250 1314 2349 1383 τὴν
2377 1313 2673 1385 πρόφασιν,
2709 1314 2994 1382 γεγονότες
3023 1311 3410 1385 ἆμαἈστερξῳ
3423 1313 3529 1365 τινὶ

1952 1406 2060 1459 ἀπὸ
2092 1406 2363 1475 σοφιστῶν
2396 1408 2531 1470 ὄντι,
2562 1406 2851 1459 ἐκπεσόντι
2885 1423 2945 1458 τε
2989 1408 3048 1458 ὲν
3095 1404 3173 1477 τῷ
3200 1403 3426 1475 διωγμῷ
3450 1404 3529 1475 τῷ

1951 1497 2044 1550 ἐπὶ
2073 1497 2417 1568 Μαξιμιανοῦ
2462 1498 2735 1567 γεγονότι.
2798 1517 2816 1548 ι
2844 1497 2945 1551 Alii
2981 1497 3123 1551 enim
3172 1512 3239 1550 ex
3288 1497 3527 1559 Arianis,

1952 1590 2020 1644 Is
2049 1591 2142 1660 qui
2184 1607 2212 1644 a
2252 1591 2487 1645 Luciano
2516 1601 2569 1645 et
2598 1591 2829 1660 Origene
2857 1591 3163 1644 doctrinam
3199 1604 3352 1645 suam
3375 1604 3530 1644 acce-

1953 1692 2168 1752 perant,
2205 1682 2475 1751 conjuncti
2524 1685 2736 1738 Asterio
2785 1682 2996 1737 cuidam
3035 1683 3100 1736 de
3134 1698 3296 1753 grege
3339 1683 3528 1751 sophi-

1965 1779 2197 1835 starum,
2232 1773 2321 1839 qui
2351 1772 2405 1825 in
2438 1772 2809 1840 persecutione
2847 1770 3160 1825 Maximiani
3186 1786 3213 1823 a
3249 1770 3351 1825 fide
3379 1770 3529 1825 defe-

1956 1871 2125 1917 cerat.
2152 1881 2171 1914 ι
2205 1861 2549 1932 Quapropter
2576 1862 2785 1927 Ariani,
2818 1862 3009 1916 deinde
3041 1860 3364 1915 Lucianistze
3397 1876 3533 1913 nun-

1955 1953 2135 2022 cupati
2181 1962 2328 2017 sunt,
2365 1959 2424 2006 ιιι
2468 1962 2694 2021 apparet
2743 1968 2809 2006 ex
2872 1952 3039 2006 Mario
3074 1952 3352 2008 Victorino
3385 1953 3530 2009 lib.t

1954 2044 2202 2099 adversus
2228 2045 2482 2097 Arianos.
2512 2043 2613 2110 Qui
2649 2056 2828 2097 autem
2853 2042 3161 2098 Coluthiani
3186 2043 3525 2113 appellaban-

1960 2144 2068 2199 tur,
2101 2150 2206 2190 non
2242 2151 2272 2189 a
2306 2133 2546 2189 Luciano
2586 2134 2677 2189 illo
2723 2145 3011 2189 traxerunt
3060 2151 3275 2201 nomen,
3327 2146 3383 2189 ut
3413 2136 3533 2205 opi-

1969 2227 2079 2280 nati
2110 2234 2232 2279 sunt
2261 2225 2504 2295 quidam,
2537 2224 2631 2280 sed
2675 2239 2705 2278 a
2747 2224 2978 2280 Colutho
3020 2226 3377 2280 haeresiarcha
3419 2224 3533 2278 Arii

1956 2316 2127 2379 socio,
2150 2314 2302 2382 cujus
2345 2314 2963 2385 meminitlEpiphanius
3002 2316 3130 2370 Ιιωτ.
3158 2330 3306 2378 thx,
3331 2330 3452 2383 cap.
3478 2314 3532 2368 2.

1962 2409 2378 2478 Distinguantur
2418 2423 2582 2479 porro
2618 2408 2673 2463 hi
2704 2407 3030 2464 Luciauistae
3081 2409 3146 2463 ab
3189 2409 3309 2462 aliis
3350 2406 3539 2461 Lucia-

1961 2501 2141 2567 nistis,
2175 2500 2398 2556 Luciani
2452 2500 2733 2570 cujusdam
2766 2500 3091 2569 antiquioris
3153 2508 3208 2555 et
3250 2499 3539 2554 Marcionis

1963 2590 2239 2662 discipulis
2272 2631 2289 2655 ,
2320 2590 2470 2659 cujus
2512 2592 2763 2647 haeresim
2794 2591 3132 2663 Epiphanius
3176 2590 3535 2661 persequitur.

1961 2682 2295 2753 Scriptorem
2351 2684 2511 2735 trium
2567 2681 2827 2736 librorum
2898 2683 2956 2734 in
3014 2679 3233 2743 Jobum,
3279 2664 3583 2733 Latinum,

1958 2774 2233 2827 existimat
2253 2772 2532 2836 Erasmus,
2562 2785 2796 2841 eumque
2817 2785 2940 2826 esse
2969 2770 3326 2825 Maximinum
3356 2769 3541 2825 hario-

1960 2865 2119 2930 latur,
2162 2865 2317 2934 cujus
2359 2872 2576 2918 exstant
2605 2863 3000 2934 disputationes
3055 2876 3176 2915 cum
3207 2861 3537 2932 Augustino:

1966 2955 2194 3012 «Fuisse
2228 2954 2503 3021 Latinum,
2543 2942 2742 3025 inquit,
2789 2955 3051 3024 inprimis
3088 2954 3202 3022 ipse
3227 2952 3412 3023 operis
3437 2969 3534 3024 gn.

1960 3059 2078 3105 stus
2112 3049 2314 3104 indicat
2336 3066 2349 3102 :
2371 3049 2461 3102 vix
2489 3048 2636 3102 enim
2667 3047 2957 3117 quisquam
2998 3047 3071 3099 ita
3095 3045 3386 3100 commode
3418 3058 3541 3098 ver.

1964 3144 2025 3198 tit
2049 3141 2257 3208 Graeca,
2290 3148 2347 3195 ut
2377 3141 2553 3196 oratio
2580 3140 2767 3194 Latina
2797 3155 2901 3194 non
2969 3139 3143 3208 sapiat
3169 3137 3364 3193 alicubi
3389 3150 3540 3191 suam

294 3257 489 3327 quales
515 3260 566 3310 in
601 3255 762 3310 tomis
793 3253 968 3308 nullas
1007 3215 1243 3305 admittit
1275 3248 1557 3319 Origenes,
1588 3261 1695 3301 non
1726 3244 1863 3298 mul-
1888 3215 1931 3272 c
1963 3237 2251 3305 ori-ginem.
2303 3233 2697 3301 Interpretatur
2747 3233 3017 3286 interdum
3069 3229 3289 3283 Graecas
3354 3242 3540 3294 voces,

294 3359 378 3402 tas
434 3348 485 3400 in
527 3344 783 3399 homiliis.
827 3345 1103 3410 Discrepat
1132 3356 1347 3411 quoque
1386 3338 1709 3394 sententiis:
1740 3344 1862 3391 nam

293 3440 395 3494 lib.
417 3453 453 3491 tt
484 3436 761 3492 Christum
794 3434 871 3488 ait
899 3433 1224 3504 pradicas-se
1249 3430 1421 3483 tribus
1449 3428 1608 3482 annis
1630 3434 1687 3482 et
1708 3425 1866 3480 dimi-

292 3526 420 3592 dio;
476 3539 598 3577 cum
650 3522 907 3591 Origenes
957 3521 1050 3575 lib.
1109 3536 1162 3574 tv
1198 3518 1337 3587 Περὶ
1379 3515 1599 3587 ἀρχῶν,
1658 3530 1779 3583 cap.
1812 3515 1866 3580 ί,

293 3627 447 3667 ιιιιιιι.
482 3608 538 3677 5,
576 3619 630 3665 et
660 3610 844 3665 bornil.
882 3609 971 3675 32,
1012 3609 1068 3662 in
1092 3607 1250 3674 Luc.,
1286 3623 1430 3662 anno
1461 3608 1721 3661 duntaxat
1762 3620 1869 3659 uno

293 3718 421 3757 cum
449 3700 656 3769 aliquot
703 3700 982 3755 mensibus
1014 3699 1064 3753 id
1094 3697 1336 3753 muneris
1361 3697 1635 3752 Christum
1667 3695 1870 3751 obiisse

297 3794 470 3850 dicat.
501 3792 625 3848 Post
651 3793 866 3848 Arianae
915 3792 1188 3847 haereseos
1220 3799 1466 3845 exortum
1498 3787 1786 3858 prodiisse,
1817 3797 1872 3842 et

298 3886 372 3942 ab
392 3885 597 3941 Ariano
644 3886 861 3954 quidem
910 3882 1077 3939 fuisse
1129 3883 1388 3950 scriptum
1422 3879 1709 3935 manifeste
1756 3880 1873 3934 haec

297 3975 623 4034 evincunt“
652 3993 666 4030 :
696 3993 715 4031 ι
743 3973 869 4029 Tria
910 3988 1113 4028 cornua
1152 3972 1280 4025 fecit
1331 3967 1578 4025 diabolus
1604 3968 1659 4022 in
1686 3975 1870 4038 typum

301 4078 466 4139 atque
525 4071 752 4138 lignram
817 4067 1098 4136 trionymaa
1152 4064 1299 4119 illius
1365 4072 1554 4125 secta),
1607 4061 1875 4129 triumque

304 4160 529 4215 deorum
575 4155 819 4222 haresis,
875 4171 995 4226 qua:
1044 4155 1357 4211 universum
1388 4154 1573 4208 orbein
1630 4161 1792 4208 teme
1822 4153 1873 4204 in

305 4252 523 4308 modum
583 4251 927 4305 tenebrarum
984 4248 1231 4318 replevit,
1264 4261 1383 4316 quae
1436 4245 1675 4312 Patrem,
1705 4254 1760 4299 et
1788 4243 1876 4298 Fi-

307 4344 463 4407 lium,
497 4326 552 4396 et
580 4341 840 4410 Spiritum
870 4349 1120 4395 sanctum
1152 4337 1444 4407 aliquando
1480 4347 1738 4405 tanquam
1769 4343 1878 4389 tres

307 4438 458 4502 colit,
502 4449 887 4503 nommnquam
945 4447 1110 4486 unum
1164 4430 1375 4493 adorat,
1423 4428 1876 4498 quemadmodum

1966 3328 2060 3382 sed
2088 3328 2160 3381 ita
2196 3335 2257 3381 ut
2288 3325 2541 3394 Latiqum
2573 3336 2880 3394 agnoscas:
2911 3320 3071 3374 veluti
3104 3334 3227 3373 cum
3255 3318 3415 3372 docet
3444 3332 3543 3371 nos

1966 3416 2100 3486 quid
2134 3424 2189 3469 et
2218 3414 2394 3484 qualis
2417 3414 2487 3467 sit
2509 3413 2850 3467 adamantus.
2885 3427 2904 3460 ι
2935 3409 3026 3462 Sic
3049 3423 3107 3463 se
3148 3408 3307 3462 habet
3340 3407 3430 3461 ille
3460 3406 3543 3461 le-

1967 3523 2063 3563 cus
2081 3507 2165 3560 “:
2208 3524 2229 3558 ι
2256 3505 2494 3560 Adamas
2527 3518 2658 3558 vero
2690 3502 3072 3570 interpretatur
3111 3515 3176 3554 ex
3219 3498 3405 3554 Graeca
3438 3498 3544 3552 lin-

1967 3616 2090 3674 gua,
2127 3597 2486 3661 indomabilis,
2523 3593 2845 3659 inﬂexibilis,
2904 3592 3343 3654 incomminutus,
3375 3608 3396 3643 δ
3425 3599 3534 3644 etc.

1967 3692 2180 3748 Addere
2223 3698 2434 3761 poterat
2470 3696 2525 3744 et
2568 3686 2796 3741 alterum
2834 3700 2994 3754 supra
3040 3699 3070 3737 a
3112 3683 3268 3737 nobis
3297 3683 3547 3752 deprom-

1974 3794 2146 3855 ptum,
2178 3798 2286 3853 quo
2333 3781 2470 3836 ludit
2501 3781 2554 3834 in
2600 3792 2735 3835 voce
2767 3776 3061 3842 anianus,
3096 3788 3328 3844 euntque
3359 3790 3388 3828 a
3417 3774 3533 3829 luce

1971 3878 2172 3933 dictum
2198 3876 2407 3932 scribit.
2436 3875 2660 3930 Erasmo
2691 3872 2899 3928 assensi
2926 3880 3051 3925 sunt
3082 3869 3351 3924 Bobertus
3373 3867 3547 3923 Cocus

1975 3972 2027 4026 in
2061 3969 2323 4033 Censura,
2360 3976 2416 4023 et
2444 3967 2753 4023 Edmundus
2796 3963 3110 4019 Albertinus
3163 3962 3215 4016 in
3265 3973 3428 4031 Opere
3468 3958 3547 4014 De

1973 4072 2299 4118 sacramento
2356 4060 2710 4115 Eucharistia!
2733 4058 2799 4111 ".
2839 4056 2945 4111 Sed
2990 4055 3115 4123 quis
3171 4052 3347 4108 nescit
3380 4053 3549 4107 inter-

1976 4166 2189 4226 pretum
2228 4154 2535 4215 audaciam,
2570 4161 2853 4205 auctorum
2888 4144 3233 4200 sermonibus
3278 4159 3374 4198 sua
3400 4158 3550 4197 com-

1978 4256 2163 4302 menta
2197 4247 2543 4315 interponere
2580 4240 2919 4297 amantium?
2967 4238 3213 4293 Graecum
3245 4251 3367 4293 esse
3414 4236 3550 4291 serio

1978 4352 2194 4413 plorem
2246 4340 2441 4409 probat
2500 4335 2818 4405 interpretis
2875 4331 3156 4402 Prologus,
3191 4345 3299 4398 quo
3354 4328 3549 4382 librum

1984 4437 2128 4491 hunc
2160 4434 2372 4504 aliquos
2410 4441 2538 4485 ante
2570 4445 2628 4485 se
2658 4428 2855 4484 Latine
2887 4426 3114 4478 vertisse
3160 4422 3343 4476 tradit.
3372 4420 3555 4476 Prolo-

307 4530 620 4586 Grtecorum
664 4526 845 4596 lingua
890 4532 1243 4615 memoratur,
1285 4520 1502 4589 Triada,
1545 4519 1625 4615 vel
1683 4517 1880 4573 llomu-
1909 4556 1956 4615 Β
1982 4544 2106 4600 gum
2132 4544 2162 4582 ε,
2190 4525 2428 4581 librariis
2468 4521 2799 4592 suppositum
2857 4517 3063 4572 divinat,
3120 4514 3395 4577 Erasmus,
3429 4511 3552 4564 "ut.

311 4622 452 4677 sion.
511 4618 675 4673 Istam
734 4631 864 4685 ergo
911 4613 1195 4669 Trinitatis
1244 4620 1554 4676 sectam,et
1604 4610 1878 4675 haeresim,

312 4721 475 4780 atque
527 4709 895 4765 infidelitatem
938 4705 1052 4774 jam
1102 4704 1234 4761 olim
1283 4707 1352 4758 de
1384 4702 1542 4771 longe
1587 4702 1881 4772 designans

310 4803 720 4857 versutissimus
743 4800 833 4855 ille
862 4798 1112 4853 diabolus
1142 4797 1244 4851 tria
1278 4810 1480 4851 cornua
1516 4794 1661 4849 misit
1689 4794 1756 4848 ad
1781 4791 1882 4848 Job

310 4895 746 4964 depraedandum.
787 4892 881 4948 Sic
926 4906 1158 4961 namque
1196 4890 1361 4945 etiam
1412 4904 1555 4943 nunc
1579 4897 1881 4943 memorata

312 4988 582 5058 trionyma
614 4985 839 5041 haresis
884 4983 1186 5055 praesertim
1217 4983 1491 5052 pnedatur
1515 4993 1678 5051 atque
1708 4995 1879 5049 expu—

315 5088 443 5150 gnat
472 5078 795 5134 Ecclesiam.
826 5097 845 5129 ι
884 5077 1107 5132 Luciani
1144 5075 1400 5146 martyris
1418 5090 1538 5128 cum
1576 5074 1734 5129 laude
1769 5088 1884 5127 tne-

315 5171 491 5239 ininit,
526 5169 777 5240 Origenis
809 5168 1141 5238 temporibus
1166 5167 1334 5221 multo
1366 5167 1723 5222 recentioris:
1759 5185 1777 5217 ι
1809 5167 1886 5222 lta

314 5271 721 5317 consummatus
759 5271 865 5326 est,
898 5261 1069 5329 inquit
1085 5259 1154 5323 ³⁸,
1183 5260 1375 5315 beatus
1424 5268 1587 5326 atque
1622 5259 1888 5327 gloriosus

314 5354 610 5417 Lucianus,
629 5353 839 5409 lucidus
874 5353 1006 5418 vita,
1035 5350 1241 5406 lucidus
1263 5358 1318 5409 et
1340 5350 1467 5415 ﬁde,
1490 5349 1700 5405 lucidus
1720 5349 1885 5404 etiam

320 5450 618 5505 tolerantiae
648 5448 1137 5504 consummatione.
1173 5447 1254 5503 Ob
1288 5447 1389 5502 hoc
1432 5447 1576 5502 enim
1619 5444 1890 5501 Lucianus

315 5541 731 5611 cognominatus
782 5547 887 5609 est,
932 5549 1193 5609 tanquam
1247 5539 1481 5606 lucidus,
1522 5549 1617 5592 aut
1673 5538 1891 5607 proprio

316 5634 521 5693 lumine
564 5634 666 5692 sibi
713 5633 955 5704 fulgens,
990 5643 1085 5686 aut
1119 5631 1239 5687 aliis
1278 5631 1485 5686 lucens.
1518 5629 1619 5687 llic
1660 5616 1894 5701 namque

1985 4622 2053 4678 lis
2096 4620 2180 4675 vel
2224 4618 2427 4673 levibus
2459 4613 2824 4686 argumentis;
2857 4617 3192 4679 repugnante
3217 4607 3381 4660 etiam
3429 4604 3550 4676 styli

1986 4714 2268 4783 utriusque
2318 4708 2690 4780 congruentia.
2747 4702 2979 4758 Eﬂrenis
3036 4699 3298 4769 profecto,
3347 4698 3546 4751 iterum

1986 4803 2131 4868 dico,
2167 4811 2223 4857 et
2264 4800 2501 4871 projecta
2542 4796 2752 4853 Erasmi
2806 4792 3104 4854 temeritas,
3151 4800 3396 4844 veterum
3440 4787 3549 4841 Pa-

1987 4907 2130 4950 trum
2167 4894 2369 4963 scripta
2410 4891 2665 4945 inanibus
2720 4887 2833 4941 suis
2866 4884 3191 4954 conjecturis
3242 4882 3315 4935 ita
3355 4880 3557 4950 permi-

2000 4989 2236 5051 scentis,
2274 4996 2337 5039 ut
2367 4984 2468 5038 nisi
2502 4980 2921 5036 contraivissent
2962 4975 3318 5045 posteriorum
3350 4971 3557 5027 theolo-

1986 5095 2176 5151 gorum
2226 5078 2422 5141 studia,
2454 5076 2543 5129 vix
2584 5084 2788 5128 certum
2848 5068 3049 5139 aliquid
3096 5069 3161 5121 de
3204 5064 3561 5120 adolescentis

2001 5171 2275 5228 Ecclesia!
2308 5168 2553 5225 doctrina
2586 5174 2827 5221 statuere
2874 5174 3169 5233 possemus.
3202 5158 3400 5214 Scribit
3430 5157 3561 5212 Pos—

2000 5264 2224 5320 sevinus
2278 5262 2333 5316 in
2377 5262 2578 5330 Appar.
2623 5273 2848 5312 sacram.
2906 5256 2959 5311 in
3009 5253 3239 5316 Hilario,
3286 5252 3562 5306 dubitasse

1993 5354 2301 5417 nonnullos,
2335 5367 2514 5407 annon
2545 5349 2752 5404 Hilario
2806 5348 3074 5402 tribuendi
3104 5354 3285 5400 essent
3316 5344 3369 5397 hi
3403 5344 3564 5397 Coni-

1996 5447 2270 5503 mentarii.
2307 5446 2362 5500 Id
2409 5444 2456 5501 si
2501 5443 2623 5514 quis
2656 5443 2861 5505 credet,
2904 5438 3161 5494 Hilariani
3217 5453 3340 5492 cum
3372 5435 3567 5489 chara-

1998 5538 2165 5593 cteris
2204 5538 2419 5606 penitus
2446 5535 2692 5607 ignarum
2744 5546 2862 5585 esse
2897 5544 3119 5585 necesse
3160 5537 3260 5583 est.
3292 5527 3566 5580 Adversus

1998 5631 2230 5688 Arianos
2262 5644 2473 5686 summa
2519 5643 2643 5683 cum
2680 5625 2838 5681 laude
2880 5624 3096 5695 scripsit
3136 5620 3395 5687 llilarius,
3434 5634 3568 5690 quo-

391 5801 582 5873 “Lib:
615 5819 655 5865 ι,
698 5817 752 5867 p.
778 5801 903 5864 870,
939 5801 1042 5857 col.
1071 5802 1133 5873 21
1232 5799 1279 5832 ³⁸
1307 5796 1516 5873 Lib.t|,
1573 5816 1625 5873 p.
1660 5800 1787 5870 885,
1835 5816 1863 5858 c

1974 5800 2028 5859 2.
2135 5798 2181 5832 ³⁸
2210 5798 2328 5856 Lib.
2366 5814 2429 5866 tt,
2479 5811 2533 5867 p.
2579 5793 2704 5861 884,
2740 5793 2843 5851 col.
2869 5792 2920 5847 l.
2998 5791 3041 5823 ³⁷
3074 5784 3340 5845 Edmund.
3371 5782 3566 5839 Alber-

324 5874 419 5929 tin.
449 5872 502 5927 in
533 5872 1065 5930 Examineteuimun.
1098 5871 1248 5945 Orig.
1274 5886 1392 5943 cap.
1427 5872 1478 5928 l.
1506 5933 1510 5936 ,
