4068 6312
605 267 743 322 1275

1880 267 1939 324 Ρ.
1984 267 2299 323 DANIELIS
2339 268 2573 326 HUETII

3672 283 3778 335 1275

606 407 723 444 rum
777 390 877 445 iste
917 392 1232 460 partiarium
1283 407 1341 447 se
1387 394 1589 463 prodit.
1643 394 1723 447 Ad
1764 395 1879 449 haec
1936 394 2070 449 nihil
2119 396 2171 447 in
2201 396 2252 455 Α
2282 393 2478 462 Reiicit
2506 410 2598 448 eos
2632 395 2869 463 scriptor
2893 395 3095 463 operis,
3127 395 3217 465 qui
3247 394 3354 450 Deo
3386 396 3651 450 humanam
3680 404 3782 471 ligu-

603 480 862 536 Genesim
898 482 1180 551 scripsisse
1219 483 1391 539 fertur
1439 484 1699 550 Hilarius,
1730 486 1782 538 in
1812 501 1971 552 quam
2004 502 2062 540 se
2092 486 2175 539 lu-

603 576 865 629 cubrasse
898 576 1077 643 aliqua
1105 585 1338 630 testatur
1369 578 1470 633 iste
1488 588 1698 632 auctor.
1732 578 1991 632 Eamdem
2020 593 2173 643 vero,

602 676 663 722 ut
707 678 762 721 et
809 667 1007 721 librum
1060 666 1204 733 Jobi,
1246 668 1429 724 multis
1480 677 1806 738 exposuerat
1871 670 2170 739 Origenes;

604 761 746 815 unde
787 761 910 814 data
950 759 1181 815 fortasse
1210 762 1424 817 occasio
1455 763 1598 828 glibri
1637 764 1794 818 istius
1835 764 1958 818 huic
1997 764 2172 819 ascri-

603 853 797 919 bendi;
840 869 962 909 cum
1004 857 1307 924 praesertim
1366 856 1420 909 in
1459 856 1745 925 allegorias
1787 871 2172 925 nonnunquam

602 956 878 1002 excurrat.
908 948 1099 1018 Argnit
1121 949 1377 1004 Erasmus
1406 965 1469 1004 ex
1507 950 1697 1003 horum
1729 949 1985 1004 librorum
2016 947 2171 1001 clau-

603 1039 723 1093 sula
773 1055 875 1094 non
935 1040 1162 1094 ulterius
1203 1057 1545 1111 progressum
1600 1042 1769 1096 fuisse
1825 1042 2169 1110 scriptorem,

613 1129 743 1185 licet
779 1132 865 1186 vix
894 1142 1054 1201 caput
1097 1132 1213 1187 Jobi
1260 1134 1476 1189 tertium
1520 1135 1800 1205 attigerit:
1827 1150 1857 1188 a
1888 1151 1991 1206 qua
2021 1137 2177 1205 equi-

602 1224 721 1277 dem
754 1226 1024 1279 sententia
1061 1243 1166 1279 non
1200 1230 1414 1282 recedo.

672 1316 758 1374 111.
800 1317 1158 1376 Posteriorem
1189 1319 1652 1377 Commentarium
1686 1325 1741 1377 in
1764 1322 1866 1379 Job
1917 1338 1949 1378 e
1974 1322 2177 1377 Biblio-

605 1406 774 1462 thecae
821 1407 1002 1478 Regia:
1050 1411 1326 1467 codicibus
1358 1412 1644 1468 Perionius
1701 1414 1889 1469 Latina
1925 1415 2175 1469 oratione

602 1499 842 1554 donavit.
878 1500 994 1555 Alia
1026 1518 1240 1572 quuque
1281 1505 1406 1560 alibi
1454 1508 1805 1577 reperiuntur
1831 1507 1949 1576 ejus
1987 1521 2177 1562 exem-

605 1588 794 1654 plaria.
850 1588 1015 1646 Multo
1065 1596 1246 1649 minus
1299 1594 1550 1666 Origenis
1620 1597 1767 1650 illum
1821 1612 1943 1652 esse
2002 1598 2172 1662 dicas,

604 1698 765 1752 quam
808 1686 1018 1753 priores
1070 1688 1236 1749 libros
1283 1699 1434 1744 tres:
1466 1706 1587 1744 nam
1647 1707 1824 1759 neque
1880 1701 2172 1755 tomorum,

604 1792 778 1847 neque
824 1779 1163 1834 homiliarum
1189 1825 1203 1848 ,
1240 1797 1416 1850 neque
1465 1783 1794 1837 scholiorum
1838 1784 2037 1854 stylum
2077 1799 2167 1838 sa-

605 1873 720 1941 pit;
766 1888 936 1943 neque
967 1876 1187 1931 divertit
1230 1892 1457 1946 usquam
1502 1877 1555 1931 in
1591 1878 1900 1948 allegorias,
1933 1888 1989 1933 et
2032 1887 2176 1934 totus

601 1976 685 2021 est
728 1967 780 2020 in
825 1969 1211 2036 perscrutando
1242 1969 1439 2023 littera:
1469 1984 1657 2033 sensu,
1690 1980 1743 2023 ut
1778 1986 1983 2025 meram
2014 1986 2176 2040 para-

604 2058 846 2126 phrasim
898 2074 1019 2114 esse
1064 2060 1234 2115 dicas.
1287 2060 1489 2115 Mosem
1536 2061 1656 2116 libri
1698 2061 1801 2118 Job
1854 2064 2174 2133 scriptorem

603 2164 725 2205 esse
781 2152 978 2205 asserit
1023 2152 1074 2205 in
1120 2151 1477 2222 Prologozat
1524 2156 1671 2222 prior
1724 2155 2172 2211 Commentarius

604 2241 853 2297 eumdem
888 2258 915 2296 a
951 2242 1107 2309 Jobo,
1142 2245 1227 2298 vel
1276 2244 1395 2299 Johi
1442 2246 1634 2301 amicis
1676 2247 1942 2317 Syrorum
1993 2248 2173 2318 lingua

609 2333 897 2401 scriptum,
934 2351 963 2387 a
1008 2334 1191 2406 Moyse
1232 2337 1283 2390 in
1328 2337 1646 2393 Hebraicam
1681 2339 1918 2409 linguam
1953 2354 2176 2395 conver-

606 2440 725 2480 sum
770 2428 951 2481 tradit.
992 2428 1144 2483 Unde
1191 2429 1422 2484 elitcitur
1451 2431 1771 2485 alterutrum
1816 2434 2004 2488 saltem
2039 2450 2174 2503 opus

607 2518 858 2589 Origenis
886 2536 991 2574 non
1014 2533 1151 2575 esse.
1185 2519 1442 2575 Neutrum
1486 2537 1614 2577 vero
1651 2523 1770 2592 ejus
1797 2539 1917 2578 esse
1946 2525 2175 2579 eﬂicitur

600 2625 669 2664 ex
711 2625 777 2665 eo
822 2613 965 2679 quod
1010 2609 1205 2665 librum
1242 2609 1362 2665 Jobi
1405 2611 1589 2681 Moyse
1636 2615 2003 2681 antiquiorem
2052 2629 2171 2669 esse

606 2704 770 2755 t-radit
809 2701 947 2759 libro
988 2717 1036 2756 νι
1084 2713 1267 2755 contra
1298 2702 1465 2768 Cels.,
1493 2720 1640 2757 num.
1672 2704 1763 2767 44.
1793 2714 1848 2759 et
1870 2706 2014 2774 quod
2042 2704 2173 2759 Phi-

601 2789 809 2845 localiaz
853 2790 1029 2859 capite
1079 2790 1131 2854 5,
1160 2792 1331 2847 libros
1374 2795 1636 2848 duntaxat
1663 2797 1904 2865 quinque
1928 2796 2167 2868 Moysem

605 2882 893 2951 reliquisse
926 2882 1159 2936 alIirmat
1208 2883 1342 2955 (l6).
1381 2886 1513 2940 Cum
1550 2888 1800 2957 Origenis
1848 2892 2170 2945 sententiam

602 2974 670 3029 de
726 2975 995 3030 sideribus
1054 2990 1215 3043 supra
1272 2977 1719 3046 exploraremus,
1766 2980 2172 3038 observavimus

2287 503 2398 538 ram
2426 485 2689 557 aﬂingnnt
2720 506 2733 541 :
2764 504 2883 541 eam
2920 488 3167 543 haeresim
3208 489 3407 544 acriter
3431 488 3570 543 ultus
3596 501 3669 545 est
3686 493 3781 548 Ori-

2294 593 2477 648 genes.
2509 578 2626 645 Quo
2648 581 2808 634 modo
2838 581 3055 650 angelos
3095 582 3344 636 custodes
3375 582 3598 636 admittit
3622 595 3784 653 auctor,

2285 671 2523 724 admittit
2560 682 2614 725 et
2652 670 2932 742 Origenes.
2974 673 3252 727 Christum
3281 675 3598 742 patriarchis
3617 686 3665 730 et
3694 694 3788 746 pro-

2281 762 2460 831 phetis
2493 762 2704 819 Veteris
2734 763 3068 819 Testameuti
3090 765 3424 834 apparuisse,
3454 774 3604 835 atque
3623 768 3684 821 ita
3704 787 3789 825 me-

2275 854 2536 911 diatorem
2570 856 2663 911 Dei
2691 866 2747 910 et
2780 856 3061 910 hominum
3095 857 3196 912 hoc
3237 867 3480 926 tempore
3516 858 3665 914 fuisse
3700 865 3789 931 Opi-

2277 957 2438 1002 natur
2479 958 2700 1012 auctor;
2746 951 3003 1019 Opinatur
3057 961 3112 1004 et
3158 948 3441 1019 Origenes.
3501 951 3663 1007 Astris
3706 956 3788 1011 vim

2276 1054 2395 1095 esse
2422 1042 2785 1112 σημαντικήν,
2818 1024 2921 1097 non
2948 1041 3371 1114 ἀποτελεστικήν
3401 1042 3585 1097 deﬁnit
3612 1055 3787 1110 auctor;

2278 1128 2466 1184 deﬁnit
2497 1139 2554 1186 et
2597 1130 2884 1201 Origenes.
2935 1130 3121 1187 Facile
3164 1132 3347 1201 itaque
3398 1145 3675 1189 consensus
3724 1135 3790 1191 ille

2276 1224 2456 1279 fucum
2494 1223 2640 1278 fecit.

2347 1316 2765 1387 Suhjunguntur
2806 1317 2857 1371 in
2916 1315 3123 1373 Graecis
3177 1317 3501 1387 quibusdam
3549 1320 3790 1386 codicibus,

2276 1425 2331 1467 et
2354 1413 2407 1467 in
2446 1410 2623 1477 prima
2671 1409 3005 1467 Genebrardi
3039 1412 3276 1466 editione
3330 1409 3561 1465 humilia:
3591 1421 3792 1479 quatuor,

2278 1518 2397 1572 quas
2429 1503 2684 1571 quoniam
2708 1501 3081 1572 Chrysostomi
3135 1515 3256 1556 esse
3310 1500 3644 1569 deprehensae
3678 1516 3791 1570 sunt,

2278 1597 2333 1650 in
2370 1594 2775 1651 recentioribus
2817 1594 3144 1649 editionihus
3168 1593 3390 1648 fuerunt
3418 1594 3765 1663 praetermissae.

2350 1688 2553 1744 Praeter
2583 1689 2856 1758 geminum
2890 1687 3037 1741 illum
3069 1686 3534 1742 Commentarium
3568 1690 3616 1743 in
3639 1690 3790 1744 librum

2278 1782 2421 1848 Jobi,
2455 1782 2649 1837 scribit
2687 1781 3014 1838 Laurentius
3059 1781 3380 1836 Humlridns
3418 1784 3469 1835 in
3509 1782 3716 1849 Epistula
3742 1789 3792 1838 ad

2278 1876 2567 1929 Antonium
2612 1873 2844 1937 Canum,
2874 1888 2996 1943 qum
3050 1872 3384 1928 Erasmianae
3436 1872 3667 1942 Origenis
3710 1877 3795 1930 edi-

2279 1967 2412 2022 tioni
2440 1966 2659 2035 praefixa
2689 1975 2795 2031 est,
2824 1964 3207 2035 Hieronymum
3238 1964 3563 2021 Frobenium
3586 1977 3635 2021 et
3673 1967 3795 2022 Nico-

2278 2060 2420 2114 laum
2448 2061 2815 2130 Episcopium,
2846 2075 2877 2113 a
2905 2061 3099 2129 quibus
3127 2060 3280 2127 prelo
3308 2059 3592 2114 commissa
3617 2070 3687 2114 est
3709 2061 3796 2117 hac

2281 2157 2471 2221 editio,
2506 2153 2977 2209 adnotatiunculas
3023 2152 3283 2220 quasdam
3317 2151 3372 2205 in
3400 2149 3587 2206 Johum
3618 2155 3659 2207 ei
3687 2155 3796 2207 inse-

2280 2265 2397 2305 rere
2423 2248 2682 2308 noluisse,
2711 2245 2856 2314 quod
2898 2243 3191 2314 perbreves
3236 2253 3428 2299 essent
3455 2284 3469 2306 ,
3510 2254 3562 2297 et
3591 2242 3796 2313 Origenis

2275 2339 2491 2410 genium
2525 2352 2589 2392 ac
2618 2336 2817 2405 stylum
2842 2349 3031 2404 parum
3056 2332 3302 2390 redolere
3334 2334 3508 2390 doctis
3527 2334 3796 2404 quibusdam

2278 2430 2607 2483 viderentur.

2346 2520 2435 2575 IV.
2495 2521 2553 2573 In
2612 2520 2975 2588 manuscripto
3019 2516 3367 2573 Bibliotheca:
3426 2516 3599 2587 Regia:
3654 2517 3797 2571 codice

2278 2628 2474 2668 nomen
2527 2612 2781 2682 Origenis
2834 2611 3054 2681 prarfert
3104 2619 3258 2664 vetus
3287 2608 3728 2664 Commentarium
3758 2608 3796 2661 in

2279 2705 2630 2776 Evangelium
2674 2703 2866 2757 Marci.
2915 2702 3134 2773 Legitur
3193 2716 3415 2770 quoque
3465 2700 3516 2755 in
3572 2699 3797 2755 Possevini

2275 2800 2547 2867 Apparatu
2569 2796 2612 2828 ³³
2641 2796 2825 2850 haberi
2868 2795 2920 2848 in
2949 2792 3240 2850 Oxoniensi
3270 2793 3597 2847 Bibliotheca
3629 2792 3799 2860 Corpo-

2278 2893 2354 2947 ris
2381 2890 2611 2955 Christi,
2651 2888 2906 2959 Origenis
2939 2904 3076 2958 opus
3113 2889 3336 2957 aliquod
3360 2890 3416 2940 in
3454 2887 3692 2941 Marcum.
3714 2887 3795 2941 Cu-

2269 2984 2506 3049 iusmodi
2556 2983 2626 3038 sit
2674 2982 2816 3036 istud
2867 2997 3002 3051 Opus
3039 2981 3290 3050 equidem
3342 2980 3555 3049 ignoro.
3593 2979 3723 3045 Quod
3745 2978 3795 3029 ad

605 3068 841 3122 animata
877 3084 999 3125 esse
1032 3071 1205 3140 ipsum
1236 3074 1553 3129 censuisse:
1584 3086 1772 3130 contra
1810 3076 1898 3131 hic
1935 3078 2166 3147 scriptor
2193 3093 2239 3153 ρ
2276 3074 2502 3145 Regium
2558 3077 2770 3135 attinet,
2826 3072 3100 3126 nonnullae
3138 3072 3191 3126 in
3228 3086 3294 3125 eo
3345 3070 3631 3139 allegoriae,
3668 3068 3795 3123 multa

603 3160 794 3216 stellas
844 3162 1027 3217 animo
1067 3178 1257 3219 carere
1310 3165 1517 3221 diserte
1567 3176 1866 3222 asseverat.
1924 3168 2171 3223 Meminit

601 3262 859 3322 praeterea
914 3253 1331 3311 Maiiichmorum
1393 3267 1447 3312 et
1483 3258 1707 3313 Luciani
1751 3261 2033 3332 martyris,
2078 3264 2169 3331 qui

600 3346 833 3416 Origene
883 3348 1105 3403 luerunt
1144 3351 1498 3408 recentiores.
1544 3352 1755 3407 Alicubi
1785 3368 1911 3409 vero
1944 3356 2014 3408 ita
2058 3358 2174 3411 dis-

602 3443 736 3498 serit
774 3462 788 3498 :
827 3462 845 3495 ι
870 3443 1054 3512 Neque
1095 3460 1225 3513 ergo
1256 3444 1543 3515 ὁμοούσιον
1570 3445 1771 3515 aliquid
1821 3448 1937 3514 ejus
1969 3458 2072 3515 est,
2121 3451 2173 3503 id

598 3546 704 3610 est,
740 3534 976 3604 ejusdem
998 3535 1284 3599 essentize;
1317 3550 1440 3589 eum
1470 3536 1613 3590 enim
1640 3540 1862 3593 interire
1890 3555 1994 3594 non
2018 3555 2174 3610 popae

601 3608 836 3682 diximus
868 3643 885 3680 :
918 3641 1094 3695 neque
1142 3626 1419 3698 ὁμούσιον,
1451 3626 1502 3682 id
1549 3638 1653 3691 est,
1703 3630 1862 3685 unius
1886 3634 2170 3697 essentiae;

600 3719 906 3789 comparari
945 3720 1089 3773 enim
1139 3735 1246 3773 non
1287 3730 1506 3789 potest;
1546 3737 1564 3773 ι
1595 3730 1649 3776 et
1696 3721 1803 3775 alio
1837 3722 1993 3777 loco:
2024 3742 2042 3775 c
2070 3725 2175 3779 lic-

602 3814 712 3867 cita
763 3816 877 3866 haec
936 3820 989 3865 tu
1038 3826 1158 3865 cum
1206 3812 1414 3879 judicio
1454 3811 1593 3879 apud
1646 3812 2113 3870 llomoousiastas.
2149 3835 2168 3869 ι

600 3905 805 3971 Quibus
840 3903 1071 3972 aliisque
1117 3903 1488 3971 compluribus
1527 3904 1762 3960 Arianus
1810 3921 1933 3961 esse
1977 3908 2174 3962 intelli-

603 4009 748 4070 g.tur
777 4014 791 4050 :
825 4013 971 4060 nam,
1008 4005 1065 4049 ut
1115 3996 1191 4050 ait
1217 3996 1552 4065 Epiphanius
1595 3998 1723 4051 ΙΙῖΕΓ.
1748 4014 1896 4063 thx,
1928 4016 2050 4071 cap.
2084 4002 2172 4068 70,

606 4104 711 4143 non
749 4098 856 4141 tam
891 4086 1172 4141 bituminis
1218 4088 1443 4141 odorem
1484 4087 1678 4157 refugit
1731 4105 1977 4159 serpens,
2012 4108 2172 4161 quam

603 4198 790 4238 vocem
842 4180 1128 4253 ὁμοουσίου
1170 4181 1333 4235 Arius
1384 4180 1758 4236 aversabatur.
1813 4184 2173 4249 Quamobrem

602 4275 910 4332 Catholicos
943 4273 1470 4329 Humoousiastorum
1500 4274 1716 4327 nomine
1743 4273 1943 4328 Ariani
1988 4279 2178 4332 tradu-

603 4369 821 4424 cebant.
860 4367 935 4421 Ex
992 4367 1181 4420 eodem
1246 4365 1413 4435 igitur
1462 4365 1789 4421 Arianorum
1835 4366 2175 4424 Lucianista-

2274 3168 2615 3237 Origenianre
2656 3166 2917 3220 doctrina:
2950 3165 3149 3228 aﬂinia,
3182 3178 3302 3233 qua:
3346 3163 3399 3217 in
3443 3161 3792 3219 Ohservationi-

2281 3259 2384 3314 bus
2435 3259 2502 3313 ad
2532 3258 2996 3313 Commentarium
3050 3256 3105 3310 in
3156 3255 3472 3309 Matthwum
3522 3254 3793 3316 notavimus,

2277 3350 2564 3420 Origenem
2610 3349 2867 3404 videntur
2918 3359 3202 3404 auctorem
3254 3348 3524 3404 iudicare.
3561 3347 3657 3401 Sed
3690 3346 3794 3400 levia

2277 3445 2409 3507 hate,
2443 3453 2616 3511 praeut
2642 3456 2704 3495 ea
2734 3451 2860 3495 sunt
2886 3455 3005 3510 quae
3027 3441 3370 3496 contrarium
3403 3440 3657 3510 probant;
3681 3452 3796 3492 sum-

2274 3551 2361 3590 ma
2389 3535 2510 3606 styli
2536 3535 2920 3603 discrepantia,
2955 3543 3210 3589 constans
3238 3532 3492 3602 Origenis
3520 3529 3797 3586 consuetudo

2276 3629 2330 3682 in
2361 3627 2806 3690 Commentariis,
2838 3626 2922 3681 vel
2952 3642 3047 3695 per
3084 3634 3281 3690 tomos,
3313 3625 3402 3678 vel
3435 3639 3532 3695 per
3574 3622 3793 3685 homilias,

2275 3721 2360 3774 vel
2395 3734 2490 3790 per
2536 3719 2744 3775 scholia
2798 3718 3128 3789 digerendis,
3159 3733 3395 3787 quorum
3429 3718 3496 3772 ad
3527 3716 3705 3771 nullum
3728 3729 3796 3783 ge-

2278 3830 2381 3869 nus
2414 3814 2780 3882 expositiones
2820 3812 2936 3867 istas
2986 3813 3175 3868 referri
3228 3824 3494 3882 possunt;
3548 3828 3656 3865 nam
3696 3821 3796 3877 pru-

2277 3907 2485 3961 lixitate
2535 3905 2739 3959 scholia
2785 3915 3068 3974 superant,
3115 3921 3148 3960 a
3194 3905 3359 3961 tomis
3393 3898 3797 3975 superantur;ab

2279 3998 2596 4053 homiletico
2647 4011 2779 4051 vero
2845 4011 3046 4066 genere
3100 3997 3318 4067 penitus
3367 3996 3629 4052 diﬁcrunt.
3679 3992 3796 4046 Adde

2278 4090 2521 4160 proﬁteri
2550 4090 2887 4157 Scriptorem
2922 4089 3108 4158 operis
3144 4090 3261 4158 ipso
3293 4090 3472 4154 initio,
3502 4090 3794 4143 redacturum

2276 4198 2400 4238 sese
2432 4184 2485 4237 in
2532 4199 2697 4238 unum
2745 4198 2961 4252 corpus,
2992 4198 3113 4252 qua:
3144 4183 3210 4238 ah
3238 4181 3494 4239 Ecclesia:
3534 4180 3793 4236 doctoribus

2279 4275 2513 4344 sparsim
2543 4275 2598 4329 in
2644 4274 2789 4329 hunc
2835 4273 3240 4344 Evangelistam
3298 4275 3516 4329 fuerant
3551 4272 3791 4327 adamata;

2281 4383 2403 4422 cum
2433 4367 2589 4422 multi
2623 4369 2673 4422 in
2710 4366 3018 4422 Matth—.eum
3060 4377 3115 4421 et
3140 4365 3429 4434 Joannem,
3460 4365 3602 4435 pauci
3634 4362 3685 4415 in
3711 4359 3791 4413 Lu-

606 4475 722 4514 rum
755 4472 951 4528 genere
982 4457 1167 4519 fuerit,
1202 4470 1365 4525 equo
1392 4455 1630 4525 scriptor
1683 4471 1845 4525 supra
1892 4461 2173 4513 memorati
2211 4439 2251 4492 θ
2280 4478 2423 4525 cam,
2466 4462 2598 4517 nulli
2646 4464 2861 4533 penitus
2923 4463 2975 4516 in
3032 4460 3270 4515 Marcum
3323 4462 3389 4514 ad
3440 4474 3587 4514 suum
3625 4465 3795 4521 tempus

602 4549 787 4617 operis
816 4549 872 4601 in
898 4548 1111 4612 Jobum,
1141 4547 1341 4617 quippe
1374 4547 1467 4615 qui
1494 4546 1717 4601 Luciani
1743 4548 1999 4618 martyris
2023 4565 2176 4619 teque

604 4640 931 4698 meminerit.
1006 4641 1097 4695 Sic
1145 4651 1326 4695 autem
1374 4641 1664 4709 existimo;
1719 4643 2172 4711 quemadmodum

602 4734 947 4790 sublevanda:
1011 4732 1371 4786 lsraelitarum
1399 4733 1720 4799 calamitati,
1751 4734 1874 4787 dum
1896 4733 2175 4805 Egyptio—

604 4846 722 4885 rum
773 4826 1034 4883 servitute
1084 4834 1484 4894 premerentur,
1538 4825 1733 4881 librum
1770 4824 1871 4881 Job
1917 4842 1948 4881 a
1992 4825 2175 4897 Moyse

603 4922 862 4992 scriptum
888 4925 1174 4971 autumant
1198 4916 1483 4985 plerique;
1508 4917 1581 4971 ita
1612 4917 1898 4987 multiplici
1924 4917 1994 4972 ab
2019 4920 2174 4973 Aria-

606 5014 691 5069 nis
728 5009 1136 5067 Commentario
1178 5008 1427 5063 eumdem
1482 5007 1655 5063 fuisse
1714 5009 2064 5075 illustratum,
2113 5025 2177 5065 ac

604 5103 875 5173 frequenti
925 5101 1157 5156 lectione
1205 5100 1523 5163 contritum,
1573 5099 1753 5153 solatii
1804 5102 2002 5170 gratia,
2050 5116 2174 5155 cum

608 5202 679 5255 ab
709 5199 956 5255 Ecclesia
999 5197 1262 5253 catholica
1317 5196 1676 5251 anathemalis
1705 5204 1761 5250 et
1803 5198 2051 5251 censuris
2092 5212 2180 5250 ur-

606 5299 884 5363 gerentur.
943 5289 1214 5355 Quazrenti
1263 5296 1444 5341 autem
1506 5286 1633 5339 mihi
1692 5301 1991 5356 ecquonam
2019 5302 2176 5357 argu-

605 5392 787 5440 mento
842 5382 983 5437 liber
1022 5383 1123 5435 iste
1157 5380 1379 5451 Origeni
1415 5380 1754 5448 adiudicatus
1780 5389 1882 5445 est,
1917 5380 2174 5435 nonnulla

603 5477 655 5531 in
695 5492 763 5532 eo
819 5485 1176 5531 occurrerunt
1226 5473 1571 5544 Origeniante
1619 5473 1880 5527 doctrina:
1922 5473 2174 5541 vestigia,

603 5584 721 5639 qua:
747 5573 812 5625 ad
836 5570 939 5625 alia
967 5586 1072 5624 non
1099 5568 1232 5624 satis
1258 5576 1521 5623 attentum
1556 5566 1813 5622 lectorem
1844 5566 2174 5623 fefellerunt.

676 5664 720 5695 ³⁸
749 5664 1019 5717 Possevin.
1060 5660 1254 5729 Appar.
1284 5661 1335 5714 in
1366 5659 1609 5730 Origene.

2282 4555 2627 4623 scripserint.
2680 4554 2932 4609 Profecto
2979 4569 3084 4607 non
3147 4552 3303 4606 multi
3363 4562 3488 4606 ante
3550 4547 3793 4615 Origenem

2283 4646 2617 4715 scripserant
2655 4644 2707 4699 in
2745 4643 3055 4698 Matthaaum
3094 4654 3146 4697 et
3188 4641 3479 4705 Joannem;
3530 4648 3675 4706 atque
3709 4634 3794 4686 haec

2280 4739 2586 4809 sequiorem
2615 4738 2959 4807 Origenianis
2999 4737 3326 4805 temporibus
3359 4740 3562 4788 aatatem
3598 4728 3789 4796 sapiunt.

2286 4832 2343 4887 Si
2375 4832 2551 4885 minus
2596 4829 2663 4884 ad
2712 4831 3047 4900 eripiendum
3082 4827 3299 4896 Origeni
3344 4825 3533 4879 librum
3568 4822 3691 4875 hunc
3719 4830 3791 4865 va-

2282 4921 2393 4976 lent
2417 4920 2768 4989 conjecturae,
2812 4929 2867 4975 at
2890 4921 3092 4975 valebit
3136 4926 3285 4973 certe
3330 4916 3568 4971 codicum
3594 4919 3787 4963 veterum

2279 5015 2566 5081 dissensio,
2595 5030 2823 5085 quorum
2875 5013 3036 5082 aliqui
3091 5012 3293 5068 Victori
3338 5008 3654 5065 Antiocheno
3697 5010 3787 5053 eum

2282 5109 2559 5174 tribuunt;
2602 5108 2900 5179 cnjusmodi
2952 5117 3037 5163 est
3079 5107 3215 5162 liber
3242 5106 3454 5175 quidam
3502 5097 3785 5156 Bibliotheca

2283 5199 2484 5270 ltegiaz,
2521 5200 2821 5269 cuiusmodi
2861 5208 2916 5252 et
2946 5198 3038 5254 ille
3085 5198 3183 5253 fuit
3217 5195 3482 5252 Theodori
3505 5189 3687 5248 Peltani
3714 5185 3783 5239 So.

2284 5293 2497 5347 cietatis
2544 5293 2669 5348 Jesu
2722 5292 2978 5362 theologi,
3039 5292 3127 5363 qui
3186 5289 3627 5346 Commentarium
3677 5274 3779 5333 istud

2286 5384 2479 5439 Latine
2516 5402 2544 5439 a
2586 5401 2643 5440 se
2673 5386 2940 5440 redditum
2981 5384 3081 5440 sub
3109 5382 3343 5440 Victoris
3369 5379 3575 5436 nomine
3598 5370 3779 5466 publica-

2283 5478 2386 5553 vit.
2445 5476 2589 5532 ldem
2650 5478 2740 5532 alii
2787 5477 2986 5550 Cyrillo
3030 5476 3393 5532 Alexandrino
3431 5470 3774 5558 codices_asclﬂr

2288 5566 2454 5635 bunt;
2506 5570 2805 5640 cuiusmodi
2842 5570 3007 5627 etiam
3059 5569 3196 5627 alter
3252 5564 3579 5623 Bibliotheca;
3626 5554 3774 5624 Regia.

678 5760 787 5829 (l6)
827 5758 958 5813 Vide
992 5770 1119 5813 tom.
1143 5775 1170 5811 v
1204 5758 1510 5815 Comment.
1554 5760 1607 5813 in
1631 5758 1813 5829 Joan.,
1847 5774 1994 5816 num.
2019 5759 2072 5825 2,
2101 5775 2154 5829 p.
2190 5758 2278 5813 95.
