4068 6312
270 292 427 347 ῐ⁴ὶῖ7

1479 294 2050 353 ORIGENIANORUM
2094 297 2457 355 APPENDIX.

3403 297 3542 353 1278

275 410 398 466 Nec
444 410 616 467 titulis
664 411 837 468 solum
887 410 1179 469 diversitas
1216 410 1375 474 inest,
1425 414 1517 467 sed
1550 413 1671 467 libri
1702 414 1865 468 etiam
1896 418 1943 474 Α
1974 413 2103 469 dere
2134 414 2292 470 solet.
2340 412 2520 470 Nihilo
2562 413 2733 483 magis
2758 427 2879 468 cum
2915 408 3166 480 Origenis
3199 409 3541 481 dogmatibus

271 502 593 560 contextui.
630 502 689 557 In
722 503 1010 559 Codicibus
1036 503 1284 567 Victoris,
1315 502 1398 557 vel
1425 504 1611 575 Cyr-illi
1648 504 1868 560 nomine

272 592 594 665 inscriptis,
654 595 966 667 Origenem,
1031 595 1343 659 Eusebium,
1398 595 1867 667 Chrysostomum,

270 688 687 754 Apollinarium
759 701 816 746 et
882 689 1225 746 Theodorum
1289 689 1521 753 citatos;
1603 687 1869 742 Catharos

272 793 423 835 vero
449 782 732 838 haereticos
760 783 1075 853 perstrictus
1121 780 1361 848 reperias
1394 795 1408 833 :
1434 787 1594 849 atque
1626 780 1739 834 haec
1769 793 1866 833 no-

271 872 461 936 mina,
491 874 703 945 aliaque
751 874 941 939 multa,
968 888 1122 928 erasa
1150 870 1392 927 offendas
1431 872 1498 926 ab
1539 873 1868 940 exemplari-

271 959 391 1017 bus
440 978 561 1033 quaa
607 981 799 1021 nomen
834 964 1091 1033 Origenis
1120 963 1173 1017 in
1206 962 1388 1019 fronte
1416 973 1630 1033 gerunt.
1656 962 1787 1031 Quae
1819 966 1865 1020 si

272 1055 415 1121 quis
463 1071 591 1111 casu
626 1058 916 1130 contigisse
955 1065 1126 1126 putet,
1154 1069 1344 1124 parum
1391 1056 1481 1111 ille
1522 1056 1866 1111 librariorum

270 1145 575 1201 audaciam
609 1148 963 1218 perspexerit.
998 1148 1130 1202 Mihi
1167 1160 1294 1201 vero
1333 1161 1457 1200 cum
1487 1156 1636 1200 certo
1658 1156 1871 1202 constet

269 1234 753 1292 Commentariun:
788 1239 930 1293 istud
965 1254 1070 1293 non
1109 1252 1229 1293 esse
1264 1236 1536 1309 Origenis,
1576 1237 1869 1293 verisimile

276 1323 345 1377 fit
395 1325 468 1380 ab
506 1327 570 1380 iis
608 1325 780 1382 fuisse
823 1328 1231 1396 interpolatum,
1282 1336 1337 1381 et
1383 1326 1437 1380 in
1482 1327 1864 1395 Origenianam

277 1414 727 1472 luquraliouem
774 1430 1051 1483 recusum,
1093 1433 1203 1489 quo
1251 1418 1468 1474 facilius
1525 1417 1757 1476 lectores
1782 1419 1867 1475 vel

272 1515 565 1575 emptores
593 1509 1025 1564 nancisceretur.

350 1592 479 1651 Jam
524 1611 655 1653 vero
706 1598 781 1650 uti
832 1598 1031 1667 potius,
1077 1597 1304 1662 Victori,
1357 1613 1428 1652 an
1483 1597 1707 1669 Cyrillo,
1767 1599 1868 1653 tri-

271 1688 563 1744 buendum
604 1690 675 1744 sit
715 1690 856 1744 istud
891 1689 1358 1746 Commentarium
1404 1690 1728 1761 dijudicare,
1762 1692 1863 1746 etsi

1975 506 2242 577 congruit.
2278 507 2440 561 Docet
2472 505 2733 577 Origenes
2756 503 2979 559 homilia
3024 501 3092 556 M
3122 503 3177 556 in
3210 501 3403 556 Lucam
3430 501 3543 556 Ma-

1970 596 2108 651 riam
2145 598 2347 666 apertis
2374 602 2513 653 uteri
2539 598 2796 653 claustris
2809 596 3085 653 Christum
3115 594 3283 651 fuisse
3300 595 3541 661 enixam,

1970 698 2029 743 ut
2060 704 2221 760 supra
2256 704 2353 744 suo
2386 689 2504 744 loco
2530 689 2733 745 dictum
2764 696 2848 743 est
2879 705 2892 741 :
2921 686 3191 741 contraria
3228 686 3408 740 omnia
3440 689 3543 740 hac

1970 778 2198 833 homilia
2242 788 2573 834 statuuntur.
2608 778 2775 832 Plane
2818 778 3000 845 itaque
3031 792 3135 831 non
3163 786 3247 830 est
3270 774 3540 845 Origenis.

1971 869 2222 926 Latinum
2281 870 2598 937 scriptorem
2623 867 2797 939 stylus
2847 869 3045 936 arguit.
3097 866 3386 921 Auctorem
3415 864 3545 919 divi-

1974 970 2085 1023 net,
2113 960 2158 1015 si
2210 960 2331 1030 quis
2364 960 2621 1016 hariolari
2675 968 2842 1013 amat.
2898 958 3190 1029 Reperitur
3221 958 3310 1012 illa
3344 958 3397 1013 in
3434 956 3535 1012 Le-

1969 1052 2237 1109 Ctionario
2262 1052 2491 1121 quodam
2530 1053 2696 1106 veteri
2727 1051 3064 1105 bibliotheca;
3096 1049 3293 1114 Regius.

2037 1142 2107 1198 At
2150 1142 2415 1197 mirabilis
2462 1152 2548 1197 est
2605 1157 2790 1196 eorum
2850 1153 3061 1210 stupor,
3105 1141 3195 1211 qui
3244 1140 3539 1196 secundam

1969 1233 2249 1291 homiliam
2285 1233 2505 1306 Origeni
2553 1234 2975 1303 adjudicarnnt;
3040 1249 3162 1288 nam
3215 1242 3410 1302 praater
3433 1241 3543 1303 sty-

1976 1327 2085 1381 lum
2118 1328 2185 1381 ab
2205 1327 2531 1396 Origeniano
2556 1327 2718 1397 genio
2750 1327 3126 1392 abhorentem,
3161 1334 3216 1381 et
3241 1324 3540 1379 clausulam

1968 1420 2037 1474 ab
2088 1416 2434 1489 Origenianis
2476 1418 2769 1484 diversam,
2826 1418 3152 1473 Mauichmos
3205 1427 3262 1472 et
3313 1416 3545 1471 Arianos

1973 1511 2230 1584 Origenls
2259 1510 2589 1580 temporibus
2611 1511 2947 1580 posteriores
2985 1510 3303 1565 nominatim
3356 1507 3543 1577 appel-

1967 1604 2064 1659 lat.
2114 1604 2308 1659 Filium
2358 1603 2499 1657 Patri
2554 1603 2838 1674 ὁμοούσιον
2899 1618 3022 1658 esse
3073 1603 3242 1669 dicit;
3308 1601 3543 1671 Dionysii

1969 1694 2312 1763 Areopagitae
2338 1708 2501 1764 opera
2544 1696 2695 1760 citat,
2728 1710 2847 1749 cum
2899 1692 3150 1764 Origenis
3174 1702 3305 1748 tetas
3350 1694 3451 1748 hos
3480 1693 3546 1746 li-

273 1788 370 1833 est
405 1791 601 1849 praeter
630 1780 963 1845 institutum,
996 1782 1169 1836 dicam
1215 1791 1394 1837 tamen
1449 1784 1630 1837 obiter
1658 1782 1864 1838 Victori
1900 1764 1940 1819 Β
1969 1786 2097 1840 bros
2130 1785 2363 1840 nondum
2393 1786 2634 1841 vidisset.
2674 1784 2913 1840 Habetur
2947 1788 3062 1841 haec
3096 1784 3317 1839 homilia
3347 1787 3398 1839 in
3430 1799 3547 1838 ma-

276 1870 668 1932 verisimilius,
695 1886 856 1942 quam
897 1873 1100 1943 Cyrillo
1158 1873 1359 1928 ascribi
1389 1892 1402 1928 :
1446 1889 1545 1929 nec
1574 1874 1719 1930 enim
1746 1875 1868 1930 Ori-

275 1975 484 2030 genem
517 1971 624 2015 tam
656 1964 850 2018 crebro
887 1973 1077 2019 testem
1113 1979 1141 2018 a
1188 1964 1390 2035 Cyrillo
1430 1965 1726 2031 laudatum,
1763 1982 1863 2020 nec

270 2052 664 2123 Cbrysostomi
718 2064 1026 2124 usurpatam
1068 2057 1136 2111 ab
1165 2072 1231 2113 eo
1281 2059 1660 2113 auctoritatem
1714 2059 1870 2113 facile

277 2146 613 2214 putaverint.
674 2146 750 2200 De
802 2146 1031 2202 Victoris
1095 2156 1253 2203 aetate
1289 2149 1644 2219 quaestionem
1703 2148 1867 2202 habet

281 2239 575 2306 Peltanus,
609 2249 663 2294 et
693 2238 909 2295 Juliauo
951 2238 1314 2311 antiquiorem
1364 2255 1485 2295 esse
1534 2249 1707 2309 putat,
1746 2240 1868 2293 ideo

281 2333 441 2399 quod
471 2332 742 2386 decimum
778 2332 995 2386 tertium
1018 2331 1183 2386 Marci
1217 2342 1378 2403 caput
1408 2348 1683 2403 exponens
1738 2332 1860 2387 fun-

280 2426 545 2480 damenta
581 2424 760 2495 templi
811 2439 1093 2493 superesse
1124 2426 1302 2493 dicat;
1356 2441 1419 2481 ea
1468 2441 1598 2481 vero
1653 2424 1870 2481 Juliano

283 2516 598 2586 imperante
632 2516 797 2571 fuisse
845 2516 1077 2580 refossa,
1113 2514 1272 2584 juxta
1303 2515 1588 2586 Nicephori
1622 2518 1868 2572 testimo-

283 2606 445 2660 nium
494 2607 729 2675 :capite
787 2620 915 2660 vero
976 2608 1220 2675 sequenti
1270 2608 1532 2663 Catharos
1587 2608 1870 2664 haereticos

284 2697 564 2767 suggillet,
590 2712 816 2766 quorum
845 2698 1069 2753 haeresis
1104 2710 1231 2755 ante
1277 2701 1418 2758 hanc
1448 2709 1661 2756 tetatem
1694 2701 1871 2757 fuerat

288 2790 364 2861 ab
398 2790 637 2846 Ecclesia
667 2790 967 2861 proﬂigata.

366 2879 431 2938 V.
460 2881 616 2937 Circa
648 2882 919 2946 homilias,
958 2898 1077 2951 quae
1123 2880 1190 2935 In
1240 2881 1467 2936 diversos
1518 2882 1741 2938 inscribi
1786 2896 1873 2938 so-

289 2975 429 3039 lent,
460 2988 583 3029 ante
608 2976 789 3029 omnia
825 2978 1117 3030 natandum
1154 2986 1238 3029 est
1277 2976 1444 3031 fuisse
1477 2977 1621 3044 ipsas
1655 2991 1685 3029 a
1729 2974 1868 3029 Mer-

290 3070 408 3123 lino
437 3082 501 3122 ex
554 3067 717 3121 variis
760 3067 894 3121 locis
944 3066 1222 3130 collectas,
1253 3076 1308 3122 et
1336 3084 1401 3121 eo
1438 3067 1729 3121 collocatas
1773 3082 1867 3121 or-

288 3161 442 3223 dine,
469 3174 576 3228 quo
611 3162 749 3213 inter
793 3174 851 3212 se
887 3159 1159 3227 disposita:
1189 3171 1505 3213 cernuntur.
1543 3158 1597 3212 ld
1646 3159 1760 3226 ipse
1814 3158 1867 3211 in
1900 3133 1943 3189 C
1979 3176 2083 3215 non
2118 3157 2413 3213 clausulam

287 3250 533 3303 editione
566 3265 659 3301 sua
700 3249 766 3303 de
798 3250 861 3303 iis
896 3248 1154 3317 praefatus
1190 3258 1294 3304 est.
1327 3248 1481 3315 Quod
1531 3263 1868 3315 prtemonen-

291 3345 401 3398 dus
448 3343 547 3395 fuit
586 3343 775 3407 lector,
807 3359 875 3396 ne
926 3342 1157 3396 miretur
1210 3343 1483 3411 quomodo
1541 3341 1779 3407 diversa,
1815 3351 1870 3395 et

289 3449 489 3502 parum
533 3434 634 3489 sibi
675 3450 911 3502 congrua
948 3436 1187 3490 membra
1219 3435 1271 3487 in
1300 3450 1463 3488 unum
1505 3448 1703 3501 corpus
1739 3449 1871 3487 con-

288 3527 573 3584 ﬂuxerint.
628 3525 876 3599 Singulas
915 3543 1057 3583 nunc
1106 3543 1349 3582 seorsum
1385 3541 1446 3581 ac
1472 3526 1746 3596 sigillatim
1778 3542 1873 3581 ex-

287 3622 586 3678 cutiamus.

369 3714 552 3769 Prima
583 3716 650 3770 ab
689 3713 940 3784 Origenis
962 3713 1106 3783 stylo
1140 3714 1356 3782 penitus
1377 3712 1551 3765 aliena
1583 3722 1665 3765 est
1692 3729 1706 3767 :
1736 3711 1870 3765 sim-

291 3811 421 3878 plex
448 3808 535 3863 ille
568 3817 724 3865 estet
759 3806 1061 3872 familiaris,
1084 3806 1317 3861 litteram
1360 3804 1596 3860 breviter
1626 3805 1870 3874 exponit,

293 3911 413 3955 tum
436 3900 630 3954 transit
653 3900 719 3954 ad
748 3898 1036 3969 allegorias
1080 3907 1134 3952 et
1166 3897 1536 3967 tropologias;
1571 3898 1687 3951 haec
1708 3898 1873 3952 abun-

294 3996 395 4048 dat
418 3993 711 4048 schematis
734 4002 788 4047 et
815 3994 1003 4062 tropis,
1043 3994 1177 4048 ludit
1210 3994 1261 4047 in
1292 3992 1491 4058 verbis,
1517 4002 1573 4045 et
1594 3992 1751 4045 aliter
1779 3994 1872 4046 de—

296 4087 468 4156 nique
496 4085 785 4152 clauditur,
814 4101 974 4155 quam
1001 4085 1256 4141 homilias
1284 4098 1410 4139 suas
1441 4082 1702 4155 Origenes
1724 4082 1873 4138 clau-

1971 1880 2247 1950 nuscriplo
2306 1878 2651 1933 Bibliothecze
2710 1878 2891 1944 Regia:
2944 1878 3130 1953 codice
3186 1877 3328 1932 inter
3376 1875 3544 1929 multa

1973 1974 2255 2042 Augustini
2274 1972 2555 2043 opuscula.
2589 1972 2662 2026 De
2691 1982 2913 2027 auctore
2934 1982 3139 2026 certum
3166 1970 3300 2026 nihil
3321 1970 3548 2026 delinire

1975 2081 2215 2137 possum.

2041 2154 2119 2210 Ne
2142 2154 2351 2209 tertiam
2384 2153 2607 2223 quidem
2660 2153 2881 2224 Origeni
2911 2153 3173 2222 deputare
3212 2152 3410 2219 ausim,
3455 2168 3545 2209 re-

1971 2259 2243 2319 pugnante
2286 2246 2527 2301 clausula
2562 2255 2615 2300 et
2643 2247 2785 2315 stylo
2831 2263 2846 2298 :
2880 2250 3128 2314 quamvis
3160 2247 3226 2299 ad
3267 2244 3548 2315 Origenia-

1971 2352 2098 2391 num
2156 2351 2403 2405 saporem
2458 2335 2685 2404 propius
2749 2335 2978 2389 accedat
3016 2351 3179 2402 quam
3231 2334 3546 2404 superiores

1972 2430 2125 2493 dum;
2168 2427 2429 2497 pauculas
2467 2427 2614 2482 enim
2674 2427 2937 2496 quasdam
3015 2426 3305 2497 allegorias
3360 2426 3543 2481 habet.

1970 2518 2166 2573 Prima:
2197 2528 2376 2571 tamen
2412 2518 2645 2571 similior
2666 2527 2928 2586 estquam
2952 2518 3228 2583 secundae,
3261 2516 3397 2571 adeo
3420 2532 3547 2572 cre-

1976 2612 2073 2668 bra
2111 2620 2193 2666 est
2228 2609 2416 2681 ﬁguris
2442 2618 2496 2664 et
2526 2609 3066 2679 interrogationibus.
3102 2608 3356 2663 Latinum
3415 2611 3549 2665 scri-

1974 2712 2182 2772 ptorem
2234 2701 2405 2766 dicas,
2448 2707 2502 2753 et
2555 2698 2772 2767 quidem
2805 2697 3133 2768 Hieronymo
3165 2698 3544 2753 recentiorem.

1972 2794 2117 2851 ldem
2166 2802 2283 2849 esto
2317 2795 2381 2847 de
2414 2801 2604 2861 quarta
2629 2791 2847 2845 homilia
2868 2790 3157 2859 judicium,
3186 2805 3347 2859 quam
3385 2790 3547 2845 exhi-

1972 2885 2101 2942 bent
2131 2898 2344 2955 quoque
2376 2882 2715 2938 Lectionaria
2753 2881 2932 2951 Regia:
2955 2882 3321 2937 Bibliotheca.

2045 2978 2245 3033 Eadem
2269 2985 2324 3032 et
2356 2976 2602 3045 quintam
2630 2975 2909 3030 homiliam
2941 2975 3222 3042 exhibent,
3253 2988 3375 3044 quae
3412 2969 3548 3026 nihil

1976 3068 2361 3140 Origenianum
2407 3067 2589 3135 habet,
2636 3083 2740 3122 nou
2800 3067 3020 3137 stylum,
3069 3081 3175 3120 non
3236 3065 3545 3136 allegorias,

2458 3176 2473 3213 :
2513 3159 2689 3213 oratio
2723 3158 2961 3221 concisa,
3005 3157 3282 3222 dissoluta,
3305 3159 3549 3228 ἐσχημα-

1975 3251 2226 3323 τισμένη.
2262 3250 2481 3304 lnitium
2508 3250 2766 3315 homilite,
2797 3250 2936 3318 quod
2962 3248 3211 3319 Origeuis
3240 3251 3536 3304 doctrinam

1984 3347 2148 3413 sapit,
2180 3342 2470 3397 lectoribus
2498 3342 2772 3410 imposuit.
2800 3339 2928 3395 Vide
2956 3351 3157 3395 tomum
3190 3358 3221 3395 x
3260 3342 3313 3395 in
3353 3342 3548 3396 Matth.

1980 3453 2126 3492 num.
2163 3436 2219 3501 1,
2246 3436 2465 3490 easdem
2502 3434 2616 3489 fere
2638 3432 2878 3503 reperies
2903 3435 3217 3488 sententias.
3259 3433 3411 3500 Quod
3440 3434 3546 3487 nisi

1981 3531 2141 3587 dubia
2166 3537 2310 3584 esset
2338 3527 2698 3598 lnterpretum
2728 3527 2880 3592 fides,
2928 3526 3246 3595 scriptorem
3299 3523 3547 3579 Latinum

1975 3638 2098 3680 esse
2116 3623 2412 3694 judicarem
2435 3636 2501 3676 ex
2528 3620 2612 3677 bis
2631 3620 2809 3675 verbis
2842 3638 2855 3674 :
2887 3637 2906 3670 ι
2938 3618 3051 3691 (l7)
3077 3618 3209 3674 Cum
3229 3633 3378 3687 ager,
3408 3629 3551 3687 quoe

1980 3719 2033 3773 in
2066 3733 2131 3773 eo
2154 3716 2355 3785 aliquid
2412 3725 2626 3783 agatur,
2657 3715 2741 3770 vel
2766 3714 2908 3768 ~villa
2959 3730 2988 3768 a
3048 3711 3551 3768 circumvallatione

1976 3811 2184 3876 limitis,
2216 3811 2317 3864 hoc
2341 3817 2426 3864 est
2450 3809 2748 3864 munitione
2772 3808 3030 3863 custodiae
3070 3820 3266 3861 nomen
3320 3818 3549 3871 accepe-

1978 3906 2071 3968 rit,
2130 3917 2367 3972 congrue
2429 3902 2835 3972 dispensatione
2885 3900 3067 3955 carnis
3122 3899 3215 3954 illo
3271 3898 3551 3967 ingressus

1979 3997 2243 4051 asseritur
2267 3996 2549 4060 Dominus,
2580 4011 2689 4065 quo
2710 4010 2808 4065 per
2833 3994 3049 4049 deitatis
3084 4001 3294 4063 portam
3314 3990 3547 4045 circum-

1980 4089 2156 4143 dando
2188 4089 2470 4143 attrahens
2500 4088 2568 4142 ad
2603 4086 2976 4142 credulitatem
3028 4084 3357 4148 incredulos,
3384 4091 3439 4137 et
3462 4096 3549 4136 sa.—

373 4267 492 4337 (i'l)
525 4265 657 4321 Cum
692 4282 841 4336 ager,
876 4265 1019 4334 quod
1069 4266 1125 4317 in
1162 4280 1221 4318 ea
1266 4264 1471 4337 aliquid
1508 4274 1742 4337 agatur,
1776 4273 1883 4319 etc.
1916 4275 1962 4330 ι)
1992 4274 2264 4337 poterant,
2299 4266 2421 4334 quia
2460 4262 2963 4337 quos'Adelictorum
3005 4263 3217 4317 sarcina
3270 4258 3546 4328 deprimit,

301 4334 433 4393 "sic
474 4334 683 4401 verba,
730 4334 901 4403 atque
977 4336 1368 4404 praecedentia,
1434 4351 1453 4385 ι
1498 4334 1879 4402 Capharuauut

302 4423 541 4478 namque
572 4409 957 4475 interpretatur
999 4422 1122 4475 ager
1179 4405 1272 4478 vel
1309 4405 1434 4459 villa
1484 4405 1879 4478 consolationis.

298 4479 436 4533 Cum
452 4475 613 4546 'ager,
654 4496 673 4529 ι
702 4488 838 4539 etc.,
880 4491 982 4529 non
1019 4485 1235 4529 exstant
1261 4476 1314 4529 in
1349 4476 1599 4529 omnibus
1631 4475 1695 4528 iis
1721 4486 1883 4544 quot-

302 4555 437 4615 quot
470 4548 577 4601 vidi
616 4546 858 4615 antiquis
911 4546 1230 4600 homiliariis
1274 4561 1434 4599 manu
1485 4546 1746 4609 exaratis,
1797 4546 1886 4600 ubi

307 4621 501 4685 horum
539 4618 823 4671 verborum
849 4617 968 4670 loco
1005 4616 1193 4683 legitur
1227 4631 1241 4667 :
1282 4635 1299 4666 ι
1345 4616 1453 4670 Cur
1497 4616 1567 4669 ibi
1604 4617 1886 4685 ingressus

305 4686 435 4740 est?
464 4684 693 4756 Pr0pter
728 4688 827 4739 hoc
855 4687 996 4755 quod
1027 4697 1081 4740 et
1115 4686 1337 4756 invenit,
1364 4696 1416 4739 et
1442 4687 1625 4756 statim
1659 4684 1889 4756 manife-

307 4770 450 4809 stum
477 4753 587 4813 est.
613 4757 843 4810 Accessit
873 4753 940 4809 ad
966 4772 1083 4809 eum
1130 4753 1383 4809 Centurio
1411 4754 1629 4823 (Matth.
1660 4770 1777 4818 VIII,
1807 4755 1885 4827 5).

307 4828 551 4880 Accessit
608 4843 768 4891 vere;
842 4843 946 4879 non
1019 4827 1304 4891 dimidius,
1355 4829 1448 4880 sed
1497 4836 1643 4880 totus
1697 4842 1711 4878 :
1780 4842 1883 4880 non

309 4906 531 4963 aspectu
562 4898 802 4965 corporis
827 4905 1054 4961 tantum,
1096 4897 1261 4951 sedet
1287 4897 1478 4950 anima:
1508 4895 1842 4964 plenitudine
1869 4912 1881 4946 :

309 4982 416 5018 nou
448 4967 582 5021 facie
616 4969 963 5031 tantum,.sed
984 4978 1036 5019 et
1068 4967 1413 5021 innuaculato
1433 4968 1616 5020 corde.
1653 4984 1672 5016 ι
1714 4966 1806 5019 Sic
1832 4977 1887 5021 et

308 5036 461 5090 initio
484 5037 719 5091 homilia:
762 5053 858 5105 pro
884 5037 966 5090 his
992 5037 1170 5090 verbis
1200 5054 1213 5090 :
1244 5036 1625 5090 «Descendente
1667 5036 1797 5089 Jesu
1822 5039 1887 5090 de

304 5116 496 5177 monte,
511 5118 700 5161 secuta'
712 5104 836 5165 sunt
852 5107 1018 5160 turba:
1035 5108 1212 5161 multa:
1227 5104 1587 5175 (MatthmuJ
1601 5106 1640 5177 ).
1654 5106 1886 5160 Docente

314 5192 442 5230 vero
476 5176 704 5232 Domino
764 5181 815 5231 iu
854 5189 1064 5237 monte,
1095 5177 1344 5246 discipuli
1382 5188 1539 5230 erant
1580 5176 1703 5230 eum
1745 5177 1883 5246 ipso,

306 5246 506 5315 quibus
531 5251 714 5301 datum
754 5259 871 5301 erat
909 5250 1145 5302 cmlcstis
1182 5249 1446 5301 doctrinae
1478 5263 1639 5302 nosse
1665 5257 1875 5301 scereta

307 5335 403 5387 per
430 5333 549 5386 qua:
595 5319 787 5373 salutis
826 5320 1051 5372 scientia
1087 5320 1377 5372 brutorum
1419 5320 1582 5371 corda
1634 5318 1881 5382 salirent,

312 5403 696 5455 caesorumque
722 5389 892 5442 oculis
920 5403 1017 5457 per
1056 5390 1342 5443 mundana:
1389 5388 1765 5443 delectationis
1798 5396 1883 5441 te-

309 5460 504 5512 nebras
548 5459 905 5527 caligantibus
959 5460 1148 5512 lucem.
1188 5458 1560 5523 patefacerent
1603 5460 1869 5512 veritatis.

311 5528 462 5582 Unde
500 5538 555 5583 et
609 5530 865 5582 Dominus
909 5531 975 5582 ad
1026 5543 1158 5582 eos:
1203 5527 1304 5582 Vos
1356 5531 1500 5591 estis,
1560 5530 1754 5597 inquit,
1797 5528 1877 5581 sal

306 5609 483 5664 terrae,
521 5614 609 5651 vos
635 5603 754 5652 estis
803 5608 858 5653 et
887 5600 1087 5652 lumina
1111 5601 1289 5651 mundi
1316 5598 1529 5668 (Matth.
1553 5614 1605 5661 v,
1648 5599 1735 5662 l5,
1764 5600 1878 5668 14).

310 5668 464 5723 Nunc
487 5684 613 5724 vero
652 5671 1013 5724 descendente
1043 5684 1108 5721 eo
1137 5671 1205 5722 de
1234 5680 1436 5731 monte,
1481 5671 1648 5723 llll'st
1681 5683 1882 5725 secuta:

310 5748 434 5795 sum
451 5754 573 5794 eum
601 5756 612 5791 :
636 5741 689 5795 in
716 5750 950 5795 montem
978 5740 1187 5794 scilicet
1212 5741 1507 5795 ascendere
1534 5755 1878 5811 nequaquam

1991 4334 2058 4391 ad
2095 4337 2483 4408 mysteriorum
2512 4334 2760 4408 sublimia
2795 4334 2896 4388 nisi
2931 4338 3140 4408 abiecto
3185 4344 3547 4408 or_tere_sc_an—

1992 4409 2119 4462 dere
2147 4398 2370 4460 minime
2404 4405 2603 4459 valent.
2634 4405 2838 4458 Idcirco
2860 4414 2913 4459 et
2947 4398 3041 4456 lilii
3082 4401 3242 4455 Israel
3295 4398 3547 4467 primitus

1993 4478 2046 4530 in
2081 4485 2317 4530 montem
2372 4475 2666 4529 ascendere
2704 4490 2809 4528 non
2840 4483 3091 4541 poterant
3116 4472 3180 4525 ad
3224 4469 3546 4525 obviaudum

1995 4547 2122 4619 Deo,
2148 4547 2270 4615 quia
2297 4544 2629 4619 Egyptiaea
2643 4546 2855 4619 gravati
2900 4543 3315 4599 conversatione
3345 4552 3545 4619 praepe-

1992 4611 2298 4679 diebantur,
2328 4611 2422 4671 sed
2445 4611 2595 4669 Solus
2613 4611 2842 4685 Moyses,
2875 4626 3011 4680 etc.;
3056 4633 3074 4664 ι
3112 4611 3548 4685 inss._nostri'hu-

1991 4687 2117 4741 bent
2152 4709 2163 4742 :
2196 4687 2461 4741 «Docente
2483 4688 2531 4738 in
2554 4683 2734 4739 monte
2758 4687 3000 4747 Domino,
3020 4683 3265 4751 discipuli
3288 4687 3549 4735 venerunt

1989 4759 2056 4811 ad
2086 4771 2210 4812 eum
2247 4759 2386 4811 sicut
2426 4756 2652 4815 alacres,
2687 4758 2823 4809 sicut
2858 4755 3156 4818 domestici,
3189 4754 3330 4807 sicut
3358 4751 3544 4820 proxig

1991 4828 2084 4892 mi,
2118 4829 2263 4899 sicut
2296 4827 2453 4899 amici
2487 4826 2813 4899 vell‘ratres.
2837 4827 2960 4881 Ideo
2984 4826 3056 4879 ait
3097 4835 3151 4899 el.
3187 4819 3448 4899 Dominus
3477 4819 3543 4899 ad

1988 4912 2082 4951 eos
2121 4917 2134 4952 ε
2188 4897 2285 4951 Vos
2340 4898 2463 4950 estis
2509 4897 2590 4950 sal
2635 4906 3014 4961 terrw,et,vos
3044 4897 3167 4947 estis
3208 4895 3301 4946 lux
3357 4891 3538 4941 mundi

1988 4967 2203 5037 (Matth.
2234 4969 2408 5032 v,15,
2451 4967 2562 5034 14).
2617 4966 2768 5020 Nune
2796 4982 2924 5020 vero
2970 4965 3325 5037 descendente
3374 4976 3439 5013 eo
3481 4961 3547 5012 de

1989 5036 2194 5105 monte,
2231 5040 2400 5093 turba:
2437 5047 2637 5091 secuta:
2689 5045 2815 5090 sunt
2865 5052 3011 5109 cuin,
3052 5036 3264 5109 quaein
3312 5039 3545 5109 montem

1988 5099 2284 5164 ascendere
2316 5124 2418 5161 non
2468 5118 2758 5179 potuerunt
2791 5117 2848 5161 ut
2880 5099 3021 5179 pigri
3050 5099 3251 5179 populi,
3278 5099 3546 5179 _ttt_negl.i-

1988 5124 2284 5164 ascendere
2316 5124 2418 5161 non
2468 5124 2758 5174 poruerunt
2791 5124 2848 5161 ut
2919 5124 3015 5175 tgrt
3050 5124 3251 5174 popun,
3289 5124 3343 5155 ιιι
3377 5124 3545 5169 negu-

1987 5188 2194 5246 gentes,
2230 5194 2288 5233 ut
2324 5177 2645 5246 imperfecti.
2675 5178 2751 5230 lta
2787 5188 2843 5231 et
2874 5124 2965 5230 Elii
3005 5176 3167 5229 Israel
3213 5173 3459 5246 primitus
3492 5170 3545 5222 in

1988 5243 2226 5303 moment
2261 5243 2555 5302 ascendere
2595 5264 2699 5300 non
2730 5248 3012 5301 valuerunt
3066 5266 3079 5300 :
3121 5251 3185 5299 ad
3215 5243 3540 5297 obviaudum

1986 5320 2098 5373 Deo
2131 5335 2357 5390 pergere
2398 5334 2501 5371 nou
2527 5326 2820 5384 potuerunt
2855 5327 3073 5390 propter
3102 5333 3252 5369 suam
3285 5310 3548 5390 irreligio-

1986 5379 2199 5444 sitatetu
2231 5379 2286 5444 ct
2316 5379 2668 5457 impietatem,
2705 5390 2797 5442 sed
2828 5379 2972 5441 solus
3002 5387 3234 5457 Moyses,
3256 5393 3419 5457 rete.
3454 5379 3547 5432 Sic

1986 5460 2219 5528 denique
2265 5472 2319 5515 et
2360 5456 2498 5520 lucc,
2539 5469 2594 5513 et
2638 5458 2758 5512 alia:
2810 5457 3077 5526 pleneque
3126 5456 3377 5515 homiliaa,
3413 5463 3548 5515 quas

1990 5533 2091 5584 θυι)
2119 5527 2368 5599 Origeuis
2415 5531 2629 5584 riotnine
2669 5527 2925 5582 Merliuus
2959 5528 3148 5599 edidit,
3189 5534 3545 5599 praeterquam
3604 5552 3607 5555 »

1985 5602 2128 5669 quod
2158 5597 2367 5654 mendis
2392 5601 2588 5668 ubique
2617 5609 2845 5664 scatent,
2894 5612 2956 5651 ac
2995 5598 3204 5669 lacunis
3253 5597 3551 5669 innumeris

1988 5668 2225 5732 inhiant,
2263 5670 2491 5737 plurima
2527 5670 2725 5723 habent
2771 5670 2974 5722 intexta
3003 5683 3125 5734 qua:
3159 5668 3211 5721 in
3247 5673 3547 5720 manuscri-

1985 5742 2091 5810 ptis
2126 5739 2445 5797 homiliariis
2474 5741 2632 5793 aliter
2657 5746 3132 5804 repraesentantur.
