4068 6312
625 323 762 380 1279

629 447 819 500 uitatis
852 443 1166 499 miraculum
1191 452 1308 499 erat
1354 451 1594 498 acturus.
1627 460 1645 493 ι
1680 442 1724 497 A
1752 440 1938 511 prima:
1965 442 2200 499 homiliaa

627 538 770 609 stylo
798 552 987 608 parum
1020 537 1290 591 dissentit.

698 629 858 685 Sexta
905 628 1125 683 homilia
1173 628 1383 697 primae,
1419 627 1613 692 tertiae,
1648 635 1858 698 quartae
1917 641 1982 682 ac
2026 626 2197 696 quin-

627 731 714 788 I3,
740 722 831 774 sed
862 720 1035 774 tertia:
1059 719 1399 788 potissimum
1429 719 1620 774 similis
1662 728 1763 781 est,
1790 720 1954 791 stylo,
1989 721 2195 790 ﬁguris,

626 811 903 877 clausula;
940 816 1080 865 unde
1109 807 1137 865 a
1185 812 1379 865 Latino
1425 826 1640 883 quoque
1692 812 1911 866 homine
1939 812 2197 881 scriptam

626 903 974 957 arbitramur.
1027 902 1138 975 (I8)
1164 903 1274 959 Nec
1306 904 1464 959 aliter
1520 906 1587 960 de
1619 906 1846 975 septima
1870 904 2197 971 iudicamus,

632 993 759 1047 licet
786 994 1023 1049 clausula
1051 1006 1254 1050 careat.
1303 997 1416 1068 (19)
1481 998 1782 1068 Utramque
1841 1004 2201 1067 repraesentat

627 1085 999 1140 lectionarinm
1041 1089 1307 1156 quoddam
1363 1088 1539 1158 Regia:
1575 1088 1920 1144 Bibliotheca
1969 1108 1983 1144 :
2026 1097 2081 1143 et
2120 1103 2202 1143 se-

630 1180 851 1247 ptimam
891 1180 1105 1248 quidem
1142 1182 1244 1235 hoc
1268 1182 1419 1236 initio
1458 1198 1472 1234 :
1510 1200 1530 1235 ‹
1570 1181 1813 1249 Fratres,
1846 1182 1979 1236 dicit
2006 1180 2200 1251 aliquis

637 1283 703 1324 ex
736 1271 907 1336 vobis,
939 1270 1038 1326 feci
1069 1282 1285 1342 peccata
1323 1274 1487 1327 multa
1512 1283 1568 1327 et
1604 1290 1797 1345 magna
1831 1292 1844 1329 :
1876 1282 1931 1330 et
1962 1275 2087 1346 quis
2128 1290 2195 1329 ex

628 1362 780 1416 vobis
807 1372 890 1417 est
927 1365 1017 1432 qui
1082 1380 1185 1419 non
1236 1368 1462 1434 peccet?
1494 1366 1574 1421 Tu
1637 1368 1744 1433 dic,
1807 1370 1987 1424 erravi
2035 1383 2200 1437 super

628 1468 817 1508 omnes
855 1458 1123 1511 homines.
1160 1457 1371 1513 Sufﬁcit
1413 1458 1507 1513 tibi
1548 1460 1599 1514 in
1633 1461 1903 1517 sacriﬁcio
1944 1462 2043 1515 ista
2070 1462 2221 1516 con?

632 1546 818 1601 fessio.
854 1548 949 1604 Dic
981 1559 1035 1604 tu
1068 1551 1218 1620 prior
1279 1551 1596 1620 iniquitates
1640 1559 1781 1620 tuas,
1829 1564 1888 1608 ut
1928 1554 2198 1623 jnstiﬁce-

631 1638 707 1692 ris
735 1639 797 1691 ⁸⁹.
835 1639 1111 1709 Cognosce
1136 1652 1204 1706 te,
1228 1644 1478 1712 quoniam
1515 1654 1766 1711 peccator
1806 1659 1866 1699 es
1896 1660 1907 1693 :
1936 1645 2074 1700 habe
2106 1648 2200 1700 tri-

638 1732 862 1797 stitiam,
901 1748 1020 1786 cum
1076 1736 1407 1790 converteris
1442 1753 1454 1788 :
1484 1749 1601 1790 esto
1635 1752 1699 1790 ac
1727 1737 1773 1790 si
1799 1738 2117 1806 desperatus
2140 1748 2195 1792 et

637 1833 903 1890 moestus;
936 1824 1027 1877 sed
1055 1835 1108 1878 et
1131 1825 1398 1894 Iacrymas
1422 1812 1771 1897 compunctus
1798 1827 2030 1883 effunde.
2054 1830 2203 1884 Nun-

631 1914 760 1981 quid
793 1914 995 1983 aliquid
1030 1916 1174 1970 aliud
1210 1916 1309 1971 fuit
1362 1917 1416 1971 in
1472 1919 1780 1984 meretrice,
1819 1936 1985 1990 quam
2031 1921 2203 1993 lacry-

632 2020 840 2059 marum
865 2006 1092 2063 effusio?
1114 2016 1167 2061 et
1188 2022 1253 2062 ex
1287 2007 1389 2062 hac
1433 2009 1750 2077 profusione
1781 2011 1984 2068 invenit
2014 2016 2202 2084 ιιι-πεί·-

632 2094 802 2161 dium,
839 2104 893 2149 et
918 2105 1137 2165 accepta
1195 2097 1388 2152 ﬁducia
1421 2100 1648 2154 accessit
1673 2102 1738 2155 ad
1774 2103 1980 2157 fontem
2016 2104 2202 2160 Domi-

631 2201 758 2237 num
782 2183 987 2240 Jesum.
1042 2185 1147 2241 Sed
1183 2189 1467 2244 veniamus
1501 2191 1565 2244 ad
1607 2206 1852 2250 causam.
1905 2194 2043 2261 Quid
2073 2211 2203 2267 ergo

629 2278 997 2347 evangelista?
1036 2278 1104 2333 Et
1144 2281 1266 2335 inde
1309 2282 1564 2337 transiens
1624 2284 1881 2341 Dominus
1931 2286 2089 2343 Iesus
2144 2290 2202 2343 in

628 2379 801 2437 partes
831 2368 978 2439 Tyri,
1009 2380 1057 2424 et
1084 2369 1319 2438 Sidonis,
1347 2381 1395 2426 et
1431 2387 1546 2427 ecce
1573 2373 1764 2429 mulier
1792 2374 2093 2431 Chananaza
2130 2377 2200 2435 “.

631 2458 764 2512 Mira
800 2475 904 2524 res,
930 2475 963 2513 ο
992 2460 1331 2530 Evangelista
1359 2463 1373 2518 ε
1414 2479 1433 2513 I
1477 2461 1703 2534 Reliqua
1734 2477 1793 2522 ut
1817 2467 1870 2521 in
1896 2467 2055 2523 libris
2083 2468 2200 2523 edi—

631 2551 700 2604 tis
729 2562 992 2621 concepta
1025 2563 1173 2607 sunt.

648 2660 651 2665 λ
701 2639 852 2707 Quod
886 2642 953 2696 de
1000 2643 1246 2712 proxime
1276 2644 1734 2712 praecedentibus,
1766 2648 1908 2703 idem
1939 2650 2202 2708 sentimus

629 2731 697 2786 de
723 2732 949 2797 Octava,
975 2749 1094 2803 quas
1122 2734 1408 2792 rhetoricis
1454 2739 1741 2809 pigmentis
1785 2755 2068 2811 perspersa
2099 2753 2203 2798 est.

639 2826 692 2880 Id
718 2827 902 2881 olfecit
953 2826 1229 2892 Merliuus,
1261 2838 1318 2882 et
1348 2829 1600 2901 Origenis
1641 2830 1842 2901 stylum
1888 2837 2203 2901 neutiquam

636 2918 841 2973 referre
872 2933 992 2974 eam
1030 2919 1311 2975 confessus
1343 2930 1443 2981 est.
1501 2936 1670 2993 seque
1722 2924 1824 2977 hoc
1882 2939 1992 2978 uno
2042 2939 2203 2995 argu-

634 3022 816 3064 mento
856 3010 1057 3064 dudum
1091 3010 1437 3081 Origeniauis
1470 3014 1691 3083 scriptis
1715 3014 2031 3078 inseruisse,
2058 3018 2203 3086 quod

1891 319 1947 375 P.
1990 318 2304 377 DANIELIS
2342 320 2577 377 IIUETII

3681 338 3784 389 I280

2228 448 2271 504 Α
2301 457 2636 515 synonyma,
2696 441 3030 505 autitheses,
3098 439 3417 507 allusiones,
3469 441 3653 499 colores
3705 462 3790 509 arte

2297 533 2545 605 quaesiti:
2610 546 2730 601 qua:
2782 532 2960 584 omnia
3023 529 3404 601 Origeniauam
3465 532 3791 601 simplicitatem

2299 640 2409 678 non
2450 623 2690 691 sapiunt.
2742 620 3024 690 Alli-gorim
3050 631 3311 691 praeterea
3348 620 3518 686 nullae,
3553 623 3689 678 nullae
3714 637 3794 683 tro-

2300 714 2544 785 pologiaa.
2577 714 2632 768 Si
2655 714 2782 783 quid
2814 713 3127 782 conjectura
3172 715 3347 780 valeo,
3398 717 3691 784 scriptorem
3722 717 3797 775 La-

2303 809 2473 862 tinum
2503 807 2754 861 dixerim.

2371 904 2444 958 Ea
2476 913 2626 958 certe
2647 911 2729 958 est
2762 901 2971 970 primae,
3012 900 3205 963 tertiae,
3239 909 3468 969 quarta,
3496 902 3802 966 quinlm.sex-

2303 1007 2393 1063 tas,
2427 996 2692 1067 septimze,
2723 1006 2933 1050 octavae
2984 1003 3038 1048 et
3068 993 3291 1048 decima:
3332 994 3661 1060 congruentia
3702 998 3802 1053 inter

2310 1104 2370 1144 se
2393 1097 2447 1142 et
2469 1085 2928 1155 similitudo,{(20)
2957 1094 3017 1138 ut
3047 1099 3184 1154 pene
3213 1083 3483 1138 afﬁrmare
3504 1085 3660 1138 ausim
3689 1091 3803 1145 unius

2301 1194 2419 1237 esse
2476 1194 2665 1234 omnes
2708 1189 2763 1232 et
2813 1178 3054 1247 ejusdem
3100 1177 3381 1243 auctoris;
3419 1187 3574 1245 atque
3608 1178 3720 1248 ejus,
3767 1194 3804 1238 ut

2300 1270 2432 1335 dixi,
2481 1269 2699 1323 Latini:
2746 1269 2979 1323 scurrula
3047 1268 3269 1322 alterius
3349 1276 3429 1323 est
3503 1266 3753 1338 Scriptoris
3792 1291 3803 1325 :

2301 1375 2441 1415 noua
2494 1366 2720 1413 consula
2775 1368 2859 1412 est
2913 1357 3111 1425 triplicl
3158 1356 3321 1410 trium
3374 1357 3675 1427 scriptorum
3722 1360 3803 1417 fra-

2300 1460 2540 1518 gmento.
2592 1448 2675 1504 Ab
2704 1447 2941 1515 Origene
2970 1457 3150 1499 autem
3187 1445 3332 1499 nulla
3378 1449 3582 1515 penitus
3622 1450 3806 1517 profecta

2301 1550 2403 1603 est,
2428 1551 2789 1609 praeterquam
2822 1540 2970 1609 prior
2996 1538 3083 1591 illa
3117 1552 3274 1591 nona»
3304 1538 3584 1605 particula.

2270 1616 2273 1621 ί
2374 1638 2460 1691 Vl.
2495 1637 2718 1692 Michael
2749 1635 3055 1691 Ghislerius
3093 1636 3142 1689 in
3174 1635 3495 1689 Praefationc
3530 1635 3591 1688 ad
3634 1651 3735 1691 suos
3767 1640 3809 1693 in

2307 1730 2589 1785 Jeremiam
2620 1728 3079 1792 Commentarios,
3110 1743 3230 1797 cap.
3267 1727 3325 1791 7,
3359 1740 3568 1797 paragr.
3596 1727 3645 1790 4,
3673 1742 3808 1786 narrat

2306 1823 2357 1875 in
2396 1821 2659 1875 Vaticano
2711 1822 2944 1888 quodam
2992 1820 3183 1875 codice
3246 1818 3439 1874 Grceco
3493 1830 3707 1888 repertas
3739 1823 3809 1877 sibi

2282 1910 2555 1982 ‘Origenis
2586 1911 2843 1966 homilias
2885 1913 2940 1965 in
2984 1910 3273 1965 Jeremiam
3310 1911 3537 1979 viginti;
3579 1926 3811 1982 earumque

2304 2016 2653 2073 postremam,
2699 2004 2801 2059 etsi
2859 2004 2912 2060 id
2966 2004 3236 2059 indicaret
3289 2004 3498 2070 titulus,
3536 2020 3810 2073 nequaquam

2307 2106 2485 2154 tamen
2514 2099 2579 2151 ad
2612 2096 2901 2167 Origenem
2932 2096 3285 2165 pertinuisse.
3321 2095 3598 2149 Subnectit
3623 2106 3811 2163 postmo-

2304 2191 2428 2244 dum
2472 2204 2535 2244 ea
2565 2189 2678 2260 jam
2709 2189 2853 2243 edita
2886 2189 3235 2257 comperiissc
3265 2203 3327 2242 se
3363 2203 3469 2241 non
3498 2186 3720 2255 Origenis
3745 2189 3813 2241 ho-

2307 2280 2534 2342 Iniliam,
2566 2280 2669 2333 sed
2709 2279 2970 2347 insignem
3019 2292 3138 2331 esse
3183 2276 3485 2331 Clementis
3525 2276 3812 2330 Alexandrini

2305 2371 2639 2435 Tractatum,
2673 2369 2825 2437 cujus
2870 2368 3238 2423 meminerunt
3286 2368 3567 2430 Eusebius,
3610 2366 3815 2437 Hierony-

2302 2479 2423 2519 mus
2485 2473 2536 2518 et
2578 2462 2823 2527 Photius,
2856 2462 3053 2532 quippe
3104 2463 3177 2519 ita
3209 2462 3504 2532 inscriptus
3541 2459 3673 2515 fuit:
3700 2459 3816 2525 Τίςδ

2303 2556 2637 2625 σωζόμενος
2663 2557 2961 2621 πλούσιος
2978 2572 2999 2614 :

2378 2645 2486 2703 VII.
2514 2647 2727 2702 Scholia
2761 2649 2817 2701 in
2849 2646 3154 2702 Orationem
3192 2645 3547 2712 Dominicam,
3575 2655 3623 2700 et
3642 2642 3810 2699 Cantica

2304 2739 2366 2795 Β.
2402 2740 2656 2807 Virginis,
2682 2740 2958 2795 Zachariae
3004 2750 3058 2795 et
3083 2741 3358 2795 Simeouis
3393 2739 3578 2794 Graece
3606 2754 3706 2792 cum
3742 2753 3810 2792 snt

2308 2832 2755 2901 interpretatione
2791 2831 2985 2885 Latina
3018 2832 3199 2900 :edidit
3251 2830 3547 2885 Federicus
3599 2828 3811 2892 Morellus,

2308 2926 2408 2982 sub
2438 2925 2656 2980 nomine
2682 2922 2950 2994 Origenis,
2977 2924 3114 2987 sive,
3138 2933 3197 2977 ut
3220 2923 3333 2992 ipse
3366 2921 3624 2990 apposuit,
3646 2921 3811 2973 alterius

2305 3016 2547 3074 dcc-toris
2578 3015 2896 3089 συηρόνου,
2920 3029 3089 3084 eaque
3105 3028 3173 3069 se
3212 3030 3243 3069 e
3271 3013 3447 3068 veteri
3498 3012 3809 3079 manuscripto

2231 1790 2275 1844 Β

635 3115 665 3154 a
685 3102 866 3155 multis
891 3112 1113 3170 putetur
1134 3117 1257 3157 esse
1277 3103 1609 3169 Adamantii,
1634 3115 1687 3159 et
1719 3106 1861 3160 inter
1890 3107 2006 3177 ejus
2038 3123 2201 3178 opera
2230 3126 2276 3188 ο
2307 3108 2491 3165 codice
2519 3124 2585 3163 ex
2612 3108 2760 3163 Italis
2792 3107 3131 3162 biblimhecis
3164 3106 3417 3174 profecto
3449 3106 3701 3174 selegissc,
3742 3119 3808 3158 ex-

636 3202 851 3259 reperta
887 3193 980 3249 sit.
1033 3192 1164 3248 Eam
1193 3203 1372 3249 autem
1406 3195 1548 3250 inter
1586 3211 1751 3267 opera
1794 3196 1932 3254 falso
1968 3202 2203 3272 ascripta

633 3278 962 3353 Hieronymo
988 3287 1165 3352 posuit
1188 3285 1459 3343 Victorius
1487 3297 1632 3342 tomo
1658 3304 1820 3346 nono.

706 3372 935 3429 Humilia
968 3390 1106 3430 noua
1138 3380 1394 3433 membris
1419 3379 1593 3434 tribus
1622 3381 1674 3435 in
1705 3398 1869 3436 unum
1906 3385 2206 3453 compactis

635 3465 866 3520 conﬂata
903 3478 1003 3524 est.
1030 3467 1162 3523 Pars
1196 3470 1344 3539 prior
1365 3473 1498 3525 nihil
1524 3474 1667 3529 aliud
1696 3486 1778 3530 est
1813 3491 1973 3544 quam
2014 3476 2208 3547 Orige-

637 3556 788 3609 niani
824 3566 1089 3612 tractatus
1122 3561 1379 3616 tricesimi
1413 3566 1591 3632 quarti
1640 3567 1693 3620 in
1743 3567 2050 3622 Matthaeum
2084 3584 2209 3638 por-

642 3647 746 3712 tio;
778 3648 917 3702 unde
949 3651 1208 3705 nonnulla
1245 3654 1494 3711 consulto
1525 3669 1797 3727 expuncta
1844 3668 2004 3726 sunt;
2059 3660 2208 3729 quod

640 3739 706 3793 iis
737 3740 981 3795 doctrina
1013 3744 1194 3798 minus
1217 3760 1346 3799 sana
1372 3750 1765 3804 contineretur.
1813 3750 1887 3805 Ea
1920 3766 2048 3806 vero
2084 3767 2209 3822 pars

639 3846 760 3899 quae
784 3834 851 3887 ab
876 3834 957 3887 his
974 3836 1185 3890 orditur
1209 3840 1392 3893 verbis
1425 3858 1437 3894 :
1472 3857 1491 3891 ι
1526 3842 1567 3894 Α
1608 3843 1879 3912 plerisque
1919 3845 2206 3899 conscien-

640 3921 713 3973 tia
738 3923 1001 3992 accipitur
1044 3936 1407 3995 peccatorum,
1440 3946 1461 3981 ι
1498 3940 1629 3995 etc.,
1663 3942 1718 3986 et
1747 3932 1800 3986 iu
1851 3933 1917 3987 iis
1962 3933 2159 3987 desiuit
2193 3952 2208 3988 :

646 4032 667 4064 ‹
705 4012 841 4068 Miro
864 4016 1016 4070 valde
1043 4022 1200 4072 modo
1228 4022 1412 4087 paucis
1439 4024 1620 4077 verbis
1649 4038 1941 4093 expressus
1960 4034 2045 4080 est
2075 4026 2213 4095 ignis

643 4103 916 4169 gehennaa,
947 4126 967 4159 ι
1000 4108 1279 4179 desumpta
1307 4124 1389 4166 est
1412 4128 1479 4166 ex
1508 4113 1646 4167 libro
1679 4114 2210 4170 Commentariorum

644 4196 955 4269 Hieronymi
994 4200 1047 4253 in
1104 4201 1331 4256 Isaiam.
1391 4202 1615 4272 Reliqua
1659 4206 2018 4274 suppeditavit
2052 4216 2215 4277 caput

644 4287 730 4351 I7,
769 4288 889 4343 libri
926 4306 955 4343 v
1010 4288 1305 4345 Moralium
1337 4291 1583 4363 Gregorii
1615 4294 1815 4364 Magni.

713 4382 984 4438 Decimam
1034 4385 1311 4439 homiliam
1366 4403 1469 4440 non
1519 4402 1641 4443 eSse
1708 4387 1956 4457 Origenis
2010 4389 2192 4442 statim

644 4485 921 4541 agnoscet,
956 4476 1204 4546 quisquis
1242 4492 1402 4533 nares
1446 4479 1713 4533 habuerit.
1742 4481 1963 4533 Alienus
1987 4488 2071 4533 est
2098 4491 2211 4550 sty-

645 4565 728 4618 Ius
761 4566 828 4619 ab
860 4566 1110 4637 Origene,
1144 4568 1319 4622 aliena
1352 4571 1617 4633 clausula,
1674 4572 1852 4626 aliena
1900 4570 2211 4635 schemata,

716 4661 760 4692 "
790 4659 893 4716 lsa.
917 4678 1069 4727 XLIII,
1099 4664 1189 4718 26.
1266 4667 1312 4699 ⁵ο
1344 4666 1534 4720 Matth.
1570 4681 1659 4728 xv,
1686 4665 1746 4718 2|
1768 4706 1784 4731 ,
1821 4664 1911 4718 22.

715 4778 827 4845 (18)
859 4778 969 4833 Nee
1014 4782 1166 4834 aliter
1202 4784 1265 4836 de
1294 4785 1511 4847 septima
1551 4782 1876 4849 judicamus,
1924 4791 2030 4835 etc.
2067 4781 2209 4838 Male

646 4850 959 4911 hiciudirat
990 4851 1234 4914 Huetius,
1272 4866 1329 4905 ut
1371 4854 1422 4905 in
1456 4853 1593 4905 infra
1633 4853 2149 4907 deIIImIstrabimus.

716 4920 827 4989 (19)
858 4917 1142 4989 Utramque
1193 4931 1547 4989 repra’seutat,
1598 4928 1701 4975 etc.
1752 4920 1971 4974 Sextum
2021 4922 2210 4975 itidem

645 4994 745 5043 suh
776 4990 1025 5055 Origenis
1084 4993 1299 5044 nomine
1357 5001 1746 5059 repraesentant
1796 5002 2028 5059 quatuor
2075 5006 2209 5045 mss.

650 5076 788 5127 quos
824 5061 1054 5115 vidimus
1079 5062 1316 5120 codices,
1350 5061 1485 5112 alter
1510 5060 1862 5114 Maceriarum
1886 5062 2094 5113 ordinis
2122 5062 2213 5114 Ci—

648 5131 983 5196 stercieusis,
1020 5132 1157 5186 alter
1208 5131 1533 5184 cuthedralis
1581 5132 1827 5183 ecclesia:
1854 5129 2211 5195 Turonensis,

649 5209 705 5268 et
727 5200 831 5250 duo
860 5202 1209 5256 vetustisimi
1241 5200 1519 5253 Thnauari.
1585 5200 1994 5268 Reprmseulant
2049 5202 2213 5253 etiam

650 5267 1018 5323 Homiliarium
1040 5273 1107 5325 ab
1132 5271 1463 5325 Alcuinoscu
1485 5267 1676 5323 Alhiuo
1701 5269 1892 5323 Flacco
1911 5270 2217 5336 colleclmu,

649 5338 884 5392 Colonia!
914 5341 1116 5393 editum
1148 5358 1286 5394 anno
1319 5339 1474 5404 I576,
1514 5356 1633 5407 pag.
1670 5341 1794 5398 164,
1844 5339 2068 5391 alterum
2106 5339 2219 5392 Ho-

649 5408 941 5461 miltarium
976 5410 1197 5465 Busilem
1254 5412 1522 5477 vulgatum
1559 5426 1685 5464 ann.
1722 5410 1876 5470 “95,
1918 5409 2010 5464 fol.
2041 5410 2128 5474 40,
2168 5419 2223 5463 et

650 5479 1004 5549 Combelisins
1032 5479 1374 5534 Bibliotheca'
1411 5481 1821 5533 concionatoria:
1853 5489 1981 5531 tom.
2021 5479 2063 5541 l,
2098 5496 2220 5549 pag.

655 5546 775 5602 740.
815 5547 965 5602 lianc.
1002 5566 1214 5618 quoque
1254 5552 1354 5604 sub
1397 5550 1550 5602 Beda:
1587 5551 1802 5601 nomine
1852 5551 2073 5603 exhibet
2100 5546 2225 5618 ao-

657 5633 815 5670 mnus
852 5617 1035 5673 noster
1079 5617 1373 5674 blarteuius
1403 5619 1661 5673 Thesauri
1702 5620 1958 5672 Anecdol.
2000 5629 2131 5672 tom.
2157 5617 2223 5681 V,

656 5687 760 5738 col.
791 5688 916 5748 518,
972 5705 1078 5743 uno
1138 5689 1354 5754 Majoris
1414 5689 1718 5744 Mooasterii
1771 5705 1935 5757 prope
1978 5688 2225 5744 Turones

658 5757 845 5811 codice
877 5756 1064 5827 fultus,
1098 5761 1187 5829 qui
1224 5760 1379 5815 Beda:
1406 5776 1603 5816 nomen
1628 5761 1679 5815 in
1712 5756 1888 5815 froIIte
1913 5759 2151 5828 prchert.

2306 3202 2617 3270 scripsisse,
2640 3199 2982 3255 transtulisse
3005 3198 3265 3253 declarat.
3299 3196 3359 3251 lu
3391 3198 3502 3266 ipso
3534 3195 3809 3251 Scholiorum

2310 3291 2466 3347 titulo
2514 3289 2703 3345 Graeco
2758 3305 2950 3345 nomen
2981 3289 3233 3359 Origenis
3264 3289 3578 3357 neutiquam
3601 3286 3808 3347 oll‘endas,

2308 3383 2400 3438 sed
2428 3382 2555 3436 illud
2589 3384 2851 3437 duntaxat
2886 3397 2900 3432 :
2944 3382 3292 3451 Ἀνωνύμου
3326 3381 3552 3449 σχόλια
3577 3382 3657 3443 εἰς
3673 3376 3815 3445 εὐχὴν

2309 3473 2627 3543 κυριακήν.
2647 3474 2798 3531 Unde
2822 3474 2889 3529 ab
2913 3472 3027 3542 ipso
3045 3473 3478 3527 Morello’nomen
3492 3471 3815 3540 Origenissup-

2312 3568 2550 3637 positum
2581 3566 2846 3634 suspicor.
2880 3565 3023 3621 Bene
3054 3579 3185 3618 vero
3214 3573 3298 3618 est
3326 3566 3474 3634 quod
3505 3563 3697 3618 Petrum
3715 3560 3815 3613 Lao-

2310 3661 2584 3713 dicensem
2622 3657 2918 3726 legitimum
2952 3668 3231 3712 auctorem
3270 3673 3338 3710 ex
3380 3656 3702 3710 Bibliotheca:
3742 3653 3815 3705 ιά-

2315 3761 2456 3804 trum
2492 3759 2638 3804 tomo
2665 3751 2843 3817 priore
2872 3751 3274 3817 cognoscimus,
3314 3751 3369 3804 in
3405 3765 3512 3819 quo
3530 3748 3706 3803 scholia
3734 3748 3815 3799 hate

2310 3843 2365 3895 in
2402 3840 2711 3894 Orationem
2738 3839 3069 3893 Dominicam
3123 3840 3313 3895 Latine
3345 3856 3600 3895 conversa
3622 3837 3817 3893 cumillis

2317 3931 2575 3986 Germani
2607 3930 2934 4001 patriarcha:
2977 3931 3444 4001 Constantinopoli
3491 3930 3738 3997 conjuncta
3778 3928 3814 3979 in

2315 4037 2477 4075 unum
2513 4031 2569 4076 et
2602 4023 2858 4091 permista
2888 4021 3259 4091 reperiuntur.
3286 4023 3451 4092 Atqui
3486 4021 3671 4076 Morelli
3690 4023 3815 4073 codex

2315 4112 2531 4166 Scholia
2564 4112 2621 4166 in
2656 4111 2875 4166 Cantica
2905 4114 3080 4167 eidem
3109 4114 3403 4178 tribuebat,
3442 4115 3526 4168 cui
3557 4122 3607 4167 et
3652 4111 3814 4165 Scholia

2314 4206 2370 4259 in
2396 4203 2704 4260 Orationem
2738 4205 3109 4275 DominicamI;
3133 4214 3187 4260 et
3230 4206 3283 4262 id
3336 4209 3645 4276 persuadere
3684 4212 3815 4274 patest

2312 4296 2440 4367 styli
2472 4297 2794 4351 similitudo.

2389 4387 2523 4442 VIII.
2549 4388 2628 4442 Ad
2667 4388 2826 4443 ﬁnem
2852 4388 3112 4444 librorum
3138 4390 3276 4459 Περὶ
3313 4388 3515 4461 ἀρχῶν
3551 4389 3691 4444 altexi
3715 4385 3815 4440 solet

2246 4462 2289 4517 Ῑ)
2323 4479 2553 4543 libellus,
2585 4481 2673 4547 qui
2706 4478 3015 4552 Lomentum
3052 4480 3293 4551 Origenis
3349 4482 3661 4537 inscribitur.
3690 4476 3815 4545 Hujus

2325 4572 2825 4641 interpretationem
2866 4572 3190 4645 Hieronymo
3225 4575 3414 4629 tribuit
3457 4574 3618 4630 Guido
3641 4570 3813 4624 Carme-

2384 4781 2497 4851 (2οὶ
2527 4779 2598 4833 Ut
2630 4795 2756 4842 pene
2783 4780 3042 4849 affirmare
3076 4779 3428 4851 artsim_unius
3463 4793 3565 4851 esse
3587 4787 3749 4834 omnes,
3777 4779 3810 4851 rt

2315 4847 2551 4921 ejusdem
2599 4847 2852 4910 auctoris,
2903 4859 3061 4921 atque
3088 4850 3203 4917 ejus
3240 4847 3614 4921 Latiniupene
3654 4847 3810 4921 errati!

2318 4911 2563 4983 liuetius,
2592 4928 2753 4987 atque
2789 4921 2831 4973 si
2865 4911 3020 4987 plane
3048 4911 3210 4971 au'sus
3238 4930 3381 4971 esset
3401 4917 3667 4987 afﬁrmare,
3692 4911 3807 4979 plane

2317 5000 2574 5046 errasset.
2604 4985 2734 5041 Nam
2764 4985 2983 5042 homilia
3008 5004 3128 5059 qum
3148 4989 3288 5059 inter
3320 5004 3415 5041 eas
3437 4985 3645 5059 septima
3668 4992 3805 5059 nume-

2320 5072 2490 5124 ratur,
2519 5060 2673 5125 cujus
2700 5069 2898 5111 tantaIn
2922 5073 3041 5111 cum
3069 5058 3187 5111 aliis
3202 5057 3594 5126 congruentiam
3627 5061 3674 5126 et
3693 5057 3803 5125 sutu-

2322 5122 2601 5185 IitmlineIn
2630 5144 2750 5183 esse
2781 5130 2878 5188 ait,
2918 5127 3182 5195 ipsissima
3218 5122 3559 5186 est'homilia,
3585 5122 3653 5173 vel
3677 5122 3803 5195 ροιίμξ

2326 5217 2447 5269 pars
2463 5200 2693 5271 humilia:
2709 5202 2771 5252 de.
2788 5186 3117 5271 Chaunmea,
3134 5211 3293 5271 quam
3315 5195 3628 5271 Mabillonius
3641 5186 3686 5243 et
3699 5186 3799 5271 quiti

2324 5258 2445 5339 post
2470 5286 2590 5324 eum
2618 5269 2907 5322 Laurentio
2927 5258 3237 5339 ﬁovarie'nsi
3263 5268 3525 5339 episcopo,
3550 5258 3797 5339 διείρςεξίξῐς

2330 5324 2475 5405 iero,
2503 5341 2592 5393 alii
2617 5338 2904 5393 Laurentio
2934 5336 3202 5402 Mellilluo,
3236 5324 3321 5389 alii
3347 5324 3800 5405 Mediolanrnsinfalso

2334 5395 2669 5470 tribuerunt;
2712 5422 2872 5475 quam
2924 5420 3051 5479 vero
3081 5395 3309 5459 domnus
3334 5417 3511 5479 noster
3536 5395 3799 5479 Montelalc‘t‘t-

2329 5482 2451 5566 gius
2480 5482 2536 5534 s,
2569 5468 2958 5566 Clirys'ost0I'uo
3006 5475 3239 5566 juremet
3295 5476 3486 5555 merito

2330 5549 2482 5604 Hanc
2521 5538 2945 5603 enitu'contulit
3000 5538 3243 5600 eruditus
3271 5548 3350 5597 vir
3406 5559 3522 5599 cum
3566 5538 3716 5591 Graeco
3750 5538 3791 5605 ξι

2329 5617 2703 5689 Chrysostomi
2764 5627 3041 5689 contexui,
3105 5626 3160 5669 et
3198 5615 3415 5689 reperit
3463 5604 3795 5689 atqueJInOI'ItI‘II

2332 5668 2703 5743 Eia-3333i“—
2730 5668 3395 5754 es'seiinterpretationem,
3425 5698 3511 5737 seu
3532 5668 3696 5750 'potius
3722 5668 3797 5723 (η’

2330 5768 2605 5828 gmentum
2631 5759 2866 5817 humilis:
2899 5756 3097 5812 Graecae
3125 5758 3189 5813 de
3215 5755 3526 5811 Chauanaza.
