4068 6312
298 293 437 351 {S81

1458 301 2029 361 ORIGEMANORUM
2069 307 2434 368 APPENDIX.

3416 318 3437 373 l
3448 318 3553 374 282

298 412 422 476 lita,
484 413 537 467 in
590 414 784 471 ha'resi
840 416 1315 488 Origenistarum;
1377 421 1566 476 tribuit
1611 431 1667 477 et
1704 423 1869 478 editio
1895 430 1940 488 Α
1971 441 2059 479 ras
2103 429 2350 495 relatam,
2384 439 2440 484 et
2467 431 2616 501 operi
2650 447 2748 488 suo
2786 433 2927 503 Περὶ
2960 433 3115 504 ὕλης
3148 435 3430 491 intextam.
3459 436 3548 490 Fi-

288 503 531 572 Merlini,
554 518 609 561 et
632 510 801 564 codex
826 527 995 566 manu
1014 522 1265 565 exaratus
1288 511 1636 568 Bibliotheca!
1668 514 1868 586 Regiae.

287 597 401 651 Sed
433 612 624 655 contra
653 603 933 668 Erasmus,
961 623 981 657 ι
1018 604 1338 659 Latnctttuttt
1390 607 1515 675 hoc,
1546 608 1742 676 inquit,
1770 624 1870 664 nec

294 692 371 745 ab
400 692 638 763 Origene
670 697 935 765 scriptum
963 707 1065 761 est,
1109 712 1209 752 nec
1261 699 1328 751 ab
1377 697 1705 770 Hieronymo
1748 717 1870 757 ver-

286 798 438 847 sum,
467 786 563 840 sed
602 785 915 855 figmentum
947 799 1031 843 est
1058 790 1286 860 alicujus
1335 791 1561 855 indocti,
1613 794 1705 863 qui
1750 804 1868 848 stn-

280 875 471 929 duerit
496 876 801 944 huiusmodi
827 879 1010 933 colore
1035 879 1327 949 Origeuem
1362 882 1645 937 infamare.
1690 884 1863 938 Simili

279 980 315 1018 a
328 966 524 1021 rtilicio
553 968 821 1023 tinxerant
840 972 1123 1039 epistolam
1149 970 1462 1043 Hieronymi
1492 974 1666 1039 titulo,
1688 974 1862 1044 inqua

283 1057 613 1126 tleplorabat
642 1062 784 1128 quod
804 1062 1097 1131 aliquando
1122 1080 1243 1117 cum
1280 1063 1510 1133 Origene
1538 1066 1852 1121 sensisset.»

281 1149 357 1203 Et
394 1150 639 1207 Gelasius
672 1153 721 1205 iu
755 1155 988 1207 concilio
1022 1153 1270 1209 Romano
1301 1173 1313 1209 :
1355 1173 1375 1207 ι
1428 1155 1587 1211 Liber
1629 1159 1723 1227 qui
1767 1174 1861 1227 ap-

284 1242 523 1309 pellatur
552 1243 631 1296 De
658 1246 961 1309 pmnitentia
999 1245 1262 1315 Origenis,
1303 1250 1665 1319 apocryphus.
1705 1269 1723 1302 ι
1762 1250 1861 1303 Μί-

275 1350 404 1388 rum
440 1334 621 1405 itaque
658 1338 777 1390 sine
818 1336 1073 1392 falsitatis
1105 1351 1228 1393 nota
1258 1357 1288 1394 a
1334 1341 1595 1411 theologis
1632 1341 1851 1411 quibus-

273 1426 402 1480 dam
457 1426 653 1481 librum
706 1428 850 1483 hunc
905 1444 1289 1498 nonnunquam
1368 1432 1419 1486 in
1486 1433 1855 1487 testimonimn

272 1520 462 1582 citari,
495 1530 550 1575 et
583 1521 723 1576 inter
749 1521 980 1590 genuina
1023 1522 1273 1592 Origenis
1300 1538 1466 1593 opera
1498 1540 1527 1578 a
1571 1524 1856 1581 Vincentio

273 1610 649 1668 Bellovacensi
689 1614 873 1681 reponi
904 1612 1059 1679 Spec.
1088 1615 1264 1670 doctr.
1290 1615 1384 1671 lib.
1411 1632 1566 1683 xvnt,
1603 1632 1725 1686 cap.
1762 1618 1852 1673 45.

272 1703 379 1758 llic
424 1718 555 1759 vero
626 1704 851 1758 ridenda
897 1713 982 1759 est
1042 1705 1360 1762 heterodoxi
1407 1708 1685 1776 cujusdam
1747 1708 1849 1763 hu-

1973 519 2094 572 dem
2134 519 2217 574 his
2234 522 2491 577 conciliat
2513 526 2652 593 quod
2685 536 2871 579 narrat
2896 526 3272 582 Eusebiuslib.
3299 543 3349 581 vr
3383 526 3548 591 Hist.,

1971 629 2090 681 cap.
2143 615 2234 675 55,
2278 615 2347 671 ab
2377 615 2551 673 aetatis
2585 631 2696 673 suae
2743 619 3085 690 piteshyteris
3128 634 3287 688 quam
3319 620 3546 688 plurima

1969 707 2036 761 de
2064 705 2298 777 Origene
2335 708 2556 780 scriptis
2588 710 2754 765 fuisse
2797 713 2990 766 tradita
3020 731 3035 779 ;
3076 725 3128 768 et
3159 715 3299 783 quod
3340 715 3545 783 Dialogi

1967 799 2203 868 scriptor
2235 817 2389 870 reges
2425 804 2686 872 quosdam
2718 804 2919 858 Christi
2966 805 3122 859 fidem
3156 806 3456 876 amplexos,
3494 816 3548 861 et

1969 890 2163 959 templa
2213 892 2553 949 ethnicorum
2594 910 2717 949 cum
2769 895 2926 949 idolis
2971 912 3157 952 eversa
3213 913 3547 952 commemoo

1968 992 2082 1049 rat;
2138 983 2272 1037 nihil
2334 988 2478 1040 enim
2556 987 2859 1057 hujusmodi
2914 987 3164 1058 Origenis
3216 991 3546 1059 temporibus

1964 1075 2226 1144 contigit,
2273 1078 2368 1132 sed
2415 1077 2750 1133 Constantini
2808 1098 2823 1135 :
2877 1080 3019 1135 unde
3068 1081 3284 1135 Maximi
3328 1091 3542 1137 aetatem

1963 1167 2137 1235 possis
2178 1169 2452 1239 colligere.
2488 1171 2607 1243 (2i)
2643 1171 2857 1227 Fefellit
2909 1173 3142 1229 fortasse
3190 1173 3447 1229 Basilium
3489 1182 3545 1229 et

1965 1255 2284 1328 Gregorium
2318 1261 2519 1332 Dialogi
2552 1263 2735 1317 titulus
2769 1280 2962 1318 nomen
3011 1265 3318 1319 Adamantii
3352 1264 3544 1334 prafe-

1962 1362 2107 1411 rens,
2144 1350 2287 1418 quod
2324 1351 2377 1404 in
2412 1366 2478 1405 eo
2532 1353 2734 1421 primas
2778 1365 2956 1422 partes
3001 1363 3194 1409 tractet
3241 1352 3538 1424 Origenes;

1958 1442 2411 1507 quemadmodum
2472 1441 2622 1498 Laelii
2656 1452 2711 1497 et
2743 1443 2967 1500 Catonis
2997 1447 3214 1501 nomina
3248 1447 3542 1516 pra-ferunt

1962 1529 2163 1596 Dialogi
2216 1534 2280 1586 de
2328 1534 2604 1600 amicitia;
2648 1544 2702 1589 et
2738 1536 2804 1591 de
2839 1547 3122 1593 senectute
3182 1553 3286 1593 non
3331 1542 3472 1608 quod
3508 1556 3537 1595 a

1957 1620 2165 1677 Catone
2240 1624 2324 1678 vel
2376 1623 2545 1681 Laelio
2594 1628 2778 1696 scripti
2827 1627 2956 1692 sint,
3004 1630 3099 1683 sed
3153 1630 3293 1698 quod
3352 1630 3540 1700 primze

1958 1713 2089 1783 ipsis
2133 1724 2316 1783 partes
2366 1718 2695 1779 tribuantur.
2752 1718 3052 1775 Mirandum
3103 1735 3266 1790 porro
3302 1738 3405 1776 non
3454 1731 3540 1778 est

270 1794 364 1863 ius
393 1794 571 1849 aetatis
604 1793 889 1860 supinitas,
914 1795 1005 1863 qui
1056 1794 1378 1850 Lamentum
1423 1775 1642 1867 0rigeni
1684 1798 1847 1852 ascri-

1958 1805 2430 1876 interloquentiuut
2474 1824 2828 1879 personarum
2861 1814 3075 1867 nomina
3114 1829 3289 1884 neque
3339 1816 3391 1870 in
3430 1817 3539 1871 Eu-

268 1897 455 1954 ptmu,
486 1902 517 1940 a
546 1886 687 1941 libro
714 1885 791 1941 De
818 1888 1123 1957 paenitentia
1151 1885 1426 1945 diversum
1456 1889 1586 1959 quid
1607 1904 1729 1945 esse
1754 1906 1853 1960 pu-

266 1981 431 2035 tavit.

345 2072 435 2127 lx.
479 2070 761 2143 Dialogum
797 2070 875 2127 De
921 2070 1219 2127 orthodoxa
1255 2072 1381 2142 ﬁde,
1417 2072 1509 2144 qui
1556 2082 1612 2129 et
1660 2085 1851 2130 contra

268 2165 666 2221 Marcionistas
710 2166 932 2221 inscribi
959 2166 1115 2229 solet,
1141 2164 1361 2236 Origeni
1393 2167 1640 2223 tribuere
1662 2169 1852 2223 viden-

264 2267 371 2312 tur
397 2258 635 2313 Basilius
696 2268 752 2313 et
789 2257 1085 2326 Gregorius
1110 2257 1508 2314 Nazianzenus.
1537 2259 1669 2314 Cum
1707 2260 1850 2312 enim

254 2366 338 2406 ex
371 2352 625 2420 operibus
652 2365 800 2406 mere
860 2349 1202 2418 Origenianis
1238 2350 1590 2406 Philocaliam
1612 2351 1851 2406 conflare

258 2459 335 2498 se
368 2442 600 2513 professi
636 2443 768 2507 sint,
804 2442 1167 2513 fragmentum
1196 2458 1227 2498 e
1258 2455 1411 2513 parte
1453 2445 1612 2499 tertia
1641 2443 1845 2513 Dialogl

261 2536 431 2591 istius
454 2537 831 2606 depromptum
861 2538 913 2591 in
947 2521 1302 2591 Philocaliam
1333 2538 1705 2607 conjecerunt.
1744 2537 1850 2590 Ita-

265 2644 379 2697 que
411 2628 559 2683 illutu
592 2644 714 2684 esse
739 2628 991 2699 Origenis
1020 2630 1317 2684 credidisse
1347 2629 1466 2684 illos
1497 2630 1845 2701 perspicuum

264 2732 375 2775 est.
407 2722 476 2775 At
510 2720 785 2775 inducitur
807 2722 858 2775 in
893 2736 960 2775 eo
1004 2721 1227 2792 Dialogo
1267 2721 1528 2791 Origenes
1565 2722 1845 2792 probatam

264 2814 324 2867 in
374 2812 615 2867 Ecclesia
668 2813 735 2867 de
787 2812 986 2867 tunicis
1027 2813 1267 2883 pelliceis
1297 2815 1511 2879 Adami,
1545 2825 1602 2870 et
1630 2818 1695 2870 de
1724 2831 1847 2870 cor-

264 2920 401 2973 pore
431 2906 666 2959 humauo
723 2914 780 2959 et
822 2906 1025 2966 anima,
1062 2906 1238 2975 deque
1273 2907 1677 2963 resurrectione
1722 2891 1851 2964 sen-'

262 2999 493 3053 tentiam
515 3012 896 3068 prapugnans;
924 3013 1045 3052 cum
1071 2998 1175 3053 alia
1200 2999 1438 3054 sensisse
1468 3000 1644 3068 ipsum
1677 3016 1842 3071 supra

260 3090 689 3147 ostenderimus.
746 3088 899 3146 Unde
948 3090 1138 3158 opellae
1183 3090 1342 3158 hujus
1394 3091 1635 3159 scriptor
1669 3093 1845 3147 neuti-
1870 3130 1913 3188 ο

258 3197 428 3251 quam
475 3182 625 3235 credi
680 3190 878 3248 potest.
927 3179 1195 3234 Praeterea
1244 3179 1311 3233 ad
1360 3179 1519 3234 linem
1558 3179 1842 3249 fragmenti

258 3272 428 3340 hujus
457 3272 600 3341 quod
635 3270 948 3325 Philocalia:
982 3271 1243 3325 insertum
1283 3279 1388 3334 est,
1415 3270 1669 3325 Scholion
1705 3272 1844 3326 istud

255 3364 493 3433 reperiri
519 3363 657 3417 solet
682 3379 696 3416 :
722 3362 906 3416 Ταῦτα
938 3363 1045 3416 ἀπὸ
1082 3362 1174 3415 τοῦ
1205 3360 1249 3427 ζ’
1280 3361 1437 3429 λόγου
1458 3361 1560 3432 τῆς
1583 3362 1844 3416 Εὑσεϐίου

255 3456 358 3510 τοῦ
380 3455 665 3527 Παμφίλου
688 3453 1097 3524 Εὺατγελικῆς
1112 3452 1617 3524 προπαρωκευῆς
1639 3473 1845 3527 παρεκ-

259 3548 546 3620 ϐἑϐληται.
583 3548 836 3619 Μαξίμου
867 3547 923 3601 δέ
953 3550 1111 3613 εἰσιν,
1134 3548 1209 3613 ὥς
1238 3565 1400 3619 φησιν
1428 3550 1456 3602 ὁ
1488 3549 1650 3613 αὐτὸς
1674 3550 1845 3603 Εὐσέ-

258 3644 403 3707 ϐιος,
427 3643 528 3695 οὐκ
556 3643 772 3714 ἀσήμου
807 3643 864 3693 ἐν
892 3645 1006 3705 τοῖς
1037 3643 1384 3713 Χριστιανοῖς
1437 3643 1802 3714 συγγραφέως
1826 3660 1841 3676 ·

256 3734 542 3801 αὑτολεξεὶ
581 3736 638 3790 δὲ
668 3734 896 3808 εὓρηται
925 3735 1097 3788 ταῦτα
1118 3736 1346 3807 κείμενα
1380 3736 1476 3791 καὶ
1509 3739 1567 3791 ἐν
1592 3736 1671 3808 τῷ
1712 3738 1845 3809 Ὠρι-

254 3830 453 3900 γένους
483 3829 621 3901 πρὸς
652 3827 1094 3900 Μαρκιωνιστὰς,
1140 3828 1233 3881 καὶ
1288 3827 1480 3892 ἄλλους
1528 3829 1840 3900 αἱρετικοὺς

254 3922 516 3993 διαλόγῳ,
542 3921 843 3993 Εὑτροπίου
892 3920 1225 3986 δικάζοντος,
1252 3921 1523 3992 Μεγεθίου
1556 3922 1613 3975 δὲ
1634 3921 1844 3976 ἀντιλέ-

254 4033 472 4087 γοντος.
504 4035 522 4067 ι
560 4014 685 4069 ch
708 4030 739 4069 e
764 4015 994 4084 septimo
1036 4015 1173 4069 libro
1205 4015 1533 4085 Evangelicw
1579 4032 1843 4084 praepara-

255 4110 422 4164 tionis
448 4107 660 4163 Eusebii
692 4108 959 4177 Pamphili
1009 4107 1326 4177 deprompta
1366 4116 1515 4162 sunt.
1550 4105 1692 4163 Sunt
1743 4123 1841 4161 au-

260 4212 369 4256 tem
419 4200 659 4266 Maximi,
717 4211 777 4254 ut
825 4200 904 4254 ait
948 4200 1062 4269 ipse
1110 4199 1396 4264 Eusebius,
1439 4215 1544 4253 non
1589 4198 1838 4266 ignobilis

259 4295 409 4349 inter
461 4294 804 4348 Christianos
841 4292 1148 4361 scriptoris.
1191 4290 1437 4345 Totidem
1490 4306 1620 4346 vero
1661 4291 1840 4347 verbis

258 4384 467 4454 scripta
498 4399 561 4440 ea
595 4383 946 4437 inveniuntur
968 4382 1019 4436 in
1048 4380 1302 4451 Origenis
1326 4382 1587 4437 adversus
1609 4380 1840 4437 Marcio-

1955 1900 2127 1964 sebio,
2177 1915 2351 1971 neque
2397 1901 2451 1956 in
2501 1901 2794 1959 Philocalia
2837 1920 3200 1976 comparere:
3249 1924 3372 1963 nam
3409 1926 3535 1964 cum

1956 1990 2192 2054 rubrica,
2232 1993 2408 2048 aliove
2432 1995 2616 2049 colore
2655 1997 2913 2065 ejusmodi
2950 1999 3164 2053 nomina
3200 2011 3254 2056 et
3282 2000 3534 2058 lemmata

1952 2081 2190 2136 solerent
2222 2083 2507 2155 distingui,
2536 2100 2566 2138 ο
2592 2085 2829 2142 librariis
2856 2102 3229 2158 saepenumero
3252 2093 3535 2151 distinctio

1952 2173 2069 2230 hare
2099 2175 2473 2243 omittebatur,
2493 2179 2575 2234 vel
2612 2196 2711 2249 per
2744 2181 3029 2248 incuriam,
3062 2184 3149 2239 vel
3184 2188 3363 2255 p0tius
3392 2190 3537 2258 quod

1952 2283 2073 2321 eam
2106 2268 2159 2322 in
2194 2271 2534 2325 commodius
2567 2270 2875 2339 rejicientes
2902 2284 3133 2344 tempus,
3166 2280 3381 2344 penitus
3414 2289 3536 2334 tan-

1952 2355 2097 2419 dem,
2157 2356 2407 2413 obliviosi
2461 2361 2660 2429 quippe
2712 2362 2977 2431 homines,
3026 2369 3530 2434 przeterrnitterent.

1953 2444 2227 2514 anlicem
2261 2449 2651 2506 lucubrationis
2691 2452 2848 2522 hujus
2884 2454 3383 2523 interpretationem
3423 2458 3531 2515 La-

1953 2537 2064 2591 tina
2107 2537 2439 2595 Geuebrardi
2491 2542 2699 2610 profert
2749 2544 2936 2609 editio,
2986 2545 3214 2601 alteram
3262 2547 3528 2606 Joachimi

1951 2624 2504 2692 Perionii,Laurentii
2543 2631 2808 2687 lluiufridi
2840 2634 3090 2690 alteram.
3112 2637 3232 2692 Alia
3265 2649 3528 2709 praeterea

1948 2732 1979 2771 a
2011 2716 2219 2774 Joanne
2258 2721 2389 2777 Pico
2442 2736 2694 2777 senatore
2732 2724 3019 2782 Parisiensi
3059 2728 3342 2785 lucubrata
3389 2747 3534 2789 anno

1950 2807 2110 2874 1556,
2142 2824 2388 2866 seorsum
2415 2814 2557 2868 edita
2588 2823 2788 2870 exstat.

2021 2896 2090 2953 X.
2141 2900 2319 2955 Alium
2370 2917 2505 2967 suo,
2562 2902 2921 2975 Origenisque
2978 2908 3201 2966 nomine
3247 2910 3529 2982 Dialogum

1947 3003 2311 3061 supposuerat
2354 2993 2641 3051 haereticus
2681 2998 2922 3065 quidam,
2969 3015 3187 3056 omnem
3228 3002 3354 3058 licet
3404 3018 3529 3060 cum

1946 3096 2013 3138 eo
2058 3082 2261 3152 Ephesi
2301 3083 2441 3139 forte
2492 3086 2593 3141 sibi
2646 3087 2763 3142 viso
2794 3104 3144 3161 congressum
3179 3107 3246 3149 ac
3282 3096 3529 3166 disputa-

1954 3177 2153 3230 tionem
2210 3179 2589 3233 detrectasset.
2640 3178 2916 3235 Fictitiam
2968 3182 3317 3253 scriptionem
3384 3189 3531 3245 misit

1950 3265 2177 3322 Romam
2214 3268 2284 3322 ad
2319 3283 2449 3324 suos
2487 3270 2801 3339 discipulos,
2846 3275 3155 3346 passimque
3198 3279 3528 3336 dissemina-

1952 3361 2051 3422 vit,
2100 3369 2155 3415 et
2199 3360 2525 3425 Antiochiae,
2570 3363 2885 3431 priusquam
2924 3365 3049 3422 illuc
3089 3373 3371 3424 accederet
3404 3370 3530 3427 Ori-

1948 3468 2135 3524 genes,
2165 3454 2237 3509 ob
2271 3452 2463 3507 falsam
2491 3454 2772 3508 victoriam
2807 3456 2992 3512 inanes
3030 3460 3140 3529 egit
3169 3461 3471 3531 triumphos
3505 3482 3523 3520 :

1949 3559 2070 3598 mox
2109 3560 2237 3599 vero
2272 3553 2330 3599 ut
2372 3542 2547 3598 adfuit
2582 3544 2959 3611 Adamantius,
3006 3548 3239 3605 hominis
3273 3555 3525 3608 contudit

1946 3640 2313 3704 proterviam,
2360 3648 2414 3691 et
2478 3636 2774 3692 vanitatem
2836 3639 3139 3697 manifestis
3187 3647 3524 3716 argumentis

1945 3730 2200 3785 convicit.

2016 3822 2109 3877 XI.
2146 3821 2309 3878 Falso
2337 3836 2554 3892 quoque
2583 3822 2886 3892 praescribit
2914 3824 3016 3878 sibi
3049 3840 3243 3880 nomen
3276 3823 3526 3896 Origenis

1942 3915 2153 3972 libellus
2198 3916 2446 3987 quidam,
2489 3916 2580 3985 qui
2628 3915 3070 3984 philosophorum
3112 3927 3290 3972 sectas
3333 3935 3395 3973 ac
3431 3920 3527 3975 do-

1943 4018 2125 4078 gmata
2176 4018 2448 4075 recenset,
2481 4019 2537 4064 et
2577 4009 2887 4081 Ὠριγένους
2918 4009 3349 4081 φιλοσοφούμενα
3390 4012 3529 4069 solet

1939 4100 2217 4170 appellari.
2253 4098 2466 4155 Primus
2511 4110 2692 4155 autem
2742 4102 2832 4155 hic
2877 4112 2962 4157 est
3016 4102 3155 4157 liber
3203 4104 3517 4171 grandioris

1939 4194 2141 4265 operis,
2175 4208 2283 4263 quo
2314 4194 2551 4249 haereses
2578 4208 2767 4249 omnes
2793 4193 3153 4251 confutandas
3187 4206 3376 4251 auctor
3413 4198 3520 4253 sibi

1940 4294 2331 4356 proposuerat,
2381 4286 2524 4354 quod
2587 4300 2654 4339 ex
2707 4284 2976 4355 dogmatis
3033 4284 3518 4353 philosophorum,

1943 4381 2222 4435 lmrcseon
2252 4387 2434 4446 pestes
2467 4375 2582 4431 fere
2619 4376 2872 4446 profecta:
2903 4376 3046 4441 sint;
3086 4376 3277 4444 hisque
3298 4378 3522 4432 convcl~

258 4477 460 4540 nistas,
486 4476 733 4543 aliosque
764 4475 1052 4529 haereticos
1075 4473 1317 4542 Dialogo,
1347 4483 1540 4542 agente
1558 4473 1835 4545 Eutropio,
1868 4493 1916 4552 ο
1944 4472 2121 4527 lendis
2158 4470 2306 4526 utilis
2359 4470 2431 4525 sit
2478 4468 2692 4524 illorum
2744 4468 3071 4524 confutatio.
3110 4468 3357 4523 Larvatre
3396 4469 3522 4526 huic

258 4568 585 4624 defendente
605 4568 896 4636 Megethio.
928 4585 947 4620 ι
975 4565 1188 4621 Revera
1214 4565 1477 4622 Eusebius
1506 4565 1646 4621 libro
1665 4583 1735 4621 vn
1763 4566 1837 4620 De

254 4673 544 4727 prwparat.
559 4658 844 4729 evangelio.
866 4658 1230 4727 fragmentum
1256 4658 1307 4712 id
1327 4659 1565 4724 exhibet,
1579 4668 1711 4715 etex
1727 4660 1837 4714 Ma-

258 4752 392 4806 ximi
430 4752 567 4806 libro
611 4751 752 4819 Περὶ
787 4752 943 4819 ὕλης
979 4766 1102 4807 sese
1130 4761 1435 4806 mutuatum
1485 4766 1605 4807 esse
1645 4754 1833 4809 tradit.

256 4843 412 4899 Utris
429 4853 609 4898 autem
635 4843 756 4914 plus
781 4844 1079 4898 habeamus
1109 4843 1832 4912 fidei.BasilioetGregorio,

256 4951 393 5004 opus
416 4935 469 4990 id
491 4934 710 5005 Origeui
731 4934 1128 5000 tribuentibus;
1154 4949 1221 4988 an
1241 4934 1474 4989 Eusebio
1496 4936 1635 4990 idem
1668 4935 1829 4990 Maxi-

257 5045 348 5083 tno
370 5027 695 5098 assignanti,
737 5026 1121 5096 ambigendum
1153 5042 1261 5081 non
1297 5035 1380 5081 est
1409 5043 1421 5079 :
1450 5042 1593 5097 stupe
1635 5029 1835 5097 quippe

256 5121 590 5177 ostendimus
615 5119 883 5173 neminem
902 5118 954 5171 in
970 5118 1376 5187 perscrutandis
1392 5117 1646 5189 Origenis
1673 5122 1835 5176 rebus

260 5224 467 5268 tantum
497 5213 813 5266 adhibuisse
840 5227 986 5265 cura;
1017 5219 1074 5264 et
1097 5209 1351 5275 solertia},
1379 5220 1637 5279 quantam
1674 5211 1833 5265 adhi‘

256 5305 674 5361 buitEusebius.
694 5303 818 5358 Veri
838 5315 1020 5358 autem
1058 5304 1235 5357 simile
1256 5314 1341 5358 est
1364 5303 1606 5357 habitam
1643 5319 1831 5359 revera

259 5398 425 5451 fuisse
458 5397 678 5465 Origeni
716 5412 835 5451 cum
874 5395 1157 5465 Megethio,
1198 5395 1401 5459 Marco,
1448 5395 1681 5463 aliisque
1716 5396 1830 5449 ha:-

258 5490 440 5545 reticis
472 5490 968 5554 concertationem;
993 5499 1048 5542 at
1073 5504 1102 5541 a
1131 5486 1366 5543 Maximo
1382 5488 1578 5543 deinde
1604 5487 1655 5541 in
1687 5487 1834 5542 litte-

329 5650 439 5721 (21)
482 5648 691 5719 Fefellit
719 5648 945 5721 fortasse
974 5645 1239 5721 Basiliam
1267 5655 1328 5721 et_
1353 5644 1665 5721 Gregorium
1687 5643 1832 5721 _Dia-

258 5715 358 5790 logi
392 5715 593 5783 titulus,
614 5715 874 5774 etc.'Vide
900 5734 1017 5785 quae
1038 5718 1276 5790 diximus
1299 5716 1364 5790 de
1394 5717 1559 5790 hocce
1585 5715 1828 5790 Dialogo,

260 5785 390 5847 ιοὶυ,
415 5793 453 5858 l,
478 5792 723 5858 I’rtefat.,
756 5806 874 5861 pag.
906 5790 994 5857 i2,
1028 5788 1111 5857 l5,
1139 5798 1193 5843 et
1214 5789 1267 5843 in
1300 5785 1669 5843 admonitione
1702 5785 1831 5840 huic

1943 4564 2226 4633 scriptioni
2274 4577 2563 4633 personam
2612 4562 2907 4616 detrahunt
2962 4560 3046 4615 vel
3103 4561 3263 4615 verba
3333 4561 3520 4618 isthtec

1941 4673 2061 4727 quae
2093 4666 2311 4711 exstant
2334 4656 2386 4709 in
2418 4655 2681 4725 prooemio
2712 4671 2725 4707 :
2753 4653 2937 4708 Ταῦτα
2954 4654 3011 4707 δὲ
3043 4654 3227 4726 ἕτερος
3251 4656 3351 4709 οὐκ
3371 4655 3524 4725 ἐλέγ-

1939 4748 2042 4815 ξει,
2077 4748 2111 4819 ἦ
2143 4747 2202 4801 τὸ
2228 4749 2286 4800 ἐν
2336 4745 2632 4817 Ἐκκλησία
2660 4744 2963 4816 παραδοθὲν
2990 4746 3143 4813 ἅγιον
3185 4746 3430 4817 Πνεῦμα,
3459 4738 3521 4800 οὗ

1936 4841 2297 4913 τυγχάνοντες
2347 4838 2612 4911 πρότερον
2636 4839 2687 4891 οἱ
2744 4837 3030 4891 ἀπόστολοι
3075 4838 3366 4909 μετέδοσαν
3407 4841 3520 4901 τοῖς

1936 4935 2113 5007 ὀρθῶς
2143 4931 2591 4987 πεπιστευκόσιν
2608 4922 2682 4983 ὧν
2711 4931 2869 5001 ⁴ἡμεῖς
2884 4928 3115 5000 διάδοχοι
3137 4929 3517 4999 τυγχάνοντες,

1937 5031 2039 5101 τῆς
2089 5045 2149 5082 τε
2197 5028 2368 5098 αὐτῆς
2398 5027 2620 5098 χάριτος
2665 5024 3005 5096 μετέχοντες,
3035 5024 3420 5096 ἁρχιερατείας
3460 5041 3521 5077 τε

1935 5122 2030 5175 καὶ
2047 5118 2413 5182 διδασκαλίας,
2444 5118 2538 5171 καὶ
2563 5118 2791 5189 φρουροὶ
2817 5118 2917 5188 τῆς
2950 5117 3273 5187 Ἐκκλησίας
3311 5116 3521 5190 λελογι-

1939 5215 2147 5285 σμένοι,
2164 5214 2264 5266 οὐκ
2277 5211 2541 5283 ὀφθαλμῷ
2552 5210 2904 5282 νυστάξομεν.
2923 5208 2971 5262 Η
2977 5227 3051 5265 ωε
3071 5220 3243 5263 autem
3261 5228 3363 5264 non
3386 5212 3522 5265 alius

1940 5315 2205 5377 coarguet,
2227 5321 2387 5375 quam
2415 5306 2643 5357 traditus
2672 5304 2725 5356 in
2752 5304 2989 5356 Ecclesia
3018 5302 3251 5371 Spiritus
3270 5315 3481 5357 sanctus
3501 5318 3519 5355 :

1938 5412 2089 5467 quem
2125 5410 2244 5447 cum
2275 5395 2521 5463 primitus
2551 5394 2870 5459 accepissent
2910 5391 3156 5460 apostoli,
3194 5392 3258 5444 iis
3286 5406 3521 5443 commu-

1941 5490 2189 5544 nicarent
2226 5488 2317 5558 qui
2360 5494 2494 5541 recte
2542 5486 2608 5540 de
2636 5484 2743 5539 Deo
2784 5485 3072 5538 sentiebant
3106 5499 3124 5536 :
3156 5498 3379 5553 quorum
3426 5496 3519 5533 nos

1938 5643 2091 5725 operi
2153 5641 2373 5713 prteiixa
2429 5656 2550 5712 pag.
2611 5639 2755 5707 800,
2807 5639 2908 5695 801
2970 5650 3024 5695 et
3100 5638 3205 5694 802
3275 5639 3517 5709 ejusdem

1941 5725 2092 5771 touu.

1963 5730 2092 5770 Ollll.
