4068 6312
679 368 815 425 1°83

1452 368 1515 422 Ρ.
1558 371 1869 425 DANIELIS
1908 371 2136 427 IIUETII
2180 372 2755 429 ORIGENIANOBUM
2800 369 3164 425 APPENDIX.

3722 375 3825 429 HSl

678 506 797 542 cum
829 505 1154 544 successores
1176 492 1361 556 simus,
1400 498 1449 544 et
1473 493 1705 559 ejusdem
1730 496 1915 563 gratiw
1942 495 2244 564 participes,
2278 500 2321 553 A
2351 495 2470 550 nius
2502 504 2777 567 auctorem
2822 507 2942 547 esse
2968 492 3299 561 Cyprianum
3333 488 3532 543 levibus
3570 504 3680 545 sane
3705 495 3832 549 ratio-

676 595 872 632 necnon
901 581 1250 649 episcopatus,
1281 591 1330 634 et
1361 584 1675 651 magisterii,
1714 595 1761 638 et
1796 587 2033 640 custodes
2068 586 2246 640 Eccle-

674 671 767 723 site
796 671 1044 737 reputati,
1070 687 1173 724 non
1198 674 1361 727 oculis
1388 690 1482 743 per
1507 677 1803 731 socordiam
1822 678 2242 734 dormitabimus.

676 762 835 829 Atqui
878 777 976 817 nec
1016 763 1271 819 Ecclesiae
1313 776 1496 823 custos
1546 767 1832 839 Origenes,
1885 785 1984 825 nec
2032 771 2245 840 episco-

675 868 772 920 pus
809 853 927 907 fuit.
980 854 1276 925 Episcopus
1318 868 1496 913 autem
1544 859 1643 914 fuit
1687 859 2037 930 Epiphanius,
2081 870 2135 916 et
2184 861 2247 915 li-

673 943 827 998 brum
868 948 1084 1016 scripsit
1114 952 1180 1003 de
1229 950 1526 1006 haeresibus
1552 970 1566 1005 :
1596 953 1738 1006 unde
1768 970 1871 1006 non
1914 954 2087 1008 inanis
2112 968 2244 1008 con-

667 1037 878 1105 jectura
912 1040 1144 1095 sumitur
1186 1042 1288 1098 hoc
1332 1057 1467 1112 opus
1519 1044 1583 1097 ad
1640 1045 1812 1114 ipsum
1842 1059 1965 1101 esse
2006 1045 2246 1101 referen-

672 1126 818 1181 dum.

662 1234 671 1265 ε
742 1218 851 1272 XII.
878 1218 1139 1275 Libellum
1178 1221 1256 1275 De
1278 1222 1648 1293 singularitate
1670 1224 1983 1278 clericorum
2020 1225 2240 1295 Origeni

670 1308 867 1363 addicit
895 1320 1047 1366 vetns
1080 1314 1248 1367 codex
1284 1313 1460 1384 Regius
1489 1314 1850 1371 Bibliothecte.
1881 1316 2151 1371 Addicunt
2188 1326 2244 1370 et

668 1399 964 1456 Landulfus
999 1419 1027 1456 a
1063 1404 1325 1459 Columna
1379 1408 1431 1459 in
1487 1406 1764 1463 Breviario
1795 1409 2085 1473 historiali,
2136 1409 2241 1462 La-

670 1493 885 1548 ziardus
913 1491 1262 1561 Ctelestinus,
1302 1499 1610 1554 Antoninus
1662 1510 1715 1554 et
1758 1499 2074 1557 Vincentius
2129 1502 2244 1557 Bel-

669 1583 992 1649 lovacencis,
1027 1602 1162 1656 quos
1196 1597 1441 1641 recenset
1478 1588 1780 1655 Pamelius;
1820 1600 1875 1645 et
1904 1592 2102 1660 quibus
2129 1593 2242 1659 ipse

667 1674 920 1742 succinit,
948 1691 1067 1728 cum
1114 1676 1166 1729 in
1200 1676 1520 1733 Praefatione
1558 1680 1624 1733 ad
1655 1680 1870 1734 tertium
1898 1690 2099 1735 tomum
2135 1682 2239 1753 Cy-

668 1764 867 1831 priani,
899 1774 1010 1818 tum
1037 1765 1090 1818 in
1122 1777 1439 1836 argumento
1466 1766 1587 1821 libri
1610 1768 1748 1837 ejus,
1775 1779 1830 1822 et
1855 1770 1907 1823 in
1932 1770 2241 1824 adnotatio-

667 1856 829 1910 nibus
854 1857 919 1910 ad
954 1866 1115 1925 caput
1140 1858 1371 1925 primum
1404 1859 1525 1914 libri
1558 1858 1881 1916 Tertulliani
1934 1861 2012 1916 De
2060 1863 2243 1916 exhor-
2271 1844 2312 1899 Β

666 1947 860 2002 tatione
889 1949 1166 2002 castitatis.
1214 1948 1320 2004 Sed
1353 1952 1613 2006 reclamat
1655 1951 1943 2018 Baronius,
1967 1955 2108 2023 quod
2139 1956 2240 2009 hoc

665 2050 830 2106 Opere
875 2036 1191 2093 feminarum
1236 2042 1647 2096 contubernium
1682 2042 1896 2098 clericis
1947 2045 2240 2099 interdicti-

668 2138 788 2194 tur;
824 2145 945 2184 cum
974 2132 1113 2183 inter
1141 2131 1391 2187 mulieres
1419 2143 1471 2185 et
1502 2134 1709 2204 puellas
1736 2134 1998 2204 Origenes
2023 2136 2239 2191 assidue

665 2220 736 2274 sit
772 2232 1142 2277 conversatus.
1186 2222 1350 2277 Addit
1396 2224 1446 2278 id
1483 2224 1645 2281 fuisse
1676 2240 1855 2281 causae
1880 2242 1978 2282 cur
2005 2229 2238 2296 scriptus

667 2311 735 2366 ab
764 2312 1085 2367 Adamantio
1117 2314 1217 2368 iste
1252 2314 1387 2369 liber
1414 2317 1656 2372 creditus
1705 2317 1795 2383 sit,
1834 2318 1979 2388 quod
2014 2329 2235 2388 sponta-

662 2418 821 2457 neam
872 2407 1263 2461 castrationem
1314 2424 1417 2463 non
1460 2410 1880 2479 improbaverit;
1929 2425 2092 2483 atque
2136 2416 2237 2468 hoc

662 2494 805 2550 idem
853 2508 1232 2568 argumentum
1288 2504 1569 2570 usurpavit
1617 2504 1888 2559 Pamelius
1933 2523 1946 2559 :
1985 2524 2003 2557 ι
2048 2506 2233 2576 Atqui,

660 2589 835 2658 inquit
867 2589 1151 2656 Baronius,
1184 2592 1482 2647 debuerunt
1524 2595 1576 2647 hi
1608 2598 1921 2651 meminisse
1963 2598 2137 2667 aliqua
2167 2615 2233 2654 ex

659 2690 815 2750 parte
861 2680 1132 2734 laudatum
1173 2697 1387 2751 quoque
1442 2699 1471 2737 a
1525 2685 1751 2739 Domino
1800 2688 2034 2742 villicum
2086 2690 2229 2744 illum

661 2768 981 2837 iniquitatis,
1008 2784 1129 2824 cum
1160 2771 1356 2841 alioqui
1387 2773 1526 2827 idem
1557 2789 1745 2830 attetor
1769 2776 1835 2830 de
1880 2778 1963 2831 his
1995 2780 2085 2847 qui
2117 2781 2232 2835 hinc

659 2868 1077 2927 perpetrarent,
1132 2861 1237 2914 alio
1303 2859 1706 2918 Commentario
1756 2881 1814 2921 se
1873 2874 2230 2923 tractaturum

657 2946 941 3013 spondeat.
981 2964 1000 2998 ι
1050 2945 1243 3003 Utilius
1280 2952 1645 3019 respondisset
1673 2953 1955 3021 Baronius,
1992 2958 2230 3015 sidixis—

657 3045 743 3090 set
772 3041 1101 3094 exsectionis
1122 3056 1231 3095 suae
1253 3041 1540 3113 Origenem
1566 3048 1903 3116 paenituisse,
1926 3059 1979 3105 et
2007 3065 2034 3103 a
2068 3052 2229 3107 simili

660 3126 907 3184 facinore
936 3131 1172 3199 reliquos
1207 3134 1566 3191 absterruisse
1612 3138 1668 3190 in
1710 3137 2130 3198 Commentariis
2160 3143 2225 3198 ad

662 3218 1008 3290 Evangelium
1065 3222 1323 3279 Mattbsei.
1378 3226 1532 3293 Quod
1571 3243 1699 3300 ergo
1750 3231 1803 3285 in
1856 3245 2227 3304 argumentum

660 3321 941 3367 traxerunt
976 3318 1239 3381 nonnulli,
1273 3330 1332 3372 ut
1371 3321 1565 3374 librum
1610 3322 1684 3376 De
1726 3327 2097 3393 singularitate
2126 3329 2229 3384 cle-

659 3401 889 3455 ricorum
930 3405 1144 3475 Origeni
1190 3410 1547 3477 ascriberent,
1580 3414 1722 3481 quod
1754 3430 1944 3483 nempe
1984 3416 2229 3472 volunta-

657 3494 794 3548 riam
850 3496 1163 3566 genitalium
1230 3504 1649 3569 amputationem
1706 3521 1812 3561 non
1870 3512 2227 3581 damnaverit,

657 3580 888 3652 idipsum
933 3586 1130 3641 indicio
1163 3588 1295 3643 mihi
1325 3599 1409 3643 est
1435 3591 1635 3645 librum
1664 3608 1770 3648 non
1793 3610 1914 3651 esse
1941 3580 2223 3670 Origenisj

653 3678 855 3747 quippe
880 3693 1042 3748 quem
1064 3683 1220 3738 annis
1244 3687 1637 3753 provectiorem
1664 3687 1924 3746 facinoris
1950 3692 2002 3746 in
2030 3694 2224 3761 juven-

656 3770 788 3822 tutis
817 3771 999 3827 calore
1022 3773 1240 3829 admissi
1270 3778 1604 3846 paenituerit.
1634 3780 1866 3837 Baronio
1886 3800 1951 3838 ex
1977 3784 2226 3856 Origenis

657 3857 865 3914 familia
898 3863 1065 3918 fetum
1099 3866 1242 3922 hunc
1286 3870 1575 3938 depellenti
1623 3875 1946 3945 astipulatur
1974 3879 2223 3935 codicum

655 3951 943 4021 dissensio,
984 3970 1213 4025 quorum
1254 3959 1346 4015 alii
1392 3961 1747 4035 Hieronymo,
1782 3968 2080 4038 Augustino
2110 3972 2222 4038 alii,

656 4043 900 4113 plerique
943 4046 1213 4116 Cypriane
1259 4053 1555 4123 assignant.
1609 4056 1869 4115 Erasmus
1917 4062 1983 4116 ad
2022 4063 2223 4119 calcem

653 4133 775 4189 libri
823 4138 1105 4207 Augustini
1138 4141 1213 4195 De
1267 4143 1400 4196 bono
1449 4147 1727 4202 uiduitatis
1758 4163 1775 4200 :
1803 4169 1822 4201 α
1861 4150 2220 4221 Sequebatur,

652 4227 852 4297 inquit,
884 4230 985 4285 hoc
1017 4232 1136 4287 loco
1162 4234 1371 4289 libellus
1395 4235 1469 4290 De
1496 4240 1865 4308 singularitate
1894 4245 2221 4315 clericorum,

649 4324 745 4389 qui
773 4323 934 4378 toties
955 4332 1009 4378 et
1031 4323 1370 4396 Ilieronymi,
1397 4339 1450 4383 et
1472 4330 1724 4401 Cypriani
1758 4336 1973 4391 nomine
1993 4353 2223 4397 excusus

650 4423 753 4479 est,
787 4429 907 4470 cum
941 4418 1154 4487 phrasis
1186 4435 1286 4473 nec
1315 4420 1721 4493 Hieranymum,
1742 4442 1842 4481 nec
1869 4429 2218 4498 Cyprianum,

2348 586 2508 641 nibus
2534 584 2819 641 contendit
2848 601 2862 637 :
2894 598 3072 652 neque
3096 596 3218 636 eum
3244 586 3421 633 movet
3446 579 3560 649 styli
3589 581 3829 649 disparitas,

2346 677 2488 746 quod
2528 690 2635 730 non
2662 676 2910 731 eumdem
2942 688 3159 744 semper
3195 670 3314 737 styli
3344 678 3571 725 tenorem
3596 668 3833 741 Cyprianus

2349 768 2669 822 servaverit.

2416 857 2470 911 ln
2503 869 2609 911 tam
2640 859 2899 921 obscura,
2932 867 3187 928 tanquam
3230 866 3569 914 controversa
3603 863 3837 929 quaestione

2345 957 2551 1002 certum
2597 949 2799 1019 aliquid
2848 958 3089 1004 statuere
3129 949 3342 1005 difﬁcile
3389 961 3487 1005 est.
3518 950 3739 1020 Cypriani
3762 948 3834 1007 non

2345 1055 2465 1094 esse
2509 1040 2652 1095 istud
2684 1058 2819 1110 opus
2842 1042 3079 1095 clamant
3119 1041 3365 1096 barbarae
3406 1042 3487 1095 hze
3512 1056 3674 1106 voces,
3702 1044 3831 1114 cujus‘

2346 1134 2487 1187 modi
2540 1134 2709 1189 nullas
2765 1136 2815 1189 in
2863 1149 2999 1203 puro
3050 1150 3112 1189 ac
3170 1144 3312 1188 terso
3358 1133 3602 1205 Cypriani
3649 1149 3835 1189 sermone

2346 1223 2679 1278 nanciscaris
2734 1241 2746 1277 :
2808 1243 2826 1275 ε
2885 1224 3443 1289 Constitutionarios,
3505 1224 3832 1294 repulsorium,

2344 1311 2708 1378 vulgaritatis,
2764 1310 3122 1378 Iqunrarum,
3185 1313 3539 1382 probrositas,
3592 1315 3836 1384 participia,

2344 1401 2592 1466 adunari,
2641 1402 2922 1467 vaniflcat,
2963 1413 3287 1472 egestosam,
3336 1404 3655 1469 intimemus,
3697 1422 3838 1475 procu-

2346 1495 2543 1559 rativa,
2576 1494 3273 1565 absentari,conjugalitas,
3307 1498 3614 1564 parentalis,
3637 1517 3652 1547 ι
3677 1500 3839 1568 aliaque

2343 1583 2595 1653 plurima.
2634 1584 2764 1652 Quis
2806 1598 3169 1643 monstrorum
3203 1588 3465 1659 ejusmodi
3499 1598 3740 1657 parentem
3762 1593 3839 1661 Cy-

2343 1679 2592 1746 prianum
2621 1680 2804 1734 dicat?
2834 1681 3197 1737 Arianismnm
3226 1693 3488 1753 praeterea
3514 1685 3617 1737 haec
3635 1684 3835 1751 sapiunt:

2340 1768 2403 1825 Si
2447 1770 2687 1826 Christus
2718 1789 3024 1843 comparare
3064 1777 3287 1844 seipsum
3326 1792 3488 1829 ausus
3535 1786 3603 1828 est
3641 1775 3744 1841 Deo,
3771 1780 3836 1845 qui

2340 1862 2415 1915 ait
2446 1876 2464 1914 :
2494 1861 2656 1917 Pater
2696 1864 2869 1931 maior
2894 1882 2975 1919 me
3020 1877 3093 1919 est
3140 1880 3160 1918 :
3197 1878 3289 1920 aut
3317 1868 3367 1921 si
3391 1867 3603 1933 apostoli
3627 1884 3837 1936 coaquare

2338 1956 2638 2024 semetipsos
2688 1958 2807 2010 ausi
2859 1969 2979 2011 sunt
3028 1956 3237 2012 Christo
3285 1958 3355 2012 “.
3399 1958 3649 2029 Rapinam
3695 1974 3839 2028 nempe

2338 2046 2656 2112 arbitratur,
2684 2047 2958 2102 Christum
2992 2063 3114 2103 esse
3136 2049 3400 2119 aequalem
3433 2050 3535 2104 Deo
3554 2049 3622 2115 “;
3655 2060 3836 2104 tantum.

2337 2150 2445 2206 qne
2506 2139 2836 2195 discriminis
2890 2141 3172 2196 Christum
3231 2143 3377 2197 inter
3426 2152 3480 2196 et
3534 2142 3681 2196 Deum
3729 2158 3836 2204 esse.

2337 2240 2597 2296 quantum
2624 2231 2896 2299 apostolos
2941 2232 3084 2287 inter
3119 2243 3174 2288 et
3197 2233 3496 2288 Christum.
3526 2233 3835 2305 Primigeniam

2337 2332 2391 2376 et
2426 2325 2660 2378 nativa-n
2711 2322 3143 2382 lucubrationem
3198 2330 3375 2400 stylus
3429 2330 3553 2395 olet,
3587 2344 3679 2383 non
3718 2331 3839 2384 inter-

2337 2417 2722 2484 pretationem,
2763 2434 2882 2488 quse
2920 2422 3145 2475 astricta
3179 2422 3292 2476 fere
3322 2432 3408 2476 est
3439 2431 3494 2476 et
3532 2432 3761 2477 contorta.
3786 2423 3838 2477 Ea

2334 2524 2463 2564 vero
2491 2520 2575 2564 est
2604 2512 2895 2580 scriptoris
2926 2513 3227 2579 barbaries,
3274 2524 3328 2568 ut
3362 2514 3676 2570 hellenismis
3705 2516 3835 2571 locum

2334 2601 2550 2655 dedisse
2581 2603 2804 2658 minime
2832 2605 3081 2661 mirabile
3122 2607 3211 2670 sit,
3243 2608 3335 2675 qui
3381 2616 3460 2661 tot
3495 2607 3780 2677 stribligines
3795 2626 3836 2663 ac

2334 2691 2633 2747 dictionum
2683 2704 2932 2763 portenta
2987 2696 3228 2750 admisit.
3290 2699 3480 2767 Spirat
3519 2708 3676 2753 tamen
3705 2698 3836 2753 felici:

2328 2783 2732 2852 juvenescentis
2774 2785 3031 2841 Ecclesiae
3059 2795 3322 2857 tempora,
3377 2790 3513 2844 adeo
3547 2802 3598 2844 ut
3646 2792 3682 2843 si
3705 2793 3835 2843 minus

2336 2876 2483 2929 illum
2516 2876 2827 2948 Hieronymi
2877 2890 2932 2935 et
2975 2880 3261 2951 Augustini
3296 2898 3416 2937 aevo
3464 2885 3755 2953 superiorem
3779 2884 3834 2938 di-

2333 2983 2542 3033 camus,
2566 2973 2709 3040 quod
2732 2976 3069 3042 probabilius
3091 2992 3213 3033 esse
3240 2989 3399 3047 puto,
3430 2995 3532 3035 non
3563 2979 3709 3033 multo
3728 2990 3833 3033 certe

2334 3058 2641 3115 inferiorem
2673 3063 2837 3119 liceat
2874 3068 3148 3125 arbitrari.

2402 3153 2692 3223 Reperitur
2717 3158 3108 3221 quidem'inter
3138 3160 3273 3215 falso
3314 3163 3544 3232 ascripta
3573 3162 3832 3233 Hieronymo

2331 3261 2491 3313 opera
2538 3247 2779 3318 Epistula
2811 3251 2877 3303 ad
2906 3250 3173 3306 Oceanum
3202 3255 3269 3309 de
3297 3256 3407 3309 vita
3437 3256 3741 3320 clericorum,
3766 3256 3829 3309 sed

2331 3338 2575 3408 Sulpicio
2642 3342 2845 3397 Severo
2918 3347 3214 3413 recentior,
3277 3348 3479 3418 quippe
3542 3365 3649 3418 qua:
3704 3350 3828 3403 sancti

2328 3430 2542 3486 Martini
2594 3431 2773 3489 Vitam
2831 3436 2898 3491 ab
2950 3452 3016 3491 eo
3070 3440 3328 3509 scriptam
3394 3442 3591 3497 laudet.
3639 3442 3828 3513 Ejusdem

2327 3522 2443 3577 fere
2496 3538 2559 3578 ea
2618 3536 2703 3580 est
2754 3531 3054 3597 argumenti
3106 3546 3169 3585 ac
3213 3532 3386 3587 altera
3443 3535 3552 3591 haec
3600 3550 3704 3605 qua:
3740 3534 3828 3590 Ori-

2327 3614 2447 3683 geni
2514 3616 2822 3687 aIﬁngitur,
2895 3631 2954 3674 ut
3013 3622 3058 3676 si
3122 3624 3245 3691 quis
3311 3626 3461 3681 illam
3530 3644 3592 3683 ex
3640 3632 3723 3684 hac
3763 3644 3830 3683 ex-

2327 3718 2571 3773 pressam
2605 3709 2772 3774 dicat,
2794 3709 3070 3778 conjector
3099 3728 3204 3767 non
3242 3715 3458 3786 ineptus
3499 3721 3652 3774 videri
3684 3723 3823 3789 possit.

2399 3792 2539 3851 XIII.
2594 3796 2771 3856 Josias
2798 3801 3091 3872 Simlerus,
3143 3817 3198 3862 et
3260 3809 3538 3866 Conradus
3583 3811 3757 3866 Frisius
3790 3812 3828 3865 in

2330 3884 2571 3957 Epitome
2622 3891 2963 3952 Bibliotheca:
3002 3898 3339 3959 Gesneriana:
3386 3917 3603 3960 narrant
3636 3906 3827 3975 Origenis

2326 3980 2521 4038 librum
2565 3986 2643 4040 De
2677 3990 2968 4045 astrolabio
3016 3994 3070 4048 in
3112 3995 3369 4052 Vaticana
3421 4000 3712 4055 bibliotheca
3740 4013 3826 4053 ser-

2325 4077 2465 4130 vari.
2524 4079 2845 4149 Argumenti
2904 4086 3063 4154 hujus
3122 4092 3475 4160 scriptionem
3539 4094 3601 4149 ab
3646 4092 3824 4160 Origene

2323 4167 2522 4221 exiisse
2551 4184 2732 4235 nemo,
2760 4174 2902 4241 quod
2930 4178 3123 4243 sciam,
3144 4179 3355 4234 litteris
3377 4182 3624 4251 prodidit.
3645 4180 3710 4235 Ne
3728 4180 3822 4248 quid

2326 4266 2501 4313 tamen
2535 4261 2930 4320 inconsiderate
2974 4268 3342 4340 decernerem,
3381 4275 3559 4329 curavi
3594 4272 3823 4327 Vaticanus

2322 4353 2646 4421 perlustrari
2689 4360 2912 4428 forulos,
2960 4364 3165 4421 indices
3208 4369 3380 4423 evolvi
3430 4389 3442 4424 :
3480 4370 3665 4424 nullum
3706 4368 3822 4437 plane

2323 4443 2425 4497 hoc
2454 4447 2609 4502 titulo
2651 4448 2845 4505 librum
2888 4454 2999 4508 illic
3035 4459 3259 4526 reperiri
3308 4462 3563 4530 perlatum
3588 4461 3739 4515 estad
3761 4473 3819 4511 me

652 4519 752 4559 nec
789 4508 1148 4620 Augustinum
1204 4511 1448 4567 referat:
1499 4516 1726 4584 proinde
1770 4534 1877 4573 non
1921 4531 2005 4576 est
2050 4524 2217 4578 visum
2251 4543 2294 4598 ι)
2324 4537 2394 4586 ab
2423 4536 2633 4603 amicis,
2663 4542 2862 4608 quibus
2904 4545 2954 4598 id
2996 4508 3193 4616 neghtii
3225 4508 3495 4607 dederam.
3526 4553 3657 4606 Inter
3680 4550 3818 4620 Splll‘ll

648 4609 715 4649 eo
769 4610 1005 4664 praesens
1054 4601 1303 4659 volumen
1358 4622 1606 4663 onerare.
1657 4629 1677 4663 ι
1737 4611 2094 4672 Bellarminus
2140 4618 2218 4674 De

646 4686 826 4753 script.
882 4689 1172 4749 ecclesiast.
1225 4697 1275 4749 in
1332 4696 1644 4768 Cypriane,
1717 4718 1888 4774 neque
1943 4706 2213 4776 Origenis,

647 4793 821 4847 neque
850 4778 1126 4849 Cypriani,
1166 4788 1259 4841 sed
1310 4788 1488 4845 Latini
1538 4802 1717 4849 tamen
1770 4798 2051 4868 scriptoris
2091 4816 2215 4859 esse

645 4879 851 4926 censet.
884 4870 1153 4929 Pamelius
1187 4888 1392 4945 autem,
1415 4891 1470 4935 et
1494 4894 1617 4951 post
1645 4899 1769 4940 eum
1800 4887 2023 4945 Rivetus
2044 4892 2113 4959 “,
2145 4911 2210 4951 ex

642 4958 978 5018 hellenismis
1006 4966 1333 5032 quibusdam
1372 4975 1629 5043 suspicati
1666 4988 1795 5033 sunt
1831 4996 1862 5035 e
1887 4980 2078 5039 Graeco
2100 4958 2207 5041 La-

645 5051 759 5107 tine
784 5068 908 5109 esse
931 5070 1279 5115 conversum.
1323 5061 1554 5134 Subjicit
1590 5068 1859 5127 Pamelius
1893 5090 2119 5133 censere
2150 5094 2210 5135 se

639 5157 962 5239 conversum
1017 5150 1119 5205 hoc
1154 5167 1294 5220 opus
1328 5155 1438 5225 jam
1474 5159 1598 5214 inde
1642 5162 1711 5215 ab
1737 5173 1895 5219 aetate
1930 5167 2210 5239 Cypriani,

641 5236 712 5288 ob
749 5237 1025 5294 schemata
1071 5251 1127 5295 et
1167 5244 1394 5313 phrases
1435 5247 1553 5316 ejus
1578 5253 1776 5308 aetatis.
1809 5236 2010 5313 Contra
2035 5236 2207 5317 Baro;

711 5487 1001 5575 fiparon.
1050 5511 1141 5575 aAn.
1187 5499 1313 5575 2.35,
1364 5517 1481 5575 cap.
1532 5505 1621 5572 45,
1674 5510 1766 5568 44.

636 5554 688 5594 ⁸³
712 5559 937 5632 Philipp.
976 5576 1035 5632 II,
1062 5567 1115 5625 6.
1195 5554 1904 5643 “ﬂptissévinfad-c-alcem

1857 5513 1903 5607 '2
2167 5517 2353 5578 Critic.
2416 5544 2555 5583 sacr.
2590 5531 2683 5589 lib.
2720 5548 2781 5600 tt,
2815 5550 2934 5607 cap.
2961 5539 3039 5598 15
3068 5550 3120 5596 et
3167 5542 3252 5597 15,

2316 4627 2521 4697 itaque,
2547 4642 2602 4685 et
2634 4632 2773 4689 falso
2801 4637 2974 4692 allicta
3008 4640 3228 4713 Origenl
3258 4661 3419 4714 opera
3454 4647 3589 4701 istud
3616 4645 3815 4698 amantis

2319 4729 2426 4774 tur.
2472 4721 2615 4777 Idem
2661 4738 2846 4795 aperte
2882 4730 3113 4788 deﬁnire
3166 4751 3271 4791 non
3296 4738 3464 4793 ausim
3510 4739 3570 4792 de
3602 4735 3814 4791 Breciaria

2315 4809 2585 4882 Origenis,
2627 4819 2769 4885 quod
2806 4821 2859 4874 in
2890 4820 3186 4881 Caesenatis
3231 4828 3560 4884 biblimhecaa
3589 4827 3809 4894 εαιειοεοο

2315 4902 2384 4957 ab
2429 4902 2757 4977 Hieronymo
2802 4926 3124 4970 conversum
3165 4918 3351 4975 haberi
3392 4922 3574 4976 scribit
3616 4917 3807 4974 Possed-

2316 5011 2417 5051 nus
2447 4995 2526 5063 “;
2563 5013 2736 5066 neque
2772 5003 2839 5058 de
2869 5004 3148 5071 Sermone,
3186 5012 3276 5080 qui
3302 5010 3377 5066 De
3407 5013 3644 5067 catechcsi
3668 5008 3806 5065 inscri-

2315 5097 2439 5155 ptus
2458 5102 2562 5153 est,
2590 5101 2644 5147 et
2674 5092 2727 5147 in
2766 5094 3235 5170 Ileidelbergensis
3267 5104 3591 5159 bibliotheca
3606 5101 3801 5162 Catak'ﬂ’

2313 5179 2383 5233 ab
2430 5182 2615 5236 eodem
2669 5197 2983 5245 recensetur
3017 5208 3030 5246 :
3068 5198 3314 5263 quamvis
3365 5198 3476 5252 haec
3524 5196 3643 5251 mihi
3691 5191 3800 5245 valde

2314 5282 2560 5340 suspecta
2590 5274 2719 5331 sint.

3353 5544 3405 5615 ⁸³,
3426 5543 3569 5599 Joan.
3614 5556 3698 5604 ιη,
3721 5532 3786 5590 93·
