4068 6312
381 307 401 361 Ι
412 307 515 362 9.85

1150 304 1575 361 EXCERPTUM
1612 305 1706 360 EX
1746 306 1809 363 ο.
1851 304 2051 363 BULLI
2092 307 2238 362 DEF.
2279 307 2457 363 FlDEl
2496 310 2815 367 NlCrEN/E.

3463 318 3599 373 1986

390 459 3583 504 Ἥ

1545 635 2404 753 EXCERPTUM

1938 873 2019 917 EX

1298 1030 2055 1147 GEORGII
2126 1033 2660 1146 BELLI

1667 1246 1934 1306 PBESB.
1983 1244 2297 1307 ANGLIC.

1063 1423 1830 1515 DEFENSIONE
1909 1424 2237 1512 FIDEI
2319 1426 2885 1517 NICIENIE.

1460 1616 1615 1689 (Cap.
1644 1615 1737 1684 ιχ,
1768 1614 1847 1669 De
1875 1612 2003 1668 Filii
2032 1612 2112 1679 τῷ
2140 1615 2484 1688 ὀμοουσίῳ.)

361 1913 603 1985 Origenis
636 1911 933 1990 doctrinam
964 1909 1030 1990 de
1075 1909 1207 1990 Filii
1243 1907 1337 1962 Dei
1377 1924 1515 1989 .vera
1558 1905 1832 1990 divinitate
1890 1902 2102 1986 omnino
2153 1904 2498 1990 catholicam.
2527 1916 2576 1989 et
2630 1907 2868 1990 Nicamo:
2926 1910 3051 1980 ﬁdei
3103 1912 3258 1990 plane
3286 1931 3585 1990 consonam

424 1979 610 2054 fuisse,
642 1985 898 2057 pra'cipue
919 1997 982 2035 ea:
1011 1981 1306 2057 indubitata
1340 1979 1479 2057 eius,
1519 1989 1571 2030 et
1623 1979 1873 2057 maxime
1895 1979 2217 2057 incorrupto,
2258 1988 2412 2049 atque
2445 1980 2509 2031 ab
2550 1980 2663 2048 ipso
2679 1981 2797 2048 jam
2831 1979 2949 2035 sene
2978 1985 3587 2057 accuratioridiligentio

420 2046 724 2109 elucubroto
758 2046 922 2122 Opere
946 2062 1135 2107 contra
1156 2050 1395 2117 Celsum,
1430 2049 1543 2117 {use
1569 2061 1619 2103 et
1649 2048 1933 2102 luculenter
1965 2046 2277 2104 ostenditur.

1907 2212 1980 2225 —

415 2367 442 2440 ᾗ
474 2366 513 2424 l.
568 2367 720 2421 Dictu
776 2369 971 2424 mirum
1003 2377 1108 2433 est,
1164 2378 1323 2436 quam
1374 2378 1535 2434 super
1594 2362 1752 2432 hujus
1807 2359 1907 2415 viri
1940 2366 1983 2423 Α
2011 2359 2243 2416 versiam
2275 2362 2535 2417 Arianam
2574 2364 2815 2435 scripsit,
2851 2380 2973 2420 cum
3004 2367 3154 2437 prius
3187 2365 3354 2423 fuerit
3397 2366 3581 2440 Orige-

343 2460 779 2532 πολυθρυλλήτου
823 2462 1092 2525 doctrina,
1148 2461 1201 2514 in
1257 2469 1437 2528 partes
1470 2459 1689 2522 iverint,
1748 2466 1911 2526 atque

342 2552 612 2605 acerrime
650 2553 788 2607 inter
836 2569 895 2609 se
938 2554 1215 2621 digladiati
1268 2552 1471 2606 fuerint
1521 2549 1751 2620 theologi
1803 2564 1908 2619 qua

342 2649 576 2705 veteres,
612 2656 717 2709 qua
763 2644 1112 2697 recentiores.
1172 2640 1242 2695 Ut
1274 2642 1340 2695 de
1390 2641 1662 2695 veteribus
1711 2640 1905 2703 solum,

340 2746 547 2785 memor
586 2733 816 2787 instituti
856 2736 983 2798 mei,
1025 2749 1209 2811 agam;
1272 2749 1337 2787 ex
1382 2734 1449 2787 iis
1483 2734 1571 2787 alii
1618 2734 1906 2802 Origenem

340 2820 407 2872 ad
435 2822 632 2874 cmlum
668 2837 837 2891 usque
874 2822 1122 2877 laudibus
1172 2822 1466 2888 extollunt;
1501 2822 1589 2875 alii
1627 2824 1797 2891 ipsum
1850 2831 1909 2875 ut

336 2913 631 2979 pessimum
681 2913 1135 2977 haeresiarcham,
1193 2916 1433 2982 adeoque
1475 2916 1712 2966 omnium
1770 2926 1907 2981 pene

338 3005 646 3068 haeresium,
693 3008 987 3074 praesertim
1024 3023 1145 3076 quae
1186 3005 1439 3061 Ecclesia:
1480 3005 1635 3059 [idem
1686 3005 1753 3061 de
1801 3002 1901 3059 SS.

333 3095 598 3152 Trinitate
629 3109 897 3167 Spectant,
948 3098 1152 3152 fontem
1206 3108 1261 3153 et
1325 3097 1719 3167 scaturriginem
1770 3094 1904 3149 diris

331 3187 620 3240 devovent.
677 3186 781 3241 Sed
839 3186 1151 3243 Catholicos
1190 3189 1332 3256 quod
1385 3189 1582 3242 attinet
1633 3188 1903 3251 doctores,

332 3275 428 3345 qui
460 3275 710 3344 Origenis
738 3286 897 3332 aatatc
927 3279 1216 3333 viciniores
1246 3280 1400 3333 fuere
1424 3317 1440 3342 ,
1476 3279 1648 3347 major
1670 3289 1725 3332 et
1750 3278 1905 3347 longe

331 3368 511 3435 potior
538 3368 639 3422 fuit
670 3385 923 3424 numerus
945 3386 1158 3436 eorum,
1201 3371 1289 3439 qui
1324 3372 1420 3440 ipsi
1449 3369 1722 3439 astipulati
1751 3378 1897 3424 sunt.

326 3457 637 3512 Alexander
682 3457 1210 3529 llierosolymitauus
1248 3501 1263 3523 ,
1321 3460 1667 3514 'l'beoctistus
1721 3460 1902 3514 Caasa-

328 3550 549 3615 riensis,
583 3550 870 3621 Dionysius
921 3552 1319 3607 Alexandrinus
1351 3552 1699 3607 Firmilianus
1725 3552 1904 3607 Cresa-

326 3642 554 3705 riensis.
580 3641 874 3714 Gregorius
901 3644 1368 3715 Thaumaturgus,
1413 3656 1467 3699 et
1502 3645 1896 3710 Athenodorus,

2012 2453 2096 2507 nis
2167 2454 3000 2525 adversariusinfensissimus;
3080 2475 3235 2514 suum
3297 2461 3582 2531 aliquando

2008 2542 2189 2596 odium
2215 2543 2482 2613 deposuit,
2518 2560 2580 2600 ac
2617 2548 2835 2602 tandem
2885 2549 3025 2604 inter
3069 2552 3185 2621 ejus
3224 2552 3582 2610 admiratores

2008 2650 2201 2689 nomen
2223 2651 2377 2690 suum
2406 2638 2647 2706 proliteri
2677 2655 2781 2693 non
2812 2642 3049 2695 erubuit.
3083 2643 3321 2712 Denique
3351 2643 3581 2702 Rufinus

2008 2728 2059 2795 (a
2082 2725 2341 2782 Cassiano
2372 2728 2466 2782 lib.
2526 2744 2600 2783 vn
2639 2729 2715 2784 De
2765 2731 3027 2786 incarnat.
3065 2735 3256 2798 dictus,
3320 2739 3580 2807 quidquid

2007 2821 2073 2873 de
2111 2820 2223 2889 ipso
2267 2820 2527 2887 judicavit
2556 2823 2776 2891 sequior
2804 2836 2958 2888 aetas,
3013 2843 3031 2875 ί
3057 2825 3379 2883 Christianae
3404 2830 3578 2897 philo-

2006 2910 2209 2980 sophia:
2261 2913 2378 2976 vir,
2434 2914 2575 2968 haud
2622 2918 3018 2972 contemnenda
3087 2920 3578 2978 ecclesiasticorum

2005 3000 2285 3056 doctorum
2309 3005 2519 3074 portio;
2570 3024 2590 3057 ι
2635 3006 2788 3077 cujus
2810 3010 3222 3065 sanctimoniam
3271 3012 3384 3078 ipse
3414 3016 3575 3070 etiam

2006 3090 2374 3165 Hieronymus
2409 3096 2694 3165 aliquando
2721 3101 2947 3154 summis
2984 3100 3237 3159 laudibus
3268 3107 3482 3170 extulit,
3512 3118 3573 3161 ut

2004 3198 2069 3238 ex
2095 3187 2319 3255 epistola
2370 3185 2487 3251 ejus
2520 3189 2726 3257 quinta,
2778 3191 2845 3244 ad
2887 3189 3248 3259 Florentium,
3299 3200 3572 3267 constat),

2005 3278 2257 3346 Origenis
2312 3279 2612 3333 acerrimus
2669 3280 3074 3351 hyperaspistes
3123 3286 3252 3351 fuit;
3326 3299 3384 3342 ut
3441 3290 3573 3344 nihil

2004 3369 2180 3422 dicam
2210 3369 2278 3423 de
2311 3370 2611 3425 innumeris
2637 3386 2736 3449 per
2763 3371 3055 3442 [Egyptum
3088 3375 3348 3443 dispersis
3384 3394 3573 3433 mona—

2002 3460 2143 3525 chis,
2176 3461 2267 3529 qui
2296 3462 2527 3516 maxima
2560 3460 2807 3530 Origenis
2839 3465 2905 3517 de
2932 3479 3093 3520 causa
3127 3481 3247 3521 cum
3272 3468 3572 3539 Theophilo

2001 3550 2365 3607 Alexandrino
2400 3554 2695 3609 certamina
2736 3556 2994 3610 inierunt.

2077 3640 2195 3712 §|l.
2233 3642 2288 3697 In
2330 3644 2434 3697 hoc
2487 3654 2637 3699 tanto
2700 3656 2971 3700 lautorum
3030 3648 3270 3703 virorum
3318 3653 3565 3710 dissensu

322 3731 582 3802 Origenis
612 3738 896 3803 cozetanei,
933 3739 1105 3807 ipsum
1136 3739 1187 3791 iu
1215 3740 1447 3793 maximo
1472 3740 1645 3808 pretio
1686 3754 1899 3807 semper
1928 3721 1970 3777 Β
1996 3734 2287 3798 optandum
2309 3744 2449 3799 erat,
2491 3747 2547 3790 ut
2599 3753 2667 3791 ex
2719 3738 2964 3803 inﬁnitis,
3008 3754 3128 3808 quae
3175 3742 3564 3802 Chalcenterus

324 3828 635 3882 habuerunt
665 3849 679 3884 :
715 3838 769 3883 et
831 3840 938 3885 tota
994 3830 1303 3894 Palaestina,
1352 3830 1574 3894 Arabia,
1618 3830 1897 3885 Phoenicia

320 3929 384 3973 et
427 3919 629 3974 Achaia
680 3936 897 3976 causam
946 3921 1196 3993 Origenis
1251 3923 1509 3977 adversus
1571 3922 1894 3976 Demetrium

228 4064 229 4067 η
321 4007 749 4063 Alexandrinum
779 4023 1202 4082 propuguarunt.
1237 4012 1488 4067 Eamdem
1509 4011 1700 4069 deinde
1739 4012 1894 4067 tutati

323 4109 453 4154 sunt
512 4099 825 4170 Pamphilus
887 4113 1092 4173 martyr
1142 4112 1196 4157 et
1249 4105 1511 4158 Eusebius
1548 4103 1896 4158 Ctesariensis

321 4206 421 4261 per
441 4191 750 4262 Apologiam
782 4210 873 4247 sex
902 4195 1069 4248 libi-0s
1104 4196 1463 4263 complexam,
1518 4211 1742 4263 quorum
1775 4195 1895 4249 uui-

320 4300 421 4340 cus
472 4295 734 4354 superest.
774 4287 919 4341 Alios
971 4302 1188 4357 quoque
1248 4289 1425 4356 magni
1471 4288 1707 4343 nominis
1749 4288 1893 4343 viros

304 4378 631 4448 complures
671 4381 893 4435 Eusebii
927 4382 1261 4450 temporibus
1299 4381 1588 4452 Apologias
1624 4396 1722 4451 pro
1760 4380 1887 4437 Orio

319 4485 457 4539 gene
481 4473 760 4543 scripsisse
795 4474 957 4528 tradit
982 4473 1205 4529 Pliotius
1230 4476 1350 4529 cod.
1386 4490 1573 4530 cxvm.
1605 4475 1890 4545 Origenem

318 4578 486 4632 porro
516 4573 769 4633 tanquam
816 4565 1096 4621 catholica:
1144 4566 1264 4620 ﬁdei
1316 4568 1578 4622 adversus
1612 4567 1888 4631 haeresim,

318 4670 440 4724 qua:
469 4669 654 4725 postea
689 4660 887 4712 Ariana
930 4661 1077 4714 dicta
1113 4659 1236 4723 fuit,
1266 4671 1543 4715 strenuum
1577 4675 1889 4730 propugna-

320 4753 492 4800 torem
549 4747 788 4801 laudavit
838 4764 1063 4819 magnus
1114 4750 1448 4803 Athanasius
1509 4750 1561 4803 iu
1617 4750 1754 4805 libro
1812 4748 1890 4803 De

316 4836 537 4891 decretis
582 4838 818 4893 Nicwna:
846 4842 1053 4909 synodi.
1105 4839 1198 4894 His
1228 4841 1600 4897 accensendus
1635 4841 1889 4913 Didymus

315 4926 713 4984 Alexandrinus
741 4932 860 4999 (vir
920 4932 1169 4995 celebris,
1206 4948 1314 5002 quo
1351 4933 1610 5001 magistro
1639 4945 1700 4985 se
1725 4946 1879 4987 usum

314 5019 515 5088 saepius
559 5018 919 5092 Hieronymus
972 5022 1280 5093 gloriatur),
1343 5023 1434 5091 qui
1496 5036 1593 5088 pro
1654 5020 1885 5088 Origene

312 5112 721 5184 Apologeticum
749 5116 938 5179 edidit,
970 5126 1026 5170 et
1057 5114 1212 5171 Titus
1242 5114 1555 5170 Bostrorum
1579 5117 1886 5184 episcopus,

311 5219 366 5262 et
390 5207 773 5279 Grcgoriorum
809 5208 988 5263 nobile
1033 5223 1153 5277 par,
1193 5206 1567 5262 Nazianzenus
1603 5216 1660 5261 et
1692 5205 1889 5277 Nysse-

314 5319 436 5368 nus,
464 5313 518 5357 et
543 5302 783 5358 Joannes
814 5303 1358 5369 Hierosolymitanus,
1393 5298 1630 5355 assiduis
1659 5315 1780 5353 eam
1809 5298 1878 5352 ob

314 5409 426 5448 rem
479 5393 762 5464 Epiphanii
833 5405 888 5450 et
938 5395 1249 5464 Hieronymi
1297 5392 1513 5462 probris
1577 5391 1881 5446 lacessitus.

310 5486 612 5543 Methodius
637 5503 885 5558 quoque,
931 5487 1022 5557 qui
1065 5487 1156 5540 d.u
1202 5494 1329 5541 ante
1368 5476 1610 5540 exortam
1669 5495 1886 5538 contro-
1935 5526 1946 5537 .

381 5603 493 5673 I22)
531 5600 603 5658 Ut
631 5604 789 5674 facile
812 5605 1084 5674 conjicias,
1129 5612 1327 5674 quanto
1365 5601 1557 5674 majori
1601 5609 1716 5668 post
1760 5613 1874 5666 ejus

312 5676 506 5728 obitum
553 5672 914 5743 conﬁdentia.
946 5686 1054 5730 etc.
1108 5672 1237 5729 Vide
1285 5672 1661 5743 Prazfationem
1726 5679 1869 5743 torno

313 5756 495 5801 nostro
510 5738 671 5815 priori
698 5738 995 5816 prietixam,
1031 5761 1150 5816 pag.
1176 5744 1232 5812 2,
1259 5745 1291 5800 5
1314 5752 1373 5799 et
1404 5742 1460 5811 4,
1491 5743 1580 5797 ubi
1602 5742 1715 5796 ha-c
1738 5738 1871 5794 Bulli

1998 3825 2088 3880 ille
2115 3826 2473 3890 elucubravit,
2524 3830 2741 3897 scriptis
2772 3829 2927 3899 plura
2975 3832 3042 3885 ad
3079 3847 3178 3887 nos
3222 3837 3567 3893 devenisseut

1997 3917 2206 3987 integra
2241 3929 2297 3973 et
2331 3918 2566 3985 illibata;
2599 3921 2742 3975 unde
2786 3922 2920 3991 ipsi,
2970 3924 3145 3977 neutri
3173 3927 3309 3993 parti
3343 3928 3562 3994 addicti,

1994 4010 2062 4064 de
2109 4010 2226 4079 ejus
2271 4010 2514 4065 doctrina
2581 4013 2779 4066 certius
2824 4012 3123 4079 diiudicare
3179 4018 3562 4084 potuissemus.

1991 4104 2091 4156 Ast
2139 4101 2313 4173 (proli
2354 4101 2589 4172 dolor!)
2647 4118 2713 4157 ex
2773 4103 2928 4158 libris
2985 4102 3231 4174 Origenis
3282 4111 3563 4177 quosdam,

1993 4192 2119 4245 dum
2144 4193 2190 4245 is
2212 4191 2387 4245 adhuc
2408 4194 2637 4257 viveret,
2675 4208 2704 4245 a
2731 4194 3081 4250 maleleriatis
3112 4198 3419 4255 hominibus
3445 4217 3565 4255 cor-

1994 4290 2181 4350 ruptos
2239 4290 2402 4351 atque
2450 4282 2839 4349 interpolatos;
2912 4293 2968 4339 et
3034 4287 3233 4355 scripta
3307 4291 3563 4345 nonnulla

1991 4375 2163 4429 aliena
2204 4387 2425 4444 prorsus
2450 4388 2513 4428 ac
2542 4376 2726 4443 spuria
2772 4377 2874 4429 sub
2913 4377 3031 4442 ejus
3060 4381 3278 4434 nomine
3319 4383 3564 4436 celebra-

1993 4466 2197 4522 tissimo
2217 4464 2360 4520 edita
2396 4465 2566 4520 fuisse
2609 4466 2722 4536 ipse
2756 4479 3095 4535 conquestus
3126 4479 3210 4523 est
3238 4471 3291 4524 iu
3323 4471 3563 4540 Epistola

1992 4558 2058 4613 ad
2099 4558 2362 4628 quosdam
2412 4556 2796 4612 Alexandriam
2846 4560 3071 4629 scripta.
3128 4559 3242 4631 (22)
3290 4560 3358 4616 Ut
3398 4562 3562 4618 facile

1990 4649 2269 4719 conjicias,
2305 4659 2516 4719 quanto
2541 4650 2729 4716 majori
2749 4652 3006 4721 postejus
3028 4654 3234 4707 obitum
3276 4658 3561 4712 conliden-

1992 4744 2064 4798 tia
2116 4744 2203 4798 isti
2246 4744 2588 4799 tenebriones
2634 4742 2685 4797 id
2731 4759 2903 4810 genus
2942 4744 3180 4801 facinora
3217 4762 3561 4817 perpetrave-

1991 4835 2131 4899 rint,
2160 4842 2306 4888 certe
2338 4831 2783 4901 Origenianorum
2828 4848 3050 4904 cperam
3078 4851 3207 4906 pars
3251 4837 3408 4907 longe
3443 4856 3561 4894 ma-

1989 4924 2132 4978 xima
2171 4924 2283 4993 jam
2338 4923 2553 4993 penitus
2601 4924 3002 4979 interciderunt
3044 4945 3057 4980 :
3104 4943 3330 4997 quaeque
3395 4931 3555 4985 hodie

1989 5024 2297 5085 supersunt,
2360 5030 2446 5080 ea,
2502 5016 2731 5085 demptis
2786 5026 2969 5070 contra
3014 5016 3221 5072 Celsum
3281 5020 3455 5087 libris,
3504 5034 3559 5078 et

1989 5106 2258 5175 excerptis
2287 5105 2635 5175 quibusdam,
2670 5122 2789 5176 qua;
2817 5104 3115 5161 Philocalia
3148 5124 3426 5177 vocantur,
3457 5113 3557 5168 La-

1988 5198 2097 5252 tine
2125 5207 2329 5251 tantum
2355 5198 2706 5263 exstiterunt,
2737 5199 2920 5269 idque,
2956 5208 3014 5253 ut
3040 5214 3108 5254 ex
3155 5205 3318 5255 certis
3346 5204 3557 5260 indiciis

1985 5299 2218 5353 constat,
2246 5290 2470 5344 multum
2495 5291 2564 5343 ab
2591 5290 2976 5359 interpretibus
3017 5291 3342 5363 interpolata
3393 5306 3555 5365 atque

1985 5383 2266 5437 inuuutata
2293 5398 2307 5434 :
2344 5381 2516 5436 donec
2548 5398 2720 5451 nuper
2748 5382 3085 5439 clarissimus
3119 5384 3303 5440 Daniel
3329 5387 3553 5441 ﬂuetius

1983 5474 2286 5547 ὲξηγητικά
2310 5473 2558 5544 Origenis
2586 5490 2691 5531 non
2720 5488 2887 5543 pauca
2923 5489 2989 5529 ex
3031 5491 3161 5530 mss.
3213 5475 3402 5532 Graece
3432 5479 3550 5533 edi-

1982 5599 2035 5645 et
2064 5588 2235 5643 Huetii
2261 5588 2527 5644 sententia
2573 5588 2639 5641 de
2688 5587 3079 5643 adulteratione
3123 5588 3384 5644 librorum
3427 5590 3547 5647 Ori-

1980 5663 2131 5730 genis
2171 5671 2289 5732 post
2308 5659 2423 5729 ejus
2472 5659 2678 5715 obitum
2726 5659 2793 5715 ab
2852 5659 3119 5716 haereticis
3175 5660 3318 5717 facta
3362 5663 3546 5719 conlu-

1983 5741 2142 5788 tatur.
