4068 6312
623 371 762 429 1287

2038 364 2460 425 ΕΧΕΕΒΡἸἪΜ

3670 374 3776 431 i288

624 492 718 545 dit.
748 490 886 557 Quin
923 504 989 546 eo
1027 489 1244 545 nomine
1282 489 1346 543 de
1394 489 1739 562 φιλαρχαιοις
1782 491 2031 546 omnibus
2059 506 2197 561 βηθ-
2225 495 2269 551 Α
2298 488 2497 557 quique
2523 485 2659 541 adeo
2685 485 2916 555 genuina
2951 483 3069 551 eius
3103 484 3307 553 scripta
3348 499 3378 538 a
3416 486 3596 553 spuriis
3629 494 3782 559 Optime

622 583 765 636 clare
803 584 1023 637 meritus
1055 583 1125 636 sit
1151 582 1234 636 vir
1271 583 1639 649 doctissimus,
1672 600 1832 639 nemo
1856 585 1955 639 nisi
1984 585 2195 639 invidus

623 674 954 729 diffitebitnr.
999 674 1142 728 ldem
1196 684 1372 728 tamen
1418 674 1647 730 Huetius
1683 676 1966 745 profitetur
2002 675 2192 744 Orige-

624 765 765 818 ninn.
804 764 895 818 lib.
928 779 1011 826 tn,
1049 779 1167 833 cap.
1198 764 1249 826 l,
1291 780 1440 817 num.
1476 766 1530 830 5,
1566 766 1665 820 sibi
1714 780 1836 821 esse
1881 766 2192 831 verisimile,

628 875 646 907 ε
670 856 940 924 Quotquot
972 856 1140 909 libros
1170 855 1419 923 Origenis
1443 859 1509 910 ad
1539 872 1635 911 nos
1684 855 1897 912 fortuna
1931 858 2156 912 transmi
2176 888 2189 899 ο

621 950 711 1011 sit,
743 949 964 1001 violatos
1006 964 1145 1004 esse.
1201 960 1255 1002 at
1303 964 1397 1003 eos
1428 952 1790 1020 potissimum,
1846 952 1938 1021 qui
2000 961 2195 1020 praeter

624 1042 952 1095 notariorum
982 1042 1273 1112 σφάλματα
1318 1053 1374 1097 et
1434 1044 1809 1100 haereticorum
1850 1044 2196 1098 adulteratio—

624 1151 740 1198 nes,
774 1135 1126 1203 interpretum
1160 1136 1323 1189 etiam
1352 1134 1799 1191 ballucinationes
1829 1146 1883 1191 et
1912 1136 2192 1204 perfidiam

622 1238 924 1284 senserunt.
959 1249 977 1280 ι
1044 1229 1346 1297 Excipere,
1398 1231 1449 1284 ni
1502 1230 1682 1294 fallor,
1733 1231 1990 1284 debuerat
2029 1231 2196 1284 libros

622 1331 808 1373 contra
847 1313 1112 1382 'Celsum;
1152 1322 1349 1389 quippe
1403 1337 1541 1392 quos
1594 1331 1791 1390 praeter
1852 1321 2191 1376 librariorum

624 1412 940 1483 σφάλματα,
964 1428 991 1464 a
1016 1413 1212 1479 quibus
1246 1412 1372 1464 nulli
1406 1422 1645 1465 veterum
1687 1412 1807 1466 libri
1839 1428 2059 1481 prorsus
2097 1414 2196 1465 im-

624 1514 816 1553 munes
846 1509 993 1564 sunt,
1029 1500 1189 1553 aliam
1233 1500 1572 1555 violationem
1624 1503 1915 1556 notabilem
1966 1503 2196 1558 subiisse

623 1607 805 1655 nemo,
845 1592 988 1661 quod
1020 1593 1209 1657 sciam,
1248 1590 1511 1645 hactenus
1542 1594 1848 1661 suspicatus
1878 1593 2063 1648 fuerit.

694 1680 833 1753 §lll.
865 1683 1126 1737 Czeterum
1170 1682 1214 1736 si
1254 1683 1431 1735 omnia
1466 1682 1714 1752 Origenis
1756 1685 1976 1753 scripta,
2026 1699 2196 1754 eaque

624 1790 759 1843 pura
783 1784 835 1829 et
861 1776 1193 1843 incorrupta,
1247 1774 1407 1828 hodie
1451 1782 1765 1837 exstarent;
1819 1775 1962 1828 haud
2013 1777 2192 1829 omnia

2297 588 2499 635 norunt
2519 578 2851 643 discernere,
2893 577 3021 631 mihi
3065 576 3487 647 suppeditarunt.
3542 580 3608 633 Ex
3636 585 3785 651 quibus

2293 672 2545 727 omnibus
2576 684 2734 739 spero
2764 668 2897 735 fore,
2928 678 2986 723 ut
3014 668 3182 723 lector
3204 668 3452 724 cordatus
3470 669 3600 725 clare
3620 676 3786 733 tandem

2294 766 2608 836 perspiciat,
2649 779 2813 832 quam
2861 763 3185 831 impotenter
3230 762 3284 815 in
3335 760 3603 831 Origenem
3636 770 3785 825 debac.

2294 859 2484 913 chatus
2510 859 2578 910 sit
2611 855 2884 917 Petavius,
2917 855 3043 909 dum
3075 855 3146 907 ita
3189 853 3258 908 de
3296 851 3449 907 Patre
3480 855 3585 922 (vel
3607 856 3790 917 inimicis

2289 946 2595 1017 iudicibus)
2626 946 2968 1000 sanctissimo
3014 954 3175 1013 atque
3214 944 3571 999 eruditissimo
3607 950 3793 1007 scribere

2297 1055 2398 1093 non
2443 1050 2527 1093 est
2578 1038 2826 1091 veritus:
2870 1054 2887 1087 ι
2920 1037 2993 1090 De
3037 1034 3289 1105 Origene,
3319 1054 3337 1087 ι
3389 1037 3555 1107 inquit
3596 1037 3794 1097 Petavius

2300 1130 2371 1183 De
2394 1128 2584 1182 Triuit.
2615 1130 2706 1186 lib.
2743 1144 2781 1193 ι,
2817 1142 2935 1197 cap.
2984 1127 3072 1192 12,
3114 1142 3265 1181 num.
3308 1126 3361 1191 9,
3416 1145 3434 1178 ι
3465 1138 3671 1194 constat,
3706 1147 3793 1186 eum

2296 1224 2364 1276 de
2400 1223 2537 1276 Filio
2564 1237 2626 1276 ac
2661 1222 2865 1289 Spiritu
2915 1230 3105 1275 sancto
3152 1221 3319 1290 impie
3361 1221 3671 1292 absurdeque
3700 1241 3792 1279 sen-

2294 1316 2451 1371 sisse.
2474 1334 2491 1366 ι
2527 1315 2591 1389 Et
2624 1315 2780 1382 paulo
2805 1322 2926 1381 post
2950 1330 3097 1368 num.
3124 1314 3190 1367 10
3222 1332 3235 1366 :
3281 1332 3299 1364 ι
3331 1314 3576 1383 Origenes
3608 1324 3658 1367 ut
3682 1328 3797 1372 atate

2301 1408 2489 1461 Arium
2545 1406 2862 1467 antecessit,
2921 1405 3001 1459 sic
3054 1406 3329 1474 impietate
3378 1420 3499 1474 par;
3547 1405 3643 1459 imo
3687 1408 3797 1477 impii

2300 1496 2570 1567 dogmatis
2607 1509 2793 1550 auctor
2829 1496 2901 1549 illi
2939 1495 3057 1548 fuit.
3082 1514 3100 1548 ι
3139 1496 3200 1549 Ει
3223 1498 3424 1563 passim
3453 1495 3571 1551 alibi
3594 1497 3799 1565 ejusmodi

2296 1590 2539 1643 convicia
2592 1588 2645 1640 iu
2703 1587 2989 1656 Origenem
3020 1587 3171 1657 iacit.
3234 1587 3486 1642 Fortasse
3537 1588 3800 1644 existimavit

2295 1680 2525 1742 Jesuita,
2555 1695 2615 1735 se
2650 1679 2906 1747 religione
2929 1695 3024 1732 sua
3057 1680 3123 1731 ad
3156 1680 3205 1732 id
3231 1678 3546 1733 obstrictum
3573 1677 3735 1743 fuisse,
3757 1690 3800 1733 ut

2299 1774 2370 1827 ita
2396 1772 2703 1826 venerando
2733 1770 2878 1825 Patri
2915 1771 3300 1835 malediceret;
3334 1772 3474 1838 quod
3503 1768 3685 1825 scilicet
3711 1770 3800 1826 Ori-

625 1839 804 1920 tamcn
836 1880 973 1918 verm
996 1880 1058 1917 ac
1082 1839 1329 1933 genuinze
1374 1862 1491 1928 eius
1535 1864 1820 1919 sententiae
1859 1862 2207 1919 declarandze'
2226 1839 2269 1894 Β
2298 1882 2458 1938 genes
2489 1875 2543 1919 et
2572 1863 2889 1935 Origenistze
2913 1878 3034 1919 cum
3063 1862 3404 1933 dogmatibus
3440 1862 3546 1915 suis
3562 1862 3803 1918 damnatiet

622 1957 826 2026 pariter
856 1957 1199 2011 inservirent.
1231 1956 1742 2011 Scilicetvariorum
1774 1957 2010 2010 auctoris
2038 1955 2198 2010 πολυι

623 2047 837 2119 γράφου
887 2062 1111 2116 operum
1163 2048 1377 2101 diversa
1430 2046 1571 2101 foret
1608 2049 1761 2103 ratio.
1790 2048 1901 2120 (25)
1927 2049 2061 2103 Nam
2096 2049 2197 2103 alia

624 2140 690 2192 ad
746 2139 947 2192 amicos
1010 2148 1220 2193 secreto
1260 2139 1500 2207 scripsit,
1544 2154 1664 2208 quae
1706 2138 1878 2193 lucem
1930 2155 2195 2207 nunquam

626 2231 812 2285 visura
845 2232 1123 2301 speravit;
1158 2230 1211 2283 in
1253 2231 1451 2299 quibus
1493 2230 1661 2285 libere
1695 2246 1759 2285 ac
1799 2246 1935 2300 pene
1966 2233 2199 2299 sceptice

624 2322 902 2387 disseruit,
944 2337 1008 2376 ac
1042 2323 1358 2391 plerumque
1404 2337 1508 2374 non
1547 2330 1655 2375 tam
1697 2337 1849 2375 suam
1894 2333 2097 2377 certam
2136 2337 2200 2377 ac

624 2414 898 2469 definitam
940 2417 1266 2469 sententiam
1289 2454 1303 2476 ,
1337 2427 1498 2481 quam
1533 2413 1618 2468 vel
1651 2413 1877 2467 aliorum
1905 2414 2199 2468 ratiocina-

626 2509 822 2573 tiones,
848 2508 934 2563 vel
979 2524 1107 2563 suos
1150 2510 1415 2579 quosdam
1459 2507 1743 2576 scrupulos
1770 2522 1832 2561 ac
1862 2508 2199 2562 dubitatiun-

623 2602 796 2665 cuias,
824 2600 891 2655 ad
922 2599 1209 2654 clariorem
1235 2600 1487 2655 veritatis
1531 2598 1974 2664 elucidationem,
2006 2615 2200 2670 propo-

624 2692 754 2746 suit.
815 2690 931 2744 Alia
976 2691 1093 2760 ipse
1138 2691 1190 2744 in
1238 2691 1509 2760 publicum
1566 2691 1784 2755 emisit,
1848 2692 1964 2745 sive
2010 2701 2197 2746 contra

623 2782 889 2847 infideles,
912 2783 1026 2837 sive
1044 2782 1304 2837 adversus
1366 2783 1667 2848 hazrcticos,
1720 2798 1815 2837 seu
1864 2785 2097 2855 denique
2135 2786 2201 2839 ad

624 2875 1006 2929 instruendam
1053 2874 1262 2942 plebem
1303 2874 1705 2939 Christianam;
1745 2877 1796 2929 in
1833 2877 2028 2945 quibus
2055 2917 2070 2939 ,
2119 2877 2202 2930 via

625 2965 752 3019 trita
782 2979 846 3018 ac
870 2972 986 3017 tuta
1015 2963 1293 3023 incedens.
1333 2975 1604 3033 receptam
1636 2964 1690 3018 in
1730 2965 1969 3019 Ecclesia
2014 2966 2203 3019 catho-

625 3056 783 3110 licam
829 3055 1125 3109 doctrinam
1151 3054 1442 3108 studiosius
1470 3055 1708 3109 tradidit.
1744 3055 1941 3110 Deinde
1958 3056 2058 3110 alia
2084 3072 2201 3126 pro-

2298 1957 2765 2012 anathematismis
2787 1956 3027 2011 confossi
3081 1954 3286 2009 fuerint
3315 1954 3430 2025 (Ἃ)
3474 1955 3523 2008 iu
3560 1956 3721 2025 quinta
3743 1971 3806 2028 sy-

2302 2053 2462 2105 nodo.
2497 2048 2697 2104 Verum
2739 2064 2845 2103 non
2885 2049 3103 2103 defuere
3147 2048 3252 2101 viri
3299 2048 3533 2101 illustres
3565 2062 3594 2101 e
3620 2047 3807 2102 Romana

2303 2143 2538 2198 Ecclesia
2616 2140 2912 2213 (Joannem
2974 2137 3614 2195 Picum-Mirandulanum
3691 2136 3797 2201 dico.

2299 2236 2558 2289 .lacobum
2640 2234 2925 2287 Merlinum
2991 2232 3428 2287 Victurniensem
3463 2270 3479 2295 ,
3542 2230 3808 2284 Desiderium

2302 2326 2584 2381 Erasmutn
2616 2325 3037 2380 Roterodamum
3058 2362 3075 2387 ,
3117 2324 3334 2377 Sixtum
3367 2322 3663 2385 Senensem,
3692 2321 3810 2377 Clau-

2300 2420 2447 2473 dium
2475 2418 2848 2487 Espencaaum,
2884 2408 3187 2472 Gilbertnm
3245 2414 3641 2469 Genebrardum
3672 2423 3716 2467 et
3743 2413 3812 2468 Pe-

2306 2522 2443 2567 trum
2473 2512 2772 2565 Ilalloxium
2794 2508 2837 2580 ),
2869 2509 2957 2576 qui
2992 2508 3123 2561 nihil
3154 2508 3258 2562 sibi
3300 2516 3596 2561 metuentes
3627 2520 3653 2559 a
3679 2505 3811 2571 quinti

2304 2601 2519 2657 concilii
2553 2600 3039 2660 anathematismis,
3098 2599 3393 2667 Origenem
3436 2613 3537 2650 non
3566 2597 3701 2649 modo
3728 2598 3813 2650 siue

2305 2696 2503 2764 probro
2532 2695 2829 2755 nominare,
2863 2693 2956 2745 sed
2975 2703 3029 2745 et
3052 2691 3228 2759 palam
3262 2700 3553 2760 aperteque
3585 2688 3814 2743 defendere

2308 2788 2421 2842 ausi
2453 2796 2598 2841 sunt.
2636 2784 2901 2839 Nimirum
2951 2794 3096 2839 recte
3140 2782 3461 2851 iudicarunt
3496 2780 3618 2847 isti,
3658 2782 3712 2835 ab
3748 2780 3812 2834 illa

2306 2882 2510 2952 synodo
2564 2893 2668 2932 non
2701 2887 2808 2931 tam
2833 2877 3003 2945 ipsum
3038 2874 3352 2945 Origenem,
3385 2885 3478 2929 aut
3505 2874 3707 2943 genuina
3730 2870 3814 2928 Ori-

2304 2974 2459 3044 genis
2503 2971 2721 3041 placita,
2769 2984 2931 3038 quam
2962 2967 3428 3036 perniciosissima
3474 2967 3561 3020 illa
3596 2967 3811 3035 dogmata.

2304 3065 2372 3119 de
2418 3063 2683 3117 Trinitate
2744 3060 3069 3132 ἑτερουσίῳ,
3124 3059 3190 3113 de
3242 3059 3579 3128 phantastica
3629 3055 3815 3126 corporis

623 3154 880 3215 peranter
908 3147 1193 3208 dictitavit,
1233 3147 1333 3200 alia
1365 3146 1693 3217 diligentiori
1738 3164 1866 3203 cura
1911 3149 2193 3204 elucubra-
2223 3187 2272 3243 ϐ
2308 3158 2703 3213 resurrei-lione
2749 3171 2871 3225 qua:
2903 3154 2955 3207 in
2988 3152 3313 3207 adulteratis
3359 3152 3603 3222 Origenis
3650 3149 3815 3217 scriptis

623 3236 723 3290 vit.
756 3235 997 3305 Denique
1022 3236 1125 3289 alia
1161 3234 1243 3307 (ut
1269 3236 1451 3292 lluetii
1478 3237 1659 3292 verbis
1689 3240 1832 3306 utar)
1865 3253 2029 3293 senex
2056 3238 2199 3294 Ada-

625 3330 882 3394 mantius,
912 3329 1128 3400 ingenio
1155 3345 1249 3399 per
1277 3340 1493 3386 aetatem
1534 3330 1703 3401 magis
1736 3331 1984 3395 subacto,
2020 3331 2199 3386 elima-

625 3422 739 3488 vit;
769 3422 869 3476 alia
904 3422 1163 3478 eﬂerente
1194 3439 1315 3479 sese
1344 3424 1397 3479 in
1432 3424 1732 3494 iuventutis
1774 3433 1906 3479 testu
1953 3423 2200 3479 fecundi-

626 3523 739 3569 tate
770 3515 1031 3584 profudit.
1068 3516 1142 3571 De
1171 3518 1369 3586 quibus
1393 3517 1653 3586 praeclare
1676 3518 1809 3571 dixit
1841 3517 2201 3588 llieronymus

624 3605 678 3661 in
697 3605 924 3676 Prologo
949 3607 1014 3660 ad
1048 3606 1483 3663 Commentarios
1506 3609 1561 3661 in
1595 3607 1816 3673 Lucam,
1844 3607 2127 3679 Origenem
2146 3610 2199 3663 in

622 3696 947 3767 quibusdam
972 3697 1320 3753 Tractatihus
1355 3717 1374 3750 ‹
1399 3700 1554 3768 quasi
1580 3715 1802 3768 puerum
1836 3700 1958 3754 talis
1987 3699 2198 3763 ludere;

625 3790 730 3842 alia
760 3805 880 3844 esse
910 3790 1084 3843 virilia
1137 3789 1254 3857 eius
1301 3799 1356 3844 et
1411 3792 1707 3845 senectutis
1740 3792 1947 3846 seria.)
2006 3790 2201 3862 Negari

624 3888 805 3932 autem
863 3894 968 3931 non
1026 3890 1221 3947 potest,
1284 3878 1414 3947 quin
1464 3879 1719 3949 Origenis
1767 3879 2082 3948 suffragium
2128 3881 2196 3935 de

625 3970 893 4023 catholica
947 3971 1194 4023 doctrina
1249 3972 1359 4039 peti
1425 3972 1621 4026 debeat
1668 3987 1733 4026 ex
1803 3972 1872 4027 iis
1935 3973 2204 4042 praecipue

626 4060 871 4127 scriptis,
895 4074 1017 4128 quze
1052 4061 1285 4130 publicis
1328 4062 1515 4116 usibus
1554 4063 1670 4131 ipse
1720 4063 2044 4129 destinavit;
2085 4079 2205 4134 qua:

626 4152 861 4221 cogitate
919 4162 974 4206 et
1034 4164 1240 4208 attente
1312 4156 1757 4225 exaravitzqua:
1815 4157 2046 4226 denique
2090 4157 2201 4227 iam

626 4259 812 4307 senex,
853 4256 909 4301 et
934 4246 1090 4315 longo
1139 4263 1317 4301 rerum
1350 4264 1450 4302 usu
1498 4258 1554 4303 et
1596 4250 1927 4319 experientia
1983 4250 2206 4306 edoctus

625 4338 949 4406 composuit.
976 4337 1290 4407 Huiusmodi
1321 4349 1468 4404 sunt,
1493 4344 1732 4395 oumium
1756 4356 2049 4409 consensu,
2081 4344 2204 4398 libri

625 4439 751 4484 octo
788 4439 972 4483 contra
1004 4430 1214 4485 Celsum
1254 4430 1597 4501 Epicureum.
1628 4434 1837 4503 Quippe
1869 4434 1919 4488 in
1945 4434 2030 4488 his
2058 4449 2208 4489 com-

2299 3251 2735 3310 continerentur,
2810 3260 2999 3314 qumve
3055 3241 3303 3296 nonnulli
3364 3240 3707 3308 Origenistaa,
3747 3235 3814 3305 qui

2300 3351 2641 3403 vocarentur,
2684 3338 2857 3409 magni
2890 3336 3033 3391 illius
3075 3335 3313 3389 nominis
3356 3332 3643 3403 patrocinio
3679 3328 3814 3383 defea-

2299 3435 2529 3500 derent,
2577 3431 2923 3485 anathemate
2962 3427 3320 3481 condemnata
3362 3426 3545 3479 fuisse.
3595 3420 3816 3478 Damnavit

2302 3527 2516 3596 quidem
2547 3524 2786 3596 synodus
2818 3536 2921 3576 una
2952 3535 3074 3574 cum
3103 3520 3223 3575 istis
3272 3528 3328 3573 et
3369 3518 3628 3588 paradoxa
3666 3516 3736 3567 illa
3772 3514 3819 3566 de

2301 3616 2728 3688 prmexsistentia
2783 3616 3111 3677 animarum,
3166 3610 3236 3664 de
3288 3610 3457 3665 astris
3498 3618 3549 3662 et
3594 3604 3819 3661 elementis

2303 3710 2577 3771 animatis,
2611 3716 2746 3771 etc.,
2791 3720 2910 3775 qua:
2945 3718 3073 3759 vere
3108 3702 3363 3772 Origenis
3418 3702 3563 3756 fuere
3588 3717 3601 3753 :
3626 3698 3705 3753 sed
3742 3697 3817 3750 ista

2303 3800 2580 3855 damnavit
2609 3806 2820 3851 tantum
2844 3805 2905 3850 ut
2938 3797 3067 3850 falsa
3111 3805 3164 3850 et
3198 3794 3531 3865 perabsurda
3551 3834 3568 3858 ,
3613 3806 3701 3845 non
3727 3798 3815 3841 tan-

2303 3905 2464 3960 quam
2514 3888 2807 3953 hazretica;
2858 3886 2962 3941 nisi
3016 3888 3315 3942 accesserit
3374 3885 3645 3955 praefracta
3690 3878 3817 3934 animi

2303 3982 2619 4045 obstinatio,
2652 3990 2706 4035 et
2727 3980 3010 4035 catholicas
3036 3980 3322 4033 sententize
3365 3985 3683 4041 contemptus
3711 3991 3723 4027 :
3749 3970 3817 4040 qui

2304 4084 2363 4129 ut
2392 4073 2460 4128 ab
2488 4073 2603 4142 ipso
2635 4071 2867 4141 Origene
2894 4072 3079 4141 procul
3120 4070 3313 4135 abfuit,
3355 4070 3429 4124 ita
3469 4071 3519 4123 in
3557 4064 3820 4136 Origenistis

2304 4166 2576 4237 plerisque
2599 4164 2823 4217 nimium
2854 4177 2912 4217 se
2939 4163 3192 4233 prodidit.
3230 4160 3339 4217 Sed
3390 4160 3594 4215 tandem
3643 4156 3699 4212 ad
3733 4169 3818 4211 retu

2306 4262 2475 4330 ipsam
2506 4258 2847 4312 accedamus.

2377 4349 2403 4421 ς
2441 4348 2527 4403 ιν.
2556 4349 2611 4403 In
2636 4347 2787 4402 libris
2829 4357 3010 4400 contra
3035 4344 3243 4400 Celsum
3278 4345 3440 4400 toties
3468 4343 3703 4411 Origenes
3724 4351 3820 4391 vero

2307 4441 2567 4505 divinam,
2615 4439 2717 4493 hoc
2741 4446 2847 4501 est,
2880 4437 3199 4499 increatam,
3249 4435 3537 4496 infinitam,
3573 4435 3817 4497 incompre-

628 4537 847 4577 munem
880 4523 1315 4578 Christianorum
1345 4525 1673 4589 doctrinam,
1715 4527 1973 4581 adversus
2006 4529 2205 4581 instru-

2235 4526 2281 4582 D
2310 4530 2649 4593 hensibilem,
2674 4528 3068 4583 immutabilem
3091 4527 3259 4583 Verbi
3277 4538 3332 4580 et
3359 4526 3599 4585 Filii.Dei
3623 4532 3816 4577 naturam

629 4614 927 4668 ctissimum
959 4615 1238 4684 religionis
1279 4626 1477 4671 nostra:
1516 4620 1724 4672 hostem
1757 4630 2053 4688 propugnat
2086 4639 2098 4674 :
2139 4620 2192 4675 hi

630 4721 846 4760 summo
884 4712 1123 4763 auctoris
1149 4711 1347 4774 studio,
1393 4713 1627 4765 maxima
1670 4715 1996 4781 eruditione,
2046 4715 2206 4782 idque

631 4799 699 4852 ab
728 4801 843 4867 ipso
874 4800 984 4868 iam
1022 4804 1375 4870 sexagenario
1403 4804 1594 4873 majori
1627 4803 1727 4874 (ut
1747 4804 1945 4859 diserte
1976 4815 2205 4861 testatur

630 4892 895 4946 Eusebius
928 4894 1067 4945 Hist.
1107 4894 1394 4949 ecrfesiast.
1443 4896 1539 4949 lib.
1580 4911 1653 4959 vr,
1698 4911 1816 4966 cap.
1852 4897 1968 4966 56)
2019 4899 2205 4953 elucu-

632 4984 772 5038 brati
806 4984 975 5039 fuere.
1003 4983 1192 5053 Itaque
1225 5001 1289 5041 ex
1322 4988 1405 5040 his
1421 4988 1864 5057 praecipuelibris
1890 4991 2201 5045 testimonia

633 5092 751 5131 mea
779 5080 1072 5146 proferam,
1122 5078 1319 5147 quibus
1370 5080 1706 5135 Catholicam
1774 5082 1941 5135 fuisse
1994 5083 2045 5135 in
2104 5085 2204 5138 hoc

632 5170 858 5223 articulo
883 5170 1170 5241 Origenem
1202 5172 1482 5225 ostendam
1516 5192 1530 5227 :
1561 5174 1819 5242 subjectis
1838 5183 2045 5228 tantum
2073 5174 2204 5230 locis

632 5262 973 5328 quibusdam,
1021 5277 1140 5331 quae
1185 5277 1249 5317 ex
1286 5262 1406 5316 aliis
1449 5264 1614 5330 ipsius
1669 5264 1890 5331 scriptis
1946 5265 2200 5320 catholici

632 5354 903 5417 doctores,
922 5354 1013 5423 qui
1038 5356 1288 5425 Origenis
1306 5356 1635 5424 temporibus
1658 5358 2015 5427 proximiores
2036 5358 2207 5425 fuere,

704 5536 815 5605 (9'5)
848 5533 988 5588 Nam
1021 5536 1127 5588 alia
1161 5538 1231 5589 ad
1257 5539 1455 5591 amicos
1476 5549 1670 5592 secreto
1708 5540 1942 5607 scripsit,
1988 5550 2097 5593 etc.
2134 5541 2211 5596 De

634 5604 720 5676 his
756 5604 1115 5676 Hieronymus
1154 5608 1205 5660 in
1248 5610 1473 5674 epistola
1498 5609 1589 5673 65,
1620 5611 1683 5662 ad
1713 5604 2119 5666 Parinnachium
2157 5621 2212 5666 et

633 5675 1227 5750 Oreamnn,t§statur,
1287 5679 1576 5749 Origenem
1644 5682 1695 5732 in
1762 5682 1983 5750 epistola
2047 5697 2209 5749 quam

637 5747 853 5821 Scripsit
875 5751 941 5823 ad
965 5745 1286 5808 Fabianum.
1310 5745 1685 5823 ηαῇιὶιθηιίοῃι
1725 5745 1923 5823 egisse,
1960 5745 2212 5805 cur-talia

634 5818 935 5883 scripserit,
985 5825 1039 5870 et
1087 5818 1689 5877 causamltemeritatis
1755 5822 1807 5874 in
1864 5822 2212 5877 Ambrosium

2306 4625 2565 4687 declarat,
2597 4630 2677 4686 ut,
2711 4622 2758 4676 si
2791 4623 2972 4675 omnia
3005 4622 3108 4674 huc
3136 4621 3441 4689 spectantia
3474 4616 3651 4671 vellem
3689 4612 3819 4667 addu-

2304 4732 2449 4781 cere,
2483 4716 2598 4783 ejus
2637 4714 3009 4786 Syntagmatis
3050 4728 3174 4781 pars
3219 4728 3415 4783 magna
3450 4710 3576 4766 mihi
3612 4703 3817 4762 transcri-

2306 4810 2478 4863 benda
2513 4806 2671 4863 foret.
2704 4806 2887 4876 Itaque
2924 4821 2992 4861 ex
3019 4821 3084 4860 eo
3118 4820 3284 4875 opere
3326 4804 3445 4859 loca
3492 4813 3679 4857 tantum
3711 4796 3815 4850 sele-

2305 4901 2479 4955 ctiora
2516 4900 2762 4969 quaedam
2820 4896 3182 4967 proferemus.
3243 4895 3299 4949 In
3350 4897 3487 4949 libro
3532 4910 3543 4946 ι
3592 4893 3650 4945 de
3691 4886 3816 4954 Magis

2306 5009 2371 5047 ex
2402 4992 2624 5047 Oriente
2668 4991 2721 5045 in
2765 4988 3005 5043 Judaaam
3048 4987 3424 5050 venientibus,
3476 4984 3540 5038 ad
3589 4978 3811 5035 visendum

2306 5084 2531 5153 Regem,
2562 5098 2721 5153 quem
2758 5081 2911 5136 stella
2949 5081 3166 5134 insolita
3225 5078 3501 5142 indicavit,
3535 5088 3712 5146 agens,
3756 5070 3809 5120 sic

2306 5175 2542 5243 loquitur
2572 5188 2721 5226 num.
2757 5172 2845 5233 60.
2873 5188 2997 5242 pag.
3018 5173 3123 5225 575
3158 5189 3174 5226 :
3208 5172 3472 5242 Φέροντες
3504 5168 3597 5239 μὲν
3625 5158 3806 5234 ὃῶρα,ἔξ

2306 5266 2405 5335 (ἶν’
2471 5263 2643 5326 οὓτως
2701 5261 2983 5333 ὀνομάσω)
3048 5261 3282 5331 συνθὲτῳ
3335 5259 3440 5313 τινὶ
3495 5261 3557 5310 ἐκ
3598 5250 3713 5307 Θεοῦ
3748 5247 3808 5302 καὶ

2304 5355 2594 5429 ἀνθρώπου
2648 5353 2841 5426 θνητοῦ
2887 5355 3289 5425 προσήνεγκαν,
3328 5349 3564 5422 σύμϐολα
3605 5348 3705 5419 μὲν,
3757 5340 3807 5398 ὡς

2306 5538 2583 5601 retulisse,
2612 5537 2753 5604 quod
2770 5532 2991 5592 secreto
3017 5537 3162 5593 edita
3187 5536 3239 5591 in
3276 5534 3544 5607 publicum
3563 5524 3800 5601 protulerit.

2307 5611 2577 5666 Gnoncws
2608 5608 2839 5662 BULLus.

2608 5658 3040 5749 qiiiii—ta‘synodo.
3078 5676 3182 5731 Sen
3210 5678 3384 5745 potius
3424 5675 3473 5727 in
3506 5672 3628 5749 alia_
3650 5658 3802 5749 Syllo“:

2309 5730 2775 5818 Co‘nst'antiiiopoli
2812 5730 3016 5818 habita,
3043 5730 3229 5815 quinta
3269 5749 3355 5799 illa
3387 5739 3650 5818 8ttl€_l‘i0|'_i-
3671 5730 3682 5735 ”
3706 5730 3805 5782 “de

2316 5820 2512 5875 Valesii
2570 5810 2735 5874 Notas
2793 5821 2858 5873 ad
2908 5810 3200 5888 EVagi-ium
3246 5832 3367 5889 pag.
3424 5815 3537 5868 ill.
3604 5810 3671 5864 lo.
