4068 6312
388 376 527 427 ἰῖ⁷89

1388 377 1481 420 es
1530 369 1593 420 G.
1633 374 1836 421 BELLI
1877 373 2028 419 urar.
2070 360 2249 416 FIDE!
2287 352 2616 418 Nic/Erus.

3482 365 3615 412 1'21)"

380 490 589 562 βασιλεί
618 490 706 543 τὸν
730 488 949 560 χρυσὸν,
980 490 1054 552 ὡς
1080 488 1135 541 δὲ
1161 486 1532 558 τεθνηξομένῳ
1558 486 1654 555 τὴν
1680 485 1939 556 σμύρναν,

2052 498 2190 545 rum,
2215 481 2371 535 dictis
2410 481 2702 549 Scriptura:
2744 480 2879 534 locis
2929 479 3297 545 abutentium;
3344 493 3617 548 quamque

311 562 320 583 ¹
380 584 457 645 ὼς
500 582 556 635 δὲ
596 581 715 651 Θεῷ
735 582 826 634 τὸν
850 579 1163 633 λιϐανωτόν·
1198 579 1231 632 i.
1265 592 1316 633 e.
1355 598 1367 633 :
1403 598 1419 628 t
1453 578 1706 632 Ferentes
1730 581 1865 630 dona
1895 579 1941 629 ci

381 672 474 739 qui
509 674 927 739 componebatur
958 670 1149 740 (utsic
1180 670 1398 737 loquar)
1426 686 1489 723 ex
1523 668 1630 722 Deo
1652 681 1705 722 et
1732 667 1947 721 homine

383 766 623 826 mortali,
649 763 889 836 symbola
915 762 1252 826 obtulerunt;
1284 776 1471 814 aurum
1504 771 1759 829 tanquam
1811 763 1942 828 regi,

378 865 441 909 ut
469 856 728 908 morituro
763 856 1062 923 myrrham,
1089 860 1147 905 ut
1172 852 1279 907 Deo
1306 854 1449 905 thus.
1490 869 1509 903 ι
1542 851 1637 906 Ubi
1666 851 1718 905 itt
1745 852 1943 905 Christi

378 960 610 1013 persona
658 944 898 1015 agnoscit
940 952 995 996 et
1036 942 1307 995 hominem
1354 942 1633 995 mortalem
1675 952 1730 995 et
1784 943 1944 995 Deum

380 1038 781 1099 immortalem,
833 1037 918 1089 cui
967 1036 1139 1090 honos
1197 1035 1413 1089 divinus
1460 1035 1636 1087 thuris
1677 1034 1947 1088 oblatione

374 1129 511 1182 olim
537 1127 779 1181 exhiberi
834 1126 1049 1187 solitus,
1094 1125 1375 1179 debeatur.
1420 1124 1516 1177 Cui
1562 1122 1806 1193 geminus
1862 1136 1945 1176 est

385 1218 553 1283 locus,
590 1217 680 1285 qtti
714 1217 766 1269 in
796 1215 987 1270 eodem
1030 1214 1195 1277 libro,
1218 1213 1461 1282 pauculis
1485 1215 1782 1283 interjeetis
1805 1216 1947 1284 pagi-

379 1309 485 1373 nis,
518 1307 755 1362 occurrit
787 1325 801 1360 :
835 1305 924 1359 ubi
948 1303 1113 1358 Celso
1138 1304 1359 1358 lndente
1380 1306 1432 1358 iii
1466 1306 1779 1373 sanguinem
1817 1304 1943 1358 Jesu

379 1398 660 1471 profusum
701 1399 755 1451 in
787 1410 973 1459 cruce,
1012 1410 1077 1449 ac
1108 1395 1340 1457 dicente,
1402 1414 1420 1447 r
1446 1411 1551 1449 non
1594 1395 1759 1451 fuisse
1799 1397 1943 1452 illum

374 1508 665 1557 cruorem,
728 1490 904 1558 qualis
972 1490 1113 1544 divis
1177 1491 1314 1544 solet
1376 1505 1498 1544 esse
1560 1492 1814 1552 beatis”
1871 1492 1942 1544 itu

374 1582 944 1655 respondctOrigencs
977 1598 1123 1635 num.
1154 1582 1243 1647 66,
1274 1598 1392 1651 pag.
1428 1582 1553 1646 580,
1584 1584 1679 1637 58l
1715 1601 1728 1636 :
1754 1584 1943 1653 Ἡμεῖς

370 1678 436 1731 δὲ
472 1677 619 1746 αὐτῷ
657 1674 997 1737 πιστεύοντες
1051 1675 1246 1744 Ἰησοῦ,
1279 1676 1404 1745 περὶ
1445 1676 1542 1746 μὲν
1570 1676 1669 1745 τῆς
1701 1678 1758 1728 ὲν
1796 1675 1944 1745 αὐτῷ

372 1770 652 1839 θειότητος
678 1768 888 1836 λέγοντι
906 1784 920 1798 ο
956 1767 1097 1836 Ἐγώ
1114 1768 1230 1836 ειμι
1251 1769 1288 1835 ἠ
1310 1767 1469 1833 ὁδὸς,
1501 1769 1598 1821 καὶ
1615 1769 1653 1835 ἡ
1672 1767 1939 1835 ἀλήθεια,

375 1859 477 1913 καὶ
512 1861 549 1926 ἠ
574 1857 706 1925 ζωὴ,
749 1860 841 1912 καὶ
868 1858 921 1911 εί
954 1876 1006 1912 τι
1036 1858 1244 1923 τοῦτοις
1291 1860 1684 1931 παραπλήσιον.
1716 1860 1850 1931 Περὶ
1888 1860 1943 1914 δὲ

375 1952 493 2015 τοῦ,
521 1952 602 2006 ὅτι
636 1953 691 2004 ἐν
728 1952 1048 2023 ἀνθρωπίνῳ
1074 1950 1283 2021 σώματι
1331 1946 1398 2021 ἦν
1435 1950 1605 2004 ταῦτα
1648 1952 1939 2019 φασκὸντι·

383 2046 438 2097 Ν
444 2044 515 2097 ῦν
532 2042 601 2096 δὲ
621 2040 836 2110 ζητεῖτέ
847 2060 924 2112 με
946 2042 1289 2115 ἀποκζεῖναι
1304 2043 1630 2109 ἄνθρωπον,
1645 2043 1817 2110 ὅστις
1831 2045 1946 2114 τὴν

374 2136 669 2203 ἀλήθειαν
681 2137 824 2206 ὑμῖν
847 2135 1181 2204 λελάληκαο
1199 2135 1448 2188 σύνθετόν
1476 2154 1529 2188 τι
1552 2136 1741 2207 χρῆμά
1766 2154 1944 2207 φαμεν

377 2232 539 2285 αὐτὸν
558 2232 856 2300 γεγονέναι·
884 2232 921 2284 i.
946 2245 1019 2295 e.,
1042 2250 1061 2282 r
1085 2229 1191 2284 Nos
1217 2246 1343 2283 vero
1372 2231 1470 2299 ipsi
1494 2229 1617 2283 Jesu
1640 2232 1942 2295 credentes,

383 2325 450 2379 de
481 2325 758 2378 divinitate
795 2324 1009 2392 quidem
1044 2338 1163 2390 quas
1204 2323 1254 2374 in
1296 2337 1362 2376 eo
1408 2332 1524 2375 erat
1553 2323 1751 2376 dicenti
1782 2342 1798 2377 :
1833 2322 1943 2393 Ego

369 2431 489 2470 sum
521 2417 623 2478 ria,
645 2417 836 2469 veritas
857 2426 905 2468 et
935 2416 1037 2467 vita
1058 2416 1124 2478 “,
1171 2423 1225 2467 et
1264 2414 1307 2468 si
1340 2415 1465 2483 quid
1490 2425 1573 2468 est
1606 2414 1689 2468 his
1727 2417 1940 2469 simile:

372 2506 441 2559 de
470 2520 699 2573 corpore
731 2519 858 2559 vero
895 2510 943 2558 in
988 2520 1095 2575 quo
1125 2516 1241 2560 erat
1274 2507 1512 2560 h-nnauo
1542 2507 1620 2560 sic
1656 2506 1896 2574 loquenti
1925 2526 1940 2562 ι

376 2594 534 2649 Nunc
567 2611 646 2649 me
666 2597 901 2665 qittcritir
939 2596 1229 2663 interﬁcere
1252 2596 1533 2658 hominem,
1558 2599 1646 2666 qui
1674 2600 1943 2652 veritatem

371 2689 513 2742 vobis
571 2687 773 2741 locutus
819 2704 934 2741 sum
965 2688 1009 2719 ’⁵⁷
1034 2705 1052 2741 ε
1085 2690 1261 2742 aimus
1301 2704 1421 2742 cum
1480 2689 1644 2744 fuisse
1686 2690 1940 2759 quiddam

371 2781 750 2849 compositum.
774 2799 792 2831 ι
832 2779 953 2833 Mox
1003 2781 1201 2846 dieitp.
1239 2781 1333 2833 581
1370 2781 1645 2835 Christum
1679 2783 1935 2836 habuisse

370 2869 641 2941 θειότερόν
668 2888 719 2923 τι
756 2873 813 2923 ὲν
849 2870 925 2941 τῷ
963 2870 1277 2941 βλεπομένῳ
1310 2870 1598 2942 ἀνθρώπῳ,
1642 2873 1779 2944 ὅπερ
1817 2869 1886 2945 ἦν
1914 2876 1943 2926 ὁ

377 2962 595 3029 κιιριως
627 2960 755 3024 Υίὸς
805 2961 960 3025 Θεοῦ,
994 2961 1125 3024 Θεὸς
1162 2960 1353 3028 Λόγος,
1393 2961 1529 3015 Θεοῦ
1557 2962 1804 3033 δύναμις,
1850 2966 1943 3018 καὶ

376 3050 510 3104 Θεοῦ
530 3051 706 3119 σοφία·
729 3052 764 3101 i.
784 3065 856 3109 e.,
881 3050 1176 3115 «Quiddatn
1201 3052 1431 3104 divinius
1448 3053 1546 3104 sub
1576 3052 1808 3105 humana
1830 3068 1943 3120 spe-

375 3142 498 3205 cie,
544 3141 683 3209 quod
727 3151 844 3194 erat
879 3140 1085 3208 proprie
1143 3138 1236 3192 Dei
1279 3140 1477 3201 Filius,
1514 3142 1652 3195 Deus
1685 3141 1937 3205 Verbum,

372 3235 549 3287 virtus
588 3232 956 3301 sapientiaque
999 3232 1114 3289 Dei.
1156 3250 1173 3282 ι
1226 3230 1291 3284 Ει
1338 3241 1457 3299 post
1511 3232 1936 3299 aliquantmulta,

371 3324 645 3379 Christum
674 3323 907 3392 appellat
936 3338 1083 3375 num.
1107 3323 1194 3385 68,
1231 3338 1285 3391 p.
1319 3322 1441 3386 585,
1470 3323 1599 3375 Θεὸν
1636 3327 1691 3376 ὲν
1726 3324 1937 3396 ἀνθρω-

374 3414 515 3483 πίνῳ
566 3412 800 3482 φανέντα
859 3411 1071 3483 σώματι
1131 3415 1217 3465 ἐπ’
1260 3413 1548 3483 εὐεργεσίᾳ
1614 3414 1705 3465 τοῦ
1754 3415 1938 3482 γένους

370 3506 550 3576 ἡμῶν.
576 3524 594 3556 ‹
619 3506 784 3559 Deum
818 3514 1163 3573 apparentem
1193 3505 1247 3558 in
1270 3506 1505 3558 humano
1524 3520 1769 3574 corpore,
1802 3518 1856 3561 ut
1886 3510 1937 3560 itt

373 3604 618 3651 ttostrum
642 3612 812 3668 genus
844 3608 1128 3652 exerceret
1154 3598 1587 3653 beneﬁcentiam.
1626 3616 1645 3649 ι

444 3686 473 3758 §
501 3687 564 3741 ν.
588 3687 645 3742 In
675 3689 812 3742 libro
835 3689 1071 3743 secnndo
1100 3689 1275 3743 citatis
1306 3687 1499 3743 Cenes.
1522 3704 1557 3749 t.
1590 3687 1660 3742 26
1695 3707 1708 3743 :
1742 3687 1937 3744 Facia-

372 3795 489 3833 mus
541 3778 797 3832 hominem
854 3781 923 3831 ad
974 3780 1254 3848 imaginem
1302 3793 1349 3831 et
1402 3780 1795 3833 similitudinem
1843 3800 1937 3835 no-

371 3880 577 3934 uram;
624 3878 677 3923 ct
724 3868 896 3923 locum
951 3869 1163 3923 Davidis
1205 3872 1395 3939 psalm.
1436 3887 1662 3932 csum,
1718 3872 1941 3939 5:1,ure

368 3963 530 4027 dixit,
572 3972 620 4021 et
665 3961 809 4030 facta
849 3972 990 4027 sunt,
1027 3964 1135 4031 ipse
1179 3964 1437 4017 mandavit
1483 3975 1529 4016 et
1564 3975 1740 4017 creata
1778 3979 1937 4029 sunt;

370 4056 463 4109 Dei
493 4057 658 4109 fuisse
686 4054 875 4108 Filium
902 4070 964 4108 ac
996 4055 1344 4122 Sermonem,
1383 4060 1466 4110 cui
1504 4060 1573 4111 ita
1612 4060 1819 4114 locutus
1860 4073 1941 4113 est

368 4161 434 4200 ac
461 4148 713 4216 praecepit
739 4147 876 4201 Deus
903 4145 1087 4209 Pater,
1116 4150 1215 4202 hac
1237 4152 1443 4203 ratione
1473 4150 1680 4220 colligit
1709 4168 1855 4203 num.
1884 4154 1934 4210 9.

370 4254 493 4308 pag.
538 4240 641 4294 595
666 4258 679 4291 :
709 4240 771 4291 Ei
799 4239 907 4309 γὰρ
933 4240 1232 4293 ἐνετείλατο
1253 4243 1281 4293 ὁ
1303 4242 1452 4305 Θεὸς,
1494 4245 1584 4295 καὶ
1622 4241 1841 4311 ἐκτίσθη
1875 4242 1941 4295 τὰ

366 4336 851 4407 δημιουργήματα·
881 4338 963 4399 τἰς
988 4335 1074 4398 ἂν,
1104 4337 1240 4389 κατὰ
1270 4338 1331 4389 τὸ
1355 4338 1586 4407 ἀρέσκον
1618 4337 1693 4406 τῷ
1725 4354 1937 4409 προφη-

368 4429 506 4498 τικῷ
526 4429 820 4499 Πνεύματι,
848 4428 932 4498 εἴη
951 4430 978 4480 ὀ
993 4429 1088 4498 τὴν
1105 4428 1432 4498 τηλικαύτην
1455 4429 1545 4481 τοῦ
1570 4430 1777 4499 Ματρὸς
1794 4431 1941 4483 ἐντο-

2050 573 2327 627 sententia:
2350 572 2776 632 Catholicornm,
2818 586 2881 625 ex
2926 584 3090 639 opere
3140 571 3427 625 creationis
3479 572 3616 624 divi-

2050 665 2271 716 nitatem
2331 660 2450 716 Filii
2512 662 2910 723 asserentium,
2968 662 3033 716 ad
3091 662 3347 716 amussim
3415 679 3613 717 conve-

2049 756 2180 817 niat,
2206 754 2400 808 oculati
2426 768 2614 807 omnes
2644 752 2847 807 vident.
2904 752 3105 807 ibidem
3148 754 3302 808 docet
3351 753 3614 825 Origenes

2052 849 2142 902 Dei
2172 847 2328 901 Verbi
2365 846 2701 901 divinitatem
2724 861 2817 914 per
2841 846 3269 903 incarnationem
3298 849 3610 917 neutiquam

2048 940 2213 994 fuisse
2263 940 2335 991 ita
2401 937 2885 1007 circumscriptam,
2922 948 2979 993 nt
3024 954 3286 1010 nusquam
3324 940 3409 993 illa
3470 951 3614 995 esset

2045 1041 2199 1083 extra
2228 1028 2355 1083 Jcsu
2396 1044 2591 1097 corpus
2641 1041 2693 1083 et
2730 1032 3000 1095 animam;
3035 1036 3125 1085 sed
3174 1048 3297 1087 esse
3342 1032 3613 1102 fuisseque

2047 1137 2261 1189 semper
2301 1122 2571 1190 φθάνοντα
2627 1122 2928 1192 πανταχοῦ,
2966 1124 3154 1193 ubique
3206 1135 3528 1192 prmentem.
3557 1125 3614 1180 Id

2046 1228 2174 1267 vero
2208 1229 2273 1268 ne
2304 1219 2425 1283 quis
2458 1215 2507 1267 in
2554 1213 2922 1270 Cerinthiana:
2980 1215 3201 1273 haeresis
3256 1219 3612 1285 patrocinium

2048 1308 2308 1369 traheret,
2340 1322 2463 1360 mox
2494 1307 2790 1375 subiungit,
2822 1325 2945 1377 pag.
2975 1308 3112 1363 39‘:
3142 1309 3610 1381 Ταῦταδὲφαμεν,

2044 1398 2105 1449 οὐ
2137 1396 2459 1469 χωρίζοντες
2485 1398 2575 1451 τὸν
2604 1398 2731 1450 Υίὸν
2766 1398 2857 1452 τοῦ
2898 1398 3031 1453 Θεοῦ
3096 1400 3203 1454 ἀπὸ
3253 1400 3347 1453 τοῦ
3416 1403 3610 1473 Ἰησοῦ-

2042 1488 2103 1541 ἓν
2129 1488 2237 1558 γὰρ
2257 1489 2489 1559 μάλιστα
2522 1489 2659 1559 μετὰ
2688 1491 2786 1561 τὴν
2814 1492 3123 1562 οἰκονομίαν
3155 1493 3442 1564 γεγένηται
3478 1494 3614 1564 πρὸς

2042 1580 2134 1633 τὸν
2176 1580 2347 1648 Λόγον
2383 1580 2474 1633 τοῦ
2512 1581 2645 1634 Θεοῦ
2671 1582 2703 1652 ἡ
2727 1581 2871 1653 ψυχὴ
2896 1582 2988 1636 καὶ
3013 1582 3073 1635 τὸ
3101 1583 3257 1653 σῶμα
3281 1584 3374 1637 τοῦ
3418 1586 3610 1655 Ἰησοῦ,

2044 1670 2096 1723 id
2122 1680 2226 1734 est,
2261 1689 2278 1721 t
2317 1669 2443 1723 Haec
2478 1681 2657 1726 autem
2704 1688 2809 1726 non
2869 1688 2934 1727 eo
2987 1688 3015 1725 a
3060 1673 3214 1728 nobis
3266 1675 3405 1728 dicta
3462 1686 3609 1735 sunt,

2045 1759 2184 1829 quod
2217 1776 2529 1831 separemus
2563 1778 2591 1815 a
2632 1761 2758 1817 Jesu
2801 1763 2993 1818 Filium
3022 1764 3154 1829 Dei;
3202 1781 3411 1820 summe
3467 1768 3610 1820 enini

1976 1837 2019 1893 Β
2050 1852 2198 1905 unita
2229 1851 2379 1907 fuere
2409 1863 2530 1922 post
2559 1854 3015 1922 dispensationem
3036 1859 3213 1911 anima
3236 1857 3362 1912 Jesu
3388 1876 3615 1929 corpus-

2048 1959 2153 2015 que
2168 1960 2287 1999 cum
2311 1944 2489 1999 Verbo
2512 1946 2626 2001 Dei.
2663 1967 2681 1998 ι
2706 1948 2902 2017 Ecquis
2937 1966 3065 2005 vero
3091 1962 3379 2021 utramque
3406 1954 3611 2009 Christi

2045 2042 2315 2099 naturam,
2346 2044 2402 2090 et
2452 2037 2738 2105 utriusque
2772 2048 2975 2093 natura:
3012 2043 3262 2096 unionem
3312 2044 3611 2113 ltypostati-

2044 2140 2163 2183 cam
2212 2127 2385 2195 magis
2434 2128 2712 2184 Catholice
2757 2130 3028 2199 explicare
3074 2134 3277 2201 potuit,
3337 2151 3495 2203 quam
3546 2136 3611 2190 ab

2045 2215 2281 2288 Origene
2330 2219 2477 2276 hisce
2506 2220 2557 2273 in
2588 2220 2721 2276 locis
2746 2222 2945 2276 factum
2967 2224 3087 2276 est?
3114 2224 3234 2278 Mox
3262 2227 3456 2280 ibidem
3488 2243 3613 2281 cor-

2044 2322 2144 2375 pus
2175 2306 2378 2361 Christi
2426 2309 2555 2362 dicit
2606 2325 2753 2363 num.
2790 2309 2878 2374 10,
2934 2310 3025 2363 τὸν
3056 2312 3270 2384 ἀληθῶς
3323 2316 3446 2368 ναὸν
3477 2316 3608 2377 Θεοῦ

2042 2397 2137 2451 τοῦ
2182 2398 2378 2469 Λόγου,
2409 2400 2504 2453 καὶ
2550 2400 2647 2471 τῆς
2695 2401 2908 2471 σοφίας,
2942 2404 3036 2457 καὶ
3090 2406 3187 2476 τῆς
3239 2406 3526 2477 ἀληθείας,
3558 2410 3611 2463 id

2044 2496 2164 2553 est,
2225 2508 2244 2542 r
2287 2489 2484 2544 Verum
2518 2492 2773 2560 templum
2806 2493 2897 2548 Dei
2932 2493 3115 2561 Verbi,
3150 2498 3395 2555 veritatis
3434 2512 3491 2556 et
3524 2518 3610 2556 sa-

2043 2579 2293 2647 pientiae;
2340 2599 2361 2632 ι
2398 2582 2540 2651 quod
2567 2582 2761 2649 Judaei,
2804 2584 3072 2654 lapideum
3092 2590 3187 2644 Dei
3214 2592 3467 2662 templum
3492 2594 3610 2664 plus

2042 2673 2178 2727 satis
2204 2686 2544 2739 venerantes,
2583 2687 3046 2748 contempserunt.

2115 2764 2145 2836 §
2181 2765 2265 2821 Vl.
2294 2766 2349 2821 ln
2380 2767 2518 2822 libro
2544 2772 2703 2824 tertio
2737 2773 3013 2842 objicienti
3063 2776 3389 2835 Christianis
3430 2782 3613 2853 Celso,

2042 2872 2193 2912 num.
2224 2859 2315 2924 41,
2340 2874 2392 2928 p.
2441 2862 2568 2926 475,
2601 2863 2728 2929 474,
2762 2882 2784 2917 r
2834 2870 2975 2936 quod
3012 2868 3196 2924 Iesum
3235 2876 3447 2929 mortali
3486 2892 3610 2930 cor-

2041 2963 2174 3017 pore
2208 2960 2546 3009 constantem
2575 2958 2799 3011 credant
2824 2973 2945 3014 esse
2998 2962 3186 3029 Deum,
3216 2966 3375 3036 idque
3401 2970 3485 3037 pie
3509 2971 3610 3024 sibi

2043 3040 2331 3095 videantur
2365 3042 2577 3110 facere;
2616 3065 2635 3097 ο
2669 3048 2741 3101 ita
2769 3054 3056 3117 respondet
3083 3052 3344 3124 Origenes
3380 3076 3395 3110 :
3424 3060 3610 3114 Ἲστω-

2045 3147 2142 3182 σαν
2190 3133 2239 3184 οἱ
2285 3133 2671 3201 ἐγκαλοῦντες,
2714 3138 2796 3191 ὅτι
2834 3137 2892 3193 ὃν
2934 3141 3032 3210 μὲν
3072 3144 3361 3215 νομίζομεν
3393 3150 3483 3200 καὶ
3517 3167 3608 3202 πε-

2044 3221 2312 3291 πείσμεθα
2334 3225 2570 3296 ἀρχῆθεν
2597 3224 2733 3282 εἶναι
2772 3230 2902 3283 Θεὸν
2937 3234 3030 3285 καὶ
3060 3234 3185 3287 Υἱὸν
3211 3236 3367 3301 Θεοῦ,
3402 3234 3553 3303 οὗτος
3583 3242 3610 3293 6

2038 3313 2327 3384 αὑτολὸγος
2356 3318 2472 3369 ἐστὶ
2508 3320 2659 3389 καὶὴ
2700 3322 2995 3391 αὐτοσοφία
3032 3325 3124 3377 καὶ
3168 3328 3200 3398 ή
3230 3328 3610 3400 αὑτοαλήθειαο

2038 3405 2099 3458 τὸ
2134 3405 2190 3459 δὲ
2216 3406 2405 3477 θνητὸν
2442 3409 2603 3461 αὐτοῦ
2654 3410 2832 3481 σῶμα,
2877 3414 2969 3465 καὶ
3020 3413 3116 3484 τὴν
3168 3417 3513 3490 ἀνθρωπίνην
3552 3424 3609 3477 ὲν

2038 3498 2187 3569 αὐτῷ
2236 3499 2432 3570 ψυχὴν,
2494 3504 2557 3571 τῇ
2593 3503 2727 3573 πρὸς
2783 3506 2984 3558 ἐκεῖνον
3040 3508 3098 3559 οὑ
3152 3509 3310 3577 μόνον
3362 3514 3609 3584 κοινωνίᾳ

2039 3592 2176 3647 ἀλλὰ
2208 3594 2303 3647 καὶ
2331 3593 2518 3647 ὲνώσει
2548 3595 2642 3647 καὶ
2686 3597 3001 3667 ἀνακράσει,
3055 3599 3123 3652 τὰ
3172 3601 3609 3675 μέγιστά-φαμεν

2040 3686 2481 3758 προσειληφέναι,
2514 3689 2721 3758 καὶτῆς
2753 3690 2962 3743 ἐκείνου
2990 3690 3262 3762 θειότητος
3289 3711 3609 3767 κεκοινωνη·

2034 3781 2175 3833 ’κότα
2214 3782 2294 3843 εἰς
2336 3781 2468 3833 Θεὸν
2524 3781 2975 3853 μεταϐεϐηκέναι,
3004 3785 3052 3837 id
3077 3796 3181 3849 est,
3225 3804 3244 3837 ε
3283 3787 3470 3843 Sciant
3523 3792 3608 3843 isti

2041 3872 2417 3926 ci-iininatores
2458 3874 2597 3928 hunc
2642 3872 2824 3928 Jesum
2853 3916 2869 3940 ,
2914 3893 3073 3944 quem
3120 3877 3188 3933 ab
3234 3878 3385 3934 initio
3443 3882 3607 3935 Deum

2041 3961 2243 4033 Deique
2270 3964 2463 4017 Filium
2492 3980 2612 4020 esse
2661 3967 2963 4030 credimus,
2995 3970 3169 4036 ipsum
3198 3984 3319 4029 esse
3350 3971 3606 4036 Verbum,

2041 4058 2209 4124 ipsam
2246 4061 2547 4120 veritatem,
2586 4059 2754 4125 ipsam
2785 4061 3145 4128 sapientiam:
3178 4072 3427 4117 cauerunt
3466 4080 3608 4116 mur—

2043 4150 2147 4203 tale
2184 4150 2300 4216 ejus
2330 4166 2529 4219 corpus
2571 4162 2625 4203 et
2664 4153 2954 4207 humanam
3003 4154 3053 4206 in
3090 4168 3156 4208 eo
3195 4155 3430 4208 animant
3467 4156 3608 4210 illius

2044 4241 2203 4297 Verbi
2238 4260 2341 4297 non
2381 4245 2551 4297 solum
2581 4247 3092 4309 communicatione,
3132 4247 3227 4302 sed
3258 4248 3420 4302 etiam
3454 4248 3608 4302 unio-

2042 4352 2108 4389 ne
2144 4346 2196 4389 et
2228 4338 2596 4405 perutistione,
2632 4338 2866 4391 maxima
2896 4353 3125 4406 qumque
3155 4339 3383 4393 dicimus
3449 4354 3608 4393 acce—

2040 4427 2203 4494 pisse,
2229 4437 2283 4479 et
2314 4428 2648 4481 divinitatem
2690 4429 2859 4496 ipsius
2890 4431 3294 4498 participantia,
3345 4433 3397 4485 in
3440 4431 3604 4487 Deum

367 4519 466 4590 λὴν
487 4520 837 4589 ἐκπληρῶσαι
865 4520 1130 4588 δυνηθεὶς,
1169 4520 1202 4590 ἢ
1251 4521 1279 4571 ό
1319 4520 1406 4589 (ἵν’
1439 4520 1609 4581 οὕτως
1649 4520 1934 4591 ὀνομάσῳ)

2041 4520 2293 4573 evasisse.
2319 4538 2336 4569 ι
2399 4518 2563 4587 Cujus
2620 4521 2985 4587 responsionis
3026 4523 3091 4587 (si
3132 4523 3261 4590 quid
3294 4521 3470 4592 video)
3519 4522 3607 4576 hic

370 4610 611 4680 ἔμψυχος
659 4609 813 4677 λόγος
860 4611 953 4662 καὶ
995 4610 1220 4679 ἀλήθεια
1239 4613 1539 4681 τυγχάνων,
1580 4612 1631 4665 id
1678 4622 1781 4674 est,
1813 4631 1832 4662 ι
1875 4613 1932 4666 Si

369 4702 513 4755 enim
569 4702 842 4755 mandavit
876 4700 1047 4763 Dens,
1094 4711 1148 4756 et
1191 4706 1422 4758 condita:
1461 4714 1585 4757 sunt.
1632 4716 1930 4767 creaturaa;

370 4792 491 4863 quis
510 4793 662 4862 juxta
685 4794 1005 4847 sententiam
1025 4795 1321 4862 prophetici
1350 4794 1584 4863 Spiritus
1605 4806 1789 4865 posset
1817 4812 1938 4851 esse

371 4885 501 4939 tanti
548 4887 756 4953 paterni
810 4885 1043 4938 mandati
1082 4898 1389 4949 exsecutor,
1428 4904 1587 4953 quam
1642 4888 1749 4951 ille,
1781 4892 1937 4943 utsic

371 4976 577 5044 loquar,
607 4976 873 5028 animatus
893 4977 1009 5043 ejus
1034 4991 1213 5029 sermo
1247 4988 1301 5030 et
1329 4979 1568 5031 veritas?
1602 4998 1620 5031 ι
1656 4980 1859 5044 Quibus
1882 4983 1933 5034 in

373 5069 550 5121 verbis
590 5067 780 5121 Filium
812 5067 901 5119 Dei
930 5082 958 5118 a
1004 5066 1160 5119 rebus
1196 5070 1391 5121 creatis
1425 5071 1674 5123 omnibus
1711 5072 1939 5138 apertis-

369 5160 503 5213 sime
529 5158 844 5227 distinguit;
876 5158 1003 5225 quin
1041 5167 1092 5211 et
1112 5157 1257 5212 clare
1280 5159 1437 5212 docet
1460 5175 1594 5228 opus
1610 5163 1899 5217 ereatiouis
1919 5203 1933 5226 ,

368 5253 439 5305 illi
488 5252 577 5305 Dei
622 5251 758 5306 Filio
796 5266 825 5303 a
868 5249 1030 5305 Patre
1085 5265 1182 5306 suo
1239 5253 1659 5314 demandatum,
1728 5263 1932 5307 tantum

368 5347 581 5414 tuisse,
642 5354 825 5414 utpote
885 5344 1081 5398 divinae
1141 5344 1547 5412 omnipotentiae
1614 5344 1930 5412 proprium,

367 5452 424 5492 nt
488 5410 671 5508 perﬁci
741 5438 1049 5505 neutiquam
1106 5438 1342 5506 potuerit
1394 5437 1495 5491 nisi
1551 5439 1618 5491 ab
1676 5452 1774 5498 eo,
1840 5437 1931 5504 qui

366 5533 437 5585 sit
465 5533 577 5600 ipse
620 5532 713 5585 Dei
755 5529 932 5584 Patris
980 5545 1155 5583 sermo
1204 5546 1266 5583 ac
1313 5530 1532 5584 veritas.
1590 5528 1717 5595 Quae
1770 5530 1933 5587 ratio—

366 5625 570 5677 cinatio
621 5638 782 5691 quam
828 5624 1013 5691 procul
1055 5625 1215 5677 distet
1265 5638 1293 5675 a
1340 5632 1518 5675 mente
1569 5622 1931 5675 Ariomzinita-

438 5802 657 5855 “10m.
695 5816 804 5861 xtv,
829 5764 879 5853 6'.
959 5802 1000 5829 ³⁷
1025 5799 1179 5852 Jnatt.
1212 5816 1329 5863 vttt,
1362 5802 1448 5854 i0.

720 5897 989 5955 PATROL.
1036 5898 1149 5957 (in.
1201 5897 1393 5956 Xi'll.

2041 4626 2235 4666 sensus
2280 4610 2596 4665 manifestus
2630 4622 2714 4665 est
2763 4627 2776 4663 :
2825 4613 2905 4664 An
2941 4612 3073 4666 illttd
3102 4627 3199 4667 vos
3230 4611 3539 4674 conturbat,
3575 4629 3608 4668 ο

2044 4704 2368 4773 philosophi,
2402 4706 2541 4773 quod
2606 4719 2703 4757 nos
2756 4703 3045 4758 Christiani
3098 4703 3367 4758 Christum
3412 4704 3607 4758 Serva-

2046 4807 2215 4851 torem
2248 4811 2510 4861 nostrum,
2544 4797 2756 4851 tnortali
2782 4812 3009 4863 corpore
3043 4806 3407 4858 constantem,
3439 4796 3605 4850 Deum

2045 4889 2311 4943 dicimus?
2362 4889 2501 4948 ltnn,
2554 4888 2838 4955 ringamini
2882 4888 3027 4954 licet,
3079 4889 3226 4942 illum
3282 4887 3445 4941 Deum
3486 4903 3607 4941 esse

2045 4980 2372 5033 allirntamus
2434 4980 2805 5047 ipsissintum;
2856 4993 3045 5048 nempe
3101 4980 3271 5048 ipsam
3320 4982 3604 5043 rationein,

2037 5072 2207 5142 ipsam
2243 5077 2548 5134 veritatem,
2584 5073 2752 5139 ipsam
2784 5073 3105 5139 sapientiam
3131 5090 3144 5124 :
3169 5072 3297 5140 quin
3321 5080 3375 5123 et
3405 5072 3456 5123 in
3490 5081 3607 5123 tan-

2040 5174 2149 5217 tttttt
2183 5165 2372 5227 Deum,
2408 5176 2465 5217 tit
2494 5181 2600 5219 non
2627 5180 2913 5218 vereamur
2938 5164 3141 5225 dicere,
3170 5162 3287 5231 ejus
3317 5163 3479 5216 etiam
3514 5163 3607 5215 ltit-

2037 5269 2250 5306 manant
2292 5266 2559 5318 naturam,
2598 5271 2693 5324 per
2742 5256 2995 5309 uni0nem
3055 5269 3177 5309 cum
3221 5254 3425 5317 divina,
3472 5270 3605 5322 quu-

2037 5344 2323 5399 dammodo
2358 5346 2659 5400 deiﬁcatam
2692 5363 2832 5401 esse.
2882 5346 3124 5399 Notanda
3152 5346 3237 5398 hic
3278 5354 3357 5399 est
3406 5344 3605 5397 locutio

2036 5437 2255 5490 omnino
2316 5436 2624 5500 Platonica,
2686 5437 2992 5504 αὑτολόγος,
3044 5436 3418 5505 αὐτοαλὴθεια.
3470 5433 3602 5487 Nam

2037 5528 2188 5583 Plato
2206 5528 2539 5597 αὐτοαγαθόν
2571 5530 2726 5594 dixit,
2750 5532 2893 5597 quod
2919 5541 3001 5583 est
3032 5542 3159 5583 vere
3189 5544 3252 5581 ac
3280 5543 3374 5596 per
3420 5541 3477 5580 se
3509 5527 3603 5579 ho-

2039 5636 2163 5675 num
2189 5638 2203 5680 ;
2237 5622 2363 5674 illud
2393 5621 2673 5689 epitheton
2697 5620 2994 5672 attribucns
3017 5620 3115 5674 soli
3141 5633 3271 5672 vero
3299 5634 3362 5671 ac
3392 5634 3600 5671 summo

3171 5892 3239 5950 [ιι
