4068 6312
564 341 692 400 1291
1977 344 2170 399 EXCEI

2153 344 2401 400 lRP’I‘UM
3651 352 3759 406 1292

563 466 694 526 ltco,
742 479 769 515 a
827 479 933 533 quo
968 464 1055 520 ille
1087 463 1178 519 τὸν
1207 465 1376 532 Λόγον
1414 463 1627 533 longius
1660 465 1932 534 sperabat.
1983 464 2142 533 Atqui

2175 472 2217 526 Α
2250 463 2441 534 κούρου
2477 463 2583 515 0εοῖ
2605 504 2618 529 ,
2647 460 2886 516 σύνθετοι
2920 460 2979 525 ἐξ
2997 460 3211 531 ἀτόμων
3232 460 3594 530 τυγχάνοντες,
3619 466 3697 519 καὶ
3717 468 3764 522 τὸ

559 556 845 624 Origenes,
877 566 1131 625 tanquam
1163 571 1227 608 ex
1264 556 1573 609 Christiana
1640 554 1969 610 Platonicam
2016 556 2139 623 phi-

2243 555 2365 607 ὃσον
2400 553 2492 606 ἐπὶ
2519 557 2583 623 τῇ
2618 553 2873 605 συστάσει
2908 550 3184 614 ἀναλυτοὶ,
3212 552 3659 621 πραγματεύονται
3690 560 3766 622 τὰς

566 647 875 717 losophiam
920 647 1217 717 corrigens,
1249 648 1413 701 etiam
1448 648 1539 700 τὸν
1568 648 1739 716 Λόγον
1781 649 1896 701 sive
1944 647 2138 701 Filium

2243 646 2598 716 φθοροποιούς
2647 647 2884 716 ἀτόμους
2905 643 3273 699 ἀποσείεσθαι.
3313 644 3470 697 Ἀ).λά
3511 646 3595 698 καὶ
3632 650 3768 704 ὁτῶν

564 738 655 791 1)εἰ
685 737 1031 806 αὐτοσοφίαν,
1064 739 1474 810 αὐτοαλήθειαν,
1505 756 1570 794 ac
1614 739 1840 809 proinde
1868 740 2140 808 αὐτοαγαο

2244 738 2481 791 Στοϊκῶν
2502 737 2652 800 Θεὸς,
2678 737 2773 791 ἀτε
2810 737 2967 807 σῶμα
2988 738 3291 807 τυγχάνων,
3333 736 3421 788 ὁτὲ
3469 736 3560 806 μὲν
3601 739 3768 810 ἠγεμο-

563 831 795 900 06vjure
831 832 1023 886 merito
1049 832 1150 885 dici
1181 847 1337 900 posse
1369 833 1702 901 pronuntiat.
1733 831 1999 886 Caeterum
2032 847 2139 885 non

2242 828 2389 881 νικὸν
2416 827 2529 898 ἔχει
2568 827 2667 898 τὴν
2709 828 2837 898 ὅλην
2871 828 3079 893 οὐσίαν,
3105 829 3231 881 ὅταν
3275 829 3308 898 ὴ
3370 826 3659 899 ἐκπύρωσις

566 934 672 990 est,
707 924 849 994 quod
877 923 1078 979 fratres
1112 925 1281 979 nostri
1304 924 1627 988 Lutherani,
1652 926 1741 994 qui
1778 923 1961 978 nescio
1981 938 2139 992 quam

2242 922 2330 974 ότὲ
2362 924 2454 974 ἐπὶ
2479 920 2677 992 μέρους
2705 921 2913 989 γίνεται
2956 921 3155 991 αὐτῆς,
3200 921 3328 973 ὅταν
3366 922 3399 991 ἡ
3434 920 3768 994 διακόσμησις·

565 1018 817 1072 humana:
840 1017 893 1071 in
924 1016 1150 1072 Christo
1187 1028 1397 1073 natura!
1429 1018 1788 1089 ubiquitatem
1822 1015 2139 1083 defendunt,

2241 1013 2360 1067 οὐδὲ
2378 1014 2488 1085 γὰρ
2515 1013 2828 1084 δεδύνηνται
2856 1008 3002 1068 οῦτοι
3043 1014 3319 1086 τρανῶσαι
3347 1014 3445 1084 τὴν
3476 1016 3685 1088 φυσικὴν
3700 1018 3773 1071 τοῦ

566 1125 632 1163 ex
661 1109 744 1163 his
766 1109 1015 1178 Origenis
1045 1109 1223 1165 verbis
1257 1110 1548 1179 quidquam
1595 1124 1771 1164 causze
1815 1125 1926 1164 sua:
1982 1124 2141 1163 acce-

2241 1106 2377 1159 Θεοῦ
2400 1106 2626 1173 ἔννοιαν,
2652 1105 2727 1169 ὡς
2757 1107 2932 1177 πάντη
2976 1106 3273 1177 ἀφθάρτου,
3316 1108 3409 1159 καὶ
3454 1108 3616 1161 ἁπλοῦ
3643 1150 3656 1173 ,
3693 1113 3768 1163 καὶ

516 1196 519 1205 ’
565 1201 693 1255 dere
720 1202 1071 1255 arbitrentur.
1102 1202 1238 1255 Nam
1263 1202 1316 1256 in
1350 1202 1490 1265 loco,
1549 1216 1709 1271 quem
1754 1216 1821 1256 ex
1868 1202 2005 1256 libro
2052 1216 2122 1255 se‘

2240 1201 2558 1265 ἀσυνθέτου,
2599 1203 2693 1256 καὶ
2738 1202 3067 1273 ἀδιαιρέτου.
3102 1201 3175 1254 Τὸ
3221 1202 3278 1254 δὲ
3331 1202 3684 1274 καταϐεϐηκὸς
3714 1206 3774 1269 είς

554 1294 744 1347 cuudo
781 1293 938 1346 modo
966 1292 1310 1361 adduximus,
1334 1303 1524 1362 aperte
1566 1294 1721 1346 docet
1762 1291 2025 1363 Origenes
2049 1293 2141 1346 τὸν

2241 1295 2560 1367 ἀνθρώπους
2606 1298 2663 1349 ὲν
2697 1299 2878 1368 μορφῇ
2917 1295 3050 1348 Θεοῦ
3086 1296 3322 1367 ὑπῆρχε,
3350 1296 3444 1349 καὶ
3498 1295 3580 1349 διὰ
3626 1296 3774 1365 φιλαν-

562 1383 720 1453 λόγον
765 1383 839 1438 ita
874 1398 1012 1438 cum
1049 1386 1290 1439 humana
1323 1384 1528 1441 Christi
1554 1395 1747 1439 natura
1788 1385 2141 1455 coniunctum

2241 1388 2489 1462 θρωπίαν
2535 1388 2727 1442 ἑαυτὸν
2781 1389 3072 1452 ἐκένωσεν,
3110 1388 3195 1440 ἵνα
3233 1387 3541 1458 χωρηθῆναι
3590 1389 3668 1440 ὑπ’
3708 1390 3774 1443 ἀνι

565 1492 706 1541 esse,
741 1486 798 1530 ut
826 1478 989 1531 etiam
1017 1490 1172 1532 cura
1207 1477 1333 1532 Jesu
1362 1480 1599 1532 animam
1643 1492 1944 1547 corpusque
1998 1478 2142 1533 exsi-

2241 1477 2474 1550 θρώπων
2511 1479 2751 1550 δυνηθῇ·
2788 1481 2847 1532 οὐ
2878 1479 3051 1549 δήπου
3100 1480 3145 1531 δ’
3178 1478 3237 1542 ἐξ
3282 1477 3485 1547 ἀγαθοῦ
3528 1481 3599 1543 εἰς
3643 1483 3776 1536 uxor

563 1577 708 1636 stat;
742 1584 805 1623 ac
825 1567 887 1620 τό
918 1569 1106 1638 ubique
1126 1585 1235 1623 esse
1270 1570 1322 1623 in
1349 1569 1516 1625 solam
1545 1570 1883 1625 divinitatem
1923 1584 2140 1641 compc-

2242 1568 2462 1638 γέγονεν
2519 1568 2667 1640 αὐτῷ
2696 1567 2989 1639 μεταϐολὴ,
3032 1585 3086 1624 κ.
3120 1585 3173 1622 τ.
3204 1566 3254 1621 λ.
3306 1568 3361 1620 id
3407 1575 3508 1628 est,
3551 1584 3568 1616 t
3597 1568 3665 1621 Ad
3691 1570 3775 1623 ltzec

565 1674 704 1716 tere.
730 1660 870 1727 Quin
928 1669 982 1715 et
1023 1661 1075 1715 iu
1107 1661 1209 1716 hoc
1248 1661 1366 1731 ipso
1411 1662 1531 1717 loco
1576 1677 1700 1716 mox
1724 1671 1844 1732 post
1872 1663 2033 1717 verba
2064 1661 2141 1716 al-
2240 1661 2375 1716 satis
2431 1676 2751 1730 responsum
2784 1663 2925 1727 erit,
2986 1669 3044 1713 ut
3090 1660 3221 1714 mihi
3268 1657 3507 1723 videtur,
3537 1658 3579 1711 si
3626 1659 3773 1715 dixero

563 1754 696 1820 lata,
721 1752 862 1822 quod
893 1752 958 1805 de
996 1751 1349 1819 permistione
1394 1752 1646 1806 humanae
1688 1752 1740 1806 in
1790 1751 2009 1806 Christo
2044 1768 2140 1806 na-
2240 1752 2511 1821 quomodo
2543 1752 2596 1806 in
2625 1752 2833 1807 sanctis
2862 1751 3165 1820 Scripturis
3200 1751 3505 1819 accipiatur
3529 1750 3773 1806 descensus

568 1853 701 1897 tune
732 1857 854 1898 cum
890 1840 1067 1895 divina
1096 1840 1327 1904 dixerat,
1356 1842 1427 1895 ita
1459 1842 1573 1912 ipse
1612 1840 1874 1913 Origenes
1935 1843 2136 1897 diserte
2166 1823 2213 1884 Β
2243 1843 2337 1899 Dei
2370 1846 2435 1899 ad
2467 1845 2715 1901 homines
2752 1863 2765 1899 :
2807 1846 2872 1898 ad
2907 1859 3068 1914 quem
3126 1843 3274 1899 nulla
3321 1844 3615 1898 mutatione
3670 1859 3775 1914 Opus

562 1937 825 2005 explicat,
882 1940 941 1987 ut
1009 1931 1144 1986 nihil
1200 1933 1346 1987 aliud
1402 1948 1460 1989 se
1507 1933 1742 1988 voluisse
1799 1934 2138 2006 profiteatur,
2242 1944 2344 2001 est,
2392 1944 2451 1990 ut
2499 1934 2691 1992 Celsus
2731 1944 2889 2006 putat
2950 1949 3051 1989 nos
3080 1934 3318 2003 opinari,
3348 1948 3448 1988 nec
3491 1936 3713 2001 versione
3736 1936 3776 1989 in

564 2044 728 2098 quam
779 2043 997 2083 carnem
1033 2028 1159 2083 ‘Jesu
1189 2025 1572 2096 glorificatam,
1602 2026 1824 2081 mutatis
1863 2026 2141 2096 qualitati-
2243 2029 2442 2084 malum
2473 2030 2686 2095 ebono,
2715 2038 2855 2083 aute
2881 2027 3108 2099 pulchro
3136 2028 3189 2082 in
3219 2038 3458 2099 turpem,
3485 2041 3574 2082 aut
3597 2044 3624 2083 e
3651 2029 3778 2084 felice

560 2123 667 2176 bus
700 2122 856 2177 talem
888 2137 1008 2176 esse
1034 2122 1321 2183 redditam,
1358 2118 1574 2188 qualem
1620 2119 1847 2174 decebat
1894 2118 2141 2175 habitare
2241 2121 2294 2175 in
2334 2121 2604 2176 infelicem
2630 2162 2645 2187 ,
2689 2131 2782 2175 aut
2817 2137 2883 2176 ex
2936 2122 3142 2191 optimo
3173 2122 3225 2175 in
3263 2122 3664 2191 nequissimum.
3693 2122 3777 2175 lm~

562 2215 620 2270 in
656 2230 867 2269 summo
903 2215 1128 2277 aethere,
1159 2212 1291 2267 nihil
1345 2212 1669 2268 retinentem
1718 2212 1953 2268 carnalis
1987 2213 2140 2267 iniir-
2241 2213 2516 2268 mutabilis
2545 2215 2689 2268 enim
2730 2214 2785 2267 in
2817 2229 2911 2269 sna
2941 2214 3179 2269 essentia
3202 2229 3458 2279 manens,
3492 2215 3777 2269 condescen-

562 2309 770 2362 mitatis
809 2306 1126 2375 congenitze.
1162 2304 1302 2376 Lege
1324 2347 1341 2372 ,
1374 2306 1419 2360 si
1454 2314 1631 2371 vacat,
1672 2320 1791 2374 quae
1833 2305 1989 2374 apud'
2018 2305 2141 2361 Ori-
2204 2296 2207 2299 ’
2238 2307 2319 2363 dit
2356 2306 2517 2360 rebus
2537 2304 2788 2359 humanis
2817 2304 3154 2372 providentia
3183 2315 3238 2360 et
3258 2305 3668 2375 dispensatione.
3693 2306 3778 2359 Nos

560 2412 755 2467 genem
806 2406 1107 2468 sequuntur
1151 2413 1163 2448 :
1206 2409 1306 2466 ego
1347 2409 1379 2450 e
1433 2394 1751 2451 diverticulo
1792 2396 1845 2450 in
1871 2397 2011 2451 viam
2056 2412 2141 2452 re-
2240 2407 2387 2453 certe
2439 2410 2469 2449 e
2523 2395 2695 2450 sacris
2760 2395 2958 2449 litteris
3022 2395 3186 2449 Deum
3249 2394 3639 2450 immutabilem
3682 2412 3777 2449 esse

555 2490 686 2544 ’deo.
2240 2488 2521 2551 discimus,
2539 2486 2630 2541 ubi
2659 2485 2854 2555 legitur
2891 2499 2909 2539 :
2950 2484 3025 2538 Tu
3054 2496 3226 2539 autem
3258 2487 3375 2555 ipse
3404 2486 3550 2553 es“;
3572 2497 3653 2541 et:
3680 2484 3776 2540 Non

520 2563 527 2580 ’
632 2579 792 2650 §Vll.
818 2581 875 2633 In
913 2580 1264 2651 libroquarto
1290 2580 1566 2635 inducitur
1592 2578 1785 2635 Celsus
1812 2579 2134 2649 Epicureus,
2236 2583 2485 2634 immutor
2505 2579 2576 2636 δ’.
2630 2578 2847 2649 Epicuri
2892 2592 3022 2633 vero
3047 2578 3120 2632 dii
3154 2592 3219 2632 ex
3257 2579 3461 2634 atomis
3511 2580 3775 2649 compositi,

524 2654 826 2727 adversus
847 2670 1280 2727 Christianorum
1308 2673 1372 2726 de
1403 2672 1494 2726 Dei
1533 2670 1653 2725 Filii
1688 2672 1739 2724 in
1784 2680 1958 2727 terras
2018 2672 2140 2725 des-
2238 2682 2291 2729 et
2323 2671 2549 2743 proinde
2585 2670 2977 2726 constitutione
3033 2683 3132 2724 sua
3182 2670 3553 2733 dissolubiles,
3613 2670 3777 2725 habent

559 2779 727 2818 censu
765 2773 819 2817 et
847 2763 1212 2834 ὲνσαρκώσει,
1268 2764 1575 2818 doctrinam
1618 2766 1762 2818 hunc
1815 2763 1867 2817 in
1918 2764 2135 2819 modum
2237 2764 2377 2834 quod
2408 2773 2592 2832 agant,
2620 2764 2743 2817 dum
2781 2762 2903 2819 illas
2935 2772 3165 2830 atomos,
3192 2778 3316 2832 qua:
3352 2764 3660 2834 corporibus
3678 2778 3776 2816 cor-

560 2857 843 2924 dispntans
886 2870 1034 2909 num.
1070 2854 1161 2919 ﬂ,
1211 2870 1334 2925 pag.
1370 2855 1496 2922 5l0,
1559 2874 1579 2906 ‹
1615 2856 1758 2910 Deus
1809 2867 1891 2910 est
1940 2856 2135 2924 bonus,
2236 2856 2539 2926 ruptionem
2566 2853 3145 2921 eiliciuut,excutiant.
3183 2854 3293 2916 Nec
3318 2870 3480 2910 secus
3508 2854 3773 2910 Stoicorum

553 2947 804 3017 pulcher,
840 2945 990 3011 felix,
1031 2956 1087 3001 et
1126 2945 1488 3015 pulcherrima
1548 2949 1861 3018 optimaque
1906 2949 2130 3019 specie:
2236 2949 2399 3016 Deus,
2441 2958 2622 3019 utpote
2649 2963 2871 3017 corpus,
2914 2949 3191 3003 interdum
3258 2963 3418 3003 mens
3450 2958 3531 3003 est
3574 2963 3679 3017 qua:
3709 2958 3767 3001 to-

558 3040 607 3093 is
661 3038 704 3091 si
759 3038 1111 3092 descenderet
1159 3039 1226 3092 ad
1295 3039 1562 3107 homines,
1606 3050 1666 3094 ut
1717 3051 1957 3097 mutetur
1999 3057 2137 3112 opus
2235 3049 2345 3097 tam
2394 3043 2633 3111 possidet
2685 3041 3069 3104 substantiam,
3104 3054 3228 3094 cum
3291 3041 3367 3095 sit
3426 3039 3771 3110 conﬂagratio;

559 3139 673 3195 est;
703 3128 999 3182 mutabitur
1030 3138 1208 3183 autem
1240 3144 1269 3184 e
1300 3131 1441 3185 bono
1470 3132 1521 3186 in
1554 3133 1778 3199 malum,
1814 3149 1844 3189 e
1904 3134 2133 3205 pulchro
2157 3181 2202 3239 ο
2236 3133 2509 3188 interdum
2539 3149 2668 3189 vero
2694 3150 2759 3190 ex
2785 3142 2939 3203 parte
2965 3133 3134 3202 ipsius
3162 3133 3485 3188 substantim
3505 3142 3773 3203 generatur,

648 3231 855 3239 “MM
910 3233 929 3239 ,
967 3218 1117 3239 ,Λευ
1154 3221 1201 3239 ,_
1497 3237 1505 3239 ς
1594 3238 1603 3239 ,
1775 3224 1808 3239 -.
1954 3225 1965 3237 .
2423 3227 2453 3239 .,
2643 3227 2679 3239 ..
2796 3228 2827 3239 ..
2912 3228 2942 3239 ,.
3035 3228 3049 3239 .
3094 3229 3123 3239 γ.
3253 3227 3266 3238 .
3595 3235 3604 3239 _
3760 3234 3770 3239 _

551 3221 615 3275 in
648 3231 883 3287 turpem,
904 3233 935 3273 e
966 3218 1123 3274 lelice
1153 3221 1207 3274 in
1242 3219 1539 3285 infelicem,
1582 3238 1647 3278 ex
1699 3224 1905 3292 optimo
1953 3225 2005 3279 iu
2039 3240 2134 3281 ne-
2158 3218 2202 3239 “¹
2234 3242 2356 3282 cum
2390 3227 2465 3282 sit
2495 3227 2679 3281 mundi
2710 3228 3001 3282 ordinatio.
3035 3228 3126 3282 Isti
3180 3227 3327 3281 enim
3383 3241 3489 3280 non
3524 3234 3775 3295 potuerant

557 3312 901 3382 quissimum.
942 3311 1076 3377 Quis
1125 3314 1204 3368 sic
1239 3327 1299 3367 se
1349 3322 1613 3368 mutatum
1663 3317 1918 3385 cuperet?
1973 3317 2132 3375 Certe
2232 3319 2447 3390 quidem
2496 3320 2643 3374 clare
2698 3320 2792 3375 Dei
2840 3330 3088 3374 naturam
3156 3319 3490 3391 intelligere,
3537 3318 3668 3387 quod
3717 3317 3775 3370 sit

551 3402 785 3457 mutatio
836 3403 951 3456 haec
1009 3411 1065 3456 et
1116 3401 1530 3458 transformatio
1584 3406 1730 3459 cadit
1769 3409 1820 3460 in
1852 3408 2130 3464 hominem
2226 3412 2452 3467 omnino
2492 3412 2942 3481 incorruptibilis,
2993 3413 3245 3482 simplex,
3302 3428 3405 3467 nec
3459 3410 3773 3479 compositus,

554 3492 899 3547 mortalem:
932 3493 1227 3547 immortali
1259 3509 1388 3549 vero
1420 3511 1633 3566 semper
1661 3497 1847 3553 eodem
1881 3501 2043 3557 modo
2072 3516 2132 3558 se
2230 3519 2331 3560 nec
2374 3504 2680 3559 divisibilis.
2718 3504 2773 3558 ld
2804 3514 2985 3559 autem
3025 3507 3169 3575 quod
3218 3505 3283 3558 ad
3312 3504 3559 3559 homines
3584 3503 3774 3557 descen-

546 3584 759 3639 dtabere
790 3583 1235 3653 convenit.-Ergo
1268 3602 1542 3655 nunquam
1584 3588 1726 3643 Deus
1756 3590 1914 3645 talem
1956 3603 2130 3647 muta-
2230 3597 2332 3661 dit,
2360 3596 2415 3650 ir.
2452 3595 2621 3665 [arma
2656 3598 2752 3649 Dei
2774 3597 2821 3629 '°
2855 3598 3130 3663 substitit,
3185 3605 3241 3650 et
3298 3607 3524 3666 propter
3569 3607 3773 3647 amorem

555 3677 758 3731 tionem
788 3677 1077 3747 reciperet.
1118 3695 1137 3728 ι
1166 3675 1285 3731 Jam
1322 3678 1369 3732 si
1419 3678 1683 3750 Origenes
1722 3681 1862 3736 idem
1898 3685 1964 3739 de
1990 3684 2129 3742 Filio
2229 3688 2448 3742 humani
2474 3688 2691 3757 generis
2722 3688 2957 3757 seipsum
2988 3688 3308 3755 exinanivit,
3350 3700 3417 3742 ut
3466 3697 3637 3757 posset
3665 3701 3769 3739 con-

546 3766 649 3821 Dei
680 3768 961 3833 sensisset,
997 3769 1139 3837 quod
1175 3779 1360 3839 postea
1385 3771 1569 3838 Arius,
1600 3788 1762 3842 quam
1822 3774 1979 3831 facile
2035 3793 2129 3846 po-
2228 3779 2333 3848 cipi
2365 3779 2432 3832 ab
2468 3778 2819 3842 hominibus,
2874 3781 3081 3849 absque
3130 3780 3239 3833 ulla
3290 3790 3476 3834 tamen
3515 3779 3773 3833 mutatione

552 3857 749 3912 tuisset
788 3859 945 3927 hujus
975 3863 1277 3930 argumenti
1326 3863 1502 3933 ipsum
1558 3864 1966 3923 fundamentum
2003 3872 2129 3925 sub-
2227 3884 2291 3925 ex
2314 3870 2456 3925 bono
2488 3871 2538 3923 in
2576 3870 2800 3936 malum,
2844 3889 2862 3920 ι
2895 3880 3003 3925 etc.
3052 3870 3182 3925 Post
3236 3870 3418 3940 aliqua
3455 3871 3627 3925 subdit
3656 3868 3771 3920 Ada-

548 3950 811 4004 vertere?
840 3966 947 4005 uno
973 3952 1184 4008 scilicet
1204 3956 1369 4009 verbo
1400 3956 1630 4014 dicendo
1681 3974 1857 4030 neque
1896 3978 1987 4029 se,
2033 3978 2129 4020 ne-
2226 3965 2463 4019 mantius
2494 3979 2645 4019 num.
2682 3963 2768 4026 l5,
2812 3978 2863 4032 p.
2912 3963 3130 4026 5H,Et
3165 3961 3223 4015 δὲ
3261 3963 3357 4016 καὶ
3412 3961 3568 4033 σῶμα
3613 3959 3772 4029 θνητὸν

551 4057 659 4109 que
694 4042 996 4099 catholicos
1020 4043 1361 4103 Christianos
1394 4050 1477 4104 sui
1531 4055 1790 4122 temporis
1829 4057 2127 4113 credidisse

2226 4057 2321 4110 xui.
2340 4055 2520 4126 ψυχὴν
2575 4056 2921 4127 ἀνθρωπίνην
2955 4054 3238 4110 ἀναλαϐὼν
3289 4056 3319 4107 ὁ
3360 4055 3621 4116 ἀθάνατος
3662 4052 3768 4113 Θεὸς

543 4132 751 4187 'Filium
806 4134 901 4189 Dei
934 4150 1057 4190 esse
1108 4152 1297 4193 revera
1353 4140 1521 4195 Deum
1571 4143 2124 4214 immntsbilem;sed

2225 4147 2416 4217 Λόγος,
2446 4149 2593 4202 δοκεῖ
2621 4148 2699 4219 τῷ
2731 4150 2922 4219 Κέλσῳ
2955 4149 3311 4204 ἀλλάττεσθαι
3357 4150 3456 4203 καὶ
3509 4144 3768 4219 μεταπλάτ·

545 4224 713 4294 plane
736 4227 993 4283 statuisse
1022 4238 1328 4285 creaturam
1360 4231 1508 4287 ilhtm
1532 4247 1673 4299 esse,
1701 4252 1728 4289 a
1777 4238 1888 4293 Deo
1937 4241 2125 4295 aliena:

2223 4240 2438 4294 τεσθαιο
2472 4240 2809 4311 μανθανέτω,
2842 4243 2921 4295 ὅτι
2953 4245 2981 4295 ό
3012 4242 3182 4311 Λόγος
3209 4246 3273 4314 τῇ
3304 4242 3464 4314 οὐσίᾳ
3497 4241 3659 4311 μένων
3688 4237 3767 4291 Λό-

549 4330 616 4369 ac
642 4331 864 4385 prorsus
886 4320 1162 4376 mutabilis
1184 4330 1419 4379 naturae.
1454 4323 1559 4380 Sed
1618 4326 1775 4398 longe
1833 4332 2012 4397 aliter,
2070 4345 2124 4387 et

2224 4353 2338 4404 γος,
2363 4335 2515 4389 οὐδὲν
2542 4337 2640 4405 μὲν
2670 4336 2869 4407 πάσχει
2894 4330 2967 4389 ὧν
2999 4335 3200 4406 πάσχει
3228 4336 3290 4388 τὸ
3316 4336 3478 4406 σῶμα
3502 4335 3533 4405 ἢ
3570 4336 3599 4404 ἡ
3627 4330 3763 4401 ψυχή.

544 4404 697 4460 salva
726 4408 947 4463 omnino
983 4408 1385 4466 Catholicorum
1440 4414 1747 4486 hypotbesi,
1779 4419 1843 4473 de
1868 4420 1995 4475 Filii
2030 4423 2121 4477 Dei

2228 4427 2674 4496 συγκαταϐαίνων
2692 4428 2736 4480 δ’
2760 4428 2872 4481 ἐσθ’
2899 4429 2986 4481 ὅτε
3019 4428 3096 4499 τῷ
3121 4428 3194 4499 μὴ
3219 4427 3501 4498 δυναμένῳ
3525 4424 3674 4478 αὐτοῦ
3689 4422 3768 4484 τὰς

543 4506 745 4552 natura
797 4516 925 4556 vere
969 4502 1149 4557 divina
1202 4514 1258 4559 et
1314 4505 1783 4571 incommutabili.
1831 4519 2120 4583 respondet

2160 4532 2194 4585 D
2227 4517 2597 4590 μαρμαρυγὰς
2621 4519 2714 4572 καὶ
2732 4518 2830 4589 τὴν
2868 4518 3227 4590 λαμπρότητα
3253 4518 3351 4589 τῆς
3385 4518 3645 4586 θειότητος
3670 4512 3766 4584 βλί-

537 4589 811 4659 Origenes
861 4594 945 4648 Itis
979 4597 1157 4652 verbis
1186 4617 1198 4652 :
1251 4603 1411 4653 Δοκεῖ
1436 4603 1499 4673 δή
1549 4621 1638 4673 μοι
1673 4607 1809 4676 πρὸς
1832 4609 2004 4663 ταῦτα
2031 4611 2119 4662 λέ-

2228 4626 2350 4661 πειν
2383 4649 2396 4672 ,
2429 4589 2432 4590 ν
2464 4609 2627 4661 οἱονεὶ
2675 4608 2811 4679 σὰρξ
2851 4589 3056 4678 γίνεται
3086 4648 3103 4672 ,
3154 4608 3482 4679 σωματικῶς
3540 4604 3766 4673 λαλούμε-

543 4680 737 4774 γεσθαι
773 4683 840 4735 τὰ
892 4685 1096 4751 δέοντα,
1158 4691 1544 4767 διηγησαμένῳ
1600 4698 1698 4769 τὴν
1730 4701 1788 4752 ἐν
1829 4704 1947 4765 ταῖς
1974 4703 2115 4774 Γρα-

2226 4718 2336 4764 νος,
2366 4700 2419 4754 id
2459 4710 2577 4765 est,
2616 4720 2635 4753 ι
2672 4701 2824 4768 Quod
2874 4702 2919 4755 si
2980 4700 3213 4755 Verbum
3259 4700 3400 4754 Deus
3458 4695 3762 4755 immortalis.

538 4774 670 4841 φαῖς
703 4773 1003 4845 λεγομένην
1024 4781 1323 4836 κατάϐασιν
1348 4784 1481 4838 Θεοῦ
1506 4787 1640 4857 πρὸς
1673 4789 1739 4842 τὰ
1766 4773 2079 4863 ἀνθρώπινα
2098 4812 2111 4825 ο

2226 4795 2349 4863 quia
2374 4809 2575 4863 corpus
2604 4795 2831 4849 mortale
2876 4795 3223 4862 animamque
3253 4793 3543 4854 humanam
3585 4804 3764 4845 assum-

539 4867 621 4927 είς
669 4866 735 4935 ἣν
772 4868 834 4919 οὐ
882 4868 1183 4941 μεταϐολῆς
1242 4875 1388 4946 αὐτῴ
1419 4876 1528 4942 δεῖ,
1568 4879 1643 4941 ὡς
1708 4881 1914 4945 Κέλσος
1968 4886 2117 4954 ἡμᾶς

2224 4888 2412 4955 pscrit,
2457 4886 2613 4941 Celso
2664 4887 2868 4942 idcirco
2919 4886 3189 4940 immutari
3255 4885 3559 4939 videatur:
3619 4882 3764 4935 discat

538 4956 709 5010 οἴεται
734 4957 929 5027 λέγειν,
959 4958 1082 5013 οὐτε
1110 4966 1314 5034 τροπῆς
1338 4968 1442 5037 τῆς
1466 4968 1525 5033 ἐξ
1556 4969 1759 5038 ἀγαθοῦ
1785 4975 1865 5036 είς
1924 4976 2113 5043 κακὸν,

2223 4979 2457 5033 Verbum
2490 4994 2709 5034 manere
2748 4979 2979 5035 Verbum
3013 4993 3107 5033 sua
3162 4977 3488 5040 substantia,
3533 4989 3625 5029 nec
3674 4971 3759 5040 pati

536 5047 573 5143 ᾖ
602 5050 665 5101 ὲκ
681 5050 845 5143 καλοῦ
881 5054 961 5143 είς
994 5054 1238 5128 αἰσχρὸν,
1279 5056 1401 5126 ἢνὲξ
1434 5060 1777 5132 εὐδαιμονίας
1827 5068 1906 5129 είς
1949 5085 2114 5121 κακο-

2220 5086 2409 5128 eorum
2440 5073 2759 5143 quidquam,
2792 5087 2911 5142 quae
2952 5087 3148 5140 corpus
3204 5082 3297 5125 aut
3328 5072 3504 5125 anima
3550 5068 3756 5135 patitur;

533 5135 839 5207 δαιμονίαν,
878 5142 911 5213 ἢ
976 5144 1039 5195 ἐκ
1090 5144 1182 5197 τοῦ
1228 5144 1451 5215 ἀρίστου
1503 5152 1583 5214 είς
1619 5151 1681 5204 τὸ
1726 5156 2110 5225 πονηρότατον·

2221 5166 2659 5221 condescendere
2688 5174 2867 5219 tamen
2898 5164 3169 5218 interdum
3208 5179 3314 5219 nou
3340 5162 3635 5217 valentibus
3662 5159 3755 5226 ejus

539 5230 726 5326 μένων.
769 5232 876 5304 γὰρ
919 5237 985 5305 τῇ
1036 5236 1192 5307 οὐσίᾳ
1249 5238 1536 5308 ἄτρεπτος,
1575 5247 1994 5312 πγκαταὸαἱνει
2044 5254 2109 5321 τῇ

2220 5256 2520 5311 claritatem
2572 5271 2636 5310 ac
2693 5256 3035 5326 splendorem
3097 5256 3399 5311 divinitatis
3439 5253 3662 5316 obtueri,
3708 5264 3754 5301 ac

530 5322 765 5417 wpovoiiq.
791 5326 882 5377 mi.
917 5329 984 5396 τῇ
1006 5328 1287 5417 οἰκονομίᾳ
1312 5334 1426 5395 τοῖς
1459 5334 1823 5405 ἀνθρωπίνοις
1852 5341 2133 5413 πράγμα-,

2220 5347 2382 5403 veluti
2423 5362 2642 5403 carnem
2674 5346 2896 5408 factum.
2938 5345 3083 5416 loqui
3128 5347 3498 5417 corporaliter.
3535 5365 3554 5398 ι
3578 5344 3750 5417 ΔΒισιιιιι

534 5430 638 5469 σιν.
678 5416 867 5487 Ἡμεῖς
903 5417 998 5488 μὲν
1020 5415 1111 5473 οῦν
1135 5422 1229 5475 καὶ
1260 5423 1329 5476 τά
1366 5423 1483 5477 θεῖα
1509 5403 1818 5498 Γράμματα
1844 5403 2132 5502 παρέστα-τ

2221 5439 2429 5493 cordati
2478 5453 2665 5492 omnes
2690 5480 2705 5505 ,
2744 5454 2809 5491 an
2844 5439 2958 5493 haac
2988 5448 3113 5492 sunt
3146 5439 3311 5493 verba
3363 5403 3647 5507 scriptoris.
3676 5430 3744 5499 qui

534 5523 634 5575 μεν
668 5508 936 5600 ἄτρεπτον
984 5510 1209 5579 λέγοντα
1234 5514 1325 5568 τὸν
1358 5516 1518 5582 θεὸν,
1552 5517 1608 5571 ἔν
1637 5537 1696 5572 τε
1732 5522 1831 5592 τῷ,
1863 5524 1947 5576 Σὺ
1981 5523 2047 5576 δὲ
2078 5526 2111 5578 ὃ

2228 5547 2245 5581 ‹
2284 5528 2469 5584 Arium
2501 5531 2772 5599 impietate
2789 5530 3081 5599 superavit,
3114 5531 3361 5600 adeoque
3392 5529 3535 5598 impii
3561 5528 3739 5593 dogma-

529 5601 711 5664 ιιὺτός
735 5598 812 5655 εἷ·
842 5604 932 5656 καὶ
947 5606 1006 5657 ὲν
1021 5604 1118 5676 τῷ,
1150 5608 1269 5661 Οὐκ
1295 5609 1648 5681 ἠλλοίωμαιο
1683 5613 1731 5666 οἱ
1760 5614 1814 5666 δὲ
1842 5616 1935 5668 τοῦ
1964 5618 2110 5670 Ἑπι-

2220 5620 2289 5675 tis
2312 5631 2501 5678 auctor
2529 5598 2601 5677 illi
2626 5622 2757 5696 fuit.
2788 5640 2809 5674 ι
2841 5598 3062 5677 Scilicet
3095 5620 3244 5678 clare
3273 5598 3371 5678 ibic
3408 5620 3558 5676 docet
3594 5616 3736 5681 Orige-

600 5809 643 5839 ⁸⁸
678 5808 817 5861 l’sal.
854 5824 923 5869 Cl,
963 5811 1051 5867 93.
1130 5812 1171 5846 "9
1201 5814 1432 5871 Malacb.
1471 5834 1553 5883 Ill,
1586 5819 1635 5872 6.
1717 5820 1757 5851 ⁵⁸
1789 5820 2025 5883 Philipp.
2060 5837 2117 5887 ll,
2161 5823 2213 5878 6.
