  <div class='ocr_page' id='page_1' title='image "/cluster/home/n/w/nwhite01/storage/ocr_20150623/17/mdp.39015031604831/652.png"; bbox 0 0 4068 6312; ppageno 0'>
   <div class='ocr_carea' id='block_1_1' title="bbox 275 456 414 511">
    <p class='ocr_par' dir='ltr' id='par_1_1' title="bbox 275 456 414 511">
     <span class='ocr_line' id='line_1_1' title="bbox 275 456 414 511; baseline -0.007 0"><span class='ocrx_word' id='word_1_1' title='bbox 275 456 414 511; x_wconf 71' lang='grc'><strong>1295</strong></span> 
     </span>
    </p>
   </div>
   <div class='ocr_carea' id='block_1_2' title="bbox 1288 453 2487 512">
    <p class='ocr_par' dir='ltr' id='par_1_2' title="bbox 1288 453 2487 512">
     <span class='ocr_line' id='line_1_2' title="bbox 1288 453 2487 512; baseline 0.005 -6"><span class='ocrx_word' id='word_1_2' title='bbox 1288 454 1379 507; x_wconf 78' lang='lat' dir='ltr'><strong>EX</strong></span> <span class='ocrx_word' id='word_1_3' title='bbox 1416 455 1478 509; x_wconf 89' lang='lat' dir='ltr'><strong>G.</strong></span> <span class='ocrx_word' id='word_1_4' title='bbox 1521 453 1718 510; x_wconf 81' lang='lat' dir='ltr'><strong>BULLI</strong></span> <span class='ocrx_word' id='word_1_5' title='bbox 1759 456 1906 509; x_wconf 73' lang='lat' dir='ltr'><strong>DEF.</strong></span> <span class='ocrx_word' id='word_1_6' title='bbox 1950 454 2124 511; x_wconf 85' lang='lat' dir='ltr'><strong>FIDEI</strong></span> <span class='ocrx_word' id='word_1_7' title='bbox 2165 457 2487 512; x_wconf 57' lang='lat' dir='ltr'><strong>NICAENAE.</strong></span> 
     </span>
    </p>
   </div>
   <div class='ocr_carea' id='block_1_3' title="bbox 3370 464 3510 516">
    <p class='ocr_par' dir='ltr' id='par_1_3' title="bbox 3370 464 3510 516">
     <span class='ocr_line' id='line_1_3' title="bbox 3370 464 3510 516; baseline -0.021 0"><span class='ocrx_word' id='word_1_8' title='bbox 3370 464 3510 516; x_wconf 53' lang='grc' dir='ltr'>ωειλ</span> 
     </span>
    </p>
   </div>
   <div class='ocr_carea' id='block_1_4' title="bbox 274 571 1836 653">
    <p class='ocr_par' dir='ltr' id='par_1_4' title="bbox 274 571 1836 643">
     <span class='ocr_line' id='line_1_4' title="bbox 274 571 1836 643; baseline 0.002 -16"><span class='ocrx_word' id='word_1_9' title='bbox 274 588 372 627; x_wconf 90' lang='lat' dir='ltr'><strong>nes</strong></span> <span class='ocrx_word' id='word_1_10' title='bbox 394 571 485 627; x_wconf 76' lang='grc' dir='ltr'><strong>τὸν</strong></span> <span class='ocrx_word' id='word_1_11' title='bbox 513 573 685 643; x_wconf 81' lang='grc' dir='ltr'>Λόγον</span> <span class='ocrx_word' id='word_1_12' title='bbox 710 574 825 629; x_wconf 84' lang='lat' dir='ltr'><strong>sive</strong></span> <span class='ocrx_word' id='word_1_13' title='bbox 843 572 1040 629; x_wconf 82' lang='lat' dir='ltr'><strong>Filium</strong></span> <span class='ocrx_word' id='word_1_14' title='bbox 1078 573 1168 629; x_wconf 88' lang='lat' dir='ltr'><strong>Dei</strong></span> <span class='ocrx_word' id='word_1_15' title='bbox 1196 588 1315 629; x_wconf 86' lang='lat' dir='ltr'><strong>esse</strong></span> <span class='ocrx_word' id='word_1_16' title='bbox 1356 576 1520 630; x_wconf 90' lang='lat' dir='ltr'><strong>Deum</strong></span> <span class='ocrx_word' id='word_1_17' title='bbox 1556 578 1836 631; x_wconf 88' lang='lat' dir='ltr'><strong>immorta-</strong></span> 
     </span>
    </p>
   </div>
   <div class='ocr_carea' id='block_1_5' title="bbox 1941 571 3513 653">
    <p class='ocr_par' dir='ltr' id='par_1_5' title="bbox 1944 579 3513 653">
     <span class='ocr_line' id='line_1_5' title="bbox 1944 579 3513 653; baseline 0.005 -23"><span class='ocrx_word' id='word_1_18' title='bbox 1944 596 2034 633; x_wconf 90' lang='grc' dir='ltr'><strong>τον</strong></span> <span class='ocrx_word' id='word_1_19' title='bbox 2059 579 2327 649; x_wconf 81' lang='grc' dir='ltr'>ὑπεροχήν</span> <span class='ocrx_word' id='word_1_20' title='bbox 2355 579 2461 631; x_wconf 84' lang='grc' dir='ltr'><strong>τῶν</strong></span> <span class='ocrx_word' id='word_1_21' title='bbox 2493 579 2857 650; x_wconf 76' lang='grc' dir='ltr'><strong>νομιζομένων</strong></span> <span class='ocrx_word' id='word_1_22' title='bbox 2884 581 3047 647; x_wconf 81' lang='grc' dir='ltr'>ἀξίων</span> <span class='ocrx_word' id='word_1_23' title='bbox 3096 585 3513 653; x_wconf 70' lang='grc' dir='ltr'>προσκυνεῖσθαι</span> 
     </span>
    </p>
   </div>
   <div class='ocr_carea' id='block_1_6' title="bbox 271 663 1833 735">
    <p class='ocr_par' dir='ltr' id='par_1_6' title="bbox 271 663 1833 735">
     <span class='ocr_line' id='line_1_6' title="bbox 271 663 1833 735; baseline 0.004 -20"><span class='ocrx_word' id='word_1_24' title='bbox 271 663 400 728; x_wconf 89' lang='lat' dir='ltr'><strong>lem,</strong></span> <span class='ocrx_word' id='word_1_25' title='bbox 444 664 747 719; x_wconf 74' lang='lat' dir='ltr'><strong>substantia</strong></span> <span class='ocrx_word' id='word_1_26' title='bbox 800 679 895 719; x_wconf 88' lang='lat' dir='ltr'><strong>sua</strong></span> <span class='ocrx_word' id='word_1_27' title='bbox 952 665 1361 728; x_wconf 84' lang='lat' dir='ltr'><strong>immutabilem,</strong></span> <span class='ocrx_word' id='word_1_28' title='bbox 1386 678 1439 718; x_wconf 89' lang='lat' dir='ltr'><strong>et</strong></span> <span class='ocrx_word' id='word_1_29' title='bbox 1481 678 1748 735; x_wconf 91' lang='lat' dir='ltr'><strong>quatenus</strong></span> <span class='ocrx_word' id='word_1_30' title='bbox 1779 669 1833 722; x_wconf 92' lang='lat' dir='ltr'><strong>in</strong></span> 
     </span>
    </p>
   </div>
   <div class='ocr_carea' id='block_1_7' title="bbox 271 754 1833 826">
    <p class='ocr_par' dir='ltr' id='par_1_7' title="bbox 271 754 1833 826">
     <span class='ocr_line' id='line_1_7' title="bbox 271 754 1833 826; baseline 0.005 -18"><span class='ocrx_word' id='word_1_31' title='bbox 271 754 445 809; x_wconf 81' lang='lat' dir='ltr'><strong>forma</strong></span> <span class='ocrx_word' id='word_1_32' title='bbox 479 756 570 811; x_wconf 85' lang='lat' dir='ltr'><strong>Dei</strong></span> <span class='ocrx_word' id='word_1_33' title='bbox 611 756 1042 826; x_wconf 78' lang='lat' dir='ltr'><strong>subsistit,juxta</strong></span> <span class='ocrx_word' id='word_1_34' title='bbox 1083 773 1205 811; x_wconf 91' lang='lat' dir='ltr'><strong>cum</strong></span> <span class='ocrx_word' id='word_1_35' title='bbox 1236 756 1399 814; x_wconf 88' lang='lat' dir='ltr'><strong>Patre</strong></span> <span class='ocrx_word' id='word_1_36' title='bbox 1422 771 1627 813; x_wconf 62' lang='lat' dir='ltr'><strong>natura:</strong></span> <span class='ocrx_word' id='word_1_37' title='bbox 1658 762 1833 816; x_wconf 87' lang='lat' dir='ltr'><strong>omni-</strong></span> 
     </span>
    </p>
   </div>
   <div class='ocr_carea' id='block_1_8' title="bbox 270 847 1835 920">
    <p class='ocr_par' dir='ltr' id='par_1_8' title="bbox 270 847 1835 920">
     <span class='ocr_line' id='line_1_8' title="bbox 270 847 1835 920; baseline 0.005 -20"><span class='ocrx_word' id='word_1_38' title='bbox 270 862 342 901; x_wconf 89' lang='lat' dir='ltr'><strong>no</strong></span> <span class='ocrx_word' id='word_1_39' title='bbox 390 847 839 919; x_wconf 89' lang='lat' dir='ltr'><strong>incorruptibilis,</strong></span> <span class='ocrx_word' id='word_1_40' title='bbox 889 850 1165 920; x_wconf 91' lang='lat' dir='ltr'><strong>simplicis,</strong></span> <span class='ocrx_word' id='word_1_41' title='bbox 1224 866 1321 905; x_wconf 91' lang='lat' dir='ltr'><strong>nec</strong></span> <span class='ocrx_word' id='word_1_42' title='bbox 1368 854 1698 919; x_wconf 60' lang='lat' dir='ltr'><strong>composite,</strong></span> <span class='ocrx_word' id='word_1_43' title='bbox 1734 869 1835 908; x_wconf 91' lang='lat' dir='ltr'><strong>nec</strong></span> 
     </span>
    </p>
   </div>
   <div class='ocr_carea' id='block_1_9' title="bbox 271 937 1834 1011">
    <p class='ocr_par' dir='ltr' id='par_1_9' title="bbox 271 937 1834 1011">
     <span class='ocr_line' id='line_1_9' title="bbox 271 937 1834 1011; baseline 0.006 -21"><span class='ocrx_word' id='word_1_44' title='bbox 271 937 579 993; x_wconf 84' lang='lat' dir='ltr'><strong>divisibilis.</strong></span> <span class='ocrx_word' id='word_1_45' title='bbox 614 941 900 1010; x_wconf 89' lang='lat' dir='ltr'><strong>Aliquanto</strong></span> <span class='ocrx_word' id='word_1_46' title='bbox 945 951 1065 1009; x_wconf 88' lang='lat' dir='ltr'><strong>post</strong></span> <span class='ocrx_word' id='word_1_47' title='bbox 1096 941 1161 993; x_wconf 91' lang='lat' dir='ltr'><strong>ad</strong></span> <span class='ocrx_word' id='word_1_48' title='bbox 1213 940 1372 994; x_wconf 88' lang='lat' dir='ltr'><strong>aliam</strong></span> <span class='ocrx_word' id='word_1_49' title='bbox 1411 941 1549 997; x_wconf 84' lang='lat' dir='ltr'><strong>Celsi</strong></span> <span class='ocrx_word' id='word_1_50' title='bbox 1576 945 1834 1011; x_wconf 85' lang='lat' dir='ltr'><strong>objectio-</strong></span> 
     </span>
    </p>
   </div>
   <div class='ocr_carea' id='block_1_10' title="bbox 270 1031 1831 1099">
    <p class='ocr_par' dir='ltr' id='par_1_10' title="bbox 270 1031 1831 1099">
     <span class='ocr_line' id='line_1_10' title="bbox 270 1031 1831 1099; baseline 0.003 -17"><span class='ocrx_word' id='word_1_51' title='bbox 270 1042 421 1089; x_wconf 82' lang='lat' dir='ltr'><strong>nem,</strong></span> <span class='ocrx_word' id='word_1_52' title='bbox 476 1031 641 1098; x_wconf 80' lang='lat' dir='ltr'><strong>priori</strong></span> <span class='ocrx_word' id='word_1_53' title='bbox 706 1031 915 1084; x_wconf 83' lang='lat' dir='ltr'><strong>alllnem</strong></span> <span class='ocrx_word' id='word_1_54' title='bbox 945 1072 961 1096; x_wconf 91' lang='lat'><strong>,</strong></span> <span class='ocrx_word' id='word_1_55' title='bbox 1017 1047 1377 1099; x_wconf 77' lang='lat' dir='ltr'><strong>l&#39;eSpOllSlll&#39;llS</strong></span> <span class='ocrx_word' id='word_1_56' title='bbox 1415 1075 1429 1097; x_wconf 94' lang='lat'><strong>,</strong></span> <span class='ocrx_word' id='word_1_57' title='bbox 1480 1034 1558 1087; x_wconf 82' lang='lat' dir='ltr'><strong>sic</strong></span> <span class='ocrx_word' id='word_1_58' title='bbox 1605 1037 1831 1096; x_wconf 88' lang='lat' dir='ltr'><strong>orditur,</strong></span> 
     </span>
    </p>
   </div>
   <div class='ocr_carea' id='block_1_11' title="bbox 269 1122 1834 1197">
    <p class='ocr_par' dir='ltr' id='par_1_11' title="bbox 269 1122 1834 1197">
     <span class='ocr_line' id='line_1_11' title="bbox 269 1122 1834 1197; baseline 0.006 -26"><span class='ocrx_word' id='word_1_59' title='bbox 269 1134 423 1175; x_wconf 77' lang='lat' dir='ltr'><strong>nunt.</strong></span> <span class='ocrx_word' id='word_1_60' title='bbox 454 1122 541 1184; x_wconf 82' lang='grc'><strong>18,</strong></span> <span class='ocrx_word' id='word_1_61' title='bbox 576 1136 696 1189; x_wconf 92' lang='lat' dir='ltr'><strong>pag.</strong></span> <span class='ocrx_word' id='word_1_62' title='bbox 732 1123 1028 1193; x_wconf 74' lang='grc' dir='ltr'><strong>512εΠρὸς</strong></span> <span class='ocrx_word' id='word_1_63' title='bbox 1060 1122 1216 1175; x_wconf 84' lang='grc' dir='ltr'>τοῦτο</span> <span class='ocrx_word' id='word_1_64' title='bbox 1248 1122 1444 1193; x_wconf 76' lang='grc' dir='ltr'>λέγοιτ’</span> <span class='ocrx_word' id='word_1_65' title='bbox 1479 1125 1542 1179; x_wconf 85' lang='grc' dir='ltr'><strong>ἂν</strong></span> <span class='ocrx_word' id='word_1_66' title='bbox 1565 1166 1580 1191; x_wconf 96' lang='grc'><strong>,</strong></span> <span class='ocrx_word' id='word_1_67' title='bbox 1610 1126 1686 1197; x_wconf 81' lang='grc' dir='ltr'>πῆ</span> <span class='ocrx_word' id='word_1_68' title='bbox 1738 1127 1834 1197; x_wconf 85' lang='grc' dir='ltr'>μὲν</span> 
     </span>
    </p>
   </div>
   <div class='ocr_carea' id='block_1_12' title="bbox 269 1208 1836 1287">
    <p class='ocr_par' dir='ltr' id='par_1_12' title="bbox 269 1208 1836 1287">
     <span class='ocr_line' id='line_1_12' title="bbox 269 1208 1836 1287; baseline 0.008 -30"><span class='ocrx_word' id='word_1_69' title='bbox 269 1209 402 1278; x_wconf 69' lang='grc' dir='ltr'>περὶ</span> <span class='ocrx_word' id='word_1_70' title='bbox 431 1210 529 1277; x_wconf 81' lang='grc' dir='ltr'>τῆς</span> <span class='ocrx_word' id='word_1_71' title='bbox 559 1209 650 1261; x_wconf 88' lang='grc' dir='ltr'><strong>τοῦ</strong></span> <span class='ocrx_word' id='word_1_72' title='bbox 685 1208 826 1263; x_wconf 87' lang='grc' dir='ltr'>θείου</span> <span class='ocrx_word' id='word_1_73' title='bbox 850 1212 1019 1280; x_wconf 87' lang='grc' dir='ltr'>Λόγου</span> <span class='ocrx_word' id='word_1_74' title='bbox 1051 1210 1262 1281; x_wconf 79' lang='grc' dir='ltr'>φύσεως</span> <span class='ocrx_word' id='word_1_75' title='bbox 1301 1212 1449 1277; x_wconf 74' lang='grc' dir='ltr'>ὄντος</span> <span class='ocrx_word' id='word_1_76' title='bbox 1476 1214 1608 1267; x_wconf 87' lang='grc' dir='ltr'>Θεοῦ</span> <span class='ocrx_word' id='word_1_77' title='bbox 1628 1233 1640 1245; x_wconf 90' lang='grc'><strong>·</strong></span> <span class='ocrx_word' id='word_1_78' title='bbox 1781 1217 1836 1270; x_wconf 78' lang='grc' dir='ltr'>δὲ</span> 
     </span>
    </p>
   </div>
   <div class='ocr_carea' id='block_1_13' title="bbox 269 1295 1834 1375">
    <p class='ocr_par' dir='ltr' id='par_1_13' title="bbox 269 1295 1834 1375">
     <span class='ocr_line' id='line_1_13' title="bbox 269 1295 1834 1375; baseline 0.01 -29"><span class='ocrx_word' id='word_1_79' title='bbox 269 1295 401 1366; x_wconf 78' lang='grc' dir='ltr'>περὶ</span> <span class='ocrx_word' id='word_1_80' title='bbox 428 1298 523 1368; x_wconf 85' lang='grc' dir='ltr'>τῆς</span> <span class='ocrx_word' id='word_1_81' title='bbox 557 1299 729 1369; x_wconf 83' lang='grc' dir='ltr'>Ἰησοῦ</span> <span class='ocrx_word' id='word_1_82' title='bbox 754 1299 951 1371; x_wconf 71' lang='grc' dir='ltr'>ψυχῆς,</span> <span class='ocrx_word' id='word_1_83' title='bbox 984 1301 1037 1355; x_wconf 98' lang='lat' dir='ltr'><strong>id</strong></span> <span class='ocrx_word' id='word_1_84' title='bbox 1079 1312 1179 1365; x_wconf 77' lang='grc' dir='ltr'>εει,</span> <span class='ocrx_word' id='word_1_85' title='bbox 1216 1319 1235 1353; x_wconf 76' lang='grc' dir='ltr'><strong>ι</strong></span> <span class='ocrx_word' id='word_1_86' title='bbox 1274 1303 1353 1357; x_wconf 85' lang='lat' dir='ltr'><strong>Ad</strong></span> <span class='ocrx_word' id='word_1_87' title='bbox 1393 1305 1494 1359; x_wconf 91' lang='lat' dir='ltr'><strong>hoc</strong></span> <span class='ocrx_word' id='word_1_88' title='bbox 1520 1308 1834 1375; x_wconf 86' lang='lat' dir='ltr'><strong>responderi</strong></span> 
     </span>
    </p>
   </div>
   <div class='ocr_carea' id='block_1_14' title="bbox 265 1391 1827 1467">
    <p class='ocr_par' dir='ltr' id='par_1_14' title="bbox 265 1391 1827 1467">
     <span class='ocr_line' id='line_1_14' title="bbox 265 1391 1827 1467; baseline 0.008 -25"><span class='ocrx_word' id='word_1_89' title='bbox 265 1400 467 1459; x_wconf 90' lang='lat' dir='ltr'><strong>potest,</strong></span> <span class='ocrx_word' id='word_1_90' title='bbox 493 1392 868 1461; x_wconf 88' lang='lat' dir='ltr'><strong>distinguendo</strong></span> <span class='ocrx_word' id='word_1_91' title='bbox 917 1394 1078 1448; x_wconf 86' lang='lat' dir='ltr'><strong>divini</strong></span> <span class='ocrx_word' id='word_1_92' title='bbox 1134 1391 1295 1448; x_wconf 85' lang='lat' dir='ltr'><strong>Verbi</strong></span> <span class='ocrx_word' id='word_1_93' title='bbox 1354 1406 1601 1451; x_wconf 87' lang='lat' dir='ltr'><strong>naturam</strong></span> <span class='ocrx_word' id='word_1_94' title='bbox 1636 1438 1651 1464; x_wconf 92' lang='lat'><strong>,</strong></span> <span class='ocrx_word' id='word_1_95' title='bbox 1705 1414 1827 1467; x_wconf 71' lang='lat' dir='ltr'><strong>qua:</strong></span> 
     </span>
    </p>
   </div>
   <div class='ocr_carea' id='block_1_15' title="bbox 270 1480 1837 1557">
    <p class='ocr_par' dir='ltr' id='par_1_15' title="bbox 270 1480 1837 1557">
     <span class='ocr_line' id='line_1_15' title="bbox 270 1480 1837 1557; baseline 0.006 -22"><span class='ocrx_word' id='word_1_96' title='bbox 270 1480 413 1536; x_wconf 89' lang='lat' dir='ltr'><strong>Deus</strong></span> <span class='ocrx_word' id='word_1_97' title='bbox 432 1494 534 1546; x_wconf 90' lang='lat' dir='ltr'><strong>est,</strong></span> <span class='ocrx_word' id='word_1_98' title='bbox 562 1496 614 1535; x_wconf 92' lang='lat' dir='ltr'><strong>et</strong></span> <span class='ocrx_word' id='word_1_99' title='bbox 635 1480 761 1537; x_wconf 85' lang='lat' dir='ltr'><strong>Jesu</strong></span> <span class='ocrx_word' id='word_1_100' title='bbox 803 1486 1058 1540; x_wconf 89' lang='lat' dir='ltr'><strong>animam.</strong></span> <span class='ocrx_word' id='word_1_101' title='bbox 1091 1505 1110 1537; x_wconf 75' lang='grc' dir='ltr'><strong>ι</strong></span> <span class='ocrx_word' id='word_1_102' title='bbox 1150 1485 1310 1540; x_wconf 90' lang='lat' dir='ltr'><strong>Vides</strong></span> <span class='ocrx_word' id='word_1_103' title='bbox 1334 1486 1422 1541; x_wconf 92' lang='lat' dir='ltr'><strong>hic</strong></span> <span class='ocrx_word' id='word_1_104' title='bbox 1472 1489 1639 1557; x_wconf 80' lang='lat' dir='ltr'><strong>ipsam</strong></span> <span class='ocrx_word' id='word_1_105' title='bbox 1679 1490 1837 1545; x_wconf 85' lang='lat' dir='ltr'><strong>Verbi</strong></span> 
     </span>
    </p>
   </div>
   <div class='ocr_carea' id='block_1_16' title="bbox 270 1574 1838 1639">
    <p class='ocr_par' dir='ltr' id='par_1_16' title="bbox 270 1574 1838 1639">
     <span class='ocr_line' id='line_1_16' title="bbox 270 1574 1838 1639; baseline 0.004 -10"><span class='ocrx_word' id='word_1_106' title='bbox 270 1584 521 1629; x_wconf 87' lang='lat' dir='ltr'><strong>naturam</strong></span> <span class='ocrx_word' id='word_1_107' title='bbox 564 1574 753 1639; x_wconf 88' lang='lat' dir='ltr'><strong>Deum,</strong></span> <span class='ocrx_word' id='word_1_108' title='bbox 790 1576 901 1630; x_wconf 85' lang='lat' dir='ltr'><strong>sive</strong></span> <span class='ocrx_word' id='word_1_109' title='bbox 930 1576 1162 1632; x_wconf 81' lang='lat' dir='ltr'><strong>Verbum</strong></span> <span class='ocrx_word' id='word_1_110' title='bbox 1215 1588 1404 1631; x_wconf 88' lang='lat' dir='ltr'><strong>natura</strong></span> <span class='ocrx_word' id='word_1_111' title='bbox 1443 1578 1605 1633; x_wconf 91' lang='lat' dir='ltr'><strong>Deum</strong></span> <span class='ocrx_word' id='word_1_112' title='bbox 1638 1580 1838 1636; x_wconf 91' lang='lat' dir='ltr'><strong>diserte</strong></span> 
     </span>
    </p>
   </div>
   <div class='ocr_carea' id='block_1_17' title="bbox 270 1664 1836 1732">
    <p class='ocr_par' dir='ltr' id='par_1_17' title="bbox 270 1664 1836 1732">
     <span class='ocr_line' id='line_1_17' title="bbox 270 1664 1836 1732; baseline 0.007 -15"><span class='ocrx_word' id='word_1_113' title='bbox 270 1664 399 1718; x_wconf 88' lang='lat' dir='ltr'><strong>dici.</strong></span> <span class='ocrx_word' id='word_1_114' title='bbox 433 1665 529 1720; x_wconf 88' lang='lat' dir='ltr'><strong>Cui</strong></span> <span class='ocrx_word' id='word_1_115' title='bbox 565 1666 758 1718; x_wconf 86' lang='lat' dir='ltr'><strong>similis</strong></span> <span class='ocrx_word' id='word_1_116' title='bbox 804 1665 1053 1732; x_wconf 81' lang='lat' dir='ltr'><strong>Origenis</strong></span> <span class='ocrx_word' id='word_1_117' title='bbox 1090 1666 1242 1723; x_wconf 90' lang='lat' dir='ltr'><strong>locus</strong></span> <span class='ocrx_word' id='word_1_118' title='bbox 1289 1670 1490 1725; x_wconf 88' lang='lat' dir='ltr'><strong>citatur</strong></span> <span class='ocrx_word' id='word_1_119' title='bbox 1541 1672 1593 1726; x_wconf 92' lang='lat' dir='ltr'><strong>in</strong></span> <span class='ocrx_word' id='word_1_120' title='bbox 1651 1684 1836 1728; x_wconf 88' lang='lat' dir='ltr'><strong>catena</strong></span> 
     </span>
    </p>
   </div>
   <div class='ocr_carea' id='block_1_18' title="bbox 271 1754 1836 1831">
    <p class='ocr_par' dir='ltr' id='par_1_18' title="bbox 271 1754 1836 1831">
     <span class='ocr_line' id='line_1_18' title="bbox 271 1754 1836 1831; baseline 0.008 -23"><span class='ocrx_word' id='word_1_121' title='bbox 271 1754 607 1810; x_wconf 87' lang='lat' dir='ltr'><strong>Balthasaris</strong></span> <span class='ocrx_word' id='word_1_122' title='bbox 630 1754 871 1812; x_wconf 85' lang='lat' dir='ltr'><strong>Corderii</strong></span> <span class='ocrx_word' id='word_1_123' title='bbox 905 1759 960 1811; x_wconf 83' lang='lat' dir='ltr'><strong>in</strong></span> <span class='ocrx_word' id='word_1_124' title='bbox 976 1757 1161 1828; x_wconf 84' lang='lat' dir='ltr'><strong>Joan.,</strong></span> <span class='ocrx_word' id='word_1_125' title='bbox 1184 1762 1247 1815; x_wconf 86' lang='lat' dir='ltr'><strong>ad</strong></span> <span class='ocrx_word' id='word_1_126' title='bbox 1282 1776 1399 1831; x_wconf 86' lang='lat' dir='ltr'><strong>cap.</strong></span> <span class='ocrx_word' id='word_1_127' title='bbox 1438 1779 1477 1829; x_wconf 89' lang='grc' dir='ltr'><strong>ι,</strong></span> <span class='ocrx_word' id='word_1_128' title='bbox 1506 1779 1647 1819; x_wconf 84' lang='lat' dir='ltr'><strong>vers.</strong></span> <span class='ocrx_word' id='word_1_129' title='bbox 1672 1766 1721 1831; x_wconf 87' lang='lat' dir='ltr'><strong>l,</strong></span> <span class='ocrx_word' id='word_1_130' title='bbox 1748 1768 1836 1821; x_wconf 92' lang='lat' dir='ltr'><strong>uhi</strong></span> 
     </span>
    </p>
   </div>
   <div class='ocr_carea' id='block_1_19' title="bbox 269 1844 1839 1926">
    <p class='ocr_par' dir='ltr' id='par_1_19' title="bbox 269 1844 1839 1926">
     <span class='ocr_line' id='line_1_19' title="bbox 269 1844 1839 1926; baseline 0.008 -27"><span class='ocrx_word' id='word_1_131' title='bbox 269 1844 439 1899; x_wconf 83' lang='lat' dir='ltr'><strong>Filius</strong></span> <span class='ocrx_word' id='word_1_132' title='bbox 469 1847 558 1900; x_wconf 90' lang='lat' dir='ltr'><strong>Dei</strong></span> <span class='ocrx_word' id='word_1_133' title='bbox 584 1848 651 1900; x_wconf 88' lang='lat' dir='ltr'><strong>ab</strong></span> <span class='ocrx_word' id='word_1_134' title='bbox 673 1847 901 1917; x_wconf 82' lang='lat' dir='ltr'><strong>Origene</strong></span> <span class='ocrx_word' id='word_1_135' title='bbox 926 1851 1124 1905; x_wconf 91' lang='lat' dir='ltr'><strong>dicitur</strong></span> <span class='ocrx_word' id='word_1_136' title='bbox 1159 1854 1187 1905; x_wconf 85' lang='grc' dir='ltr'>ὁ</span> <span class='ocrx_word' id='word_1_137' title='bbox 1214 1854 1550 1926; x_wconf 82' lang='grc' dir='ltr'>Δημιουργὸς</span> <span class='ocrx_word' id='word_1_138' title='bbox 1580 1856 1675 1910; x_wconf 86' lang='grc' dir='ltr'><strong>τοῦ</strong></span> <span class='ocrx_word' id='word_1_139' title='bbox 1705 1875 1839 1912; x_wconf 84' lang='grc' dir='ltr'>παν-</span> 
     </span>
    </p>
   </div>
   <div class='ocr_carea' id='block_1_20' title="bbox 1942 668 3513 742">
    <p class='ocr_par' dir='ltr' id='par_1_20' title="bbox 1942 668 3513 742">
     <span class='ocr_line' id='line_1_20' title="bbox 1942 668 3513 742; baseline 0.004 -21"><span class='ocrx_word' id='word_1_140' title='bbox 1942 668 2091 740; x_wconf 86' lang='grc' dir='ltr'><strong>παρά</strong></span> <span class='ocrx_word' id='word_1_141' title='bbox 2117 670 2177 721; x_wconf 80' lang='grc' dir='ltr'><strong>τὸ</strong></span> <span class='ocrx_word' id='word_1_142' title='bbox 2208 670 2313 721; x_wconf 82' lang='grc' dir='ltr'><strong>τῶν</strong></span> <span class='ocrx_word' id='word_1_143' title='bbox 2339 669 2644 739; x_wconf 79' lang='grc' dir='ltr'>σπινθήρων</span> <span class='ocrx_word' id='word_1_144' title='bbox 2673 671 2764 723; x_wconf 78' lang='grc' dir='ltr'>καὶ</span> <span class='ocrx_word' id='word_1_145' title='bbox 2811 670 2918 724; x_wconf 85' lang='grc' dir='ltr'><strong>τῶν</strong></span> <span class='ocrx_word' id='word_1_146' title='bbox 2947 671 3150 742; x_wconf 77' lang='grc' dir='ltr'>λύχνων</span> <span class='ocrx_word' id='word_1_147' title='bbox 3177 674 3289 742; x_wconf 74' lang='grc' dir='ltr'>φῶς</span> <span class='ocrx_word' id='word_1_148' title='bbox 3308 692 3320 704; x_wconf 78' lang='grc' dir='ltr'><strong>ο</strong></span> <span class='ocrx_word' id='word_1_149' title='bbox 3345 675 3513 738; x_wconf 78' lang='grc' dir='ltr'>οὕτως</span> 
     </span>
    </p>
   </div>
   <div class='ocr_carea' id='block_1_21' title="bbox 1940 758 3514 829">
    <p class='ocr_par' dir='ltr' id='par_1_21' title="bbox 1940 758 3514 829">
     <span class='ocr_line' id='line_1_21' title="bbox 1940 758 3514 829; baseline 0.003 -19"><span class='ocrx_word' id='word_1_150' title='bbox 1940 760 1988 810; x_wconf 86' lang='grc' dir='ltr'>οἱ</span> <span class='ocrx_word' id='word_1_151' title='bbox 2014 758 2321 827; x_wconf 81' lang='grc' dir='ltr'>νοήσαντες,</span> <span class='ocrx_word' id='word_1_152' title='bbox 2367 758 2483 819; x_wconf 77' lang='grc' dir='ltr'><strong>πῶς</strong></span> <span class='ocrx_word' id='word_1_153' title='bbox 2514 761 2542 810; x_wconf 87' lang='grc' dir='ltr'>ὁ</span> <span class='ocrx_word' id='word_1_154' title='bbox 2574 759 2703 821; x_wconf 75' lang='grc' dir='ltr'>Θεὸς</span> <span class='ocrx_word' id='word_1_155' title='bbox 2754 759 2867 829; x_wconf 77' lang='grc' dir='ltr'><strong>φῶς</strong></span> <span class='ocrx_word' id='word_1_156' title='bbox 2926 763 3066 814; x_wconf 80' lang='grc' dir='ltr'>ἐστι·</span> <span class='ocrx_word' id='word_1_157' title='bbox 3121 763 3514 823; x_wconf 70' lang='grc' dir='ltr'>καταλαϐόντες</span> 
     </span>
    </p>
   </div>
   <div class='ocr_carea' id='block_1_22' title="bbox 1940 836 3504 924">
    <p class='ocr_par' dir='ltr' id='par_1_22' title="bbox 1940 836 3504 924">
     <span class='ocr_line' id='line_1_22' title="bbox 1940 836 3504 924; baseline 0.003 -21"><span class='ocrx_word' id='word_1_158' title='bbox 1940 849 2019 911; x_wconf 84' lang='grc' dir='ltr'><strong>δὲ,</strong></span> <span class='ocrx_word' id='word_1_159' title='bbox 2056 850 2172 914; x_wconf 85' lang='grc' dir='ltr'><strong>πῶς</strong></span> <span class='ocrx_word' id='word_1_160' title='bbox 2202 853 2230 903; x_wconf 87' lang='grc' dir='ltr'>ὁ</span> <span class='ocrx_word' id='word_1_161' title='bbox 2262 852 2388 915; x_wconf 81' lang='grc' dir='ltr'>Υἱὸς</span> <span class='ocrx_word' id='word_1_162' title='bbox 2415 836 2506 904; x_wconf 89' lang='grc' dir='ltr'><strong>τοῦ</strong></span> <span class='ocrx_word' id='word_1_163' title='bbox 2530 852 2665 905; x_wconf 86' lang='grc' dir='ltr'>Θεοῦ</span> <span class='ocrx_word' id='word_1_164' title='bbox 2698 853 2812 922; x_wconf 81' lang='grc' dir='ltr'><strong>φῶς</strong></span> <span class='ocrx_word' id='word_1_165' title='bbox 2844 853 3095 924; x_wconf 83' lang='grc' dir='ltr'>ἀληθινόν</span> <span class='ocrx_word' id='word_1_166' title='bbox 3117 856 3284 916; x_wconf 78' lang='grc' dir='ltr'>ἐστιν,</span> <span class='ocrx_word' id='word_1_167' title='bbox 3308 855 3335 907; x_wconf 80' lang='grc' dir='ltr'>δ</span> <span class='ocrx_word' id='word_1_168' title='bbox 3356 856 3504 924; x_wconf 75' lang='grc' dir='ltr'>φωτί</span> 
     </span>
    </p>
   </div>
   <div class='ocr_carea' id='block_1_23' title="bbox 1942 939 3511 1017">
    <p class='ocr_par' dir='ltr' id='par_1_23' title="bbox 1942 939 3511 1017">
     <span class='ocr_line' id='line_1_23' title="bbox 1942 939 3511 1017; baseline 0.004 -24"><span class='ocrx_word' id='word_1_169' title='bbox 1942 939 2023 1004; x_wconf 79' lang='grc' dir='ltr'>ζει</span> <span class='ocrx_word' id='word_1_170' title='bbox 2082 942 2259 996; x_wconf 83' lang='grc' dir='ltr'>πάντα</span> <span class='ocrx_word' id='word_1_171' title='bbox 2310 942 2595 1014; x_wconf 83' lang='grc' dir='ltr'>ἄνθρωπον</span> <span class='ocrx_word' id='word_1_172' title='bbox 2646 945 2934 1015; x_wconf 78' lang='grc' dir='ltr'>ἐρχόμενον</span> <span class='ocrx_word' id='word_1_173' title='bbox 2994 949 3073 1010; x_wconf 86' lang='grc' dir='ltr'><strong>είς</strong></span> <span class='ocrx_word' id='word_1_174' title='bbox 3126 947 3218 999; x_wconf 79' lang='grc' dir='ltr'><strong>τὸν</strong></span> <span class='ocrx_word' id='word_1_175' title='bbox 3274 948 3511 1017; x_wconf 84' lang='grc' dir='ltr'>κόσμον’</span> 
     </span>
    </p>
   </div>
   <div class='ocr_carea' id='block_1_24' title="bbox 1944 1028 3511 1108">
    <p class='ocr_par' dir='ltr' id='par_1_24' title="bbox 1944 1028 3511 1108">
     <span class='ocr_line' id='line_1_24' title="bbox 1944 1028 3511 1108; baseline 0.005 -25"><span class='ocrx_word' id='word_1_176' title='bbox 1944 1033 2215 1096; x_wconf 81' lang='grc' dir='ltr'>συνιέντες</span> <span class='ocrx_word' id='word_1_177' title='bbox 2253 1033 2307 1085; x_wconf 83' lang='grc' dir='ltr'><strong>δὲ</strong></span> <span class='ocrx_word' id='word_1_178' title='bbox 2340 1033 2453 1095; x_wconf 79' lang='lat' dir='ltr'><strong>xai,</strong></span> <span class='ocrx_word' id='word_1_179' title='bbox 2490 1034 2607 1096; x_wconf 82' lang='grc' dir='ltr'><strong>πῶς</strong></span> <span class='ocrx_word' id='word_1_180' title='bbox 2634 1028 2785 1098; x_wconf 68' lang='grc' dir='ltr'>οὗτός</span> <span class='ocrx_word' id='word_1_181' title='bbox 2834 1053 2964 1106; x_wconf 85' lang='grc' dir='ltr'>φησι</span> <span class='ocrx_word' id='word_1_182' title='bbox 3010 1037 3098 1101; x_wconf 81' lang='grc' dir='ltr'><strong>τὸ,</strong></span> <span class='ocrx_word' id='word_1_183' title='bbox 3133 1038 3272 1108; x_wconf 65' lang='grc' dir='ltr'><strong>Ἐ’γεώ</strong></span> <span class='ocrx_word' id='word_1_184' title='bbox 3301 1040 3414 1107; x_wconf 74' lang='grc' dir='ltr'>ειμι</span> <span class='ocrx_word' id='word_1_185' title='bbox 3449 1035 3511 1091; x_wconf 69' lang='grc' dir='ltr'><strong><em>τὲ</em></strong></span> 
     </span>
    </p>
   </div>
   <div class='ocr_carea' id='block_1_25' title="bbox 1942 1119 3511 1199">
    <p class='ocr_par' dir='ltr' id='par_1_25' title="bbox 1942 1119 3511 1199">
     <span class='ocr_line' id='line_1_25' title="bbox 1942 1119 3511 1199; baseline 0.005 -26"><span class='ocrx_word' id='word_1_186' title='bbox 1942 1119 2067 1187; x_wconf 72' lang='grc' dir='ltr'><strong>φῶς</strong></span> <span class='ocrx_word' id='word_1_187' title='bbox 2096 1122 2200 1175; x_wconf 81' lang='grc' dir='ltr'><strong>τοῦ</strong></span> <span class='ocrx_word' id='word_1_188' title='bbox 2228 1125 2458 1192; x_wconf 80' lang='grc' dir='ltr'><strong>κόσμου</strong></span> <span class='ocrx_word' id='word_1_189' title='bbox 2490 1125 2607 1176; x_wconf 79' lang='grc' dir='ltr'><strong>ὀὐκ</strong></span> <span class='ocrx_word' id='word_1_190' title='bbox 2633 1124 2697 1177; x_wconf 89' lang='grc' dir='ltr'>ἂν</span> <span class='ocrx_word' id='word_1_191' title='bbox 2719 1125 2949 1194; x_wconf 73' lang='grc' dir='ltr'>εὐλόγως</span> <span class='ocrx_word' id='word_1_192' title='bbox 2973 1130 3401 1199; x_wconf 79' lang='grc' dir='ltr'>προσκυνήσαιεν</span> <span class='ocrx_word' id='word_1_193' title='bbox 3424 1146 3511 1181; x_wconf 83' lang='grc' dir='ltr'><strong>τον</strong></span> 
     </span>
    </p>
   </div>
   <div class='ocr_carea' id='block_1_26' title="bbox 1942 1210 3513 1289">
    <p class='ocr_par' dir='ltr' id='par_1_26' title="bbox 1942 1210 3513 1289">
     <span class='ocr_line' id='line_1_26' title="bbox 1942 1210 3513 1289; baseline 0.004 -26"><span class='ocrx_word' id='word_1_194' title='bbox 1942 1211 2102 1263; x_wconf 83' lang='grc' dir='ltr'>οἱονεὶ</span> <span class='ocrx_word' id='word_1_195' title='bbox 2124 1210 2326 1281; x_wconf 71' lang='grc' dir='ltr'>βραχὺν</span> <span class='ocrx_word' id='word_1_196' title='bbox 2362 1213 2650 1285; x_wconf 76' lang='grc' dir='ltr'>σπινθῆρα,</span> <span class='ocrx_word' id='word_1_197' title='bbox 2674 1213 2909 1285; x_wconf 75' lang='grc' dir='ltr'>ὡς·πρὸς</span> <span class='ocrx_word' id='word_1_198' title='bbox 2940 1215 3051 1283; x_wconf 77' lang='grc' dir='ltr'><strong>φῶς</strong></span> <span class='ocrx_word' id='word_1_199' title='bbox 3081 1216 3170 1269; x_wconf 83' lang='grc' dir='ltr'><strong>τὸν</strong></span> <span class='ocrx_word' id='word_1_200' title='bbox 3198 1217 3348 1283; x_wconf 83' lang='grc' dir='ltr'>Θεὸν,</span> <span class='ocrx_word' id='word_1_201' title='bbox 3381 1218 3513 1289; x_wconf 81' lang='grc' dir='ltr'>ἀλη-</span> 
     </span>
    </p>
   </div>
   <div class='ocr_carea' id='block_1_27' title="bbox 1944 1299 3509 1375">
    <p class='ocr_par' dir='ltr' id='par_1_27' title="bbox 1944 1299 3509 1375">
     <span class='ocr_line' id='line_1_27' title="bbox 1944 1299 3509 1375; baseline 0.004 -23"><span class='ocrx_word' id='word_1_202' title='bbox 1944 1299 2088 1353; x_wconf 88' lang='grc' dir='ltr'>θινοῦ</span> <span class='ocrx_word' id='word_1_203' title='bbox 2121 1300 2316 1367; x_wconf 77' lang='grc' dir='ltr'>φωτὸς,</span> <span class='ocrx_word' id='word_1_204' title='bbox 2352 1302 2407 1353; x_wconf 84' lang='grc' dir='ltr'><strong>ἐν</strong></span> <span class='ocrx_word' id='word_1_205' title='bbox 2430 1300 2582 1373; x_wconf 76' lang='grc' dir='ltr'>ἡλίῳ,</span> <span class='ocrx_word' id='word_1_206' title='bbox 2620 1302 2722 1355; x_wconf 71' lang='grc' dir='ltr'>καὶ.</span> <span class='ocrx_word' id='word_1_207' title='bbox 2747 1300 2965 1374; x_wconf 82' lang='grc' dir='ltr'>σελήνῃ,</span> <span class='ocrx_word' id='word_1_208' title='bbox 2998 1305 3089 1357; x_wconf 72' lang='grc' dir='ltr'><strong>καὶ</strong></span> <span class='ocrx_word' id='word_1_209' title='bbox 3119 1304 3357 1375; x_wconf 63' lang='grc' dir='ltr'>ἄστροις</span> <span class='ocrx_word' id='word_1_210' title='bbox 3423 1306 3509 1359; x_wconf 65' lang='grc' dir='ltr'>καὶ</span> 
     </span>
    </p>
   </div>
   <div class='ocr_carea' id='block_1_28' title="bbox 1942 1391 3513 1469">
    <p class='ocr_par' dir='ltr' id='par_1_28' title="bbox 1942 1391 3513 1469">
     <span class='ocr_line' id='line_1_28' title="bbox 1942 1391 3513 1469; baseline 0.005 -27"><span class='ocrx_word' id='word_1_211' title='bbox 1942 1391 2039 1443; x_wconf 72' lang='grc' dir='ltr'><strong>οὐκ</strong></span> <span class='ocrx_word' id='word_1_212' title='bbox 2061 1391 2411 1461; x_wconf 71' lang='grc' dir='ltr'>ἀτιμάζοντες</span> <span class='ocrx_word' id='word_1_213' title='bbox 2439 1410 2500 1461; x_wconf 89' lang='grc' dir='ltr'><strong>γε</strong></span> <span class='ocrx_word' id='word_1_214' title='bbox 2532 1392 2599 1445; x_wconf 76' lang='grc' dir='ltr'>τὰ</span> <span class='ocrx_word' id='word_1_215' title='bbox 2631 1392 2927 1464; x_wconf 86' lang='grc' dir='ltr'>τηλικαῦτα</span> <span class='ocrx_word' id='word_1_216' title='bbox 2948 1395 3040 1447; x_wconf 86' lang='grc' dir='ltr'><strong>τοῦ</strong></span> <span class='ocrx_word' id='word_1_217' title='bbox 3075 1395 3209 1448; x_wconf 87' lang='grc' dir='ltr'>Θεοῦ</span> <span class='ocrx_word' id='word_1_218' title='bbox 3252 1396 3513 1469; x_wconf 81' lang='grc' dir='ltr'><strong>δημιουρ·</strong></span> 
     </span>
    </p>
   </div>
   <div class='ocr_carea' id='block_1_29' title="bbox 1943 1480 3513 1557">
    <p class='ocr_par' dir='ltr' id='par_1_29' title="bbox 1943 1480 3513 1557">
     <span class='ocr_line' id='line_1_29' title="bbox 1943 1480 3513 1557; baseline 0.003 -25"><span class='ocrx_word' id='word_1_219' title='bbox 1943 1483 2161 1550; x_wconf 79' lang='grc' dir='ltr'>γήματα</span> <span class='ocrx_word' id='word_1_220' title='bbox 2213 1480 2332 1534; x_wconf 76' lang='grc' dir='ltr'>οὐδὲ</span> <span class='ocrx_word' id='word_1_221' title='bbox 2397 1481 2789 1553; x_wconf 81' lang='grc' dir='ltr'>Ἀναξαγορίως</span> <span class='ocrx_word' id='word_1_222' title='bbox 2853 1482 3067 1555; x_wconf 83' lang='grc' dir='ltr'>μῦδρων</span> <span class='ocrx_word' id='word_1_223' title='bbox 3117 1485 3378 1557; x_wconf 88' lang='grc' dir='ltr'>διάπυρον</span> <span class='ocrx_word' id='word_1_224' title='bbox 3427 1484 3513 1537; x_wconf 87' lang='grc' dir='ltr'>λέ-</span> 
     </span>
    </p>
   </div>
   <div class='ocr_carea' id='block_1_30' title="bbox 1943 1570 3511 1650">
    <p class='ocr_par' dir='ltr' id='par_1_30' title="bbox 1943 1570 3511 1650">
     <span class='ocr_line' id='line_1_30' title="bbox 1943 1570 3511 1650; baseline 0.003 -25"><span class='ocrx_word' id='word_1_225' title='bbox 1943 1590 2129 1639; x_wconf 87' lang='grc' dir='ltr'>γοντες</span> <span class='ocrx_word' id='word_1_226' title='bbox 2180 1570 2315 1626; x_wconf 78' lang='grc' dir='ltr'>εἶναι</span> <span class='ocrx_word' id='word_1_227' title='bbox 2367 1575 2458 1627; x_wconf 74' lang='grc' dir='ltr'>τὸν</span> <span class='ocrx_word' id='word_1_228' title='bbox 2502 1574 2671 1644; x_wconf 75' lang='grc' dir='ltr'>ἥλιον,</span> <span class='ocrx_word' id='word_1_229' title='bbox 2707 1576 2801 1629; x_wconf 76' lang='grc' dir='ltr'><strong>καὶ</strong></span> <span class='ocrx_word' id='word_1_230' title='bbox 2852 1576 3100 1647; x_wconf 76' lang='grc' dir='ltr'>σελήνην,</span> <span class='ocrx_word' id='word_1_231' title='bbox 3132 1577 3225 1631; x_wconf 71' lang='grc' dir='ltr'><strong>καὶ</strong></span> <span class='ocrx_word' id='word_1_232' title='bbox 3254 1578 3511 1650; x_wconf 82' lang='grc' dir='ltr'>ἀστέρας,</span> 
     </span>
    </p>
   </div>
   <div class='ocr_carea' id='block_1_31' title="bbox 1943 1664 3511 1738">
    <p class='ocr_par' dir='ltr' id='par_1_31' title="bbox 1943 1664 3511 1738">
     <span class='ocr_line' id='line_1_31' title="bbox 1943 1664 3511 1738; baseline 0.004 -23"><span class='ocrx_word' id='word_1_233' title='bbox 1943 1664 2164 1717; x_wconf 82' lang='grc' dir='ltr'>τοιαῦτά</span> <span class='ocrx_word' id='word_1_234' title='bbox 2198 1682 2376 1734; x_wconf 80' lang='grc' dir='ltr'>φαμεν</span> <span class='ocrx_word' id='word_1_235' title='bbox 2405 1666 2531 1733; x_wconf 75' lang='grc' dir='ltr'>περὶ</span> <span class='ocrx_word' id='word_1_236' title='bbox 2565 1666 2736 1736; x_wconf 73' lang='grc' dir='ltr'>ἡλίου,</span> <span class='ocrx_word' id='word_1_237' title='bbox 2785 1666 2878 1718; x_wconf 76' lang='grc' dir='ltr'><strong>καὶ</strong></span> <span class='ocrx_word' id='word_1_238' title='bbox 2915 1667 3162 1738; x_wconf 85' lang='grc' dir='ltr'>σελήνης,</span> <span class='ocrx_word' id='word_1_239' title='bbox 3220 1670 3313 1721; x_wconf 75' lang='grc' dir='ltr'>καὶ</span> <span class='ocrx_word' id='word_1_240' title='bbox 3351 1669 3511 1722; x_wconf 70' lang='grc' dir='ltr'>ἀστέο</span> 
     </span>
    </p>
   </div>
   <div class='ocr_carea' id='block_1_32' title="bbox 1948 1753 3512 1833">
    <p class='ocr_par' dir='ltr' id='par_1_32' title="bbox 1948 1753 3512 1833">
     <span class='ocr_line' id='line_1_32' title="bbox 1948 1753 3512 1833; baseline 0.005 -27"><span class='ocrx_word' id='word_1_241' title='bbox 1948 1771 2054 1826; x_wconf 88' lang='grc' dir='ltr'><strong>ρων</strong></span> <span class='ocrx_word' id='word_1_242' title='bbox 2073 1772 2085 1783; x_wconf 74' lang='grc' dir='ltr'><strong>ο</strong></span> <span class='ocrx_word' id='word_1_243' title='bbox 2108 1753 2221 1807; x_wconf 78' lang='grc' dir='ltr'>ἀλλ’</span> <span class='ocrx_word' id='word_1_244' title='bbox 2246 1754 2621 1825; x_wconf 85' lang='grc' dir='ltr'>αίσθανόμενοί</span> <span class='ocrx_word' id='word_1_245' title='bbox 2650 1773 2711 1824; x_wconf 90' lang='grc' dir='ltr'><strong>γε</strong></span> <span class='ocrx_word' id='word_1_246' title='bbox 2733 1756 2831 1827; x_wconf 82' lang='grc' dir='ltr'>τῆς</span> <span class='ocrx_word' id='word_1_247' title='bbox 2861 1758 3050 1829; x_wconf 75' lang='grc' dir='ltr'>ἀφάτῳ</span> <span class='ocrx_word' id='word_1_248' title='bbox 3079 1758 3318 1831; x_wconf 83' lang='grc' dir='ltr'>ὑπεροχῇ</span> <span class='ocrx_word' id='word_1_249' title='bbox 3343 1763 3512 1833; x_wconf 73' lang='grc' dir='ltr'>ὑπερο</span> 
     </span>
    </p>
   </div>
   <div class='ocr_carea' id='block_1_33' title="bbox 1944 1846 3508 1922">
    <p class='ocr_par' dir='ltr' id='par_1_33' title="bbox 1944 1846 3508 1922">
     <span class='ocr_line' id='line_1_33' title="bbox 1944 1846 3508 1922; baseline 0.006 -24"><span class='ocrx_word' id='word_1_250' title='bbox 1944 1846 2172 1917; x_wconf 80' lang='grc' dir='ltr'>εχούσης</span> <span class='ocrx_word' id='word_1_251' title='bbox 2204 1847 2477 1917; x_wconf 75' lang='grc' dir='ltr'>θειότητος</span> <span class='ocrx_word' id='word_1_252' title='bbox 2518 1847 2610 1900; x_wconf 87' lang='grc' dir='ltr'><strong>τοῦ</strong></span> <span class='ocrx_word' id='word_1_253' title='bbox 2638 1848 2793 1913; x_wconf 83' lang='grc' dir='ltr'>Θεοῦ,</span> <span class='ocrx_word' id='word_1_254' title='bbox 2826 1848 2905 1901; x_wconf 78' lang='grc' dir='ltr'>ἔτι</span> <span class='ocrx_word' id='word_1_255' title='bbox 2932 1849 2987 1902; x_wconf 84' lang='grc' dir='ltr'>δὲ</span> <span class='ocrx_word' id='word_1_256' title='bbox 3024 1850 3115 1903; x_wconf 77' lang='grc' dir='ltr'><strong>καὶ</strong></span> <span class='ocrx_word' id='word_1_257' title='bbox 3144 1852 3237 1905; x_wconf 87' lang='grc' dir='ltr'><strong>τοῦ</strong></span> <span class='ocrx_word' id='word_1_258' title='bbox 3271 1855 3508 1922; x_wconf 78' lang='grc' dir='ltr'>Μονογε-</span> 
     </span>
    </p>
   </div>
   <div class='ocr_carea' id='block_1_34' title="bbox 269 1937 1836 2017">
    <p class='ocr_par' dir='ltr' id='par_1_34' title="bbox 269 1937 1836 2012">
     <span class='ocr_line' id='line_1_34' title="bbox 269 1937 1836 2012; baseline 0.01 -23"><span class='ocrx_word' id='word_1_259' title='bbox 269 1937 385 2003; x_wconf 79' lang='grc' dir='ltr'>τὸς,</span> <span class='ocrx_word' id='word_1_260' title='bbox 416 1938 694 2008; x_wconf 83' lang='grc' dir='ltr'>τυγχάνων</span> <span class='ocrx_word' id='word_1_261' title='bbox 718 1938 854 2001; x_wconf 72' lang='grc' dir='ltr'>Θεὸς</span> <span class='ocrx_word' id='word_1_262' title='bbox 881 1941 1052 2009; x_wconf 83' lang='grc' dir='ltr'>Λόγος</span> <span class='ocrx_word' id='word_1_263' title='bbox 1079 1946 1199 1997; x_wconf 86' lang='grc' dir='ltr'>κατ’</span> <span class='ocrx_word' id='word_1_264' title='bbox 1231 1946 1439 2012; x_wconf 80' lang='grc' dir='ltr'>οὐσίαν,</span> <span class='ocrx_word' id='word_1_265' title='bbox 1480 1966 1498 1998; x_wconf 79' lang='grc' dir='ltr'><strong>ι</strong></span> <span class='ocrx_word' id='word_1_266' title='bbox 1536 1948 1624 2003; x_wconf 89' lang='lat' dir='ltr'><strong>ille</strong></span> <span class='ocrx_word' id='word_1_267' title='bbox 1657 1964 1836 2003; x_wconf 88' lang='lat' dir='ltr'><strong>rerum</strong></span> 
     </span>
    </p>
   </div>
   <div class='ocr_carea' id='block_1_35' title="bbox 1941 1937 3514 2017">
    <p class='ocr_par' dir='ltr' id='par_1_35' title="bbox 1941 1940 3514 2017">
     <span class='ocr_line' id='line_1_35' title="bbox 1941 1940 3514 2017; baseline 0.004 -23"><span class='ocrx_word' id='word_1_268' title='bbox 1941 1942 2061 2005; x_wconf 82' lang='grc' dir='ltr'>νοῦς</span> <span class='ocrx_word' id='word_1_269' title='bbox 2095 1940 2257 1995; x_wconf 78' lang='grc' dir='ltr'>αὐτοῦ</span> <span class='ocrx_word' id='word_1_270' title='bbox 2287 1941 2641 2013; x_wconf 80' lang='grc' dir='ltr'>ὑπερέχοντος</span> <span class='ocrx_word' id='word_1_271' title='bbox 2668 1942 2737 1996; x_wconf 80' lang='grc' dir='ltr'>τὰ</span> <span class='ocrx_word' id='word_1_272' title='bbox 2760 1942 2942 2001; x_wconf 86' lang='grc' dir='ltr'>λοιπά.</span> <span class='ocrx_word' id='word_1_273' title='bbox 2974 1944 3028 1998; x_wconf 98' lang='lat' dir='ltr'><strong>Id</strong></span> <span class='ocrx_word' id='word_1_274' title='bbox 3059 1954 3162 2012; x_wconf 90' lang='lat' dir='ltr'><strong>est,</strong></span> <span class='ocrx_word' id='word_1_275' title='bbox 3197 1965 3214 1997; x_wconf 74' lang='grc' dir='ltr'><strong>ι</strong></span> <span class='ocrx_word' id='word_1_276' title='bbox 3237 1946 3301 2000; x_wconf 85' lang='lat' dir='ltr'><strong>Et</strong></span> <span class='ocrx_word' id='word_1_277' title='bbox 3326 1963 3514 2017; x_wconf 84' lang='lat' dir='ltr'><strong>quem-</strong></span> 
     </span>
    </p>
   </div>
   <div class='ocr_carea' id='block_1_36' title="bbox 267 2025 1839 2098">
    <p class='ocr_par' dir='ltr' id='par_1_36' title="bbox 267 2025 1839 2098">
     <span class='ocr_line' id='line_1_36' title="bbox 267 2025 1839 2098; baseline 0.008 -17"><span class='ocrx_word' id='word_1_278' title='bbox 267 2026 515 2081; x_wconf 89' lang='lat' dir='ltr'><strong>omnium</strong></span> <span class='ocrx_word' id='word_1_279' title='bbox 572 2025 869 2095; x_wconf 90' lang='lat' dir='ltr'><strong>Conditor,</strong></span> <span class='ocrx_word' id='word_1_280' title='bbox 926 2032 1015 2098; x_wconf 88' lang='lat' dir='ltr'><strong>qui</strong></span> <span class='ocrx_word' id='word_1_281' title='bbox 1074 2042 1158 2087; x_wconf 90' lang='lat' dir='ltr'><strong>est</strong></span> <span class='ocrx_word' id='word_1_282' title='bbox 1202 2036 1496 2090; x_wconf 80' lang='lat' dir='ltr'><strong>secundum</strong></span> <span class='ocrx_word' id='word_1_283' title='bbox 1553 2041 1839 2093; x_wconf 78' lang='lat' dir='ltr'><strong>essentiam</strong></span> 
     </span>
    </p>
   </div>
   <div class='ocr_carea' id='block_1_37' title="bbox 264 2117 1842 2195">
    <p class='ocr_par' dir='ltr' id='par_1_37' title="bbox 264 2117 1842 2195">
     <span class='ocr_line' id='line_1_37' title="bbox 264 2117 1842 2195; baseline 0.01 -24"><span class='ocrx_word' id='word_1_284' title='bbox 264 2117 418 2173; x_wconf 86' lang='lat' dir='ltr'><strong>Deus</strong></span> <span class='ocrx_word' id='word_1_285' title='bbox 450 2117 704 2176; x_wconf 81' lang='lat' dir='ltr'><strong>Verbum.</strong></span> <span class='ocrx_word' id='word_1_286' title='bbox 737 2140 756 2174; x_wconf 70' lang='grc' dir='ltr'><strong>ι</strong></span> <span class='ocrx_word' id='word_1_287' title='bbox 796 2122 927 2189; x_wconf 81' lang='lat' dir='ltr'><strong>Quis</strong></span> <span class='ocrx_word' id='word_1_288' title='bbox 953 2137 1079 2176; x_wconf 89' lang='lat' dir='ltr'><strong>vero</strong></span> <span class='ocrx_word' id='word_1_289' title='bbox 1110 2138 1177 2177; x_wconf 85' lang='lat' dir='ltr'><strong>ex</strong></span> <span class='ocrx_word' id='word_1_290' title='bbox 1210 2125 1430 2182; x_wconf 82' lang='lat' dir='ltr'><strong>Arianis</strong></span> <span class='ocrx_word' id='word_1_291' title='bbox 1488 2128 1704 2195; x_wconf 72' lang='lat' dir='ltr'><strong>dixerit,</strong></span> <span class='ocrx_word' id='word_1_292' title='bbox 1751 2130 1842 2185; x_wconf 84' lang='lat' dir='ltr'><strong>Fi-</strong></span> 
     </span>
    </p>
   </div>
   <div class='ocr_carea' id='block_1_38' title="bbox 254 2208 1841 2282">
    <p class='ocr_par' dir='ltr' id='par_1_38' title="bbox 254 2208 1841 2282">
     <span class='ocr_line' id='line_1_38' title="bbox 254 2208 1841 2282; baseline 0.009 -21"><span class='ocrx_word' id='word_1_293' title='bbox 254 2208 400 2263; x_wconf 87' lang='lat' dir='ltr'><strong>lium</strong></span> <span class='ocrx_word' id='word_1_294' title='bbox 427 2224 545 2266; x_wconf 93' lang='lat' dir='ltr'><strong>esse</strong></span> <span class='ocrx_word' id='word_1_295' title='bbox 576 2213 687 2282; x_wconf 78' lang='lat' dir='ltr'><strong>ipsa</strong></span> <span class='ocrx_word' id='word_1_296' title='bbox 713 2228 810 2267; x_wconf 93' lang='lat' dir='ltr'><strong>sua</strong></span> <span class='ocrx_word' id='word_1_297' title='bbox 862 2216 1097 2270; x_wconf 85' lang='lat' dir='ltr'><strong>essentia</strong></span> <span class='ocrx_word' id='word_1_298' title='bbox 1156 2232 1219 2272; x_wconf 90' lang='lat' dir='ltr'><strong>ac</strong></span> <span class='ocrx_word' id='word_1_299' title='bbox 1269 2218 1570 2274; x_wconf 88' lang='lat' dir='ltr'><strong>substantia</strong></span> <span class='ocrx_word' id='word_1_300' title='bbox 1629 2222 1841 2276; x_wconf 85' lang='lat' dir='ltr'><strong>Deum?</strong></span> 
     </span>
    </p>
   </div>
   <div class='ocr_carea' id='block_1_39' title="bbox 255 2300 1837 2380">
    <p class='ocr_par' dir='ltr' id='par_1_39' title="bbox 255 2300 1837 2380">
     <span class='ocr_line' id='line_1_39' title="bbox 255 2300 1837 2380; baseline 0.008 -24"><span class='ocrx_word' id='word_1_301' title='bbox 255 2300 493 2359; x_wconf 87' lang='lat' dir='ltr'><strong>Scilicet</strong></span> <span class='ocrx_word' id='word_1_302' title='bbox 523 2306 626 2361; x_wconf 87' lang='lat' dir='ltr'><strong>hoc</strong></span> <span class='ocrx_word' id='word_1_303' title='bbox 683 2306 812 2361; x_wconf 86' lang='lat' dir='ltr'><strong>illud</strong></span> <span class='ocrx_word' id='word_1_304' title='bbox 848 2308 1024 2376; x_wconf 88' lang='lat' dir='ltr'><strong>ipsum</strong></span> <span class='ocrx_word' id='word_1_305' title='bbox 1049 2318 1154 2375; x_wconf 91' lang='lat' dir='ltr'><strong>est,</strong></span> <span class='ocrx_word' id='word_1_306' title='bbox 1197 2312 1339 2380; x_wconf 93' lang='lat' dir='ltr'><strong>quod</strong></span> <span class='ocrx_word' id='word_1_307' title='bbox 1375 2312 1632 2368; x_wconf 84' lang='lat' dir='ltr'><strong>adversus</strong></span> <span class='ocrx_word' id='word_1_308' title='bbox 1653 2313 1837 2368; x_wconf 84' lang='lat' dir='ltr'><strong>Arium</strong></span> 
     </span>
    </p>
   </div>
   <div class='ocr_carea' id='block_1_40' title="bbox 254 2395 1842 2470">
    <p class='ocr_par' dir='ltr' id='par_1_40' title="bbox 254 2395 1842 2470">
     <span class='ocr_line' id='line_1_40' title="bbox 254 2395 1842 2470; baseline 0.008 -23"><span class='ocrx_word' id='word_1_309' title='bbox 254 2402 580 2449; x_wconf 74' lang='lat' dir='ltr'><strong>statuerunt</strong></span> <span class='ocrx_word' id='word_1_310' title='bbox 607 2395 797 2453; x_wconf 84' lang='lat' dir='ltr'><strong>Patres</strong></span> <span class='ocrx_word' id='word_1_311' title='bbox 830 2396 1052 2465; x_wconf 74' lang='lat' dir='ltr'><strong>Nicmni,</strong></span> <span class='ocrx_word' id='word_1_312' title='bbox 1111 2416 1306 2470; x_wconf 87' lang='lat' dir='ltr'><strong>nempe</strong></span> <span class='ocrx_word' id='word_1_313' title='bbox 1334 2400 1529 2457; x_wconf 90' lang='lat' dir='ltr'><strong>Filium</strong></span> <span class='ocrx_word' id='word_1_314' title='bbox 1564 2403 1659 2459; x_wconf 86' lang='lat' dir='ltr'><strong>Dei</strong></span> <span class='ocrx_word' id='word_1_315' title='bbox 1721 2420 1842 2459; x_wconf 90' lang='lat' dir='ltr'><strong>esse</strong></span> 
     </span>
    </p>
   </div>
   <div class='ocr_carea' id='block_1_41' title="bbox 256 2487 718 2558">
    <p class='ocr_par' dir='ltr' id='par_1_41' title="bbox 256 2487 718 2558">
     <span class='ocr_line' id='line_1_41' title="bbox 256 2487 718 2558; baseline 0.002 -17"><span class='ocrx_word' id='word_1_316' title='bbox 256 2487 385 2542; x_wconf 75' lang='lat' dir='ltr'><strong>Deo</strong></span> <span class='ocrx_word' id='word_1_317' title='bbox 415 2488 718 2558; x_wconf 85' lang='grc' dir='ltr'>ὁμοούσιον.</span> 
     </span>
    </p>
   </div>
   <div class='ocr_carea' id='block_1_42' title="bbox 329 2579 1840 2654">
    <p class='ocr_par' dir='ltr' id='par_1_42' title="bbox 329 2579 1840 2654">
     <span class='ocr_line' id='line_1_42' title="bbox 329 2579 1840 2654; baseline 0.005 -20"><span class='ocrx_word' id='word_1_318' title='bbox 329 2579 371 2651; x_wconf 64' lang='grc' dir='ltr'><strong>ς</strong></span> <span class='ocrx_word' id='word_1_319' title='bbox 415 2579 543 2635; x_wconf 89' lang='lat' dir='ltr'><strong>Vlll.</strong></span> <span class='ocrx_word' id='word_1_320' title='bbox 576 2581 633 2635; x_wconf 92' lang='lat' dir='ltr'><strong>ln</strong></span> <span class='ocrx_word' id='word_1_321' title='bbox 684 2582 820 2639; x_wconf 91' lang='lat' dir='ltr'><strong>libro</strong></span> <span class='ocrx_word' id='word_1_322' title='bbox 869 2584 1062 2654; x_wconf 89' lang='lat' dir='ltr'><strong>quinto</strong></span> <span class='ocrx_word' id='word_1_323' title='bbox 1123 2587 1388 2641; x_wconf 90' lang='lat' dir='ltr'><strong>rationem</strong></span> <span class='ocrx_word' id='word_1_324' title='bbox 1446 2584 1697 2653; x_wconf 84' lang='lat' dir='ltr'><strong>reddens,</strong></span> <span class='ocrx_word' id='word_1_325' title='bbox 1742 2603 1840 2642; x_wconf 90' lang='lat' dir='ltr'><strong>cur</strong></span> 
     </span>
    </p>
   </div>
   <div class='ocr_carea' id='block_1_43' title="bbox 260 2672 1841 2744">
    <p class='ocr_par' dir='ltr' id='par_1_43' title="bbox 260 2672 1841 2744">
     <span class='ocr_line' id='line_1_43' title="bbox 260 2672 1841 2744; baseline 0.006 -18"><span class='ocrx_word' id='word_1_326' title='bbox 260 2672 564 2729; x_wconf 79' lang='lat' dir='ltr'><strong>Christiani</strong></span> <span class='ocrx_word' id='word_1_327' title='bbox 593 2675 785 2730; x_wconf 89' lang='lat' dir='ltr'><strong>Filium</strong></span> <span class='ocrx_word' id='word_1_328' title='bbox 818 2676 934 2744; x_wconf 89' lang='lat' dir='ltr'><strong>Dei,</strong></span> <span class='ocrx_word' id='word_1_329' title='bbox 967 2694 1071 2733; x_wconf 89' lang='lat' dir='ltr'><strong>non</strong></span> <span class='ocrx_word' id='word_1_330' title='bbox 1112 2677 1278 2732; x_wconf 90' lang='lat' dir='ltr'><strong>solem</strong></span> <span class='ocrx_word' id='word_1_331' title='bbox 1311 2719 1326 2743; x_wconf 97' lang='lat'><strong>,</strong></span> <span class='ocrx_word' id='word_1_332' title='bbox 1362 2678 1544 2734; x_wconf 89' lang='lat' dir='ltr'><strong>lunam</strong></span> <span class='ocrx_word' id='word_1_333' title='bbox 1593 2680 1841 2736; x_wconf 84' lang='lat' dir='ltr'><strong>stellasve</strong></span> 
     </span>
    </p>
   </div>
   <div class='ocr_carea' id='block_1_44' title="bbox 272 2764 1836 2837">
    <p class='ocr_par' dir='ltr' id='par_1_44' title="bbox 272 2764 1836 2837">
     <span class='ocr_line' id='line_1_44' title="bbox 272 2764 1836 2837; baseline 0.006 -21"><span class='ocrx_word' id='word_1_334' title='bbox 272 2764 587 2820; x_wconf 90' lang='lat' dir='ltr'><strong>adoratione</strong></span> <span class='ocrx_word' id='word_1_335' title='bbox 643 2780 1037 2836; x_wconf 79' lang='lat' dir='ltr'><strong>prosequantur</strong></span> <span class='ocrx_word' id='word_1_336' title='bbox 1072 2809 1086 2832; x_wconf 91' lang='lat'><strong>,</strong></span> <span class='ocrx_word' id='word_1_337' title='bbox 1136 2770 1208 2822; x_wconf 89' lang='lat' dir='ltr'><strong>ita</strong></span> <span class='ocrx_word' id='word_1_338' title='bbox 1266 2770 1486 2823; x_wconf 89' lang='lat' dir='ltr'><strong>disserit</strong></span> <span class='ocrx_word' id='word_1_339' title='bbox 1546 2788 1695 2825; x_wconf 90' lang='lat' dir='ltr'><strong>nmn.</strong></span> <span class='ocrx_word' id='word_1_340' title='bbox 1749 2772 1836 2837; x_wconf 81' lang='grc'><strong>10,</strong></span> 
     </span>
    </p>
   </div>
   <div class='ocr_carea' id='block_1_45' title="bbox 266 2855 1839 2934">
    <p class='ocr_par' dir='ltr' id='par_1_45' title="bbox 266 2855 1839 2934">
     <span class='ocr_line' id='line_1_45' title="bbox 266 2855 1839 2934; baseline 0.006 -26"><span class='ocrx_word' id='word_1_341' title='bbox 266 2871 323 2926; x_wconf 87' lang='lat' dir='ltr'><strong>p.</strong></span> <span class='ocrx_word' id='word_1_342' title='bbox 357 2856 461 2910; x_wconf 72' lang='grc'><strong>584</strong></span> <span class='ocrx_word' id='word_1_343' title='bbox 482 2876 494 2910; x_wconf 91' lang='lat'><strong><em>:</em></strong></span> <span class='ocrx_word' id='word_1_344' title='bbox 523 2857 597 2910; x_wconf 83' lang='grc' dir='ltr'><strong>Οὐ</strong></span> <span class='ocrx_word' id='word_1_345' title='bbox 620 2858 798 2911; x_wconf 82' lang='grc' dir='ltr'>τοίνυν</span> <span class='ocrx_word' id='word_1_346' title='bbox 832 2855 899 2930; x_wconf 78' lang='grc' dir='ltr'>ἦν</span> <span class='ocrx_word' id='word_1_347' title='bbox 924 2859 1145 2928; x_wconf 67' lang='grc' dir='ltr'>εὔλογον</span> <span class='ocrx_word' id='word_1_348' title='bbox 1164 2861 1288 2925; x_wconf 76' lang='grc' dir='ltr'>τοὺς</span> <span class='ocrx_word' id='word_1_349' title='bbox 1309 2862 1649 2933; x_wconf 84' lang='grc' dir='ltr'>διδαχθέντας</span> <span class='ocrx_word' id='word_1_350' title='bbox 1672 2881 1839 2934; x_wconf 83' lang='grc' dir='ltr'>μεγα-</span> 
     </span>
    </p>
   </div>
   <div class='ocr_carea' id='block_1_46' title="bbox 266 2947 1835 3025">
    <p class='ocr_par' dir='ltr' id='par_1_46' title="bbox 266 2947 1835 3025">
     <span class='ocr_line' id='line_1_46' title="bbox 266 2947 1835 3025; baseline 0.006 -26"><span class='ocrx_word' id='word_1_351' title='bbox 266 2947 479 3017; x_wconf 74' lang='grc' dir='ltr'>λοφυῶς</span> <span class='ocrx_word' id='word_1_352' title='bbox 499 2950 946 3021; x_wconf 79' lang='grc' dir='ltr'>ὑπεραναϐαίνειν</span> <span class='ocrx_word' id='word_1_353' title='bbox 966 2952 1139 3005; x_wconf 79' lang='grc' dir='ltr'>πάντα</span> <span class='ocrx_word' id='word_1_354' title='bbox 1172 2952 1239 3005; x_wconf 85' lang='grc' dir='ltr'><strong>τά</strong></span> <span class='ocrx_word' id='word_1_355' title='bbox 1269 2953 1835 3025; x_wconf 82' lang='grc' dir='ltr'>δημιουργήματα,..,.</span> 
     </span>
    </p>
   </div>
   <div class='ocr_carea' id='block_1_47' title="bbox 268 3042 1836 3117">
    <p class='ocr_par' dir='ltr' id='par_1_47' title="bbox 268 3042 1836 3117">
     <span class='ocr_line' id='line_1_47' title="bbox 268 3042 1836 3117; baseline 0.003 -20"><span class='ocrx_word' id='word_1_356' title='bbox 268 3042 569 3106; x_wconf 83' lang='grc' dir='ltr'>ἀσκοῦντας</span> <span class='ocrx_word' id='word_1_357' title='bbox 597 3043 737 3113; x_wconf 73' lang='grc' dir='ltr'>ἔχειν</span> <span class='ocrx_word' id='word_1_358' title='bbox 757 3044 854 3114; x_wconf 81' lang='grc' dir='ltr'>τῆν</span> <span class='ocrx_word' id='word_1_359' title='bbox 882 3043 1138 3115; x_wconf 74' lang='grc' dir='ltr'>λαμπρὰν</span> <span class='ocrx_word' id='word_1_360' title='bbox 1157 3044 1251 3098; x_wconf 76' lang='grc' dir='ltr'><strong>καὶ</strong></span> <span class='ocrx_word' id='word_1_361' title='bbox 1278 3046 1591 3117; x_wconf 82' lang='grc' dir='ltr'>ἀμάραντον</span> <span class='ocrx_word' id='word_1_362' title='bbox 1626 3047 1836 3116; x_wconf 80' lang='grc' dir='ltr'>σοφίαν,</span> 
     </span>
    </p>
   </div>
   <div class='ocr_carea' id='block_1_48' title="bbox 266 3133 1839 3209">
    <p class='ocr_par' dir='ltr' id='par_1_48' title="bbox 266 3133 1839 3209">
     <span class='ocr_line' id='line_1_48' title="bbox 266 3133 1839 3209; baseline 0.004 -22"><span class='ocrx_word' id='word_1_363' title='bbox 266 3136 300 3206; x_wconf 82' lang='grc' dir='ltr'>ἢ</span> <span class='ocrx_word' id='word_1_364' title='bbox 334 3134 426 3188; x_wconf 79' lang='grc' dir='ltr'>καὶ</span> <span class='ocrx_word' id='word_1_365' title='bbox 461 3133 811 3205; x_wconf 71' lang='grc' dir='ltr'>ἀνειληφότα,</span> <span class='ocrx_word' id='word_1_366' title='bbox 862 3136 1029 3206; x_wconf 75' lang='grc' dir='ltr'>αὐτὴν</span> <span class='ocrx_word' id='word_1_367' title='bbox 1056 3133 1220 3189; x_wconf 77' lang='grc' dir='ltr'>οὖσαν</span> <span class='ocrx_word' id='word_1_368' title='bbox 1272 3136 1609 3209; x_wconf 77' lang='grc' dir='ltr'>ἀπαύγασμα</span> <span class='ocrx_word' id='word_1_369' title='bbox 1664 3140 1839 3208; x_wconf 67' lang='grc' dir='ltr'>φωτὸς</span> 
     </span>
    </p>
   </div>
   <div class='ocr_carea' id='block_1_49' title="bbox 264 3226 1840 3302">
    <p class='ocr_par' dir='ltr' id='par_1_49' title="bbox 264 3226 1840 3302">
     <span class='ocr_line' id='line_1_49' title="bbox 264 3226 1840 3302; baseline 0.001 -22"><span class='ocrx_word' id='word_1_370' title='bbox 264 3228 441 3281; x_wconf 82' lang='grc' dir='ltr'>ἀϊδίου</span> <span class='ocrx_word' id='word_1_371' title='bbox 466 3243 479 3255; x_wconf 86' lang='grc'><strong>·</strong></span> <span class='ocrx_word' id='word_1_372' title='bbox 513 3226 925 3296; x_wconf 85' lang='grc' dir='ltr'>καταπλαγῆναι</span> <span class='ocrx_word' id='word_1_373' title='bbox 958 3228 1017 3279; x_wconf 82' lang='grc' dir='ltr'>τὸ</span> <span class='ocrx_word' id='word_1_374' title='bbox 1039 3228 1292 3300; x_wconf 80' lang='grc' dir='ltr'>αἰσθητὸν</span> <span class='ocrx_word' id='word_1_375' title='bbox 1326 3228 1496 3299; x_wconf 85' lang='grc' dir='ltr'>ήλίου,</span> <span class='ocrx_word' id='word_1_376' title='bbox 1533 3230 1624 3283; x_wconf 70' lang='grc' dir='ltr'>καὶ</span> <span class='ocrx_word' id='word_1_377' title='bbox 1686 3230 1840 3302; x_wconf 84' lang='grc' dir='ltr'>σελή-</span> 
     </span>
    </p>
   </div>
   <div class='ocr_carea' id='block_1_50' title="bbox 263 3320 1839 3391">
    <p class='ocr_par' dir='ltr' id='par_1_50' title="bbox 263 3320 1839 3391">
     <span class='ocr_line' id='line_1_50' title="bbox 263 3320 1839 3391; baseline 0.001 -17"><span class='ocrx_word' id='word_1_378' title='bbox 263 3338 387 3390; x_wconf 87' lang='grc' dir='ltr'>νης,</span> <span class='ocrx_word' id='word_1_379' title='bbox 428 3320 519 3372; x_wconf 78' lang='grc' dir='ltr'><strong>καὶ</strong></span> <span class='ocrx_word' id='word_1_380' title='bbox 574 3321 786 3391; x_wconf 81' lang='grc' dir='ltr'>ἄστρων</span> <span class='ocrx_word' id='word_1_381' title='bbox 830 3320 944 3389; x_wconf 80' lang='grc' dir='ltr'>φῶς</span> <span class='ocrx_word' id='word_1_382' title='bbox 999 3320 1091 3372; x_wconf 76' lang='grc' dir='ltr'><strong>ἐπὶ</strong></span> <span class='ocrx_word' id='word_1_383' title='bbox 1128 3320 1409 3385; x_wconf 88' lang='grc' dir='ltr'>τοσοῦτον,</span> <span class='ocrx_word' id='word_1_384' title='bbox 1460 3320 1598 3374; x_wconf 82' lang='grc' dir='ltr'>ὥστε</span> <span class='ocrx_word' id='word_1_385' title='bbox 1643 3320 1731 3375; x_wconf 84' lang='grc' dir='ltr'>διὰ</span> <span class='ocrx_word' id='word_1_386' title='bbox 1780 3324 1839 3375; x_wconf 79' lang='grc' dir='ltr'><strong>τὸ</strong></span> 
     </span>
    </p>
   </div>
   <div class='ocr_carea' id='block_1_51' title="bbox 264 3410 1838 3482">
    <p class='ocr_par' dir='ltr' id='par_1_51' title="bbox 264 3410 1838 3482">
     <span class='ocr_line' id='line_1_51' title="bbox 264 3410 1838 3482; baseline 0.001 -17"><span class='ocrx_word' id='word_1_387' title='bbox 264 3411 521 3482; x_wconf 75' lang='grc' dir='ltr'>αἰσθητὸν</span> <span class='ocrx_word' id='word_1_388' title='bbox 573 3410 687 3480; x_wconf 81' lang='grc' dir='ltr'>φῶς</span> <span class='ocrx_word' id='word_1_389' title='bbox 738 3411 958 3464; x_wconf 83' lang='grc' dir='ltr'>ἐκείνων</span> <span class='ocrx_word' id='word_1_390' title='bbox 1006 3412 1224 3481; x_wconf 88' lang='grc' dir='ltr'>νομίσαι</span> <span class='ocrx_word' id='word_1_391' title='bbox 1270 3414 1493 3477; x_wconf 76' lang='grc' dir='ltr'>ἑαυτοὺς</span> <span class='ocrx_word' id='word_1_392' title='bbox 1546 3412 1694 3467; x_wconf 87' lang='grc' dir='ltr'>κάτω</span> <span class='ocrx_word' id='word_1_393' title='bbox 1735 3430 1838 3466; x_wconf 87' lang='grc' dir='ltr'><strong>που</strong></span> 
     </span>
    </p>
   </div>
   <div class='ocr_carea' id='block_1_52' title="bbox 264 3501 1841 3575">
    <p class='ocr_par' dir='ltr' id='par_1_52' title="bbox 264 3501 1841 3575">
     <span class='ocr_line' id='line_1_52' title="bbox 264 3501 1841 3575; baseline 0.001 -17"><span class='ocrx_word' id='word_1_394' title='bbox 264 3501 433 3567; x_wconf 74' lang='grc' dir='ltr'>εἶναι,</span> <span class='ocrx_word' id='word_1_395' title='bbox 463 3503 681 3573; x_wconf 74' lang='grc' dir='ltr'>ἔχοντας</span> <span class='ocrx_word' id='word_1_396' title='bbox 712 3503 1026 3572; x_wconf 85' lang='grc' dir='ltr'>τηλικοῦτον</span> <span class='ocrx_word' id='word_1_397' title='bbox 1061 3504 1247 3574; x_wconf 83' lang='grc' dir='ltr'>νοητὸν</span> <span class='ocrx_word' id='word_1_398' title='bbox 1276 3504 1525 3572; x_wconf 86' lang='grc' dir='ltr'>γνώσεως</span> <span class='ocrx_word' id='word_1_399' title='bbox 1552 3506 1666 3575; x_wconf 75' lang='grc' dir='ltr'>φῶς</span> <span class='ocrx_word' id='word_1_400' title='bbox 1684 3547 1698 3570; x_wconf 94' lang='grc'><strong>,</strong></span> <span class='ocrx_word' id='word_1_401' title='bbox 1748 3506 1841 3560; x_wconf 81' lang='grc' dir='ltr'><strong>καὶ</strong></span> 
     </span>
    </p>
   </div>
   <div class='ocr_carea' id='block_1_53' title="bbox 267 3594 1841 3668">
    <p class='ocr_par' dir='ltr' id='par_1_53' title="bbox 267 3594 1841 3668">
     <span class='ocr_line' id='line_1_53' title="bbox 267 3594 1841 3668; baseline 0.001 -19"><span class='ocrx_word' id='word_1_402' title='bbox 267 3597 390 3667; x_wconf 82' lang='grc' dir='ltr'><strong>φῶς</strong></span> <span class='ocrx_word' id='word_1_403' title='bbox 412 3594 692 3667; x_wconf 83' lang='grc' dir='ltr'>ἀληθινόν,</span> <span class='ocrx_word' id='word_1_404' title='bbox 732 3596 825 3647; x_wconf 77' lang='grc' dir='ltr'><strong>καὶ</strong></span> <span class='ocrx_word' id='word_1_405' title='bbox 874 3596 988 3663; x_wconf 71' lang='grc' dir='ltr'><strong>φῶς</strong></span> <span class='ocrx_word' id='word_1_406' title='bbox 1020 3594 1112 3649; x_wconf 87' lang='grc' dir='ltr'><strong>τοῦ</strong></span> <span class='ocrx_word' id='word_1_407' title='bbox 1146 3596 1369 3666; x_wconf 79' lang='grc' dir='ltr'>κόσμου,</span> <span class='ocrx_word' id='word_1_408' title='bbox 1430 3598 1523 3651; x_wconf 75' lang='grc' dir='ltr'><strong>καὶ</strong></span> <span class='ocrx_word' id='word_1_409' title='bbox 1578 3598 1691 3668; x_wconf 82' lang='grc' dir='ltr'><strong>φῶς</strong></span> <span class='ocrx_word' id='word_1_410' title='bbox 1734 3598 1841 3652; x_wconf 82' lang='grc' dir='ltr'>τῶν</span> 
     </span>
    </p>
   </div>
   <div class='ocr_carea' id='block_1_54' title="bbox 268 3688 1842 3760">
    <p class='ocr_par' dir='ltr' id='par_1_54' title="bbox 268 3688 1842 3760">
     <span class='ocr_line' id='line_1_54' title="bbox 268 3688 1842 3760; baseline 0.001 -17"><span class='ocrx_word' id='word_1_411' title='bbox 268 3689 595 3757; x_wconf 82' lang='grc' dir='ltr'>ἀνθρώπων,</span> <span class='ocrx_word' id='word_1_412' title='bbox 624 3688 895 3752; x_wconf 84' lang='grc' dir='ltr'>κάκείνοις</span> <span class='ocrx_word' id='word_1_413' title='bbox 926 3691 1320 3759; x_wconf 77' lang='grc' dir='ltr'>προσκυνῆσαι.</span> <span class='ocrx_word' id='word_1_414' title='bbox 1356 3688 1409 3743; x_wconf 89' lang='lat' dir='ltr'><strong>Id</strong></span> <span class='ocrx_word' id='word_1_415' title='bbox 1442 3700 1562 3755; x_wconf 90' lang='lat' dir='ltr'><strong>est,</strong></span> <span class='ocrx_word' id='word_1_416' title='bbox 1600 3711 1618 3741; x_wconf 85' lang='grc'><em>‹</em></span> <span class='ocrx_word' id='word_1_417' title='bbox 1662 3691 1842 3760; x_wconf 85' lang='lat' dir='ltr'><strong>Itaque</strong></span> 
     </span>
    </p>
   </div>
   <div class='ocr_carea' id='block_1_55' title="bbox 270 3779 1837 3851">
    <p class='ocr_par' dir='ltr' id='par_1_55' title="bbox 270 3779 1837 3851">
     <span class='ocr_line' id='line_1_55' title="bbox 270 3779 1837 3851; baseline 0.001 -16"><span class='ocrx_word' id='word_1_418' title='bbox 270 3798 381 3835; x_wconf 93' lang='lat' dir='ltr'><strong>non</strong></span> <span class='ocrx_word' id='word_1_419' title='bbox 414 3782 641 3835; x_wconf 85' lang='lat' dir='ltr'><strong>decebat</strong></span> <span class='ocrx_word' id='word_1_420' title='bbox 666 3798 779 3842; x_wconf 86' lang='lat' dir='ltr'><strong>eos,</strong></span> <span class='ocrx_word' id='word_1_421' title='bbox 811 3782 903 3849; x_wconf 91' lang='lat' dir='ltr'><strong>qni</strong></span> <span class='ocrx_word' id='word_1_422' title='bbox 957 3779 1259 3835; x_wconf 83' lang='lat' dir='ltr'><strong>didicerant</strong></span> <span class='ocrx_word' id='word_1_423' title='bbox 1312 3797 1573 3851; x_wconf 80' lang='lat' dir='ltr'><strong>generose</strong></span> <span class='ocrx_word' id='word_1_424' title='bbox 1625 3798 1837 3836; x_wconf 83' lang='lat' dir='ltr'><strong>onmem</strong></span> 
     </span>
    </p>
   </div>
   <div class='ocr_carea' id='block_1_56' title="bbox 262 3869 1838 3941">
    <p class='ocr_par' dir='ltr' id='par_1_56' title="bbox 262 3869 1838 3941">
     <span class='ocr_line' id='line_1_56' title="bbox 262 3869 1838 3941; baseline 0.003 -20"><span class='ocrx_word' id='word_1_425' title='bbox 262 3877 574 3921; x_wconf 85' lang='lat' dir='ltr'><strong>creaturam</strong></span> <span class='ocrx_word' id='word_1_426' title='bbox 615 3869 1021 3933; x_wconf 87' lang='lat' dir='ltr'><strong>transcemlere,</strong></span> <span class='ocrx_word' id='word_1_427' title='bbox 1171 3872 1671 3941; x_wconf 78' lang='lat' dir='ltr'><strong>contendeliantque</strong></span> <span class='ocrx_word' id='word_1_428' title='bbox 1719 3882 1838 3926; x_wconf 85' lang='lat' dir='ltr'><strong>st-u-</strong></span> 
     </span>
    </p>
   </div>
   <div class='ocr_carea' id='block_1_57' title="bbox 263 3957 1840 4033">
    <p class='ocr_par' dir='ltr' id='par_1_57' title="bbox 263 3957 1840 4033">
     <span class='ocr_line' id='line_1_57' title="bbox 263 3957 1840 4033; baseline 0.004 -20"><span class='ocrx_word' id='word_1_429' title='bbox 263 3959 372 4013; x_wconf 79' lang='lat' dir='ltr'><strong>tliis</strong></span> <span class='ocrx_word' id='word_1_430' title='bbox 404 3957 737 4013; x_wconf 80' lang='lat' dir='ltr'><strong>ferventibus</strong></span> <span class='ocrx_word' id='word_1_431' title='bbox 776 3960 840 4013; x_wconf 90' lang='lat' dir='ltr'><strong>ad</strong></span> <span class='ocrx_word' id='word_1_432' title='bbox 872 3960 1375 4017; x_wconf 90' lang='lat' dir='ltr'><strong>immarcescibilem</strong></span> <span class='ocrx_word' id='word_1_433' title='bbox 1441 3964 1582 4019; x_wconf 91' lang='lat' dir='ltr'><strong>illam</strong></span> <span class='ocrx_word' id='word_1_434' title='bbox 1623 3965 1840 4033; x_wconf 79' lang='lat' dir='ltr'><strong>sapien—</strong></span> 
     </span>
    </p>
   </div>
   <div class='ocr_carea' id='block_1_58' title="bbox 214 4049 1838 4127">
    <p class='ocr_par' dir='ltr' id='par_1_58' title="bbox 214 4049 1838 4127">
     <span class='ocr_line' id='line_1_58' title="bbox 214 4049 1838 4127; baseline 0.006 -26"><span class='ocrx_word' id='word_1_435' title='bbox 214 4060 215 4063; x_wconf 79' lang='lat'>‘</span> <span class='ocrx_word' id='word_1_436' title='bbox 264 4050 421 4112; x_wconf 87' lang='lat' dir='ltr'><strong>tiam,</strong></span> <span class='ocrx_word' id='word_1_437' title='bbox 456 4049 675 4118; x_wconf 86' lang='lat' dir='ltr'><strong>antjam</strong></span> <span class='ocrx_word' id='word_1_438' title='bbox 708 4062 1061 4119; x_wconf 86' lang='lat' dir='ltr'><strong>perceperant</strong></span> <span class='ocrx_word' id='word_1_439' title='bbox 1087 4067 1230 4118; x_wconf 89' lang='lat' dir='ltr'><strong>eam,</strong></span> <span class='ocrx_word' id='word_1_440' title='bbox 1273 4070 1413 4119; x_wconf 90' lang='lat' dir='ltr'><strong>eam,</strong></span> <span class='ocrx_word' id='word_1_441' title='bbox 1454 4058 1692 4125; x_wconf 82' lang='lat' dir='ltr'><strong>inquam,</strong></span> <span class='ocrx_word' id='word_1_442' title='bbox 1718 4073 1838 4127; x_wconf 70' lang='lat' dir='ltr'><strong>qua:</strong></span> 
     </span>
    </p>
   </div>
   <div class='ocr_carea' id='block_1_59' title="bbox 262 4140 1837 4217">
    <p class='ocr_par' dir='ltr' id='par_1_59' title="bbox 262 4140 1837 4217">
     <span class='ocr_line' id='line_1_59' title="bbox 262 4140 1837 4217; baseline 0.006 -22"><span class='ocrx_word' id='word_1_443' title='bbox 262 4150 483 4196; x_wconf 66' lang='lat' dir='ltr'><strong>aeternae</strong></span> <span class='ocrx_word' id='word_1_444' title='bbox 515 4140 647 4194; x_wconf 91' lang='lat' dir='ltr'><strong>lucis</strong></span> <span class='ocrx_word' id='word_1_445' title='bbox 674 4141 923 4211; x_wconf 76' lang='lat' dir='ltr'><strong>Splendor</strong></span> <span class='ocrx_word' id='word_1_446' title='bbox 968 4153 1089 4211; x_wconf 92' lang='lat' dir='ltr'><strong>est;</strong></span> <span class='ocrx_word' id='word_1_447' title='bbox 1125 4146 1507 4217; x_wconf 89' lang='lat' dir='ltr'><strong>obstupescere</strong></span> <span class='ocrx_word' id='word_1_448' title='bbox 1557 4150 1622 4203; x_wconf 94' lang='lat' dir='ltr'><strong>ad</strong></span> <span class='ocrx_word' id='word_1_449' title='bbox 1687 4150 1837 4215; x_wconf 84' lang='lat' dir='ltr'><strong>solis,</strong></span> 
     </span>
    </p>
   </div>
   <div class='ocr_carea' id='block_1_60' title="bbox 262 4232 1838 4305">
    <p class='ocr_par' dir='ltr' id='par_1_60' title="bbox 262 4232 1838 4305">
     <span class='ocr_line' id='line_1_60' title="bbox 262 4232 1838 4305; baseline 0.005 -18"><span class='ocrx_word' id='word_1_450' title='bbox 262 4234 411 4287; x_wconf 72' lang='lat' dir='ltr'><strong>lunae</strong></span> <span class='ocrx_word' id='word_1_451' title='bbox 469 4232 849 4302; x_wconf 79' lang='lat' dir='ltr'><strong>stellarumque</strong></span> <span class='ocrx_word' id='word_1_452' title='bbox 886 4235 1065 4290; x_wconf 89' lang='lat' dir='ltr'><strong>lumen</strong></span> <span class='ocrx_word' id='word_1_453' title='bbox 1099 4238 1374 4301; x_wconf 68' lang='lat' dir='ltr'><strong>sensibile,</strong></span> <span class='ocrx_word' id='word_1_454' title='bbox 1413 4239 1464 4291; x_wconf 92' lang='lat' dir='ltr'><strong>in</strong></span> <span class='ocrx_word' id='word_1_455' title='bbox 1518 4249 1745 4305; x_wconf 90' lang='lat' dir='ltr'><strong>tantum,</strong></span> <span class='ocrx_word' id='word_1_456' title='bbox 1780 4251 1838 4295; x_wconf 90' lang='lat' dir='ltr'><strong>ut</strong></span> 
     </span>
    </p>
   </div>
   <div class='ocr_carea' id='block_1_61' title="bbox 262 4323 1837 4397">
    <p class='ocr_par' dir='ltr' id='par_1_61' title="bbox 262 4323 1837 4397">
     <span class='ocr_line' id='line_1_61' title="bbox 262 4323 1837 4397; baseline 0.006 -22"><span class='ocrx_word' id='word_1_457' title='bbox 262 4332 552 4394; x_wconf 87' lang='lat' dir='ltr'><strong>propterea</strong></span> <span class='ocrx_word' id='word_1_458' title='bbox 582 4337 639 4376; x_wconf 92' lang='lat' dir='ltr'><strong>se</strong></span> <span class='ocrx_word' id='word_1_459' title='bbox 666 4323 954 4379; x_wconf 85' lang='lat' dir='ltr'><strong>inferiores</strong></span> <span class='ocrx_word' id='word_1_460' title='bbox 985 4326 1401 4391; x_wconf 82' lang='lat' dir='ltr'><strong>existimarent;</strong></span> <span class='ocrx_word' id='word_1_461' title='bbox 1441 4342 1563 4382; x_wconf 90' lang='lat' dir='ltr'><strong>cum</strong></span> <span class='ocrx_word' id='word_1_462' title='bbox 1609 4331 1707 4397; x_wconf 90' lang='lat' dir='ltr'><strong>ipsi</strong></span> <span class='ocrx_word' id='word_1_463' title='bbox 1741 4331 1837 4384; x_wconf 89' lang='lat' dir='ltr'><strong>ha-</strong></span> 
     </span>
    </p>
   </div>
   <div class='ocr_carea' id='block_1_62' title="bbox 262 4416 1834 4486">
    <p class='ocr_par' dir='ltr' id='par_1_62' title="bbox 262 4416 1834 4486">
     <span class='ocr_line' id='line_1_62' title="bbox 262 4416 1834 4486; baseline 0.003 -16"><span class='ocrx_word' id='word_1_464' title='bbox 262 4417 432 4470; x_wconf 81' lang='lat' dir='ltr'><strong>beant</strong></span> <span class='ocrx_word' id='word_1_465' title='bbox 475 4425 678 4470; x_wconf 87' lang='lat' dir='ltr'><strong>tantam</strong></span> <span class='ocrx_word' id='word_1_466' title='bbox 742 4416 916 4469; x_wconf 88' lang='lat' dir='ltr'><strong>lucem</strong></span> <span class='ocrx_word' id='word_1_467' title='bbox 978 4417 1393 4486; x_wconf 82' lang='lat' dir='ltr'><strong>intelligibilem,</strong></span> <span class='ocrx_word' id='word_1_468' title='bbox 1420 4419 1594 4473; x_wconf 91' lang='lat' dir='ltr'><strong>lucem</strong></span> <span class='ocrx_word' id='word_1_469' title='bbox 1632 4435 1834 4485; x_wconf 87' lang='lat' dir='ltr'><strong>veram,</strong></span> 
     </span>
    </p>
   </div>
   <div class='ocr_carea' id='block_1_63' title="bbox 264 4507 1832 4579">
    <p class='ocr_par' dir='ltr' id='par_1_63' title="bbox 264 4507 1832 4579">
     <span class='ocr_line' id='line_1_63' title="bbox 264 4507 1832 4579; baseline 0.002 -18"><span class='ocrx_word' id='word_1_470' title='bbox 264 4508 442 4561; x_wconf 89' lang='lat' dir='ltr'><strong>lucem</strong></span> <span class='ocrx_word' id='word_1_471' title='bbox 479 4509 684 4571; x_wconf 91' lang='lat' dir='ltr'><strong>mundi,</strong></span> <span class='ocrx_word' id='word_1_472' title='bbox 713 4507 883 4562; x_wconf 90' lang='lat' dir='ltr'><strong>lucem</strong></span> <span class='ocrx_word' id='word_1_473' title='bbox 937 4508 1247 4576; x_wconf 86' lang='lat' dir='ltr'><strong>hominum;</strong></span> <span class='ocrx_word' id='word_1_474' title='bbox 1282 4526 1451 4579; x_wconf 83' lang='lat' dir='ltr'><strong>eaque</strong></span> <span class='ocrx_word' id='word_1_475' title='bbox 1473 4512 1781 4567; x_wconf 91' lang='lat' dir='ltr'><strong>adorarent.</strong></span> <span class='ocrx_word' id='word_1_476' title='bbox 1810 4534 1832 4564; x_wconf 74' lang='grc' dir='ltr'><strong>ν</strong></span> 
     </span>
    </p>
   </div>
   <div class='ocr_carea' id='block_1_64' title="bbox 1940 2034 3509 2107">
    <p class='ocr_par' dir='ltr' id='par_1_64' title="bbox 1940 2034 3509 2107">
     <span class='ocr_line' id='line_1_64' title="bbox 1940 2034 3509 2107; baseline 0.005 -21"><span class='ocrx_word' id='word_1_477' title='bbox 1940 2034 2225 2089; x_wconf 90' lang='lat' dir='ltr'><strong>admodum</strong></span> <span class='ocrx_word' id='word_1_478' title='bbox 2258 2034 2346 2087; x_wconf 89' lang='lat' dir='ltr'><strong>isti</strong></span> <span class='ocrx_word' id='word_1_479' title='bbox 2379 2036 2692 2090; x_wconf 87' lang='lat' dir='ltr'><strong>adoratores</strong></span> <span class='ocrx_word' id='word_1_480' title='bbox 2717 2036 2870 2101; x_wconf 89' lang='lat' dir='ltr'><strong>solis,</strong></span> <span class='ocrx_word' id='word_1_481' title='bbox 2902 2037 3042 2091; x_wconf 78' lang='lat' dir='ltr'><strong>luna:</strong></span> <span class='ocrx_word' id='word_1_482' title='bbox 3092 2038 3509 2107; x_wconf 81' lang='lat' dir='ltr'><strong>stellarumque,</strong></span> 
     </span>
    </p>
   </div>
   <div class='ocr_carea' id='block_1_65' title="bbox 1939 2124 3512 2199">
    <p class='ocr_par' dir='ltr' id='par_1_65' title="bbox 1939 2124 3512 2199">
     <span class='ocr_line' id='line_1_65' title="bbox 1939 2124 3512 2199; baseline 0.005 -21"><span class='ocrx_word' id='word_1_483' title='bbox 1939 2133 1994 2178; x_wconf 93' lang='lat' dir='ltr'><strong>et</strong></span> <span class='ocrx_word' id='word_1_484' title='bbox 2020 2124 2375 2179; x_wconf 88' lang='lat' dir='ltr'><strong>admiratores</strong></span> <span class='ocrx_word' id='word_1_485' title='bbox 2425 2141 2611 2180; x_wconf 90' lang='lat' dir='ltr'><strong>eorum</strong></span> <span class='ocrx_word' id='word_1_486' title='bbox 2667 2126 2927 2195; x_wconf 88' lang='lat' dir='ltr'><strong>luminis,</strong></span> <span class='ocrx_word' id='word_1_487' title='bbox 2981 2145 3253 2199; x_wconf 85' lang='lat' dir='ltr'><strong>nunquam</strong></span> <span class='ocrx_word' id='word_1_488' title='bbox 3316 2133 3512 2185; x_wconf 88' lang='lat' dir='ltr'><strong>adora-</strong></span> 
     </span>
    </p>
   </div>
   <div class='ocr_carea' id='block_1_66' title="bbox 1941 2216 3514 2287">
    <p class='ocr_par' dir='ltr' id='par_1_66' title="bbox 1941 2216 3514 2287">
     <span class='ocr_line' id='line_1_66' title="bbox 1941 2216 3514 2287; baseline 0.006 -18"><span class='ocrx_word' id='word_1_489' title='bbox 1941 2225 2062 2270; x_wconf 89' lang='lat' dir='ltr'><strong>rent</strong></span> <span class='ocrx_word' id='word_1_490' title='bbox 2094 2216 2381 2271; x_wconf 90' lang='lat' dir='ltr'><strong>scintillam</strong></span> <span class='ocrx_word' id='word_1_491' title='bbox 2415 2216 2552 2285; x_wconf 82' lang='lat' dir='ltr'><strong>ignis</strong></span> <span class='ocrx_word' id='word_1_492' title='bbox 2572 2228 2663 2273; x_wconf 89' lang='lat' dir='ltr'><strong>aut</strong></span> <span class='ocrx_word' id='word_1_493' title='bbox 2688 2218 2959 2274; x_wconf 91' lang='lat' dir='ltr'><strong>lucernam</strong></span> <span class='ocrx_word' id='word_1_494' title='bbox 2992 2222 3042 2275; x_wconf 91' lang='lat' dir='ltr'><strong>in</strong></span> <span class='ocrx_word' id='word_1_495' title='bbox 3070 2230 3233 2287; x_wconf 89' lang='lat' dir='ltr'><strong>terra,</strong></span> <span class='ocrx_word' id='word_1_496' title='bbox 3271 2224 3514 2279; x_wconf 78' lang='lat' dir='ltr'><strong>videntes</strong></span> 
     </span>
    </p>
   </div>
   <div class='ocr_carea' id='block_1_67' title="bbox 1940 2306 3510 2383">
    <p class='ocr_par' dir='ltr' id='par_1_67' title="bbox 1940 2306 3510 2383">
     <span class='ocr_line' id='line_1_67' title="bbox 1940 2306 3510 2383; baseline 0.004 -23"><span class='ocrx_word' id='word_1_497' title='bbox 1940 2306 2438 2376; x_wconf 89' lang='lat' dir='ltr'><strong>incomparabiliter</strong></span> <span class='ocrx_word' id='word_1_498' title='bbox 2503 2311 2931 2379; x_wconf 70' lang='lat' dir='ltr'><strong>prmcellentiora</strong></span> <span class='ocrx_word' id='word_1_499' title='bbox 2965 2352 2982 2378; x_wconf 91' lang='lat'><strong>,</strong></span> <span class='ocrx_word' id='word_1_500' title='bbox 3047 2328 3273 2383; x_wconf 88' lang='lat' dir='ltr'><strong>quorum</strong></span> <span class='ocrx_word' id='word_1_501' title='bbox 3326 2313 3510 2369; x_wconf 88' lang='lat' dir='ltr'><strong>lumen</strong></span> 
     </span>
    </p>
   </div>
   <div class='ocr_carea' id='block_1_68' title="bbox 1939 2398 3514 2473">
    <p class='ocr_par' dir='ltr' id='par_1_68' title="bbox 1939 2398 3514 2473">
     <span class='ocr_line' id='line_1_68' title="bbox 1939 2398 3514 2473; baseline 0.005 -21"><span class='ocrx_word' id='word_1_502' title='bbox 1939 2398 2253 2455; x_wconf 85' lang='lat' dir='ltr'><strong>adoratione</strong></span> <span class='ocrx_word' id='word_1_503' title='bbox 2288 2402 2509 2471; x_wconf 86' lang='lat' dir='ltr'><strong>dignum</strong></span> <span class='ocrx_word' id='word_1_504' title='bbox 2544 2402 2901 2458; x_wconf 82' lang='lat' dir='ltr'><strong>existimant:</strong></span> <span class='ocrx_word' id='word_1_505' title='bbox 2958 2403 3029 2457; x_wconf 89' lang='lat' dir='ltr'><strong>ita</strong></span> <span class='ocrx_word' id='word_1_506' title='bbox 3074 2404 3165 2473; x_wconf 90' lang='lat' dir='ltr'><strong>qui</strong></span> <span class='ocrx_word' id='word_1_507' title='bbox 3202 2405 3514 2472; x_wconf 85' lang='lat' dir='ltr'><strong>intelligunt</strong></span> 
     </span>
    </p>
   </div>
   <div class='ocr_carea' id='block_1_69' title="bbox 1939 2492 3508 2566">
    <p class='ocr_par' dir='ltr' id='par_1_69' title="bbox 1939 2492 3508 2566">
     <span class='ocr_line' id='line_1_69' title="bbox 1939 2492 3508 2566; baseline 0.004 -21"><span class='ocrx_word' id='word_1_508' title='bbox 1939 2494 2205 2562; x_wconf 92' lang='lat' dir='ltr'><strong>quomodo</strong></span> <span class='ocrx_word' id='word_1_509' title='bbox 2239 2492 2383 2549; x_wconf 90' lang='lat' dir='ltr'><strong>Deus</strong></span> <span class='ocrx_word' id='word_1_510' title='bbox 2413 2494 2593 2549; x_wconf 89' lang='lat' dir='ltr'><strong>lumen</strong></span> <span class='ocrx_word' id='word_1_511' title='bbox 2636 2496 2729 2562; x_wconf 91' lang='lat' dir='ltr'><strong>sit,</strong></span> <span class='ocrx_word' id='word_1_512' title='bbox 2757 2506 2812 2550; x_wconf 90' lang='lat' dir='ltr'><strong>et</strong></span> <span class='ocrx_word' id='word_1_513' title='bbox 2862 2496 3132 2564; x_wconf 87' lang='lat' dir='ltr'><strong>quomodo</strong></span> <span class='ocrx_word' id='word_1_514' title='bbox 3168 2494 3338 2551; x_wconf 84' lang='lat' dir='ltr'><strong>Filius</strong></span> <span class='ocrx_word' id='word_1_515' title='bbox 3390 2496 3508 2566; x_wconf 86' lang='lat' dir='ltr'><strong>ejus</strong></span> 
     </span>
    </p>
   </div>
   <div class='ocr_carea' id='block_1_70' title="bbox 1939 2583 3511 2651">
    <p class='ocr_par' dir='ltr' id='par_1_70' title="bbox 1939 2583 3511 2651">
     <span class='ocr_line' id='line_1_70' title="bbox 1939 2583 3511 2651; baseline 0.005 -14"><span class='ocrx_word' id='word_1_516' title='bbox 1939 2583 2029 2638; x_wconf 80' lang='lat' dir='ltr'><strong>lux</strong></span> <span class='ocrx_word' id='word_1_517' title='bbox 2059 2601 2187 2639; x_wconf 87' lang='lat' dir='ltr'><strong>vera</strong></span> <span class='ocrx_word' id='word_1_518' title='bbox 2214 2586 2306 2651; x_wconf 90' lang='lat' dir='ltr'><strong>sit,</strong></span> <span class='ocrx_word' id='word_1_519' title='bbox 2342 2586 2618 2641; x_wconf 87' lang='lat' dir='ltr'><strong>illustrans</strong></span> <span class='ocrx_word' id='word_1_520' title='bbox 2660 2603 2872 2643; x_wconf 88' lang='lat' dir='ltr'><strong>onmem</strong></span> <span class='ocrx_word' id='word_1_521' title='bbox 2920 2589 3199 2645; x_wconf 88' lang='lat' dir='ltr'><strong>hominem</strong></span> <span class='ocrx_word' id='word_1_522' title='bbox 3263 2591 3317 2644; x_wconf 92' lang='lat' dir='ltr'><strong>in</strong></span> <span class='ocrx_word' id='word_1_523' title='bbox 3361 2592 3511 2645; x_wconf 89' lang='lat' dir='ltr'><strong>hunc</strong></span> 
     </span>
    </p>
   </div>
   <div class='ocr_carea' id='block_1_71' title="bbox 1940 2676 3510 2748">
    <p class='ocr_par' dir='ltr' id='par_1_71' title="bbox 1940 2676 3510 2748">
     <span class='ocr_line' id='line_1_71' title="bbox 1940 2676 3510 2748; baseline 0.003 -19"><span class='ocrx_word' id='word_1_524' title='bbox 1940 2676 2195 2730; x_wconf 91' lang='lat' dir='ltr'><strong>mundum</strong></span> <span class='ocrx_word' id='word_1_525' title='bbox 2249 2677 2557 2731; x_wconf 82' lang='lat' dir='ltr'><strong>venientem</strong></span> <span class='ocrx_word' id='word_1_526' title='bbox 2591 2678 2659 2743; x_wconf 83' lang='lat'><strong>&quot;,</strong></span> <span class='ocrx_word' id='word_1_527' title='bbox 2712 2688 2766 2733; x_wconf 91' lang='lat' dir='ltr'><strong>et</strong></span> <span class='ocrx_word' id='word_1_528' title='bbox 2812 2679 3121 2748; x_wconf 87' lang='lat' dir='ltr'><strong>intelligunt</strong></span> <span class='ocrx_word' id='word_1_529' title='bbox 3179 2680 3342 2733; x_wconf 89' lang='lat' dir='ltr'><strong>etiam</strong></span> <span class='ocrx_word' id='word_1_530' title='bbox 3381 2678 3510 2734; x_wconf 90' lang='lat' dir='ltr'><strong>illud</strong></span> 
     </span>
    </p>
   </div>
   <div class='ocr_carea' id='block_1_72' title="bbox 1939 2768 3511 2838">
    <p class='ocr_par' dir='ltr' id='par_1_72' title="bbox 1939 2768 3511 2838">
     <span class='ocr_line' id='line_1_72' title="bbox 1939 2768 3511 2838; baseline 0.003 -17"><span class='ocrx_word' id='word_1_531' title='bbox 1939 2768 2054 2836; x_wconf 82' lang='lat' dir='ltr'><strong>ejus</strong></span> <span class='ocrx_word' id='word_1_532' title='bbox 2076 2768 2298 2832; x_wconf 87' lang='lat' dir='ltr'><strong>dictum,</strong></span> <span class='ocrx_word' id='word_1_533' title='bbox 2328 2768 2441 2838; x_wconf 83' lang='lat' dir='ltr'><strong>Ego</strong></span> <span class='ocrx_word' id='word_1_534' title='bbox 2473 2786 2588 2822; x_wconf 78' lang='lat' dir='ltr'><strong>sum</strong></span> <span class='ocrx_word' id='word_1_535' title='bbox 2613 2770 2705 2824; x_wconf 72' lang='lat' dir='ltr'><strong>lux</strong></span> <span class='ocrx_word' id='word_1_536' title='bbox 2733 2772 2918 2824; x_wconf 78' lang='lat' dir='ltr'><strong>mundi</strong></span> <span class='ocrx_word' id='word_1_537' title='bbox 2934 2773 3001 2833; x_wconf 71' lang='grc' dir='ltr'><strong>δ’,</strong></span> <span class='ocrx_word' id='word_1_538' title='bbox 3033 2770 3299 2826; x_wconf 88' lang='lat' dir='ltr'><strong>immerito</strong></span> <span class='ocrx_word' id='word_1_539' title='bbox 3316 2772 3511 2827; x_wconf 82' lang='lat' dir='ltr'><strong>adora—</strong></span> 
     </span>
    </p>
   </div>
   <div class='ocr_carea' id='block_1_73' title="bbox 1942 2857 3513 2927">
    <p class='ocr_par' dir='ltr' id='par_1_73' title="bbox 1942 2857 3513 2927">
     <span class='ocr_line' id='line_1_73' title="bbox 1942 2857 3513 2927; baseline 0.006 -18"><span class='ocrx_word' id='word_1_540' title='bbox 1942 2867 2061 2911; x_wconf 89' lang='lat' dir='ltr'><strong>rent</strong></span> <span class='ocrx_word' id='word_1_541' title='bbox 2094 2872 2317 2925; x_wconf 81' lang='lat' dir='ltr'><strong>parvam</strong></span> <span class='ocrx_word' id='word_1_542' title='bbox 2351 2857 2495 2913; x_wconf 89' lang='lat' dir='ltr'><strong>velut</strong></span> <span class='ocrx_word' id='word_1_543' title='bbox 2520 2862 2807 2915; x_wconf 89' lang='lat' dir='ltr'><strong>scintillam</strong></span> <span class='ocrx_word' id='word_1_544' title='bbox 2851 2876 2990 2916; x_wconf 72' lang='lat' dir='ltr'><strong>verae</strong></span> <span class='ocrx_word' id='word_1_545' title='bbox 3023 2861 3182 2927; x_wconf 91' lang='lat' dir='ltr'><strong>lucis,</strong></span> <span class='ocrx_word' id='word_1_546' title='bbox 3212 2863 3257 2918; x_wconf 94' lang='lat' dir='ltr'><strong>si</strong></span> <span class='ocrx_word' id='word_1_547' title='bbox 3312 2864 3377 2917; x_wconf 85' lang='lat' dir='ltr'><strong>ad</strong></span> <span class='ocrx_word' id='word_1_548' title='bbox 3427 2865 3513 2918; x_wconf 81' lang='lat' dir='ltr'><strong>lu-</strong></span> 
     </span>
    </p>
   </div>
   <div class='ocr_carea' id='block_1_74' title="bbox 1939 2947 3513 3023">
    <p class='ocr_par' dir='ltr' id='par_1_74' title="bbox 1939 2947 3513 3023">
     <span class='ocr_line' id='line_1_74' title="bbox 1939 2947 3513 3023; baseline 0.005 -21"><span class='ocrx_word' id='word_1_549' title='bbox 1939 2964 2061 3003; x_wconf 89' lang='lat' dir='ltr'><strong>men</strong></span> <span class='ocrx_word' id='word_1_550' title='bbox 2092 2947 2223 3004; x_wconf 91' lang='lat' dir='ltr'><strong>illud</strong></span> <span class='ocrx_word' id='word_1_551' title='bbox 2250 2950 2395 3019; x_wconf 92' lang='lat' dir='ltr'><strong>quod</strong></span> <span class='ocrx_word' id='word_1_552' title='bbox 2430 2950 2573 3006; x_wconf 87' lang='lat' dir='ltr'><strong>Deus</strong></span> <span class='ocrx_word' id='word_1_553' title='bbox 2606 2962 2690 3006; x_wconf 90' lang='lat' dir='ltr'><strong>est</strong></span> <span class='ocrx_word' id='word_1_554' title='bbox 2713 2952 3043 3017; x_wconf 76' lang='lat' dir='ltr'><strong>conferatur,</strong></span> <span class='ocrx_word' id='word_1_555' title='bbox 3085 2969 3206 3023; x_wconf 76' lang='lat' dir='ltr'><strong>qua:</strong></span> <span class='ocrx_word' id='word_1_556' title='bbox 3257 2955 3310 3009; x_wconf 93' lang='lat' dir='ltr'><strong>in</strong></span> <span class='ocrx_word' id='word_1_557' title='bbox 3375 2955 3513 3021; x_wconf 84' lang='lat' dir='ltr'><strong>sole,</strong></span> 
     </span>
    </p>
   </div>
   <div class='ocr_carea' id='block_1_75' title="bbox 1940 3040 3512 3114">
    <p class='ocr_par' dir='ltr' id='par_1_75' title="bbox 1940 3040 3512 3114">
     <span class='ocr_line' id='line_1_75' title="bbox 1940 3040 3512 3114; baseline 0.004 -21"><span class='ocrx_word' id='word_1_558' title='bbox 1940 3040 2065 3095; x_wconf 90' lang='lat' dir='ltr'><strong>luna</strong></span> <span class='ocrx_word' id='word_1_559' title='bbox 2089 3051 2146 3096; x_wconf 89' lang='lat' dir='ltr'><strong>et</strong></span> <span class='ocrx_word' id='word_1_560' title='bbox 2174 3042 2336 3097; x_wconf 86' lang='lat' dir='ltr'><strong>astris</strong></span> <span class='ocrx_word' id='word_1_561' title='bbox 2371 3042 2603 3098; x_wconf 81' lang='lat' dir='ltr'><strong>exsistit.</strong></span> <span class='ocrx_word' id='word_1_562' title='bbox 2635 3043 2751 3098; x_wconf 83' lang='lat' dir='ltr'><strong>Non</strong></span> <span class='ocrx_word' id='word_1_563' title='bbox 2777 3054 2955 3099; x_wconf 87' lang='lat' dir='ltr'><strong>autem</strong></span> <span class='ocrx_word' id='word_1_564' title='bbox 3001 3046 3141 3114; x_wconf 89' lang='lat' dir='ltr'><strong>quod</strong></span> <span class='ocrx_word' id='word_1_565' title='bbox 3193 3058 3512 3101; x_wconf 78' lang='lat' dir='ltr'><strong>contemna-</strong></span> 
     </span>
    </p>
   </div>
   <div class='ocr_carea' id='block_1_76' title="bbox 1940 3135 3510 3209">
    <p class='ocr_par' dir='ltr' id='par_1_76' title="bbox 1940 3135 3510 3209">
     <span class='ocr_line' id='line_1_76' title="bbox 1940 3135 3510 3209; baseline 0.004 -22"><span class='ocrx_word' id='word_1_566' title='bbox 1940 3146 2061 3187; x_wconf 67' lang='lat' dir='ltr'><strong>ruus</strong></span> <span class='ocrx_word' id='word_1_567' title='bbox 2088 3140 2197 3186; x_wconf 90' lang='lat' dir='ltr'><strong>tam</strong></span> <span class='ocrx_word' id='word_1_568' title='bbox 2226 3136 2441 3204; x_wconf 82' lang='lat' dir='ltr'><strong>egregia</strong></span> <span class='ocrx_word' id='word_1_569' title='bbox 2484 3135 2582 3189; x_wconf 88' lang='lat' dir='ltr'><strong>Dei</strong></span> <span class='ocrx_word' id='word_1_570' title='bbox 2638 3151 2825 3205; x_wconf 89' lang='lat' dir='ltr'><strong>opera,</strong></span> <span class='ocrx_word' id='word_1_571' title='bbox 2851 3146 2944 3190; x_wconf 92' lang='lat' dir='ltr'><strong>aut</strong></span> <span class='ocrx_word' id='word_1_572' title='bbox 2989 3138 3126 3193; x_wconf 89' lang='lat' dir='ltr'><strong>sicut</strong></span> <span class='ocrx_word' id='word_1_573' title='bbox 3153 3140 3510 3209; x_wconf 79' lang='lat' dir='ltr'><strong>Anaxagoras</strong></span> 
     </span>
    </p>
   </div>
   <div class='ocr_carea' id='block_1_77' title="bbox 1941 3215 3515 3289">
    <p class='ocr_par' dir='ltr' id='par_1_77' title="bbox 1941 3215 3515 3289">
     <span class='ocr_line' id='line_1_77' title="bbox 1941 3215 3515 3289; baseline 0.01 -22"><span class='ocrx_word' id='word_1_574' title='bbox 1941 3215 2157 3285; x_wconf 83' lang='lat' dir='ltr'><strong>globum</strong></span> <span class='ocrx_word' id='word_1_575' title='bbox 2194 3219 2420 3289; x_wconf 87' lang='lat' dir='ltr'><strong>ignitum</strong></span> <span class='ocrx_word' id='word_1_576' title='bbox 2452 3222 2617 3276; x_wconf 90' lang='lat' dir='ltr'><strong>solem</strong></span> <span class='ocrx_word' id='word_1_577' title='bbox 2651 3223 3044 3289; x_wconf 81' lang='lat' dir='ltr'><strong>existimemus,</strong></span> <span class='ocrx_word' id='word_1_578' title='bbox 3073 3235 3131 3278; x_wconf 91' lang='lat' dir='ltr'><strong>nt</strong></span> <span class='ocrx_word' id='word_1_579' title='bbox 3154 3237 3208 3281; x_wconf 91' lang='lat' dir='ltr'><strong>et</strong></span> <span class='ocrx_word' id='word_1_580' title='bbox 3239 3228 3418 3281; x_wconf 84' lang='lat' dir='ltr'><strong>lunam</strong></span> <span class='ocrx_word' id='word_1_581' title='bbox 3459 3238 3515 3283; x_wconf 89' lang='lat' dir='ltr'><strong>et</strong></span> 
     </span>
    </p>
   </div>
   <div class='ocr_carea' id='block_1_78' title="bbox 1943 3312 3513 3378">
    <p class='ocr_par' dir='ltr' id='par_1_78' title="bbox 1943 3312 3513 3378">
     <span class='ocr_line' id='line_1_78' title="bbox 1943 3312 3513 3378; baseline 0.009 -18"><span class='ocrx_word' id='word_1_582' title='bbox 1943 3316 2089 3362; x_wconf 69' lang='lat' dir='ltr'><strong>astra</strong></span> <span class='ocrx_word' id='word_1_583' title='bbox 2124 3319 2356 3376; x_wconf 71' lang='lat' dir='ltr'><strong>exetera;</strong></span> <span class='ocrx_word' id='word_1_584' title='bbox 2395 3312 2515 3365; x_wconf 89' lang='lat' dir='ltr'><strong>ideo</strong></span> <span class='ocrx_word' id='word_1_585' title='bbox 2546 3313 2661 3366; x_wconf 70' lang='lat' dir='ltr'><strong>lucc</strong></span> <span class='ocrx_word' id='word_1_586' title='bbox 2700 3314 2766 3367; x_wconf 92' lang='lat' dir='ltr'><strong>de</strong></span> <span class='ocrx_word' id='word_1_587' title='bbox 2787 3314 2917 3378; x_wconf 89' lang='lat' dir='ltr'><strong>sole,</strong></span> <span class='ocrx_word' id='word_1_588' title='bbox 2954 3314 3081 3368; x_wconf 93' lang='lat' dir='ltr'><strong>luna</strong></span> <span class='ocrx_word' id='word_1_589' title='bbox 3110 3326 3163 3371; x_wconf 91' lang='lat' dir='ltr'><strong>et</strong></span> <span class='ocrx_word' id='word_1_590' title='bbox 3215 3320 3378 3372; x_wconf 89' lang='lat' dir='ltr'><strong>astris</strong></span> <span class='ocrx_word' id='word_1_591' title='bbox 3404 3336 3513 3374; x_wconf 62' lang='lat' dir='ltr'><strong>ear-</strong></span> 
     </span>
    </p>
   </div>
   <div class='ocr_carea' id='block_1_79' title="bbox 1945 3399 3513 3474">
    <p class='ocr_par' dir='ltr' id='par_1_79' title="bbox 1945 3399 3513 3474">
     <span class='ocr_line' id='line_1_79' title="bbox 1945 3399 3513 3474; baseline 0.008 -22"><span class='ocrx_word' id='word_1_592' title='bbox 1945 3402 2076 3453; x_wconf 87' lang='lat' dir='ltr'><strong>teris</strong></span> <span class='ocrx_word' id='word_1_593' title='bbox 2098 3399 2374 3455; x_wconf 88' lang='lat' dir='ltr'><strong>dicimus:</strong></span> <span class='ocrx_word' id='word_1_594' title='bbox 2425 3404 2518 3456; x_wconf 90' lang='lat' dir='ltr'><strong>sed</strong></span> <span class='ocrx_word' id='word_1_595' title='bbox 2548 3404 2691 3473; x_wconf 91' lang='lat' dir='ltr'><strong>quod</strong></span> <span class='ocrx_word' id='word_1_596' title='bbox 2730 3420 3088 3474; x_wconf 86' lang='lat' dir='ltr'><strong>agnoscamus</strong></span> <span class='ocrx_word' id='word_1_597' title='bbox 3135 3408 3227 3462; x_wconf 91' lang='lat' dir='ltr'><strong>Dei</strong></span> <span class='ocrx_word' id='word_1_598' title='bbox 3282 3419 3336 3461; x_wconf 86' lang='lat' dir='ltr'><strong>et</strong></span> <span class='ocrx_word' id='word_1_599' title='bbox 3391 3411 3513 3466; x_wconf 75' lang='lat' dir='ltr'><strong>Filii</strong></span> 
     </span>
    </p>
   </div>
   <div class='ocr_carea' id='block_1_80' title="bbox 1941 3488 3517 3568">
    <p class='ocr_par' dir='ltr' id='par_1_80' title="bbox 1941 3488 3517 3568">
     <span class='ocr_line' id='line_1_80' title="bbox 1941 3488 3517 3568; baseline 0.01 -26"><span class='ocrx_word' id='word_1_600' title='bbox 1941 3488 2057 3556; x_wconf 84' lang='lat' dir='ltr'><strong>ejus</strong></span> <span class='ocrx_word' id='word_1_601' title='bbox 2090 3492 2353 3561; x_wconf 90' lang='lat' dir='ltr'><strong>unigeniti</strong></span> <span class='ocrx_word' id='word_1_602' title='bbox 2387 3493 2736 3548; x_wconf 89' lang='lat' dir='ltr'><strong>inenarrabili</strong></span> <span class='ocrx_word' id='word_1_603' title='bbox 2766 3498 3079 3565; x_wconf 70' lang='lat' dir='ltr'><strong>prmstantia</strong></span> <span class='ocrx_word' id='word_1_604' title='bbox 3115 3500 3517 3568; x_wconf 70' lang='lat' dir='ltr'><strong>praecellentem</strong></span> 
     </span>
    </p>
   </div>
   <div class='ocr_carea' id='block_1_81' title="bbox 1941 3578 3514 3657">
    <p class='ocr_par' dir='ltr' id='par_1_81' title="bbox 1941 3578 3514 3657">
     <span class='ocr_line' id='line_1_81' title="bbox 1941 3578 3514 3657; baseline 0.006 -24"><span class='ocrx_word' id='word_1_605' title='bbox 1941 3578 2299 3647; x_wconf 87' lang='lat' dir='ltr'><strong>divinitatem,</strong></span> <span class='ocrx_word' id='word_1_606' title='bbox 2331 3597 2449 3652; x_wconf 71' lang='lat' dir='ltr'><strong>qua:</strong></span> <span class='ocrx_word' id='word_1_607' title='bbox 2476 3593 2671 3638; x_wconf 68' lang='lat' dir='ltr'><strong>caetera</strong></span> <span class='ocrx_word' id='word_1_608' title='bbox 2699 3586 2881 3640; x_wconf 90' lang='lat' dir='ltr'><strong>omnia</strong></span> <span class='ocrx_word' id='word_1_609' title='bbox 2910 3585 3065 3656; x_wconf 82' lang='lat' dir='ltr'><strong>longe</strong></span> <span class='ocrx_word' id='word_1_610' title='bbox 3087 3601 3207 3657; x_wconf 92' lang='lat' dir='ltr'><strong>post</strong></span> <span class='ocrx_word' id='word_1_611' title='bbox 3254 3606 3311 3644; x_wconf 90' lang='lat' dir='ltr'><strong>se</strong></span> <span class='ocrx_word' id='word_1_612' title='bbox 3361 3592 3514 3645; x_wconf 67' lang='lat' dir='ltr'><strong>relin-</strong></span> 
     </span>
    </p>
   </div>
   <div class='ocr_carea' id='block_1_82' title="bbox 1941 3672 3511 3745">
    <p class='ocr_par' dir='ltr' id='par_1_82' title="bbox 1941 3672 3511 3745">
     <span class='ocr_line' id='line_1_82' title="bbox 1941 3672 3511 3745; baseline 0.008 -22"><span class='ocrx_word' id='word_1_613' title='bbox 1941 3672 2075 3741; x_wconf 84' lang='lat' dir='ltr'><strong>quit.</strong></span> <span class='ocrx_word' id='word_1_614' title='bbox 2126 3690 2146 3724; x_wconf 72' lang='grc' dir='ltr'><strong>ι</strong></span> <span class='ocrx_word' id='word_1_615' title='bbox 2184 3672 2348 3739; x_wconf 86' lang='lat' dir='ltr'><strong>Quid,</strong></span> <span class='ocrx_word' id='word_1_616' title='bbox 2386 3690 2591 3745; x_wconf 56' lang='lat' dir='ltr'><strong>quasso,</strong></span> <span class='ocrx_word' id='word_1_617' title='bbox 2623 3678 2687 3731; x_wconf 84' lang='lat' dir='ltr'><strong>ad</strong></span> <span class='ocrx_word' id='word_1_618' title='bbox 2719 3677 3103 3732; x_wconf 82' lang='lat' dir='ltr'><strong>declarandum</strong></span> <span class='ocrx_word' id='word_1_619' title='bbox 3149 3695 3332 3735; x_wconf 78' lang='lat' dir='ltr'><strong>veram</strong></span> <span class='ocrx_word' id='word_1_620' title='bbox 3393 3683 3511 3737; x_wconf 85' lang='lat' dir='ltr'><strong>Filii</strong></span> 
     </span>
    </p>
   </div>
   <div class='ocr_carea' id='block_1_83' title="bbox 1941 3763 3513 3843">
    <p class='ocr_par' dir='ltr' id='par_1_83' title="bbox 1941 3763 3513 3843">
     <span class='ocr_line' id='line_1_83' title="bbox 1941 3763 3513 3843; baseline 0.007 -26"><span class='ocrx_word' id='word_1_621' title='bbox 1941 3763 2300 3833; x_wconf 81' lang='lat' dir='ltr'><strong>divinitatem,</strong></span> <span class='ocrx_word' id='word_1_622' title='bbox 2327 3768 2411 3822; x_wconf 88' lang='lat' dir='ltr'><strong>his</strong></span> <span class='ocrx_word' id='word_1_623' title='bbox 2430 3768 2688 3823; x_wconf 86' lang='lat' dir='ltr'><strong>disertius</strong></span> <span class='ocrx_word' id='word_1_624' title='bbox 2720 3770 2823 3824; x_wconf 87' lang='lat' dir='ltr'><strong>dici</strong></span> <span class='ocrx_word' id='word_1_625' title='bbox 2860 3771 3069 3838; x_wconf 82' lang='lat' dir='ltr'><strong>potuit?</strong></span> <span class='ocrx_word' id='word_1_626' title='bbox 3092 3772 3227 3828; x_wconf 78' lang='lat' dir='ltr'><strong>Nan.</strong></span> <span class='ocrx_word' id='word_1_627' title='bbox 3255 3789 3513 3843; x_wconf 71' lang='lat' dir='ltr'><strong>expresse</strong></span> 
     </span>
    </p>
   </div>
   <div class='ocr_carea' id='block_1_84' title="bbox 1940 3855 3509 3927">
    <p class='ocr_par' dir='ltr' id='par_1_84' title="bbox 1940 3855 3509 3927">
     <span class='ocr_line' id='line_1_84' title="bbox 1940 3855 3509 3927; baseline 0.005 -17"><span class='ocrx_word' id='word_1_628' title='bbox 1940 3855 2028 3910; x_wconf 91' lang='lat' dir='ltr'><strong>hic</strong></span> <span class='ocrx_word' id='word_1_629' title='bbox 2089 3857 2250 3911; x_wconf 90' lang='lat' dir='ltr'><strong>tradit</strong></span> <span class='ocrx_word' id='word_1_630' title='bbox 2289 3857 2576 3927; x_wconf 84' lang='lat' dir='ltr'><strong>Origenes,</strong></span> <span class='ocrx_word' id='word_1_631' title='bbox 2609 3858 2804 3913; x_wconf 89' lang='lat' dir='ltr'><strong>Filium</strong></span> <span class='ocrx_word' id='word_1_632' title='bbox 2845 3877 2965 3915; x_wconf 90' lang='lat' dir='ltr'><strong>cum</strong></span> <span class='ocrx_word' id='word_1_633' title='bbox 2996 3861 3157 3916; x_wconf 81' lang='lat' dir='ltr'><strong>Patre</strong></span> <span class='ocrx_word' id='word_1_634' title='bbox 3181 3878 3300 3918; x_wconf 86' lang='lat' dir='ltr'><strong>esse</strong></span> <span class='ocrx_word' id='word_1_635' title='bbox 3322 3880 3509 3918; x_wconf 82' lang='lat' dir='ltr'><strong>verum</strong></span> 
     </span>
    </p>
   </div>
   <div class='ocr_carea' id='block_1_85' title="bbox 1942 3948 3518 4022">
    <p class='ocr_par' dir='ltr' id='par_1_85' title="bbox 1942 3948 3518 4022">
     <span class='ocr_line' id='line_1_85' title="bbox 1942 3948 3518 4022; baseline 0.005 -21"><span class='ocrx_word' id='word_1_636' title='bbox 1942 3948 2071 4002; x_wconf 92' lang='lat' dir='ltr'><strong>illud</strong></span> <span class='ocrx_word' id='word_1_637' title='bbox 2122 3949 2327 4017; x_wconf 90' lang='lat' dir='ltr'><strong>lumen,</strong></span> <span class='ocrx_word' id='word_1_638' title='bbox 2362 3952 2503 4019; x_wconf 87' lang='lat' dir='ltr'><strong>quod</strong></span> <span class='ocrx_word' id='word_1_639' title='bbox 2536 3951 2674 4006; x_wconf 89' lang='lat' dir='ltr'><strong>Deus</strong></span> <span class='ocrx_word' id='word_1_640' title='bbox 2706 3963 2821 4016; x_wconf 86' lang='lat' dir='ltr'><strong>est,</strong></span> <span class='ocrx_word' id='word_1_641' title='bbox 2851 3952 2938 4008; x_wconf 93' lang='lat' dir='ltr'><strong>cui</strong></span> <span class='ocrx_word' id='word_1_642' title='bbox 2968 3953 3159 4007; x_wconf 88' lang='lat' dir='ltr'><strong>collata</strong></span> <span class='ocrx_word' id='word_1_643' title='bbox 3200 3969 3377 4022; x_wconf 66' lang='lat' dir='ltr'><strong>parra:</strong></span> <span class='ocrx_word' id='word_1_644' title='bbox 3431 3955 3518 4008; x_wconf 88' lang='lat' dir='ltr'><strong>in-</strong></span> 
     </span>
    </p>
   </div>
   <div class='ocr_carea' id='block_1_86' title="bbox 1942 4040 3513 4116">
    <p class='ocr_par' dir='ltr' id='par_1_86' title="bbox 1942 4040 3513 4116">
     <span class='ocr_line' id='line_1_86' title="bbox 1942 4040 3513 4116; baseline 0.004 -21"><span class='ocrx_word' id='word_1_645' title='bbox 1942 4051 2058 4095; x_wconf 88' lang='lat' dir='ltr'><strong>star</strong></span> <span class='ocrx_word' id='word_1_646' title='bbox 2097 4040 2343 4096; x_wconf 74' lang='lat' dir='ltr'><strong>scintilla:</strong></span> <span class='ocrx_word' id='word_1_647' title='bbox 2378 4050 2461 4095; x_wconf 91' lang='lat' dir='ltr'><strong>est</strong></span> <span class='ocrx_word' id='word_1_648' title='bbox 2492 4042 2605 4112; x_wconf 90' lang='lat' dir='ltr'><strong>ipsa</strong></span> <span class='ocrx_word' id='word_1_649' title='bbox 2631 4044 2761 4099; x_wconf 90' lang='lat' dir='ltr'><strong>solis</strong></span> <span class='ocrx_word' id='word_1_650' title='bbox 2792 4044 2901 4098; x_wconf 86' lang='lat' dir='ltr'><strong>lux.</strong></span> <span class='ocrx_word' id='word_1_651' title='bbox 2930 4044 3029 4111; x_wconf 87' lang='lat' dir='ltr'><strong>Qui</strong></span> <span class='ocrx_word' id='word_1_652' title='bbox 3057 4057 3111 4099; x_wconf 89' lang='lat' dir='ltr'><strong>et</strong></span> <span class='ocrx_word' id='word_1_653' title='bbox 3138 4045 3272 4101; x_wconf 86' lang='lat' dir='ltr'><strong>Filio</strong></span> <span class='ocrx_word' id='word_1_654' title='bbox 3291 4047 3513 4116; x_wconf 89' lang='lat' dir='ltr'><strong>perinde</strong></span> 
     </span>
    </p>
   </div>
   <div class='ocr_carea' id='block_1_87' title="bbox 1943 4131 3507 4207">
    <p class='ocr_par' dir='ltr' id='par_1_87' title="bbox 1943 4131 3507 4207">
     <span class='ocr_line' id='line_1_87' title="bbox 1943 4131 3507 4207; baseline 0.002 -22"><span class='ocrx_word' id='word_1_655' title='bbox 1943 4147 2006 4185; x_wconf 86' lang='lat' dir='ltr'><strong>ac</strong></span> <span class='ocrx_word' id='word_1_656' title='bbox 2042 4131 2188 4185; x_wconf 86' lang='lat' dir='ltr'><strong>Patri</strong></span> <span class='ocrx_word' id='word_1_657' title='bbox 2229 4148 2489 4201; x_wconf 79' lang='lat' dir='ltr'><strong>expresse</strong></span> <span class='ocrx_word' id='word_1_658' title='bbox 2540 4134 2728 4187; x_wconf 88' lang='lat' dir='ltr'><strong>tribuit</strong></span> <span class='ocrx_word' id='word_1_659' title='bbox 2791 4135 3139 4190; x_wconf 82' lang='lat' dir='ltr'><strong>inenarrabili</strong></span> <span class='ocrx_word' id='word_1_660' title='bbox 3190 4138 3507 4207; x_wconf 72' lang='lat' dir='ltr'><strong>prmstantia</strong></span> 
     </span>
    </p>
   </div>
   <div class='ocr_carea' id='block_1_88' title="bbox 1939 4224 3511 4295">
    <p class='ocr_par' dir='ltr' id='par_1_88' title="bbox 1939 4224 3511 4295">
     <span class='ocr_line' id='line_1_88' title="bbox 1939 4224 3511 4295; baseline 0.005 -19"><span class='ocrx_word' id='word_1_661' title='bbox 1939 4224 2335 4294; x_wconf 80' lang='lat' dir='ltr'><strong>praecellentem</strong></span> <span class='ocrx_word' id='word_1_662' title='bbox 2373 4226 2706 4281; x_wconf 86' lang='lat' dir='ltr'><strong>divinitatem</strong></span> <span class='ocrx_word' id='word_1_663' title='bbox 2742 4266 2757 4290; x_wconf 97' lang='lat'><strong>,</strong></span> <span class='ocrx_word' id='word_1_664' title='bbox 2822 4241 2941 4295; x_wconf 72' lang='lat' dir='ltr'><strong>qua:</strong></span> <span class='ocrx_word' id='word_1_665' title='bbox 3006 4238 3282 4282; x_wconf 85' lang='lat' dir='ltr'><strong>creaturas</strong></span> <span class='ocrx_word' id='word_1_666' title='bbox 3321 4245 3511 4284; x_wconf 80' lang='lat' dir='ltr'><strong>omnes</strong></span> 
     </span>
    </p>
   </div>
   <div class='ocr_carea' id='block_1_89' title="bbox 1942 4317 3513 4387">
    <p class='ocr_par' dir='ltr' id='par_1_89' title="bbox 1942 4317 3513 4387">
     <span class='ocr_line' id='line_1_89' title="bbox 1942 4317 3513 4387; baseline 0 -18"><span class='ocrx_word' id='word_1_667' title='bbox 1942 4317 2264 4370; x_wconf 87' lang='lat' dir='ltr'><strong>immensum</strong></span> <span class='ocrx_word' id='word_1_668' title='bbox 2313 4328 2553 4387; x_wconf 87' lang='lat' dir='ltr'><strong>superat.</strong></span> <span class='ocrx_word' id='word_1_669' title='bbox 2584 4318 2809 4372; x_wconf 91' lang='lat' dir='ltr'><strong>Dcmum</strong></span> <span class='ocrx_word' id='word_1_670' title='bbox 2852 4319 2977 4372; x_wconf 89' lang='lat' dir='ltr'><strong>hinc</strong></span> <span class='ocrx_word' id='word_1_671' title='bbox 3005 4319 3197 4372; x_wconf 90' lang='lat' dir='ltr'><strong>iterum</strong></span> <span class='ocrx_word' id='word_1_672' title='bbox 3242 4318 3513 4373; x_wconf 87' lang='lat' dir='ltr'><strong>concludit.</strong></span> 
     </span>
    </p>
   </div>
   <div class='ocr_carea' id='block_1_90' title="bbox 1941 4408 3511 4479">
    <p class='ocr_par' dir='ltr' id='par_1_90' title="bbox 1941 4408 3511 4479">
     <span class='ocr_line' id='line_1_90' title="bbox 1941 4408 3511 4479; baseline 0.002 -18"><span class='ocrx_word' id='word_1_673' title='bbox 1941 4408 2106 4461; x_wconf 89' lang='lat' dir='ltr'><strong>Deum</strong></span> <span class='ocrx_word' id='word_1_674' title='bbox 2142 4409 2355 4464; x_wconf 88' lang='lat' dir='ltr'><strong>Patrem</strong></span> <span class='ocrx_word' id='word_1_675' title='bbox 2393 4410 2619 4479; x_wconf 87' lang='lat' dir='ltr'><strong>ejusque</strong></span> <span class='ocrx_word' id='word_1_676' title='bbox 2643 4410 2977 4478; x_wconf 86' lang='lat' dir='ltr'><strong>unigenitum</strong></span> <span class='ocrx_word' id='word_1_677' title='bbox 3034 4409 3251 4473; x_wconf 86' lang='lat' dir='ltr'><strong>Filium,</strong></span> <span class='ocrx_word' id='word_1_678' title='bbox 3314 4411 3511 4478; x_wconf 89' lang='lat' dir='ltr'><strong>spretis</strong></span> 
     </span>
    </p>
   </div>
   <div class='ocr_carea' id='block_1_91' title="bbox 1941 4501 3510 4570">
    <p class='ocr_par' dir='ltr' id='par_1_91' title="bbox 1941 4501 3510 4570">
     <span class='ocr_line' id='line_1_91' title="bbox 1941 4501 3510 4570; baseline 0.001 -17"><span class='ocrx_word' id='word_1_679' title='bbox 1941 4512 2200 4570; x_wconf 90' lang='lat' dir='ltr'><strong>quantum</strong></span> <span class='ocrx_word' id='word_1_680' title='bbox 2235 4503 2302 4555; x_wconf 93' lang='lat' dir='ltr'><strong>ad</strong></span> <span class='ocrx_word' id='word_1_681' title='bbox 2329 4502 2697 4556; x_wconf 90' lang='lat' dir='ltr'><strong>adorationem</strong></span> <span class='ocrx_word' id='word_1_682' title='bbox 2732 4502 2946 4568; x_wconf 90' lang='lat' dir='ltr'><strong>attinet,</strong></span> <span class='ocrx_word' id='word_1_683' title='bbox 2990 4501 3135 4565; x_wconf 89' lang='lat' dir='ltr'><strong>sole,</strong></span> <span class='ocrx_word' id='word_1_684' title='bbox 3169 4503 3314 4566; x_wconf 90' lang='lat' dir='ltr'><strong>luna,</strong></span> <span class='ocrx_word' id='word_1_685' title='bbox 3347 4513 3510 4555; x_wconf 64' lang='lat' dir='ltr'><strong>ca&#39;teo</strong></span> 
     </span>
    </p>
   </div>
   <div class='ocr_carea' id='block_1_92' title="bbox 266 4593 1836 4682">
    <p class='ocr_par' dir='ltr' id='par_1_92' title="bbox 266 4598 1834 4670">
     <span class='ocr_line' id='line_1_92' title="bbox 266 4598 1834 4670; baseline 0.003 -17"><span class='ocrx_word' id='word_1_686' title='bbox 266 4598 370 4653; x_wconf 91' lang='lat' dir='ltr'><strong>llic</strong></span> <span class='ocrx_word' id='word_1_687' title='bbox 396 4609 578 4667; x_wconf 89' lang='lat' dir='ltr'><strong>aperte</strong></span> <span class='ocrx_word' id='word_1_688' title='bbox 611 4600 737 4653; x_wconf 90' lang='lat' dir='ltr'><strong>dicit</strong></span> <span class='ocrx_word' id='word_1_689' title='bbox 771 4599 1034 4670; x_wconf 85' lang='lat' dir='ltr'><strong>Origenes</strong></span> <span class='ocrx_word' id='word_1_690' title='bbox 1091 4600 1423 4669; x_wconf 81' lang='lat' dir='ltr'><strong>Sapientiam</strong></span> <span class='ocrx_word' id='word_1_691' title='bbox 1478 4604 1590 4658; x_wconf 89' lang='lat' dir='ltr'><strong>sive</strong></span> <span class='ocrx_word' id='word_1_692' title='bbox 1638 4602 1834 4658; x_wconf 90' lang='lat' dir='ltr'><strong>Filium</strong></span> 
     </span>
    </p>
   </div>
   <div class='ocr_carea' id='block_1_93' title="bbox 1941 4593 3513 4682">
    <p class='ocr_par' dir='ltr' id='par_1_93' title="bbox 1946 4593 3513 4663">
     <span class='ocr_line' id='line_1_93' title="bbox 1946 4593 3513 4663; baseline 0.001 -16"><span class='ocrx_word' id='word_1_693' title='bbox 1946 4595 2131 4662; x_wconf 89' lang='lat' dir='ltr'><strong>risque</strong></span> <span class='ocrx_word' id='word_1_694' title='bbox 2155 4593 2275 4649; x_wconf 74' lang='lat' dir='ltr'><strong>cteli</strong></span> <span class='ocrx_word' id='word_1_695' title='bbox 2304 4593 2622 4657; x_wconf 90' lang='lat' dir='ltr'><strong>lutninihus,</strong></span> <span class='ocrx_word' id='word_1_696' title='bbox 2652 4593 2796 4649; x_wconf 88' lang='lat' dir='ltr'><strong>solos</strong></span> <span class='ocrx_word' id='word_1_697' title='bbox 2822 4594 3038 4663; x_wconf 81' lang='lat' dir='ltr'><strong>(netnpe</strong></span> <span class='ocrx_word' id='word_1_698' title='bbox 3067 4594 3121 4646; x_wconf 92' lang='lat' dir='ltr'><strong>in</strong></span> <span class='ocrx_word' id='word_1_699' title='bbox 3154 4595 3358 4647; x_wconf 86' lang='lat' dir='ltr'><strong>unitate</strong></span> <span class='ocrx_word' id='word_1_700' title='bbox 3389 4593 3513 4659; x_wconf 87' lang='lat' dir='ltr'><strong>Spi-</strong></span> 
     </span>
    </p>
   </div>
   <div class='ocr_carea' id='block_1_94' title="bbox 264 4689 1836 4759">
    <p class='ocr_par' dir='ltr' id='par_1_94' title="bbox 264 4689 1836 4759">
     <span class='ocr_line' id='line_1_94' title="bbox 264 4689 1836 4759; baseline 0.003 -15"><span class='ocrx_word' id='word_1_701' title='bbox 264 4689 363 4744; x_wconf 87' lang='lat' dir='ltr'><strong>Dei</strong></span> <span class='ocrx_word' id='word_1_702' title='bbox 385 4705 503 4744; x_wconf 89' lang='lat' dir='ltr'><strong>esse</strong></span> <span class='ocrx_word' id='word_1_703' title='bbox 531 4691 707 4743; x_wconf 90' lang='lat' dir='ltr'><strong>lucem</strong></span> <span class='ocrx_word' id='word_1_704' title='bbox 735 4690 879 4743; x_wconf 88' lang='lat' dir='ltr'><strong>illam</strong></span> <span class='ocrx_word' id='word_1_705' title='bbox 913 4707 1116 4755; x_wconf 77' lang='lat' dir='ltr'><strong>veram,</strong></span> <span class='ocrx_word' id='word_1_706' title='bbox 1160 4692 1334 4745; x_wconf 89' lang='lat' dir='ltr'><strong>lucem</strong></span> <span class='ocrx_word' id='word_1_707' title='bbox 1368 4693 1574 4759; x_wconf 88' lang='lat' dir='ltr'><strong>mundi,</strong></span> <span class='ocrx_word' id='word_1_708' title='bbox 1620 4704 1836 4750; x_wconf 63' lang='lat' dir='ltr'><strong>aeterna:</strong></span> 
     </span>
    </p>
   </div>
   <div class='ocr_carea' id='block_1_95' title="bbox 265 4777 1835 4851">
    <p class='ocr_par' dir='ltr' id='par_1_95' title="bbox 265 4777 1835 4851">
     <span class='ocr_line' id='line_1_95' title="bbox 265 4777 1835 4851; baseline 0.005 -21"><span class='ocrx_word' id='word_1_709' title='bbox 265 4777 403 4831; x_wconf 91' lang='lat' dir='ltr'><strong>lucis</strong></span> <span class='ocrx_word' id='word_1_710' title='bbox 440 4778 813 4847; x_wconf 90' lang='lat' dir='ltr'><strong>splendorem;</strong></span> <span class='ocrx_word' id='word_1_711' title='bbox 839 4794 996 4847; x_wconf 82' lang='lat' dir='ltr'><strong>quem</strong></span> <span class='ocrx_word' id='word_1_712' title='bbox 1028 4780 1362 4846; x_wconf 87' lang='lat' dir='ltr'><strong>Christiani,</strong></span> <span class='ocrx_word' id='word_1_713' title='bbox 1402 4782 1658 4851; x_wconf 88' lang='lat' dir='ltr'><strong>neglectis</strong></span> <span class='ocrx_word' id='word_1_714' title='bbox 1697 4784 1835 4849; x_wconf 90' lang='lat' dir='ltr'><strong>sole,</strong></span> 
     </span>
    </p>
   </div>
   <div class='ocr_carea' id='block_1_96' title="bbox 266 4868 1836 4942">
    <p class='ocr_par' dir='ltr' id='par_1_96' title="bbox 266 4868 1836 4942">
     <span class='ocr_line' id='line_1_96' title="bbox 266 4868 1836 4942; baseline 0.005 -21"><span class='ocrx_word' id='word_1_715' title='bbox 266 4868 418 4931; x_wconf 85' lang='lat' dir='ltr'><strong>luna,</strong></span> <span class='ocrx_word' id='word_1_716' title='bbox 452 4870 767 4937; x_wconf 70' lang='lat' dir='ltr'><strong>caeterisqne</strong></span> <span class='ocrx_word' id='word_1_717' title='bbox 805 4870 925 4923; x_wconf 65' lang='lat' dir='ltr'><strong>caeli</strong></span> <span class='ocrx_word' id='word_1_718' title='bbox 960 4871 1277 4935; x_wconf 84' lang='lat' dir='ltr'><strong>luminibus,</strong></span> <span class='ocrx_word' id='word_1_719' title='bbox 1311 4872 1430 4927; x_wconf 91' lang='lat' dir='ltr'><strong>ideo</strong></span> <span class='ocrx_word' id='word_1_720' title='bbox 1464 4874 1662 4937; x_wconf 89' lang='lat' dir='ltr'><strong>colant,</strong></span> <span class='ocrx_word' id='word_1_721' title='bbox 1694 4875 1836 4942; x_wconf 89' lang='lat' dir='ltr'><strong>quod</strong></span> 
     </span>
    </p>
   </div>
   <div class='ocr_carea' id='block_1_97' title="bbox 265 4960 1836 5033">
    <p class='ocr_par' dir='ltr' id='par_1_97' title="bbox 265 4960 1836 5033">
     <span class='ocr_line' id='line_1_97' title="bbox 265 4960 1836 5033; baseline 0.005 -21"><span class='ocrx_word' id='word_1_722' title='bbox 265 4960 442 5013; x_wconf 86' lang='lat' dir='ltr'><strong>edocti</strong></span> <span class='ocrx_word' id='word_1_723' title='bbox 477 4961 588 5012; x_wconf 82' lang='lat' dir='ltr'><strong>sint</strong></span> <span class='ocrx_word' id='word_1_724' title='bbox 624 4960 673 5014; x_wconf 92' lang='lat' dir='ltr'><strong>in</strong></span> <span class='ocrx_word' id='word_1_725' title='bbox 708 4962 855 5014; x_wconf 89' lang='lat' dir='ltr'><strong>cultu</strong></span> <span class='ocrx_word' id='word_1_726' title='bbox 887 4978 982 5015; x_wconf 84' lang='lat' dir='ltr'><strong>suo</strong></span> <span class='ocrx_word' id='word_1_727' title='bbox 1006 4978 1220 5017; x_wconf 89' lang='lat' dir='ltr'><strong>omnem</strong></span> <span class='ocrx_word' id='word_1_728' title='bbox 1244 4975 1550 5019; x_wconf 88' lang='lat' dir='ltr'><strong>creaturam</strong></span> <span class='ocrx_word' id='word_1_729' title='bbox 1572 4980 1836 5033; x_wconf 86' lang='lat' dir='ltr'><strong>generose</strong></span> 
     </span>
    </p>
   </div>
   <div class='ocr_carea' id='block_1_98' title="bbox 267 5049 1832 5123">
    <p class='ocr_par' dir='ltr' id='par_1_98' title="bbox 267 5049 1832 5123">
     <span class='ocr_line' id='line_1_98' title="bbox 267 5049 1832 5123; baseline 0.003 -19"><span class='ocrx_word' id='word_1_730' title='bbox 267 5049 674 5105; x_wconf 70' lang='lat' dir='ltr'><strong>u&#39;anscendere.</strong></span> <span class='ocrx_word' id='word_1_731' title='bbox 711 5050 857 5105; x_wconf 88' lang='lat' dir='ltr'><strong>Unde</strong></span> <span class='ocrx_word' id='word_1_732' title='bbox 889 5051 1383 5107; x_wconf 74' lang='lat' dir='ltr'><strong>manifestissimum</strong></span> <span class='ocrx_word' id='word_1_733' title='bbox 1417 5065 1499 5110; x_wconf 88' lang='lat' dir='ltr'><strong>est</strong></span> <span class='ocrx_word' id='word_1_734' title='bbox 1520 5056 1832 5123; x_wconf 89' lang='lat' dir='ltr'><strong>neutiquam</strong></span> 
     </span>
    </p>
   </div>
   <div class='ocr_carea' id='block_1_99' title="bbox 265 5144 1837 5214">
    <p class='ocr_par' dir='ltr' id='par_1_99' title="bbox 265 5144 1837 5214">
     <span class='ocr_line' id='line_1_99' title="bbox 265 5144 1837 5214; baseline 0.002 -17"><span class='ocrx_word' id='word_1_735' title='bbox 265 5160 388 5197; x_wconf 77' lang='lat' dir='ltr'><strong>cum</strong></span> <span class='ocrx_word' id='word_1_736' title='bbox 420 5144 546 5197; x_wconf 85' lang='lat' dir='ltr'><strong>Ario</strong></span> <span class='ocrx_word' id='word_1_737' title='bbox 577 5144 877 5197; x_wconf 83' lang='lat' dir='ltr'><strong>somniasse</strong></span> <span class='ocrx_word' id='word_1_738' title='bbox 905 5145 1221 5214; x_wconf 85' lang='lat' dir='ltr'><strong>Origenem,</strong></span> <span class='ocrx_word' id='word_1_739' title='bbox 1255 5145 1448 5199; x_wconf 89' lang='lat' dir='ltr'><strong>Filium</strong></span> <span class='ocrx_word' id='word_1_740' title='bbox 1480 5147 1569 5200; x_wconf 89' lang='lat' dir='ltr'><strong>Dei</strong></span> <span class='ocrx_word' id='word_1_741' title='bbox 1601 5146 1741 5200; x_wconf 88' lang='lat' dir='ltr'><strong>inter</strong></span> <span class='ocrx_word' id='word_1_742' title='bbox 1770 5146 1837 5200; x_wconf 80' lang='grc' dir='ltr'>τὰ</span> 
     </span>
    </p>
   </div>
   <div class='ocr_carea' id='block_1_100' title="bbox 264 5237 1836 5308">
    <p class='ocr_par' dir='ltr' id='par_1_100' title="bbox 264 5237 1836 5308">
     <span class='ocr_line' id='line_1_100' title="bbox 264 5237 1836 5308; baseline 0.003 -18"><span class='ocrx_word' id='word_1_743' title='bbox 264 5237 719 5308; x_wconf 80' lang='grc' dir='ltr'>δημιουργήματα</span> <span class='ocrx_word' id='word_1_744' title='bbox 754 5237 866 5291; x_wconf 82' lang='lat' dir='ltr'><strong>sive</strong></span> <span class='ocrx_word' id='word_1_745' title='bbox 918 5254 1003 5292; x_wconf 89' lang='lat' dir='ltr'><strong>res</strong></span> <span class='ocrx_word' id='word_1_746' title='bbox 1054 5248 1270 5292; x_wconf 84' lang='lat' dir='ltr'><strong>creatas</strong></span> <span class='ocrx_word' id='word_1_747' title='bbox 1320 5240 1645 5294; x_wconf 86' lang='lat' dir='ltr'><strong>censendum</strong></span> <span class='ocrx_word' id='word_1_748' title='bbox 1695 5256 1836 5294; x_wconf 90' lang='lat' dir='ltr'><strong>esse.</strong></span> 
     </span>
    </p>
   </div>
   <div class='ocr_carea' id='block_1_101' title="bbox 266 5330 1839 5399">
    <p class='ocr_par' dir='ltr' id='par_1_101' title="bbox 266 5330 1839 5399">
     <span class='ocr_line' id='line_1_101' title="bbox 266 5330 1839 5399; baseline 0 -14"><span class='ocrx_word' id='word_1_749' title='bbox 266 5331 402 5385; x_wconf 73' lang='lat' dir='ltr'><strong>Rem</strong></span> <span class='ocrx_word' id='word_1_750' title='bbox 437 5330 575 5383; x_wconf 91' lang='lat' dir='ltr'><strong>hanc</strong></span> <span class='ocrx_word' id='word_1_751' title='bbox 592 5330 776 5385; x_wconf 84' lang='lat' dir='ltr'><strong>adhuc</strong></span> <span class='ocrx_word' id='word_1_752' title='bbox 805 5330 1126 5384; x_wconf 91' lang='lat' dir='ltr'><strong>luculentins</strong></span> <span class='ocrx_word' id='word_1_753' title='bbox 1162 5332 1393 5399; x_wconf 79' lang='lat' dir='ltr'><strong>explicat</strong></span> <span class='ocrx_word' id='word_1_754' title='bbox 1415 5332 1571 5399; x_wconf 87' lang='lat' dir='ltr'><strong>paulo</strong></span> <span class='ocrx_word' id='word_1_755' title='bbox 1601 5341 1719 5399; x_wconf 91' lang='lat' dir='ltr'><strong>post</strong></span> <span class='ocrx_word' id='word_1_756' title='bbox 1756 5332 1839 5385; x_wconf 90' lang='lat' dir='ltr'><strong>his</strong></span> 
     </span>
    </p>
   </div>
   <div class='ocr_carea' id='block_1_102' title="bbox 263 5422 1833 5495">
    <p class='ocr_par' dir='ltr' id='par_1_102' title="bbox 263 5422 1833 5495">
     <span class='ocr_line' id='line_1_102' title="bbox 263 5422 1833 5495; baseline 0.001 -22"><span class='ocrx_word' id='word_1_757' title='bbox 263 5423 448 5477; x_wconf 72' lang='lat' dir='ltr'><strong>verbis</strong></span> <span class='ocrx_word' id='word_1_758' title='bbox 482 5438 628 5478; x_wconf 89' lang='lat' dir='ltr'><strong>num.</strong></span> <span class='ocrx_word' id='word_1_759' title='bbox 657 5424 742 5484; x_wconf 82' lang='lat' dir='ltr'><strong>II,</strong></span> <span class='ocrx_word' id='word_1_760' title='bbox 780 5440 831 5491; x_wconf 87' lang='lat' dir='ltr'><strong>p.</strong></span> <span class='ocrx_word' id='word_1_761' title='bbox 869 5422 971 5475; x_wconf 79' lang='grc'><strong>585</strong></span> <span class='ocrx_word' id='word_1_762' title='bbox 1006 5441 1016 5475; x_wconf 95' lang='lat'>:</span> <span class='ocrx_word' id='word_1_763' title='bbox 1046 5424 1152 5475; x_wconf 80' lang='grc' dir='ltr'>Καὶ</span> <span class='ocrx_word' id='word_1_764' title='bbox 1180 5423 1364 5495; x_wconf 81' lang='grc' dir='ltr'>ὥσπερ</span> <span class='ocrx_word' id='word_1_765' title='bbox 1393 5425 1461 5489; x_wconf 86' lang='grc' dir='ltr'>οἱ,</span> <span class='ocrx_word' id='word_1_766' title='bbox 1490 5423 1575 5475; x_wconf 73' lang='grc' dir='ltr'><strong>διὰ</strong></span> <span class='ocrx_word' id='word_1_767' title='bbox 1613 5424 1672 5475; x_wconf 83' lang='grc' dir='ltr'><strong>τὸ</strong></span> <span class='ocrx_word' id='word_1_768' title='bbox 1720 5422 1833 5490; x_wconf 81' lang='grc' dir='ltr'><strong>φῶς</strong></span> 
     </span>
    </p>
   </div>
   <div class='ocr_carea' id='block_1_103' title="bbox 263 5511 1827 5586">
    <p class='ocr_par' dir='ltr' id='par_1_103' title="bbox 263 5511 1827 5586">
     <span class='ocr_line' id='line_1_103' title="bbox 263 5511 1827 5586; baseline -0.003 -18"><span class='ocrx_word' id='word_1_769' title='bbox 263 5514 522 5585; x_wconf 80' lang='grc' dir='ltr'>αἰσθητὸν</span> <span class='ocrx_word' id='word_1_770' title='bbox 572 5515 666 5569; x_wconf 69' lang='grc' dir='ltr'><strong>καὶ</strong></span> <span class='ocrx_word' id='word_1_771' title='bbox 721 5515 967 5586; x_wconf 79' lang='grc' dir='ltr'>οὐράνιον</span> <span class='ocrx_word' id='word_1_772' title='bbox 1007 5511 1167 5579; x_wconf 79' lang='grc' dir='ltr'>εἶναι,</span> <span class='ocrx_word' id='word_1_773' title='bbox 1212 5515 1638 5583; x_wconf 82' lang='grc' dir='ltr'>προσκυνοῦντες</span> <span class='ocrx_word' id='word_1_774' title='bbox 1658 5515 1827 5584; x_wconf 70' lang='grc' dir='ltr'>ἥλιον,</span> 
     </span>
    </p>
   </div>
   <div class='ocr_carea' id='block_1_104' title="bbox 265 5604 1833 5675">
    <p class='ocr_par' dir='ltr' id='par_1_104' title="bbox 265 5604 1833 5675">
     <span class='ocr_line' id='line_1_104' title="bbox 265 5604 1833 5675; baseline -0.003 -18"><span class='ocrx_word' id='word_1_775' title='bbox 265 5605 361 5657; x_wconf 74' lang='grc' dir='ltr'>καὶ</span> <span class='ocrx_word' id='word_1_776' title='bbox 390 5604 637 5675; x_wconf 77' lang='grc' dir='ltr'>σελήνην,</span> <span class='ocrx_word' id='word_1_777' title='bbox 668 5606 762 5657; x_wconf 76' lang='grc' dir='ltr'><strong>καὶ</strong></span> <span class='ocrx_word' id='word_1_778' title='bbox 788 5605 979 5675; x_wconf 78' lang='grc' dir='ltr'>ἄστρα,</span> <span class='ocrx_word' id='word_1_779' title='bbox 1010 5605 1107 5657; x_wconf 76' lang='grc' dir='ltr'><strong>οὐκ</strong></span> <span class='ocrx_word' id='word_1_780' title='bbox 1136 5606 1199 5657; x_wconf 87' lang='grc' dir='ltr'>ἂν</span> <span class='ocrx_word' id='word_1_781' title='bbox 1226 5606 1656 5675; x_wconf 76' lang='grc' dir='ltr'>προσκυνήσαιεν</span> <span class='ocrx_word' id='word_1_782' title='bbox 1690 5621 1833 5655; x_wconf 78' lang='grc' dir='ltr'>σπιν-</span> 
     </span>
    </p>
   </div>
   <div class='ocr_carea' id='block_1_105' title="bbox 266 5694 1836 5770">
    <p class='ocr_par' dir='ltr' id='par_1_105' title="bbox 266 5694 1836 5770">
     <span class='ocr_line' id='line_1_105' title="bbox 266 5694 1836 5770; baseline 0 -21"><span class='ocrx_word' id='word_1_783' title='bbox 266 5694 411 5767; x_wconf 82' lang='grc' dir='ltr'>θῆρα</span> <span class='ocrx_word' id='word_1_784' title='bbox 440 5696 681 5768; x_wconf 81' lang='grc' dir='ltr'>πυρὸς,ῆ</span> <span class='ocrx_word' id='word_1_785' title='bbox 709 5696 895 5766; x_wconf 81' lang='grc' dir='ltr'>λύχνον</span> <span class='ocrx_word' id='word_1_786' title='bbox 928 5698 1019 5748; x_wconf 78' lang='grc' dir='ltr'>ἐπὶ</span> <span class='ocrx_word' id='word_1_787' title='bbox 1048 5699 1420 5769; x_wconf 77' lang='grc' dir='ltr'>γῆς,ὁρῶντες</span> <span class='ocrx_word' id='word_1_788' title='bbox 1450 5698 1545 5767; x_wconf 81' lang='grc' dir='ltr'><strong>τὴν</strong></span> <span class='ocrx_word' id='word_1_789' title='bbox 1576 5698 1836 5770; x_wconf 71' lang='grc' dir='ltr'>ἀσύγκρι-</span> 
     </span>
    </p>
   </div>
   <div class='ocr_carea' id='block_1_106' title="bbox 343 5895 1275 5965">
    <p class='ocr_par' dir='ltr' id='par_1_106' title="bbox 343 5895 1275 5965">
     <span class='ocr_line' id='line_1_106' title="bbox 343 5895 1275 5965; baseline 0.004 -14"><span class='ocrx_word' id='word_1_790' title='bbox 343 5895 387 5926; x_wconf 83' lang='grc'><strong>³¹</strong></span> <span class='ocrx_word' id='word_1_791' title='bbox 417 5896 569 5953; x_wconf 83' lang='lat' dir='ltr'><strong>Joan.</strong></span> <span class='ocrx_word' id='word_1_792' title='bbox 608 5916 644 5965; x_wconf 90' lang='lat' dir='ltr'><strong>I,</strong></span> <span class='ocrx_word' id='word_1_793' title='bbox 669 5900 719 5954; x_wconf 87' lang='lat'><strong>9.</strong></span> <span class='ocrx_word' id='word_1_794' title='bbox 784 5901 829 5931; x_wconf 73' lang='grc' dir='ltr'><strong>δ’</strong></span> <span class='ocrx_word' id='word_1_795' title='bbox 854 5898 1005 5955; x_wconf 84' lang='lat' dir='ltr'><strong>Joan.</strong></span> <span class='ocrx_word' id='word_1_796' title='bbox 1039 5915 1152 5964; x_wconf 70' lang='lat' dir='ltr'><strong>VIII,</strong></span> <span class='ocrx_word' id='word_1_797' title='bbox 1188 5899 1275 5955; x_wconf 69' lang='lat'><strong>12.</strong></span> 
     </span>
    </p>
   </div>
   <div class='ocr_carea' id='block_1_107' title="bbox 1946 4684 3509 4759">
    <p class='ocr_par' dir='ltr' id='par_1_107' title="bbox 1946 4684 3509 4759">
     <span class='ocr_line' id='line_1_107' title="bbox 1946 4684 3509 4759; baseline 0.002 -20"><span class='ocrx_word' id='word_1_798' title='bbox 1946 4687 2083 4739; x_wconf 89' lang='lat' dir='ltr'><strong>ritus</strong></span> <span class='ocrx_word' id='word_1_799' title='bbox 2104 4686 2304 4751; x_wconf 86' lang='lat' dir='ltr'><strong>sancti,</strong></span> <span class='ocrx_word' id='word_1_800' title='bbox 2330 4688 2472 4755; x_wconf 89' lang='lat' dir='ltr'><strong>quod</strong></span> <span class='ocrx_word' id='word_1_801' title='bbox 2510 4686 2623 4754; x_wconf 89' lang='lat' dir='ltr'><strong>ipse</strong></span> <span class='ocrx_word' id='word_1_802' title='bbox 2652 4684 2912 4755; x_wconf 83' lang='lat' dir='ltr'><strong>Origenes</strong></span> <span class='ocrx_word' id='word_1_803' title='bbox 2944 4686 3070 4740; x_wconf 88' lang='lat' dir='ltr'><strong>alibi</strong></span> <span class='ocrx_word' id='word_1_804' title='bbox 3105 4688 3369 4759; x_wconf 83' lang='lat' dir='ltr'><strong>agnoscit)</strong></span> <span class='ocrx_word' id='word_1_805' title='bbox 3425 4690 3509 4743; x_wconf 90' lang='lat' dir='ltr'><strong>di-</strong></span> 
     </span>
    </p>
   </div>
   <div class='ocr_carea' id='block_1_108' title="bbox 1944 4777 3507 4849">
    <p class='ocr_par' dir='ltr' id='par_1_108' title="bbox 1944 4777 3507 4849">
     <span class='ocr_line' id='line_1_108' title="bbox 1944 4777 3507 4849; baseline 0.004 -21"><span class='ocrx_word' id='word_1_806' title='bbox 1944 4779 2071 4832; x_wconf 77' lang='lat' dir='ltr'><strong>vino</strong></span> <span class='ocrx_word' id='word_1_807' title='bbox 2098 4777 2239 4832; x_wconf 90' lang='lat' dir='ltr'><strong>cultu</strong></span> <span class='ocrx_word' id='word_1_808' title='bbox 2268 4777 2612 4832; x_wconf 86' lang='lat' dir='ltr'><strong>honorandos</strong></span> <span class='ocrx_word' id='word_1_809' title='bbox 2640 4793 2781 4832; x_wconf 91' lang='lat' dir='ltr'><strong>esse.</strong></span> <span class='ocrx_word' id='word_1_810' title='bbox 2816 4778 3015 4833; x_wconf 80' lang='lat' dir='ltr'><strong>Ibidem</strong></span> <span class='ocrx_word' id='word_1_811' title='bbox 3042 4819 3058 4844; x_wconf 96' lang='lat'><strong>,</strong></span> <span class='ocrx_word' id='word_1_812' title='bbox 3105 4779 3294 4849; x_wconf 89' lang='lat' dir='ltr'><strong>paucis</strong></span> <span class='ocrx_word' id='word_1_813' title='bbox 3336 4780 3507 4834; x_wconf 86' lang='lat' dir='ltr'><strong>inter-</strong></span> 
     </span>
    </p>
   </div>
   <div class='ocr_carea' id='block_1_109' title="bbox 1938 4867 3511 4939">
    <p class='ocr_par' dir='ltr' id='par_1_109' title="bbox 1938 4867 3511 4939">
     <span class='ocr_line' id='line_1_109' title="bbox 1938 4867 3511 4939; baseline 0 -16"><span class='ocrx_word' id='word_1_814' title='bbox 1938 4871 2118 4939; x_wconf 84' lang='lat' dir='ltr'><strong>jeetis,</strong></span> <span class='ocrx_word' id='word_1_815' title='bbox 2143 4870 2215 4923; x_wconf 89' lang='lat' dir='ltr'><strong>ait</strong></span> <span class='ocrx_word' id='word_1_816' title='bbox 2243 4883 2387 4922; x_wconf 91' lang='lat' dir='ltr'><strong>num.</strong></span> <span class='ocrx_word' id='word_1_817' title='bbox 2413 4868 2501 4933; x_wconf 73' lang='grc'><strong>12,</strong></span> <span class='ocrx_word' id='word_1_818' title='bbox 2538 4867 2741 4938; x_wconf 83' lang='lat' dir='ltr'><strong>p.586,</strong></span> <span class='ocrx_word' id='word_1_819' title='bbox 2774 4870 2937 4921; x_wconf 83' lang='lat' dir='ltr'><strong>Deum</strong></span> <span class='ocrx_word' id='word_1_820' title='bbox 2978 4868 3188 4923; x_wconf 84' lang='lat' dir='ltr'><strong>Patrem</strong></span> <span class='ocrx_word' id='word_1_821' title='bbox 3221 4886 3325 4923; x_wconf 90' lang='lat' dir='ltr'><strong>non</strong></span> <span class='ocrx_word' id='word_1_822' title='bbox 3361 4887 3511 4923; x_wconf 84' lang='grc' dir='ltr'>τοπι-</span> 
     </span>
    </p>
   </div>
   <div class='ocr_carea' id='block_1_110' title="bbox 1942 4959 3510 5030">
    <p class='ocr_par' dir='ltr' id='par_1_110' title="bbox 1942 4959 3510 5030">
     <span class='ocr_line' id='line_1_110' title="bbox 1942 4959 3510 5030; baseline 0.001 -16"><span class='ocrx_word' id='word_1_823' title='bbox 1942 4960 2054 5024; x_wconf 81' lang='grc' dir='ltr'>κῶς</span> <span class='ocrx_word' id='word_1_824' title='bbox 2093 4959 2348 5023; x_wconf 79' lang='lat' dir='ltr'><strong>localiter,</strong></span> <span class='ocrx_word' id='word_1_825' title='bbox 2385 4969 2571 5029; x_wconf 88' lang='lat' dir='ltr'><strong>utpote</strong></span> <span class='ocrx_word' id='word_1_826' title='bbox 2597 4960 2951 5025; x_wconf 90' lang='lat' dir='ltr'><strong>immensum,</strong></span> <span class='ocrx_word' id='word_1_827' title='bbox 2981 4975 3156 5030; x_wconf 89' lang='lat' dir='ltr'><strong>neque</strong></span> <span class='ocrx_word' id='word_1_828' title='bbox 3184 4959 3300 5015; x_wconf 90' lang='lat' dir='ltr'><strong>loco</strong></span> <span class='ocrx_word' id='word_1_829' title='bbox 3338 4962 3510 5015; x_wconf 83' lang='lat' dir='ltr'><strong>inclu-</strong></span> 
     </span>
    </p>
   </div>
   <div class='ocr_carea' id='block_1_111' title="bbox 1940 5049 3505 5122">
    <p class='ocr_par' dir='ltr' id='par_1_111' title="bbox 1940 5049 3505 5122">
     <span class='ocr_line' id='line_1_111' title="bbox 1940 5049 3505 5122; baseline 0 -16"><span class='ocrx_word' id='word_1_830' title='bbox 1940 5068 2082 5116; x_wconf 90' lang='lat' dir='ltr'><strong>sum,</strong></span> <span class='ocrx_word' id='word_1_831' title='bbox 2114 5052 2208 5106; x_wconf 89' lang='lat' dir='ltr'><strong>sed</strong></span> <span class='ocrx_word' id='word_1_832' title='bbox 2240 5049 2613 5122; x_wconf 84' lang='grc' dir='ltr'>προνοητικῶς</span> <span class='ocrx_word' id='word_1_833' title='bbox 2641 5067 2734 5118; x_wconf 85' lang='lat' dir='ltr'><strong>per</strong></span> <span class='ocrx_word' id='word_1_834' title='bbox 2773 5052 3150 5120; x_wconf 80' lang='lat' dir='ltr'><strong>providentiam</strong></span> <span class='ocrx_word' id='word_1_835' title='bbox 3174 5053 3505 5108; x_wconf 89' lang='lat' dir='ltr'><strong>condescen--</strong></span> 
     </span>
    </p>
   </div>
   <div class='ocr_carea' id='block_1_112' title="bbox 1938 5139 3507 5211">
    <p class='ocr_par' dir='ltr' id='par_1_112' title="bbox 1938 5139 3507 5211">
     <span class='ocr_line' id='line_1_112' title="bbox 1938 5139 3507 5211; baseline 0.001 -14"><span class='ocrx_word' id='word_1_836' title='bbox 1938 5145 2067 5197; x_wconf 84' lang='lat' dir='ltr'><strong>dere</strong></span> <span class='ocrx_word' id='word_1_837' title='bbox 2104 5142 2410 5196; x_wconf 90' lang='lat' dir='ltr'><strong>hominibus</strong></span> <span class='ocrx_word' id='word_1_838' title='bbox 2439 5157 2537 5211; x_wconf 91' lang='lat' dir='ltr'><strong>pro</strong></span> <span class='ocrx_word' id='word_1_839' title='bbox 2572 5157 2668 5195; x_wconf 86' lang='lat' dir='ltr'><strong>sua</strong></span> <span class='ocrx_word' id='word_1_840' title='bbox 2702 5141 2977 5196; x_wconf 88' lang='lat' dir='ltr'><strong>bonitate:</strong></span> <span class='ocrx_word' id='word_1_841' title='bbox 3012 5139 3208 5195; x_wconf 90' lang='lat' dir='ltr'><strong>Filium</strong></span> <span class='ocrx_word' id='word_1_842' title='bbox 3252 5156 3380 5198; x_wconf 84' lang='lat' dir='ltr'><strong>vero</strong></span> <span class='ocrx_word' id='word_1_843' title='bbox 3414 5144 3507 5198; x_wconf 57' lang='lat' dir='ltr'><strong>Dori</strong></span> 
     </span>
    </p>
   </div>
   <div class='ocr_carea' id='block_1_113' title="bbox 1937 5233 3507 5303">
    <p class='ocr_par' dir='ltr' id='par_1_113' title="bbox 1937 5233 3507 5303">
     <span class='ocr_line' id='line_1_113' title="bbox 1937 5233 3507 5303; baseline -0.001 -15"><span class='ocrx_word' id='word_1_844' title='bbox 1937 5252 2043 5289; x_wconf 87' lang='lat' dir='ltr'><strong>non</strong></span> <span class='ocrx_word' id='word_1_845' title='bbox 2094 5234 2265 5288; x_wconf 89' lang='lat' dir='ltr'><strong>solum</strong></span> <span class='ocrx_word' id='word_1_846' title='bbox 2301 5242 2427 5286; x_wconf 90' lang='lat' dir='ltr'><strong>tunc</strong></span> <span class='ocrx_word' id='word_1_847' title='bbox 2456 5248 2577 5286; x_wconf 92' lang='lat' dir='ltr'><strong>cum</strong></span> <span class='ocrx_word' id='word_1_848' title='bbox 2611 5234 2752 5286; x_wconf 92' lang='lat' dir='ltr'><strong>inter</strong></span> <span class='ocrx_word' id='word_1_849' title='bbox 2790 5233 3035 5287; x_wconf 85' lang='lat' dir='ltr'><strong>homines</strong></span> <span class='ocrx_word' id='word_1_850' title='bbox 3059 5233 3299 5303; x_wconf 88' lang='lat' dir='ltr'><strong>degeret,</strong></span> <span class='ocrx_word' id='word_1_851' title='bbox 3326 5236 3420 5289; x_wconf 90' lang='lat' dir='ltr'><strong>sed</strong></span> <span class='ocrx_word' id='word_1_852' title='bbox 3451 5244 3507 5288; x_wconf 83' lang='lat' dir='ltr'><strong>et</strong></span> 
     </span>
    </p>
   </div>
   <div class='ocr_carea' id='block_1_114' title="bbox 1937 5324 3509 5396">
    <p class='ocr_par' dir='ltr' id='par_1_114' title="bbox 1937 5324 3509 5396">
     <span class='ocr_line' id='line_1_114' title="bbox 1937 5324 3509 5396; baseline 0.003 -19"><span class='ocrx_word' id='word_1_853' title='bbox 1937 5338 2147 5392; x_wconf 81' lang='lat' dir='ltr'><strong>semper</strong></span> <span class='ocrx_word' id='word_1_854' title='bbox 2192 5324 2307 5377; x_wconf 91' lang='lat' dir='ltr'><strong>suis</strong></span> <span class='ocrx_word' id='word_1_855' title='bbox 2335 5326 2521 5378; x_wconf 89' lang='lat' dir='ltr'><strong>adesse</strong></span> <span class='ocrx_word' id='word_1_856' title='bbox 2564 5324 2879 5394; x_wconf 84' lang='lat' dir='ltr'><strong>discipulis;</strong></span> <span class='ocrx_word' id='word_1_857' title='bbox 2941 5334 2995 5377; x_wconf 94' lang='lat' dir='ltr'><strong>et</strong></span> <span class='ocrx_word' id='word_1_858' title='bbox 3046 5341 3378 5396; x_wconf 89' lang='lat' dir='ltr'><strong>quanquam,</strong></span> <span class='ocrx_word' id='word_1_859' title='bbox 3440 5343 3509 5381; x_wconf 82' lang='lat' dir='ltr'><strong>ex</strong></span> 
     </span>
    </p>
   </div>
   <div class='ocr_carea' id='block_1_115' title="bbox 1940 5416 3505 5485">
    <p class='ocr_par' dir='ltr' id='par_1_115' title="bbox 1940 5416 3505 5485">
     <span class='ocr_line' id='line_1_115' title="bbox 1940 5416 3505 5485; baseline 0.003 -17"><span class='ocrx_word' id='word_1_860' title='bbox 1940 5416 2146 5468; x_wconf 86' lang='lat' dir='ltr'><strong>inﬁnita</strong></span> <span class='ocrx_word' id='word_1_861' title='bbox 2183 5430 2307 5484; x_wconf 86' lang='lat' dir='ltr'><strong>erga</strong></span> <span class='ocrx_word' id='word_1_862' title='bbox 2364 5416 2655 5469; x_wconf 86' lang='lat' dir='ltr'><strong>humanum</strong></span> <span class='ocrx_word' id='word_1_863' title='bbox 2695 5432 2862 5485; x_wconf 84' lang='lat' dir='ltr'><strong>genus</strong></span> <span class='ocrx_word' id='word_1_864' title='bbox 2917 5418 3202 5482; x_wconf 87' lang='lat' dir='ltr'><strong>charitate,</strong></span> <span class='ocrx_word' id='word_1_865' title='bbox 3248 5418 3505 5484; x_wconf 82' lang='lat' dir='ltr'><strong>dignatus</strong></span> 
     </span>
    </p>
   </div>
   <div class='ocr_carea' id='block_1_116' title="bbox 1945 5506 3507 5579">
    <p class='ocr_par' dir='ltr' id='par_1_116' title="bbox 1945 5506 3507 5579">
     <span class='ocr_line' id='line_1_116' title="bbox 1945 5506 3507 5579; baseline 0.002 -19"><span class='ocrx_word' id='word_1_866' title='bbox 1945 5517 2029 5560; x_wconf 83' lang='lat' dir='ltr'><strong>est</strong></span> <span class='ocrx_word' id='word_1_867' title='bbox 2063 5508 2223 5560; x_wconf 87' lang='lat' dir='ltr'><strong>etiam</strong></span> <span class='ocrx_word' id='word_1_868' title='bbox 2260 5506 2499 5568; x_wconf 79' lang='grc' dir='ltr'>τοπικῶς</span> <span class='ocrx_word' id='word_1_869' title='bbox 2560 5508 2837 5561; x_wconf 83' lang='lat' dir='ltr'><strong>nobiscum</strong></span> <span class='ocrx_word' id='word_1_870' title='bbox 2888 5509 2940 5561; x_wconf 93' lang='lat' dir='ltr'><strong>in</strong></span> <span class='ocrx_word' id='word_1_871' title='bbox 2993 5521 3266 5579; x_wconf 90' lang='lat' dir='ltr'><strong>assumpta</strong></span> <span class='ocrx_word' id='word_1_872' title='bbox 3316 5518 3507 5563; x_wconf 87' lang='lat' dir='ltr'><strong>natura</strong></span> 
     </span>
    </p>
   </div>
   <div class='ocr_carea' id='block_1_117' title="bbox 1944 5602 3508 5675">
    <p class='ocr_par' dir='ltr' id='par_1_117' title="bbox 1944 5602 3508 5675">
     <span class='ocr_line' id='line_1_117' title="bbox 1944 5602 3508 5675; baseline 0.003 -21"><span class='ocrx_word' id='word_1_873' title='bbox 1944 5603 2173 5655; x_wconf 86' lang='lat' dir='ltr'><strong>humana</strong></span> <span class='ocrx_word' id='word_1_874' title='bbox 2212 5604 2453 5668; x_wconf 88' lang='lat' dir='ltr'><strong>versari;</strong></span> <span class='ocrx_word' id='word_1_875' title='bbox 2490 5612 2668 5657; x_wconf 90' lang='lat' dir='ltr'><strong>tamen</strong></span> <span class='ocrx_word' id='word_1_876' title='bbox 2717 5604 2939 5656; x_wconf 90' lang='lat' dir='ltr'><strong>omnino</strong></span> <span class='ocrx_word' id='word_1_877' title='bbox 2995 5602 3273 5675; x_wconf 85' lang='grc' dir='ltr'>πανταχοῦ</span> <span class='ocrx_word' id='word_1_878' title='bbox 3319 5604 3508 5673; x_wconf 75' lang='lat' dir='ltr'><strong>ubique</strong></span> 
     </span>
    </p>
   </div>
   <div class='ocr_carea' id='block_1_118' title="bbox 1942 5695 3507 5769">
    <p class='ocr_par' dir='ltr' id='par_1_118' title="bbox 1942 5695 3507 5769">
     <span class='ocr_line' id='line_1_118' title="bbox 1942 5695 3507 5769; baseline 0.002 -21"><span class='ocrx_word' id='word_1_879' title='bbox 1942 5704 2259 5763; x_wconf 81' lang='lat' dir='ltr'><strong>praesentem</strong></span> <span class='ocrx_word' id='word_1_880' title='bbox 2319 5710 2457 5750; x_wconf 87' lang='lat' dir='ltr'><strong>esse.</strong></span> <span class='ocrx_word' id='word_1_881' title='bbox 2507 5696 2710 5761; x_wconf 80' lang='lat' dir='ltr'><strong>Quibus</strong></span> <span class='ocrx_word' id='word_1_882' title='bbox 2742 5695 2951 5764; x_wconf 85' lang='lat' dir='ltr'><strong>positis,</strong></span> <span class='ocrx_word' id='word_1_883' title='bbox 2990 5696 3183 5752; x_wconf 91' lang='lat' dir='ltr'><strong>deinde</strong></span> <span class='ocrx_word' id='word_1_884' title='bbox 3207 5712 3333 5769; x_wconf 88' lang='lat' dir='ltr'><strong>_pro</strong></span> <span class='ocrx_word' id='word_1_885' title='bbox 3363 5697 3507 5753; x_wconf 92' lang='lat' dir='ltr'><strong>cultu</strong></span> 
     </span>
    </p>
   </div>
  </div>
