4068 6312
627 391 765 445 129ῖί

2063 389 2426 444 EXCEliPTU
2440 389 2488 443 Μ
3691 391 3798 446 ii‘ll‘i

629 507 798 561 solius
855 507 948 562 Dei
1011 505 1188 562 Patris
1244 507 1466 578 ejusque
1520 507 1778 578 unigeniti
1833 505 1975 571 Filii,
2010 516 2194 563 contra
2229 522 2272 570 Α
2302 508 2455 568 Θεόν,
2487 507 2698 562 nescire
2731 520 2834 560 non
2870 513 3082 575 poterat
3125 504 3376 568 Sandius,
3421 503 3711 561 luculentam
3740 529 3803 564 re-

628 597 996 652 adorationem
1035 597 1295 651 luminum
1336 597 1636 652 caelestium
1663 637 1679 660 ,
1717 597 1787 650 ita
1847 597 2205 652 ratiocinatur

631 689 860 743 ibidem:
885 688 1112 741 Ἄτοπον
1133 688 1189 741 δέ
1212 689 1348 753 ἐστι,
1391 688 1484 742 τοῦ
1514 686 1897 759 πληρώσαντος
1926 689 2018 740 τὸν
2046 689 2206 760 οὐρα-

629 780 738 842 νὸν,
773 781 865 832 καὶ
878 779 974 851 τὴν
1000 780 1124 851 γῆν,
1148 780 1242 834 καὶ
1257 780 1519 843 εἰπόντος,
1541 779 1686 849 Οὐχὶ
1705 779 1810 832 τὸν
1831 779 2089 848 οτῖιοανὸν
2108 779 2204 832 καὶ

630 871 745 937 τὴν
764 869 880 939 γῆν
903 869 1018 940 ἐγὼ
1034 870 1241 940 πληρῶ
1256 887 1275 936 ;
1288 870 1450 941 λέγει
1467 871 1702 940 Κύρίος,
1722 871 1870 935 ὄντος
1889 870 2008 940 μεθ’
2029 870 2204 942 ἡμῶν,

631 963 725 1014 καὶ
766 962 991 1032 πλησίον
1031 964 1162 1034 ἡμῖν
1214 964 1569 1034 τυγχάνοντος
1619 961 1879 1033 (πιστεύω
1910 962 2018 1033 γὰρ
2062 960 2208 1032 αὐτῷ

633 1051 866 1120 λέγοντι,
891 1053 1033 1119 Θεὸς
1057 1049 1297 1122 ἐγγίζων
1317 1050 1432 1122 ἐγώ
1448 1054 1584 1120 εὶμι,
1610 1051 1709 1104 καὶ
1737 1052 1806 1104 οὐ
1829 1049 1974 1114 Θεὸς
1991 1048 2209 1117 πόρῤω-

633 1147 758 1208 θεν,
789 1143 952 1212 λέγει
980 1143 1234 1213 Κύριος),
1267 1142 1448 1215 ζητεῖν
1479 1141 1731 1212 εὔχεσθαι
1751 1141 1827 1211 τῷ
1853 1140 1926 1211 μὴ
1953 1138 2208 1208 φθάνοντι

631 1236 726 1288 ἐπὶ
770 1235 838 1289 τὰ
880 1235 1171 1306 σύμπαντα
1220 1233 1435 1306 ἡλίῳ,ἢ
1478 1233 1880 1306 σελήνῃ,ήτινι
1906 1231 2014 1285 τῶν
2049 1230 2210 1284 ἀστέ-

636 1345 767 1399 ρων,
800 1327 850 1382 id
877 1337 980 1396 est,
1021 1345 1040 1379 ι
1073 1327 1382 1381 Absurdum
1428 1337 1606 1380 autem
1637 1333 1812 1390 esset,
1847 1339 1969 1378 cum
2007 1323 2075 1390 is,
2117 1322 2208 1391 qui

633 1420 831 1474 cmlum
877 1428 931 1473 et
960 1428 1156 1474 terram
1194 1420 1380 1488 implet
1416 1458 1431 1484 ,
1459 1417 1669 1480 dicens,
1701 1415 1893 1470 Nonne
1937 1415 2122 1469 coelum
2160 1422 2209 1468 et

633 1519 828 1566 terram
861 1508 1154 1581 egoimplco
1175 1511 1200 1563 7
1235 1511 1307 1563 ait
1337 1509 1685 1572 Dominus”;
1721 1507 1874 1562 nobis
1918 1516 2115 1577 praesto
2138 1505 2208 1560 sit

634 1609 690 1654 et
723 1599 774 1652 in
805 1599 1048 1668 proximo
1103 1598 1395 1667 (credimus
1450 1599 1593 1652 enim
1656 1596 1893 1661 dicenti,
1945 1595 2084 1649 Deus
2118 1612 2211 1663 ap-

632 1677 990 1763 propinquans
1019 1709 1110 1764 ego
1140 1709 1282 1758 sum,
1306 1709 1409 1746 non
1452 1691 1589 1747 Deus
1629 1692 1974 1762 longinquus,
2009 1693 2086 1744 ait
2107 1689 2213 1743 Do-

640 1788 816 1840 minus
858 1785 928 1858 ⁵⁸)
974 1799 1236 1854 qurercre,
1297 1785 1383 1840 cui
1428 1793 1552 1838 vota
1610 1783 1801 1850 facias,
1837 1797 1942 1838 non
1996 1795 2211 1849 semper

2309 601 2649 670 sponsionem
2700 597 2998 652 reddidisse
3025 595 3112 650 Cl.
3153 595 3396 650 Huetium
3433 596 3707 666 Origenian.
3733 602 3803 657 lib.

2310 707 2369 755 ιι,
2397 702 2583 759 quiest.
2609 688 2663 753 (Ξ,
2697 703 2846 742 nam.
2873 688 2963 752 2'5,
2996 701 3113 760 pag.
3149 686 3270 750 l'5l,
3307 704 3326 736 ε
3356 684 3622 755 Origenes,
3649 690 3806 760 inquit,

2311 795 2431 834 cum
2457 779 2655 833 Filium
2685 778 2913 846 appellat
2937 759 3164 846 γενητὸν
3191 776 3345 840 Θεόν,
3385 777 3460 830 sic
3499 779 3661 846 accipe
3694 798 3705 832 :
3741 786 3808 850 qui

2308 871 2628 940 principium
2663 869 2742 923 sui
2791 868 2951 921 habet
3003 877 3057 922 et
3105 867 3400 921 cxsistendi
3446 865 3674 920 initium:
3709 869 3811 924 Filio

2309 963 2521 1031 quidem
2562 974 2846 1015 commune
2879 969 2959 1014 est
3005 973 3126 1012 cum
3175 959 3396 1022 creatis,
3429 959 3505 1012 sui
3543 960 3810 1028 principium

2310 1069 2371 1108 ac
2397 1053 2660 1123 originem
2695 1051 2916 1113 habere,
2954 1049 3240 1104 emanandi
3282 1059 3457 1103 autem
3485 1064 3546 1104 ex
3585 1049 3663 1105 illo
3700 1054 3814 1118 prin.

2310 1147 2451 1216 cipio
2477 1160 2538 1199 ac
2572 1143 2865 1214 prodeundi
2909 1140 3048 1196 ratio
3089 1141 3246 1210 plane
3287 1141 3497 1195 diversa
3531 1152 3644 1195 est:
3673 1146 3812 1212 prodit

2311 1237 2454 1291 enim
2493 1235 2662 1289 Filius
2699 1248 2794 1304 per
2823 1231 3229 1302 generationem
3267 1241 3554 1297 aeternam;
3599 1234 3814 1301 prodeunt

2311 1337 2508 1382 creata:
2537 1341 2623 1380 res
2656 1341 2752 1396 per
2791 1323 3172 1394 temporariam
3219 1323 3652 1377 creationem.....
3680 1325 3816 1394 Atque

2311 1418 2386 1473 ita
2430 1416 2596 1471 Filius
2642 1413 2746 1469 dici
2793 1423 2972 1485 potest
3018 1411 3320 1482 ἀγένητος,
3371 1414 3458 1482 qui
3507 1416 3568 1469 ab
3601 1413 3694 1467 alio
3733 1429 3814 1470 non

2313 1509 2478 1565 habet
2515 1518 2572 1562 ut
2607 1509 2711 1576 sit,
2738 1521 2928 1574 nempe
2972 1513 3224 1575 tanquam
3265 1520 3403 1575 Opus
3436 1520 3526 1561 seu
3565 1522 3642 1561 res
3686 1489 3816 1575 facta,

2310 1599 2394 1654 vel
2448 1607 2699 1667 tanquam
2757 1613 2844 1653 res
2893 1606 3117 1651 creata:
3149 1607 3203 1651 et
3233 1597 3494 1665 γενητός,
3537 1597 3632 1666 qui
3660 1599 3715 1651 ab
3742 1599 3818 1655 alio

2315 1692 2476 1746 habet
2516 1699 2572 1743 ut
2601 1690 2693 1754 sit,
2732 1703 2925 1760 nempe
2959 1696 3212 1758 tanquam
3245 1703 3336 1744 res
3384 1689 3559 1758 genita
3588 1699 3640 1743 et
3676 1689 3816 1746 Filius.

2315 1783 2405 1838 Sic
2431 1784 2724 1853 Origenes,
2759 1782 2848 1851 qui
2892 1779 3119 1850 γενητὸν
3165 1779 3306 1833 Θεόν
3347 1779 3633 1850 appellasse
3675 1780 3818 1838 Filium

624 1877 844 1946 oubique
896 1856 1218 1948 prtcsentem
1270 1875 1471 1941 solem,
1509 1875 1691 1930 lunam
1730 1885 1824 1930 aut
1856 1873 2063 1930 stellam
2118 1856 2283 1925 ali-'B
2316 1870 3018 1936 insimulatur,.....Filium
3065 1880 3242 1925 tamen
3275 1869 3543 1941 ἀγένητον
3583 1883 3716 1926 vocat
3752 1875 3816 1929 lib.

638 1985 822 2039 quam.
863 1987 880 2018 ι

711 2058 856 2130 §lX.‘
879 2056 935 2111 In
963 2056 1100 2112 libro
1122 2064 1275 2111 sexto
1297 2055 1534 2111 divinam
1565 2069 1789 2123 prorsus
1821 2064 1984 2124 atque
2002 2053 2213 2108 increa-

636 2159 748 2206 tam
781 2151 900 2206 Filii
936 2149 1026 2204 Dei
1061 2158 1305 2204 naturam
1325 2147 1506 2203 verbis
1536 2147 1684 2201 hisce
1711 2147 1856 2200 omni
1879 2145 1999 2200 luce
2023 2146 2214 2200 clario-

645 2242 797 2296 ribus
829 2239 1118 2296 conilrmat
1177 2255 1326 2293 num.
1357 2237 1446 2304 17,
1488 2252 1607 2309 pag.
1635 2235 1740 2292 645
1771 2254 1785 2290 :
1827 2235 1972 2290 Οὔτε
1993 2236 2100 2308 γὰρ
2123 2236 2213 2289 τὸν

633 2332 898 2406 ἀγένητον
941 2331 1034 2385 καὶ
1081 2330 1262 2402 πάσης
1318 2329 1552 2401 γενητῆς
1601 2328 1815 2399 φύσεως
1877 2327 2215 2400 πρωτότοκον

636 2427 760 2480 κατ’
783 2425 938 2492 ἀξίαν
961 2423 1157 2477 εἰδέναι
1182 2441 1265 2486 τις
1283 2421 1526 2488 δύναται,
1556 2419 1630 2487 ὡς
1671 2425 1699 2476 ὁ
1740 2423 2006 2494 γεννήσας
2056 2421 2216 2474 αὑτὸν

636 2517 859 2588 Πατὴρ,
888 2513 1012 2568 οὔτε
1048 2514 1140 2568 τὸν
1182 2514 1422 2585 Πατέρα,
1461 2514 1538 2577 ὡς
1581 2515 1610 2567 ὁ
1634 2513 1873 2585 ἔμψυχος
1906 2514 2077 2582 Λόγος
2123 2513 2218 2567 καὶ

640 2604 998 2676 σοφίααὺτοῦ
1027 2607 1121 2659 καὶ
1147 2604 1395 2676 ἀλήθεια,
1427 2606 1479 2659 id
1507 2614 1609 2671 est,
1658 2623 1676 2655 ι
1713 2605 1898 2673 Neque
1920 2606 2063 2659 enim
2093 2619 2217 2659 eum

639 2699 730 2770 qui
762 2699 934 2754 factus
961 2713 1066 2752 non
1091 2707 1196 2762 est,
1221 2711 1273 2752 et
1302 2708 1508 2751 natura:
1530 2697 1705 2753 omnis
1733 2696 1889 2752 facta
1913 2705 1995 2752 est
2025 2698 2220 2767 primo-

642 2793 876 2861 genitus,
910 2791 1198 2863 quisquam
1235 2806 1334 2860 pro
1355 2789 1621 2860 dignitate
1654 2798 1833 2858 potest
1865 2804 2050 2857 nosse,
2078 2790 2217 2846 sicut

641 2882 802 2938 Pater
834 2883 950 2953 ipse
997 2882 1087 2952 qui
1137 2883 1366 2953 genuit:
1413 2896 1588 2952 neque
1632 2880 1848 2937 Patrem
1910 2882 2215 2952 quisquam,

642 2975 782 3031 sicut
813 2977 1108 3032 animatum
1134 2974 1254 3045 ejus
1289 2975 1545 3039 Verbum,
1583 2976 1786 3031 veritas
1816 2987 1873 3031 et
1895 2977 2213 3046 sapientiam

642 3067 828 3134 Hisce,
855 3069 1098 3140 inquam,
1131 3067 1314 3122 verbis
1359 3064 1641 3134 Origenes,
1692 3075 1949 3137 tanquam
2003 3066 2056 3121 in
2089 3082 2218 3121 con-

572 3183 583 3194 ~
641 3175 792 3216 scssu
822 3159 1039 3214 Patrum
1071 3157 1414 3214 Nicanorum
1444 3159 1559 3227 ipse
1585 3158 1698 3226 jam
1745 3160 2001 3225 sedisset,
2032 3170 2216 3215 contra

642 3253 830 3305 Arium
858 3251 1056 3322 diserte
1099 3250 1434 3320 pronuntiat,
1471 3249 1660 3304 Filium
1710 3251 1802 3305 Dei
1831 3251 1950 3305 οὐδὲ
1973 3251 2216 3323 ποιητὸν,

642 3343 763 3396 οὐδὲ
818 3341 1057 3406 κτιστόν,
1097 3357 1258 3411 neque
1311 3341 1534 3410 factum,
1575 3358 1736 3412 neque
1788 3353 2022 3396 creatum
2053 3358 2215 3397 esse:

645 3437 792 3506 (nam
823 3447 1114 3502 utrumque
1143 3433 1519 3504 complectitur
1536 3449 1632 3490 suo
1660 3433 1863 3489 ambitu
1890 3449 1995 3489 vox
2024 3423 2222 3504 ἀγένη-

643 3527 777 3590 τος)
809 3526 971 3596 :quin
1001 3533 1057 3580 et
1077 3523 1290 3580 Patrem
1313 3534 1366 3579 et
1397 3523 1592 3579 Filium
1622 3525 1724 3581 sibi
1760 3507 1986 3582 invicem
2019 3528 2222 3597 pariter

646 3617 1180 3688 comprehensibiles,
1199 3618 1459 3673 creaturis
1479 3633 1608 3673 vero
1628 3618 1878 3673 omnibus
1894 3634 2118 3689 prorsus
2137 3620 2220 3674 in-

648 3707 1162 3778 comprehensibiles
1174 3722 1317 3772 esse,
1332 3723 1587 3779 expresse
1605 3709 1957 3781 docetJlujus
1970 3723 2146 3768 autem
2166 3713 2223 3768 il-

647 3807 831 3862 lustris
877 3803 980 3860 loci
1027 3804 1190 3859 ictum
1229 3815 1286 3858 ut
1313 3806 1508 3862 evadat
1537 3807 1805 3873 Sandius,
1837 3808 1987 3878 ﬁngit
2019 3817 2221 3863 textum

650 3895 900 3964 Origenis
929 3893 1310 3964 interpolatum
1334 3895 1423 3951 hic
1449 3912 1512 3952 ac
1537 3900 1885 3967 depravatum
1916 3913 2053 3956 esse.
2080 3919 2098 3952 ‹
2124 3899 2225 3955 Pe-

651 3987 850 4050 tavius,
898 3985 1072 4056 inquit
1121 3984 1214 4040 lib.
1248 3984 1323 4038 De
1352 3987 1592 4056 scriptor.
1637 3988 1921 4045 ecclesiast.
1970 4004 2090 4060 pag.
2131 3991 2222 4052 55.

650 4081 848 4152 probat
879 4081 970 4136 lib.
1012 4097 1030 4136 ι
1073 4079 1148 4135 De
1190 4079 1404 4141 Trinit.,
1449 4093 1568 4147 cap.
1591 4079 1647 4142 5,
1696 4095 1846 4134 num.
1875 4079 1908 4134 ὅ
1937 4089 1995 4135 et
2035 4079 2068 4135 6
2109 4082 2222 4150 (seu

647 4174 825 4244 potius
851 4187 967 4242 cap.
995 4171 1051 4238 4,
1082 4187 1231 4227 num.
1259 4170 1291 4225 6
1317 4180 1370 4224 et
1400 4171 1476 4238 7),
1506 4171 1679 4225 locum
1707 4169 1978 4240 Origenis,
2009 4173 2223 4242 quando

648 4263 744 4320 lib.
773 4279 821 4315 vi
866 4271 1046 4315 contra
1096 4259 1325 4324 Celsum,
1367 4259 1560 4314 Filium
1593 4260 1853 4331 ἀγένητον
1898 4269 2075 4326 vocet,
2105 4278 2226 4317 esse

650 4353 1050 4424 interpolatum,
1097 4365 1162 4408 eo
1199 4351 1340 4420 quod
1381 4351 1710 4421 Epiphanius
1758 4352 2226 4424 hmres.-Origenis

615 4443 1006 4512 'repreliendat
1051 4458 1205 4509 eum,
1249 4443 1390 4512 quod
1428 4443 1480 4496 in
1523 4443 1942 4498 Commentariis
1983 4446 2050 4500 ad
2083 4447 2227 4514 psal-

651 4553 797 4590 mum
827 4554 862 4600 ι,
886 4536 1081 4590 Filium
1116 4535 1318 4591 dixerit
1340 4535 1572 4607 γενητὸν
1608 4535 1801 4591 Deum.
1829 4557 1848 4590 ι
1883 4538 1987 4592 Sed
2019 4554 2122 4593 non
2153 4539 2224 4593 ibi

652 4629 803 4693 dicit,
837 4631 1030 4682 nedum
1060 4628 1258 4697 probat
1284 4627 1556 4695 Petavius,
1599 4628 1775 4684 locum
1808 4631 1947 4684 hunc
1974 4631 2224 4701 Origenis

655 4719 1028 4789 interpolatum
1072 4733 1243 4774 esse:
1290 4735 1463 4789 neque
1509 4721 1554 4775 si
1603 4721 1678 4774 ita
1725 4721 1954 4777 dixisset
1984 4721 2222 4791 Jesuita,

653 4812 832 4881 magni
864 4812 1177 4864 zestimanda
1223 4820 1366 4865 esset
1397 4810 1514 4880 eius
1562 4825 1812 4867 censura.
1861 4812 1997 4867 Nam
2050 4814 2222 4869 Graeci

647 4904 869 4961 codices
903 4916 1035 4957 mss.
1059 4916 1270 4966 omnes,
1302 4912 1566 4972 quotquot
1597 4905 1804 4973 uspiam
1839 4905 2038 4974 reperti
2075 4915 2221 4971 sunt,

651 5014 773 5053 cum
812 4995 1035 5052 excusis
1057 4994 1454 5063 exemplaribus
1483 4997 1571 5050 hic
1611 4996 1972 5051 consentiunt.
2006 4997 2071 5051 Et
2101 5013 2225 5052 sen-

651 5089 817 5143 tentia
849 5086 1008 5156 hujus
1040 5083 1149 5140 loci
1187 5085 1408 5138 omnino
1441 5096 1808 5140 consentanea
1835 5094 1919 5140 est
1949 5087 2218 5140 constanti

651 5179 907 5234 doctrinae
949 5178 1140 5232 horum
1182 5185 1366 5228 contra
1391 5173 1600 5228 Celsum
1635 5174 1920 5241 librorum,
1948 5175 1999 5228 in
2033 5175 2226 5245 quibus

639 5272 908 5341 Origenes
939 5270 1136 5325 Filium
1181 5269 1279 5325 Dei
1315 5281 1346 5322 e
1377 5282 1539 5321 censu
1577 5267 1684 5322 τῶν
1718 5266 2218 5339 δημιουργημάτων

581 5387 590 5393 ο
646 5366 850 5434 passim
877 5363 1078 5418 diserte
1112 5361 1326 5426 eximit,
1362 5369 1422 5414 ut
1451 5375 1519 5413 ex
1560 5361 1888 5415 testimoniis
1921 5361 2032 5429 jam
2063 5377 2223 5430 supra

648 5473 677 5510 a
713 5454 867 5510 nobis
905 5453 1181 5522 productis
1215 5453 1403 5521 liquet.
1445 5451 1524 5503 Ad
1567 5451 1618 5503 id
1659 5465 1789 5506 vero
1813 5451 1955 5520 quod
1989 5465 2056 5504 ex
2100 5449 2226 5520 Epi-

646 5548 847 5613 phanio
873 5544 1057 5614 objicit
1095 5545 1366 5610 Petavius,
1407 5557 1604 5611 nempe
1633 5542 1928 5614 Origenem
1963 5543 2015 5596 in
2062 5541 2223 5596 Com-

651 5638 917 5694 mentario
950 5639 1014 5693 ad
1045 5637 1303 5707 psalmum
1323 5655 1370 5701 αι,
1406 5635 1604 5692 Filium
1636 5635 1725 5688 Dei
1755 5635 1958 5688 dixisse
1992 5635 2218 5706 γενητὸν

723 5814 978 5869 "Jerem.
1017 5831 1168 5878 utri,
1207 5813 1296 5872 ιιι.
1371 5820 1418 5850 ⁵⁸
1453 5819 1585 5876 ibid.
1611 5817 1700 5873 9.5.
1780 5820 1822 5849 ⁸³
1861 5817 2016 5874 illum.
2051 5836 2086 5882 I,
2124 5820 2170 5872 Ι.

2313 1982 2363 2020 vt
2393 1976 2574 2037 contra
2602 1964 2762 2026 Cels.,
2801 1979 2948 2017 num.
2976 1963 3061 2016 17.
3093 1981 3111 2014 ι
3141 1961 3311 2016 Paulo
3337 1974 3459 2032 post
3485 1963 3589 2017 haec
3607 1962 3821 2037 ευΙ›]ιιηςὶι

2313 2052 2454 2107 idem
2485 2033 2713 2106 liuetius
2738 2068 2789 2118 p.
2819 2051 2922 2107 152
2947 2068 2959 2105 :
2989 2069 3008 2105 ‹
3036 2050 3169 2106 Cum
3195 2049 3402 2105 Filium
3428 2051 3558 2106 dixit
3577 2033 3820 2125 (Origenes)

2313 2144 2572 2216 γενητόν,
2602 2145 2653 2198 id
2710 2146 2810 2199 sibi
2849 2143 3052 2210 voluit,
3101 2143 3306 2198 habere
3355 2144 3524 2213 ipsum
3573 2145 3644 2198 sui
3675 2147 3824 2215 princi-

2316 2239 2493 2308 pium;
2524 2247 2708 2291 contra
2759 2235 3116 2308 Hieronymus
3159 2237 3450 2306 exposuit,
3497 2251 3610 2292 esse
3652 2238 3822 2296 factum.

2316 2329 2516 2398 Nempe
2550 2330 2627 2384 sic
2651 2327 2812 2382 verba
2839 2327 3088 2398 Origenis
3119 2328 3173 2382 in
3211 2331 3506 2398 pessimum
3542 2345 3727 2386 sensum
3751 2341 3827 2384 lra-

2319 2423 2447 2477 here
2498 2423 2732 2476 amabat.
2781 2421 2854 2475 Ita
2899 2422 3225 2492 Epiphanius
3262 2424 3459 2479 haeres.
3502 2439 3636 2488 utv,
3674 2440 3766 2494 cap.
3786 2425 3826 2489 8,

2318 2514 2467 2569 vocis
2509 2513 2734 2586 γενητός
2775 2529 2928 2567 usum
2977 2515 3029 2569 in
3066 2515 3188 2570 aliis
3232 2517 3582 2585 probaturum
3622 2532 3673 2572 se
3707 2517 3825 2582 dicit,

2320 2605 2372 2659 in
2410 2605 2640 2674 Origene
2672 2608 2954 2662 damnare.
2986 2624 3004 2657 ι
3043 2604 3203 2662 Plura
3237 2607 3348 2662 hac
3377 2607 3443 2662 de
3476 2623 3532 2663 re
3576 2609 3696 2677 apud
3724 2608 3826 2662 line-

2321 2699 2451 2753 tinm
2492 2697 2687 2751 ibidem
2729 2698 2890 2770 legas.
2931 2701 3040 2769 Ego
3084 2703 3150 2754 ad
3191 2700 3366 2757 libros
3429 2699 3660 2771 Origenis
3692 2713 3825 2754 contra

2320 2789 2526 2844 Celsum
2558 2790 2734 2846 redeo.
2767 2790 2820 2843 In
2860 2793 3049 2847 eodem
3093 2792 3231 2848 libro
3288 2804 3447 2848 sexto
3479 2794 3661 2849 dicenti
3688 2793 3822 2857 Celso,

2322 2881 2486 2936 Deum
2535 2897 2706 2952 neque
2762 2883 2970 2939 ratione
3020 2897 3142 2940 esse
3191 2885 3740 2956 comprehensibilem,
3774 2886 3826 2937 sic

2323 2975 2609 3047 respOudet
2651 2975 2910 3047 Origenes
2942 2994 3088 3034 num.
3116 2979 3205 3044 65,
3247 2994 3378 3050 pag.
3415 2979 3519 3034 682
3545 2999 3558 3034 :
3583 2977 3827 3032 Διαστέλὶο-

2325 3086 2420 3141 μαι
2456 3069 2516 3122 τὸ
2550 3069 2946 3140 σημαινόμενον
2969 3112 2984 3137 ,
3023 3072 3115 3124 καί
3161 3089 3339 3142 φημι,
3377 3073 3424 3124 ει
3485 3071 3580 3142 μὲν
3631 3070 3745 3138 λόγῳ
3775 3085 3827 3139 τῳ

2324 3162 2380 3213 ἐν
2414 3163 2564 3232 ἡμῖν,
2608 3164 2716 3216 εἴτε
2750 3165 2808 3216 ὲν
2840 3162 3088 3234 διαθέτῳ,
3123 3163 3233 3215 εἴτε
3273 3163 3373 3216 καὶ
3415 3161 3727 3234 προφορικῴ·
3764 3161 3826 3210 καὶ

2323 3255 2482 3326 ἡμεῖς
2528 3257 2801 3328 φήσομεν,
2848 3256 2930 3309 ὅτι
2974 3256 3073 3309 οὐκ
3109 3255 3255 3309 ἐστιν
3311 3256 3528 3325 ἐφικτὸς
3574 3255 3645 3326 τῷ
3675 3252 3827 3323 λόγῳό

2321 3345 2471 3408 Θεός.
2500 3347 2562 3399 Εἰ
2597 3347 2650 3401 δὲ
2682 3349 2970 3418 νοήσαντες
2999 3347 3078 3412 τὸ,
3111 3348 3205 3399 Ἐν
3231 3346 3394 3417 ἀρχῇ
3418 3343 3494 3418 ἦν
3518 3350 3548 3400 ό
3572 3347 3744 3415 Λόγος,
3762 3344 3826 3396 καὶ

2324 3441 2356 3492 ό
2382 3442 2570 3508 Λόγος
2594 3435 2671 3508 ἦν
2694 3439 2844 3508 πρὸς
2875 3437 3040 3506 Θεὸν,
3059 3440 3153 3493 καὶ
3184 3439 3332 3505 Θεὸς
3359 3436 3438 3511 ἦν
3462 3442 3495 3492 ὁ
3517 3439 3702 3508 Λόγος·
3731 3438 3826 3489 ἀπτυ

2325 3529 2657 3600 φαινόμεθα,
2711 3531 2792 3583 ὅτι
2841 3531 3016 3602 τούτῳ
3065 3530 3144 3602 τῷ
3195 3529 3341 3602 λόγῳ
3409 3531 3616 3601 ὲφικτός
3661 3526 3829 3582 ἐστινό

2325 3622 2482 3684 Θεός.
2528 3621 2583 3677 Id
2623 3633 2738 3686 est,
2779 3640 2797 3674 ι
2845 3623 3121 3692 Distinguo
3159 3625 3519 3696 signiﬁcatum
3561 3636 3609 3678 et
3651 3624 3768 3685 dico,
3797 3621 3827 3672 si

2329 3713 2654 3783 intelligatur
2693 3716 2759 3769 de
2808 3716 3035 3782 ratione,
3065 3731 3185 3786 qua:
3233 3717 3316 3770 vel
3361 3717 3556 3772 inserta
3591 3725 3663 3771 est
3698 3715 3826 3771 nobis.

2324 3805 2409 3861 vel
2439 3821 2470 3861 e
2507 3807 2660 3862 nobis
2692 3823 2748 3862 se
2791 3808 2988 3873 exerit,
3021 3808 3124 3864 hac
3154 3823 3261 3862 non
3293 3823 3418 3863 esse
3464 3809 3617 3862 Deum
3643 3819 3824 3875 compre-

2326 3897 2664 3953 hensibilem.
2717 3898 2812 3952 Sin
2857 3898 2923 3954 de
2956 3897 3068 3964 illa,
3118 3915 3238 3969 qua:
3275 3908 3395 3953 erat
3445 3901 3496 3954 in
3529 3897 3828 3969 principio,ct

2325 3998 2444 4044 erat
2471 3989 2610 4060 apud
2657 3990 2861 4057 Deum,
2899 3999 2954 4044 et
2995 3989 3111 4060 ipsa
3159 3999 3278 4046 erat
3313 3993 3451 4047 Deus
3474 3993 3542 4057 ⁵³,
3571 3990 3719 4044 aimus
3756 3986 3827 4038 hac

2326 4082 2494 4137 Deum
2537 4097 2657 4137 esse
2689 4083 3257 4152 comprehensibilem.
3287 4103 3318 4136 ι·
3359 4085 3569 4140 Scilicet
3611 4085 3725 4138 Deus
3753 4076 3826 4132 nisi

2328 4186 2356 4224 a
2393 4173 2532 4237 Deo;
2571 4173 2714 4242 quod
2749 4172 3014 4228 inﬁnitum
3040 4183 3145 4239 est,
3178 4174 3282 4228 nisi
3309 4175 3378 4230 ab
3413 4174 3609 4228 intinito
3639 4181 3827 4238 compre°

2328 4262 2486 4317 bendi
2539 4279 2644 4316 non
2693 4273 2904 4334 potest;
2960 4264 3101 4330 unde
3150 4266 3399 4334 sequitur
3443 4265 3532 4317 τὸν
3574 4262 3724 4330 λόγον,
3763 4258 3823 4326 qui

2331 4353 2494 4409 Deum
2540 4353 2715 4408 valeat
2754 4353 3243 4423 comprehendere,
3295 4356 3468 4425 ipsum
3515 4368 3626 4409 esse
3668 4350 3823 4405 Deum;

2330 4445 2470 4514 quod
2501 4453 2554 4498 et
2595 4445 2647 4498 in
2681 4445 2928 4500 terminis
2957 4443 3220 4514 Origenes
3247 4460 3369 4499 cum
3415 4445 3607 4499 Joanne
3649 4452 3824 4506 evange-

2333 4537 2450 4591 lista
2499 4537 2752 4591 alIirmat.
2804 4536 2972 4604 Quam
3023 4537 3126 4592 hoc
3177 4536 3438 4608 Origenes
3486 4533 3819 4606 pronuntiatum

2332 4632 2548 4684 Ariana:
2600 4630 2947 4700 blasphemia:
2981 4643 3047 4683 ex
3088 4629 3356 4684 diametro
3401 4635 3669 4700 repugnet,
3713 4634 3822 4677 nemo

2331 4732 2413 4779 est
2440 4722 2531 4792 qui
2560 4737 2663 4777 non
2693 4723 2884 4778 videat.
2916 4725 3060 4780 Dixit
3087 4726 3228 4779 enim
3259 4725 3421 4779 Arius
3460 4725 3508 4778 in
3543 4724 3666 4776 libro
3690 4713 3822 4771 Thalia

2333 4814 2590 4884 inscripto
2633 4815 2934 4882 (referente
2977 4817 3278 4871 Athanasio
3325 4817 3375 4869 in
3427 4816 3515 4869 lib.
3543 4814 3612 4866 De
3645 4807 3820 4879 κνηστίδι

2345 4905 2604 4959 ’Λδύνατα
2649 4904 2763 4976 Υἱῷ
2814 4905 2905 4960 τὸν
2941 4907 3180 4979 Πατέρα,
3225 4905 3546 4976 ἐξιχνιάσαι,
3587 4897 3682 4962 οἷός
3721 4899 3819 4948 ἐστιν

2331 4999 2418 5067 ἐφ’
2453 4998 2681 5052 ἐαυτοῦο
2723 4999 2884 5063 αὐτὸς
2929 4998 3038 5071 γὰρ
3084 5001 3112 5052 ὁ
3163 5001 3290 5063 Υἱὸς
3339 5000 3434 5070 τὴν
3469 4993 3647 5050 ἑαυτοῦ
3688 4986 3815 5042 οὐσίαν

2331 5093 2430 5145 οὐκ
2479 5086 2636 5156 οἶδεν,
2676 5092 2727 5146 id
2766 5103 2845 5146 est
2881 5131 2896 5156 ,
2945 5110 2963 5142 ι
2994 5092 3252 5146 Possibile
3295 5092 3436 5144 enim
3487 5102 3584 5142 non
3613 5091 3686 5137 est
3727 5075 3814 5130 Filio

2332 5182 2662 5250 inveStigare
2719 5181 2954 5243 Patrem,
3015 5181 3190 5251 qualis
3239 5181 3292 5234 in
3348 5179 3522 5248 seipso
3567 5183 3660 5236 εει,
3699 5166 3812 5224 Fili“s

2343 5273 2538 5341 quippe
2572 5289 2723 5326 suam
2771 5274 2885 5342 ipse
2928 5274 3216 5328 essentiam
3264 5286 3368 5324 non
3419 5268 3577 5323 novit.
3607 5284 3624 5315 ι
3656 5260 3729 5315 llis
3751 5267 3812 5324 ge-

2332 5365 2477 5415 mina
2515 5371 2661 5424 sunt,
2696 5377 2814 5431 quze
2843 5370 2963 5430 post
3024 5359 3423 5430 aliquammulta
3455 5359 3503 5412 in
3534 5355 3691 5411 eodem
3717 5347 3811 5399 libro

2322 5468 2386 5506 ,ιιι
2423 5462 2603 5505 contra
2637 5452 2865 5516 Celsum,
2895 5469 3043 5507 num.
3072 5452 3159 5519 68,
3193 5469 3244 5522 p.
3275 5451 3395 5516 684,
3429 5433 3809 5532 εθῳιυηιυτίτᾷ

2331 5542 2386 5595 δὲ
2431 5542 2588 5606 ἄλλος
2627 5543 2796 5596 σῶσαι
2833 5544 2926 5606 καὶ
2965 5546 3328 5617 προσαγαγεῖν
3357 5540 3432 5612 τῷ
3467 5539 3559 5593 ἐπὶ
3595 5535 3694 5588 πᾶσι
3720 5526 3808 5591 θεῴ

2327 5634 2546 5690 δύναται
2575 5637 2672 5708 τὴν
2707 5635 2799 5689 τοῦ
2839 5636 3122 5708 ἀνθρώπου
3159 5636 3352 5708 ψυχὴν,
3387 5636 3420 5706 ἢ
3465 5636 3492 5686 6
3524 5630 3635 5692 Θεὸς
3659 5622 3805 5686 Μῖοςὲ
