4068 6312
321 279 468 333 12ῡῖ

1351 278 1435 329 EX
1478 276 1538 329 (Ξ.
1583 275 1776 329 BCLLl
1817 273 1962 330 DEF.
2004 273 2179 327 FlDEl
2214 270 2529 325 Nll‘xENJS.

3405 266 3543 321 lilii“

318 392 467 452 Satn;
522 392 579 441 ὲν
620 388 759 458 ἀρχῇ
800 387 938 459 πρὸς
974 388 1067 439 τὸν
1110 386 1239 439 Θεὸν
1284 386 1378 449 ὢν,
1420 387 1505 440 διὰ
1535 389 1659 450 τοὺς
1697 388 1886 454 κολλη-

1995 386 2201 439 labatur
2253 398 2432 437 autem
2487 383 2555 437 ob
2607 382 2844 435 lartitiam
2902 379 3074 435 Patris
3122 381 3174 435 in
3213 379 3545 448 perfectione

316 482 513 543 Θὲντας
544 483 610 550 τῇ
643 481 804 550 σαρκὶ
830 482 924 532 καὶ
975 479 1296 550 γενομένους
1320 480 1455 546 ὅπερ
1484 479 1637 550 σὰρξ,
1669 480 1881 547 ἐγένετο

316 573 492 641 σὰρξ,
543 572 629 624 ἴνα
677 571 897 642 χωρηθῇ
946 570 1049 623 ὑπὸ
1099 570 1204 622 τῶν
1257 569 1330 640 μὴ
1367 569 1673 639 δυναμένων
1721 569 1881 623 αὑτὸν

318 661 545 726 βλέπειν
584 658 717 713 καθὸ
756 660 925 727 Λόγος
982 654 1078 728 ἦν,
1129 658 1222 709 καὶ
1276 657 1409 727 πρὸς
1471 646 1600 711 Θεὸν
1655 654 1743 728 ἦν,
1790 660 1882 711 καὶ

317 750 454 812 Θεὸς
486 746 572 821 ἦν,
614 752 665 804 id
700 760 813 814 est,
847 769 864 801 ι
888 750 1015 815 Quis
1059 750 1202 802 enim
1251 748 1387 803 alius
1438 750 1611 803 valeat
1643 766 1881 816 servare,

315 848 376 892 et
410 844 477 893 ad
518 843 681 893 Deum
729 840 852 906 Opt.
901 837 1039 891 Max.
1091 839 1380 891 humanam
1434 839 1671 891 animam
1710 839 1881 892 addu-

318 946 473 989 cere,
512 944 670 996 quam
709 928 846 981 Deus
896 927 1165 980 Verbum?
1203 927 1292 993 qui
1348 942 1468 980 cum
1521 929 1571 981 in
1623 928 1883 997 principio

280 1012 283 1015 ’
322 1022 471 1087 apud
507 1020 670 1073 Deum
702 1030 865 1084 esset,
902 1027 1120 1087 propter
1147 1018 1295 1071 carni
1325 1021 1655 1073 cohaerentes
1681 1028 1736 1072 ct
1766 1034 1884 1072 car-

322 1111 481 1163 nales
517 1124 639 1163 eam
672 1108 847 1161 factus
879 1117 981 1173 est,
1019 1117 1076 1161 ut
1111 1117 1390 1175 caperetur
1420 1109 1485 1161 ab
1519 1108 1605 1171 iis,
1634 1122 1663 1160 a
1691 1108 1885 1177 quibus

319 1200 524 1268 alioqui
570 1215 636 1253 ne
670 1199 835 1253 videri
868 1198 1085 1266 quidem
1116 1207 1344 1266 poterat,
1378 1199 1428 1251 in
1460 1208 1717 1267 quantum
1755 1198 1885 1253 Ver-

322 1293 453 1345 bttm
483 1299 629 1355 erat,
670 1300 724 1345 et
770 1291 909 1359 apud
944 1289 1106 1343 Deum
1156 1301 1303 1352 erat,
1345 1300 1399 1343 ct
1449 1289 1586 1344 Deus
1631 1300 1747 1343 erat
1772 1291 1880 1343 ⁸⁸.»

322 1383 566 1450 Denique
593 1381 852 1449 Origenes
881 1396 1003 1433 mox
1043 1381 1237 1434 ibidem
1277 1381 1468 1435 Filium
1498 1382 1627 1435 dicit
1669 1382 1887 1450 perinde

322 1488 390 1528 ac
447 1472 657 1529 Patrem
716 1488 965 1541 magnum
1034 1485 1193 1540 atque
1251 1473 1892 1542 incomprehensibilem;

320 1578 454 1628 qum
491 1572 547 1616 et
584 1560 796 1615 Patrem
845 1576 967 1615 cum
1007 1561 1278 1629 unigenito
1310 1559 1445 1615 Filio
1472 1562 1632 1615 etiam
1680 1561 1887 1630 magni-

325 1653 569 1707 tudinem
596 1666 746 1706 suam
786 1652 1213 1708 communicasse
1246 1650 1496 1707 allirmat.
1528 1652 1701 1706 Verba
1747 1652 1885 1706 infra

323 1742 676 1795 connnodiori
708 1741 825 1796 loco
853 1742 1062 1811 integre
1097 1743 1463 1799 recitahimus.

406 1830 434 1901 ς
467 1830 534 1885 Χ.
584 1830 760 1897 Vides,
796 1832 985 1897 lector,
1031 1839 1087 1885 ut
1126 1831 1385 1900 Origenes
1424 1832 1475 1885 in
1520 1832 1673 1887 libris
1705 1842 1886 1886 contra

326 1922 538 1977 Celsum
569 1920 677 1993 (qui
707 1937 775 1977 ex
799 1923 1051 1978 omnibus
1106 1924 1222 1993 ejus
1249 1925 1467 1993 scriptis
1491 1927 1731 1978 onmium
1768 1940 1890 1981 con-

324 2028 515 2077 sensu,
583 2014 816 2068 maxime
861 2014 1098 2083 genuini,
1142 2014 1258 2083 puri
1303 2024 1356 2069 et
1392 2017 1686 2085 incorrupti
1731 2016 1887 2086 sunt)

322 2120 513 2158 veram
561 2105 676 2159 Filii
713 2106 1043 2160 divinitatem
1095 2106 1288 2174 saepius
1344 2115 1506 2175 atque
1555 2107 1891 2174 apertissime

324 2197 633 2251 confirmet.
685 2196 815 2263 Quis
861 2197 972 2267 jam
1025 2199 1413 2266 suspicaretur,
1455 2213 1520 2252 ex
1570 2199 1719 2253 hisce
1762 2200 1891 2268 ipsis

326 2290 485 2343 libris
510 2305 569 2343 ea
606 2289 781 2357 colligi
814 2289 1085 2357 potuisse,
1131 2304 1249 2357 quae
1289 2290 1500 2343 Arianze
1546 2290 1893 2359 blasphemiae

328 2384 618 2452 Origenem
661 2381 857 2437 favisse
898 2382 1275 2436 ostenderent?
1311 2380 1565 2436 Petavius
1612 2394 1786 2437 tamen
1816 2384 1893 2437 De

334 2476 523 2529 Triuit.
571 2476 663 2530 lib.
701 2494 747 2541 ι,
800 2491 918 2545 cap.
950 2476 1015 2543 4,
1066 2492 1213 2529 ιιιιιιι.
1241 2476 1296 2539 5,
1336 2477 1388 2530 itl
1435 2477 1620 2545 objicit
1676 2476 1894 2548 Origeni

340 2579 594 2636 tanquam
622 2568 982 2622 Arianismum
1012 2569 1247 2637 sapiens,
1277 2569 1419 2637 quod
1450 2570 1501 2622 itt
1536 2570 1673 2624 libro
1701 2585 1752 2622 v1
1781 2586 1896 2623 con-

331 2671 417 2711 tra
448 2658 673 2723 Celsum,
710 2675 858 2713 num.
888 2658 976 2723 60,
1012 2674 1132 2727 pag.
1158 2659 1281 2721 678,
1310 2660 1586 2728 scripserit
1614 2680 1626 2714 :
1660 2661 1762 2715 Τὸν
1797 2663 1895 2733 μὲν

331 2748 613 2821 πῳσεχῶς
651 2750 980 2821 δημιουργὸν
1016 2744 1153 2801 εἶναι
1192 2748 1282 2803 τὸν
1323 2750 1449 2803 Υἱὸν
1492 2750 1583 2803 τοῦ
1627 2750 1761 2804 Θεοῦ
1796 2751 1897 2805 Λό-

329 2858 457 2909 γον,
507 2840 600 2894 καὶ
655 2840 892 2910 ὡσπερεὶ
937 2840 1231 2911 αὐτουργὸν
1267 2840 1361 2893 τοῦ
1416 2841 1654 2911 κόσμου’
1695 2841 1786 2894 τὸν
1838 2841 1897 2894 δὲ

330 2933 551 3005 Πατέρα
581 2931 675 2986 τοῦ
704 2932 874 3002 Λόγου
898 2930 976 3004 τῷ
1006 2931 1427 3003 προστεταχέναι
1455 2932 1532 3004 τῷ
1562 2931 1675 3004 Υἱῷ
1704 2931 1894 2987 ἑαυτοῦ

331 3025 508 3094 Λόγῳ,
540 3025 760 3095 ποιῆσαι
791 3023 882 3079 τὸν
928 3024 1151 3095 κόσμον,
1192 3020 1330 3078 εἶναι
1363 3024 1593 3095 πρώτως
1638 3025 1898 3096 δημιουρ-

332 3115 523 3183 16v.“
554 3124 670 3181 est,
699 3133 717 3166 t
744 3114 1053 3169 Proximum
1080 3117 1260 3170 mundi
1287 3116 1533 3184 opificem
1556 3131 1675 3169 esse
1702 3116 1894 3169 Filium

336 3209 430 3263 Dei
467 3209 717 3271 Verbum,
752 3206 843 3276 qui
873 3206 1017 3260 velut
1047 3222 1142 3275 per
1170 3222 1228 3261 se
1268 3208 1524 3261 mundum
1575 3208 1688 3274 ipse
1739 3206 1901 3260 fabri-

332 3299 514 3353 carit:
544 3297 755 3355 Patrem
805 3312 931 3351 vero
970 3298 1152 3362 Verbi,
1194 3312 1259 3351 eo
1294 3298 1428 3366 ipso,
1459 3298 1599 3367 quod
1639 3297 1774 3351 Filio
1805 3312 1902 3350 suo

333 3401 499 3457 atque
537 3387 712 3442 Verbo
744 3388 969 3458 jusserit
1011 3389 1265 3443 mundum
1309 3387 1507 3451 facere,
1537 3403 1655 3445 esse
1703 3391 1903 3457 prima-

338 3484 479 3535 riutn
529 3482 840 3549 opificem»
898 3482 1003 3536 Sed
1058 3480 1325 3550 quomodo
1389 3480 1505 3534 hmc
1556 3480 1900 3549 intelligenda

335 3575 466 3638 sint,
510 3572 619 3641 jam
656 3588 813 3641 supra
861 3573 1071 3628 ostendi
1104 3572 1170 3627 de
1216 3570 1402 3626 Irenzei
1436 3572 1681 3626 doctrina
1736 3587 1903 3641 agens

339 3662 498 3729 hujus
542 3664 796 3717 sectiouis
838 3679 958 3732 cap.
987 3662 1043 3726 5,
1077 3677 1225 3715 num.
1253 3660 1316 3728 6,
1357 3676 1463 3730 quo
1508 3660 1765 3716 lectorem
1815 3676 1899 3714 re-

340 3754 512 3807 mitto.
545 3752 704 3809 Certe
728 3770 755 3807 a
793 3752 951 3808 Patre
987 3763 1236 3821 tanquam
1265 3768 1474 3807 summo
1512 3752 1705 3823 Opifice
1743 3753 1897 3822 quasi

340 3845 659 3913 imperante,
694 3860 789 3913 per
816 3844 1013 3899 Filium
1062 3842 1239 3897 Patris
1268 3843 1566 3912 iussionem
1599 3860 1660 3897 at-
1708 3844 1901 3897 volun-

343 3946 505 3989 tatem
531 3946 911 4004 exsequentem
942 3941 1138 3990 creata'
1155 3934 1319 3991 fuisse
1347 3937 1565 4001 omnia;
1591 3937 1724 3991 adeo
1747 3937 1897 3990 Aria-

343 4042 469 4079 nutn
508 4034 739 4092 nonest,
780 4036 836 4080 ut
864 4029 1025 4081 etiam
1056 4028 1307 4083 catholici
1351 4027 1619 4094 doctores,
1663 4029 1751 4097 qui
1782 4036 1903 4096 post

342 4116 630 4171 concilium
671 4115 944 4172 Nicamum
994 4118 1255 4181 vixerunt,
1294 4118 1493 4188 quique
1527 4119 1742 4172 Arianae
1789 4118 1901 4172 hae-

344 4208 481 4260 resis
517 4208 764 4261 acerrimi
807 4208 1210 4279 impugnatores
1243 4208 1415 4274 fuere,
1445 4210 1641 4279 passim
1683 4208 1811 4263 illud
1849 4211 1903 4263 in

342 4298 558 4367 scriptis
589 4299 700 4353 suis
722 4298 987 4356 atIirmare
1023 4317 1126 4356 non
1167 4300 1277 4355 sint
1304 4301 1482 4367 veriti,
1516 4310 1572 4354 ut
1608 4300 1802 4353 ibidem
1836 4314 1903 4354 ex

1982 476 2184 541 mundi,
2212 487 2267 529 et
2301 476 2350 527 in
2384 474 2504 527 filiis
2540 472 2811 527 hominum
2847 472 3097 525 hetantis.
3144 469 3415 540 Scriptum
3455 479 3541 525 est

1981 568 2121 620 enim
2150 584 2162 619 :
2192 565 2254 618 Et
2280 566 2403 617 vidit
2435 564 2567 618 Deus
2588 563 2712 631 quia
2741 563 2875 614 bona
2902 575 3016 614 sunt
3041 561 3103 613 ⁵⁷.
3148 561 3362 615 Placere
3392 560 3539 614 Patri

1981 672 2140 723 opera
2159 672 2251 711 sua
2269 658 2485 726 gaudet,
2509 669 2605 708 PER
2631 667 2690 708 SE
2708 669 2776 706 EX
2791 668 3077 709 PRECEPTO
3099 668 3217 707 EJUS
3246 667 3500 708 EFFECTA.
3515 670 3545 704 ι

1983 747 2111 814 Quae
2143 756 2408 814 postrema
2441 744 2627 799 llilarii
2661 746 2847 808 verba,
2884 742 2985 797 loci
3016 741 3346 812 Origeniani,
3379 759 3535 811 quem

1983 836 2153 905 carpit
2193 833 2466 898 Petavius,
2503 834 2817 887 sententiam
2865 833 3025 901 plene
3051 832 3379 900 exprimunt.
3409 832 3540 886 Illud

1983 942 2143 996 porro
2183 926 2478 980 notamlum
2516 934 2630 987 est,
2679 925 2965 993 Origenem
3020 925 3219 978 dictum
3253 938 3430 987 suum,
3477 940 3543 978 ne

1984 1019 2230 1087 cuiquam
2280 1017 2645 1070 duriusculum
2698 1019 2995 1078 videretur,
3049 1028 3305 1083 expresse
3371 1013 3544 1070 emol-

1984 1107 2128 1161 liisse
2180 1107 2453 1170 adverbio,
2497 1106 2736 1177 ὡσπερεί
2786 1104 2940 1159 velut.
2977 1103 3167 1172 Filius,
3214 1105 3419 1174 inquit,
3464 1114 3547 1161 est

1986 1197 2267 1269 proximus.
2291 1197 2471 1251 mundi
2510 1197 2710 1265 opifex,
2741 1196 2827 1265 qui
2866 1194 3003 1250 velut
3052 1209 3149 1265 per
3193 1208 3251 1251 se
3291 1195 3545 1251 mundum

1986 1290 2098 1360 ipse
2126 1290 2407 1344 fabricarit
2435 1308 2448 1343 :
2481 1304 2585 1357 qua
2632 1288 2884 1342 cautione
2918 1287 3080 1342 dubio
3125 1287 3315 1356 procul
3360 1302 3547 1342 occur-

1988 1395 2107 1435 rere
2134 1372 2303 1435 voluit
2330 1396 2517 1435 eorum
2550 1380 2745 1443 errori,
2776 1379 2863 1447 qui
2904 1378 3079 1432 Patris
3112 1388 3164 1432 et
3199 1378 3317 1432 Filii
3368 1379 3419 1433 in
3453 1394 3547 1434 eo-

1986 1474 2105 1527 dem
2160 1475 2446 1527 creationis
2518 1488 2679 1539 opere
2734 1470 3019 1525 indivisam
3084 1469 3365 1540 ἐνέργειαν
3441 1488 3548 1527 non

1989 1566 2321 1633 agnoverint.
2354 1563 2457 1618 Sed
2489 1580 2593 1632 quo
2626 1564 2842 1617 tandem
2883 1564 3075 1617 evadet
3120 1564 3233 1617 haec
3265 1562 3549 1618 scholasti-

1990 1670 2176 1709 corum
2237 1656 2604 1724 theologorum
2654 1654 2707 1708 in
2760 1654 3044 1709 censendis
3107 1664 3347 1709 veterum
3389 1655 3547 1710 dictis

1920 1735 1962 1791 Β
1993 1749 2211 1803 audacia
2255 1765 2319 1805 ac
2357 1748 2677 1803 temeritas?
2726 1747 2869 1803 Sane
2901 1748 2945 1802 si
2988 1748 3053 1811 is,
3085 1749 3185 1817 qui
3221 1749 3418 1803 dixerit
3448 1747 3550 1803 Pa-

1990 1851 2144 1905 trem,
2178 1858 2283 1912 qua
2326 1842 2482 1896 Pater
2523 1849 2626 1907 est,
2660 1840 2972 1909 primarimn
3004 1836 3124 1895 esse
3167 1842 3348 1894 mundi
3395 1841 3552 1911 opil‘t‘

1987 1950 2125 1999 cem,
2150 1936 2237 2003 qui
2274 1937 2386 1988 haec
2416 1933 2664 1987 universa
2694 1946 2787 2000 per
2816 1930 3009 1984 Filium
3041 1945 3198 1985 suum
3222 1931 3547 1999 condiderit,

1990 2042 2086 2095 pro
2125 2028 2325 2080 Ariano
2370 2024 2647 2080 habendus
2697 2016 2811 2087 est;
2862 2024 2947 2078 vix.
2986 2023 3055 2078 ab
3093 2025 3383 2078 Arianismi
3430 2023 3550 2080 labe

1992 2133 2157 2187 purus
2183 2117 2286 2172 erit
2313 2116 2425 2185 ipse
2451 2114 2667 2178 Paulus,
2697 2117 2751 2169 in
2791 2113 2954 2184 Epist.
2987 2114 3009 2169 1
3040 2117 3108 2169 ad
3138 2115 3399 2181 Corinth.,
3428 2132 3550 2186 cap.

1990 2227 2108 2275 vm,
2141 2227 2281 2266 vers.
2306 2211 2359 2276 6,
2402 2210 2469 2264 de
2519 2208 2778 2277 partibus,
2822 2217 2881 2261 ut
2927 2208 2998 2262 ita
3036 2208 3243 2276 loquar,
3277 2207 3454 2262 Patris
3501 2216 3556 2263 et

1992 2303 2113 2357 Filii
2154 2302 2206 2356 in
2241 2317 2418 2356 rerum
2452 2299 2725 2355 creatione
2757 2309 2811 2352 et
2850 2300 3223 2361 renovatione,
3262 2298 3339 2353 sic
3375 2298 3553 2351 disse-

1994 2410 2157 2451 rens:
2195 2413 2215 2445 t
2243 2392 2405 2448 Nobis
2437 2408 2573 2447 unus
2621 2402 2703 2447 est
2738 2392 2876 2445 Deus
2912 2390 3088 2453 Pater,
3126 2405 3154 2443 a
3200 2405 3307 2459 quo
3353 2394 3555 2454 omnia,

1996 2495 2051 2541 et
2080 2502 2177 2542 nos
2207 2485 2259 2539 in
2307 2485 2423 2553 ipso
2462 2502 2475 2538 :
2522 2492 2577 2538 et
2607 2498 2745 2537 unus
2794 2482 3051 2537 Dominus
3086 2478 3241 2535 Jesus
3287 2479 3556 2545 Christus,

1996 2589 2092 2645 per
2123 2590 2277 2643 quem
2308 2575 2507 2639 omnia,
2537 2583 2592 2627 et
2621 2588 2716 2627 nos
2749 2587 2843 2641 per
2874 2573 3071 2640 ipsum.
3099 2590 3117 2622 ι
3160 2570 3291 2624 Nam
3342 2570 3469 2624 illud
3500 2569 3561 2635 ἐξ

1996 2659 2078 2733 οὗ,
2107 2683 2139 2719 a
2166 2683 2285 2733 quo,
2322 2679 2542 2719 causam
2584 2663 2893 2732 primariam
2938 2646 3193 2716 denotare
3220 2660 3563 2714 manifestum

1997 2765 2099 2812 est.
2131 2754 2281 2809 Unde
2312 2764 2367 2808 et
2398 2753 2709 2809 Theodorus
2750 2751 2886 2807 Beza
2918 2752 2983 2806 ad
3022 2752 3203 2807 locum.
3244 2752 3356 2807 base
3390 2752 3563 2805 adno-

1999 2854 2116 2901 tat:
2154 2863 2171 2896 ι
2204 2844 2336 2901 Cum
2371 2844 2532 2899 Pater
2576 2860 2603 2896 a
2650 2842 2787 2897 Filio
2831 2842 3195 2910 distinguitur,
3232 2841 3304 2895 illi
3355 2841 3560 2909 princi—

1998 2939 2144 3010 pium
2192 2937 2460 2992 tribuitur.
2485 2954 2504 2987 ι
2544 2934 2761 2989 Scilicet
2791 2937 2903 2988 haec
2948 2934 3127 2989 omnia
3159 2935 3380 2986 omnino
3418 2930 3558 2986 refe-

2001 3030 2165 3083 renda
2194 3036 2315 3082 sunt
2339 3026 2405 3080 ad
2439 3025 2580 3079 illam
2610 3023 2729 3079 Filii
2758 3024 3250 3078 Subordinationem
3278 3037 3381 3090 qua
3416 3020 3564 3074 Patri

2002 3128 2058 3173 ut
2084 3119 2292 3173 auctori
2326 3132 2423 3172 suo
2448 3116 2560 3185 (hic
2589 3116 2781 3169 iterum
2810 3116 2942 3183 ipsis
2972 3112 3157 3166 llilarii
3187 3112 3366 3166 verbis
3395 3109 3565 3179 utor),

2000 3208 2271 3275 subjectus
2317 3216 2430 3272 est,
2476 3208 2541 3260 de
2587 3220 2692 3275 qua
2726 3207 2964 3258 sectione
3009 3214 3197 3271 quarta
3234 3202 3406 3257 fusius
3443 3217 3568 3272 age-

2001 3313 2137 3352 mus.
2170 3296 2343 3362 Quid?
2373 3293 2514 3362 quod
2547 3294 2599 3347 in
2642 3294 2757 3361 ipso
2788 3291 3044 3362 Symbolo
3089 3289 3299 3345 Nicaeno
3342 3292 3567 3344 credere

1997 3386 2267 3456 iubemur,
2308 3386 2483 3455 primo
2520 3402 2537 3434 t
2572 3383 2623 3436 in
2664 3397 2824 3435 unum
2880 3380 3042 3434 Deum
3084 3378 3297 3433 Patrem
3324 3381 3568 3448 omnipo-

2003 3488 2203 3534 tentem
2251 3477 2490 3531 omnium
2544 3473 2832 3528 visibilium
2864 3480 2918 3527 et
2961 3468 3310 3525 invisibilium
3358 3480 3569 3523 creato-

2004 3585 2115 3625 rem
2162 3586 2176 3623 :
2230 3567 2422 3623 deinde
2483 3567 2534 3619 in
2591 3579 2752 3619 unum
2817 3560 3099 3616 Dominum
3155 3559 3340 3615 Jesum
3394 3560 3569 3615 Chri—

2000 3672 2167 3726 stum,
2192 3671 2322 3724 etc.,
2361 3674 2455 3730 per
2484 3672 2645 3727 quem
2684 3656 2867 3711 omnia
2904 3654 3045 3710 facta
3090 3661 3234 3709 sunt.
3260 3672 3278 3706 ι
3311 3652 3446 3707 Ριιιο
3476 3650 3568 3705 Νι-

2001 3770 2178 3812 canos
2208 3754 2415 3817 Patres,
2446 3753 2548 3805 nisi
2578 3751 2632 3804 in
2664 3747 3001 3803 (ecutnenico
3025 3747 3407 3802 convenissent
3440 3762 3569 3801 con-

2001 3848 2147 3913 cilio,
2176 3847 2261 3901 cui
2294 3844 2449 3899 nefas
2474 3844 2545 3899 sit
2570 3841 2969 3907 contradicere,
3001 3847 3222 3909 propter
3250 3840 3363 3893 haec
3397 3839 3565 3901 dicta,

2002 3954 2180 3994 acrem
2205 3937 2405 3992 Petavii
2432 3936 2651 3991 lesuita:
2672 3946 2957 3989 censuram
2986 3933 3072 3985 vix
3095 3945 3351 3985 evasuros
3377 3930 3563 3983 fuisse.

2004 4031 2075 4086 Ut
2101 4029 2291 4099 paucis
2323 4044 2433 4082 rem
2465 4038 2631 4082 totam
2665 4026 3015 4094 complectar,
3040 4024 3128 4091 qui
3165 4023 3357 4077 dixerit
3401 4023 3562 4077 Deum

2002 4122 2237 4187 Patrem,
2284 4130 2535 4188 tanquam
2583 4117 2785 4172 fontem
2836 4116 3137 4170 divinitatis
3172 4116 3412 4184 adeoque
3457 4131 3571 4169 om-

2005 4216 2150 4269 nium
2193 4213 2564 4282 operationum
2603 4211 2908 4265 divinarum
2962 4209 3261 4277 originem,
3309 4224 3337 4260 a
3388 4210 3563 4277 seipso

2004 4320 2100 4376 per
2130 4304 2321 4360 Filium
2370 4318 2524 4358 suum
2581 4302 2835 4356 mundum
2876 4300 3199 4363 condidisse,
3245 4315 3307 4354 ac
3346 4301 3569 4368 proinde

346 4392 461 4458 ipso
507 4389 726 4446 Petavio
774 4394 1131 4447 ostendimus.
1182 4392 1547 4462 Scriptoribus
1599 4392 1760 4446 isthic
1805 4392 1901 4445 ad-
1936 4421 1981 4476 Ι)
2012 4412 2189 4453 rerum
2240 4396 2479 4450 omnium
2531 4392 2841 4462 primarium
2886 4408 3007 4448 esse
3053 4391 3339 4460 opificem,
3394 4406 3475 4444 nat
3521 4394 3567 4445 is

344 4482 514 4537 dnctis
554 4482 686 4538 libet
726 4485 812 4538 hic
854 4500 1015 4537 unum
1062 4483 1322 4537 Hilarium
1361 4485 1672 4553 atljungere,
1720 4484 1809 4552 qui
1844 4482 1897 4537 in

347 4576 482 4629 libro
522 4589 572 4628 tv
603 4575 675 4629 De
716 4575 902 4629 Triuit.
937 4590 1104 4646 agens
1152 4578 1218 4630 de
1256 4577 1437 4630 verbis
1479 4576 1582 4630 illis
1631 4574 1903 4639 Genes.|,

343 4666 432 4729 “lli,
460 4663 744 4720 Faciamus
774 4667 1032 4720 hominem
1066 4668 1134 4719 ad
1166 4667 1443 4735 imaginem
1471 4678 1721 4731 nostram,
1757 4671 1899 4731 etc.?;

346 4758 424 4810 sic
463 4758 696 4828 loquitur
734 4774 783 4828 p.
809 4760 932 4820 839.
966 4759 1107 4815 84οε
1149 4778 1167 4811 t
1196 4758 1297 4814 Per
1322 4760 1373 4814 id
1401 4760 1543 4828 quod
1571 4760 1770 4813 dictum
1802 4768 1903 4823 est,

351 4845 633 4901 Faciamus
673 4851 962 4913 hominem,
998 4866 1063 4905 ex
1099 4868 1162 4906 eo
1194 4853 1343 4921 origo
1380 4860 1479 4912 est,
1505 4865 1571 4904 ex
1615 4866 1719 4917 (μω
1764 4849 1909 4915 capit

346 4947 400 4990 et
438 4954 650 4993 sermo:
684 4943 733 4993 in
763 4957 827 4996 eo
864 4958 987 4996 vero
1019 4945 1160 5011 quod
1196 4945 1333 4997 Deus
1381 4942 1445 4996 ad
1481 4944 1762 5011 imaginem
1815 4941 1908 4995 Dei

349 5030 474 5086 facit
529 5030 836 5097 hominem,
891 5033 1225 5103 significatur
1281 5034 1443 5088 etiam
1482 5033 1550 5096 is,
1599 5048 1693 5101 per
1747 5047 1906 5100 quem

347 5132 747 5176 consummatur
798 5124 1060 5191 operatio.
1092 5142 1109 5174 ι
1168 5123 1233 5176 Et
1281 5124 1437 5192 paulo
1486 5134 1641 5193 post:
1680 5145 1697 5175 t
1733 5125 1787 5177 ln
1841 5138 1907 5178 eo

348 5215 487 5279 quod
523 5215 734 5278 dicitur,
764 5212 1070 5280 Faciamus,
1104 5225 1157 5268 et
1182 5215 1351 5280 jttssio
1381 5226 1692 5285 exaequatur
1721 5226 1775 5269 et
1823 5215 1903 5270 l‘a-

348 5316 514 5358 ctum.
535 5325 554 5358 ι
592 5305 654 5359 Ει
686 5322 806 5360 mox
839 5307 1030 5359 iterum
1062 5308 1127 5361 de
1165 5304 1440 5374 Sapientia
1487 5307 1601 5360 sive
1633 5306 1765 5361 Filio
1815 5307 1905 5361 Dei

350 5396 493 5450 Patri
539 5411 636 5451 suo
677 5398 1004 5467 aggaudente
1051 5398 1104 5451 in
1150 5398 1440 5452 creationis
1473 5398 1745 5465 operibus,
1796 5400 1909 5452 haec

353 5489 511 5542 liabet
536 5506 549 5541 :
588 5506 605 5538 t
633 5488 861 5543 Causam
889 5489 1083 5544 lwtitia:
1126 5505 1233 5543 sua:
1259 5489 1530 5558 Sapientia
1565 5490 1747 5544 docuit
1776 5508 1789 5545 :
1821 5489 1910 5544 la:-

424 5686 467 5719 "
507 5685 726 5752 10211.1,
763 5692 808 5743 1.
886 5690 927 5720 ³⁷
970 5690 1099 5744 Gen.
1132 5708 1167 5756 ι,
1200 5691 1278 5757 l0,
1312 5691 1391 5758 l5,
1422 5691 1501 5757 l8,
1528 5692 1709 5759 ‘3l,25.

2006 4490 2218 4542 Arianae
2273 4485 2495 4540 haeresis
2544 4484 2855 4553 neutiquam
2905 4481 3227 4537 incusantlus
3281 4492 3363 4535 est
3410 4501 3421 4535 :
3469 4483 3571 4536 nisi

2009 4595 2138 4635 vero
2170 4578 2405 4649 antiquis
2437 4578 2691 4632 Ecclesia:
2728 4576 2980 4631 Patribus
3010 4576 3298 4643 universis,
3328 4577 3571 4643 adeoque

2010 4673 2143 4742 ipsis
2213 4671 2562 4738 scriptoribus
2614 4668 2986 4730 θεοπνεύστοις
3046 4668 3337 4722 Arianismi
3391 4668 3567 4720 dicam

2012 4763 2308 4831 impingere
2344 4761 2586 4815 velimus.
2617 4760 2723 4814 Sed
2769 4760 2895 4812 illud
2931 4760 3143 4812 demum
3185 4760 3398 4813 Aricina:
3431 4766 3574 4810 esset

2012 4853 2379 4922 blasphemia,
2425 4852 2469 4906 si
2503 4852 2624 4919 quis
2654 4852 2893 4912 doceret,
2924 4851 3135 4903 Patrem
3174 4850 3286 4903 haec
3322 4849 3573 4901 universa

2011 4944 2352 4998 constituisse
2378 4958 2473 5011 per
2502 4942 2716 5010 Filium,
2751 4951 3006 5010 tanquam
3037 4956 3131 5010 per
3158 4942 3572 4994 instrumentum

2012 5036 2113 5092 sibi
2142 5045 2481 5098 extraneum,
2508 5044 2600 5090 aut
2634 5046 2888 5105 tanquam
2921 5050 3016 5103 per
3045 5035 3298 5087 virtutem
3335 5031 3573 5100 aliquam

2011 5137 2137 5183 ante
2179 5138 2371 5183 cetera
2419 5129 2600 5182 omnia
2646 5138 2882 5182 creatam
2908 5164 2921 5187 ,
2966 5133 3129 5194 atque
3173 5123 3242 5177 ab
3276 5123 3443 5194 ipsius
3487 5136 3574 5177 es-

2013 5220 2182 5276 sentia
2219 5221 2446 5275 alienam
2475 5240 2487 5274 :
2523 5235 2640 5291 quae
2670 5220 2915 5288 impietas
2951 5226 3184 5272 mentem
3218 5215 3474 5287 Origenis
3508 5230 3575 5268 ne

2015 5324 2112 5379 per
2141 5310 2407 5364 somnium
2443 5310 2656 5378 quidem
2690 5323 2923 5379 unquam
2957 5307 3142 5373 subiit,
3175 5314 3234 5361 ut
3272 5319 3336 5359 ex
3374 5304 3505 5359 locis
3540 5317 3570 5354 a

2016 5399 2169 5455 nobis
2196 5400 2439 5467 superius
2464 5400 2705 5454 adductis
2743 5400 2927 5469 liquet.

2094 5489 2245 5562 §‘Xl.
2279 5492 2381 5546 Sed
2418 5502 2470 5545 et
2498 5491 2601 5545 alia
2631 5490 2873 5560 quaedam
2916 5492 2967 5543 in
3003 5488 3130 5558 ipsis
3158 5493 3341 5540 contra
3367 5482 3573 5536 Celsum
