4068 6312
699 275 830 325 1⁸299

2133 292 2560 356 EXCERPTUM

3715 333 3816 389 ίὸω

694 384 846 442 libris
892 401 1011 445 atro
1065 392 1272 448 calculo
1320 406 1470 450 notat
1522 409 1576 452 et
1633 416 1759 454 veru
1830 408 2098 478 transﬁgit
2144 410 2257 480 ipse
2287 421 2331 473 A
2361 417 2426 468 ab
2457 416 2780 486 Epiphanio,
2815 418 3056 491 adeoque
3097 424 3165 480 ab
3205 425 3322 495 ipso
3353 429 3624 491 Athanasio
3646 451 3816 504 ostendit

694 475 915 504 ιΙΑ-Διξ..-
963 495 1022 504 Α..
1052 484 1355 504 ---ει.------
1390 502 1413 504 -_
1484 503 1487 504 ,
1538 491 1550 503 ο
1701 495 1730 504 ..
1859 497 1871 504 .
2078 500 2106 504 _
2155 503 2161 504 ,

691 475 932 540 lluetius,
959 495 1022 534 ex
1047 484 1240 550 quibus
1264 501 1360 540 nos
1389 491 1656 558 praecipua
1681 495 2047 552 discutiemus.
2076 500 2258 558 Primo

690 570 904 624 adducit
937 571 1158 628 Huetius
1207 574 1519 647 Origenian.
1564 583 1656 637 lib.
1705 601 1774 650 ll,
1808 597 1998 656 quast.
2023 590 2079 656 2,
2111 609 2256 647 num.

689 658 740 716 5.
777 673 828 726 p.
859 661 980 726 116,
1022 672 1274 732 tanquam
1324 671 1502 724 sulutu
1551 675 1884 738 difﬁciliora.
1933 682 2094 736 verba
2134 683 2258 738 Ori-

685 750 835 814 genis
863 749 954 804 lib.
983 767 1072 806 vm
1101 765 1281 810 contra
1311 759 1537 822 Celsum,
1575 780 1724 823 num.
1755 767 1820 820 i9.
1851 771 1950 822 :Ei
1987 771 2156 836 δέιτις
2191 775 2255 828 ἐκ

685 837 884 894 τούτων
930 848 1452 920 περισπασθήσεται,
1487 856 1560 925 μή
1593 872 1667 927 πη
1690 857 2089 933 αὑτομολοῦμεν
2119 867 2255 937 πρὸς

683 931 810 994 τοὺς
837 934 1195 1006 ἀναιροῦντας
1223 939 1314 993 δύο
1362 939 1502 997 εἶναι
1541 947 1864 1016 ὑποστάσεις
1904 955 2120 1028 Πατέρα
2159 961 2251 1012 καὶ

682 1015 828 1071 Υἱόν·
851 1022 1196 1095 ἐπιστησάτω
1222 1028 1298 1099 τῷ
1315 1046 1330 1060 ο
1361 1026 1470 1086 Ἦν
1492 1034 1560 1087 δὲ
1591 1036 1832 1094 πάντων
1863 1042 1979 1096 τῶν
2008 1059 2249 1103 πιστευ-

678 1108 972 1181 σάντωνή
1002 1117 1222 1186 καρδίαν
1246 1123 1342 1176 καὶ
1368 1126 1403 1191 ἡ
1425 1127 1596 1196 ψυχὴ
1608 1131 1738 1198 μία,
1773 1133 1858 1187 ἵνα
1888 1136 2136 1213 θεωρήσῃ
2165 1143 2244 1196 τό·

691 1201 831 1272 Ἐγὼ
866 1207 967 1260 καὶ
1003 1210 1206 1280 Πατὴρ
1249 1213 1320 1268 ἐν
1362 1217 1568 1284 ἐσμεν,
1605 1222 1655 1276 id
1693 1236 1792 1290 est,
1829 1247 1852 1280 ε
1881 1201 2027 1296 Quod
2052 1201 2246 1304 sibilis

676 1294 763 1348 his
790 1305 964 1353 motus
997 1305 1270 1358 verebitur
1303 1323 1368 1361 ne
1399 1311 1535 1365 torte
1567 1317 1987 1388 traustugiamns
2016 1327 2083 1380 ad
2121 1343 2235 1393 eos,

673 1387 768 1454 qui
801 1401 999 1457 negant
1031 1394 1164 1448 duas
1187 1412 1306 1452 esse
1338 1401 1650 1471 bypostases
1682 1387 1895 1466 Patrem
1927 1423 1979 1468 et
2005 1416 2195 1474 Filium
2223 1441 2236 1476 :

671 1479 855 1534 audiat
900 1482 1057 1549 illud,
1095 1485 1226 1540 Erat
1280 1501 1453 1546 autem
1508 1500 1737 1552 omnium
1785 1505 2109 1562 credentium
2152 1528 2241 1565 cor

668 1585 830 1624 unum
869 1581 917 1624 et
969 1589 1074 1627 una
1102 1577 1280 1631 anima
1304 1580 1380 1646 ⁵⁸;
1435 1595 1492 1636 ut
1539 1591 1933 1656 contempletur
1987 1595 2114 1650 illud
2155 1599 2237 1653 di-

667 1669 833 1723 ctum,
861 1661 974 1733 Ego
995 1675 1042 1718 et
1061 1665 1224 1720 Pater
1248 1687 1407 1724 unum
1436 1690 1615 1729 sumus
1633 1678 1733 1732 ‘9.»
1762 1680 1826 1734 Et
1845 1683 2035 1739 deinde
2059 1705 2071 1739 :
2099 1687 2236 1761 Θρη-

648 1754 931 1826 -σκεύομεν
956 1753 1049 1812 οὖν
1072 1760 1162 1812 τὸν
1187 1763 1401 1835 Πατέρα
1424 1767 1522 1836 τῆς
1548 1769 1820 1841 ἀληθείας,
1863 1776 1956 1830 καὶ
1991 1778 2082 1832 τὸν
2110 1753 2235 1836 Ῠὶὸν

649 1843 760 1915 τὴν
795 1846 1072 1918 ἀλήθειαν,
1111 1851 1236 1904 ὄντα
1273 1855 1366 1908 δύο
1396 1861 1460 1928 τῇ
1493 1860 1785 1917 ὑποστάσει
1828 1869 2143 1940 πράγματα,
2176 1873 2233 1928 ἒν

662 1932 718 1986 δὲ
743 1937 806 2005 τῇ
842 1939 1094 2011 ὁμονοίᾳ,
1133 1944 1224 1996 καὶ
1250 1948 1315 2017 τῇ
1349 1953 1667 2022 συμφωνίᾳ,
1717 1957 1810 2009 καὶ
1946 1932 2231 2037 ταύτότητι

660 2027 757 2079 τοῦ
795 2028 1146 2102 βουλήματος,
1190 2037 1240 2092 id
1278 2048 1382 2104 est,
1428 2040 1656 2114 vitaque
1703 2027 1947 2119 religiose
2006 2057 2231 2116 colimus

659 2115 870 2172 Patrem
906 2124 1176 2190 veritatis,
1207 2136 1260 2180 et
1292 2131 1566 2186 veritatem
1600 2115 1828 2204 Filium;
1847 2142 1980 2199 duos
2008 2147 2225 2214 quidem

656 2207 954 2278 bypostasi,
977 2229 1140 2270 unum
1187 2234 1312 2274 vero
1363 2228 1687 2292 concordia,
1727 2246 2012 2303 consensu,
2039 2239 2226 2295 volun-

655 2298 884 2368 tatisque
916 2303 1215 2364 identitate.
1239 2328 1258 2362 ι
1294 2312 1372 2365 Ad
1413 2329 1532 2381 qua:
1574 2319 1686 2374 haec
1734 2324 1958 2381 adnotat
1996 2298 2079 2384 vir
2122 2334 2221 2387 do-

651 2391 964 2448 ctissimus:
1005 2414 1024 2446 ι
1061 2397 1274 2454 Patrem
1318 2415 1372 2457 et
1411 2404 1603 2462 Filium
1643 2413 1748 2467 duo
1791 2431 1914 2472 esse
1963 2421 2042 2474 ait
2089 2425 2221 2479 ὑπο-

649 2483 868 2547 στάσει,
918 2501 1081 2540 unum
1119 2505 1389 2549 consensu
1430 2509 1485 2554 et
1533 2507 1841 2562 concordia.
1873 2512 2033 2581 Atqui
2087 2516 2218 2570 ὑπό-

648 2590 834 2639 στασις
872 2591 968 2646 pro
999 2581 1156 2653 οὐσίᾳ
1198 2586 1391 2652 priscis
1426 2595 1753 2660 temporibus
1802 2602 2005 2658 solebat
2059 2621 2218 2662 usur-

645 2667 758 2730 pari
788 2667 856 2721 ab
898 2671 1125 2726 ethnicis
1155 2685 1208 2728 et
1243 2676 1564 2737 Christianis
1612 2685 1990 2762 (Hieronymus
2013 2735 2027 2758 ,
2059 2701 2210 2766 epist.

626 2756 733 2819 '57-,
755 2760 822 2810 ad
866 2759 1130 2834 Damus.)'
1154 2766 1283 2819 Tota
1322 2775 1658 2851 szecularium
1700 2780 1999 2839 litterarum
2027 2791 2210 2847 schola

643 2847 772 2900 nihil
821 2849 964 2906 aliud
1003 2854 1300 2909 ὑπόστασιν
1349 2861 1450 2914 nisi
1500 2865 1687 2920 οὐσίαν
1723 2873 1892 2925 novit.
1933 2873 2004 2928 lata
2056 2895 2207 2933 sum-

640 2952 864 3008 pseruut
892 2943 1091 3000 Niczeni
1121 2949 1428 3015 Patres,-ita
1464 2955 1834 3018 Sardicenses.
1869 2965 1946 3020 lta
1977 2981 2031 3023 et
2065 2987 2208 3026 sum-

639 3032 808 3100 psisse
840 3033 1122 3106 Origenem
1167 3044 1455 3102 verisimile
1483 3058 1585 3104 est.
1609 3069 1626 3101 ι
1665 3052 1979 3124 Respondeo
2024 3066 2198 3135 primo
2224 3086 2267 3145 ς

619 3137 801 3180 .voces
848 3127 1143 3196 ὑπόστασις
1179 3145 1230 3189 et
1265 3137 1419 3192 οὐσία
1459 3142 1652 3208 priscis
1693 3151 2021 3217 temporibus
2057 3161 2203 3214 varie

637 3223 904 3280 usurpatae
938 3218 1105 3281 fuere.
1145 3223 1337 3279 saltem
1375 3243 1404 3282 a
1430 3229 1788 3297 Christianis.
1823 3240 2042 3298 Scilicet
2070 3261 2203 3303 non-

635 3317 907 3372 nunquam
955 3309 1250 3379 ὑπόστασις
1293 3334 1390 3386 pro
1422 3335 1486 3375 eo
1516 3326 1657 3393 quod
1697 3343 1795 3383 nos
1841 3331 2030 3387 οὐσίαν
2067 3338 2203 3393 dici-

630 3409 773 3461 mus,
804 3407 861 3452 ut
888 3399 1005 3454 vice
1031 3419 1186 3460 versa
1220 3422 1320 3463 vox
1356 3411 1514 3467 οὑσία
1542 3429 1640 3484 pro
1669 3434 1735 3474 eo
1764 3425 1906 3488 quod
1939 3441 2036 3481 nos
2068 3429 2201 3483 ὑπόρ

607 3503 816 3543 ·στασιν
842 3493 1189 3561 appellamus,
1221 3499 1289 3554 ab
1327 3502 1456 3572 ipsis
1489 3518 1710 3580 accepta
1758 3513 1860 3568 fuit
1896 3535 1915 3569 τι
1949 3534 2200 3576 nonnun-

628 3595 786 3648 quam
812 3583 1109 3640 ὑπόστασιν
1148 3589 1399 3648 dixerunt
1426 3607 1663 3664 veteres,
1697 3604 1862 3659 etiam
1891 3610 1981 3678 qui
2013 3615 2196 3669 conci-

606 3670 756 3724 lium
787 3673 1057 3731 Nicamum
1095 3689 1522 3754 antecesserunt,
1550 3693 1692 3759 quod
1725 3710 1819 3752 nos
1868 3670 2028 3757 hodie
2071 3721 2194 3774 per-

626 3776 817 3817 sonam
845 3766 957 3820 sive
998 3770 1398 3830 subsistentiam
1440 3780 1787 3847 appellamus.
1837 3787 2033 3848 Vocem
2063 3796 2194 3851 ὑπο-

625 3854 865 3921 στάσεως
897 3875 992 3928 pro
1021 3876 1084 3915 eo
1110 3866 1253 3933 quod
1285 3883 1384 3924 nos
1425 3872 1613 3927 οὐσίαν
1654 3877 1903 3948 dicimus,
1932 3899 1962 3938 a
1993 3888 2188 3956 priscis

620 3953 942 4022 quandoque
975 3961 1221 4028 usurpari
1273 3979 1378 4018 non
1433 3971 1593 4026 modo
1645 3975 1950 4046 conﬁtetur,
1994 3953 2095 4037 sed
2133 3995 2187 4041 et

619 4047 897 4101 contendit
944 4048 1187 4106 Huetius.
1220 4053 1537 4127 Quanquam
1591 4063 1671 4135 (ut
1721 4083 1905 4124 verum
1956 4072 2184 4142 ingenue

615 4133 832 4208 fatear),
883 4155 988 4193 non
1032 4145 1244 4199 memini
1304 4165 1388 4203 me
1423 4167 1608 4208 vocem
1667 4158 1738 4211 ita
1790 4175 2099 4233 usurpatam
2149 4185 2180 4225 a

613 4231 876 4298 scriptore
910 4233 1088 4303 aliquo
1128 4238 1427 4308 Catholica,
1459 4245 1525 4300 de
1573 4247 1673 4302 SS.
1708 4231 1974 4311 Trinitate
2006 4259 2180 4315 disse-

594 4331 796 4386 rente,
841 4332 969 4378 ante
1003 4329 1290 4384 concilium
1348 4333 1660 4404 Nicaznum,
1712 4351 1807 4396 aut
1865 4346 2173 4416 aliquandiu

2362 507 2608 564 Petavius
2640 511 2718 565 De
2761 510 2951 568 Trinit.
2986 512 3082 567 lib.
3114 530 3183 583 tv,
3213 531 3337 586 cap.
3369 522 3422 584 1,
3454 539 3586 578 num.
3609 529 3655 591 Ξ,
3678 533 3719 586 3.
3751 537 3819 593 [ιο.

2359 597 2518 666 nique
2549 602 2711 670 (quod
2752 617 2864 656 rem
2905 617 3147 660 nostram
3195 609 3415 678 propius
3443 619 3662 684 spectat),
3685 637 3819 684 vocem

2335 689 2702 755 ὑποστάσεως
2744 694 3028 763 aliquoties
3068 713 3099 752 a
3142 700 3339 768 priscis
3377 704 3610 763 Ecclesia:
3651 713 3821 773 doctori.

2353 782 2473 846 bus,
2503 784 2668 838 etiam
2699 786 2789 854 qui
2820 789 3109 846 concilium
3157 791 3438 848 Nicanum
3483 809 3822 876 antecesserunt,

2353 889 2452 943 pro
2493 875 2865 944 subsistentia,
2911 881 2992 933 vel
3025 896 3123 950 pro
3165 899 3220 938 re
3265 885 3516 954 singulari
3557 906 3638 958 per
3659 910 3707 950 se
3737 875 3824 955 sub-

2349 965 2597 1027 sistente.
2625 983 2748 1036 quae
2797 969 2847 1022 in
2885 971 3046 1026 rebus
3077 972 3350 1028 intellectu
3380 979 3602 1044 praditis
3638 982 3746 1039 idem
3769 1002 3824 1046 est

2349 1057 2490 1126 quod
2535 1073 2784 1127 persona,
2834 1064 3086 1133 usurpari
3137 1066 3320 1122 multis
3367 1069 3612 1138 exemplis
3650 1087 3820 1136 constat.

2349 1146 2709 1206 Tertullianus
2737 1153 2789 1208 in
2830 1153 2968 1208 libro
3008 1159 3251 1211 adversus
3287 1157 3605 1224 Praz.,cum
3640 1178 3821 1225 asserere

2348 1239 2513 1294 voluit
2540 1241 2661 1297 Filii
2694 1243 3096 1301 subsistentiam
3133 1258 3322 1302 contra
3365 1265 3458 1304 eos
3487 1253 3571 1320 qui
3614 1254 3732 1310 illum
3767 1261 3821 1313 di-

2344 1331 2592 1386 stinctam
2623 1348 2744 1389 esse
2773 1351 2803 1389 a
2834 1334 2995 1392 Patre
3039 1353 3324 1407 personam
3355 1344 3624 1410 negabant,
3653 1343 3823 1402 alﬁrmat

2342 1421 2538 1477 Filium
2584 1424 2680 1479 Dei
2725 1440 2843 1481 esse
2901 1445 2922 1479 ι
2950 1429 3309 1484 substantiam
3355 1440 3410 1484 et
3453 1446 3559 1486 rem
3599 1434 3824 1492 subeunti-

2275 1523 2482 1567 '-vam.
2511 1532 2530 1566 ›
2581 1513 2672 1572 Sic
2709 1532 2830 1586 cap.
2889 1519 2919 1572 7
2960 1533 2975 1572 :
3020 1537 3040 1572 ‹
3092 1521 3251 1590 Ergo,
3289 1522 3488 1590 inquis,
3529 1525 3614 1579 das
3649 1528 3822 1597 aliquam

2338 1604 2696 1660 substantiam
2721 1622 2842 1662 esse
2869 1623 3190 1676 sermonem,
3237 1610 3444 1680 Spiritu
3465 1622 3517 1668 et
3549 1613 3719 1684 Sophia
3739 1631 3817 1675 tra-

2337 1697 2539 1753 ditione
2581 1702 2987 1755 constructam?
3014 1703 3189 1772 plane.
3221 1703 3343 1758 Non
3380 1707 3457 1760 vis
3482 1722 3594 1762 eum
3633 1713 3818 1768 substan-

2341 1789 2503 1843 tivuin
2546 1790 2745 1846 habere
2777 1793 2826 1846 in
2865 1809 2941 1859 re,
2989 1809 3085 1864 per
3127 1795 3451 1852 substantia:
3493 1802 3818 1872 proprietatem,

2337 1887 2395 1931 ut
2439 1893 2525 1936 res
2551 1891 2605 1934 et
2633 1896 2861 1951 persona
2887 1885 3128 1952 quaedam
3172 1887 3348 1941 videri
3392 1892 3568 1957 possit,
3598 1902 3645 1946 et
3671 1895 3727 1948 ita
3756 1912 3819 1950 ca-

2333 1971 2444 2038 piat
2477 1973 2742 2028 secundus
2773 1989 2802 2027 a
2849 1974 2957 2030 Deo
3006 1977 3335 2033 constitutus
3373 1980 3506 2035 duos
3536 1982 3728 2051 edicere,
3750 1988 3818 2041 Pa-

2336 2072 2470 2117 trem
2497 2075 2549 2119 et
2583 2064 2796 2131 Filium,
2824 2067 2991 2121 Deum
3019 2076 3074 2123 et
3109 2084 3441 2126 sermonem.
3466 2073 3593 2140 Quid
3615 2085 3684 2130 est
3712 2081 3815 2133 enim

2329 2155 2476 2211 dices
2508 2173 2712 2222 sermo,
2739 2159 2840 2214 nisi
2871 2174 2972 2215 vox
3002 2170 3058 2216 et
3089 2177 3262 2218 sonus
3287 2165 3419 2228 oris.
3450 2175 3501 2220 et
3527 2167 3671 2234 (sicut
3693 2185 3821 2238 grano

2328 2249 2509 2304 matici
2564 2250 2801 2323 tradunt)
2859 2267 2955 2308 aer
2999 2252 3257 2322 oﬁ'ensus,
3307 2258 3634 2329 intelligibilis
3668 2264 3820 2331 auditu,

2323 2349 2575 2394 caeterum
2600 2356 2828 2397 vacuum
2869 2346 3054 2401 nescio
3080 2348 3316 2416 quid,'et
3347 2350 3521 2417 inane,
3547 2360 3596 2406 et
3630 2352 3818 2423 incorpo-

2322 2430 2470 2483 rale?
2513 2434 2582 2486 At
2625 2448 2724 2503 ego
2767 2435 2902 2489 nihil
2947 2436 3069 2491 dico
3106 2439 3172 2492 de
3215 2439 3332 2494 Deo
3379 2440 3532 2496 inane
3568 2453 3619 2497 et
3649 2459 3817 2498 vacuum

2319 2523 2535 2590 prodire
2577 2525 2842 2594 potuisse,
2885 2535 2944 2582 ut
2987 2543 3090 2583 non
3122 2529 3189 2585 de
3227 2530 3382 2586 inani
3423 2541 3477 2588 et
3505 2549 3658 2589 vacuo
3673 2536 3817 2605 prola-

2321 2625 2430 2669 tum
2465 2633 2479 2671 :
2525 2632 2625 2672 nec
2663 2633 2852 2674 carere
2893 2623 3217 2692 substantia,
3264 2627 3409 2695 quod
3457 2628 3520 2682 de
3565 2637 3693 2683 tanta
3728 2630 3820 2684 sub-

2314 2708 2507 2761 stantia
2552 2712 2833 2778 processit,
2858 2730 2878 2764 »
2927 2721 3034 2769 etc.
3077 2714 3290 2772 Rursus
3334 2734 3454 2788 cap.
3493 2718 3576 2784 96,
3605 2722 3662 2776 de
3691 2720 3817 2777 Patris

2312 2808 2364 2850 et
2404 2797 2522 2853 Filii
2578 2801 2924 2858 distinctione
2975 2819 3167 2874 agens,
3214 2809 3300 2864 sic
3350 2809 3580 2879 loquitur
3619 2827 3680 2864 ει
3713 2811 3816 2868 Deus

2311 2889 2401 2943 Dei
2443 2899 2695 2958 tanquam
2731 2893 3068 2950 substantiva
3103 2912 3210 2962 res,
3273 2915 3380 2953 non
3418 2901 3521 2954 erit
3557 2901 3654 2971 ipse
3681 2901 3808 2966 Deus;

2307 2980 2400 3032 sed
2444 2980 2702 3036 hactenus
2751 2982 2920 3049 Deus,
2981 2986 3105 3054 quia
3144 3001 3208 3041 ex
3267 2989 3438 3057 ipsius
3483 2991 3570 3047 Dei
3623 2993 3812 3048 substan-

2305 3070 2397 3135 tia,
2433 3086 2553 3140 qua:
2583 3079 2637 3126 et
2674 3074 3008 3130 substantive
3053 3094 3137 3134 res
3175 3091 3292 3146 est,
3316 3102 3335 3136 ι
3385 3092 3487 3139 etc.
3536 3083 3645 3140 Mox
3688 3097 3808 3154 negat

2308 3162 2624 3232 sapientiam
2667 3173 2721 3218 et
2770 3167 3161 3234 providentiam
3207 3188 3331 3229 esse
3375 3192 3456 3231 res
3496 3179 3808 3243 substantialis.

2306 3262 2398 3307 aut
2440 3255 2780 3320 substantias,
2826 3258 2926 3313 hoc
2963 3269 3063 3324 est,
3102 3262 3453 3329 ὑποστάσεις.
3490 3267 3683 3323 Scilicet
3712 3270 3809 3324 hanc

2302 3343 2550 3414 loquendi
2591 3347 2820 3402 formam
2846 3364 2912 3403 ex
2949 3350 3154 3408 Grzeeis
3188 3354 3448 3412 Patribus
3488 3360 3686 3413 omnino
3706 3376 3809 3413 sum-

2299 3436 2472 3504 psisse
2501 3436 2710 3490 videtur
2742 3438 3051 3496 Graecorum
3083 3443 3173 3498 ille
3209 3446 3474 3515 imitator,
3506 3449 3719 3504 Grzecam
3744 3467 3810 3504 ro-

2298 3543 2412 3581 cem
2445 3529 2743 3583 ὑπόστασιν
2786 3530 2976 3587 Latine
3005 3535 3360 3592 substantiam
3409 3553 3464 3596 et
3495 3558 3591 3594 rem
3617 3547 3807 3595 substan-

2295 3619 2452 3672 tivam
2490 3631 2743 3677 vertens:
2783 3639 2905 3679 cum
2956 3625 3154 3696 alioqui
3205 3628 3410 3697 Latini,
3449 3633 3601 3686 etiam
3645 3632 3806 3687 Tertul-

2292 3709 2420 3765 liani
2451 3723 2629 3779 tetate,
2666 3730 2820 3770 suum
2867 3717 3101 3776 habuere
3149 3724 3500 3788 vocabulum,
3541 3741 3636 3795 quo
3671 3726 3806 3779 subsi-

2292 3803 2542 3858 stentiam
2599 3806 2652 3859 in
2709 3806 2888 3862 divina
2934 3812 3165 3866 essentia
3217 3817 3611 3885 exprimerent,
3659 3831 3804 3885 nempe

2291 3909 2472 3948 vocem
2515 3911 2771 3964 personae,
2815 3914 2936 3968 qua:
2970 3901 3255 3971 aliquoties
3301 3908 3354 3960 in
3393 3909 3572 3962 eodem
3614 3909 3726 3962 libro
3753 3908 3809 3959 ab

2289 3985 2402 4052 ipso
2434 3984 2766 4043 Tertulliano
2805 4003 3110 4062 usurpatur.
3146 3995 3492 4067 Hippolytus,
3524 3997 3801 4054 Tertulliano

2285 4088 2441 4133 aetate
2475 4081 2748 4148 proximus
2790 4091 2842 4136 et
2874 4081 3104 4153 Origene
3157 4088 3455 4158 antiquior,
3500 4090 3550 4144 in
3591 4090 3688 4144 loco
3727 4103 3799 4142 su-

2283 4173 2464 4239 perius
2491 4189 2519 4226 a
2554 4175 2707 4229 nobis
2739 4175 2952 4231 laudato
2983 4177 3028 4208 “
3053 4178 3130 4232 ait
3171 4195 3390 4236 carnem
3424 4185 3532 4238 sive
3563 4186 3798 4238 humanam

2282 4263 2335 4317 in
2375 4265 2590 4320 Christo
2622 4279 2866 4321 naturam
2899 4284 2994 4338 per
3033 4287 3090 4325 se
3120 4287 3224 4326 non
3268 4276 3580 4340 subsistere,
3608 4275 3689 4330 sed
3718 4274 3798 4325 «in

2283 4355 2458 4410 Verbo
2491 4358 2690 4413 habere
2715 4359 2811 4431 τὴν
2838 4361 3150 4427 ὑπόστασιν,
3187 4364 3288 4418 hoc
3320 4377 3422 4431 est,
3455 4367 3505 4420 in
3533 4366 3685 4420 Verbo
3704 4363 3797 4418 sub-

610 4425 750 4480 post,
786 4414 993 4484 legisse.
1025 4418 1351 4477 Vocabulum
1383 4441 1512 4481 vero
1538 4431 1722 4486 οὐσίαν
1756 4435 1824 4490 ab
1859 4414 2048 4495 iisdem
2081 4458 2175 4512 pro
2213 4429 2253 4481 Ῑ)
2281 4440 2492 4496 sistere.
2519 4462 2539 4494 ι
2584 4444 2868 4514 Dionysius
2913 4449 3345 4518 Alexandrinus,
3391 4454 3624 4525 Origenis
3667 4452 3794 4506 disci-

609 4521 675 4559 eo
721 4509 860 4574 quod
906 4525 1005 4564 nos
1053 4513 1346 4569 ὑπόστασιν
1383 4520 1733 4590 appellamus,
1790 4544 2171 4604 nonnunquam

607 4596 776 4667 accipi
827 4603 1189 4660 certissimum
1219 4618 1322 4663 est.
1354 4610 1446 4666 Sic
1504 4612 1715 4673 Pierius
1746 4629 1950 4693 martyr
1974 4635 2028 4680 et
2058 4643 2174 4694 pre-

606 4690 808 4760 sbyter,
847 4691 1109 4763 Pamphili
1148 4703 1399 4773 martyris
1418 4719 1732 4777 praeceptor,
1764 4690 1900 4766 cum:
1916 4716 1980 4771 de
2012 4690 2171 4776 Patre

604 4786 658 4830 et
697 4779 831 4832 Filio
861 4783 1126 4839 catholico
1162 4804 1311 4844 more
1359 4794 1605 4859 sentiret,
1654 4797 1870 4856 Patrem
1904 4812 2079 4861 tamen
2113 4819 2168 4864 et

601 4868 794 4922 Filium
823 4871 1007 4935 οὐσίας
1037 4886 1091 4929 et
1122 4877 1310 4944 φύσεις
1342 4883 1475 4938 duas
1499 4901 1620 4941 esse
1653 4889 1884 4956 dicebat,
1920 4904 1974 4948 ut
2006 4896 2167 4952 refert

601 4959 827 5018 Photius
859 4963 1001 5018 Bibl.
1049 4969 1171 5022 cod.
1199 4985 1347 5035 cxrx,
1396 4978 1527 5031 κείω
1558 4989 1612 5034 et
1661 4993 1860 5038 naturae
1910 4990 2169 5046 vocabulo

600 5051 913 5119 hyposlasim
944 5057 1276 5127 signiﬁcans,
1311 5074 1368 5119 ut
1394 5082 1459 5121 ex
1493 5073 1934 5132 antecedentibus
1958 5087 2009 5133 et
2041 5095 2167 5134 con-

598 5148 946 5212 sequentibus
982 5161 1234 5208 constare
1251 5156 1380 5212 dicit
1409 5160 1546 5214 idem
1578 5161 1818 5220 Photius.
1850 5167 1939 5222 Sic
1978 5187 2162 5227 vocem

596 5235 756 5302 φύσις
809 5240 948 5307 (quae
996 5245 1194 5315 alioqui
1249 5248 1454 5306 latioris
1501 5265 1584 5309 est
1635 5257 2070 5328 signiﬁcationis,
2107 5275 2163 5321 ut

594 5341 694 5380 vox
755 5332 948 5396 οὐσία,
999 5353 1028 5388 a
1077 5336 1354 5394 Clemente
1417 5344 1780 5404 Alexandrino
1841 5367 2156 5426 usurpatum

593 5416 757 5474 fuisse
796 5438 954 5493 supra
1002 5429 1406 5489 observavimus
1448 5451 1566 5504 cap.
1596 5439 1648 5501 6,
1699 5458 1846 5495 num.
1877 5445 1931 5500 6.
1988 5449 2159 5517 Atque

590 5509 774 5562 eodem
805 5526 967 5566 sensu
1000 5518 1315 5574 vocabulum
1345 5525 1512 5594 accipi
1543 5542 1572 5579 a
1601 5528 1860 5601 Gregorio
1891 5533 2153 5606 Nysseno,

2275 4533 2451 4600 putus,
2483 4535 2533 4587 in
2565 4538 2912 4604 responsione
2945 4541 3011 4593 ad
3038 4543 3386 4610 quaestionem
3418 4555 3645 4614 quartam
3675 4543 3789 4596 l’auli

2277 4622 2613 4678 Samosateni
2677 4627 2742 4681 de
2794 4631 2962 4684 tribus
3024 4633 3266 4700 personis
3324 4635 3380 4690 S.
3428 4635 3686 4706 Trinitatis
3732 4633 3791 4686 sic

2278 4712 2511 4782 loquitur
2549 4716 2662 4790 (2‘5)
2703 4736 2720 4771 ε
2764 4719 2829 4771 Αἱ
2874 4721 2981 4788 ,δύο
3031 4723 3356 4788 ὑποστάσεις
3382 4726 3681 4798 ἀχώριστοι,
3718 4724 3792 4776 καί

2268 4802 2329 4858 τὸ
2380 4807 2737 4863 ἐνυπόστατον
2770 4813 2861 4865 τοῦ
2918 4815 3130 4886 Πατρὸς
3185 4817 3436 4888 Πνεῦμα,
3481 4819 3508 4871 ὃ
3549 4812 3610 4889 ἦν
3651 4819 3697 4869 ἐν
3730 4815 3791 4882 τῷ

2280 4897 2410 4969 Υἱῷ,
2448 4899 2502 4954 id
2533 4913 2644 4967 est,
2699 4923 2716 4954 ι
2748 4904 2872 4959 Duae
2925 4907 3244 4976 hyposlases
3294 4911 3312 4976 (
3330 4910 3500 4965 Patris
3536 4911 3715 4964 scilicet
3744 4915 3784 4960 et

2275 4992 2417 5064 Filii)
2453 4994 2838 5065 inseparabiles
2868 5009 3013 5066 sunt,
3040 5010 3094 5056 et
3123 5004 3420 5059 subsistens
3461 5005 3623 5058 Patris
3648 5001 3780 5071 Spiri-

2273 5092 2378 5148 tus,
2406 5085 2494 5153 qui
2528 5097 2646 5141 erat
2677 5089 2727 5142 in
2763 5089 2916 5144 Filio.
2945 5109 2968 5142 ›
3000 5094 3176 5162 Atque
3216 5110 3280 5149 ex
3315 5097 3414 5150 hoc
3447 5095 3661 5166 Dionysii
3684 5091 3778 5145 Ale-

2269 5177 2512 5229 xandrini
2552 5178 2672 5233 loco
2702 5181 2922 5236 omnino
2953 5184 3272 5252 explicanda
3303 5187 3428 5241 mihi
3460 5188 3651 5240 videtur
3682 5199 3774 5238 scn-

2269 5265 2431 5319 tentia
2473 5271 2823 5338 cognominis,
2865 5282 2919 5326 et
2970 5278 3222 5330 coaetanei
3275 5278 3387 5345 ejus
3434 5276 3653 5346 Dionysii
3686 5274 3768 5327 Bo-

2266 5358 2407 5411 mani
2450 5380 2462 5411 :
2509 5363 2596 5428 qui
2646 5363 2698 5415 in
2750 5364 2986 5433 Epistola
3058 5382 3244 5422 contra
3303 5371 3619 5425 Sabellianos
3662 5366 3765 5434 apud

2260 5447 2607 5504 Athanasium
2643 5452 2780 5524 (26),
2814 5465 3096 5525 postquam
3138 5461 3280 5528 ipsos
3323 5462 3656 5518 refutaverat.
3693 5471 3759 5507 vos

2253 5541 2444 5594 deirulc
2494 5544 2789 5616 redarguit,
2837 5550 2924 5618 qui
2971 5553 3220 5607 deitatem
3259 5557 3504 5610 secabant
3547 5556 3619 5615 si;
3645 5549 3754 5620 193i;

658 5623 703 5655 ⁸⁸
743 5629 862 5680 Act.
911 5645 984 5693 ιν.
1033 5633 1121 5687 52.
1197 5636 1242 5667 ⁶⁹
1281 5636 1434 5694 Joan.
1477 5659 1542 5707 χ,
1577 5644 1665 5699 50.
1743 5650 1787 5680 ⁶⁰
1839 5668 1959 5723 cap.
2006 5655 2058 5725 8,
2089 5674 2234 5714 num.
2269 5660 2322 5713 5.

661 5713 775 5786 (25)
814 5716 1131 5778 Theodoret.
1164 5725 1303 5782 Hist.
1334 5733 1481 5800 ποίη
1516 5734 1603 5790 lib.
1633 5753 1670 5805 ι,
1706 5756 1819 5810 cap.
1853 5743 1905 5796 4.

2303 5750 2612 5820 (Ξῦμιιηη.
2636 5756 2705 5810 De
2723 5757 2964 5825 summa
2991 5761 3135 5826 Dan.
3159 5781 3208 5824 υ.
3226 5764 3342 5826 9.73.
3363 5768 3442 5823 ed.
3463 5757 3748 5821 Paris.l627.
