4068 6312
332 340 464 423 tam

1369 337 1462 392 EX
1501 336 1567 392 G.
1610 335 1815 395 BULLI
1863 334 2015 391 DEF.
2059 331 2237 390 FIDEI
2279 330 2603 387 NICJ‘JNIE.

3462 325 3597 379 1302

334 458 741 550 μεμερισμένας
796 456 1129 519 ὑποστάσεις
1187 454 1290 509 «in
1342 454 1452 508 tres
1504 453 1703 509 divisas
1750 454 1920 524 hypo-

2030 468 2117 506 sex
2150 450 2413 521 episcopi,
2442 448 2532 519 qni
2574 463 2639 501 ex
2680 444 2885 516 synodo
2913 443 3247 501 Antiochena
3276 442 3339 495 ad
3372 440 3595 495 Paulum

330 542 572 603 stases.i
643 548 899 602 Petavius
970 547 1186 616 quidem
1248 544 1325 598 De
1392 542 1623 606 Trinil.,
1688 543 1779 598 lib.
1827 559 1909 611 tv,

332 656 381 694 c.
422 642 472 702 1,
510 639 539 711 §
575 640 629 704 5,
656 653 720 693 eo
756 637 809 692 in
843 638 961 692 loco
992 652 1173 691 vocem
1206 635 1503 690 ὑπόστασιν
1534 651 1629 705 pro
1659 635 1814 708 οὐσίᾳ
1858 636 1911 690 in

333 730 655 801 generaliori
732 728 1121 798 signiﬁcatione
1201 726 1326 796 poni
1398 727 1600 793 voluit;
1676 728 1806 792 hoc,
1857 736 1915 782 ut

334 822 588 886 arbitror,
612 831 930 893 argumento
963 820 1029 874 ad
1063 819 1114 873 id
1147 820 1418 882 inductus,
1449 824 1590 889 quod
1626 819 1912 889 Dionysius

335 913 638 968 dissensum
685 928 837 968 suum
888 912 956 965 ab
1006 910 1071 965 iis
1125 909 1461 979 profiteatur,
1512 910 1605 981 qui
1656 911 1910 965 deitatem

336 1005 390 1058 in
432 1015 541 1060 tres
591 1007 908 1077 hypostases
956 1002 1288 1057 dividebant.
1332 1000 1438 1055 Sed
1481 1003 1582 1057 hoc
1634 1003 1769 1056 nihil
1810 1008 1911 1057 est.

340 1096 524 1167 Neque
556 1097 697 1151 enim
729 1094 1055 1165 simpliciter
1080 1108 1176 1148 eos
1222 1093 1404 1162 culpat
1439 1092 1746 1165 Dionysius,
1782 1109 1915 1149 con-

340 1199 424 1244 tra
457 1204 594 1260 quos
629 1190 890 1258 disputat,
925 1187 1070 1257 quod
1114 1196 1223 1240 tres
1261 1186 1316 1240 in
1358 1186 1561 1240 deitate
1599 1186 1919 1257 hypostases

341 1282 662 1349 statuerint;
718 1281 813 1336 sed
856 1280 981 1335 ideo
1010 1288 1220 1333 tantum
1252 1279 1397 1348 quod
1446 1278 1768 1350 hyposmses
1800 1280 1919 1342 illas

343 1383 454 1426 tres
511 1387 632 1428 esse
692 1371 1102 1443 μεμερισμένας
1168 1386 1189 1420 ι
1229 1369 1468 1423 divisas»
1532 1372 1915 1427 existimarint.

341 1464 494 1530 Quod
547 1478 670 1518 mox
723 1464 920 1517 ibidem
969 1464 1181 1533 plenius
1232 1463 1513 1533 exprimit,
1556 1462 1682 1517 dum
1732 1479 1920 1519 rursus

340 1558 558 1612 eosdem
592 1556 879 1611 hasreticos
907 1556 1160 1611 divisisse
1191 1556 1268 1610 ait
1301 1555 1640 1611 divinitatem
1671 1558 1750 1620 είς
1772 1559 1919 1628 τρεῖς

344 1651 667 1714 ὑποστάσεις
701 1649 874 1715 ξένας,
928 1649 1172 1720 ἀλλήλων
1205 1647 1521 1703 παντάπασι
1573 1649 1916 1725 κεχωρισμέ-

342 1759 466 1806 νας·
506 1760 524 1793 ι
555 1742 608 1795 in
658 1751 767 1796 tres
820 1741 1144 1812 hypostases
1184 1739 1525 1810 peregrinas,
1577 1740 1645 1795 ab
1692 1740 1917 1794 invicem

2016 544 2426 598 Samosatennm
2459 542 2723 609 scripsere
2749 536 3030 606 epistolam
3052 534 3183 607 (28),
3207 535 3258 588 in
3279 534 3389 602 ipsa
3409 541 3597 586 contra

2014 637 2264 691 eumdem
2304 634 2528 688 Paulum
2579 643 2633 686 et
2680 630 3002 692 Sabellinm,
3038 640 3239 699 negant
3268 625 3461 681 Filium
3504 624 3597 676 Dei

2014 742 2135 782 esse
2166 725 2345 781 Patris
2372 724 2682 795 ἐπιστήμην
2715 720 3105 786 ἀνυπόστατον,
3142 736 3163 770 ι
3184 716 3465 773 scientiam
3500 728 3599 781 per

2015 835 2073 874 se
2106 818 2325 873 minime
2351 817 2769 871 subsistentem.
2800 833 2818 866 ι
2855 813 2918 867 Et
2952 811 3149 866 ibidem
3183 810 3354 879 ipsum
3387 807 3476 862 Dei
3503 806 3597 861 Fi-

2017 912 2143 964 lium
2177 911 2361 964 dicunt
2391 910 2482 964 Dei
2514 908 2692 963 Patris
2722 908 3006 979 ἐνέργειαν
3037 903 3217 969 ζῶσαν
3239 901 3333 955 καὶ
3356 898 3600 969 ὑφεστῶο

2020 1021 2171 1066 σαν,ι
2200 1003 2447 1057 virtutem
2474 1002 2739 1056 viventem
2775 1015 2837 1053 ac
2862 998 3266 1053 subsistentem.
3291 1012 3309 1046 ι
3336 991 3468 1062 Quis
3494 993 3597 1060 igi-

2019 1107 2107 1151 tur
2141 1096 2350 1150 dubitet
2402 1096 2529 1165 qnin
2581 1094 2631 1148 hi
2673 1092 2912 1161 episcopi
2955 1090 3147 1145 Filium
3198 1100 3414 1157 quoque
3456 1085 3600 1139 dixe.

2021 1191 2126 1245 rint
2157 1188 2451 1243 ὑπόστασιν
2486 1204 2515 1241 a
2548 1187 2708 1241 Patre
2752 1182 3102 1241 distinctam?
3137 1179 3442 1237 Praesertim
3473 1192 3596 1232 cum

2020 1281 2309 1353 Dionysius
2340 1278 2734 1334 Alexandrinus
2761 1278 3000 1345 ejusdem
3027 1273 3209 1330 saeculi
3235 1272 3333 1347 τὴν
3359 1269 3598 1327 ὑπόστα-

2022 1393 2103 1429 σιν
2154 1385 2207 1429 et
2255 1376 2315 1429 τὸ
2355 1374 2716 1429 ἐνυπόστατον
2762 1383 3015 1441 tanquam
3059 1370 3198 1425 idem
3239 1365 3601 1438 significantia

2020 1469 2315 1538 usurparit,
2354 1477 2411 1522 ut
2438 1482 2505 1523 ex
2531 1467 2651 1521 loco
2684 1480 2846 1535 supra
2873 1463 3038 1518 allato
3065 1462 3261 1534 liquet.
3291 1459 3600 1514 Alexander

2017 1562 2301 1629 episcomts
2330 1559 2749 1622 Alexamlrinus,
2776 1557 2828 1612 in
2856 1555 3086 1627 epistola
3140 1555 3205 1609 ad
3233 1552 3599 1609 Alexandrum

2019 1648 2673 1719 Constantinopolitanum
2701 1656 2828 1703 ante
2855 1646 3120 1719 synodum
3150 1644 3426 1698 Niczenam
3460 1641 3600 1696 scri—

2020 1755 2132 1815 pta.
2168 1743 2358 1799 eodem
2387 1757 2547 1797 sensu
2589 1755 2776 1796 vocem
2808 1738 3086 1806 accepisse
3119 1737 3352 1801 videtur,
3381 1734 3505 1788 dum
3535 1737 3601 1787 ad

345 1831 566 1885 omnino
595 1838 891 1899 separatas.
919 1849 936 1882 ι
976 1829 1217 1886 Pessime
1257 1831 1423 1901 igitur
1471 1831 1635 1886 verba
1683 1830 1919 1901 Dionysii
1954 1822 1995 1877 Β
2026 1837 2184 1891 verba
2220 1833 2447 1890 Joannis
2489 1834 2834 1904 evangelista:
2877 1833 3083 1902 Evang.
3116 1845 3238 1899 cap.
3291 1844 3332 1891 ι,
3376 1842 3514 1882 vers.
3553 1826 3599 1887 l,

344 1922 531 1979 Graeca
575 1922 764 1978 Latine
810 1923 1045 1978 reddidit
1092 1922 1344 1978 Petavius
1380 1923 1919 1995 «distinctashypo-

346 2026 539 2071 stases.
566 2035 586 2069 ι
626 2016 901 2071 Adversus
930 2018 1029 2071 hos
1056 2017 1342 2073 haereticos
1365 2016 1561 2072 deinde
1588 2017 1779 2072 statuit
1799 2016 1921 2070 Dio-

350 2107 552 2177 nysius,
579 2106 817 2178 ἡνῶσθαι
850 2107 926 2177 τῷ
968 2106 1087 2179 Θεῷ
1110 2107 1217 2161 τῶν
1241 2107 1376 2161 ὅλων
1402 2107 1493 2161 τὸν
1544 2106 1684 2161 θεῖον
1728 2108 1921 2176 Λόγον,

350 2199 738 2269 ὲμφιλοχωρείν
780 2198 837 2252 δὲ
881 2199 957 2272 τῷ
989 2198 1127 2270 Θεῷ,
1164 2200 1257 2253 καὶ
1286 2199 1653 2253 ἐνδιαιτᾶσθαι
1682 2200 1743 2253 τὸ
1770 2200 1923 2269 ἅγιον

350 2289 596 2361 Πνεῦμα,
637 2290 819 2345 «ιιιιίτί
873 2291 1114 2346 οιιιηίιιιιι
1158 2291 1266 2347 Deo
1305 2292 1397 2346 Dei
1442 2289 1719 2358 Verbum;
1767 2301 1820 2347 et
1870 2292 1923 2346 in

348 2387 535 2439 eodem
570 2384 776 2439 hmrere
812 2385 1125 2456 versarique
1154 2384 1415 2454 Spiritum
1460 2394 1707 2439 sanctum
1734 2403 1746 2437 :
1771 2403 1787 2435 ι
1825 2384 1925 2438 hoc

348 2486 453 2540 est,
509 2477 829 2547 hypostases
888 2485 999 2532 tres
1068 2478 1278 2531 divinas
1339 2491 1435 2545 per
1490 2476 1923 2547 inexplicabilem

348 2569 636 2637 quamdam
668 2567 1038 2640 περιχώρησιν
1072 2569 1259 2623 intime
1285 2568 1387 2623 sibi
1425 2568 1655 2625 invicem
1695 2570 1923 2636 conjun—

348 2668 465 2712 ctas
512 2672 652 2724 esse,
693 2668 748 2711 et
796 2673 917 2713 sese
968 2668 1153 2711 mutuo
1205 2657 1363 2726 quasi
1412 2657 1700 2721 immeare,
1749 2655 1818 2708 ita
1870 2663 1926 2707 nt

349 2750 516 2804 altera
543 2752 611 2804 ab
647 2751 816 2805 altera
854 2754 1165 2821 neutiquam
1204 2748 1444 2820 separari
1477 2749 1667 2819 possit.
1701 2747 1815 2815 Qua
1858 2749 1925 2801 de

348 2854 406 2893 re
432 2841 656 2895 inferius
687 2841 837 2910 plura
871 2841 1136 2895 dicemus.
1166 2839 1373 2896 Locum
1409 2848 1592 2892 autem
1630 2839 1771 2893 hunc
1803 2838 1926 2895 Dio-

349 2932 488 3001 nysii
526 2932 753 3009 Romani
791 2935 1002 3002 integre
1040 2932 1265 2987 citatum
1312 2930 1500 2986 videas
1530 2930 1687 2999 hujus
1724 2931 1923 2985 sectio-

351 3024 434 3077 nis
466 3024 531 3078 de
567 3023 682 3078 Filii
715 3023 791 3096 τῷ
822 3023 1114 3096 ὁμοουσίῳ,
1150 3038 1271 3093 cap.
1314 3024 1401 3086 ll,
1439 3038 1586 3077 num.
1643 3022 1692 3075 l.
1740 3019 1925 3089 Itaque

349 3130 471 3169 cum
508 3117 795 3188 Dionysius
827 3116 1105 3171 Romanus
1137 3124 1318 3185 negat,
1351 3114 1402 3168 in
1433 3113 1633 3168 deitate
1669 3122 1778 3167 tres
1806 3126 1925 3167 esse

349 3210 672 3282 hypostases
723 3210 924 3264 divisas
978 3224 1041 3264 ac
1088 3218 1394 3277 separatas;
1448 3208 1588 3261 idem
1638 3206 1925 3260 manifeste

346 3302 538 3363 Voluit,
571 3303 714 3370 quod
748 3302 883 3354 alter
923 3300 1231 3371 Dionysius,
1266 3314 1388 3352 cum
1422 3296 1672 3362 aﬂirmat,
1710 3296 1922 3350 Patrem

351 3403 404 3448 et
438 3394 631 3447 Filium
663 3410 782 3448 esse
819 3396 953 3448 duas
1000 3395 1320 3464 hypostases
1365 3391 1588 3445 minime
1622 3401 1921 3459 separatas,

352 3495 406 3540 et
456 3484 717 3555 Spiritum
758 3493 1006 3540 sanctum
1050 3497 1267 3554 quoque
1315 3481 1632 3553 hypostasin
1690 3495 1811 3536 esse
1873 3481 1926 3535 in

351 3576 468 3645 Ipso
520 3575 656 3630 Filio
698 3578 1128 3639 subsistentem,
1177 3575 1421 3643 adeoque
1469 3588 1642 3642 neque
1689 3588 1719 3627 a
1764 3574 1922 3640 Filio,

352 3685 524 3739 neque
554 3686 582 3723 a
616 3670 773 3725 Patre
803 3667 1151 3737 disjunctam.
1192 3669 1458 3723 Nimirum
1495 3678 1719 3740 uterque
1756 3669 1923 3740 hypo-

350 3775 570 3819 8taseon
597 3762 1000 3817 distinctionem
1048 3763 1097 3816 in
1131 3760 1418 3817 divinitate
1442 3761 1648 3831 pariter
1680 3763 1924 3832 agnovit;

355 3866 581 3927 uterque
626 3855 945 3910 divisionem
997 3867 1052 3910 et
1107 3854 1509 3926 separationem
1567 3854 1927 3927 hypostaseon

354 3950 555 4017 pariter
592 3949 829 4018 negavit.
868 3947 960 4003 His
1006 3963 1133 4002 vero
1164 3947 1522 4003 clarissimam
1567 3947 1742 4003 lucem
1773 3946 1931 4001 all'ert

364 4041 502 4097 alter
534 4041 776 4112 Dionysii
818 4041 1168 4095 Alexandrini
1210 4040 1380 4107 locus,
1426 4042 1625 4097 citatus
1675 4055 1704 4094 a
1742 4038 1933 4109 Magno

358 4133 552 4189 Basilio
579 4133 631 4188 in
672 4134 808 4187 libro
835 4132 910 4187 De
934 4130 1134 4198 Spiritu
1161 4144 1367 4197 sancto,
1397 4148 1519 4202 cap.
1550 4132 1640 4198 29,
1694 4132 1781 4186 ubi
1813 4131 1935 4186 Dio-

358 4227 571 4296 nysimn
621 4226 767 4280 illum
822 4226 1023 4280 inducit
1065 4227 1143 4280 sic
1191 4225 1244 4278 in
1311 4226 1487 4281 media
1539 4240 1634 4279 sua
1682 4225 1935 4294 Apologia

354 4328 541 4372 contra
564 4315 897 4369 Sabellinnos
912 4317 1267 4383 disputantem
1285 4314 1395 4385 (27)
1420 4332 1433 4368 :
1454 4316 1515 4367 Εἰ
1534 4314 1608 4386 τῷ
1625 4317 1770 4385 τρεῖς
1797 4309 1935 4369 εἶναι

352 4411 451 4473 τὰς
485 4411 830 4473 ὑποστάσεις,
884 4410 1297 4479 μεμερισμένας
1342 4402 1481 4459 εἶναι
1516 4406 1756 4475 λέγουσι,
1790 4408 1938 4477 τρεῖς

2027 1930 2137 1984 haec
2170 1928 2357 1983 scribit
2378 1926 2490 2000 (29)
2515 1947 2526 1981 :
2548 1928 2659 1996 Την
2684 1926 2791 1996 γὰρ
2813 1925 3106 1996 ἰδιότροπον
3127 1920 3287 1976 αὐτοῦ
3306 1918 3603 1973 ὑπόστασιν

2025 2022 2307 2091 ἐδήλωσεν,
2336 2019 2527 2084 εἰπὼν,
2545 2020 2639 2071 Ἐν
2659 2016 2816 2087 ἀρχῇ
2844 2013 2922 2087 ἦν
2944 2020 2976 2069 ὁ
2999 2017 3209 2085 Λόγος,
3234 2013 3331 2067 καὶ
3358 2017 3390 2066 ό
3411 2011 3601 2080 Λόγος

2023 2110 2100 2184 ἦν
2119 2113 2266 2182 πρὸς
2287 2113 2393 2167 τὸν
2415 2113 2584 2177 Geor,
2610 2130 2628 2163 ι
2651 2112 2700 2165 id
2718 2119 2833 2165 est:
2856 2127 2874 2161 ι
2903 2108 3128 2177 Proprio
3158 2108 3314 2161 modo
3344 2113 3602 2159 constan»

2027 2214 2133 2259 tem
2170 2202 2287 2272 ejus
2318 2201 2483 2273 (Filii)
2527 2200 2863 2275 hypostasim
2902 2194 3248 2266 signiﬁcavit,
3284 2193 3493 2257 dicens,
3528 2188 3596 2243 In

2024 2296 2278 2363 principio
2305 2305 2414 2349 erat
2455 2291 2696 2357 Verbum,
2732 2300 2778 2344 et
2819 2288 3039 2343 Verbum
3072 2296 3182 2341 erat
3213 2289 3357 2353 apud
3378 2282 3599 2335 Deum.»

2028 2388 2116 2456 Et,
2144 2390 2186 2444 si
2222 2387 2416 2457 Magno
2450 2386 2670 2450 Basilio,
2717 2386 2897 2454 potius
2938 2398 3100 2452 quam
3153 2394 3359 2450 nnpero
3390 2375 3607 2431 Jesuitm

2027 2481 2269 2546 Petavio,
2301 2481 2435 2536 ﬁdes
2465 2478 2708 2533 habenda
2738 2478 2831 2543 sit,
2864 2475 3053 2531 eodem
3084 2488 3245 2527 sensu
3278 2465 3605 2523 vocabulum

2028 2574 2427 2637 intellexerunt,
2476 2572 2634 2641 juxta
2672 2569 2950 2638 antiquum
2992 2566 3207 2620 scilicet
3264 2564 3315 2615 in
3366 2558 3606 2615 Ecclesia

2028 2681 2207 2731 usum,
2248 2664 2440 2719 Patres
2474 2663 2698 2727 Nicmni,
2733 2676 2855 2716 cum
2907 2662 2959 2714 in
2994 2656 3246 2729 Symbolo
3292 2653 3609 2707 anathema-

2030 2758 2266 2811 tizarunt
2305 2770 2431 2818 eos,
2463 2754 2555 2825 qui
2596 2754 2840 2809 dicerent
2885 2751 3079 2806 Filium
3128 2763 3248 2803 esse
3301 2745 3360 2811 ἐξ
3413 2745 3609 2816 ἐτέρας

2027 2847 2376 2911 ὑποστάσεως
2425 2846 2459 2917 ἢ
2495 2846 2701 2911 οὐσίας,
2740 2862 2759 2895 ι
2783 2860 2850 2901 ex
2894 2843 2997 2896 alia
3032 2839 3307 2911 hypostasi
3344 2838 3457 2892 sive
3481 2837 3610 2891 sub-

2028 2942 2226 2996 stantia
2263 2959 2281 2993 ι
2323 2955 2486 3010 quam
2517 2938 2716 2994 Patris.
2746 2936 2879 2990 Nam
2906 2933 3137 2988 Basilius
3174 2933 3226 2986 in
3270 2928 3492 2999 epistola
3516 2928 3607 2991 78,

2029 3033 2273 3087 referens
2317 3029 2632 3085 Marcellum
2669 3030 3042 3099 Ancyranum,
3080 3034 3134 3078 et
3176 3023 3313 3079 alios
3348 3020 3609 3091 quosdam

2031 3124 2349 3181 Sabelliante
2380 3122 2618 3177 fautores
2645 3121 2892 3185 haeresis,
2921 3135 2983 3175 ex
3018 3118 3124 3172 illis
3159 3114 3361 3170 Niczcni
3391 3112 3611 3167 concilii

2028 3219 2205 3273 verbis
2235 3216 2595 3286 patrocinium
2627 3214 2979 3285 quzesivisse;
3016 3209 3201 3264 οὐσίαν
3231 3218 3283 3263 et
3315 3207 3613 3264 ὑπόστασιν

2030 3319 2187 3378 negat
2214 3310 2278 3361 ὲκ
2309 3307 2675 3378 παραλλήλου,
2702 3314 2755 3361 et
2791 3316 3050 3375 tanquam
3078 3306 3217 3357 idem
3241 3301 3616 3371 significantes

2030 3416 2192 3455 voces
2226 3416 2255 3454 a
2293 3398 2542 3453 Patribus
2573 3398 2844 3453 adhibitas
2872 3398 3061 3450 fuisse.
3083 3394 3235 3463 Quod
3268 3395 3369 3448 hac
3406 3395 3615 3447 ratione

2029 3492 2218 3561 probat
2248 3510 2261 3545 :
2294 3491 2354 3545 Εἰ
2381 3490 2489 3563 γὰρ
2522 3490 2673 3561 μίαν.
2703 3490 2795 3543 καὶ
2820 3488 2918 3560 τὴν
2957 3487 3124 3558 αὐτὴν
3157 3487 3373 3559 ἐδήλουν
3406 3486 3615 3539 ἔννοιαν

2028 3588 2085 3641 αἱ
2113 3586 2306 3657 φωναὶ,
2334 3583 2416 3648 τίς
2444 3584 2601 3655 χρεία
2625 3578 2691 3653 ἧν
2722 3580 3026 3651 ἑκατέρωνς
3046 3578 3208 3633 Ἀλλὰ
3234 3576 3389 3647 δῆλον
3412 3578 3513 3639 ὅτι,
3539 3576 3615 3637 ὼς

2027 3678 2135 3737 τῶν
2178 3678 2274 3748 μὲν
2298 3677 2644 3749 ἀρνουμένων
2672 3674 2732 3727 τὸ
2765 3676 2830 3727 ἐκ
2853 3674 2952 3744 τῆς
2984 3672 3170 3734 οὐσίας
3205 3668 3343 3725 εἶναι
3370 3668 3463 3722 τοῦ
3499 3669 3615 3724 Παυ-

2030 3772 2175 3843 τρὸς,
2206 3770 2314 3827 τῶν
2369 3769 2425 3826 δὲ
2456 3768 2722 3838 λεγόντων
2754 3765 2876 3820 οὐτε
2924 3768 2988 3819 ἐκ
3025 3765 3120 3836 τῆς
3165 3763 3372 3826 οὐσίας,
3412 3761 3526 3815 ἀλλ’
3558 3761 3619 3825 ἐξ

2031 3864 2195 3934 ἄλλης
2230 3864 2371 3928 τινὸς
2415 3862 2795 3925 ὑποστάσεως·
2828 3858 3000 3923 οὑτως
3032 3858 3316 3929 ἀμφότερα.
3355 3857 3429 3920 ὡς
3464 3854 3619 3909 ἁλλό-

2032 3973 2159 4027 τρια
2196 3953 2288 4014 τοῦ
2328 3952 2779 4025 ὲκκλησιαστικοῦ
2814 3951 3161 4026 φρονήματος
3210 3949 3613 4022 ἀπηγόρευσαν.

2034 4049 2089 4104 ld
2137 4058 2242 4112 est,
2298 4068 2316 4099 ι
2349 4047 2403 4102 Si
2441 4062 2603 4101 unam
2641 4056 2693 4101 et
2731 4047 2977 4100 eamdem
3008 4054 3120 4098 rem
3169 4042 3618 4112 signiticaverunt

2034 4157 2198 4197 voces
2232 4140 2361 4207 illan,
2389 4141 2518 4211 quid
2552 4140 2823 4194 attinebat
2856 4137 3016 4194 simul
3049 4136 3169 4191 illas
3200 4136 3483 4190 adhiberi?
3508 4134 3619 4189 Sed

2034 4236 2379 4306 perspicuum
2435 4242 2542 4294 est,
2582 4249 2665 4288 eo.
2692 4232 2833 4301 quod
2873 4231 2963 4285 alii
3021 4238 3283 4300 negarent.
3326 4227 3525 4283 Filium
3587 4240 3621 4280 e

2037 4328 2341 4381 substantia
2373 4342 2495 4381 esse
2530 4326 2742 4392 Patris;
2781 4324 2871 4379 alii
2906 4337 3081 4393 neque
3117 4337 3182 4377 ex
3215 4322 3333 4391 ejus
3363 4322 3620 4375 substan-

2043 4419 2135 4482 tia,
2189 4427 2243 4471 et
2294 4433 2359 4470 ex
2401 4417 2509 4470 alia
2559 4417 2781 4485 insuper
2836 4414 3114 4485 hypostasi
3156 4427 3279 4467 esse
3335 4412 3617 4467 dicerent:

354 4504 459 4556 είσι
490 4501 591 4555 κᾶν
648 4501 725 4572 μὴ
774 4499 1020 4564 θέλωσιν,
1050 4499 1083 4570 ἢ
1114 4500 1213 4568 τὴν
1244 4497 1393 4551 θείαν
1420 4498 1462 4549 Τ
1469 4497 1623 4568 ριάδα
1660 4497 1925 4562 παντελῶς

2042 4517 2325 4579 utramque
2358 4507 2474 4562 illos
2501 4508 2813 4577 opinionem
2845 4515 3103 4575 tanquam
3135 4506 3368 4558 alienam
3402 4518 3429 4555 a
3458 4516 3623 4558 sensu

354 4595 714 4658 ἀνελέτωσαν,
749 4593 801 4647 id
835 4602 937 4659 est,
997 4609 1017 4643 ι
1047 4591 1104 4645 Si
1145 4606 1210 4646 eo
1253 4591 1399 4661 quod
1440 4599 1551 4645 tres
1581 4600 1709 4645 sunt
1742 4605 1932 4660 perso—

357 4703 457 4751 nm.
487 4688 687 4741 divisas
730 4699 851 4740 esse
895 4684 1105 4747 dicunt,
1161 4694 1271 4739 tres
1319 4694 1447 4739 sunt
1487 4684 1700 4738 etiamsi
1739 4683 1934 4746 nolint,

356 4790 448 4835 aut
474 4780 709 4836 divinam
744 4778 1067 4832 Trinitatem
1117 4792 1342 4847 prorsus
1374 4792 1405 4832 e
1449 4778 1627 4831 medio
1670 4776 1881 4831 tollant.
1914 4796 1931 4827 ι

357 4874 565 4939 Quibus
595 4889 660 4929 ex
694 4872 871 4927 verbis
901 4882 1087 4940 aperte
1113 4869 1407 4939 colligitur,
1456 4870 1594 4937 apud
1625 4867 1939 4923 Catholicos

360 4966 595 5036 Dionysii
624 4974 781 5033 aetate
810 4974 983 5020 ratum
1015 4975 1069 5020 et
1105 4964 1270 5019 ﬁxum
1302 4961 1429 5017 illud
1461 4960 1653 5023 fuisse,
1684 4970 1794 5015 tres
1819 4974 1937 5014 esse

362 5060 415 5116 in
448 5058 646 5125 divinis
677 5058 1028 5126 bypostases;
1068 5056 1405 5111 Sabellianos
1437 5068 1566 5107 vero
1604 5070 1669 5106 ex
1723 5052 1809 5105 illa
1842 5052 1939 5125 hy—

360 5150 569 5220 pothesi
616 5149 873 5219 consequi
906 5149 1252 5203 existimasse
1304 5156 1413 5201 tres
1456 5160 1578 5200 esse
1621 5146 1938 5217 hypostases

358 5244 594 5307 divisas;
635 5250 818 5311 utpote
868 5243 957 5311 qui
1003 5251 1112 5297 tres
1145 5241 1430 5295 distinctas
1464 5252 1723 5308 personas
1758 5237 1809 5292 in
1852 5252 1937 5291 es-

358 5334 531 5387 sirntia
574 5334 754 5388 divina
797 5335 1001 5402 absque
1051 5332 1317 5387 divisione
1354 5331 1713 5386 subsistentes
1761 5339 1938 5385 mente

358 5444 456 5485 sua
485 5430 770 5501 concipere
801 5429 1179 5502 nequiverunt.
1216 5428 1368 5482 Ilanc
1394 5436 1572 5481 autem
1597 5440 1937 5494 consequen-

362 5526 489 5580 tiam
525 5524 746 5579 omnino
778 5524 1028 5592 rejiciunt
1062 5524 1221 5578 ambo
1267 5522 1504 5596 Dionysii
1536 5522 1588 5576 in
1621 5522 1750 5576 locis
1778 5536 1937 5590 supra

358 5614 627 5671 adductis.
679 5613 998 5686 Pergamus.
1060 5613 1302 5688 Dionysii
1365 5615 1648 5684 utriusque
1700 5611 1938 5683 azquales

433 5726 544 5800 (27)
574 5728 631 5782 S.
670 5728 849 5782 Basilii
877 5737 1003 5784 tom.
1033 5725 1096 5791 ll,
1134 5743 1187 5798 p.
1219 5728 1345 5795 558,
1372 5729 1501 5784 edit.
1532 5726 1701 5782 Paris.
1736 5724 1892 5778 l657.

434 5823 544 5893 (28)
580 5824 714 5880 Bibl.
752 5822 866 5880 PP.
896 5835 1019 5880 tom.
1051 5823 1135 5879 Xl.

2037 4596 2405 4653 ecclesiastico
2446 4594 2717 4664 reiecisse.
2766 4614 2783 4645 ›
2830 4594 2985 4648 Libet
3022 4610 3148 4648 vero
3189 4593 3278 4647 hic
3308 4592 3486 4647 obiter
3521 4607 3617 4645 ar-

2039 4700 2288 4762 gumenta
2326 4690 2619 4759 prmcipua,
2656 4687 2856 4757 quibus
2892 4689 3032 4741 hanc
3068 4686 3137 4739 Μ.
3190 4687 3372 4739 Basilii
3403 4694 3622 4739 senten-

2044 4785 2170 4838 tiam
2201 4782 2505 4837 convellere
2537 4781 2791 4835 Petavius
2828 4790 3056 4834 conatus
3082 4789 3165 4833 est
3188 4778 3264 4832 De
3282 4777 3500 4841 Triuit.,
3526 4776 3618 4830 lib.

2045 4891 2120 4942 IV,
2162 4890 2281 4945 cap.
2316 4873 2372 4940 2,
2426 4889 2575 4928 num.
2614 4873 2671 4939 6,
2720 4873 2911 4943 paucis
2960 4872 3028 4926 ad
3068 4887 3295 4926 examen
3340 4883 3619 4924 revocare.

2051 4987 2068 5019 ι
2099 4968 2303 5036 Primo,
2366 4968 2563 5037 inquit.
2608 4974 2797 5021 contra
2861 4965 3034 5021 solum
3077 4964 3191 5023 Arii
3220 4967 3414 5033 dogma
3461 4961 3624 5032 Sym—

2047 5059 2151 5114 boli
2188 5058 2481 5113 clausulam
2515 5057 2789 5113 addidisse
2846 5056 3045 5115 Patres.
3088 5054 3292 5123 liquido
3337 5062 3572 5106 constat.
3601 5072 3619 5102 ι

2047 5151 2292 5206 Poteram
2341 5152 2681 5221 interrogare
2742 5150 3047 5209 Petavium,
3106 5147 3247 5201 unde
3308 5146 3359 5200 id
3424 5146 3628 5214 liquido

2047 5244 2294 5298 constet?
2326 5242 2483 5297 Certe
2516 5243 2886 5312 liquidissima.
2925 5249 3163 5302 constat,
3211 5238 3402 5292 Patres
3444 5238 3495 5291 in
3528 5253 3626 5289 suo

2049 5335 2304 5411 Symbo'lo
2354 5354 2661 5408 quanquam
2709 5339 2821 5393 Arii
2879 5338 3073 5405 dogma
3122 5333 3390 5402 pratcipue
3448 5334 3627 5399 itnptt-

2046 5446 2214 5501 gnare
2247 5430 2599 5493 intenderiut,
2644 5430 2873 5484 aliorum
2914 5438 3091 5480 tamen
3143 5426 3381 5478 haereses
3426 5422 3625 5474 alicubi

2048 5522 2437 5592 perstringere.
2482 5522 2573 5577 Sic
2617 5538 2739 5578 cum
2776 5520 3044 5574 detiniunt
3086 5532 3182 5586 per
3231 5514 3425 5569 Filium
3487 5512 3624 5565 facta

2047 5614 2215 5669 fuisse
2264 5617 2470 5681 omnia,
2541 5630 2644 5668 non
2683 5612 2935 5675 Arianos,
2979 5608 3180 5679 quippe
3213 5608 3304 5675 qui
3343 5606 3444 5659 hoc
3487 5621 3623 5658 nun-

2122 5724 2235 5795 (9.9)
2270 5725 2598 5781 Theodorei.
2657 5721 2853 5779 Eccles.
2884 5721 3009 5776 hist.
3042 5718 3137 5775 lib.
3174 5734 3210 5785 ι,
3239 5731 3365 5786 cap.
3394 5715 3445 5771 IL
