4068 6312
560 338 700 391 ἱῖοῦ

1991 333 2417 392 EXCERPTUM

3635 344 3757 402 l3‘l‘

549 471 710 524 quam
751 456 1030 526 negarint;
1079 457 1173 511 sed
1221 456 1526 523 Ebionmos,
1566 458 1954 523 Artemonitas,
2008 459 2110 515 Sa-
2137 460 2184 516 Α
2213 453 2420 509 Seleuc.
2441 453 2892 519 recitata,htecin
2913 452 3187 509 linebabet
3214 451 3364 527 :(30)
3382 453 3758 527 Τοῦςδὲλέγσυ-

552 545 976 610 mosatenianos,
1022 554 1077 599 et
1113 544 1351 614 ejusdem
1387 555 1615 602 monetae
1660 548 1794 603 alios
1826 549 2112 606 haereticos

550 633 771 690 feriunt.
822 635 928 691 Sed
972 645 1109 703 esto,
1143 637 1439 692 clausulam
1487 639 1643 693 istam
1698 649 1888 694 contra
1941 639 2112 695 solum

547 725 874 784 Arianorum
899 726 1090 798 dogma
1121 743 1149 783 a
1177 727 1426 785 Patribus
1454 729 1689 783 additam
1744 729 1908 787 fuisse
1950 729 2115 803 (quod

548 818 893 874 verissimum
945 833 1064 874 esse
1108 818 1295 890 puto);
1351 821 1479 891 quid
1549 822 1699 876 tum?
1734 823 1979 890 rAriani,
2027 823 2114 877 in—

553 909 668 976 quit
693 907 970 974 Petavius,
1014 925 1121 964 non
1155 910 1458 965 docuerunt
1514 911 1713 968 Filium
1746 914 1813 968 ab
1851 914 1953 968 alia
1987 930 2115 984 pcr-

552 1015 684 1055 sona
725 1015 884 1070 quam
919 1000 1096 1059 Patris
1133 1002 1392 1071 originem
1446 1005 1694 1059 traxisse.
1719 1023 1739 1057 ι
1775 1004 2113 1075 Respondeo,

555 1104 728 1160 neque
768 1091 1020 1146 docuisse
1065 1092 1386 1147 Arianorum
1440 1095 1774 1164 quempiam,
1816 1095 2013 1152 Filium
2051 1112 2118 1154 ex

555 1183 659 1238 alia
689 1185 990 1241 substantia
1016 1186 1278 1256 originem
1308 1188 1559 1256 traxisse,
1583 1189 1626 1244 si
1655 1190 1824 1260 rigide
1848 1202 1903 1246 et
1931 1202 2121 1249 exacte

556 1274 701 1344 loqui
749 1276 1001 1332 velimus.
1050 1277 1246 1332 Verum
1288 1287 1348 1333 ut
1382 1294 1570 1333 omnes
1616 1281 1801 1337 Ariani
1856 1293 2123 1354 negarunt

556 1365 753 1423 Filium
799 1381 831 1423 e
861 1367 1161 1424 substantia
1192 1368 1367 1425 Patris
1398 1382 1615 1438 natum;
1650 1375 1719 1428 ita
1752 1374 1969 1441 quidam
2007 1375 2120 1431 ullo

558 1461 718 1517 modo
743 1475 808 1516 ex
837 1462 952 1530 ipso
978 1463 1154 1527 Patre,
1184 1464 1297 1517 sive
1326 1476 1391 1517 ex
1422 1464 1698 1535 bypostasi
1723 1465 1900 1520 Patris
1934 1474 2120 1519 natum

561 1554 708 1609 illum
741 1551 907 1609 fuisse
930 1564 1315 1622 pernegarunt.
1345 1553 1565 1610 Scilicet
1607 1559 1721 1610 duae
1754 1556 1904 1612 fuere
1940 1557 1989 1609 in
2010 1558 2120 1623 pri-

561 1646 663 1699 mis
694 1646 1148 1700 Ariomanitarum
1172 1645 1412 1700 classes:
1442 1645 1532 1699 alii
1570 1645 1873 1700 fatebantur
1902 1648 2120 1716 quidem

560 1737 754 1791 Filium
786 1753 852 1793 ex
882 1738 994 1807 ipsa
1024 1736 1198 1791 Patris
1229 1738 1506 1807 hypostasi
1535 1738 1788 1807 peculiari
1835 1741 1990 1792 modo
2027 1754 2124 1791 na-

2211 566 2309 611 τας
2331 548 2388 614 ἐξ
2413 548 2513 601 οὐκ
2539 546 2707 600 ὄντων
2745 546 2837 600 τὸν
2870 545 3017 609 Υἱὺν,
3047 545 3081 617 ἧ
3112 546 3170 612 ἐξ
3197 546 3398 619 ἐτέρας
3424 547 3761 617 ὑποστάσεως,

2215 642 2309 695 καὶ
2341 641 2414 710 μὴ
2449 641 2514 693 ἐκ
2543 637 2637 692 τοῦ
2663 637 2823 701 Θεοῦ,
2847 635 2985 709 [καὶ]
3017 633 3086 708 ἧι
3111 636 3245 690 ποτὲ
3275 637 3369 691 ὅτε
3395 637 3495 691 οὐκ
3517 634 3600 708 ἦν,
3625 642 3759 696 ἀλλο-

2213 732 2394 804 τρίους
2421 727 2559 784 οἶδεν
2585 731 2621 801 ἡ
2654 728 2914 800 καθολικὴ
2928 727 3243 799 Ἐκκλησία.
3260 727 3321 782 Id
3347 738 3453 792 est,
3476 728 3606 784 tEos
3625 746 3765 800 porro

2216 823 2306 894 qui
2338 823 2523 877 dicunt
2554 821 2749 875 Filium
2783 836 2853 876 ex
2879 835 2985 875 non
3013 820 3431 887 exsistentibus,
3454 819 3566 876 sive
3589 836 3651 877 ex
3673 824 3767 880 alia

2216 913 2515 984 bypostasi,
2545 921 2597 967 et
2641 927 2746 966 non
2787 927 2855 966 ex
2890 910 3000 966 Deo
3027 926 3168 981 esse,
3198 921 3259 968 et
3303 911 3410 966 fuit
3443 922 3643 982 tempus
3675 930 3771 985 quo

2219 1006 2454 1060 nondum
2499 1013 2616 1059 erat
2659 1002 2847 1068 Filius,
2877 1003 3085 1059 alienos
3126 1018 3156 1057 a
3189 1018 3253 1058 se
3300 1010 3491 1058 censet
3530 1005 3766 1063 catholica

2218 1090 2478 1145 Ecclesia.
2507 1108 2527 1140 ι
2562 1089 2756 1143 Eadem
2783 1090 2942 1159 plane
2966 1089 3221 1144 exhibent
3250 1087 3543 1146 Confessio
3566 1106 3654 1161 per
3675 1093 3768 1148 Eu-

2223 1179 2464 1245 doxium,
2495 1178 2836 1250 Martyrium,
2883 1190 2939 1235 et
2977 1180 3114 1234 alios
3151 1180 3207 1234 in
3256 1178 3471 1235 Italiam
3517 1182 3690 1252 missa,
3723 1195 3770 1241 et

2219 1270 2505 1327 Confessio
2532 1270 2869 1337 Sirmiensis,
2895 1287 3013 1341 quae
3038 1274 3176 1344 apud
3207 1272 3578 1327 Athanasium
3600 1260 3769 1331 ibidem

2223 1373 2546 1432 sequuntur.
2599 1365 2758 1419 Vides
2803 1375 2982 1419 autem
3015 1365 3121 1431 hic,
3149 1366 3396 1421 Arianos
3433 1364 3554 1425 illos
3577 1381 3770 1436 nexam

2221 1454 2439 1517 Filium,
2486 1469 2555 1508 ex
2585 1455 2752 1509 nihilo
2799 1466 3067 1520 creatum,
3115 1456 3231 1512 sive
3267 1457 3513 1523 factum;
3548 1467 3599 1512 et
3628 1457 3772 1514 lassos

2225 1541 2389 1596 fuisse
2405 1540 2601 1597 Filium
2620 1542 2679 1610 eg
2703 1543 3052 1607 ὑποστάσεως
3079 1564 3097 1597 ι
3124 1561 3192 1600 ex
3214 1545 3502 1614 hypostasi
3523 1565 3542 1598 ι
3579 1546 3661 1602 Dei
3686 1547 3767 1602 Pa-

2226 1637 2344 1702 tris,
2368 1635 2482 1690 sive
2507 1649 2573 1689 ex
2605 1636 2721 1703 ipso
2766 1636 2875 1690 Deo
2908 1648 3090 1691 natum
3122 1654 3137 1691 :
3166 1654 3292 1693 cum
3339 1648 3520 1694 tamen
3564 1641 3767 1696 certissi-

2227 1742 2370 1779 mum
2402 1727 2473 1781 sit
2514 1729 2732 1782 eosdem
2780 1728 3062 1784 hereticos
3104 1746 3393 1800 nunquam
3437 1731 3630 1799 lassos,
3667 1751 3771 1791 nua-

564 1837 674 1882 tum
710 1805 915 1893 fuisse,
931 1843 1033 1882 non
1064 1837 1123 1882 ut
1150 1837 1357 1883 camerae
1403 1839 1687 1893 creaturae,
1728 1844 1794 1884 ex
1844 1811 2011 1884 nihilo
2041 1829 2120 1884 la-

2229 1832 2388 1883 quam
2412 1816 2650 1873 fassuros
2675 1819 2839 1874 fuisse
2864 1820 3054 1875 Filium
3071 1820 3128 1888 ἐξ
3144 1823 3338 1889 οὐσίας
3361 1840 3381 1874 ι
3402 1838 3435 1879 e
3458 1824 3733 1880 substantia
3750 1846 3769 1879 ι

563 1928 744 1984 etum;
780 1919 872 1974 sed
918 1920 1184 1988 negabant
1225 1929 1402 1972 tamen
1437 1917 1631 1983 Filium
1675 1933 1741 1973 ex
1783 1918 1959 1973 Patris
1995 1920 2125 1974 sub-

562 2010 762 2064 stantia
788 2011 1152 2080 progenitum;
1191 2012 1442 2066 virtutem
1480 2011 1851 2065 tantummodo
1885 2012 2127 2080 aliquam

564 2110 844 2170 paternam
890 2102 1037 2154 illum
1080 2116 1201 2156 esse
1249 2102 1625 2156 existimantes
1657 2144 1673 2168 ,
1728 2116 1837 2156 non
1893 2112 2130 2172 paternas

565 2194 878 2248 substantia:
910 2193 1238 2265 ἀπόρροιαν·
1272 2194 1362 2248 alii
1407 2210 1475 2248 ne
1517 2211 1581 2250 ex
1629 2196 1747 2263 ipso
1777 2192 1937 2250 Patre
1970 2210 2131 2265 pecu-

568 2288 683 2342 liari
730 2288 887 2344 modo
915 2291 1154 2361 genitum
1202 2288 1370 2345 fuisse
1416 2289 1614 2345 Filium
1661 2291 1987 2356 faterentur;
2038 2293 2132 2346 sed

567 2382 721 2448 plane
748 2396 813 2437 ex
846 2398 952 2438 non
982 2383 1365 2439 exsistentibus
1401 2383 1622 2449 factum,
1651 2394 1709 2439 ut
1735 2394 1942 2441 creterra
1975 2401 2131 2442 crea-

568 2481 719 2536 turae,
747 2474 973 2529 rotunde
1006 2475 1441 2542 pronuntiarunt.
1466 2475 1681 2531 Priores
1709 2475 1783 2531 illi
1810 2475 2132 2534 Semiariani

568 2565 694 2618 dicti
745 2563 915 2628 fuere,
946 2579 1174 2634 quorum
1216 2566 1545 2621 sententiam
1576 2605 1592 2632 ,
1623 2581 1690 2621 ex
1723 2567 1962 2637 ipsorum
2007 2585 2135 2624 con-

567 2654 805 2710 fessione
829 2656 967 2724 apud
986 2656 1346 2728 Epiphanium
1376 2659 1567 2715 haeres.
1594 2673 1797 2725 tum,
1834 2675 1978 2713 num.
2010 2660 2051 2714 2
2081 2668 2136 2715 et

568 2764 750 2818 soqqq
790 2750 869 2803 sic
894 2749 1080 2817 paucis
1108 2751 1311 2819 optime
1344 2750 1638 2819 explicavit
1668 2751 1793 2805 alibi
1830 2752 1946 2821 ipse
1982 2749 2137 2806 Peta-

570 2841 688 2893 vius
721 2840 804 2894 ln's
828 2840 1003 2896 verbis
1031 2858 1046 2896 :
1079 2841 1216 2907 tibi,
1262 2842 1437 2910 inquit
1484 2842 1555 2896 De
1590 2839 1781 2895 Trinit.
1825 2842 1918 2898 lib.
1947 2859 1987 2908 t,
2013 2858 2133 2911 cap.

572 2933 660 2997 10,
690 2947 836 2987 num.
891 2932 958 3000 7,
1001 2934 1165 2987 multa
1208 2934 1476 2989 catholico
1514 2934 1747 3005 dogmati
1775 2951 1934 3005 quam
1966 2936 2144 2990 simili

570 3025 703 3079 lima
735 3024 1039 3092 proferunt.
1063 3022 1117 3079 ln
1152 3025 1340 3094 primis
1364 3025 1502 3091 quod
1533 3024 1727 3081 Filium
1779 3036 1976 3097 negant
2006 3042 2131 3082 esse

571 3124 900 3182 creaturam,
934 3131 997 3170 eo
1025 3116 1165 3184 quod
1195 3131 1354 3171 verus
1382 3117 1453 3172 sit
1477 3117 1645 3173 Filius
1674 3133 1693 3170 :
1721 3132 1783 3173 ac
1813 3133 1938 3174 vera
1970 3133 2125 3188 gene-
2159 3151 2202 3208 ο

574 3207 783 3261 ratione
814 3208 1127 3276 productus,
1173 3223 1278 3262 non
1311 3210 1517 3279 trepica
1548 3210 1657 3273 illa,
1689 3225 1793 3278 qua
1821 3221 2018 3266 creatm
2048 3228 2135 3268 res

571 3316 599 3350 a
629 3300 736 3352 Deo
759 3300 953 3368 genitae
976 3298 1226 3353 dicuntur
1256 3318 1269 3353 :
1303 3301 1394 3353 sed
1424 3315 1550 3355 vere
1574 3316 1693 3354 esse
1709 3299 1949 3354 Patrem.
1967 3300 2137 3369 Quem

571 3399 626 3443 et
667 3405 734 3443 ex
783 3405 905 3444 sese
942 3390 1192 3462 genuisse
1240 3390 1437 3445 Filium
1495 3392 1753 3457 fatentur,
1804 3392 1964 3463 idque
2011 3407 2139 3449 ante

574 3496 789 3536 onmem
828 3481 1234 3551 cogitationem,
1273 3491 1328 3535 et
1368 3497 1558 3538 omnes
1609 3485 1864 3550 rationes,
1902 3499 1955 3540 et
2006 3495 2140 3540 tem-

573 3588 725 3644 pora,
748 3583 802 3633 et
830 3573 1044 3628 szecula.
1074 3572 1199 3628 llaec
1226 3583 1354 3629 sunt
1380 3575 1561 3645 specie
1589 3576 1703 3645 ipsa
1736 3575 2063 3645 plausibilia,
2088 3589 2141 3633 et

575 3667 643 3720 ad
691 3667 1011 3722 catholicam
1060 3668 1447 3736 professionem
1497 3684 1658 3738 quam
1705 3673 1950 3740 proxime
1988 3687 2146 3727 acce-

575 3757 730 3811 dunt.
760 3759 864 3812 Sed
889 3759 1040 3813 deest
1072 3768 1252 3815 tamen
1291 3761 1393 3815 hoc
1420 3760 1547 3825 illis,
1580 3761 1633 3816 in
1674 3778 1780 3831 quo
1821 3764 1943 3819 fidei
1980 3764 2144 3818 robur

575 3861 842 3918 caputque
869 3851 1148 3916 consistit,
1196 3854 1336 3920 quod
1380 3853 1571 3908 Filium
1612 3855 1677 3908 ὲκ
1704 3855 1803 3927 τῆς
1834 3855 2021 3920 οὐσίας
2053 3871 2145 3924 ge-

577 3941 748 3995 nitum
789 3957 818 3994 a
860 3941 1021 3997 Patre
1067 3956 1190 3996 esse
1229 3959 1335 3998 non
1385 3945 1744 4012 confitentur,
1793 3946 1890 4002 sed
1937 3949 2002 4001 ὲκ
2047 3948 2145 4018 τῆς

576 4033 889 4104 ὁμοιότητος
952 4034 1044 4088 τοῦ
1103 4036 1348 4107 Πατρὸς,
1409 4054 1474 4092 es
1534 4040 1880 4094 similitudine
1935 4039 2143 4103 Patris;

577 4137 769 4191 nempe
792 4125 1040 4195 ἐνεργείᾳ
1062 4131 1380 4199 γεννητικῇ,
1426 4130 1629 4182 actione
1664 4137 1712 4183 et
1751 4130 2025 4199 e/ﬁcientia
2060 4147 2145 4199 ge-

578 4214 754 4269 nitali.
795 4215 1072 4286 Siquidem
1113 4216 1330 4272 Patrem
1365 4221 1511 4274 aiunt
1544 4221 1725 4274 varias
1772 4222 2013 4276 actiones
2045 4225 2144 4275 ha—

581 4307 727 4370 bere,
762 4322 922 4360 unam
953 4307 1235 4378 κτιστικὴν
1275 4312 1596 4376 rreatricem,
1631 4311 1852 4366 alteram
1901 4328 2148 4383 γεννητι-

579 4395 681 4467 κὴν
708 4399 1119 4465 generatricem,
1159 4414 1279 4468 qute
1325 4401 1568 4470 producit
1614 4400 1841 4469 Filium,
1888 4412 1998 4456 tum
2045 4419 2146 4457 non

2227 1906 2407 1962 Patris
2431 1912 2792 1979 progenitum.
2820 1911 2983 1967 Recte
3006 1914 3186 1983 itaque
3209 1926 3388 1984 atque
3413 1916 3615 1971 erudite
3642 1932 3774 1974 voces

2229 2000 2521 2064 ὑπόστασις
2545 2012 2599 2056 et
2619 2001 2778 2058 οὐσία
2813 2003 2867 2057 in
2894 2003 3147 2075 Symbolo
3178 2006 3408 2063 Nicaeuo
3434 2009 3670 2063 distinxit
3689 2009 3777 2064 Ba-

2229 2090 2426 2145 silius:
2458 2100 2663 2146 temere
2708 2107 2838 2147 vero
2887 2110 3129 2163 prorsus,
3184 2098 3619 2152 observationem
3652 2099 3771 2154 illam

2231 2182 2410 2252 magni
2443 2183 2682 2237 doctoris
2711 2185 2916 2253 carpsit
2947 2182 3152 2240 Jesuita
3180 2186 3470 2242 Petavius.
3502 2186 3645 2254 Quod
3670 2204 3779 2245 vero

2231 2274 2295 2325 ad
2327 2271 2511 2327 Basilii
2541 2274 2828 2338 rationem,
2852 2290 3066 2343 nempe,
3099 2275 3296 2333 Patres
3331 2276 3578 2334 Nicarnos
3610 2279 3659 2334 in
3684 2289 3772 2335 tam

2230 2364 2377 2420 brevi
2418 2364 2692 2435 Symbolo,
2724 2369 2859 2422 duas
2896 2368 3026 2423 istas
3070 2384 3232 2425 voces
3257 2370 3427 2425 simul
3465 2371 3772 2427 adhibiturus

2231 2473 2336 2512 non
2383 2458 2568 2531 fuisse,
2608 2460 2654 2516 si
2704 2461 2893 2516 eadem
2939 2470 3079 2518 esset
3129 2463 3423 2519 ambarum
3460 2464 3770 2537 significatio,

2232 2552 2809 2619 respondetPetavius;
2836 2554 2887 2607 id
2910 2553 3067 2608 facile
3093 2555 3384 2611 refellitur.
3419 2575 3439 2609 ε
3486 2558 3564 2621 Si,
3605 2556 3773 2627 inquit,

2230 2637 2418 2694 Basilii
2454 2643 2557 2696 ista
2615 2643 2753 2697 ratio
2809 2645 3036 2711 valeret,
3081 2661 3146 2700 ne
3188 2646 3330 2700 illud
3359 2646 3576 2716 quidem
3619 2658 3772 2716 repre-

2236 2735 2510 2789 hensionis
2561 2751 2756 2804 expers
2797 2734 2961 2802 foret,
3008 2739 3150 2808 quod
3192 2739 3244 2793 in
3287 2741 3480 2794 eodem
3530 2739 3773 2810 Symbolo,

2233 2842 2353 2878 cum
2380 2824 2569 2881 Patres
2598 2827 2883 2895 dixissent,
2918 2830 3176 2885 damnare
3218 2845 3280 2884 se
3331 2831 3473 2896 illos,
3503 2832 3594 2900 qui
3634 2830 3779 2886 fuisse-

2234 2917 2523 2984 aliquando
2552 2928 2827 2987 putarent,
2857 2920 3071 2988 quando
3100 2935 3203 2975 non
3250 2929 3376 2976 erat
3403 2921 3589 2987 Filius,
3615 2922 3770 2977 statim

2235 3008 2287 3060 id
2330 3006 2645 3076 subjiciunt,
2692 3011 2833 3078 quod
2887 3011 3025 3065 idem
3075 3012 3375 3083 significat,
3420 3023 3476 3067 et
3519 3022 3775 3083 antequam

2235 3108 2570 3165 nasceretur,
2603 3115 2706 3153 non
2751 3110 2872 3154 erat
2897 3118 2912 3156 :
2940 3116 3149 3156 necnon
3201 3105 3330 3173 quia
3380 3120 3448 3158 ex
3490 3103 3641 3158 nullis
3664 3104 3769 3158 sub-

2236 3192 2503 3247 stantibus
2532 3191 2702 3248 factus
2753 3204 2855 3247 est.
2889 3213 2908 3245 ι
2942 3195 3049 3250 Sed
3094 3211 3228 3265 nego
3275 3197 3441 3250 verba
3491 3196 3573 3251 illa
3617 3208 3774 3251 tante-

2237 3298 2398 3353 quam
2429 3295 2760 3350 nasceretur,
2786 3299 2893 3340 non
2923 3295 3064 3350 erat,
3087 3303 3107 3337 ›
3158 3285 3299 3340 idem
3332 3302 3555 3354 prorsus
3596 3284 3769 3356 signiti-

2239 3387 2387 3439 care,
2418 3375 2558 3443 quod
2592 3375 2794 3444 priora,
2852 3393 2871 3426 ι
2899 3386 3015 3430 erat
3038 3378 3254 3446 quando
3302 3393 3411 3431 non
3454 3387 3586 3431 erat.
3609 3394 3630 3428 ι
3662 3373 3768 3429 Nam

2239 3468 2385 3537 prior
2427 3472 2690 3523 sententia
2729 3467 2852 3523 Filii
2889 3468 3223 3524 exsistentia:
3272 3469 3485 3523 initium
3531 3466 3771 3523 indefinite

2244 3558 2461 3622 tribuit;
2506 3558 2673 3612 altera
2707 3569 2959 3627 punctum
2994 3560 3188 3628 ipsum,
3216 3570 3275 3613 ut
3318 3562 3392 3615 ita
3427 3560 3614 3623 dicam,
3654 3556 3766 3612 inilii

2242 3648 2384 3703 illius
2404 3650 2671 3719 designat.
2696 3650 2953 3719 Equidem
2978 3667 3169 3706 sensus
3200 3653 3250 3706 in
3281 3650 3463 3706 verbis
3500 3648 3771 3719 posteriori-

2244 3741 2342 3794 bus
2370 3741 2519 3806 latet,
2549 3741 2641 3809 qui
2686 3741 2849 3794 etiam
2880 3740 3082 3796 Petavii
3121 3758 3344 3797 acumen
3394 3742 3558 3813 fugit;
3584 3738 3773 3810 quinam

2243 3846 2372 3885 vero
2404 3833 2492 3887 ille
2518 3833 2609 3897 sit,
2640 3831 2779 3887 infra
2836 3835 3186 3889 commodiori
3228 3836 3343 3890 loco
3384 3835 3502 3890 fuse
3531 3831 3771 3903 erplicabi-

2247 3941 2385 3978 mus.
2438 3924 2621 3993 Neque
2668 3940 2853 3980 verum
2894 3935 2977 3980 est
3011 3927 3063 3980 in
3109 3929 3290 3983 verbis
3332 3925 3769 3998 consequentibus,

2250 4017 2415 4085 «quia
2475 4030 2542 4070 ex
2593 4017 2754 4072 nullis
2801 4016 3170 4073 substantibus
3213 4018 3389 4075 factus
3435 4028 3574 4081 est,»
3615 4028 3771 4070 rursus

2245 4109 2385 4162 idem
2423 4107 2578 4176 plane
2620 4108 2811 4177 repeti.
2838 4107 2971 4162 Nam
3002 4125 3068 4163 ex
3102 4124 3263 4177 grege
3306 4110 3622 4163 Arianorum
3645 4105 3769 4160 fuere

2247 4199 2490 4253 nonnulli
2534 4200 2674 4268 (ipso
2716 4201 2933 4255 Petavio
2956 4201 3084 4255 alibi
3112 4202 3163 4254 id
3191 4201 3436 4272 notante)
3467 4213 3590 4269 quos
3615 4207 3766 4267 postea

2246 4290 2637 4361 Psatbyrianos
2662 4292 2959 4361 appellatos
2991 4291 3161 4346 fuisse
3203 4294 3393 4348 scribit
3438 4293 3489 4346 in
3534 4307 3583 4346 iv
3604 4289 3685 4344 lib.
3706 4286 3769 4340 De

2249 4386 2435 4440 Intres.
2465 4385 2859 4451 Thcodoretus,
2904 4386 2994 4457 qui
3026 4395 3082 4439 ut
3114 4386 3328 4440 Patrem
3355 4385 3618 4441 exstitisse
3652 4395 3767 4435 sem-

583 4490 828 4543 eatndem
856 4493 1045 4546 οὐσίαν
1074 4495 1125 4548 in
1158 4505 1387 4564 utroque
1424 4510 1543 4552 esse
1573 4506 1841 4561 statuunt,
1872 4499 1964 4551 sed
2011 4497 2136 4551 duas

2251 4493 2364 4547 per,
2396 4477 2470 4531 ita
2513 4475 2706 4530 Filium
2735 4490 2948 4549 semper
2990 4477 3055 4530 ab
3088 4490 3153 4531 eo
3178 4487 3421 4530 creatum
3454 4474 3608 4527 fuisse
3647 4471 3767 4523 dice-

582 4579 727 4632 inter
754 4594 814 4634 se
839 4583 1063 4639 similes.
1086 4604 1104 4636 ι
1134 4585 1428 4656 Utramque
1460 4586 1642 4657 itaque
1676 4587 1964 4643 factionem
1991 4588 2145 4640 Aria-

582 4683 777 4723 norum
798 4667 1201 4731 feriuntPatres
1221 4676 1422 4732 Nicmni
1452 4679 1505 4731 in
1538 4679 1719 4734 verbis
1746 4679 1870 4745 illis,
1898 4678 1954 4744 ἐξ
1974 4678 2142 4749 ἄλλης

583 4759 954 4826 ὑποστάσεως,
986 4763 1019 4835 ἢ
1057 4766 1271 4830 οὐσίας·
1309 4783 1500 4836 nempe
1530 4779 1641 4823 tum
1667 4770 1803 4831 illos.
1833 4770 1923 4837 qui
1951 4769 2145 4823 Filium

583 4868 648 4907 ex
683 4869 910 4921 persona
949 4856 1122 4912 Patris
1148 4859 1261 4912 sive
1286 4873 1353 4912 ex
1386 4860 1502 4929 ipso
1533 4860 1695 4915 Patre
1728 4860 1833 4912 ullo
1859 4859 2017 4913 modo
2051 4873 2147 4912 ua-

587 4955 699 5000 tum
721 4946 887 5002 fuisse
914 4951 1199 5020 negabant,
1228 4962 1281 5005 et
1318 4968 1383 5006 ex
1423 4953 1588 5007 nihilo
1628 4953 1825 5005 factum
1847 4950 2144 5006 dicebant:

588 5050 699 5091 tum
723 5039 885 5093 etiam
914 5055 1029 5105 eos,
1080 5042 1171 5111 qui
1223 5042 1417 5096 Filium
1464 5060 1529 5098 ex
1562 5044 1674 5111 ipso
1702 5042 1861 5096 Patre
1892 5044 2148 5112 peculiari

587 5128 745 5182 modo
775 5139 954 5183 natum
999 5146 1120 5185 cum
1149 5132 1475 5199 faterentur;
1526 5143 1700 5187 tamen
1741 5130 1799 5198 te
1836 5133 2027 5198 οὐσίας
2063 5154 2082 5188 ι
2121 5150 2152 5189 e

587 5220 890 5293 substantia
928 5240 947 5272 i
977 5221 1155 5277 Patris
1197 5225 1550 5293 progenitum,
1607 5237 1677 5278 ac
1724 5225 1948 5293 proinde
2001 5224 2149 5281 Patri

587 5287 869 5382 ὁξλοούσιον
900 5304 1280 5384 pertiegabant.
1327 5313 1393 5369 Ut
1440 5329 1550 5367 rem
1595 5327 1745 5369 extra
1775 5332 1989 5372 omnem
2023 5333 2153 5373 con-

593 5404 864 5457 troversitc
907 5404 1082 5458 aleam
1132 5421 1349 5475 ponam,
1391 5406 1658 5462 confessio
1688 5410 2010 5462 Arianorum
2059 5424 2155 5477 per

591 5494 800 5561 Marini,
845 5495 1184 5551 Theodorum
1218 5509 1272 5552 et
1311 5499 1547 5554 Marcum
1590 5500 1872 5555 Constanti
1928 5501 2156 5570 impera-

598 5590 694 5641 tori
726 5592 920 5657 oblata,
946 5593 1015 5646 ab
1057 5593 1357 5649 Athanasio
1403 5596 1498 5649 lib.
1552 5594 1626 5648 De
1665 5595 1864 5665 synodo
1890 5597 2056 5650 Arim.
2102 5607 2152 5648 et

574 5674 582 5683 ⁸
793 5707 931 5778 V_ide_
959 5709 1219 5763 Athanas.
1247 5721 1376 5763 tom.
1401 5711 1440 5773 l,
1477 5726 1530 5778 p.
1559 5711 1678 5767 895.

2248 4579 2367 4623 t'ent
2396 4588 2411 4621 :
2440 4567 2571 4622 nihil
2614 4568 2757 4621 enim
2811 4567 2952 4641 apud
2992 4566 3155 4622 Deum
3207 4567 3351 4621 aliud
3394 4580 3510 4621 esse
3545 4563 3765 4632 gignere,

2247 4678 2407 4731 quam
2435 4676 2642 4715 creare.
2673 4658 2763 4713 lsti
2793 4676 2897 4714 non
2924 4660 3175 4714 dixerunt
3195 4658 3363 4714 fuisse
3401 4656 3607 4728 quando
3627 4650 3766 4708 Filius

2248 4770 2353 4807 non
2399 4763 2515 4807 erat
2548 4772 2561 4808 :
2590 4753 2841 4807 dixerunt
2866 4759 3044 4806 tamen
3068 4750 3259 4805 Filium
3299 4766 3364 4806 ex
3405 4765 3506 4806 non
3531 4747 3763 4803 exsisten-

2247 4845 2389 4900 tibus
2415 4845 2633 4899 factum.

2323 4959 2589 5014 Caeterum
2624 4960 2785 5014 etiam
2819 4959 3066 5015 Gelasius
3094 4958 3391 5031 Cyzicenus
3421 4959 3473 5013 in
3498 4955 3620 5012 actis
3655 4962 3760 5007 oon-

2255 5050 2365 5105 cilii
2400 5050 2602 5106 Nicami
2631 5063 2769 5121 part.
2814 5068 2875 5117 ιι,
2904 5068 3026 5123 cap.
3057 5052 3126 5106 12
3150 5067 3215 5106 ex
3246 5053 3408 5107 totius
3434 5046 3608 5121 synodi
3630 5042 3762 5097 inar-

2258 5145 2380 5195 dato
2415 5158 2477 5196 ac
2522 5143 2738 5198 decreto
2784 5146 3192 5215 respondentem
3242 5143 3457 5199 Hosium
3488 5137 3681 5199 inducit,
3708 5144 3763 5184 ac

2258 5233 2460 5304 Τριάδα.
2506 5235 2851 5289 ὑποστάσεων
2900 5235 3279 5305 praedicantem
3309 5252 3324 5288 :
3354 5232 3490 5305 quod
3531 5238 3580 5285 et
3613 5232 3761 5297 postea

2260 5341 2350 5394 per
2387 5326 2669 5382 Leontium
2721 5330 3033 5398 episcopum
3088 5329 3275 5383 Patres
3315 5326 3615 5398 proﬁtentur
3653 5316 3755 5371 ibid-

2260 5434 2375 5486 cap.
2412 5419 2501 5472 21.
2536 5419 2672 5475 Hinc
2687 5421 3006 5476 Anastasius
3039 5420 3247 5475 Sinaita
3278 5421 3329 5475 in
3365 5415 3549 5506 ὀᾷῆγκ
3574 5404 3744 5506 ωιλὲξν

2259 5511 2475 5575 scripsit
2492 5510 2734 5566 Nicaenos
2766 5512 2954 5568 Patres
2976 5512 3250 5567 dellniisse
3266 5514 3413 5584 τρεῖς
3427 5504 3742 5584 εἶναιὺποστᾲξ

2258 5613 2391 5661 σεις,
2415 5600 2532 5670 ἦτοι
2558 5602 2821 5672 πρόσωπα
2848 5603 2940 5657 ἐπὶ
2975 5603 3075 5674 τῆς
3098 5603 3260 5673 ἁγίας
3284 5580 3377 5658 δίιὶ
3401 5580 3741 5672 ὁμωδσίουίδλ)

668 5775 780 5837 tot)
817 5773 1028 5843 Bullus,
1060 5780 1135 5831 De
1161 5778 1287 5832 Filii
1318 5779 1394 5844 τῷ
1431 5773 1740 5847 σὶιιςάϊδίῳ,
1771 5797 1887 5847 cap.
1918 5781 2153 5849 2,:nutn.
2175 5784 2211 5837 ’Ξ
2233 5791 2286 5839 et
2308 5797 2458 5848 seqq.
