4068 6312
316 396 450 453 ἰδίδὸ

1334 385 1424 439 EX
1465 384 1528 439 G.
1567 384 1766 436 BULLI
1805 382 1957 437 ΒΕΓ.
2003 380 2178 434 FIDEI
2214 379 2539 435 NICAENIE.

3407 371 3539 425 15οε

313 512 561 586 Τριὰδος,
599 510 648 563 id
674 516 774 572 est,
815 527 834 559 ι
858 505 997 561 Tres
1032 518 1150 557 esse
1178 504 1515 572 hypostases.
1553 503 1667 553 sive
1701 516 1884 559 uerso—
1915 510 1954 562 Α
1986 498 2160 552 calmli
2195 508 2349 549 usum
2393 503 2447 549 et
2490 490 2941 561 significatidnem
2974 489 3332 541 retinuerunt.
3376 486 3543 551 Quem

313 620 412 659 nas
438 604 489 657 in
526 609 709 656 sancta
746 606 799 651 et
828 592 1267 651 consubstantiali
1300 591 1589 644 Trinitate.
1613 610 1630 641 ι
1677 590 1876 643 florum

314 694 690 749 auctoritatem
725 687 1052 754 contempsit
1103 682 1376 745 Petavius,
1434 681 1500 734 iis
1554 682 1762 735 scilicet
1792 697 1879 734 ar-

313 784 586 855 gumentis
619 782 806 843 fretus,
846 777 1039 845 quibus
1072 789 1130 829 se
1156 773 1340 827 Basilii
1374 774 1696 826 sententiam
1735 771 1881 827 refu-

316 885 459 929 tasse
494 874 690 929 frustra
720 871 996 939 gloriatur.
1035 867 1192 921 Certe
1236 866 1499 919 Eusebius
1532 864 1880 919 Caesariensis

313 967 427 1039 (qui
458 967 664 1036 synodo
696 964 923 1016 Nicaeam
954 959 1218 1021 interfuit,
1257 971 1470 1025 quoque
1504 971 1659 1010 nemo
1691 958 1881 1010 melius

311 1060 596 1129 antiquum
636 1054 781 1109 vocis
828 1052 1179 1112 ὑποστάσεως
1226 1050 1275 1100 ἰιι
1327 1046 1557 1101 Ecclesia
1600 1063 1753 1100 usum
1794 1048 1881 1101 in-

312 1152 541 1221 tellexit)
566 1150 616 1204 in
645 1147 839 1201 litteris
882 1148 994 1199 suis
1027 1145 1092 1197 ad
1127 1142 1461 1197 Eustatliium
1489 1140 1879 1194 Antiochenutn

311 1244 601 1314 (referente
626 1241 848 1295 Socrate
878 1237 1082 1294 Ercles.
1116 1237 1241 1290 hist.
1272 1235 1362 1290 lib.
1399 1249 1438 1297 I,
1475 1250 1593 1302 cap.
1628 1234 1718 1302 25)
1752 1249 1882 1286 con-

308 1338 483 1391 fessus
514 1343 592 1388 est
622 1330 979 1387 ἐνυπόστατόν
1030 1346 1087 1381 τε
1128 1328 1223 1381 καὶ
1248 1326 1615 1397 ἐνυπάρχοντα
1645 1326 1733 1378 τὸν
1754 1324 1881 1378 Υἰὸν

306 1426 446 1482 εἶναι
477 1426 571 1481 τοῦ
615 1424 770 1485 Θεοῦ,
801 1424 896 1477 ἕνα
940 1439 999 1475 τε
1052 1421 1183 1473 Θεὸν
1226 1422 1283 1472 ὲν
1319 1421 1496 1490 τρισὶν
1525 1418 1880 1471 ὑποστάσεσιν

307 1518 467 1583 εἶναι,
506 1520 679 1582 idest,
713 1536 729 1567 ι
755 1515 947 1570 Filium
988 1513 1079 1568 Dei
1118 1513 1386 1580 propriam
1439 1510 1769 1580 bypostasim
1828 1518 1882 1563 et

305 1608 711 1665 subsistentiam
750 1605 972 1668 habere,
1018 1602 1297 1670 Deumque
1339 1602 1392 1654 in
1428 1600 1598 1653 tribus
1629 1599 1883 1669 hyposta-

306 1701 459 1756 sibus
488 1715 650 1753 unum
684 1712 826 1751 esse.
851 1714 870 1747 ι
901 1697 1076 1760 Atque
1110 1693 1213 1747 hoc
1246 1706 1408 1746 sensu
1443 1691 1559 1745 sine
1585 1688 1883 1743 offensione

308 1792 556 1860 usurpari
594 1796 992 1858 perseverasset
1015 1787 1096 1856 (ut
1124 1784 1384 1853 arbitror)
1414 1797 1516 1837 vox
1560 1783 1878 1846 ὑπόστασις.

1980 605 2132 641 usum
2164 604 2257 641 sua
2301 586 2515 640 tandem
2542 582 2870 639 auctoritate
2893 579 3237 635 confirmavit
3260 578 3545 632 concilium

1978 677 2624 745 ConstantinopoliIanum
2651 676 2881 741 primum
2912 673 2963 724 in
3000 672 3160 738 epist.
3190 668 3378 740 synod.
3409 668 3548 736 apud

1982 770 2374 826 Theodoretum
2415 768 2610 821 Ercles.
2645 769 2770 819 hist.
2799 767 2894 819 lib.
2930 780 2980 827 v,
3008 763 3143 830 ζων.
3183 762 3237 817 9.
3281 760 3546 814 Cancrum

1980 863 2163 915 Ariani
2192 862 2404 915 tandem
2444 860 2604 912 etiam
2636 872 2817 911 vocem
2857 854 3224 916 ὑποστάσεως,
3273 838 3376 904 una
3423 866 3542 904 cmn

1979 954 2165 1017 οὐσίας
2208 952 2482 1012 vocabulo,
2517 967 2547 1003 e
2590 948 2846 1019 symbolis
2892 946 3003 999 suis
3045 943 3397 1011 abjiciendam
3443 942 3545 994 de—

1981 1063 2218 1103 crevere.
2253 1046 2388 1098 Nam
2418 1044 2469 1099 in
2493 1043 2830 1097 confessione
2852 1034 3318 1105 ConstantinOpoli
3337 1033 3540 1101 scripta

1980 1138 2048 1193 ab
2074 1138 2288 1199 Acacio,
2322 1135 2559 1188 Eudoxio
2583 1133 2828 1199 aliisque,
2855 1128 2943 1197 qui
2969 1123 3332 1181 Seleuciensis
3354 1120 3551 1201 synodi

1980 1233 2197 1286 decreto
2258 1227 2524 1290 damnati,
2589 1226 2654 1278 ad
2723 1225 3094 1290 imperatorem
3150 1216 3545 1285 confugerunt,

1980 1339 2146 1392 prope
2177 1324 2330 1374 linem
2360 1321 2437 1372 sic
2453 1319 2711 1371 definiunt
2731 1334 2743 1368 :
2762 1313 2872 1385 (53)
2892 1314 2963 1366 Τὸ
2978 1312 3033 1365 δὲ
3054 1310 3333 1381 δνοματῆς
3345 1307 3565 1373 οὐσίας,

1980 1419 2115 1488 ὅπερ
2144 1414 2506 1485 ἁπλούστερον
2541 1412 2647 1465 άπὸ
2676 1412 2784 1462 τῶν
2816 1409 3070 1479 Πατέρων
3107 1406 3286 1476 ἐτέθη.
3322 1400 3549 1472 ἀγνοού-

1984 1526 2142 1579 μενον
2165 1507 2223 1560 se
2251 1508 2363 1569 τοῖς
2395 1506 2563 1567 λαοῖς,
2598 1501 2890 1556 σκάνδαλον
2926 1499 3107 1569 ἔφερε,
3151 1496 3283 1549 διότι
3318 1494 3450 1563 μηδὲ
3494 1493 3551 1546 αἱ

1979 1601 2193 1673 Γραφαὶ
2211 1599 2366 1653 τοῦτο
2380 1596 2739 1667 περιέχουσιν,
2754 1595 2915 1666 ἤρεσε
2937 1589 3362 1663 περιαιρεθῆναι.
3376 1585 3557 1639 -Καὶ

1980 1694 2088 1766 γὰρ
2120 1693 2240 1747 οὐδὲ
2272 1692 2473 1761 ὀφείλει
2516 1690 2809 1750 ὑπόστασις
2851 1686 2978 1756 περὶ
3026 1683 3240 1754 Πατρὸς
3273 1682 3365 1735 καὶ
3392 1680 3549 1743 Υίοῧ,

1981 1789 2075 1842 καὶ
2102 1785 2256 1854 ἁγίου
2283 1784 2594 1853 Πνεύματος
2625 1778 3006 1851 ὀνομάζεσθαι·
3035 1778 3217 1848 ὅμοιον
3240 1776 3297 1829 δὲ
3324 1775 3382 1827 λέ
3394 1790 3557 1842 γομεν

308 1886 412 1939 nisi
460 1882 642 1937 Ariani
676 1882 845 1949 ipsam
890 1877 1039 1931 abusi
1090 1876 1318 1930 fuissent
1365 1874 1429 1928 ad
1479 1873 1874 1942 propagandam

1992 1878 2054 1947 τῷ
2085 1877 2259 1948 Πατρὶ
2291 1875 2382 1928 τὸν
2417 1874 2565 1927 Υἱόν.
2600 1872 2652 1926 Μ
2696 1882 2799 1931 est.
2836 1888 2854 1922 ι
2887 1870 3088 1924 Nomen
3119 1881 3278 1936 porro
3306 1866 3559 1919 substan-

306 1976 558 2031 baeresim
606 1988 783 2037 suam,
819 1986 915 2040 pro
956 1979 1148 2023 natura
1185 1983 1249 2021 ac
1301 1965 1600 2021 substantia
1633 1965 1684 2017 in
1718 1978 1881 2035 gene-

306 2067 495 2121 raliori
531 2064 924 2129 significatione
959 2061 1307 2131 accipientes.
1362 2074 1425 2113 ae
1474 2059 1728 2111 docentes
1772 2054 1879 2108 Pa-

310 2170 449 2214 trem
486 2167 543 2212 et
573 2156 765 2211 Filimn
809 2155 938 2209 duas
972 2170 1091 2208 esse
1138 2154 1476 2224 bypostases,
1509 2151 1613 2204 hoc
1648 2158 1748 2214 est,
1783 2163 1880 2200 na-

309 2260 461 2303 turas
499 2264 563 2303 ac
595 2247 923 2302 substantias
957 2246 1221 2311 diversas,
1255 2258 1284 2297 a
1317 2258 1376 2297 se
1417 2242 1648 2296 invicem
1682 2241 1885 2293 discre-

306 2351 525 2409 pantes.
554 2341 826 2395 Adversus
858 2340 958 2393 hos
987 2339 1128 2393 enim
1165 2336 1415 2391 catholici
1445 2336 1695 2388 doctores
1737 2332 1883 2386 affir-

310 2441 533 2487 maruut
564 2432 615 2484 in
648 2429 879 2484 concilio
915 2427 1246 2491 Sardiccnsi,
1292 2424 1468 2478 Patris
1496 2432 1551 2477 et
1592 2422 1712 2476 Filii
1755 2422 1883 2490 μίαν

308 2539 432 2578 esse
464 2523 781 2577 ὑπόστασιν.
811 2522 977 2590 Digna
1003 2530 1149 2584 sunt,
1177 2534 1295 2585 qua:
1324 2534 1352 2571 a
1382 2517 1537 2571 nobis
1563 2516 1647 2569 hic
1681 2513 1886 2568 descri-

308 2616 510 2668 bantur
537 2613 752 2667 Patrum
801 2612 1200 2667 Sardicensium
1235 2610 1391 2663 verba
1428 2610 1529 2662 hac
1569 2607 1636 2661 de
1669 2620 1726 2659 re
1773 2605 1886 2675 (ὖῖ)

310 2704 365 2757 in
396 2704 620 2774 epistola
654 2720 748 2759 sua
785 2704 1040 2773 synodica
1074 2702 1209 2771 apud
1241 2699 1638 2754 Tlieodoretum
1685 2697 1884 2751 Eccles.

309 2796 456 2849 Hist.
490 2797 579 2848 lib.
612 2811 667 2853 ιι.
705 2811 824 2863 cap.
858 2794 930 2847 8:
962 2794 1035 2845 Τὸ
1060 2793 1165 2845 τῶν
1199 2789 1488 2862 αἱρετικῶν
1516 2788 1765 2859 σύστημα
1798 2804 1889 2856 φι-

307 2889 532 2947 λονικεῖ,
567 2888 857 2958 διαφόρους
893 2882 1029 2940 εἶναι
1055 2886 1153 2949 τὰς
1200 2883 1525 2945 ὑποστάσεις
1556 2880 1647 2934 τοῦ
1677 2879 1891 2951 Πατρός

306 2980 528 3034 καὶτοῦ
575 2980 703 3033 Υίοῦ
746 2980 838 3032 καὶ
884 2978 978 3032 τοῦ
1032 2977 1187 3045 ἁγίου
1228 2974 1564 3045 Πνεύματος,
1614 2973 1709 3025 καὶ
1752 2966 1890 3025 εἶναι

306 3072 753 3142 κεχωρισμέναςο
799 3072 960 3141 ἡμεῖς
1005 3068 1062 3122 δὲ
1102 3068 1304 3139 ταύτην
1351 3065 1763 3138 παρειλήφαμεν
1797 3061 1890 3116 καὶ

303 3161 686 3232 δεδιδάγμεθα,
727 3161 821 3215 καὶ
866 3160 1069 3230 ταύτην
1110 3159 1304 3229 ἔχομεν
1348 3157 1443 3229 τὴν
1475 3156 1766 3226 καθολικὴν
1798 3154 1893 3208 καὶ

303 3252 672 3322 ἀποστολικὴν
724 3251 1017 3321 παράδοσιν
1068 3251 1160 3302 καὶ
1213 3250 1397 3301 πίστιν
1439 3248 1532 3301 καὶ
1583 3245 1891 3315 ὁμολογίαν,

308 3347 444 3415 μίαν
478 3340 615 3397 εἶναι
669 3342 984 3403 ὑπόστασιν,
1018 3342 1082 3411 ἣν
1129 3341 1281 3395 αὐτοὶ
1324 3342 1372 3393 οί
1418 3338 1682 3410 αἱρετικοὶ
1708 3336 1894 3390 οὐσίαν

304 3434 797 3508 προσαγορεύουσι,
812 3433 904 3486 τοῦ
921 3434 1133 3504 Πατρὸς
1145 3434 1238 3487 καὶ
1260 3432 1350 3486 τοῦ
1366 3430 1495 3484 Υἱοὺ
1513 3430 1607 3483 καὶ
1620 3428 1714 3482 τοῦ
1737 3423 1893 3495 ἁγίου

305 3529 654 3600 Πνεύματος.
686 3528 738 3580 Id
766 3536 867 3589 est,
890 3546 908 3579 ι
938 3527 1321 3579 lbereticorum
1360 3523 1520 3577 factio
1546 3520 1897 3591 pertinaciter

306 3627 608 3683 asseverat,
641 3618 813 3671 Patris
847 3632 909 3668 ac
940 3614 1059 3668 Filii
1104 3624 1155 3667 et
1185 3613 1417 3681 Spiritus
1444 3611 1614 3665 sancti
1649 3611 1894 3663 diversas

305 3724 436 3763 esse
460 3709 803 3778 hypostases,
842 3720 870 3757 a
907 3720 966 3759 se
1000 3704 1228 3757 invicem
1285 3710 1583 3767 separatas.
1612 3699 1719 3753 Nos
1760 3713 1887 3752 vero

306 3803 459 3855 hanc
498 3815 527 3853 a
560 3799 853 3868 majoribus
885 3796 1191 3865 accepimus
1226 3811 1287 3848 ac
1320 3795 1627 3855 didicimus,
1665 3801 1719 3845 et
1755 3793 1895 3845 hanc

310 3906 564 3950 tenemus
611 3893 931 3947 catholicam
975 3899 1136 3956 atque
1168 3887 1514 3957 apostolicam
1552 3885 1894 3938 traditionem

307 3999 365 4043 et
408 3989 563 4040 fidem
607 4001 670 4039 ac
722 3984 1129 4053 professionem,
1174 3996 1332 4034 unatn
1371 3993 1490 4033 esse
1534 3977 1888 4048 hypostasim,

308 4093 477 4145 quam
510 4077 608 4145 ipsi
644 4075 880 4129 haeretici
914 4072 1271 4127 substantiam
1303 4069 1597 4138 appellant,
1631 4067 1803 4120 Patris
1834 4081 1896 4118 ac

309 4172 440 4227 Filii
474 4179 526 4224 et
559 4169 796 4240 Spiritus
822 4168 1020 4222 sancti.
1046 4186 1062 4216 ι
1104 4163 1201 4217 llic
1231 4162 1418 4217 Patres
1448 4162 1650 4215 diserte
1678 4172 1895 4212 monent

310 4278 373 4318 se
393 4261 628 4323 Patrem,
651 4260 844 4314 Filium
870 4269 918 4312 et
943 4257 1201 4323 Spiritum
1226 4264 1469 4309 Sanctum
1505 4252 1634 4324 μίαν
1656 4251 1894 4304 ὑπόστα-

316 4372 407 4408 σιν
453 4354 652 4407 dixisse
696 4368 761 4405 eo
799 4360 1003 4404 tantum
1051 4365 1233 4415 sensu,
1270 4363 1376 4416 quo
1422 4344 1659 4400 haeretici
1709 4357 1893 4397 vocem

314 4447 616 4502 ὑπόστασιν
648 4460 745 4513 pro
765 4443 921 4514 οὐσίᾳ
952 4450 1276 4509 acceperunt
1302 4457 1315 4491 :
1342 4438 1707 4508 significantes
1734 4435 1893 4488 uimi-

316 4556 441 4593 rurn
483 4554 541 4592 se
582 4537 741 4591 alium
775 4537 890 4604 ejus
930 4534 1172 4588 vocabuli
1224 4545 1463 4590 sensum,
1516 4529 1656 4597 apud
1689 4539 1895 4582 veteres

317 4629 579 4685 Ecclesiae
629 4629 876 4682 doctores
926 4626 1219 4681 catholicos
1266 4632 1538 4691 receptum
1601 4621 1821 4691 (quippe
1866 4635 1895 4672 a

319 4723 518 4790 quibus
544 4730 862 4788 usurpatum
893 4717 1055 4772 fuerit
1078 4732 1172 4785 pro
1202 4729 1430 4785 persona
1458 4713 1573 4766 sive
1594 4711 1897 4765 subsisten-

324 4813 424 4882 tia)
488 4828 592 4865 non
638 4813 933 4879 ignorasse,
986 4825 1217 4877 eumque
1263 4806 1509 4859 iubentes
1554 4803 1897 4872 amplexuros

324 4904 514 4968 fuisse,
548 4919 611 4957 ac
639 4902 897 4966 fassnros,
931 4900 1083 4967 juxta
1135 4901 1290 4952 istam
1327 4898 1475 4951 vocis
1503 4895 1894 4961 acceptionem,

326 5006 441 5048 tres
468 5010 589 5049 esse
621 4996 671 5047 in
716 4994 995 5047 divinitate
1038 5006 1301 5060 personas
1336 4990 1449 5043 sive
1493 4988 1893 5043 subsistentias.

324 5088 467 5143 Hinc
505 5097 682 5141 tamen
720 5095 905 5139 natum
938 5084 1101 5137 fuisse
1144 5090 1358 5135 constat
1392 5081 1543 5135 triste
1576 5079 1701 5133 illud
1736 5079 1899 5133 disci-

322 5181 496 5243 dium,
522 5180 664 5248 quod
696 5177 1037 5247 postmodum
1065 5175 1300 5229 Orientis
1325 5174 1566 5241 adeoque
1589 5170 1897 5225 Occidentis

323 5274 602 5327 Ecclesias
634 5271 888 5331 turbavit,
929 5270 994 5321 de
1031 5283 1131 5320 una
1169 5267 1282 5321 sive
1322 5265 1489 5317 tribus
1520 5263 1900 5333 bypostasibns

325 5366 524 5418 divinis
563 5384 574 5418 :
609 5365 731 5418 dum
788 5362 995 5415 scilicet
1055 5361 1144 5413 alii
1198 5375 1318 5412 cuin
1371 5358 1621 5412 Patribus
1677 5357 1891 5409 concilii

325 5456 665 5511 Sardicensis
718 5455 861 5523 loqui
907 5464 1186 5515 amarunt;
1232 5452 1321 5505 alii
1384 5466 1507 5504 vero
1551 5460 1901 5503 veteremve-

399 5661 510 5729 (52)
540 5658 604 5713 In
628 5657 847 5725 epistola
876 5674 973 5729 suo
1014 5655 1271 5729 synodica
1297 5654 1440 5729 apud
1477 5650 1874 5729 Theodoretum.

326 5720 433 5782 Sen
471 5720 723 5797 potius'in
754 5720 1063 5796 Appendice
1104 5728 1167 5776 ad
1193 5724 1469 5797 epistolam
1496 5738 1522 5773 a
1559 5720 1879 5797 quibusdam

328 5791 561 5867 adjecta.
585 5791 1086 5864 rcliqiiis'épiscopis
1113 5793 1547 5848 reclamantibus.
1572 5791 1701 5867 Vliile
1725 5791 1886 5867 Atha-

330 5860 449 5926 mas.
476 5874 633 5941 epist.
662 5860 915 5940 sjttiodica
942 5860 1419 5923 adAutiocbenscs
1444 5879 1563 5933 pag.
1591 5861 1712 5927 57b,
1752 5860 1863 5915 edit

1988 1971 2093 2029 tiae,
2122 1968 2262 2037 quod
2293 1967 2593 2034 simplicius
2615 1978 2645 2017 a
2678 1961 2925 2016 Patribus
2951 1959 3175 2018 editum,
3208 1964 3262 2009 et
3304 1956 3557 2025 ignotum

1986 2062 2216 2131 populis,
2250 2057 2562 2114 scandalum
2609 2054 2796 2116 affert;
2844 2048 3178 2121 quoniamin
3225 2045 3394 2100 sacris
3417 2043 3561 2096 litte-

1989 2157 2061 2209 ris
2109 2168 2215 2207 non
2264 2152 2591 2212 continetur,
2638 2146 2840 2216 placuit
2882 2145 2948 2199 de
2993 2142 3169 2197 medio
3217 2134 3560 2193 tolli.-—lmo

1989 2263 2054 2300 ne
2076 2245 2368 2305 ὑπόστασις
2390 2240 2613 2310 quidem
2627 2240 2691 2294 de
2711 2237 2893 2300 Patre,
2911 2235 3047 2289 Filio
3071 2244 3127 2287 et
3147 2232 3350 2300 Spiritu
3375 2236 3561 2284 sancto

1991 2335 2254 2390 nominari
2295 2333 2474 2387 debet.
2508 2328 2749 2383 Similem
2792 2336 2969 2380 autem
3010 2322 3238 2377 dicimus
3287 2318 3434 2373 Patri
3472 2317 3563 2371 Fi-

1993 2430 2142 2485 lium.
2178 2448 2196 2478 ι
2225 2435 2332 2480 etc.
2357 2422 2472 2489 Quo
2497 2421 2713 2475 decreto
2736 2416 2918 2472 Ariani
2945 2414 3018 2470 illi
3050 2415 3257 2483 priores
3290 2425 3417 2466 suas
3440 2424 3566 2463 con-

1992 2520 2275 2580 fossiones,
2316 2517 2369 2569 in
2407 2516 2603 2584 quibus
2644 2512 2918 2573 dixerant,
2952 2506 3150 2563 Filium
3191 2501 3399 2557 etiamsi
3444 2516 3550 2555 non

1990 2616 2049 2681 ἐξ
2070 2615 2277 2678 οὐσίας,
2305 2623 2481 2666 tamen
2508 2609 2568 2675 ἐξ
2598 2608 2948 2670 ὑποστάσεως
2981 2605 3073 2660 Dei
3107 2601 3286 2657 Patris
3326 2599 3564 2671 genitum

1993 2724 2131 2772 esse,
2160 2707 2379 2761 omnino
2407 2703 2769 2758 resciderunt.

2061 2797 2117 2851 2°
2147 2795 2429 2849 Praemissa
2484 2794 2585 2847 hac
2634 2789 2923 2845 admodum
2977 2786 3203 2856 prolixa,
3253 2798 3427 2852 neque
3475 2791 3560 2835 ιιι-ο

1994 2907 2114 2947 men
2158 2888 2275 2942 utili
2313 2888 2509 2950 minus,
2546 2882 2926 2939 dissertatione
2967 2878 3201 2950 generali
3233 2877 3300 2931 de
3326 2875 3561 2943 [antiquo

1993 2998 2090 3036 usu
2128 2979 2495 3035 ecclesiastico
2544 2992 2734 3032 vocum
2780 2973 2940 3028 οὐσία
2974 2981 3029 3024 et
3069 2969 3368 3031 ὑπόστασις
3396 2983 3409 2995 ·
3437 2977 3558 3019 tan-

1995 3074 2115 3128 dem
2156 3073 2222 3125 ad
2262 3070 2551 3140 Origenem
2617 3066 2799 3120 redeo.
2846 3063 3067 3118 Certum
3115 3070 3199 3115 est
3248 3058 3567 3113 vocabulum

1996 3167 2292 3229 ὑπόστασις
2326 3164 2466 3233 apud
2496 3164 2672 3228 ipsum
2704 3160 2785 3214 vel
2817 3174 2918 3228 pro
2949 3155 3299 3212 subsistentia
3340 3154 3424 3208 vel
3472 3167 3576 3221 pro

1996 3276 2053 3315 re
2082 3256 2344 3325 singulari
2395 3262 2449 3307 et
2507 3252 2805 3311 individua,
2851 3265 2946 3318 per
2973 3264 3033 3303 se
3067 3247 3412 3310 subsistente,
3453 3259 3577 3313 quze

1997 3353 2051 3406 in
2085 3352 2148 3405 iis
2174 3367 2290 3419 qua:
2320 3346 2597 3403 intellectu
2630 3343 2852 3413 prmdita
2884 3350 3031 3405 sunt,
3054 3339 3198 3393 idem
3229 3347 3313 3391 est
3339 3351 3401 3390 ac
3428 3335 3577 3403 quod

1998 3457 2284 3513 personam
2329 3440 2489 3494 hodie
2553 3437 2801 3500 dicimus,
2875 3432 3071 3502 passim
3127 3428 3399 3498 usurpari.
3460 3425 3577 3479 lmo-

1999 3549 2102 3587 non
2144 3528 2372 3585 memini
2409 3542 2494 3581 me
2535 3526 2744 3595 uspiam
2795 3538 2980 3577 vocem
3015 3521 3170 3574 aliter
3202 3520 3268 3574 ab
3307 3519 3446 3585 ipso,
3478 3516 3566 3570 ubi

1997 3624 2066 3677 de
2090 3620 2369 3676 Trinitate
2412 3617 2675 3685 loquitur,
2718 3622 2992 3681 acceptam
3042 3609 3254 3679 legisse.
3304 3607 3457 3663 Unde
3494 3622 3571 3659 vir

1998 3728 2224 3784 magnus
2265 3711 2416 3779 [Iugo
2448 3708 2668 3765 Grotius
2719 3706 2775 3760 in
2822 3703 2972 3759 Nolis
3026 3704 3094 3756 ad
3147 3699 3308 3755 Joan.
3364 3714 3483 3765 cap.
3524 3715 3573 3763 ι,

1999 3822 2138 3861 vers.
2161 3804 2218 3871 2,
2248 3812 2300 3857 et
2334 3800 2506 3868 Epist.
2538 3802 2604 3852 ad
2639 3796 2907 3859 Hebrum,
2940 3810 3057 3862 cap.
3089 3808 3128 3857 ι,
3159 3807 3304 3847 vers.
3339 3790 3393 3853 5,
3430 3788 3571 3843 affir-

1999 3908 2111 3952 mat
2149 3911 2269 3950 eam
2299 3893 2447 3948 vocis
2470 3890 2825 3951 ὑποστάσεως
2853 3884 3304 3957 significationem
3347 3880 3415 3935 ab
3444 3880 3573 3935 Ori-

1996 4003 2131 4055 gene
2161 3986 2393 4055 primum
2426 3979 2587 4050 (quod
2618 3988 2799 4032 tamen
2867 3990 3050 4029 verum
3101 3987 3222 4027 esse
3265 3987 3370 4025 non
3418 3969 3578 4039 puto)

2005 4096 2070 4133 cx
2096 4075 2389 4131 Platonicis
2442 4073 2494 4125 in
2544 4070 2798 4123 Ecclesia:
2831 4082 2985 4120 usum
3020 4065 3316 4119 traductam
3365 4062 3563 4116 fuisse.

1995 4171 2077 4224 Ad
2128 4169 2302 4221 locum
2346 4165 2413 4219 ab
2463 4163 2657 4217 lluetio
2707 4168 2953 4213 notatum
2994 4155 3136 4225 quod
3189 4154 3402 4217 attinet,
3437 4151 3579 4205 nibii‘

1998 4258 2336 4317 manifestius
2380 4269 2539 4323 quam
2590 4251 2878 4319 Origenem
2930 4247 3002 4301 ibi
3053 4245 3320 4300 affirmare
3355 4243 3575 4296 Patrem

1994 4362 2051 4407 et
2087 4350 2280 4406 Filium
2304 4348 2438 4402 duos
2464 4362 2586 4402 esse
2608 4345 2674 4414 τῇ
2703 4338 3001 4394 ὑποστάσει
3034 4338 3222 4394 eodem
3252 4351 3434 4397 sensu,
3459 4349 3577 4403 quo-

1996 4443 2257 4507 haeretici,
2308 4455 2443 4509 quos
2491 4438 2687 4492 ibidem
2752 4432 3103 4506 perstringit,
3156 4430 3209 4484 id
3280 4435 3573 4497 negarunt.

2000 4532 2229 4601 Quinam
2282 4545 2410 4584 vero
2454 4528 2600 4583 isti?
2647 4526 2842 4580 Procul
2887 4524 3051 4578 dubio
3096 4519 3339 4575 Noetiani
3370 4528 3424 4573 et
3454 4518 3577 4581 alii,

2000 4624 2090 4695 qui
2119 4624 2285 4677 Deum
2328 4635 2446 4673 esse
2483 4615 2903 4688 μονοπρόσωπον
2956 4613 3287 4676 docuerunt,
3336 4624 3399 4664 ac
3444 4619 3569 4663 tan-

2001 4725 2113 4771 tum
2163 4711 2289 4785 μίαν
2338 4709 2658 4774 ὑπόστασιν,
2708 4709 2812 4762 hoc
2851 4715 2958 4766 est,
3004 4720 3289 4774 personam
3323 4719 3480 4756 uuam
3516 4702 3575 4756 iis

2000 4807 2283 4862 divinitate
2308 4809 2666 4869 agnoverunt.
2724 4798 2875 4865 Quod
2914 4813 3039 4851 vero
3080 4806 3336 4866 praeterea
3368 4795 3556 4860 objicit

2003 4899 2225 4953 Huetius
2254 4894 2556 4966 Origem‘an.
2593 4892 2683 4946 lib.
2716 4907 2774 4954 ιι,
2804 4903 2997 4958 quaest.
3027 4889 3077 4950 2,
3108 4904 3256 4941 num.
3288 4886 3341 4952 5,
3369 4902 3419 4952 p.
3445 4884 3571 4949 116,

2002 4991 2311 5060 Origenem,
2341 5002 2461 5042 cum
2497 5001 2659 5039 unum
2704 4999 2825 5037 esse
2872 4981 3160 5036 concordia
3207 4988 3261 5033 et
3300 4993 3566 5030 consensu

2001 5082 2199 5137 dixerit
2227 5081 2444 5135 Patrem
2506 5086 2561 5132 et
2596 5077 2813 5140 Filium,
2847 5076 3005 5129 aliain
3037 5085 3251 5127 onmem
3290 5069 3458 5122 videri
3488 5082 3569 5119 re-

2002 5176 2217 5243 spuisse
2244 5173 2505 5227 unitatem
2530 5214 2546 5233 ,
2592 5172 2641 5224 id
2666 5185 2796 5222 sane
2842 5169 2973 5222 levis
3003 5174 3087 5219 est
3123 5163 3397 5217 momenti.
3436 5162 3568 5215 Nam

2002 5266 2091 5335 qui
2140 5273 2342 5318 tantum
2375 5264 2633 5318 unitatem
2676 5275 2968 5314 consensus
2996 5259 3134 5311 inter
3159 5256 3373 5309 Patrem
3405 5265 3457 5307 et
3482 5253 3569 5306 Fi-

2003 5359 2153 5420 lium,
2187 5358 2365 5425 aliquo
2408 5356 2459 5408 in
2517 5354 2635 5409 loco
2682 5352 2953 5422 exprimit,
2994 5367 3098 5403 non
3143 5350 3324 5402 statim
3365 5349 3408 5400 is
3442 5362 3567 5398 ceu-

2006 5449 2205 5505 sendus
2236 5457 2335 5514 est,
2370 5463 2581 5503 omnem
2625 5448 2780 5499 aliam
2841 5447 3099 5497 unitatem
3156 5457 3377 5511 prorsus
3411 5440 3567 5508 igno-

1987 5650 2158 5703 Paris.
2191 5650 2429 5703 BULLUS.

2062 5720 2173 5791 (55)
2203 5722 2351 5785 Apud
2384 5720 2635 5773 Albanas.
2664 5714 2741 5770 De
2765 5716 2950 5785 synod.
2991 5711 3215 5766 Arimin.
3272 5720 3318 5764 ct
3365 5708 3577 5765 Selene.

1994 5802 2123 5846 lo'u.
2157 5790 2195 5857 1,
2234 5810 2281 5860 ιι.
2317 5791 2441 5844 906.
