4068 6312
603 355 738 410 1507

2028 366 2249 421 EXCER
2261 368 2448 424 PTUM

3681 383 3788 438 1303

603 488 774 528 rasse.
804 474 1007 528 Deinde
1035 476 1284 545 Origenis
1337 483 1610 536 sexcentis
1665 483 1787 538 aliis
1826 483 1879 537 in
1921 485 2054 540 locis
2081 484 2185 539 Pa-
2215 493 2260 547 Α
2289 487 2440 542 Nocti
2471 490 2676 553 schola,
2701 490 2791 558 qui
2826 490 3061 554 dicebat,
3084 489 3339 560 Spiritum
3364 502 3594 547 sanctum
3616 511 3641 549 a
3669 499 3789 557 Patre

605 576 742 618 trem
768 576 821 620 et
846 566 1037 622 Filiqu
1067 570 1409 638 o'poouciouc,
1440 573 1483 626 si
1521 589 1634 628 rem
1661 590 1778 642 qua:
1813 592 1942 631 voce
1973 577 2178 648 signifi-

603 667 781 718 catur,
820 667 1058 727 spectes,
1095 663 1343 731 agnovit;
1376 665 1574 734 saepius
1619 667 1784 720 etiam
1833 668 1883 720 in
1911 669 2182 734 terminis,

606 758 667 802 ut
711 748 1025 819 loquuntur,
1082 753 1144 805 τὸ
1187 754 1474 825 ὁμοούσιον
1509 757 1790 812 confessus
1833 767 1934 825 est,
1982 759 2184 815 citante

611 841 892 912 Pamphilo
923 855 1160 917 martyre
1185 889 1200 912 ,
1252 858 1307 903 et
1353 860 1648 906 attestante
1689 853 1904 907 Ruﬁno.
1941 852 2082 908 Idem
2118 855 2185 909 de

606 933 932 1001 Novatiano,
973 939 1088 992 sive
1151 951 1378 996 auclore
1420 943 1543 998 libri
1601 945 1672 998 De
1732 946 1987 1000 Triuitate
2043 947 2185 1002 inter

605 1041 771 1095 opera
802 1027 1148 1098 Tertulliani,
1179 1048 1338 1101 quem
1362 1035 1432 1089 ob
1464 1036 1696 1090 similem
1735 1037 2061 1092 locutionem
2089 1055 2185 1093 no-

608 1127 686 1172 tat
713 1117 944 1174 iluetius
975 1122 1172 1178 ibidem
1203 1141 1312 1194 quo
1341 1141 1524 1196 supra,
1566 1143 1664 1183 suo
1713 1129 1832 1184 loco
1886 1129 2186 1185 luculenter

604 1212 910 1268 ostendam.
941 1212 1111 1269 Porro
1136 1214 1406 1287 Origenes
1434 1227 1580 1273 tomo
1625 1221 1801 1290 primo
1841 1223 1896 1275 in
1923 1221 2184 1278 Joannem

605 1300 675 1356 de
705 1303 1117 1373 Valentinianis,
1155 1308 1509 1380 ejusdemque
1538 1312 1724 1367 l'arinre
1760 1315 1883 1368 aliis
1913 1315 2186 1372 haereticis

608 1395 841 1460 loeutus,
893 1398 962 1451 ait
1000 1415 1147 1453 mtm.
1203 1400 1293 1464 ’25,
1340 1418 1458 1472 pag.
1505 1404 1597 1469 25,
1627 1404 1696 1458 26
1729 1425 1740 1458 :
1769 1405 2019 1476 Χρῶνται
2061 1405 2176 1478 τῷο

619 1485 1012 1555 Ἐξηρεύξατο
1042 1493 1080 1560 ἡ
1112 1493 1325 1559 καρδιά
1343 1512 1463 1562 μου
1477 1498 1662 1566 λόγον
1684 1497 1926 1567 ἀγαθὸν,
1950 1500 2185 1568 οἰόμενοι

609 1579 889 1650 προφορὰν
947 1583 1238 1654 πατρικὴν,
1278 1586 1440 1636 οἱονεὶ
1492 1587 1549 1638 ὲν
1590 1587 1879 1651 συλλαϐαῖς
1926 1588 2186 1660 κειμένην

606 1664 744 1723 εἶναι
793 1672 881 1725 τὸν
920 1673 1046 1726 Υἱόν
1067 1674 1160 1728 τοῦ
1195 1674 1351 1738 Θεοῦ,
1393 1677 1487 1728 καὶ
1518 1679 1656 1732 κατὰ
1677 1680 1836 1733 τοῦτο
1866 1681 2182 1744 ὑπόστασιν,

606 1765 779 1836 αὐτῷ,
801 1769 848 1819 εἰ
878 1769 1131 1840 ἀκριϐῶς
1160 1772 1339 1824 αὐτῶν
1385 1772 1806 1842 πυνθανοίμεθα,
1837 1775 1896 1826 οὑ
1927 1773 2181 1839 διδόασιν,

610 1858 720 1911 οὐδ’
761 1859 946 1912 οὐσίαν
985 1862 1148 1914 αὑτοῦ
1183 1865 1590 1935 σαφηνίζουσιν.
1639 1864 1693 1917 Id
1729 1874 1841 1932 est,
1895 1883 1913 1916 ι
1954 1865 2188 1920 Utuntur

610 1949 900 2038 dicto’illo,
930 1953 1199 2008 Eructavit
1247 1973 1337 2010 cor
1399 1975 1568 2017 meum
1614 1960 1821 2012 verbum
1881 1960 2070 2013 bonum
2098 1961 2182 2014 ⁶¹ε

614 2043 992 2099 existimantes
1063 2045 1256 2100 Filium
1327 2049 1420 2103 Dei
1480 2061 1757 2120 paternam
1829 2051 2184 2121 prolationem

611 2147 754 2198 esse,
785 2146 1041 2204 tanquam
1073 2138 1124 2191 in
1167 2139 1397 2207 syllabis
1421 2144 1654 2209 positam
1683 2161 1696 2196 :
1751 2145 1891 2197 unde
1931 2145 2188 2214 hyposta—

612 2229 696 2284 sin
743 2231 837 2292 illi,
881 2233 924 2286 si
969 2243 1226 2288 accurate
1273 2235 1418 2303 ipsos
1468 2236 1879 2306 interrogemus,
1929 2252 2032 2290 non
2079 2238 2190 2290 tri-

616 2319 806 2382 buunt,
838 2336 1012 2390 neque
1038 2322 1399 2378 substantiam
1430 2325 1550 2394 ejus
1573 2327 1884 2394 explanant.
1924 2346 1941 2378 ι
1980 2326 2076 2380 llic
2110 2328 2182 2380 fa-

614 2417 757 2463 tetur
785 2411 1009 2467 lluetius
1040 2413 1233 2468 ibidem
1267 2431 1373 2484 quo
1403 2432 1586 2483 supra,
1627 2416 1932 2486 Origcnian.
1975 2435 2025 2487 p.
2060 2420 2182 2485 H6,

616 2499 917 2555 ὑπόστασιν
949 2506 1018 2556 ab
1046 2504 1204 2575 οὐσίᾳ
1229 2506 1487 2575 distingui
1521 2506 1735 2574 quidem
1766 2525 1780 2571 ;
1817 2509 1909 2561 sed
1941 2509 2038 2574 ait,
2079 2524 2184 2563 non

614 2594 754 2647 sumi
802 2610 900 2663 pro
945 2613 1190 2662 persona,
1237 2599 1332 2652 sed
1379 2599 1744 2656 subsistentia.
1793 2598 1989 2652 Verum
2047 2601 2187 2669 apud

616 2697 866 2753 veteres,
909 2689 998 2743 ubi
1025 2689 1092 2744 de
1121 2689 1390 2744 Trinitate
1428 2691 1745 2759 loquuntur,
1797 2691 1947 2761 quid,
1981 2707 2184 2760 quaeso,

618 2776 796 2832 differt
855 2795 1083 2848 persona
1130 2795 1159 2834 a
1202 2781 1546 2835 subsistentia
1589 2781 1613 2834 Ἰ
1667 2781 1926 2834 Nimirum
1981 2783 2076 2845 illi,
2130 2791 2189 2836 ut.

617 2881 768 2924 recte
807 2871 1114 2924 observavit
1147 2872 1399 2927 Petavius
1439 2873 1514 2926 De
1544 2874 1758 2940 Triuit.,
1787 2875 1878 2928 lib.
1914 2891 1985 2937 ιν,
2023 2891 2070 2929 c.
2123 2877 2187 2938 ὅ,

617 2975 762 3011 num.
796 2961 850 3024 6,
887 2977 905 3010 ι
933 2961 1336 3014 subsistentiam
1381 2980 1402 3013 ι
1452 2977 1548 3031 pro
1576 2975 1861 3026 concreto,
1891 2965 2032 3033 quod
2073 2965 2178 3019 dici

617 3052 774 3109 solet,
811 3053 1026 3104 nomine
1053 3062 1420 3120 sumpserunt,
1461 3064 1518 3108 et
1549 3070 1668 3108 cum
1713 3071 1938 3123 persona
1989 3057 2182 3112 contu-

616 3143 830 3196 derunt.
868 3143 1066 3196 Deinde
1092 3145 1145 3199 in
1174 3145 1291 3199 loco
1311 3143 1580 3216 Origenis,
1627 3165 1785 3216 quem
1834 3150 2178 3218 reprehendit
2217 3187 2261 3246 ε

617 3233 864 3300 lluetius,
911 3238 1209 3306 accipiatur
1257 3241 1422 3312 igitur
1466 3241 1760 3304 ὑπόστασις
1807 3258 1901 3310 pro
1939 3261 1957 3293 ι
2010 3246 2187 3298 subsi-

614 3328 836 3394 Stentia,
865 3349 883 3381 ι
924 3340 982 3384 ιιι
1011 3331 1260 3388 dicantur
1294 3333 1456 3387 Pater
1487 3342 1542 3388 et
1589 3333 1756 3388 Filius
1789 3335 1895 3388 duo
1935 3337 2002 3406 τῇ
2049 3335 2184 3388 ὑπο-

617 3430 808 3485 στάσει
852 3449 870 3482 ι
904 3431 1290 3489 subsistentia:
1329 3451 1348 3485 ι
1386 3450 1453 3486 an
1483 3433 1768 3502 quisquam
1798 3431 2108 3486 Catholicus
2132 3433 2180 3486 id

617 3523 838 3593 culpet?
869 3522 980 3578 lmo
1010 3541 1192 3580 nonne
1225 3525 1523 3582 haereticus
1549 3535 1655 3589 est,
1705 3525 1795 3594 qui
1851 3526 2055 3596 neget?
2097 3523 2196 3579 Ve-

619 3629 738 3670 rum
785 3616 966 3671 acrius
997 3618 1230 3687 insurgit
1265 3618 1492 3674 lluetius
1551 3617 1860 3688 Origenian.
1911 3627 2100 3686 quaest.
2133 3632 2191 3682 ιι,

625 3724 773 3762 mnu.
825 3709 880 3776 5,
932 3725 1054 3780 pag.
1103 3710 1229 3765 11⁸1.
1294 3729 1311 3762 ι
1366 3711 1528 3777 Quid,
1575 3711 1772 3779 inquit,
1825 3709 2194 3764 defensionem

619 3802 866 3869 pr'ebere
905 3817 1168 3857 conamur
1202 3803 1443 3874 Origeni,
1475 3819 1596 3858 cum
1631 3819 1786 3857 suam
1824 3803 1937 3872 ipse
1963 3817 2180 3855 causam

619 3896 812 3963 prodat
864 3907 993 3950 tom.
1047 3913 1085 3952 ιι
1132 3898 1185 3951 in
1236 3896 1421 3960 Joan.,
1478 3911 1624 3950 num.
1670 3895 1724 3960 5,
1776 3910 1899 3965 pag.
1945 3893 2034 3958 6t,
2097 3893 2189 3946 ubi

619 3989 906 4055 quemdam
973 3990 1291 4059 impugnans
1335 3990 1762 4060 δογματίζοντα,
1811 3987 1944 4058 μηδὲ
2001 3985 2190 4038 οὑσίαν

621 4078 743 4131 τινὰ
787 4079 919 4132 ἰδίαν
967 4080 1263 4149 ὑφεστάναι
1307 4082 1399 4134 τοῦ
1441 4083 1597 4150 ἁγίου
1643 4079 1960 4151 Πνεὺματος
2005 4079 2196 4149 ἑτέραν

625 4172 776 4241 παρὰ
801 4169 890 4222 τὸν
920 4171 1136 4242 Πατέρα
1184 4174 1277 4226 καὶ
1321 4173 1412 4226 τὸν
1455 4172 1580 4224 Υἰόν
1605 4190 1618 4202 ·
1645 4182 1766 4241 post
1799 4171 1973 4240 aliqua
2011 4170 2196 4223 addit:

635 4261 824 4332 Ἡμεῖς
849 4263 1028 4335 μέντοι
1069 4282 1131 4333 γε
1164 4267 1312 4336 τρεῖς
1356 4265 1682 4327 ὑποστάσεις
1723 4263 2030 4334 πειθόμενοι
2068 4279 2200 4330 τυγ-

629 4356 838 4429 χάνειν,
887 4357 979 4410 τὸν
1027 4357 1248 4429 Πατέρα
1302 4357 1395 4410 καὶ
1449 4357 1576 4409 Υἱὺν
1622 4356 1717 4410 καὶ
1761 4355 1913 4425 ἅγιον
1953 4355 2199 4426 Πνεῦμα,

628 4469 681 4504 κ.
711 4470 764 4504 τ.
795 4451 871 4518 λ.,
908 4453 955 4505 id
984 4465 1086 4518 est,
1112 4472 1129 4502 ι
1175 4451 1282 4506 Nos
1316 4461 1492 4504 autem
1517 4451 1605 4518 qui
1642 4461 1752 4504 tres
1795 4463 2054 4517 personas
2081 4462 2202 4501 esse

2287 592 2342 635 et
2387 581 2522 635 Filio
2561 582 2866 666 nullatenus
2911 582 3147 647 dill'erre,
3192 585 3287 637 sed
3336 584 3396 636 τὸ
3431 586 3554 639 αὐτὸ
3579 583 3699 642 εἶναι
3734 593 3793 666 τῷ

2287 675 2483 747 Πατρί,
2521 694 2540 725 ε
2559 664 2792 743 prorsus
2821 675 2958 728 idem
2993 691 3112 729 esse
3135 677 3278 743 quod
3326 675 3498 743 Pater,
3527 697 3544 730 ι
3575 664 3794 741 referente

2289 766 2485 821 ibidem
2523 767 2641 836 ipso
2676 764 2926 835 Origene.
2957 767 3229 820 Adversus
3261 767 3408 820 llllllc
3430 770 3724 826 ostenditeo
3752 774 3794 828 itt

2289 853 2404 908 loco
2447 853 2732 920 Origenes,
2773 855 2915 923 quod
2949 854 3066 908 sine
3110 857 3484 910 controversia
3524 856 3692 916 Matth.
3719 879 3794 930 ιιι,

2291 945 2382 1012 '52,
2410 945 2689 1000 distinctio
2737 946 3047 1000 declaretur
3095 945 3336 1015 Spiritus
3384 949 3551 1002 sancti
3595 966 3621 1002 a
3656 952 3795 1021 Filio;

2291 1038 2526 1108 indeque
2557 1037 2834 1093 concludit
2870 1036 3132 1106 Spiritum
3181 1048 3432 1092 sanctum
3481 1051 3532 1094 ut
3565 1051 3614 1096 et
3643 1042 3798 1102 Filium

2286 1131 2472 1196 etiam,
2507 1147 2535 1184 a
2569 1131 2728 1185 Patre
2753 1146 2981 1200 persona
3017 1131 3252 1185 differre.
3300 1129 3435 1183 Tum
3470 1133 3730 1204 subjungit,
3759 1147 3801 1193 et

2288 1238 2370 1284 se,
2396 1232 2450 1276 et
2474 1223 2615 1278 alios
2644 1223 2957 1278 Catholicos
3001 1222 3246 1285 credere,
3289 1220 3521 1287 Patrem,
3561 1222 3734 1280 Filium
3760 1239 3802 1284 et

2294 1314 2558 1385 Spiritum
2603 1325 2854 1370 sanctum
2905 1329 3027 1370 esse
3088 1317 3236 1386 τρεῖς
3283 1314 3620 1380 ὑποστάσεις,
3667 1335 3684 1369 ι
3719 1328 3802 1376 tres

2287 1408 2687 1463 subsistentias.
2722 1427 2741 1459 ι
2784 1407 3048 1461 Nimirum
3077 1406 3376 1470 ὑπόστασις
3404 1409 3539 1477 apud
3565 1408 3803 1479 Origenetn

2288 1501 2399 1554 fere
2425 1510 2736 1554 constanter
2761 1500 3029 1570 significat
3062 1501 3174 1554 sive
3201 1500 3599 1554 subsistentiam
3626 1500 3669 1555 in
3700 1503 3803 1558 abs-

2289 1605 2484 1660 tracto,
2535 1597 2648 1651 sive
2698 1610 2808 1648 rem
2863 1595 3191 1664 singularem
3223 1605 3282 1647 et
3315 1593 3631 1647 individuam
3655 1609 3728 1662 per
3752 1611 3801 1652 se

2289 1686 2690 1747 subsistentem,
2739 1703 2859 1756 «pne
2905 1685 2960 1739 in
3005 1686 3092 1751 iis,
3143 1699 3266 1752 qtae
3309 1685 3422 1738 vita
3478 1696 3532 1738 et
3580 1686 3802 1742 intellectu

2290 1780 2523 1848 gaudent
2576 1779 2656 1849 (ut
2684 1781 2881 1848 saepius
2907 1776 3063 1847 dixi),
3104 1775 3244 1830 idem
3283 1788 3370 1830 est
3412 1777 3550 1846 quod
3591 1791 3794 1846 persona.

2293 1870 2396 1925 Sed
2457 1886 2715 1940 quorsum
2767 1872 2915 1925 hisce
2975 1871 3228 1925 lectorem
3289 1871 3598 1939 ambagibus
3637 1871 3804 1925 detine-

2291 1963 2448 2016 mus?
2484 1963 2668 2016 Exstat
2709 1962 2858 2016 locus
2885 1964 2934 2016 in
2971 1963 3176 2018 Grazcis
3221 1961 3480 2030 Origenis
3515 1961 3805 2016 Commenta-

2289 2054 2384 2108 riis
2425 2055 2491 2106 ab
2517 2054 2632 2122 ipso
2676 2053 2871 2108 Huetio
2900 2054 3086 2118 editis,
3135 2053 3228 2123 qui
3277 2063 3519 2107 nostram
3551 2053 3808 2120 Origeniani

2287 2161 2481 2201 sensus
2563 2146 3058 2216 interpretationem
3145 2146 3493 2216 apertissime
3553 2145 3807 2200 conﬁrmet.

2289 2237 2422 2290 Nam
2455 2247 2598 2290 tomo
2622 2253 2652 2290 ιι
2699 2237 2749 2289 in
2774 2235 3052 2298 Joannem,
3084 2250 3230 2288 num.
3264 2234 3360 2296 2t,
3393 2249 3510 2302 pag.
3539 2233 3650 2296 199,
3679 2246 3809 2302 quos-

2290 2331 2408 2385 dam
2435 2337 2584 2383 notat
2615 2328 2874 2398 Origenes
2907 2329 3123 2396 (nempe
3183 2341 3250 2378 ex
3306 2323 3599 2390 Noetianis)
3620 2365 3632 2385 ,
3655 2324 3731 2392 qtti
3757 2340 3808 2378 ex

2290 2422 2424 2476 locis
2458 2421 2751 2488 Scriptura:
2785 2419 3105 2488 quibusdam
3139 2418 3278 2471 male
3331 2417 3607 2471 intellectis
3640 2416 3808 2469 ostendi

2289 2514 2691 2577 existimarunt,
2729 2512 2802 2582 μὴ
2836 2511 3116 2582 διαφέρειν
3142 2509 3220 2580 τῷ
3247 2507 3474 2580 ἀριθμῷ
3495 2507 3581 2560 τὸν
3613 2506 3718 2559 Υἱδν
3739 2503 3810 2561 τοῦ

2289 2605 2520 2677 Πατρὸς,
2573 2605 2686 2658 ἀλλ’
2729 2603 2807 2667 ἓν,
2835 2604 2896 2656 οὑ
2933 2603 3091 2674 μόνον
3131 2601 3314 2672 οὑσίᾳ,
3352 2599 3486 2652 ἀλλὰ
3522 2599 3609 2652 καὶ
3639 2599 3811 2650 ὑποκει-

2293 2698 2438 2768 μένῳ
2474 2698 2836 2766 τυγχάνοντας
2880 2692 3239 2764 ἀμφοτέρους,
3274 2689 3421 2744 κατά
3444 2706 3587 2752 τινας
3617 2687 3811 2748 ἐπινοίας

2289 2789 2600 2862 διαφόρους,
2635 2789 2695 2841 οὑ
2740 2787 2856 2840 κατ’
2890 2771 3184 2839 ὑπόστασιν
3223 2784 3482 2852 λέγεσθαι
3528 2782 3722 2851 Πατέρα
3742 2779 3811 2834 τὸν

2304 2882 2452 2935 Υἱόνσ
2491 2882 2542 2935 id
2565 2888 2679 2944 est,
2712 2898 2730 2930 ι
2757 2877 2994 2932 Numero
3023 2892 3125 2930 non
3163 2875 3387 2930 diﬁcrre
3420 2873 3602 2928 Filium
3629 2871 3808 2933 aPatre,

2293 2976 2387 3031 sed
2419 2985 2705 3042 utrumque
2734 2986 2896 3025 unum
2947 2983 3050 3022 non
3104 2969 3265 3022 modo
3307 2964 3622 3031 substantia,
3658 2964 3733 3018 sed
3768 2969 3810 3014 et

2295 3065 2536 3134 snbjecto
2564 3063 2915 3125 exsistentes,
2959 3058 3257 3113 secundum
3311 3058 3570 3128 quasdam
3612 3055 3808 3110 notiones

2295 3161 2561 3218 diversas,
2587 3171 2691 3210 non
2735 3154 3031 3209 secundum
3064 3153 3413 3223 hypostasin,
3446 3151 3648 3206 Patrem
3676 3159 3721 3201 et
3745 3145 3807 3198 Fi-

2297 3252 2423 3306 lium
2450 3249 2578 3302 dici.
2621 3267 2640 3300 ι
2699 3247 2905 3314 Quibus
2946 3247 3057 3315 ipse
3096 3245 3393 3314 respondet
3425 3261 3439 3296 :
3469 3241 3684 3296 Λεκτέον
3709 3237 3810 3307 πρὶς

2295 3344 2490 3406 αὐτοὺς
2517 3340 2731 3414 πρῶτον
2763 3341 2860 3411 μὲν
2906 3339 3092 3411 ἕτερον
3122 3335 3262 3392 εἶναι
3296 3338 3390 3390 τὸν
3417 3337 3540 3389 Υιὸν
3577 3335 3710 3406 παρὰ
3744 3330 3810 3384 τὸν

2295 3439 2536 3509 Πατέρα,
2569 3437 2664 3490 καὶ
2685 3437 2766 3489 ὃτι
2795 3435 3004 3507 ἀνάγκη
3035 3435 3125 3488 τὸν
3162 3433 3292 3486 Υἱὸν
3323 3433 3533 3505 Πατρὸς
3557 3428 3678 3486 εἶναι
3699 3428 3812 3491 Υἱὺν,

2297 3536 2390 3590 καὶ
2416 3535 2508 3586 τὸν
2537 3531 2757 3603 Πατέρα
2795 3529 2925 3582 Υἱοῦ
2960 3527 3199 3600 Πατέρα,
3229 3529 3279 3581 id
3307 3539 3412 3591 est,
3472 3545 3490 3577 ι
3539 3525 3612 3579 Ad
3649 3523 3730 3576 hos
3752 3519 3814 3574 di-

2297 3629 2525 3682 cendum
2566 3625 2759 3693 primo,
2785 3622 2950 3676 alium
2981 3635 3102 3675 esse
3134 3618 3332 3672 Filium
3369 3635 3398 3671 a
3428 3619 3598 3679 Patre,
3630 3613 3809 3682 etquod

2298 3718 2611 3773 necessario
2656 3714 2822 3768 Filius
2856 3712 2928 3768 sit
2969 3711 3144 3766 Patris
3195 3709 3392 3771 Filius,
3434 3721 3488 3763 et
3544 3708 3684 3762 Pater
3724 3701 3812 3758 Filii

2298 3811 2569 3866 sitPatcr.
2608 3827 2625 3860 ι
2681 3806 2776 3860 llic
2824 3805 2981 3858 οὐσία
3023 3813 3077 3857 et
3106 3795 3417 3867 ’ὑπόστασις
3466 3801 3605 3856 clare
3651 3797 3806 3853 distin-

2301 3913 2560 3976 guuntur,
2616 3900 2774 3970 plane
2821 3896 3275 3968 quemadmodum
3309 3913 3336 3948 ιι
3375 3895 3526 3948 nobis
3578 3891 3716 3945 hodie
3742 3887 3812 3950 iit;

2301 4007 2356 4050 et
2410 3993 2662 4064 Origenis
2709 3993 3050 4059 aliorumque
3092 3987 3495 4043 Catholicorum
3536 3981 3761 4039 sententia
3791 3993 3814 4030 ιι

2301 4085 2565 4140 Noetiana
2593 4091 2850 4136 accurate
2891 4077 3318 4134 discriminatur.
3352 4075 3616 4129 Ducebant
3646 4068 3809 4125 Catho-

2305 4179 2390 4232 lici
2419 4176 2631 4231 Patrem
2655 4183 2709 4228 et
2736 4173 2927 4227 Filium
2961 4186 3123 4225 unum
3161 4169 3380 4239 quidem
3415 4183 3530 4222 esse
3555 4158 3804 4220 substantia

2311 4271 2434 4338 (hoc
2490 4276 2595 4333 est,
2651 4263 3028 4336 ὸμοουσίους),
3081 4261 3174 4316 sed
3224 4261 3496 4330 bypostasi
3526 4267 3578 4312 et
3623 4252 3814 4320 subjecto

2306 4363 2471 4414 duos:
2505 4367 2694 4412 contra
2730 4354 2968 4410 haeretici
3001 4351 3420 4416 contendebant,
3449 4349 3646 4403 Patrem
3673 4352 3719 4397 et
3743 4338 3812 4394 Fi-

2308 4453 2436 4505 lium
2474 4466 2580 4504 non
2627 4450 2788 4503 modo
2852 4443 3178 4505 substantia,
3229 4443 3321 4497 sed
3378 4441 3538 4494 etiam
3591 4427 3812 4507 hypostasi

624 4543 864 4610 Patrem,
895 4545 1087 4598 Filium
1116 4556 1170 4599 et
1201 4546 1466 4614 Spiritum
1519 4555 1765 4598 sanctum
1816 4543 2059 4611 persuasi
2110 4557 2203 4595 su-
2233 4530 2278 4586 Β
2310 4559 2472 4598 unum
2513 4557 2659 4605 esse,
2697 4555 2760 4592 ac
2790 4549 2995 4592 tantum
3018 4537 3314 4591 secundum
3346 4533 3580 4587 diversas
3617 4526 3813 4582 notiones

629 4652 769 4698 mus,
816 4648 960 4691 ιοιρ.
995 4637 1197 4704 Quibus
1227 4638 1497 4708 significat
1525 4638 1591 4690 ab
1637 4651 1701 4689 eo
1748 4635 1839 4705 qui
1885 4635 2096 4688 unicam
2138 4633 2192 4686 itt

625 4727 894 4783 Trinitate
917 4730 1102 4782 οὐσίαν
1162 4730 1334 4798 punit,
1375 4745 1433 4785 se
1464 4728 1776 4796 dissentire,
1812 4736 1867 4780 et
1912 4735 2023 4782 tres
2066 4727 2200 4779 ὑπο-

625 4826 847 4887 στάσεις
909 4824 1215 4888 admittere,
1282 4826 1382 4879 hoc
1444 4835 1547 4888 est,
1617 4834 1725 4877 tres
1783 4822 1994 4884 οὐσίας.
2061 4820 2195 4875 Nam

626 4919 670 4973 si
719 4919 1008 4992 ἰδιότητας,
1077 4920 1176 4973 hoc
1229 4930 1334 4984 est,
1393 4934 1654 4988 personas
1713 4917 2044 4988 significaret
2099 4931 2202 4970 vox

627 5016 977 5082 ὑποστάσεις,
1012 4998 1321 5083 neutiquam
1353 5017 1686 5084 exprimeret
1716 5014 2017 5069 dissensum
2049 5027 2206 5067 suum

633 5109 702 5162 ab
724 5125 812 5173 eo,
837 5109 928 5178 qui
962 5108 1121 5164 unius
1147 5106 1335 5170 οὐσίας
1376 5106 1699 5161 Trinitatem
1747 5120 1866 5161 esse
1915 5104 2151 5160 volebat.
2181 5121 2199 5155 ι

633 5203 820 5270 Atqui,
853 5202 1073 5271 inquam
1103 5217 1225 5270 ego,
1267 5217 1331 5255 ex
1358 5201 1460 5254 hoc
1491 5201 1610 5254 loco
1643 5199 1776 5253 nihil
1823 5197 1966 5250 aliud
2023 5197 2202 5264 colligi

635 5301 834 5360 potest,
892 5307 1052 5361 quam
1105 5292 1497 5354 adversarimn,
1563 5305 1723 5358 quem
1787 5287 1861 5342 ibi
1928 5289 2206 5357 impugnat

632 5385 914 5456 Origenes,
947 5385 1132 5448 οὐσίας
1165 5385 1381 5438 nomine
1420 5383 1748 5453 hypostasim
1772 5382 1884 5436 sive
1915 5395 2206 5448 personam

637 5477 994 5541 intellexisse,
1021 5477 1162 5546 quod
1193 5488 1247 5530 et
1274 5477 1342 5531 ab
1376 5475 1495 5529 aliis
1525 5473 1729 5538 multis,
1757 5474 1922 5527 etiam
1964 5471 2208 5526 Catholi-

638 5573 739 5637 cis,
759 5571 984 5638 factum,
1013 5587 1174 5642 supra
1205 5571 1562 5626 ostendimus.
1591 5568 1813 5623 Scilicet
1838 5566 2208 5629 adversarius,

637 5674 824 5718 Contra
853 5679 1014 5733 quem
1050 5665 1290 5734 diaputat
1335 5663 1406 5719 ibi
1456 5661 1742 5733 Origenes,
1781 5656 1882 5714 fuit
1925 5673 2112 5715 revera
2145 5674 2206 5713 ex

717 5843 755 5871 "'
783 5840 922 5896 Psal.
961 5857 1100 5906 aur,
1133 5842 1181 5894 ι.

2309 4641 2419 4693 sive
2447 4645 2740 4704 conceptus
2772 4642 2986 4687 nostros
3021 4629 3300 4698 distingui,
3331 4637 3494 4696 atque
3529 4624 3624 4676 alio
3645 4623 3812 4689 {respe-

2309 4741 2396 4786 ctu
2426 4743 2569 4783 nunc
2591 4704 2844 4790 .Patrem,
2881 4740 3022 4780 nunc
3056 4723 3160 4776 alio
3194 4721 3389 4776 Filium
3430 4717 3552 4772 dici.
3592 4713 3674 4768 llis
3698 4716 3812 4764 certe

2312 4823 2445 4878 nihil
2475 4819 2836 4874 manifestius.
2869 4818 3019 4884 Quod
3047 4831 3175 4869 vero
3203 4815 3271 4869 de
3307 4812 3525 4894 antiquo
3557 4805 3686 4861 vocis
3709 4801 3811 4854 ὑπο-

2316 4916 2558 4980 στάσεως
2589 4915 2638 4967 ἰιι
2662 4912 2975 4966 divinisusu
3005 4895 3593 4970 ecclesiastico,ifusius
3631 4897 3810 4950 fortasse

2311 5025 2473 5078 quam
2529 5007 2804 5078 proposita
2841 5002 3075 5072 objectio
3123 4999 3438 5070 postularet,
3489 4986 3807 5049 disseruerim;

2310 5104 2389 5166 id,
2424 5101 2497 5154 uti
2526 5115 2705 5168 spero,
2754 5099 2894 5151 haud
2937 5094 3223 5149 molestum
3265 5093 3372 5147 erit
3401 5087 3577 5145 lectori
3619 5080 3805 5138 corda“).

2310 5195 2400 5264 qui
2433 5167 2616 5246 secum
2645 5191 2826 5244 animo
2857 5185 3210 5257 reputaverit,
3237 5198 3398 5252 quam
3439 5182 3522 5234 hic
3565 5192 3656 5231 non
3693 5167 3804 5268 modo

2315 5263 2344 5341 a
2378 5287 2536 5357 vulgo
2569 5285 2962 5353 theologorum,
3019 5278 3112 5334 sed
3155 5279 3316 5330 etiam
3350 5290 3381 5328 a
3411 5274 3538 5327 viris
3565 5263 3803 5324 eruditissi-

2315 5382 2419 5432 mis
2447 5385 2558 5431 tota
2586 5377 2670 5429 via
2708 5385 2943 5429 erretur.

2394 5470 2421 5541 §
2456 5469 2574 5524 ΧΠ.
2609 5466 2864 5535 Sequitur
2895 5465 2997 5518 alia
3035 5463 3209 5518 lluetii
3238 5458 3467 5530 objectio
3501 5450 3800 5541 desumptan

2322 5529 2505 5617 vcibis
2542 5529 2791 5626 Origenis
2849 5558 2941 5612 lib.
2987 5571 3080 5610 vnt
3123 5529 3319 5610 contra,
3374 5550 3528 5612 Cela,
3573 5557 3690 5599 num.
3731 5529 3798 5626 ll.

2319 5673 2370 5727 p.
2399 5654 2524 5719 7352,
2562 5622 2752 5722 nempe
2792 5651 2937 5707 hisce
2969 5650 3186 5704 ε”Εστω
3210 5647 3286 5713 δὲ,
3323 5643 3468 5706 τινὰς
3494 5640 3562 5704 ὡς
3581 5638 3630 5690 ὲν
3657 5622 3798 5697 ﬁnio“

2805 5855 2821 5881 ἱ
