4068 6312
358 324 493 379 1509

1376 327 1467 381 EX
1505 329 1570 384 G.
1614 329 1814 386 BULLl
1856 330 2005 385 DEF.
2046 331 2224 387 FlDEl
2264 333 2584 392 NICIENIE.

3450 345 3584 399 ιδιυ

358 440 738 506 πιστευόντων,
769 441 864 497 καὶ
890 441 1192 514 δεχομένων
1219 445 1531 514 διαφωνίαν,
1563 446 1653 501 διὰ
1683 448 1781 520 τὴν
1799 466 1923 519 προο

2028 453 2117 521 qui
2153 454 2407 509 mundum
2439 454 2700 521 eondidit,
2732 455 2971 522 Filium;
3003 458 3096 511 sed
3126 455 3243 524 ejus
3277 457 3584 527 Dominum,

357 534 578 587 πέτειαν
610 532 959 588 ὑποτίθεσθαι
980 534 1071 587 τὸν
1104 535 1330 605 Σωτῆρα
1364 532 1502 589 εἶναι
1542 538 1630 591 τὸν
1663 541 1754 592 ἐπὶ
1789 541 1921 592 πᾶσι

355 625 488 680 Θεὸν
512 642 526 655 ⁸
555 624 671 679 ἀλλ’
689 624 805 677 οὔτι
833 643 895 695 γε
914 627 1070 697 ἡμεῖς
1092 625 1351 690 τοιοῦτον,
1368 630 1416 680 οἱ
1447 629 1752 700 πειθόμενοι
1778 630 1923 701 αὐτῷ

356 714 587 783 λέγοντι,
617 715 670 767 '0
695 715 917 784 Πατὴρ,
942 719 975 770 d
999 715 1239 783 πέμψας
1264 734 1355 784 με,
1367 717 1579 786 μείζων
1592 721 1710 788 μοῦ
1729 722 1920 785 ἐστιν,

358 807 411 861 id
445 816 557 861 est:
587 824 606 857 ι
634 807 767 860 Esto
794 818 972 860 autem
1002 821 1109 861 non
1138 807 1326 862 deesse
1355 811 1634 878 quosdam,
1660 820 1718 864 ut
1743 813 1792 865 in
1816 821 1922 866 tam

358 909 648 950 numerosa
685 894 1019 949 credentium
1048 894 1414 961 multitudine,
1437 898 1526 967 qui
1557 898 1923 967 discrepantes

359 985 429 1038 ab
471 985 596 1040 aliis
641 993 844 1041 temere
891 984 1183 1050 aﬂirment,
1223 988 1367 1055 quod
1423 987 1679 1043 Servator
1723 990 1792 1043 sit
1832 990 1924 1045 ille

358 1077 731 1131 universorum
763 1076 901 1131 Deus
927 1090 943 1129 :
989 1088 1263 1134 nos.certe
1292 1079 1393 1131 hoc
1426 1095 1528 1133 non
1560 1078 1808 1147 facimus,
1832 1081 1921 1150 qui

357 1169 631 1223 credimus
655 1169 756 1239 ipsi
783 1169 1009 1234 dicenti,
1041 1169 1203 1223 Pater
1225 1172 1314 1239 qui
1342 1171 1480 1224 misit
1509 1189 1609 1236 me,
1643 1172 1814 1241 major
1842 1190 1924 1228 me

354 1270 429 1315 est
464 1261 537 1311 ⁸³.
572 1279 591 1313 ι
632 1260 709 1314 Ad
740 1275 859 1330 qua:
883 1261 998 1314 hare
1025 1262 1248 1315 adnotat
1270 1261 1584 1317 cl.lluetius
1612 1261 1920 1334 Origenian.

355 1353 450 1407 lib.
480 1368 541 1419 ll,
584 1362 775 1421 quaest.
817 1351 873 1417 2,
921 1367 1071 1405 num.
1104 1353 1157 1417 7,
1206 1368 1328 1423 pag.
1358 1354 1450 1406 121
1486 1373 1498 1408 :
1526 1372 1544 1405 ι
1578 1355 1924 1411 Aliirmabant

350 1443 575 1512 quidam
622 1442 897 1497 Christum
945 1457 1066 1495 esse
1116 1443 1492 1496 universorum
1542 1445 1728 1508 Deum,
1766 1446 1923 1513 idque

352 1547 480 1586 vere
524 1542 580 1588 et
619 1532 939 1586 orthodoxe.
986 1531 1230 1587 Pertinet
1273 1533 1402 1587 illud
1443 1548 1571 1588 sane
1598 1535 1661 1587 ad
1686 1535 1921 1590 divinam

354 1621 559 1689 Christi
596 1629 872 1685 naturam,
920 1636 1022 1673 non
1064 1622 1129 1674 ad
1174 1621 1485 1676 humanam.
1540 1622 1708 1693 Negat
1759 1638 1923 1678 econ-

358 1711 531 1765 trario
615 1710 875 1780 Origenes
947 1710 1289 1765 Servatorcm
1357 1727 1475 1766 esse
1550 1714 1920 1767 universorum

2024 559 2197 612 eoque
2264 546 2623 613 superiorem,
2702 561 2876 615 eoque
2940 547 3156 601 nomine
3214 549 3585 603 universorum

2026 635 2216 689 Deum.
2258 635 2400 689 Sane
2430 637 2497 690 de
2534 637 2619 691 his
2650 637 2735 706 agi
2765 637 2817 690 in
2851 639 3291 694 antecedentibus
3316 651 3367 694 ct
3395 656 3587 697 conse-

2021 726 2313 793 quentibus
2350 727 2694 782 manifestum
2723 738 2827 782 est.
2860 728 3036 783 Secun
3064 734 3133 792 ιο,
3162 732 3299 795 quod
3326 730 3587 799 Origenes

2023 814 2076 869 in
2104 814 2223 871 loco
2256 817 2420 871 citato
2451 818 2601 891 dicit,
2625 818 2818 872 Filium
2851 820 3015 873 etiam
3040 835 3144 888 qua
3172 821 3312 875 Dens
3336 830 3421 875 est
3462 821 3588 892 (hoc

2024 917 2126 972 est,
2157 907 2298 963 Deus
2327 925 2393 964 ex
2424 910 2553 979 Deo)
2586 912 2744 966 Patre
2779 911 3042 966 minorem
3094 927 3213 967 esse
3276 914 3438 982 (quod
3503 929 3587 967 re-

2023 998 2307 1067 prehendit
2345 998 2643 1070 llnetius);
2692 999 2846 1068 plane
2884 1000 3202 1055 catholicum
3229 1016 3375 1063 esse.
3427 1009 3587 1070 atque

2023 1082 2188 1140 etiam
2239 1103 2269 1141 a
2330 1088 2601 1155 Patribus,
2647 1090 2738 1159 qui
2788 1101 2910 1159 post
2967 1089 3243 1145 Nicmnum
3296 1092 3584 1145 concilium

2021 1175 2277 1229 Arianam
2302 1178 2548 1233 haeresim
2568 1180 2829 1235 acerrime
2854 1181 3255 1250 impugnarunt,
3282 1181 3583 1247 defensum,

2024 1267 2161 1321 infra
2193 1269 2257 1321 ad
2290 1271 2581 1325 sectionem
2612 1271 2669 1335 Il,
2701 1288 2819 1341 cap.
2850 1273 2904 1333 9.,
2944 1290 3093 1327 num.
3122 1273 3175 1337 6,
3219 1274 3582 1328 ostendemus.

2024 1358 2126 1415 Ubi
2152 1362 2314 1415 etiam
2349 1363 2779 1419 luculentiSsime
2809 1364 3182 1434 probabimus,
3215 1365 3498 1433 Origenem
3532 1365 3586 1419 in

2025 1452 2173 1507 libris
2216 1464 2399 1507 contra
2422 1455 2649 1522 Celsum,
2671 1472 2793 1510 cum
2829 1458 2994 1512 Deum
3030 1456 3242 1511 Patrem
3268 1459 3385 1510 κατ’
3406 1459 3587 1511 αἰτίαν

2026 1544 2159 1596 Filio
2192 1544 2447 1614 majorem
2471 1548 2751 1611 statuerit,
2785 1546 2923 1601 κατὰ
2952 1547 3111 1616 φύσιν
3151 1559 3326 1602 tamen
3371 1548 3587 1602 Patrem

2024 1647 2078 1692 et
2104 1636 2292 1691 Filium
2326 1654 2480 1705 pares
2503 1639 2720 1693 omnino
2744 1654 2863 1694 esse
2908 1649 2962 1693 et
3001 1640 3235 1708 mquales
3277 1640 3583 1709 agnovisse.

2095 1730 2283 1802 §X|ll.
2313 1730 2495 1784 Tertio
2531 1733 2878 1799 reprehendit
2920 1732 3144 1787 liuetins
3187 1732 3349 1786 verba
3395 1730 3587 1800 Orige-

358 1802 550 1864 Deum,
588 1802 728 1869 quod
765 1802 888 1854 inde
915 1801 1130 1869 probat,
1160 1803 1281 1870 quia
1306 1802 1468 1857 Patre
1500 1806 1675 1858 minor
1703 1806 1795 1872 sit,
1834 1805 1923 1875 qui

2029 1821 2110 1873 nis
2143 1821 2193 1873 in
2241 1819 2375 1874 libro
2405 1836 2435 1870 ι’
2461 1832 2639 1874 contra
2670 1820 2911 1885 Celsum,
2934 1822 3018 1874 ubi
3058 1824 3134 1875 sic
3163 1822 3354 1876 scribit
3384 1839 3435 1878 ιι.
3479 1822 3541 1876 il
3570 1840 3583 1874 :

350 1904 438 1947 est
470 1893 853 1949 universorum
890 1893 1049 1947 Dens.
1084 1895 1281 1947 Divina:
1324 1910 1453 1965 ergo
1482 1896 1682 1951 Christi
1726 1907 1926 1951 natura

345 1987 592 2041 detrahit
615 2001 920 2055 supremam
944 1985 1085 2039 illam
1102 1986 1505 2057 Osdeqtasnpra
1525 2002 1609 2041 res
1628 1988 1925 2051 universas,

341 2087 398 2132 et
441 2079 595 2132 Patri
653 2078 900 2143 addicit;
950 2078 1280 2147 proindeqne
1343 2078 1558 2147 μεγέθει
1599 2080 1727 2145 τινί,
1772 2090 1825 2132 et
1870 2093 1927 2135 nt

345 2169 525 2224 Deum
560 2171 689 2235 Deo,
726 2170 1046 2224 inferiorem
1076 2169 1221 2224 Patri
1261 2170 1455 2223 Filium
1486 2172 1693 2234 statuit,
1731 2188 1837 2226 non
1870 2182 1926 2227 nt

348 2262 627 2315 hominem
665 2261 798 2316 Deo.
823 2280 844 2312 ι
872 2262 977 2316 Sed
1020 2262 1072 2314 1°
1105 2262 1421 2332 gravissime
1449 2272 1596 2317 errat
1621 2263 1701 2315 vir
1731 2264 1927 2319 doctis-

348 2357 526 2410 simus
553 2355 718 2427 (quod
748 2372 880 2426 pace
905 2357 1022 2423 ejus
1051 2356 1326 2427 dixerim),
1368 2357 1420 2411 in
1459 2373 1523 2410 eo
1577 2358 1718 2427 quod
1754 2366 1923 2425 putet,

354 2463 497 2515 quos
540 2448 629 2501 hic
679 2447 1000 2517 perstringit
1040 2444 1320 2516 Origenes,
1376 2462 1500 2500 vere
1538 2457 1593 2502 et
1631 2447 1926 2501 orthodoxe

356 2539 677 2603 aliirnmsse,
730 2538 921 2591 Filium
964 2552 1087 2591 esse
1130 2538 1505 2591 universorum
1560 2539 1746 2592 Deum.
1791 2537 1923 2591 Nam

353 2630 562 2681 diserte
594 2629 833 2697 loquitur
861 2627 1125 2696 Origenes
1161 2628 1226 2680 de
1255 2629 1444 2696 paucis
1480 2629 1803 2698 quibusdam
1841 2631 1924 2683 in-

320 2706 325 2711 ’
356 2729 440 2774 ter
469 2720 828 2785 ChriStianos,
856 2720 946 2787 qui
983 2721 1035 2772 in
1065 2736 1129 2773 eo
1162 2720 1303 2788 quod
1330 2720 1687 2787 affirmabant,
1733 2736 1765 2775 a
1786 2720 1925 2790 zreli-

351 2825 457 2878 qna
493 2810 829 2864 credentium
858 2825 876 2858 ι
909 2822 1192 2863 rmmerosa
1229 2808 1595 2873 multitudine,
1627 2829 1645 2861 ι
1685 2810 1783 2864 hoc
1822 2819 1924 2875 est,

352 2915 383 2953 a
440 2899 713 2954 catholica
772 2897 971 2952 Christi
1029 2896 1271 2951 Ecclesia
1326 2897 1728 2966 diserepabant.
1788 2897 1925 2965 Quin

348 2991 548 3054 etiam,
578 2992 622 3045 si
651 2990 1030 3045 antecedentia
1057 3000 1112 3043 et
1142 2993 1537 3060 consequentia
1577 2992 1718 3060 apud
1748 2992 1928 3063 Orige-

350 3099 481 3138 nem
513 3082 726 3153 legeris,
759 3083 1061 3152 comperies
1109 3098 1227 3150 quae
1257 3082 1325 3135 ibi
1370 3082 1559 3136 Celsus
1603 3083 1924 3138 Christianis

350 3176 568 3245 objicit,
621 3190 742 3230 esse
793 3176 1012 3229 omnino
1052 3191 1119 3227 ex
1170 3175 1550 3228 luereticorum
1597 3174 1790 3229 fabulis
1834 3154 1993 3230 de-C

348 3277 595 3333 sumpta.
639 3265 870 3330 Quinam
924 3279 1050 3317 vero
1102 3265 1215 3328 isti,
1246 3263 1347 3331 :qui
1410 3264 1759 3325 heterodoxe,
1804 3272 1859 3316 et
1895 3280 1925 3317 a

351 3358 637 3417 communi
683 3357 1117 3412 Christianorum
1164 3372 1433 3411 consensu
1470 3357 1749 3420 abeuntes,
1780 3355 1924 3409 allii--

351 3462 577 3506 marunt
606 3451 948 3505 Servatorem
982 3466 1100 3505 esse
1124 3451 1297 3519 ipsum
1319 3451 1692 3519 universorum
1719 3452 1882 3503 Deum
1896 3449 1927 3515 ,ἳ

349 3546 497 3600 Puto
526 3544 810 3598 haereticos
845 3542 1138 3611 designari,
1170 3542 1259 3611 qui
1302 3541 1548 3611 Origenis
1596 3540 1925 3610 temporilms

351 3638 748 3693 Noetianornm
781 3635 1140 3706 appellatione
1185 3637 1576 3697 noscebantur,
1617 3634 1707 3702 qui
1761 3633 1924 3689 doce-

348 3734 489 3787 bant
520 3730 714 3784 Filium
746 3745 866 3785 esse
894 3729 1066 3798 ipsum
1104 3728 1269 3781 Deum
1298 3727 1536 3792 Patrem,
1584 3727 1673 3797 qui
1717 3726 1927 3796 διακριο

344 3822 524 3886 τικῶς
573 3822 782 3876 solebat
838 3822 905 3872 ab
955 3818 1074 3887 eius
1114 3818 1211 3872 aevi
1265 3817 1557 3872 Calholicis
1595 3820 1622 3870 ὁ
1660 3816 1752 3870 ἐπὶ
1796 3818 1927 3869 πᾶσι

346 3916 514 3979 θεός,
553 3932 569 3964 ι
610 3914 985 3966 universorum
1026 3911 1164 3964 Deus
1197 3929 1215 3961 ι
1253 3910 1532 3980 appellari.
1569 3910 1727 3963 Certe
1762 3909 1927 3964 Justio

350 4022 455 4062 nus
497 4004 672 4059 verbis
703 4019 805 4057 non
842 4002 1185 4057 absimilibus
1211 4003 1263 4056 id
1300 4019 1467 4071 genus
1518 4004 1922 4069 barretirorum,

348 4100 457 4153 alio
496 4096 711 4151 nomine
749 4096 922 4164 ipsius
966 4103 1125 4148 aetate
1168 4095 1528 4163 cognitorum,
1585 4095 1800 4162 impiam
1831 4109 1923 4149 ve-

346 4194 563 4250 saniam
596 4191 646 4244 in
693 4188 946 4259 Apologia
982 4203 1102 4258 qua:
1153 4188 1350 4241 dicitur
1392 4187 1622 4240 secunda
1677 4186 1761 4240 bis
1812 4201 1928 4251 vei:-

348 4287 437 4340 bis
475 4290 623 4337 notat
652 4298 770 4351 pag.
801 4281 897 4334 96:
917 4282 977 4332 Ui
1006 4279 1112 4348 γὰρ
1142 4278 1231 4331 τὸν
1256 4278 1380 4330 Υἱὸν
1397 4278 1612 4349 Πατέρα
1633 4279 1928 4346 φάσκοντες

348 4374 515 4434 εἶναι,
560 4374 889 4443 ἐλέγχονται,
943 4373 1078 4442 μήτε
1133 4371 1223 4423 τὸν
1282 4372 1499 4441 Πατέρα
1555 4372 1924 4440 ἐπιστάμενοι,

2038 1912 2094 1964 Ὁ
2110 1910 2297 1983 Σωτὴρ
2317 1911 2473 1982 ἡμῶν
2490 1911 2583 1965 καὶ
2608 1911 2832 1981 Κύριος,
2859 1914 3092 1976 ἀκούσας
3120 1915 3267 1976 ποτε,
3292 1914 3587 1966 Διδάσκαλε

2025 2002 2217 2071 ἀγαθὲ,
2252 2002 2589 2071 ἀναπέμπων
2618 2003 2709 2055 τὸν
2741 2004 2967 2072 λέγοντα
3000 2004 3156 2057 τοῦτο
3195 2006 3286 2057 ἐπὶ
3325 2005 3416 2057 τὸν
3464 2006 3589 2056 ἐαυ-

2024 2093 2119 2146 τοῦ
2137 2093 2371 2163 Πατέρα,
2390 2095 2539 2164 φησὶ,
2564 2095 2624 2147 Τί
2635 2112 2711 2162 με
2727 2095 2920 2162 λέγεις
2948 2095 3414 2165 ἀγαθόν;οὐδεὶς
3443 2096 3588 2163 ἀγασ-

2026 2187 2129 2251 06¢
2158 2189 2209 2240 εὶ
2230 2189 2315 2255 μὴ
2349 2182 2454 2253 εἷς.
2489 2190 2521 2240 ό
2547 2186 2687 2251 Θεὸς
2708 2191 2741 2240 ὁ
2768 2188 2985 2255 Πατήρ.
3006 2188 3176 2257 Εἴπερ
3208 2188 3262 2240 δὲ
3278 2186 3419 2240 τοῦτ’
3440 2187 3591 2240 εὐλό-

2029 2298 2160 2348 γως,
2204 2281 2278 2343 ὡς
2300 2280 2462 2334 εἰκὼν
2490 2282 2586 2352 τῆς
2611 2282 2943 2353 ἀγαοὸτητος
2978 2282 3074 2335 τοῦ
3105 2281 3238 2334 Θεοῦ
3281 2282 3586 2352 τυγχάνων,

2027 2372 2246 2445 εἴρηκεν
2279 2372 2307 2423 ὁ
2341 2371 2467 2435 Υἱδς
2499 2372 2595 2441 τῆς
2636 2372 2855 2441 ἀγάπης
2884 2372 2976 2425 τοῦ
3012 2373 3223 2443 Πατρός
3243 2390 3255 2402 ·
3321 2375 3437 2437 πῶς
3470 2373 3590 2445 οὐχὶ

2027 2463 2385 2535 εὐλογώτερον
2413 2463 2477 2517 ἂν
2506 2466 2616 2526 τοῖς
2637 2463 3029 2536 προσκυνοῦσιν
3065 2459 3217 2518 εἶπεν
3246 2464 3413 2534 ἣλιος,
3438 2465 3502 2518 Τί
3522 2481 3589 2535 με

2032 2557 2384 2626 προσκυνεῖς;
2412 2556 2631 2621 Κύριον
2647 2554 2757 2624 γὰρ
2782 2555 2887 2608 τὸν
2910 2555 3057 2608 Θεόν
3080 2569 3196 2609 σου
3234 2554 3588 2628 προσκυνή-

2026 2664 2174 2711 σεις·
2197 2664 2246 2698 κ.
2265 2664 2317 2699 τ.
2335 2645 2382 2698 λ.
2402 2646 2459 2699 ld
2482 2646 2879 2709 est,¢Servator
2896 2655 3077 2700 noster
3102 2656 3157 2701 et
3186 2646 3463 2710 Dominus,
3492 2634 3603 2715 ap—1

2026 2738 2251 2808 pellatus
2273 2738 2561 2806 aliquando
2582 2747 2878 2806 praeceptor
2895 2739 3089 2802 bonus,
3109 2742 3174 2793 ad
3198 2738 3408 2793 Patrem
3436 2755 3591 2793 suum

2025 2827 2306 2880 remittens
2331 2841 2451 2879 eum
2479 2826 2566 2894 qui
2598 2840 2656 2879 se
2686 2825 2763 2879 sic
2788 2826 3163 2894 appellaverat,
3192 2827 3378 2894 inquit,
3452 2810 3591 2891 Quid

2007 2934 2105 2983 me
2131 2918 2260 2971 dicis
2299 2917 2485 2969 bonum
2514 2920 2537 2972 ?
2573 2933 2715 2969 nemo
2755 2915 2917 2969 bonus
2948 2917 3047 2969 nisi
3083 2934 3214 2971 unus
3248 2918 3313 2981 ⁸³,
3404 2932 3593 2984 nempe

2028 3008 2167 3061 Deus
2196 3007 2373 3062 Pater.
2419 3007 2570 3073 Quod
2599 3007 2646 3061 si
2676 3006 2724 3061 id
2765 3007 2982 3071 merito,
3012 3016 3070 3060 nt
3107 3008 3280 3078 imago
3336 3007 3594 3095 bonitatis

2031 3098 2144 3160 Dei.
2172 3099 2306 3153 dixit
2333 3099 2561 3153 dilecms
2590 3097 2771 3152 Patris
2809 3098 2996 3162 Filius,
3043 3114 3222 3151 annon
3263 3098 3461 3165 justius
3513 3099 3595 3151 sol

2028 3191 2229 3243 diceret
2256 3190 2370 3243 suis
2401 3191 2805 3254 adoratoribns,
2842 3190 2968 3257 quid
3012 3204 3095 3243 me
3142 3190 3372 3244 adores?
3412 3188 3592 3241 Domi-

2027 3301 2151 3338 nunt
2192 3283 2355 3337 Deum
2384 3295 2533 3335 tuum
2570 3282 2817 3335 adorabis
2836 3280 2903 3343 “,
2938 3300 2955 3331 ι
2988 3289 3089 3334 etc.
3116 3282 3193 3333 Ad
3220 3297 3336 3349 quae
3362 3281 3473 3334 lucc
3498 3281 3593 3333 ad-

2028 3384 2179 3426 notat
2209 3374 2292 3425 vir
2322 3372 2667 3426 doctissimus
2706 3370 3016 3439 Origenian.
3066 3371 3161 3424 lib.
3201 3387 3261 3435 ιι,
3300 3382 3497 3439 quzest.
3534 3370 3594 3437 2,

2030 3478 2176 3515 ιιαιιι.
2214 3461 2299 3525 15,
2332 3475 2451 3530 pag.
2492 3459 2592 3513 1:26
2622 3472 2636 3515 :
2667 3478 2685 3509 ι
2728 3459 3025 3512 Bonitatem
3082 3459 3262 3521 illam,
3315 3476 3435 3529 qum
3475 3461 3589 3515 Deo

2027 3552 2170 3606 Patri
2194 3552 2467 3615 convenit,
2503 3551 2721 3605 Christo
2754 3550 3014 3615 detrahit,
3065 3566 3166 3605 non
3205 3560 3408 3605 tantum
3444 3567 3605 3620 qua-.

2031 3652 2183 3696 tenus
2208 3641 2366 3695 homo
2392 3650 2495 3704 est,
2527 3639 2620 3696 sed
2653 3640 2814 3695 etiam
2842 3650 3106 3706 quatenus
3153 3640 3329 3711 imago
3358 3652 3442 3697 est
3489 3626 3603 3696 bo?

2029 3732 2210 3786 uitatis
2264 3732 2377 3796 Dei,
2421 3732 2524 3785 hoc
2581 3740 2684 3795 est,
2735 3739 3001 3800 quatenus
3034 3739 3119 3787 est
3158 3731 3317 3787 Deus.
3350 3750 3370 3783 ι
3423 3732 3595 3800 Quasi

2027 3824 2233 3879 scilicet
2279 3824 2530 3879 Christus
2574 3824 2744 3878 etiam
2794 3833 3057 3891 quatenus
3103 3824 3263 3879 homo
3313 3834 3425 3891 est,
3489 3840 3596 3879 non

2026 3916 2288 3985 singulari
2342 3916 2552 3969 ratione
2597 3923 2742 3968 esset
2794 3914 3048 3969 bonitatis
3079 3914 3170 3969 Dei
3222 3917 3419 3985 imago.
3465 3917 3601 3983 Quis

2030 4025 2156 4062 vero
2180 4010 2385 4073 credat,
2416 4007 2706 4076 Origenem
2742 4007 2941 4077 stupidi
2994 4008 3129 4063 adeo
3172 4008 3369 4077 ingenii
3405 4008 3594 4073 fuisse,

2030 4112 2088 4156 ut
2141 4117 2249 4155 non
2303 4099 2653 4165 intellexerit,
2688 4108 2891 4154 textum
2950 4099 3099 4153 illum
3145 4100 3496 4171 evangelista:
3528 4105 3597 4155 ad

2027 4194 2227 4251 Christi
2278 4192 2624 4262 οἰκονομίαν,
2680 4192 2731 4245 in
2788 4201 3059 4261 assumpta
3112 4200 3312 4246 natura
3362 4193 3599 4246 lnrrnana

2027 4296 2353 4356 Susceptam,
2378 4285 2599 4338 omnino
2632 4282 2941 4352 pertinere?
2977 4284 3084 4335 ιιιιο
3112 4282 3374 4353 Origenes
3398 4284 3595 4338 ibidem

2028 4378 2229 4430 diserte
2254 4380 2454 4435 monet,
2487 4387 2546 4425 se
2575 4371 2846 4426 Christqu
2875 4372 2944 4425 ita
2972 4372 3279 4441 loquentem
3315 4373 3599 4439 inducere,

354 4467 486 4540 μήθ’
504 4468 585 4518 ὅτι
607 4466 749 4519 ἐστὶν
780 4465 906 4527 Υἱὸς
933 4463 1009 4534 τῷ
1042 4459 1215 4534 Πατρὶ
1239 4462 1346 4515 τῶν
1378 4463 1512 4515 ὅλων
1538 4463 1924 4531 γινώσκοντες⁹

2033 4476 2285 4536 tanquam
2325 4463 2675 4538 παράδειγμα
2709 4464 3024 4530 exemplum,
3074 4465 3218 4534 quod
3258 4466 3465 4519 scilicet
3507 4467 3603 4519 he—

350 4561 413 4623 ὃς
473 4559 563 4611 καὶ
594 4557 764 4624 Λόγος
810 4555 1153 4627 πρωτότοκος
1203 4553 1277 4605 ὢν
1327 4554 1418 4607 τοῦ
1454 4552 1610 4617 Θεοῦ,
1662 4554 1755 4606 καὶ
1797 4554 1927 4618 Θεὸς

353 4650 613 4721 ὑπάρχει,
644 4650 692 4701 id
725 4657 807 4701 est
835 4667 846 4700 :
884 4665 902 4698 ι
938 4647 1035 4713 Qui
1064 4650 1205 4700 enirn
1231 4646 1419 4698 Filium
1453 4645 1666 4698 Patrem
1701 4660 1820 4700 esse
1846 4646 1928 4699 di—

352 4752 509 4806 cunt,
547 4742 954 4809 comperiuntur
983 4754 1159 4808 neque
1190 4736 1403 4792 Patrem
1439 4738 1602 4802 scire,
1639 4753 1810 4805 neque
1838 4737 1929 4791 Fi-

352 4829 492 4881 lium
547 4827 694 4880 Patri
755 4827 1135 4881 universorum
1200 4842 1322 4881 esse
1373 4841 1577 4880 nosse:
1632 4827 1744 4895 qui,
1785 4827 1927 4896 quod

354 4918 597 4973 Verbum
638 4919 727 4972 Dei
783 4919 1203 4988 primogenitum
1261 4919 1353 4984 sit,
1405 4919 1544 4973 Deus
1600 4919 1762 4974 etiam
1815 4920 1929 4989 ipse

350 5016 463 5064 est.
494 5029 513 5060 ι
552 5010 651 5065 Ubi
686 5024 795 5063 tum
824 5010 1017 5063 Filium
1046 5027 1078 5064 a
1109 5011 1268 5066 Patre
1321 5012 1694 5064 universorum
1735 5011 1928 5065 distiu-

350 5101 495 5172 gnit,
530 5112 583 5158 et
616 5118 735 5156 esse
776 5102 950 5171 ipsum
983 5104 1149 5157 Deum
1180 5104 1395 5156 Patrem
1424 5113 1613 5157 contra
1644 5103 1927 5157 haereticos

351 5201 707 5264 negat-.tum
733 5195 893 5246 etiam
918 5192 1137 5258 Filium,
1161 5196 1384 5263 perinde
1414 5212 1477 5249 ac
1498 5196 1736 5259 Patrem,
1762 5197 1928 5251 Deum

350 5297 550 5336 revera
609 5299 748 5346 esse.
789 5294 977 5352 utpote
1022 5301 1089 5339 ex
1140 5287 1252 5355 ipso
1298 5288 1406 5341 Deo
1458 5287 1614 5343 Patre
1666 5289 1929 5357 genitum,

353 5377 631 5444 agnoscit.
674 5377 943 5432 Fortassis
978 5394 1103 5433 vero
1134 5379 1504 5443 M'ireionitas,
1531 5388 1585 5434 et
1614 5379 1719 5432 alia
1757 5380 1806 5433 id
1838 5395 1930 5449 ge-

352 5485 467 5523 nus
496 5469 773 5523 hominum
807 5482 1074 5537 monstra,
1126 5474 1178 5526 in
1222 5473 1349 5543 ‘loco
1390 5474 1552 5528 citato
1594 5473 1718 5526 ferit
1746 5472 1931 5543 Orige-

353 5578 481 5630 nes,
512 5564 604 5633 qui
629 5564 893 5619 docebant
917 5565 1263 5621 Servatorem
1307 5581 1415 5620 non
1460 5580 1579 5620 esse
1620 5564 1714 5619 Dei
1740 5563 1927 5635 .illius,

437 5753 484 5788 “
516 5754 670 5810 Joan.
726 5769 836 5822 xxv,
877 5754 963 5810 28.
1042 5754 1288 5829 "qlilarr.
1320 5755 1476 5820 x,lS;
1512 5754 1641 5813 Luc.
1676 5771 1826 5815 ιιι-ιιι,
1874 5753 1955 5808 l9.

2035 4558 2287 4622 minibus,
2328 4556 2443 4625 ipse
2469 4555 2715 4609 Christus
2747 4555 2888 4607 inter
2924 4555 3171 4610 homines
3196 4567 3460 4620 versatus,
3490 4574 3591 4611 ox-

2036 4651 2221 4704 hibere
2246 4647 2431 4702 voluit.
2469 4647 2619 4713 Quod
2660 4647 2702 4700 si
2754 4647 3021 4705 darernus.
3079 4645 3369 4717 Origenem
3417 4649 3486 4702 ibi
3520 4649 3603 4701 lo—

2032 4742 2120 4811 qui
2158 4740 2222 4795 de
2267 4739 2485 4793 Christo
2539 4748 2803 4806 quatenus
2835 4736 2978 4791 Dens
3005 4748 3108 4802 est,
3157 4739 3405 4807 equidem
3445 4751 3595 4803 recte

2033 4833 2228 4887 dicitur
2248 4831 2414 4885 Filius
2435 4832 2608 4899 imago
2630 4828 2883 4881 bonitatis
2914 4837 3166 4895 patorum,
3187 4831 3463 4898 aqunata
3491 4829 3599 4882 sci-

2032 4924 2155 4977 licet
2182 4934 2236 4976 et
2266 4920 2541 4989 perfecta;
2587 4930 2639 4972 et
2677 4929 2855 4972 tamen
2896 4928 3165 4987 quati-nus
3215 4919 3385 4971 Patris
3422 4918 3605 4985 imago.

2034 5025 2141 5077 est,
2177 5030 2280 5066 non
2315 5014 2429 5081 ipse
2462 5011 2645 5075 Pater,
2680 5012 2782 5065 hoc
2814 5020 2921 5074 est,
2956 5020 3226 5079 quatenus
3259 5026 3327 5063 ex
3373 5022 3603 5079 paterno

2037 5107 2181 5159 fonte
2205 5105 2498 5159 bonitatem
2535 5119 2711 5167 soam,
2749 5113 2806 5155 ut
2834 5111 2887 5158 et
2922 5115 3115 5157 czetera
3153 5102 3348 5156 divina:
3391 5111 3600 5155 natura:

2035 5197 2319 5257 attributa,
2348 5195 2590 5263 adeoque
2617 5195 2785 5262 ipsam
2814 5196 3048 5248 divinam
3085 5204 3335 5247 naturam
3375 5193 3591 5248 deriva-

2035 5299 2140 5342 tam
2176 5288 2351 5351 habet,
2381 5298 2540 5355 atque
2570 5287 2621 5340 in
2654 5288 2892 5340 secundo
2915 5286 3067 5353 signo
3100 5285 3327 5354 originis
3364 5286 3463 5355 (ut
3518 5285 3594 5339 Ιοι-

2034 5389 2272 5447 qnnntur
2299 5377 2638 5443 scholastici)
2683 5378 2933 5430 deitatem
2991 5376 3228 5443 possidet
3258 5392 3272 5439 ;
3308 5377 3449 5429 haud
3484 5376 3587 5427 nti-

2037 5488 2135 5524 nos
2168 5482 2310 5525 recte
2340 5488 2403 5524 ea
2437 5471 2641 5523 ratione
2681 5471 2822 5523 Patri
2874 5470 3074 5536 primas
3117 5468 3352 5522 tribuere
3398 5468 3594 5537 potuit.

2035 5564 2183 5629 Quod
2216 5579 2341 5618 vero
2365 5579 2431 5617 ex
2474 5563 2592 5617 istis
2645 5561 2825 5615 verbis
2865 5561 3063 5631 colligit
3111 5559 3356 5625 llnetius,
3404 5574 3601 5630 nempe

2037 5752 2365 5821 ”_Dcut.‘v1.
2406 5749 2510 5807 l3;
2556 5746 2750 5802 Matth.
2785 5760 2857 5802 tv.
2916 5734 3023 5798 lt).
