4068 6312
573 324 702 380 Ιόιί

1983 337 2410 398 EXCERPTUM

3644 347 3750 403 15ιὲ

574 446 864 511 Origenem
891 446 1117 501 omnino
1154 448 1454 505 bonitatem
1485 451 1659 518 illam,
1690 467 1811 522 quas
1844 453 1951 509 Deo
1999 455 2145 511 Patri
2176 464 2221 519 Α
2250 456 2533 529 Origenem
2569 457 2765 511 Filium
2819 472 3069 513 manasse
3107 458 3172 512 de
3222 457 3314 512 Dei
3364 459 3659 525 substantia,
3696 466 3757 520 sic

573 539 869 602 convenit,
918 538 1141 594 Christo
1188 542 1531 608 detraxisse,
1583 559 1647 599 ac
1696 547 1933 602 sensisse
1981 548 2145 618 (quod

580 644 704 681 mox
742 629 940 683 ibidem
970 629 1101 684 dicit
1128 630 1271 686 idem
1296 630 1576 703 Huetius),
1628 634 1823 690 Filium
1867 651 1990 692 esse
2021 649 2148 692 tan-

583 733 695 778 tum
724 730 964 793 paternae
988 721 1253 780 bonitatis
1279 725 1601 794 particulam
1639 735 1695 781 et
1739 742 1926 782 auram
1957 743 2148 797 quam-

580 813 703 867 dam
758 811 1171 883 imperfectam;
1208 831 1238 868 a
1274 825 1460 870 mente
1497 817 1665 885 ipsius
1697 817 1946 887 Origenis
1993 834 2151 889 pror-

577 920 668 959 sus
692 906 927 960 alienum
959 920 1082 960 esse
1142 906 1210 978 (si
1237 908 1397 962 modo
1448 924 1605 964 mens
1637 925 1700 965 ac
1733 912 2001 966 sententia
2032 912 2152 982 ejus

571 1010 642 1050 ex
668 995 825 1051 libris
851 1009 1036 1051 contra
1060 995 1272 1051 Celsum
1302 1000 1620 1054 aestimanda
1646 999 1762 1072 sit),
1786 1002 2150 1056 certissimum

577 1097 686 1142 est.
720 1086 854 1141 Nam
895 1102 1021 1143 cum
1056 1089 1111 1143 in
1149 1088 1282 1145 locis
1329 1106 1359 1144 a
1408 1092 1563 1146 nobis
1602 1092 1851 1163 superius
1902 1094 2151 1151 adductis

572 1178 723 1235 clare
753 1179 946 1236 doceat
976 1179 1258 1251 Origenes,
1286 1181 1485 1237 Filium
1514 1198 1655 1249 esse,
1691 1184 1923 1254 perinde
1949 1201 2012 1239 ac
2045 1184 2153 1239 Pa-

575 1279 738 1336 trem,
776 1287 964 1328 verum
998 1273 1189 1338 Deum,
1237 1277 1560 1344 increatuni,
1622 1277 2006 1344 immortalem,
2055 1279 2154 1333 im-

577 1362 912 1427 mutabilem,
951 1363 1365 1435 impassibilem,
1390 1365 1746 1433 immensum,
1776 1368 1977 1438 ubique
2008 1384 2151 1438 pras-

575 1465 808 1521 sentem,
836 1465 996 1524 atque
1022 1457 1387 1528 uudequaque
1444 1460 1663 1513 beatum
1709 1469 1764 1514 et
1802 1460 2145 1530 perfectum;

574 1562 681 1616 qua
720 1548 766 1602 is
819 1549 1029 1603 ratione
1073 1550 1250 1620 powit
1295 1550 1348 1604 in
1397 1551 1589 1606 eodem
1627 1552 1766 1608 libro
1823 1551 2151 1618 bonitatem,

574 1653 698 1708 quae
734 1638 880 1693 Patri
908 1641 1186 1708 convenit,
1218 1641 1381 1708 Filio,
1400 1655 1504 1710 qua
1536 1642 1675 1697 Deus
1701 1653 1806 1709 est,
1829 1645 2154 1700 detrahere?

580 1728 688 1785 Sed
717 1747 882 1801 supra
939 1748 1088 1786 num.
1117 1733 1172 1798 6,
1207 1734 1370 1789 etiam
1415 1736 1798 1790 Adamantium
1849 1736 2153 1792 audivimus

579 1822 633 1876 in
654 1821 745 1877 lib.
776 1839 837 1879 Ill
894 1836 1083 1878 contra
1122 1825 1283 1895 Cels.,
1317 1843 1468 1882 num.
1505 1829 1594 1891 41,
1631 1830 1921 1895 dicentem,
1953 1830 2151 1885 Filium
2182 1809 2225 1864 Β

578 1913 674 1968 Dei
704 1930 824 1970 esse
844 1916 940 1970 τὸν
965 1917 1276 1987 αὐτολόγον,
1315 1921 1410 1974 κα)⁸
1426 1921 1528 1994 τὴν
1547 1920 1897 1992 αὑτοσοφίαν,
1931 1922 2027 1975 καὶ
2054 1922 2154 1995 τὴν

579 2006 994 2080 αὐτοαλήθειαν,
1032 2010 1083 2065 id
1108 2021 1194 2066 est
1251 2030 1270 2064 ι
1303 2012 1474 2081 ipsam
1502 2015 1637 2086 (sive
1668 2014 2151 2089 absolutissimam)

579 2099 728 2153 illam
757 2101 1048 2170 rationem,
1088 2103 1261 2173 ipsam
1302 2103 1451 2159 illam
1484 2106 1832 2175 sapientiam,
1876 2107 2046 2177 ipsam
2090 2108 2154 2164 il-

589 2191 693 2245 lam
725 2193 1031 2251 veritatem.
1082 2214 1103 2249 »
1137 2195 1334 2264 Quidni
1381 2197 1548 2269 igitur
1583 2198 1753 2255 Filius
1796 2201 2007 2258 dicatur
2038 2201 2154 2272 ipsa

580 2282 694 2337 sive
728 2285 1127 2343 absolutissima
1185 2290 1419 2356 bonitas,
1476 2306 1581 2347 non
1621 2293 1879 2349 bonitatis
1926 2292 2155 2363 alicujus

580 2375 878 2441 superioris
905 2377 1169 2447 particula
1216 2391 1382 2450 atque
1423 2397 1554 2436 aura
1600 2384 1848 2453 quaedam
1902 2385 2158 2455 imperfe-

581 2467 710 2522 cta?
740 2466 961 2523 Scilicet
994 2471 1236 2525 oumiutn
1289 2473 1674 2528 attributorum
1723 2476 2031 2531 divinorum
2056 2491 2159 2557 par

588 2569 673 2614 est
701 2560 861 2615 ratio.
891 2559 984 2616 Sic
1009 2562 1063 2616 in
1087 2563 1227 2617 libro
1277 2578 1308 2615 v
1357 2575 1544 2618 contra
1586 2565 1817 2632 Celsum,
1868 2583 2018 2622 num.
2064 2567 2156 2635 39,

584 2662 710 2720 pag.
740 2649 868 2715 608,
900 2653 1042 2707 unde
1079 2653 1193 2708 haec
1221 2653 1536 2710 criminatio
1585 2657 1870 2727 desumpta
1905 2666 2008 2725 est,
2058 2659 2160 2713 ite-

583 2755 705 2795 rum
730 2741 994 2813 Origenes
1023 2743 1222 2799 Filiutn
1257 2746 1391 2801 dicit
1431 2746 1523 2801 τὸν
1568 2748 1881 2819 αὐτολόγον,
1928 2749 2024 2804 καὶ
2060 2748 2158 2823 τὴν

583 2834 937 2906 αὐτοσοφιαν,
968 2837 1063 2891 καὶ
1086 2837 1186 2911 τὴν
1211 2839 1712 2913 αὐτοδικαιοσύνην,
1743 2842 1792 2897 id
1816 2851 1921 2910 est,
1947 2861 1965 2894 t
1990 2842 2159 2912 ipsam

584 2926 731 2980 illam
790 2930 1080 2996 rationem,
1133 2932 1304 3001 ipsam
1360 2933 1509 2988 illam
1570 2934 1919 3005 sapientiam,
1985 2934 2158 3004 ipsam

585 3017 731 3071 illam
754 3018 1043 3088 justitiam.
1074 3039 1094 3073 ι
1133 3020 1189 3074 In
1231 3036 1354 3091 qua:
1384 3022 1635 3095 Origenis
1659 3025 1774 3080 loca
1799 3027 2045 3096 quisquis
2073 3027 2158 3083 lu-

2257 561 2507 618 tattquatn
2534 550 2710 604 lucem
2744 548 2812 604 de
2838 550 2970 613 sele,
3007 561 3171 618 atque
3194 551 3433 620 ejusdem
3461 566 3571 605 esse
3596 569 3651 607 ac
3682 554 3761 609 Pa-

2255 651 2389 695 trem
2414 641 2753 707 substantiaa,
2780 641 2905 710 quia
2955 641 3045 696 lux
3075 640 3315 710 ejusdem
3361 651 3440 695 est
3474 641 3761 711 substantia},

2252 731 2403 799 cujus
2446 731 2560 798 sol;
2612 741 2666 785 et
2697 745 2883 785 rursus
2909 730 3101 785 Filium
3131 747 3161 786 a
3195 731 3374 785 Patris
3418 732 3686 788 substantia
3723 749 3765 791 et

2251 820 2531 874 divinitate
2555 834 2904 890 segregasse;
2940 821 3063 889 quia
3112 831 3170 876 ut
3212 837 3242 875 a
3275 820 3389 875 sole
3421 836 3510 891 per
3545 821 3765 881 ellluvium

2254 911 2496 980 profecta
2533 922 2616 967 est
2645 913 2756 978 lux,
2791 924 2995 966 secreta
3031 913 3098 965 ab
3131 928 3194 967 eo
3226 924 3279 967 et
3305 914 3529 983 seposita
3568 915 3657 969 dici
3694 932 3768 985 po-

2255 1014 2395 1069 test;
2432 1014 2692 1074 praterea
2732 1004 2895 1060 Patre
2926 1002 3240 1060 inferiorem
3278 1022 3399 1060 esse
3450 1004 3646 1071 Filium,
3668 1009 3766 1078 quia

2252 1098 2335 1152 sol
2374 1097 2493 1152 luce
2526 1096 2757 1152 nobilior
2787 1105 2872 1151 est
2902 1106 2958 1151 et
3007 1097 3269 1166 dignitate
3305 1097 3561 1164 superior.
3590 1116 3612 1149 »η
3632 1098 3769 1155 Antea

2252 1203 2317 1244 ex
2341 1189 2531 1244 eodem
2570 1188 2734 1242 simili
2768 1190 2835 1243 ab
2893 1188 3127 1258 Origene
3190 1197 3449 1257 usurpato
3489 1188 3767 1258 collegerat,

2255 1293 2402 1332 num.
2437 1277 2527 1343 12,
2564 1293 2684 1349 pag.
2723 1275 2847 1345 ηδ,
2884 1297 2903 1331 t
2928 1277 3250 1333 Trinitatem
3275 1278 3344 1333 ab
3372 1277 3592 1348 Origene
3612 1280 3770 1350 inpar-

2258 1377 2336 1422 tes
2365 1378 2593 1432 sectam,
2611 1376 2666 1422 et
2692 1368 2941 1424 essentia:
2963 1385 3026 1423 ac
3045 1368 3344 1424 divinitatis
3371 1368 3664 1439 quibusdam
3684 1370 3773 1426 vel-

2256 1461 2328 1512 uti
2360 1459 2616 1530 gradibus
2638 1460 2947 1516 distinctam
2982 1459 3162 1517 fuisse.
3216 1481 3235 1513 »
3270 1459 3470 1517 Verum
3487 1462 3578 1517 hoc
3602 1480 3684 1519 non
3700 1474 3771 1521 est

2255 1552 2418 1623 (quod
2449 1551 2600 1607 salvo
2621 1551 2830 1606 honore
2860 1551 2959 1605 viri
3005 1550 3371 1608 laudatissimi
3412 1551 3602 1607 dictum
3627 1553 3771 1628 velim)

2257 1645 2372 1715 ipsa
2406 1643 2747 1716 Origenianae
2786 1644 3048 1700 doctrinae
3081 1645 3383 1715 penetralia
3435 1646 3772 1712 scrutari;sed

2257 1751 2317 1790 ea
2353 1736 2532 1805 potius
2565 1735 2748 1790 rimari
2781 1745 2837 1791 et
2871 1737 3162 1806 suspicari,
3205 1735 3273 1791 de
3306 1737 3508 1805 quibus
3543 1738 3643 1807 ipse
3676 1737 3772 1795 Oti,

2254 1840 2416 1895 genes
2446 1841 2514 1881 ne
2552 1841 2647 1896 per
2691 1826 2957 1880 somnium
2987 1826 3205 1895 quidem
3268 1842 3502 1894 unquam
3551 1828 3778 1896 cogitavit.

2257 1913 2454 1970 Fateor
2506 1914 2913 1986 generationem
2965 1914 3084 1970 Filii
3140 1930 3213 1972 ex
3258 1913 3424 1970 Patre
3478 1914 3701 1970 illustrari
3727 1920 3779 1973 ab

2255 2006 2694 2077 Origene,etiam
2723 2005 2776 2059 in
2806 2005 2963 2061 libris
2995 2017 3181 2073 contra
3217 2005 3452 2072 Celsum,
3482 2006 3783 2062 similitudine

2256 2099 2391 2153 radii
2424 2100 2547 2153 sive
2601 2098 2903 2169 splendoris
2933 2114 2964 2153 a
3017 2098 3152 2166 sole,
3191 2099 3312 2153 sive
3364 2098 3469 2153 alio
3500 2115 3700 2170 corpore
3721 2099 3784 2153 lu-

2258 2191 2399 2258 cido,
2428 2188 2676 2260 proiecti.
2707 2189 2813 2246 Sed
2836 2191 2965 2261 quid
2999 2190 3151 2244 tum?
3184 2190 3385 2245 Annon
3420 2189 3598 2245 Patres
3631 2194 3785 2245 οειιιιοο

2256 2283 2345 2337 lici
2379 2297 2590 2350 omnes,
2629 2290 2739 2336 tam
2780 2283 2873 2352 qui
2906 2291 3052 2347 ante,
3086 2299 3250 2353 quam
3281 2281 3375 2352 qui
3404 2291 3519 2350 post
3542 2282 3785 2337 concilium

2256 2373 2532 2430 Nicwnum
2550 2374 2907 2445 scripserunt,
2930 2375 3120 2431 eodem
3144 2374 3314 2429 simili
3347 2375 3428 2429 usi
3456 2383 3575 2429 sunt
3594 2374 3616 2428 ἲ
3637 2372 3788 2428 Nonne

2259 2468 2357 2537 ipsi
2396 2467 2589 2524 Patres
2632 2466 2858 2534 Nicaeni,
2888 2467 3049 2537 idque
3090 2467 3143 2522 in
3185 2468 3304 2538 ipso
3340 2465 3579 2538 symbolo
3614 2480 3699 2520 suo
3726 2464 3788 2518 di-

2259 2571 2483 2627 xerunt,
2519 2561 2712 2617 Filium
2766 2561 2935 2617 Deum
2983 2576 3046 2614 ex
3081 2559 3245 2615 Patre
3298 2559 3413 2614 Deo
3459 2558 3624 2623 nasci,
3657 2568 3705 2611 ut
3731 2556 3790 2610 lu-

2261 2672 2381 2710 men
2410 2657 2476 2710 de
2504 2653 2755 2709 lumine?
2789 2653 2855 2707 Et
2878 2653 3007 2723 quid
3039 2652 3257 2706 demum
3310 2651 3561 2722 Epistolas
3609 2650 3668 2704 ad
3709 2648 3789 2705 lleo

2260 2748 2432 2802 brteos
2462 2747 2643 2802 divino
2675 2746 2930 2815 scriptori
2982 2744 3092 2808 fiet,
3126 2743 3218 2813 qui
3265 2759 3379 2798 non
3407 2742 3602 2796 veritus
3627 2751 3696 2796 est
3723 2740 3790 2794 Fi-

2263 2838 2388 2893 lium
2421 2838 2516 2893 Dei
2551 2851 2865 2906 nuncupare
2921 2835 3266 2905 ἀπαύγασμα
3301 2833 3401 2905 τῆς
3426 2828 3577 2903 δόξης
3597 2829 3678 2882 τοῦ
3700 2828 3788 2883 Πα-

2258 2930 2418 3003 τρός,
2454 2929 2778 3000 splendorem
2815 2938 3047 2999 paterna:
3076 2927 3287 2996 gloria,
3344 2941 3465 2996 cap.
3517 2938 3558 2989 t,
3587 2937 3708 2975 vers.
3734 2919 3793 2973 5?

2267 3021 2379 3076 Duo
2412 3028 2557 3075 certe
2596 3019 2914 3089 porismata,
2951 3034 3070 3088 quae
3095 3033 3163 3074 ex
3192 3018 3300 3072 bac
3324 3011 3704 3085 comparatione
3720 3009 3791 3063 de-

584 3108 863 3163 culentum
917 3112 1367 3166 commentarium
1413 3116 1581 3183 cupit,
1630 3116 1789 3169 adeat
1825 3114 1896 3168 M.
1920 3117 2164 3170 Athana-
2190 3152 2232 3183 ,ς
2274 3112 2444 3177 ducit,
2469 3110 2797 3181 Origenique
2839 3108 3047 3181 allingit
3074 3106 3335 3175 Huetius,
3374 3121 3404 3159 a
3438 3114 3611 3159 mente
3633 3099 3787 3171 Orige-

585 3199 724 3255 sium
761 3201 812 3255 in
845 3201 1099 3257 Oratione
1130 3215 1313 3257 contra
1345 3216 1518 3275 gentes
1542 3205 1678 3277 (54),
1711 3207 1798 3262 ubi
1825 3207 1904 3262 sic
1928 3207 1995 3263 de
2022 3208 2159 3273 Filio

592 3292 685 3348 Dei
708 3293 947 3350 scribit:
990 3295 1233 3368 Δύναμις
1274 3299 1389 3350 ἐστι
1436 3297 1532 3351 τοῦ
1579 3298 1813 3371 Πατρδς,
1859 3300 1955 3353 καὶ
1983 3300 2162 3370 σοφία,

588 3385 684 3438 καὶ
711 3383 886 3453 λόγος,
919 3385 981 3439 οὐ
1006 3386 1146 3441 κατὰ
1179 3387 1411 3460 μετοχὴν
1442 3387 1614 3442 ταῦτα
1656 3387 1754 3453 ὢν,
1800 3390 1922 3444 οὐδὲ
1968 3390 2165 3459 ἔξωθεν

588 3477 986 3549 ἐπιγινομένων
1017 3478 1224 3532 τούτων
1270 3478 1419 3550 αὐτῷ
1459 3479 1601 3533 κατὰ
1645 3482 1773 3544 τοὺς
1823 3482 1988 3535 αὑτοῦ
2046 3500 2167 3554 μετ-

587 3567 833 3637 έχοντας,
885 3569 977 3622 καὶ
1021 3569 1407 3641 σοφιζομένους
1437 3570 1505 3624 δι’
1554 3571 1742 3636 αὐτοῦ,
1765 3573 1857 3626 καὶ
1882 3572 2162 3642 δυνατοὺς,

589 3658 682 3711 καὶ
713 3657 964 3728 λογικοίις
993 3662 1051 3714 ὲν
1076 3660 1226 3732 αὐτῷ
1255 3662 1574 3732 γινομένους
1608 3679 1622 3694 '
1677 3663 1795 3717 ἀλλ’
1844 3665 2162 3735 αὑτοσοφία,

589 3751 907 3821 αὑτολόγος,
939 3753 1302 3826 αὐτοδύναμις
1335 3755 1439 3809 ἰδία
1473 3754 1565 3809 τοῦ
1583 3756 1795 3826 Πατρός
1811 3758 1979 3821 ἐστιν,
2002 3759 2165 3812 αὐτο-

591 3841 728 3912 φῶς,
767 3843 1147 3916 αὑτοαλήθεια,
1186 3844 1653 3916 αὐτοδικαιοσύνη,
1698 3845 2025 3918 αὐτοαρετή·
2073 3847 2166 3899 καὶ

595 3933 695 4005 μὲν
736 3935 830 3988 καὶ
861 3925 1189 4008 χαρακτὴρ,⁹
1210 3937 1302 3991 καὶ
1335 3936 1700 4007 ἀπαύγασμα,
1727 3938 1821 3990 καὶ
1843 3936 2007 3991 εἰκών
2026 3953 2040 3965 ·
2072 3938 2167 3993 καὶ

594 4023 865 4077 συνελόντι
908 4026 1134 4097 φράσαι,
1179 4027 1392 4098 καρπὸς
1441 4027 1756 4090 παντέλειος
1801 4027 1893 4079 τοῦ
1955 4027 2168 4100 [ἰατρὸς

593 4115 850 4187 ὑπάρχει,
879 4104 973 4170 καὶ
1004 4116 1162 4187 μόνος
1187 4117 1334 4171 ἐστὶν
1368 4116 1518 4181 Υἱὸς,
1555 4115 1716 4171 εἰκὼν
1749 4116 2169 4187 ἀπαράλλακιὲως

595 4206 690 4260 τοῦ
723 4205 956 4281 Πατρός.
1000 4205 1056 4269 id
1087 4218 1203 4274 est,
1238 4225 1256 4258 ι
1296 4205 1542 4267 Potentia
1586 4216 1778 4273 autem,
1816 4207 1995 4263 Patris
2034 4208 2169 4275 dici-

594 4309 704 4366 tur,
745 4309 801 4354 et
850 4300 1117 4370 sapientia
1165 4310 1220 4355 et
1254 4300 1413 4366 ratio,
1470 4315 1575 4355 non
1627 4300 1752 4355 ideo
1799 4306 1941 4371 quod
1985 4300 2167 4370 aliqua

594 4404 803 4450 tantum
836 4411 903 4450 ex
936 4406 1088 4465 parte
1123 4397 1349 4451 istarum
1378 4410 1561 4450 rerum
1592 4396 2025 4455 communionem
2052 4397 2167 4453 adi-

2269 3206 2351 3259 uis
2373 3205 2593 3259 omnino
2627 3202 2801 3257 aliena
2827 3211 2974 3258 sunt.
3011 3201 3252 3257 Primum
3272 3209 3381 3263 est,
3404 3198 3593 3253 Filium
3614 3211 3640 3249 a
3666 3194 3793 3249 Patre

2267 3298 2429 3351 dividi
2459 3306 2513 3351 et
2535 3297 2778 3367 separari
2812 3306 2871 3351 ut
2899 3306 3109 3366 partem
3146 3294 3348 3350 divinae.
3370 3291 3610 3349 essentia:
3640 3304 3667 3343 a
3687 3297 3789 3350 tota,

2267 3391 2512 3460 adeoque
2550 3388 2645 3443 Dei
2688 3388 2986 3443 essentiam
3026 3388 3076 3441 in
3106 3394 3295 3457 partes
3325 3399 3529 3440 sectam
3557 3396 3680 3436 esse.
3709 3374 3791 3433 Sed

2267 3480 2390 3548 quis
2418 3480 2627 3544 credat,
2658 3477 2901 3549 Origeni,
2935 3479 3052 3532 viro
3098 3491 3232 3532 sane
3277 3493 3389 3532 non
3441 3475 3664 3538 indocto,
3704 3480 3789 3524 tant

2271 3569 2531 3625 insulsam
2568 3570 2960 3639 blasphemiam
3000 3568 3188 3623 venire
3215 3568 3267 3622 in
3299 3572 3537 3622 mentem
3557 3559 3796 3634 patuisse?

2268 3661 2490 3730 Quoties
2548 3677 2675 3717 vero
2717 3664 2767 3717 in
2812 3662 3031 3730 scriptis
3085 3660 3199 3715 suis
3230 3661 3394 3716 istam
3457 3655 3791 3728 blasphemiam

2267 3766 2526 3823 expresse
2559 3753 2866 3822 repudiavit
2896 3751 3286 3807 Adamantius!
3319 3749 3412 3806 Sic
3456 3754 3537 3820 (ut
3567 3748 3658 3800 alia
3704 3746 3793 3798 loca

2267 3854 2521 3900 sexcenta
2550 3842 2820 3915 omittam)
2858 3844 2910 3898 in
2935 3843 3075 3898 libro
3120 3857 3172 3896 tv
3209 3854 3397 3896 contra
3420 3840 3578 3905 Cels.,
3604 3854 3729 3892 num.
3750 3837 3793 3897 4,

2268 3953 2390 4009 pag.
2415 3935 2520 3991 510
2559 3935 2742 4008 (quem
2793 3936 2972 3991 locum
3004 3935 3116 4006 jam
3164 3948 3331 4002 supra
3366 3935 3419 3987 in
3472 3933 3568 3986 hoc
3614 3929 3796 3997 capile.

2269 4047 2416 4085 num.
2449 4030 2505 4096 7,
2539 4029 2811 4099 integrum
2841 4027 3188 4097 adduximus)
3222 4024 3520 4094 Epicureos
3548 4033 3596 4077 et
3623 4021 3797 4076 Stoicos

2270 4122 2481 4189 irridet,
2523 4126 2667 4190 quod
2716 4135 2822 4175 non
2869 4118 3141 4190 potuerint
3174 4116 3456 4190 τρανῶσαι
3480 4115 3572 4187 τὴν
3600 4107 3793 4183 φυσικὴν

2266 4213 2360 4268 τοῦ
2394 4212 2528 4267 Θεοῦ
2555 4211 2778 4277 ἔννοιαν,
2806 4210 2882 4275 ὡς
2906 4210 3080 4282 πάντη
3117 4208 3401 4281 ἀφθάρτου
3426 4249 3441 4270 ,
3500 4207 3589 4261 καὶ
3635 4201 3795 4267 ἁπλοῦ,

2269 4306 2362 4361 καὶ
2396 4304 2707 4370 ἀσυνθέτου,
2754 4305 2849 4359 καὶ
2897 4302 3224 4375 ἀδιαιρέτου,
3260 4302 3311 4355 id
3343 4312 3447 4365 est,
3486 4318 3505 4351 ι
3535 4298 3675 4354 Clare
3719 4295 3792 4348 Dei

2270 4404 2522 4449 naturam
2558 4394 2884 4463 intelligere,
2913 4408 3103 4462 nempe
3147 4393 3287 4462 quod
3323 4391 3367 4446 is
3397 4391 3470 4446 sit
3516 4388 3794 4446 ouminoin-

596 4489 850 4557 piscatur,
892 4500 984 4544 aut
1009 4491 1107 4545 ista
1130 4491 1345 4545 aliunde
1367 4489 1466 4559 ipsi
1493 4490 1906 4558 supervenirent
1932 4506 1946 4556 ;
1976 4503 2161 4558 quetu-
2196 4492 2238 4546 D
2269 4485 2658 4565 corruptibilis,
2679 4495 2734 4540 et
2782 4484 3034 4554 simplex,
3069 4499 3167 4539 nec
3193 4484 3544 4553 compositus,
3574 4494 3663 4534 nec
3687 4475 3784 4530 divi-

594 4581 881 4634 admodutn
939 4582 1028 4649 qui
1103 4583 1276 4652 ipsius
1323 4589 1447 4635 sunt
1481 4582 1792 4651 participes,
1837 4596 1933 4650 per
1985 4582 2161 4652 ipsum

597 4673 895 4740 sapientes,
948 4682 1199 4740 potentes
1242 4689 1305 4727 ac
1340 4673 1635 4728 rationales
1674 4670 1977 4727 eliiciuntur
2017 4687 2032 4727 :
2070 4673 2166 4729 sed

596 4773 880 4834 propterea
909 4765 1049 4833 quod
1080 4767 1150 4819 sit
1178 4766 1293 4835 ipsa
1329 4765 1614 4835 sapientia,
1671 4765 1782 4833 ipsa
1840 4766 1998 4833 ratio,
2050 4767 2163 4836 ipsa

595 4855 815 4924 propria
841 4855 1081 4925 potentia
1114 4854 1309 4923 Patris,
1344 4857 1457 4926 ipsa
1486 4855 1600 4921 lux,
1641 4855 1754 4925 ipsa
1793 4857 2014 4922 veritas,
2047 4856 2162 4927 ipsa

588 4947 823 5016 justitia,
871 4947 986 5017 ipsa
1030 4947 1223 5010 virtus.
1267 4958 1321 5003 et
1363 4951 1664 5011 character,
1702 4959 1757 5003 et
1798 4949 2072 5019 splendor,
2105 4958 2162 5004 et

596 5042 774 5110 imago
825 5038 1038 5094 Patris:
1067 5050 1142 5105 et,
1194 5052 1250 5094 ut
1295 5042 1461 5094 verbo
1507 5041 1705 5108 dicam,
1739 5039 1947 5096 fructus
1989 5040 2164 5096 Patris

598 5136 950 5200 undecunque
1000 5130 1291 5200 perfectus,
1328 5146 1392 5186 ac
1417 5131 1564 5187 solus
1604 5130 1796 5198 Filius,
1841 5141 1896 5186 et
1931 5131 2165 5186 invaria-

600 5224 725 5279 bilis
759 5225 935 5294 imago
962 5225 1161 5280 Patris.
1194 5243 1213 5277 ι
1947 5280 1951 5284 .

670 5314 697 5387 §
717 5313 853 5369 XIV.
879 5314 1180 5370 Doctissimi
1202 5313 1379 5368 lluetii
1403 5314 1626 5383 vestigia
1649 5312 1826 5368 adhuc
1845 5313 2161 5385 premo,qui

597 5426 676 5474 se,
721 5410 903 5463 missis
948 5410 1306 5480 ambagibus,
1347 5409 1463 5478 ipsa
1509 5407 1849 5478 Origeniana:
1896 5408 2157 5463 doctrina:

600 5501 890 5572 penetralia
915 5512 1282 5557 scrutaturum
1313 5500 1610 5573 professus,
1652 5509 1803 5556 notat
1849 5499 2162 5571 Origenian.

599 5594 695 5650 lib.
731 5609 794 5663 tt,
824 5605 1015 5664 quaest.
1051 5593 1107 5660 2,
1144 5610 1292 5649 num.
1344 5594 1437 5659 9.4,
1493 5608 1618 5665 pag.
1654 5592 1774 5658 152,
1809 5608 1829 5643 ι
1873 5590 2167 5648 credidisse

670 5796 785 5867 (ﬁl)
818 5797 971 5852 'l'ont.
1004 5797 1045 5862 l,
1078 5814 1127 5865 ιι.
1160 5798 1247 5854 3|.

2273 4577 2464 4632 sibilis.
2502 4595 2521 4628 ι
2564 4574 2682 4631 Mox
2727 4576 2874 4629 addit
2906 4573 3098 4628 Filium
3136 4573 3226 4628 Dei
3278 4574 3330 4627 in
3365 4573 3537 4628 forma
3568 4570 3672 4633 Dei,
3707 4569 3788 4621 hoc

2272 4676 2375 4734 est,
2406 4666 2460 4721 in
2483 4666 2723 4722 essentia
2752 4665 2932 4720 divina
2959 4665 3276 4733 subsistere,
3319 4663 3547 4735 proinde
3570 4671 3619 4716 et
3647 4663 3789 4729 ipsum

2266 4759 2420 4830 juxta
2442 4774 2564 4814 cum
2595 4758 2754 4812 Patre
2776 4757 3160 4813 immutabilem
3186 4773 3329 4813 esse.
3362 4754 3507 4811 Nihil
3529 4763 3689 4809 autem
3719 4765 3791 4804 et-

2271 4851 2514 4925 pressius
2554 4850 2681 4905 huic
2706 4859 3014 4906 commento
3036 4858 3320 4920 repugnat,
3347 4862 3509 4918 quam
3533 4845 3679 4899 verba
3698 4838 3793 4895 Ori-

2272 4944 2444 5015 genis,
2491 4957 2610 5011 qua:
2670 4957 2739 4997 ex
2779 4941 2870 4995 lib.
2907 4955 2943 4995 tt
2995 4957 3115 5008 sup.
3161 4937 3349 5003 Joan.,
3387 4952 3507 5006 pag.
3566 4932 3660 4998 92,
3691 4929 3789 4985 citat

2271 5035 2583 5105 Pamphilus
2614 5034 2666 5087 iu
2692 5032 2910 5104 Apoleg.
2941 5048 3131 5102 nempe
3157 5031 3304 5086 haec:
3327 5049 3345 5082 t
3372 5027 3674 5099 Unigeuitus
3691 5035 3786 5089 ergo

2272 5126 2415 5183 Deus
2438 5127 2683 5183 Salvator
2711 5137 2897 5182 noster
2946 5125 3096 5181 solus
3138 5141 3168 5179 a
3201 5124 3361 5179 Patre
3397 5130 3686 5194 generatus,
3712 5130 3783 5170 na-

2273 5231 2394 5277 tura
2424 5230 2478 5277 ct
2517 5236 2622 5275 non
2653 5220 2941 5288 adoptione
2967 5217 3136 5274 Filius
3172 5227 3273 5273 est.
3327 5215 3495 5271 Natus
3540 5218 3697 5268 autem
3737 5220 3781 5257 ex

2273 5315 2386 5384 ipsa
2422 5313 2600 5369 Patris
2644 5324 2843 5394 mente,
2896 5312 3038 5368 sicut
3088 5311 3335 5366 voluntas
3385 5325 3453 5365 ex
3488 5315 3670 5362 mente.
3698 5298 3806 5394 Noe

2271 5407 2417 5459 enim
2448 5382 2865 5461 divisibilis.est
2911 5405 3089 5459 divina
3130 5414 3343 5467 natura,
3396 5400 3447 5454 id
3477 5408 3576 5463 est,
3604 5387 3818 5474 ἱιιεενιιὶιι⁵

2274 5497 2472 5561 Patris,
2507 5507 2562 5552 ιιι
2599 5508 2847 5567 putemus
2872 5498 2956 5553 vel
2986 5496 3279 5557 divisione,
3334 5492 3412 5547 vel
3460 5482 3775 5580 imminuti-(fill!
3818 5490 3825 5495 '

2275 5590 2592 5646 substantia:
2647 5590 2784 5658 ejus,
2836 5588 3028 5644 Filium
3057 5604 3179 5645 esse
3232 5584 3630 5658 pragenitutn.’
3675 5567 3775 5627 Vide
