4068 6312
391 398 528 453 1515

1400 393 1490 448 EX
1529 393 1592 450 G.
1632 393 1832 448 BULLI
1875 394 2023 450 DEF.
2067 394 2242 449 FlDEl
2282 395 2608 449 ΝΙΕΙΕΝίΕ.

3486 398 3618 452 illi

391 511 554 580 hujus
585 524 732 581 cap.,
755 524 906 566 num.
945 508 1035 573 l9,
1063 509 1116 562 in
1147 506 1271 561 ﬁne.
1293 506 1374 561 Ad
1402 508 1632 562 alterum
1661 507 1836 563 Huetii
1863 523 1955 562 co-
1979 514 2030 574 Α
2057 508 2178 580 Θεῷ
2201 524 2218 542 ο
2251 509 2302 564 id
2331 519 2438 570 est,
2479 527 2498 560 ι
2535 508 2642 564 Sed
2671 523 2834 562 unum
2868 507 3059 575 Deum,
3089 518 3143 564 et
3173 510 3290 578 ejus
3334 509 3528 565 Filium
3561 527 3618 565 at

303 643 312 654 -.
395 603 670 658 rollarium
707 603 855 672 quod
887 603 1101 667 attinet,
1139 614 1334 668 nempe
1387 599 1582 653 Filium
1627 602 1694 654 ab
1724 600 1958 672 Origene

391 695 551 751 Patre
577 694 915 750 inferiorem"
943 692 1129 757 statui,
1169 692 1309 746 infra
1362 705 1460 746 suo
1489 692 1607 747 loco
1663 693 1958 748 evidentis-

389 785 526 840 sime
557 785 860 850 ostendam,
897 799 1173 853 nunquam
1198 783 1452 839 statuisse
1475 782 1782 855 Origenem,
1810 784 1954 839 Patri

373 858 587 929 .Filium
619 890 739 930 esse
764 875 1020 943 imparem
1049 872 1202 942 juxta
1244 873 1560 940 essentiam,
1597 873 1692 929 sed
1750 883 1956 928 tant-um

390 968 618 1039 originis
649 975 914 1035 respectu,
949 979 1144 1034 nempe
1182 974 1449 1033 quatenus
1471 963 1629 1018 Pater
1659 973 1743 1019 est
1771 975 1959 1019 auctor

391 1068 445 1115 et
477 1059 794 1129 principium
829 1055 976 1110 Filii.
1008 1054 1183 1109 Verbo
1217 1055 1417 1120 dicam,
1461 1055 1728 1125 Origenes
1762 1055 1958 1126 aliique

392 1149 645 1207 catholici
687 1147 874 1203 Patres
903 1146 1079 1202 simile
1109 1147 1235 1200 illud
1272 1147 1400 1202 solis
1449 1157 1502 1202 et
1549 1149 1706 1211 radii,
1741 1147 1877 1202 lucis
1904 1160 1959 1201 et

393 1241 692 1312 splendoris
722 1249 1064 1310 usurpantes,
1100 1239 1215 1294 hare
1269 1247 1476 1294 tantum
1530 1240 1838 1308 signiﬁcare
1864 1255 1958 1295 vo-

390 1331 623 1397 luerunt,
661 1347 832 1401 neque
861 1330 1006 1385 aliud
1033 1329 1327 1400 quidquam
1369 1331 1502 1400 ipsis
1528 1330 1580 1384 in
1609 1342 1843 1386 mentem
1865 1347 1958 1387 ve-

390 1427 470 1482 nit
499 1444 512 1480 :
543 1425 596 1478 ι·
623 1423 840 1479 Patrem
869 1438 986 1479 esse
1015 1423 1198 1494 πηγὴν
1222 1423 1491 1494 θεότητος,
1533 1443 1552 1476 ι
1593 1423 1792 1478 fontem
1825 1425 1958 1479 divi-

390 1518 598 1584 nitatis,
637 1537 656 1568 ι
688 1517 1139 1586 quemadmodum
1174 1517 1254 1571 sol
1287 1515 1407 1571 fons
1429 1523 1515 1570 est
1553 1515 1855 1584 splendoris
1887 1533 1954 1572 ex

389 1610 506 1680 ipso
524 1609 707 1664 emissi
733 1626 748 1674 ;
786 1607 842 1660 2°
861 1607 1055 1661 Filium
1080 1622 1200 1662 esse
1225 1601 1464 1676 ejusdem
1489 1617 1696 1661 natura:
1736 1623 1800 1662 ae
1827 1607 1957 1662 sub-

389 1701 618 1762 stantias,
650 1698 804 1769 cujus
831 1707 915 1753 est
961 1697 1154 1764 Pater;
1186 1706 1372 1768 utpote
1400 1697 1469 1751 de
1505 1697 1617 1766 ipsa
1668 1697 1847 1753 Patris
1871 1713 1957 1754 es-

388 1791 564 1847 sentia
611 1791 872 1860 genitum,
927 1799 986 1844 ut
1041 1789 1220 1844 lumen
1285 1804 1350 1844 ex
1411 1789 1614 1846 lumine
1643 1801 1868 1852 manat;
1902 1792 1957 1846 3°

2059 601 2298 653 Verbum
2329 599 2752 670 imaginemque,
2781 611 3043 669 quantum
3078 617 3388 671 possumus,
3417 603 3618 673 suppli-

2059 691 2365 747 cationibus
2391 701 2446 746 et
2479 692 2779 746 honoribus
2819 708 3162 750 veneramur.
3194 692 3484 749 offerentes
3514 695 3622 748 Deo

2058 783 2436 838 universorum
2466 782 2694 837 Domino
2721 799 2908 853 preces
2931 801 3026 854 per
3050 801 3206 839 suum
3235 785 3582 857 Unigenitum
3607 804 3622 840 :

2059 880 2143 930 cui
2174 877 2323 946 prius
2353 891 2446 931 eas
2475 875 2782 939 offerimus,"
2810 888 3064 945 rogantes
3093 887 3150 931 ut
3197 878 3334 947 ipse,
3394 878 3484 946 qui
3517 887 3622 942 est,

2057 969 2364 1036 propitiatio
2393 984 2487 1037 pro
2522 971 2748 1036 peccatis
2775 970 2968 1023 nostris
3001 969 3342 1037 ",dignetur
3369 964 3624 1039 tanquam

2060 1058 2310 1113 Pontifex
2345 1074 2533 1128 preces
2573 1070 2809 1126 nostras,
2855 1069 2908 1112 et
2940 1060 3234 1128 sacrificia,
3288 1070 3342 1113 et
3368 1062 3627 1116 interces-

2060 1150 2240 1206 siones
2269 1150 2467 1206 olTerre
2500 1152 2607 1206 Deo
2628 1152 2838 1219 optimo
2873 1151 3128 1206 maximo.
3171 1171 3188 1202 ι
3224 1151 3390 1205 Miror
3446 1154 3627 1207 haeccc

2060 1241 2310 1313 Origenis
2341 1241 2458 1297 loca
2487 1244 2603 1298 viro
2632 1245 2791 1297 docto
2832 1242 3155 1297 offendicula
3183 1259 3324 1307 esse,
3356 1245 3407 1297 'rn
3432 1245 3626 1311 quibus

2062 1341 2278 1402 egomet
2300 1334 2379 1403 (ιιι
2409 1349 2593 1387 verum
2629 1334 2820 1402 fatear)
2855 1334 3190 1388 Catholicam
3224 1335 3289 1388 de
3316 1349 3542 1403 persona
3571 1346 3628 1392 et

2060 1427 2239 1480 ofﬁcio
2270 1426 2588 1480 Servatoris
2640 1427 2811 1480 nostri
2849 1427 3151 1480 doctrinam
3202 1442 3308 1480 non
3359 1427 3499 1480 male
3531 1443 3627 1482 ex-

2059 1517 2248 1586 plicari
2290 1531 2506 1587 semper
2527 1517 2970 1572 existimaverim.
3000 1516 3104 1571 Sed
3127 1517 3192 1570 ad
3223 1531 3356 1572 rem.
3380 1516 3626 1572 Christus

2058 1609 2320 1664 Dominus
2349 1620 2530 1664 noster
2564 1609 2812 1662 bifariam
2847 1607 3082 1678 spectari
3113 1618 3312 1676 potest,
3340 1623 3444 1676 qua
3483 1608 3626 1663 Deus

2058 1711 2162 1763 est,
2187 1709 2366 1769 etqua
2402 1698 2764 1770 Θεάνθρωπος
2809 1699 2924 1754 sive
2970 1699 3236 1754 mediator
3285 1699 3426 1754 inter
3459 1700 3626 1755 Deum

2061 1800 2114 1847 et
2142 1792 2436 1847 hominem.
2471 1793 2583 1846 Sub
2633 1793 2921 1861 posteriori
2958 1793 3142 1862 σχέσει
3170 1793 3232 1846 si
3284 1792 3625 1848 Servatorem

390 1883 592 1938 Filium
622 1883 936 1953 neutiquam
968 1898 998 1936 a
1030 1882 1191 1937 Patre
1230 1897 1328 1936 suo
1357 1882 1589 1937 divisum
1624 1899 1688 1939 ac
1737 1899 1958 1956 separa-
1989 1868 2032 1922 Β
2060 1892 2301 1938 nostrum
2335 1895 2567 1951 spectes,
2602 1893 2815 1937 constat
2847 1883 3031 1938 multis
3053 1883 3352 1952 Scriptura:
3379 1883 3512 1938 locis
3545 1892 3629 1936 at-

392 1982 504 2028 tum
531 1973 830 2038 exsistere;
859 1973 1315 2042 quemadmodum
1349 1987 1449 2028 nec
1482 1974 1664 2029 radius
1719 1990 1747 2030 a
1800 1976 1914 2032 sole
1939 2019 1955 2043 ,

389 2079 489 2119 nec
520 2063 773 2132 splendor
795 2079 825 2117 a
862 2063 981 2118 luce
1003 2062 1365 2132 disiungitur;
1400 2063 1458 2117 4⁸
1503 2065 1736 2135 denique
1762 2065 1956 2123 Filium

390 2156 506 2210 sine
530 2155 850 2210 alteratione
900 2163 954 2209 et
983 2155 1340 2209 diminutione
1367 2155 1564 2210 divina
1597 2159 1850 2211 essentia!
1889 2171 1956 2212 ex

391 2246 556 2302 Patre
579 2247 750 2301 nasci.
780 2245 1040 2316 Equidem
1080 2247 1178 2301 hos
1211 2247 1378 2300 animi
1425 2248 1596 2302 nostri
1639 2259 1955 2318 conceptus,

391 2339 458 2394 de
486 2339 761 2394 adoranda
792 2338 1139 2408 generatione
1161 2337 1282 2392 Filii
1306 2338 1418 2402 Dei,
1445 2339 1639 2392 mirum
1660 2339 1712 2392 in
1743 2341 1959 2394 modum

390 2429 607 2496 adjuvat
634 2429 929 2484 similitudo
964 2430 1104 2494 ista;
1142 2430 1283 2483 unde
1303 2438 1358 2484 et
1388 2444 1416 2482 a
1449 2429 1702 2484 Patribus
1727 2428 1961 2486 Nicreuis

391 2522 445 2576 in
475 2522 588 2590 ipsa
612 2521 955 2575 confessione
989 2537 1086 2576 sua
1126 2521 1362 2575 adhibita
1391 2520 1513 2574 fuit.

461 2611 628 2683 §X\'.
651 2613 1038 2682 Hestatquinta
1063 2621 1222 2681 atque
1240 2611 1424 2666 ultima
1447 2611 1777 2678 criminatio,
1801 2627 1959 2680 quam

389 2719 454 2758 ex
482 2705 634 2759 libris
659 2716 841 2759 contra
864 2703 1068 2758 Celsum
1093 2703 1305 2776 Origeni
1327 2705 1552 2757 intentat
1580 2703 1803 2758 lluetius
1835 2702 1959 2758 Ori-

388 2797 597 2863 genian.
631 2795 725 2848 lib.
763 2811 825 2859 ιι,
852 2805 1042 2864 quaest.
1073 2793 1125 2862 2,
1145 2811 1294 2847 num.
1321 2793 1411 2859 29,
1445 2809 1567 2864 pag.
1600 2795 1720 2859 156,
1747 2809 1959 2864 nempe,

391 2887 639 2940 docuisse
701 2887 872 2957 ipsum
926 2905 944 2938 ‹
1001 2885 1273 2940 humiliori
1315 2884 1532 2939 Patrem
1581 2887 1960 2941 obsecratione

389 2980 758 3034 venerandum
785 2994 906 3034 esse
966 2994 1126 3048 quam
1158 2977 1379 3031 Filium.
1413 2996 1433 3029 ι
1479 2975 1785 3032 Genuinam
1824 2979 1962 3031 hanc

391 3070 559 3126 fuisse
601 3071 851 3138 Origenis
899 3071 1227 3125 sententiam
1269 3070 1478 3124 duobus
1509 3071 1782 3139 praecipue
1829 3069 1962 3123 locis

391 3179 456 3218 ex
481 3164 669 3218 iisdem
699 3164 850 3217 libris
877 3163 1087 3232 probat.
1114 3162 1262 3216 Alter
1280 3161 1431 3216 locus
1459 3162 1799 3216 inveniturin
1825 3162 1962 3217 libro

388 3256 602 3324 quinto,
634 3270 779 3308 num.
812 3254 868 3318 4,
897 3270 1017 3324 pag.
1056 3253 1180 3318 580,
1215 3253 1305 3306 ubi
1335 3254 1415 3307 sic
1436 3253 1698 3324 Origenes
1715 3253 1960 3307 disserit:
1996 3253 2018 3322 ἶ

393 3351 578 3402 Πᾶσαν
614 3348 712 3419 μὲν
744 3346 925 3416 δέησιν
946 3346 1051 3417 γὰρ
1076 3346 1167 3398 καὶ
1198 3346 1524 3417 προσευχὴν,
1570 3346 1664 3398 καὶ
1707 3344 1964 3410 ἔντευξιν,

394 3441 489 3494 καὶ
503 3441 632 3511 εὐχα
643 3456 756 3511 ριστ
767 3439 848 3492 ίαν
869 3437 1250 3509 ὰναπεμπτέον
1266 3436 1343 3508 τῷ
1369 3438 1461 3489 ἐπὶ
1478 3439 1612 3490 πᾶσι
1637 3435 1756 3507 Θεῷ
1771 3435 1859 3489 διὰ
1873 3437 1966 3489 τοῦ

395 3533 486 3585 ἐπ).
513 3533 725 3585 πάντων
736 3530 978 3599 ἀγγέλων
1004 3531 1327 3602 ἀρχιερέως,
1356 3529 1600 3601 ἐμψύχου
1616 3531 1786 3597 Λόγου
1808 3527 1964 3582 Θεοῦο

393 3622 695 3694 δεησόμεθα
707 3622 761 3674 δὲ
783 3623 875 3676 καὶ
887 3620 1048 3675 αὑτοῦ
1062 3622 1153 3675 τοῦ
1171 3623 1365 3691 Λόγου,
1385 3623 1478 3675 καὶ
1493 3621 1850 3692 ἐντευξόμεθα
1872 3622 1968 3676 αύ-

394 3715 490 3787 τῷ,
509 3716 1094 3788 καὶεύχαριστήσομεν,
1120 3716 1213 3769 καὶ
1246 3714 1651 3786 προσευξόμεθα
1671 3715 1749 3779 δὲ,
1768 3715 1863 3768 ἐὰν
1879 3715 1969 3768 δυ-

395 3808 612 3879 νώμεθα
641 3807 961 3861 κατακούειν
995 3809 1092 3878 τῆς
1110 3806 1236 3878 περὶ
1260 3808 1564 3878 προσευχῆς
1593 3806 1965 3877 κυριολέξεως,

395 3899 489 3952 καὶ
521 3901 935 3970 καταχρήσεως’
964 3899 1014 3952 id
1039 3911 1143 3962 est,
1181 3917 1198 3948 ι
1231 3897 1433 3952 Omnes
1466 3898 1609 3951 enim
1635 3897 1969 3966 deprecatio-

397 4007 516 4054 ncs,
555 4001 609 4044 et
641 3992 950 4060 petitiones,
977 4003 1165 4043 omnes
1195 3987 1660 4056 interpellationes
1683 3995 1738 4040 et
1762 3988 1964 4055 gratia-

395 4100 515 4138 rum
548 4083 791 4137 actiones
830 4081 1116 4136 fundendte
1147 4089 1274 4134 sunt
1310 4080 1440 4145 Deo,
1500 4094 1680 4133 rerum
1725 4080 1967 4132 omnium

395 4177 653 4238 Domino,
690 4189 784 4244 per
815 4173 1072 4242 majorem
1124 4170 1381 4226 omnibus
1429 4171 1636 4242 angelis
1695 4185 1965 4226 summum

396 4266 739 4331 Pontificem,
769 4266 948 4317 vivum
983 4261 1215 4318 Verbum
1240 4271 1294 4316 et
1340 4261 1530 4316 Deum.
1567 4259 1799 4314 Verbum
1833 4274 1969 4328 quo-

397 4373 502 4427 que
531 4357 658 4410 illud
694 4352 1030 4424 deprecaturi
1067 4367 1272 4420 sumus,
1307 4349 1793 4417 interpellabimus,
1828 4357 1884 4401 et
1917 4347 1965 4402 ei

395 4450 598 4518 gratias
622 4462 869 4518 agemus,
906 4460 1094 4515 preces
1139 4443 1300 4498 etiam
1333 4441 1645 4500 oll‘eremus.
1695 4441 1852 4493 modo
1885 4439 1968 4491 in-

2058 1986 2164 2041 que
2221 1973 2459 2027 omnium
2535 1973 2965 2028 Christianorum
3043 1987 3350 2038 censettsu,
3425 1973 3625 2028 cultum

2057 2077 2295 2127 omnem,
2323 2077 2483 2132 quem
2541 2061 2649 2115 Deo
2693 2061 3033 2129 exhibemus,
3068 2061 3170 2129 ipsi
3228 2075 3321 2128 per
3353 2060 3624 2115 Christum

2059 2151 2408 2205 mediatorem
2452 2148 2814 2205 exhibendum
2854 2164 3018 2204 esse:
3075 2151 3207 2218 quin
3235 2159 3290 2204 et
3337 2149 3538 2204 cultum
3575 2156 3628 2202 et

2061 2243 2318 2298 honorem
2340 2257 2576 2304 omnem,
2597 2257 2756 2311 quem
2781 2241 3000 2296 Christo
3017 2243 3334 2306 deserimus,
3367 2243 3447 2304 εἰς
3470 2240 3628 2305 δόξαν

2060 2333 2194 2387 Θεοῦ
2218 2334 2310 2388 τοῦ
2359 2333 2603 2406 Πατρός,
2641 2352 2659 2385 ι
2703 2335 2754 2387 in
2782 2333 3004 2403 gloriam
3041 2333 3134 2388 Dei
3167 2333 3364 2398 Patris,
3399 2353 3418 2384 ›
3451 2343 3508 2385 ιιι
3547 2332 3628 2386 Ιο-

2060 2425 2245 2494 quitur
2268 2424 2462 2478 Paulus
2494 2423 2721 2494 (Philip.
2772 2439 2834 2488 tt,
2865 2421 2973 2493 ll),
3029 2423 3250 2476 omnino
3305 2424 3624 2476 redundare.

2059 2515 2338 2569 Christum
2370 2530 2500 2570 vero
2531 2517 2884 2570 mediatorem
2911 2528 3032 2569 esse
3066 2514 3205 2568 inter
3234 2513 3399 2566 Deum
3450 2524 3504 2566 et
3527 2512 3628 2567 ho-

2029 2675 2034 2678 .
2062 2606 2234 2659 mines
2261 2606 2542 2675 utriusque
2569 2616 2776 2660 natura:
2817 2615 3062 2675 respectu
3092 2603 3376 2676 (quidquid
3405 2618 3470 2658 ex
3497 2619 3630 2672 pon-

2061 2695 2248 2750 tificiis
2275 2697 2497 2765 quidam
2530 2706 2720 2751 contra
2771 2698 3151 2766 obganniant),
3192 2706 3408 2749 veteres
3436 2696 3628 2749 catho-

2063 2787 2150 2842 lici
2182 2787 2395 2853 Patres,
2445 2803 2565 2842 cum
2589 2791 2796 2842 sanctis
2826 2787 3146 2856 Scripturis,
3175 2803 3281 2842 uno
3310 2802 3404 2842 ore
3431 2789 3630 2843 docue—

2065 2885 2212 2929 runt.
2235 2878 2408 2945 Atque
2442 2877 2580 2930 hanc
2611 2877 2663 2930 in
2697 2878 2884 2946 primis
2907 2877 3091 2946 σχέσιν
3117 2874 3246 2929 Jesu
3285 2874 3454 2929 nostri
3505 2890 3629 2945 spe-

2061 2975 2235 3020 ctasse
2253 2965 2543 3037 Origenem
2569 2966 2620 3019 in
2644 2975 2876 3035 utroque
2902 2963 3020 3019 loco
3036 2963 3265 3033 allegato
3288 2963 3628 3018 manifestum

2063 3069 2188 3114 est:
2247 3058 2514 3127 siquidem
2573 3058 2860 3126 utrobique
2911 3055 3148 3124 loquitur
3175 3055 3241 3108 de
3295 3054 3512 3109 Christo
3574 3067 3634 3110 ut

2064 3161 2273 3200 summo
2298 3147 2598 3209 sacerdote,
2623 3147 2712 3213 qui
2745 3160 2843 3214 pro
2867 3145 3022 3198 nobis
3050 3145 3192 3212 apud
3227 3145 3392 3197 Deum
3417 3143 3630 3198 Patrem

2067 3239 2386 3304 intercedit,
2431 3240 2630 3309 quique
2691 3248 2944 3308 tanquam
2983 3237 3205 3307 ἱλασμόν
3234 3255 3252 3288 t
3289 3237 3632 3308 propitiatio-

2067 3345 2188 3383 nem
2224 3348 2243 3380 ι
2283 3344 2382 3398 pro
2429 3328 2672 3398 peccatis
2702 3330 2904 3383 nostris
2943 3344 3064 3382 sese
3106 3327 3318 3382 obtulit.
3375 3328 3526 3394 Quod
3585 3329 3630 3381 si

2067 3424 2344 3477 Christum
2375 3423 2683 3474 intueamur
2719 3428 2777 3472 ut
2806 3419 3168 3482 Deum,extra
3211 3419 3518 3473 mediatorii
3547 3417 3630 3473 of-

2067 3514 2176 3568 ﬁcii
2211 3522 2538 3581 respectum,
2568 3526 2760 3565 rursus
2781 3509 2978 3578 duplex
3002 3509 3242 3576 ejusdem
3273 3509 3633 3564 consideratio

2065 3606 2220 3660 nobis
2246 3606 2503 3658 occurrit.
2532 3601 2666 3655 Nam
2695 3600 2780 3656 vel
2809 3600 3052 3654 absolute
3082 3609 3140 3653 ut
3172 3599 3314 3653 Deus
3339 3607 3632 3667 spectatur,

2065 3697 2150 3750 vel
2180 3696 2349 3749 relate
2405 3704 2463 3748 ιιι
2527 3695 2665 3747 Deus
2699 3706 2766 3746 ex
2799 3691 2924 3756 Deo,
2977 3690 3094 3745 sive
3151 3690 3244 3744 Dei
3297 3690 3486 3745 Filius.
3523 3689 3633 3744 Sub

2065 3788 2232 3858 priori
2278 3785 2712 3842 consideratione
2769 3783 2814 3838 si
2869 3783 3220 3852 respiciamus
3279 3781 3372 3834 τὸν
3415 3780 3585 3849 Λόγον
3615 3820 3630 3842 ,

2067 3879 2248 3933 multis
2271 3879 2324 3931 in
2362 3878 2497 3932 locis
2525 3876 2672 3930 clare
2701 3873 2900 3937 fatetur
2938 3872 3197 3944 Origenes
3220 3913 3234 3937 ,
3283 3873 3380 3943 ipsi
3415 3882 3635 3940 propter

2067 3970 2413 4025 inenarrabili
2467 3967 2780 4038 pratstantia
2830 3964 3228 4036 prtecellentem
3271 3963 3632 4026 divinitatem,

2067 4078 2224 4131 quam
2252 4076 2375 4115 cum
2404 4060 2564 4114 Patre
2591 4074 2932 4113 communem
2963 4057 3148 4121 habet,
3199 4055 3446 4110 eumdem
3477 4053 3634 4123 plane

2066 4154 2309 4208 divinum
2340 4151 2570 4215 cultum,
2611 4165 2774 4218 quem
2834 4148 2984 4202 Patri
3038 4146 3378 4208 exhibemus,
3412 4145 3634 4198 omnino

2067 4243 2249 4297 deberi
2275 4259 2290 4307 ;
2328 4243 2430 4296 hoc
2448 4251 2550 4305 est,
2579 4251 2830 4308 oportere
2865 4253 2963 4292 nos
2985 4247 3164 4290 mente
3189 4245 3244 4290 et
3275 4234 3635 4302 conceptione

2068 4344 2248 4385 nostra
2283 4336 2410 4399 (qua
2446 4330 2556 4384 sola
2585 4329 2800 4397 prOprie
2830 4326 2995 4380 Deum
3024 4325 3275 4392 colimus)
3304 4324 3520 4376 easdem
3544 4321 3632 4374 di-

2065 4425 2204 4478 vina:
2243 4433 2450 4478 natura:
2506 4419 2870 4490 perfectiones
2927 4431 3117 4472 omnes
3163 4415 3302 4469 Filio
3361 4413 3636 4468 ascribere

403 4540 731 4609 telligamus,
763 4538 1032 4605 quomodo
1056 4537 1167 4588 haec
1215 4533 1554 4602 accipiantur
1583 4529 1666 4585 vel
1700 4528 1923 4583 abusive
1946 4566 1962 4592 ,

2066 4529 2202 4584 quos
2240 4513 2387 4567 Patri
2426 4511 2733 4566 tribuimus.
2766 4509 2967 4575 Repete
3023 4507 3165 4572 loca,
3201 4519 3325 4573 qua:
3346 4499 3460 4568 jam
3493 4501 3634 4554 cita-

398 4631 481 4682 vel
516 4629 752 4697 proprie.
802 4648 818 4679 ι
860 4625 982 4689 Ubi,
1013 4625 1189 4696 inquit
1219 4623 1469 4686 Huetius,
1505 4621 1803 4676 orationem
1835 4635 1962 4688 pro-

399 4719 512 4784 prie
532 4719 639 4771 Deo
662 4717 805 4770 Patri
831 4717 973 4770 fundi
993 4715 1144 4782 jubet
1169 4732 1183 4779 ;
1210 4713 1556 4782 improprium
1577 4725 1701 4765 vero
1722 4720 1776 4765 et
1798 4725 1965 4779 χατα-

397 4810 724 4879 χρηστικὴν,
755 4805 892 4860 Filio
923 4824 936 4859 :
967 4805 1040 4858 illi
1076 4813 1130 4858 ιιι
1161 4818 1375 4857 summo
1407 4801 1532 4865 Deo,
1572 4801 1834 4854 bonorum
1869 4799 1966 4850 da-

401 4901 499 4953 tori
533 4918 545 4963 ;
585 4901 708 4952 huic
738 4909 990 4963 tanquam
1029 4895 1247 4966 μεσίτῃ,
1280 4894 1368 4960 qui
1399 4905 1588 4960 preces
1616 4899 1827 4943 nostras
1855 4889 1964 4943 Deo

398 4991 606 5046 offerat.
642 4990 839 5042 Locum
861 4989 1090 5042 alterum
1117 4987 1262 5056 legas
1286 4984 1381 5037 lib.
1415 4997 1531 5045 vm,
1551 4997 1698 5034 num.
1725 4980 1812 5042 l5,
1841 4995 1962 5049 pag.

397 5081 497 5135 751
536 5100 548 5133 ;
583 5081 673 5132 Διὸ
704 5079 793 5131 τὸν
817 5078 913 5130 ’ἐνα
938 5077 1092 5140 Θεὸν,
1125 5077 1221 5128 καὶ
1246 5075 1338 5126 τὸν
1362 5073 1454 5126 ἕνα
1481 5072 1609 5126 Υἱὸν
1641 5069 1806 5124 αὑτοῦ
1829 5109 1842 5133 ,
1868 5070 1961 5122 καὶ

399 5171 702 5239 Λόγονῃιαὶ
731 5169 913 5222 εἰκόνα
937 5170 1056 5231 ταῖς
1082 5166 1220 5220 κατὰ
1244 5165 1303 5217 τὸ
1328 5164 1546 5216 δυνατὸν
1573 5165 1703 5234 ἡμῖν
1737 5162 1966 5225 ἱκεσίαις

399 5265 492 5317 καὶ
521 5260 1038 5330 ἀξιώσεσισέϐομεν,
1071 5257 1434 5331 προσάγοντες
1461 5255 1536 5325 τῷ
1566 5253 1684 5323 Θεῷ
1706 5253 1811 5305 τῶν
1831 5251 1966 5304 ὅλων

399 5357 497 5420 τὰς
525 5355 686 5426 εὐχὰς
704 5354 790 5407 διὰ
807 5353 901 5406 τοῦ
925 5348 1263 5419 Μονογενοῦς
1291 5347 1475 5402 αὐτοῦ·
1504 5339 1547 5414 ᾧ
1563 5345 1776 5417 πρῶτον
1800 5361 1968 5415 προσ-

399 5449 636 5520 φέρομεν
687 5445 878 5509 αὑτὰς,
917 5444 1193 5511 ἀξιοῦντες
1227 5441 1387 5496 αὑτὸν
1427 5439 1652 5510 ἱλασμὸν
1697 5437 1823 5490 ὄντα
1853 5435 1962 5488 τῶν

400 5539 680 5612 ἁμαρτιῶν
704 5538 880 5609 ἡμῶν,
900 5537 1268 5607 προσαγαγεῖν
1283 5533 1357 5596 ὡς
1382 5531 1640 5604 ἀρχιερέα
1656 5529 1752 5593 τὰς
1779 5527 1962 5597 εὐχὰς,

400 5635 491 5686 διαὶ
520 5631 616 5696 τὰς
644 5631 854 5694 Θυσίας,
891 5631 984 5683 καὶ
1009 5627 1106 5690 τὰς
1141 5625 1409 5691 ἐντεύξεις
1431 5623 1586 5696 ἡμῶν
1611 5621 1686 5693 τῷ
1709 5622 1800 5674 ἐπὶ
1829 5621 1963 5672 πᾶσι

467 5725 512 5756 ⁸⁵
543 5723 736 5778 IJontt.
768 5739 826 5787 ιι,
863 5724 898 5775 2

2066 4607 2238 4660 vimus
2279 4605 2334 4657 in
2377 4605 2478 4658 hoc
2527 4601 2724 4670 capite,
2773 4613 2924 4651 num.
2981 4595 3035 4651 8.
3074 4595 3168 4648 Sin
3201 4591 3394 4646 Filium
3422 4594 3638 4677 intuea-

2067 4714 2186 4753 mur
2216 4695 2405 4760 relate,
2430 4708 2534 4764 qua
2571 4691 2741 4746 Filius
2769 4700 2874 4753 est,
2913 4698 2968 4743 et
3013 4703 3082 4742 ex
3116 4686 3224 4740 Deo
3269 4683 3429 4736 Patre
3469 4681 3636 4736 trahit

2067 4791 2363 4860 originem;
2408 4796 2519 4841 tum
2565 4800 2753 4838 rursus
2786 4793 2994 4837 certum
3030 4788 3132 4842 est,
3159 4776 3364 4831 cultum
3397 4783 3451 4828 et
3476 4788 3637 4827 vene-

2067 4884 2330 4936 rationem
2368 4893 2606 4941 omnem,
2637 4891 2796 4946 quem
2830 4874 2932 4943 ipsi
2972 4871 3291 4934 deferimus,
3323 4867 3389 4920 ad
3424 4865 3634 4920 Patrem

2070 4971 2392 5032 redundare,
2427 4969 2481 5020 in
2507 4967 2808 5036 ipsumque,
2842 4973 2899 5015 ut
2934 4959 3116 5031 πηγὴν
3169 4956 3421 5024 θεότητος
3450 4956 3636 5007 ultimo

2069 5062 2279 5117 referri.
2315 5061 2428 5113 lluc
2454 5061 2618 5113 etiam
2673 5069 2975 5124 respemsse
3016 5054 3226 5104 videtur
3262 5045 3525 5115 Origenes
3582 5046 3634 5098 itt

2069 5153 2357 5223 posteriori
2385 5151 2501 5204 loco
2531 5153 2598 5202 ab
2631 5147 2826 5201 llnetio
2859 5145 3024 5199 citato
3046 5141 3185 5216 (55);
3207 5139 3294 5192 ubi
3325 5148 3443 5207 post
3471 5137 3634 5188 verba

2070 5245 2322 5312 allegata,
2359 5243 2470 5295 bzec
2502 5239 2724 5310 ἀμέσως
2759 5235 3152 5302 subjiciuntur:
3201 5227 3337 5294 Περὶ
3385 5225 3473 5277 τὸν
3505 5224 3634 5275 Θεὸν

2068 5334 2159 5390 οὖν
2188 5339 2222 5408 ἡ
2256 5336 2438 5398 πίστις
2480 5331 2656 5404 ἡμῶν,
2705 5329 2792 5383 διὰ
2829 5326 2923 5379 τοῦ
2956 5324 3157 5392 ταύτην
3195 5317 3536 5390 βεϐαιοῦντος
3577 5317 3633 5365 ὲν

2068 5434 2199 5502 ἡμῖν
2249 5427 2380 5481 Υἱοῦ
2432 5424 2634 5479 αὐτοῦ·
2675 5424 2768 5477 καὶ
2827 5417 3078 5488 οὐδεμίαν
3113 5411 3268 5484 ἡμῶν
3305 5410 3418 5480 ἔχει
3468 5405 3635 5470 δεῖξαι.

2071 5499 2258 5574 στάσιν
2291 5519 2416 5589 περὶ
2437 5519 2527 5570 τὸν
2554 5517 2677 5569 Υἱὸν
2709 5511 2802 5567 τοῦ
2844 5509 2976 5563 Θεοῦ
3011 5510 3038 5560 ὁ
3067 5505 3301 5566 Κέλσος·
3355 5501 3448 5554 καὶ
3487 5499 3638 5551 σέϐο-

2076 5616 2172 5684 μέν
2209 5631 2270 5681 γε
2318 5619 2408 5666 τὸν
2455 5611 2708 5680 Πατέρα,
2754 5603 3127 5674 Θαυμάζοντες
3171 5594 3335 5651 αὐτοῦ
3373 5594 3464 5648 τὸν
3506 5591 3636 5646 Υἱδν

468 5819 579 5879 (35)
613 5819 740 5876 Vide
773 5836 888 5878 erat:
928 5819 991 5874 de
1027 5817 1311 5878 primitivac
1341 5813 1593 5868 Ecclesize
1627 5804 1954 5871 ὃοξολοαξίαις
1977 5801 2382 5860 observavimus
2407 5810 2566 5860 supra
2609 5808 2726 5855 cap.
2761 5793 2814 5854 5,
2842 5807 2988 5845 ιιιιιιι.
3020 5789 3074 5843 6.
