4068 6312
555 403 693 456 1515

1959 398 2376 455 EXCERPTUM

3625 393 3735 447 l3lii

555 523 747 590 Λόγον,
783 524 876 575 καὶ
906 521 1114 589 σοφίαν,
1139 520 1234 573 καὶ
1280 519 1554 592 ἀλήθειαν,
1590 521 1685 574 καὶ
1735 521 2082 594 δικαιοσύνην
2104 565 2118 584 ,

2224 537 2286 576 ex
2317 520 2471 574 libris
2497 518 2632 586 Περὶ
2667 511 2868 585 ἀρχῶν
2889 511 3046 568 aﬁ‘ert
3062 525 3135 600 pc
3163 512 3391 566 damnat
3408 508 3519 565 haec
3539 508 3749 582 Origeuis

556 613 649 665 καὶ
678 615 853 666 πάντα
895 612 1037 682 ἆπερ
1094 607 1234 664 εἶναι
1282 613 1679 682 μεμαθήκαμεν
1731 613 1825 666 τὸν
1861 614 2118 688 Υἱὸνιτοῦ

557 705 712 767 Θεοῦ,
739 705 878 757 οὕτω
907 703 971 774 δὴ
993 703 1089 756 καὶ
1114 703 1207 756 τὸν
1243 703 1570 775 γεννηθέντα
1597 705 1702 758 ἀπὸ
1742 707 1982 758 τοιούτου
2012 707 2126 760 Πα-

557 797 682 866 τρός
709 813 724 827 ο
756 796 805 848 id
842 805 946 857 est,
979 817 995 846 ε
1030 795 1214 864 Itaque
1245 796 1296 849 in
1315 796 1422 850 Deo
1451 796 1584 850 ﬁdes
1629 806 1810 851 nostra
1854 797 2123 864 consistit,

557 902 653 964 per
683 885 1090 939 conﬁrmantem
1125 899 1244 939 eam
1279 884 1331 937 iu
1361 885 1517 940 nobis
1553 885 1720 956 ipsius
1762 887 1976 941 Filium.
2019 886 2128 942 Nec

549 977 1007 1048 estquodCelsus
1063 977 1217 1031 nobis
1265 977 1584 1031 seditionem
1640 977 1856 1040 obiiciat
1905 989 2126 1049 pr0pter

557 1071 748 1124 Filium
775 1083 791 1122 :
819 1083 1141 1121 veneramur
1174 1069 1317 1122 enim
1348 1068 1594 1133 Patrem,
1617 1081 1683 1123 eo
1714 1069 1854 1138 quod
1884 1071 2120 1124 admira-

557 1177 680 1215 mur
723 1161 840 1230 ejus
863 1159 1081 1224 Filium,
1122 1157 1357 1214 Verbum
1381 1169 1436 1213 et
1467 1160 1806 1228 sapientiam,
1845 1170 1898 1212 et
1929 1161 2124 1214 verita-

553 1258 685 1316 tem,
718 1260 772 1305 ct
794 1250 1081 1318 justitiam,
1111 1261 1167 1305 et
1203 1251 1462 1319 quidquid
1493 1250 1724 1305 dicimus
1753 1265 1874 1306 esse
1899 1251 1991 1305 Dei
2027 1249 2118 1306 Fi-

557 1342 709 1405 lium,
741 1356 771 1394 e
805 1341 894 1394 tali
947 1340 1108 1394 Patre
1162 1341 1522 1409 progenitum.
1563 1359 1582 1392 »
1621 1340 1771 1396 Hanc
1821 1342 2120 1396 doctrinam

560 1446 750 1484 sanam
792 1441 845 1483 ct
885 1431 1203 1484 catholicam
1243 1442 1399 1493 esse,
1440 1439 1638 1483 norunt
1678 1445 1884 1494 omnes,
1939 1433 2026 1499 qui
2070 1431 2121 1483 in

557 1535 798 1576 veterum
826 1523 1106 1576 doetorum
1134 1523 1356 1590 scriptis
1394 1520 1479 1574 vel
1535 1522 1879 1575 mediocriter
1925 1522 2122 1576 versati

558 1614 727 1671 fuere.
756 1613 932 1678 Quid?
958 1614 1098 1682 quod
1128 1613 1240 1666 hmc
1279 1611 1455 1665 Patris
1488 1611 1648 1682 ὲξοχή
1677 1612 1728 1664 in
1763 1612 2010 1666 omnibus
2031 1627 2123 1666 ca-

557 1707 768 1760 tholicae
791 1706 1040 1760 Ecclesiae
1065 1703 1325 1773 Liturgiis
1344 1703 1609 1770 hodieque
1635 1705 1963 1773 agnoscitur.
1985 1701 2120 1757 Nam

536 1809 615 1875 .ct
642 1799 694 1851 iu
726 1797 1051 1866 δοξολογίαις
1084 1797 1249 1850 Deum
1300 1795 1512 1849 Patrem
1542 1795 1600 1846 ὲν
1631 1793 1827 1866 πρώτῃ
1859 1793 2012 1860 τάξει
2042 1793 2122 1864 (ut

557 1886 801 1942 Justinus
827 1884 1083 1956 loquitur)
1107 1882 1509 1953 gloriﬁcamus:
1546 1894 1600 1940 et
1623 1899 1812 1953 preces
1835 1884 2119 1954 plerasque
2149 1869 2193 1922 Β

560 1979 626 2032 ad
650 1979 820 2046 ipsum
846 1975 1302 2044 dirigitnus.'Qua
1326 1974 1392 2029 de
1438 1989 1496 2029 re
1544 1985 1734 2029 notatu
1792 1990 1925 2029 sane
1959 1977 2118 2046 digna

557 2078 684 2122 sunt
707 2069 931 2130 Petavii,
967 2067 1163 2122 Crellio
1194 2067 1262 2122 de
1286 2065 1490 2137 Spiritu
1544 2077 1734 2122 sancto
1789 2069 2122 2136 responden-

559 2160 650 2222 tis,
693 2159 857 2212 verba
882 2157 958 2211 De
981 2156 1128 2212 Trin.
1165 2157 1258 2212 lib.
1277 2172 1364 2225 tu,
1392 2173 1512 2229 cap.
1539 2158 1592 2226 7,
1618 2173 1770 2212 num.
1797 2157 1885 2212 15.
1916 2175 1934 2210 ο
1966 2157 2119 2224 Nam,

559 2249 762 2318 inquit,
789 2249 936 2316 quod
965 2250 1031 2303 ad
1057 2248 1320 2318 Spiritum
1345 2259 1594 2304 sanctum
1633 2262 1824 2319 preces
1858 2251 1909 2305 in
1938 2250 2122 2306 Eccle-

559 2342 637 2395 sia
661 2339 876 2410 publice
905 2343 1018 2396 fere
1067 2357 1170 2396 non
1225 2341 1552 2412 diriguntur,
1589 2343 1789 2397 frustra
1821 2359 1888 2398 ex
1940 2359 2005 2399 eo
2034 2359 2123 2398 ca-

563 2433 824 2487 lumniam
862 2434 1028 2488 struit
1051 2432 1302 2488 Crellius.
1327 2433 1612 2502 Siquidem
1647 2434 1814 2488 veteri
1847 2449 1915 2489 ex
1975 2451 2072 2490 usu
2106 2476 2119 2500 ,

559 2525 830 2595 pleraeque
863 2526 928 2579 ad
953 2524 1164 2579 Patrem
1194 2523 1545 2578 referuntur:
1577 2533 1735 2593 atque
1753 2524 1826 2577 ita
1846 2524 2122 2579 decretum

558 2617 790 2686 legimus
826 2619 878 2671 in
908 2615 1320 2687 Carthaginiensi
1350 2616 1509 2671 tertia
1540 2616 1764 2686 synodo,
1797 2631 2006 2673 canone
2030 2619 2123 2680 23,

558 2723 619 2766 ut
637 2725 756 2765 cum
775 2711 839 2764 ad
881 2710 1051 2764 altare
1075 2709 1368 2776 assistitur,
1387 2722 1600 2778 semper
1616 2709 1680 2763 ad
1704 2708 1916 2762 Patrem
1937 2710 2128 2778 diriga-

560 2811 650 2856 tur
683 2801 877 2856 oratio.
907 2799 1173 2855 Nimirum
1200 2802 1325 2870 quia
1356 2809 1489 2854 tunc
1517 2800 1720 2855 Christi
1759 2815 1979 2869 corpus,
2015 2804 2126 2855 sive

559 2894 724 2952 homo
751 2895 1002 2951 Christus
1031 2891 1280 2958 oﬁ‘ertur,
1306 2908 1369 2947 ac
1397 2893 1601 2946 veteris
1631 2901 1687 2946 et
1717 2894 1926 2948 cruenti
1958 2896 2128 2948 sacri—

559 2987 669 3042 ﬁcii
705 2987 962 3041 memoria
994 2984 1322 3049 celebratur,
1368 2999 1578 3054 aequum
1634 2993 1718 3041 est
1757 2988 1820 3040 ad
1869 2987 2080 3042 Patrem
2108 3027 2123 3052 ,

558 3076 708 3132 velut
733 3085 1007 3131 auctorem
1035 3089 1096 3131 ac
1135 3075 1464 3146 principium
1499 3075 1693 3131 referri
1753 3077 1934 3130 omnia
1983 3096 1996 3140 ;
2051 3081 2126 3131 nti

2223 614 2428 668 verba:
2468 630 2485 660 ι
2531 609 2852 666 Sicutenim
2879 609 3244 688 incongruum
3283 611 3368 656 est
3397 601 3588 666 dicere,
3633 607 3748 674 quod

2222 703 2392 774 possit
2414 702 2586 756 Filius
2615 701 2802 754 videre
2833 697 3078 763 Patrem;
3138 697 3212 750 ita
3269 693 3638 749 inconveniens
3684 707 3754 751 est

2223 795 2457 865 opinari,
2488 793 2628 862 quod
2655 792 2888 861 Spiritus
2905 799 3121 847 sanctus
3136 787 3316 858 possit
3333 784 3512 839 videre
3538 785 3748 841 Filium.»

2225 885 2294 940 Et
2320 887 2632 956 primarium
2669 884 2815 937 hunc
2847 896 2915 934 ac
2948 880 3292 950 przecipuum
3346 878 3490 932 inter
3541 877 3753 947 Origeuis

2225 993 2435 1032 errores
2451 977 2641 1031 statuit
2666 971 3000 1044 Epiphanius
3018 972 3210 1031 haeres,
3246 985 3402 1034 LXIV,
3431 984 3548 1039 cap.
3580 970 3688 1033 Let
3709 971 3753 1026 in

2224 1068 2512 1130 Ancorato,
2545 1079 2668 1134 cap.
2698 1063 2788 1118 6'5.
2837 1061 2944 1116 Sed
2974 1061 3256 1116 audiamus
3288 1060 3466 1130 ipsum
3506 1059 3756 1129 Origenem

2224 1157 2276 1210 itt
2300 1169 2464 1224 opere
2487 1155 2575 1208 illo
2595 1152 2900 1208 indubitata
2927 1161 3112 1206 contra
3144 1149 3358 1205 Celsum
3390 1150 3484 1204 lib.
3512 1165 3594 1215 v1,
3633 1167 3753 1207 num.

2225 1247 2311 1314 l7,
2339 1265 2460 1318 pag.
2481 1247 2606 1311 645,
2636 1261 2790 1301 suam
2822 1246 2890 1300 de
2922 1245 3148 1299 scientia
3186 1259 3296 1314 qua
3330 1241 3498 1296 Pater
3524 1252 3576 1297 et
3615 1243 3756 1300 Filius

2223 1354 2282 1394 se
2301 1350 2485 1393 mutuo
2515 1347 2870 1408 cognoscunt,
2895 1337 3215 1392 sententiam
3252 1334 3402 1389 clare
3439 1335 3752 1402 explicantem

2222 1430 2308 1484 his
2347 1428 2524 1483 verbis
2558 1449 2572 1482 :
2627 1428 2788 1481 Ἀλλὰ
2819 1428 2910 1481 καὶ
2933 1431 2961 1481 ὁ
2998 1427 3188 1498 Σωτὴρ
3216 1425 3380 1498 ἡμῶν
3415 1427 3510 1478 καὶ
3549 1426 3748 1496 Κύριος,

2221 1519 2516 1591 Λόγοςδτοῢ
2548 1520 2704 1582 Θεοῦ,
2753 1520 2815 1573 τὸ
2853 1519 3079 1591 μέγεθος
3113 1517 3392 1590 παριστὰς
3419 1521 3518 1588 τῆς
3547 1517 3750 1586 γνιέισεως

2220 1612 2314 1666 τοῦ
2342 1613 2572 1684 Πατρδς,
2594 1615 2675 1666 ὅτι
2700 1613 2820 1666 κατ’
2847 1612 3004 1677 ἀξίαν
3030 1609 3462 1684 προηγουμένως
3485 1610 3618 1680 αὑτῷ
3637 1612 3749 1682 μόνῳ

2221 1705 2551 1776 λαμϐάνεται
2585 1707 2678 1759 καὶ
2711 1703 3059 1773 γινώσκεται,
3087 1702 3360 1774 δευτέρως
3384 1702 3441 1755 δὲ
3465 1705 3571 1765 τοῖς
3591 1702 3752 1775 ἐλλαμ-

2224 1796 2474 1867 πομένοις
2499 1795 2560 1848 τὸ
2583 1795 2904 1866 ἡγεμονικὸν
2922 1792 3012 1846 ὑπ’
3033 1791 3195 1846 αὐτοῦ
3212 1791 3310 1844 τοῦ
3331 1790 3501 1858 Λόγου
3525 1791 3610 1844 καὶ
3629 1791 3757 1858 θεοῦ,

2221 1888 2403 1960 φησὶν,
2424 1887 2629 1954 Οὐδεὶς
2640 1890 2790 1956 ἔγνω
2808 1886 2912 1940 τὸν
2935 1885 3073 1938 Υἱὸν
3092 1886 3144 1937 εὶ
3149 1903 3197 1954 μ
3225 1883 3263 1951 ἡ
3301 1881 3522 1951 Πατὴρ,
3538 1882 3664 1936 οὐδὲ
3674 1885 3760 1938 τεν

2222 1980 2448 2048 Πατέρα
2469 1981 2521 2033 εὶ
2541 1978 2627 2050 μὴ
2661 1982 2694 2032 ό
2733 1978 2883 2044 Υἱὸς,
2910 1977 3006 2031 καὶ
3033 1969 3081 2043 ᾧ
3101 1977 3177 2030 ἂν
3195 1979 3229 2030 ό
3257 1975 3388 2039 Υἱὸς
3412 1976 3757 2047 ἀποκαλύψῃ.

2222 2071 2359 2126 Οὔτε
2394 2070 2503 2143 γὰρ
2534 2071 2623 2122 τὸν
2657 2071 2920 2141 ἀγένητον
2960 2069 3054 2123 καὶ
3098 2069 3284 2140 πάσης
3311 2067 3535 2138 γενετῆς
3579 2067 3760 2137 φύσεως

2223 2163 2565 2234 πρωτότοκον
2589 2161 2709 2215 κατ’
2737 2161 2891 2226 ἀξίαν
2912 2161 3108 2215 εἰδέναι
3139 2177 3227 2224 τις
3261 2160 3506 2222 δύναται,
3527 2159 3597 2223 ὼς
3621 2163 3758 2227 ὁγεν-

2222 2256 2391 2326 νήσας
2419 2254 2578 2308 αὐτὸν
2605 2253 2816 2326 Πατὴρ,
2843 2252 2966 2306 οὗτε
3014 2252 3104 2305 τὸν
3134 2251 3362 2324 Πατέρα
3392 2251 3466 2315 ὡς
3495 2253 3523 2304 ὁ
3558 2250 3764 2321 ἔμψυχος

2224 2347 2414 2416 Λόγος,
2446 2347 2539 2400 καὶ
2561 2347 2718 2416 σοφία
2743 2346 2904 2399 αὐτοῦ
2944 2345 3038 2398 καὶ⁵
3076 2344 3307 2414 ἀλήθεια
3328 2361 3342 2376 ⁶
3378 2347 3430 2398 id
3464 2353 3574 2399 est:
3601 2364 3617 2394 ι
3645 2343 3762 2411 Quill

2225 2444 2279 2491 et
2311 2437 2563 2490 Servator
2592 2444 2774 2489 noster
2793 2451 2860 2509 ac
2875 2435 3149 2498 Dominus,
3176 2433 3273 2490 Dei
3299 2432 3553 2498 Verbum,
3587 2433 3763 2504 magni-

2227 2529 2464 2585 tudinem
2497 2529 2829 2600 cognitionis
2858 2527 3128 2592 indicans,
3150 2542 3257 2596 qua
3287 2525 3448 2581 Pater
3472 2525 3580 2596 ejus
3611 2527 3759 2581 nosci-

2232 2634 2342 2691 tur,
2377 2625 2626 2693 quodque
2651 2638 2749 2691 pro
2779 2621 3042 2691 dignitate
3073 2622 3140 2675 ab
3181 2621 3306 2689 ipso
3349 2618 3468 2673 solo
3500 2627 3759 2683 noscatur,

2226 2714 2466 2770 secundo
2519 2728 2648 2768 vero
2680 2714 2798 2767 loco
2838 2713 2904 2766 ab
2939 2711 3259 2767 illuminatis
3287 2711 3553 2764 mentibus
3586 2725 3670 2780 per
3702 2710 3758 2763 il-

2228 2808 2316 2862 lud
2351 2809 2524 2877 ipsum
2557 2806 2791 2860 Verbum
2845 2820 2910 2859 ac
2945 2805 3136 2870 Deum,
3171 2801 3369 2869 Nemo,
3408 2802 3594 2870 inquit,
3641 2800 3759 2855 noni!

2227 2897 2427 2952 Filium
2461 2898 2560 2952 nisi
2589 2897 2774 2962 Pater,
2812 2913 2972 2966 neque
3007 2895 3221 2950 Patrem
3250 2897 3360 2950 nisi
3391 2893 3646 2960 Filius,et
3689 2896 3757 2946 cui

2229 2989 2403 3043 Filius
2435 2987 2740 3042 revelaverit
2768 2988 2836 3041 ⁸⁷.
2879 2986 3010 3041 Nam
3070 3002 3246 3056 neque
3281 2986 3537 3040 infectum
3563 3023 3577 3048 ,
3625 2994 3757 3052 atque

2230 3091 2354 3135 ante
2384 3095 2597 3134 omnem
2626 3080 2827 3133 factam
2857 3089 3100 3132 naturam
3129 3079 3372 3149 genitum
3395 3077 3662 3146 quisquam
3681 3089 3753 3144 pro

561 3184 833 3227 summum
867 3169 1144 3222 imitemur
1173 3170 1537 3235 sacerdotem,
1563 3177 1617 3224 et
1636 3170 1943 3239 pontiﬁcem
1973 3170 2130 3226 Clu-i-
2155 3198 2197 3256 ο
2232 3173 2492 3243 dignitate
2519 3182 2695 3241 potest
2727 3186 2907 3236 nosse,
2949 3172 3268 3225 sicutPater
3301 3171 3418 3238 ipse
3451 3169 3536 3239 qui
3574 3167 3754 3237 genuit:

561 3275 704 3319 stum
739 3261 1059 3326 Dominum;
1091 3260 1181 3328 qui
1220 3270 1330 3313 tum
1366 3260 1548 3313 omnia
1583 3261 1722 3314 dicta
1749 3260 2002 3330 factaque
2031 3278 2124 3314 suat

557 3355 740 3411 Patris
761 3354 826 3408 ad
854 3353 1110 3407 honorem
1152 3350 1360 3407 referre
1391 3351 1640 3406 solebat:
1675 3360 1786 3404 tum
1819 3352 1874 3406 in
1908 3353 1998 3406 illo
2029 3368 2124 3420 pn-

559 3458 764 3503 stremo
809 3445 1077 3500 sacriﬁcio
1124 3443 1349 3498 tradidit
1403 3445 1753 3512 semetipsum
1807 3457 1903 3513 pro
1971 3444 2128 3498 nobis

559 3538 908 3604 oblationem,
931 3549 985 3593 et
1009 3537 1236 3592 hostiam
1271 3534 1380 3590 Deo
1411 3535 1465 3590 in
1490 3536 1712 3590 odorem
1751 3535 2034 3591 suavitatis
2057 3536 2121 3591 “.

557 3631 675 3688 'Nec
709 3640 791 3687 est
839 3632 960 3686 inde
987 3644 1325 3698 consequens
1356 3639 1448 3682 aut
1474 3627 1760 3682 Christum
1815 3627 1983 3682 Deum
2020 3642 2124 3682 nou

561 3738 703 3788 esse,
740 3732 832 3776 aut
863 3737 961 3777 nec
991 3721 1252 3790 Spiritum
1292 3727 1541 3774 sanctum
1577 3734 1591 3773 :
1652 3720 1744 3774 sed
1775 3720 1879 3774 hoc
1904 3720 2078 3774 solum
2109 3761 2126 3786 ,

560 3832 680 3874 esse
705 3829 971 3870 summum
1003 3813 1283 3882 utriusque
1305 3811 1656 3882 principium,
1691 3827 1718 3864 a
1750 3825 1860 3880 quo
1893 3811 1966 3864 uti
1999 3826 2123 3877 pro-

561 3909 882 3980 prietatibus
919 3907 1155 3960 distincti
1184 3913 1330 3971 sunt,
1377 3903 1456 3957 sic
1489 3912 1682 3957 natura
1719 3913 1776 3956 et
1825 3901 2126 3958 substantia

561 4017 668 4056 non
701 4001 1034 4067 discrepant.
1071 4015 1090 4048 ι

633 4091 661 4164 §
687 4089 828 4146 XVI.
865 4089 1136 4143 llactenus
1168 4101 1230 4142 ea
1253 4085 1612 4152 defendimus,
1644 4101 1763 4154 quae
1794 4085 1893 4139 viri
1925 4086 2126 4140 doctis-

562 4185 684 4239 simi
716 4182 967 4238 Petavius
991 4191 1044 4234 et
1097 4179 1322 4233 liuetius
1351 4177 1406 4232 in
1443 4178 1599 4233 libris
1649 4177 1902 4247 Origeuis
1944 4190 2129 4231 contra

560 4275 777 4331 Celsum
802 4273 1281 4343 reprehenderunt.
1317 4271 1585 4326 Caeterum
1625 4279 1821 4340 praeter
1846 4271 1971 4332 ista.
1999 4269 2127 4325 l-lie-

566 4383 823 4440 ronymns
851 4367 978 4421 olim
1007 4363 1156 4435 (odio
1183 4364 1394 4418 scilicet
1417 4379 1515 4418 suo
1559 4364 1612 4418 in
1643 4362 1931 4434 Origenent
1962 4405 1978 4430 ,
2034 4378 2128 4418 seu

563 4459 742 4528 potius
796 4458 849 4511 in
888 4455 1138 4526 Origeuis
1200 4453 1549 4524 interpretem
1597 4453 1850 4508 Ruﬁnum
1900 4453 2126 4508 nimium

2234 3280 2408 3336 neque
2432 3263 2648 3318 Patrem
2680 3264 2990 3334 quisquam,
3019 3263 3156 3316 sicut
3182 3262 3481 3315 animatum
3527 3259 3635 3328 ejus
3661 3256 3758 3311 Ver-

2234 3359 2381 3422 bum,
2421 3357 2625 3412 veritas
2672 3367 2726 3410 ct
2756 3356 3048 3424 sapientia.
3085 3373 3106 3408 ι
3147 3353 3294 3409 Nihil
3337 3354 3506 3423 magis
3533 3350 3761 3408 catholica

2237 3449 2440 3503 dictum
2481 3462 2716 3518 unquam
2768 3446 2889 3502 fuit.
2923 3446 3060 3512 Quin
3104 3445 3470 3514 etOrigenem
3504 3459 3650 3513 supra
3669 3441 3760 3512 (56)

2235 3542 2504 3595 dicentem
2546 3539 2872 3604 audivimus,
2917 3538 3084 3592 Deum
3119 3537 3342 3592 Patrem
3369 3551 3491 3592 esse
3525 3534 3598 3605 τῷ
3631 3533 3759 3601 Λόγῳ

2233 3633 2412 3688 Verbo
2435 3633 2549 3688 sive
2597 3631 2735 3688 Filio
2763 3646 2861 3686 suo
2883 3629 3123 3699 ἐφικτόν,
3154 3646 3173 3681 ‹
3196 3625 3752 3699 οοηιρτειιεηείὺίιειηη

2233 3725 2315 3779 Ad
2343 3725 2457 3779 loca
2488 3723 2736 3794 Origeuis
2754 3722 2894 3793 qttod
2922 3724 3138 3785 attinet,
3165 3735 3228 3776 ex
3257 3720 3411 3774 libris
3436 3718 3568 3787 Περὶ
3589 3713 3756 3785 ἀρχῶν

2235 3815 2536 3886 desumpta,
2576 3824 2818 3884 poteram
2855 3815 3187 3884 respondere
3234 3829 3300 3867 ex
3338 3812 3579 3867 omnibus
3597 3809 3755 3876 Orige-

2234 3906 2321 3961 uis
2349 3907 2567 3976 scriptis
2594 3907 2694 3960 ista
2727 3903 2865 3972 Περὶ
2893 3902 3095 3974 ἀρχῶν
3128 3904 3365 3958 maxime
3395 3908 3752 3968 esse,corrupta

2234 4010 2397 4068 atque
2422 3997 2744 4068 interpolata
2777 3996 2912 4067 (57),
2936 3997 3099 4066 idque
3128 4011 3157 4050 a
3184 3995 3381 4050 Ruﬁno
3415 3993 3588 4049 multis
3625 4005 3755 4060 argu-

2235 4094 2430 4150 mentis
2493 4104 2770 4150 ostensum
2821 4108 2963 4148 esse.
3001 4093 3108 4148 Sed
3167 4093 3258 4147 t-ali
3304 4093 3396 4148 hic
3445 4087 3754 4159 responsione

2234 4202 2369 4258 opus
2399 4202 2503 4241 non
2531 4186 2811 4250 habemus,
2841 4200 2964 4239 cum
2989 4186 3101 4256 ipsa
3127 4185 3382 4256 Origeuis
3433 4184 3605 4245 verba,
3625 4188 3753 4250 prout

2235 4293 2266 4331 a
2294 4277 2489 4332 Ruﬁno
2519 4278 2724 4346 integre
2741 4277 3110 4348 producuntur
3126 4277 3260 4349 (58),
3278 4278 3440 4346 quiet
3465 4287 3666 4344 sceputn
3684 4285 3755 4322 au-

2234 4367 2404 4421 ctoris
2425 4375 2480 4419 et
2503 4374 2815 4422 contextum
2850 4367 3119 4422 sermonis
3158 4366 3414 4435 explicat,
3452 4380 3554 4418 sua:
3585 4373 3751 4431 purga-

2237 4457 2366 4513 tioni
2398 4458 2610 4512 abunde
2637 4457 2923 4512 sufﬁciant.
2956 4457 3048 4512 Sic
3071 4471 3130 4512 se
3156 4472 3244 4512 res
3285 4457 3489 4511 habuit.
3525 4454 3751 4523 Origenes

565 4550 872 4620 indulgens,
899 4548 1129 4618 indeque
1177 4548 1358 4602 omnia
1393 4545 1513 4615 ejus
1562 4545 1728 4600 verba
1781 4546 2033 4616 dictaque
2075 4546 2127 4601 in
2160 4557 2206 4612 ι)
2231 4548 2284 4603 in
2320 4548 2459 4603 libro
2489 4550 2662 4619 primo
2688 4547 3011 4604 Periarchan
3034 4550 3388 4620 quaestionem
3413 4541 3751 4602 moverattatl-

565 4641 860 4711 pessimum
888 4653 1104 4693 sensum
1129 4639 1349 4692 trahere
1370 4636 1607 4705 amans).
1631 4646 1685 4691 et
1713 4635 1819 4689 alia
1852 4636 2128 4707 complura

565 4732 634 4785 de
666 4729 801 4784 Filio
828 4729 944 4794 Dei,
969 4729 1020 4782 in
1050 4728 1173 4783 aliis
1190 4728 1438 4798 Origeuis
1454 4727 1672 4797 scriptis
1703 4727 1936 4782 absurde
1969 4736 2130 4797 atque

567 4823 730 4891 impie
761 4821 901 4874 dicta
929 4819 1174 4885 notavit;
1209 4834 1328 4889 quas
1359 4819 1538 4873 omnia
1565 4833 1632 4872 ex
1660 4833 1767 4872 uno
1791 4833 1951 4888 opere
2002 4835 2127 4872 con-

567 4924 648 4967 tra
680 4911 888 4968 Celsum
919 4909 1078 4964 facile
1101 4908 1439 4963 refelluntur.
1469 4907 1751 4977 Praecipua
1775 4908 2124 4979 attingemus.

563 5005 622 5061 lu
646 5005 868 5074 cpistola
897 5002 1070 5068 59,ad
1100 5000 1272 5066 Avit.,
1304 5015 1518 5055 errores
1553 5014 1841 5055 recensens
1865 5000 2126 5056 librorum

565 5097 704 5166 Περὶ
737 5094 952 5166 ἀρχῶν,
988 5095 1275 5162 scripsisse
1302 5090 1591 5161 Origencm
1635 5092 1713 5145 ait
1741 5091 2123 5161 l‘liernnytnus,

569 5192 623 5244 in
663 5188 834 5257 primo
861 5187 976 5257 cjus
1006 5185 1187 5255 operis
1209 5185 1502 5248 volumine,
1534 5201 1553 5234 ι
1585 5183 1751 5236 Deum
1787 5184 1997 5236 Patrem
2033 5197 2130 5251 per

569 5291 817 5337 naturam
859 5277 1208 5342 invisibilem,
1241 5293 1270 5329 a
1303 5274 1443 5328 Filio
1466 5291 1571 5329 non
1607 5275 1798 5330 videri.
1828 5293 1848 5322 θ
1886 5274 1950 5327 Ει
1973 5275 2024 5327 in
2049 5290 2132 5327 se-

566 5371 786 5428 cundo:
827 5387 847 5422 c
893 5367 1084 5423 Restat
1115 5377 1175 5423 ut
1207 5366 1494 5422 invisibilis
1519 5367 1590 5420 sit
1619 5366 1760 5422 Deus
1787 5407 1803 5432 ,
1849 5365 1892 5419 si
1951 5375 2128 5418 autem

568 5462 853 5518 invisibilis
881 5475 977 5530 per
1007 5469 1255 5513 maturam
1286 5467 1390 5524 est,
1423 5471 1600 5525 neque
1639 5455 1906 5509 Salvatori
1945 5455 2133 5507 visibi-

569 5556 657 5612 lis.
693 5575 714 5611 ι
748 5553 890 5610 Idem
925 5555 979 5608 in
1014 5552 1243 5622 epistola
1277 5552 1366 5618 61,
1416 5552 1483 5605 ad
1526 5549 1860 5612 Pammach.,
1903 5561 2023 5615 cap.
2071 5545 2126 5609 5,

548 5641 559 5669 "
639 5669 1069 5740 “Eplles.\',2.
1148 5668 1191 5699 ετ
1220 5666 1408 5722 Matth.
1431 5683 1506 5732 XI,
1533 5664 1626 5718 27.

640 5764 752 5834 (36)
779 5763 910 5834 Vide
943 5762 1102 5834 hujus
1131 5763 1320 5834 capitis
1356 5777 1502 5834 num.
1537 5760 1594 5834 9_.

639 5827 752 5906 (57)
785 5831 915 5885 Vide
943 5827 1242 5897 Prelegom.
1279 5830 1456 5882 Rufini
1485 5832 1537 5882 in
1568 5831 1658 5883 lib.
1693 5829 1832 5895 Περὶ
1864 5827 2089 5897 ἀρχῶν.

2232 4655 2422 4696 versus
2445 4655 2556 4706 eos,
2582 4645 2672 4710 qui
2701 4641 2866 4695 Deum
2896 4655 3213 4709 corporeum
3244 4641 3446 4707 dicunt,
3468 4649 3517 4694 et
3537 4632 3751 4691 humanis

2232 4746 2354 4786 eum
2389 4731 2646 4786 membris
2671 4732 2964 4800 habituque
2993 4731 3339 4791 describunt;
3362 4733 3498 4800 quod
3523 4725 3748 4798 praecipue

2234 4819 2736 4876 Valentiuianorum
2770 4832 2825 4877 et
2846 4823 3516 4892 Anthropoutorphitarunt
3564 4816 3748 4873 haeresis

2234 4913 2532 4969 asserebat.
2571 4934 2589 4967 ι
2623 4914 2796 4970 llosce
2851 4922 3038 4969 contra
3089 4914 3373 4969 haereticos
3418 4913 3651 4982 Origenes
3673 4923 3746 4962 ec—

2235 5003 2592 5060 clesiasticam
2627 5006 2782 5059 ﬁdem
2811 5003 3122 5070 defendens,
3153 5003 3296 5058 omni
3329 5017 3515 5074 genere
3538 5001 3746 5065 incorpo-

2236 5111 2388 5150 reum
2407 5111 2527 5151 esse
2551 5095 2719 5150 Deum
2747 5106 2801 5150 et
2842 5096 3042 5150 idcirco
3067 5096 3232 5148 etiam
3279 5093 3577 5148 invisibilem
3608 5089 3741 5144 ratio-

2237 5187 2392 5239 nibus
2425 5188 2791 5241 coulirmaral.
2824 5185 2954 5239 Dein
2991 5197 3316 5254 provocante
3336 5186 3498 5254 ipsum
3527 5177 3738 5250 quaestio-

2229 5278 2315 5332 nis
2340 5278 2553 5343 ordine,
2585 5278 2700 5333 haac
2727 5278 3002 5348 subjungit
3037 5279 3134 5333 lib.
3175 5293 3215 5344 ι,
3267 5292 3412 5331 num.
3438 5273 3490 5329 8:
3529 5291 3546 5323 ι
3579 5271 3734 5324 Verum

2228 5369 2345 5424 ista:
2384 5370 2711 5426 assertioues
2745 5372 2922 5424 minus
2958 5369 3191 5424 fortasse
3225 5365 3544 5422 auctoritatis
3577 5362 3736 5416 habere

2228 5460 2483 5516 videntur
2511 5462 2648 5533 apud
2674 5478 2788 5526 eos.
2818 5462 2910 5532 qui
2950 5476 3012 5517 ex
3048 5461 3250 5515 sanctis
3287 5456 3568 5528 Scripturis
3593 5452 3648 5507 de
3669 5464 3728 5503 re-

2228 5550 2328 5608 bus
2357 5553 2554 5611 divinis
2582 5555 2788 5610 institui
2819 5553 3099 5619 volunt,et
3128 5553 3249 5608 inde
3282 5552 3379 5607 sibi
3414 5546 3725 5614 probarique.

2301 5763 2413 5835 (58)
2447 5764 2576 5821 Vidc
2598 5764 2777 5821 Ruﬁni
2810 5761 3007 5819 Invccl.
3067 5764 3121 5820 in
3156 5764 3458 5835 llicronym.
