4068 6312
251 398 385 453 {317

1270 390 1361 447 EX
1398 390 1463 445 C.
1502 387 1704 443 BULLI
1746 386 1895 440 DEF.
1934 384 2115 441 FlDEl
2151 383 2472 440 ΝΙΟᾸΞΝιΕ.

3365 385 3503 441 1518

248 522 379 567 runt
441 509 713 580 quomodo
767 517 960 563 natura
1012 506 1105 561 Dei
1138 506 1506 576 supereminet
1546 520 1834 576 corporum
1863 506 1911 561 Λ
1936 502 2014 556 sia
2044 501 2221 571 magni
2248 498 2504 562 nominis,
2538 508 2590 551 et
2628 496 2941 567 Hieronymi
2978 497 3143 567 ipsius
3170 499 3296 554 olim
3337 503 3503 569 magi-

257 614 531 658 naturam.
550 601 687 658 Vide
712 618 841 671 ergo
860 602 902 657 si
929 616 1032 655 non
1059 600 1220 653 etiam
1240 597 1527 667 Apestolns
1558 600 1658 653 hoc
1691 598 1830 653 idem

255 697 352 757 ait,
376 710 498 749 cum
530 696 597 750 de
616 695 834 750 Christo
874 692 1114 762 loquitur
1146 691 1331 746 dicens
1362 709 1374 744 :
1416 690 1521 756 Qui
1559 701 1633 745 est
1660 692 1833 760 imago

254 785 534 841 invisibilis
563 786 678 845 Dei.
706 785 1082 854 primogenitus
1141 783 1308 835 omnis
1345 792 1602 837 creatura:
1626 784 1690 835 ⁸⁸.
1718 782 1831 836 Non

258 881 403 935 enim
435 880 515 950 (ut
540 878 760 949 quidam
793 876 1004 947 putant)
1051 876 1211 929 alicui
1239 875 1496 942 visibilis,
1520 886 1574 930 et
1608 876 1728 930 aliis
1756 878 1835 929 in-

258 973 530 1027 visibilis:
569 973 693 1042 quia
723 986 826 1025 non
851 970 981 1023 dicit
1015 970 1325 1038 Apostolus,
1352 970 1523 1040 imago
1555 970 1831 1024 invisibilis

258 1065 357 1119 Dei
391 1065 705 1126 hominibus,
741 1071 834 1115 aut
856 1061 1133 1115 invisibilis
1154 1062 1538 1130 peccatoribus,
1562 1062 1654 1116 sed
1680 1063 1833 1116 valde

261 1166 576 1213 constanter
628 1155 937 1225 pronuntiat
970 1154 1036 1208 de
1096 1154 1208 1222 ipsa
1246 1165 1438 1207 natura
1472 1153 1561 1208 Dei
1605 1154 1788 1208 dicens
1817 1195 1832 1219 ,

261 1249 437 1318 imago
464 1248 735 1300 invisibilis
760 1246 871 1299 Dei.
927 1244 1032 1299 Sed
1074 1255 1128 1299 et
1154 1243 1394 1300 Joannes
1428 1244 1481 1298 in
1544 1244 1834 1315 Evangelio

262 1340 469 1404 dicens,
496 1336 659 1391 Deum
696 1353 844 1391 nemo
876 1337 1005 1391 vidit
1030 1352 1260 1405 unquam
1289 1335 1334 1366 θ’
1363 1378 1379 1402 ,
1411 1335 1699 1389 manifeste
1732 1330 1835 1389 de-

262 1432 429 1487 clarat
463 1431 737 1493 omnibus,
763 1430 850 1498 qui
880 1428 1185 1498 intelligere
1219 1436 1465 1498 possunt,
1509 1430 1637 1498 quia
1692 1428 1834 1482 nulla

264 1535 452 1576 natura
479 1533 584 1586 est,
619 1523 703 1575 cui
737 1522 960 1576 visibilis
990 1521 1060 1574 sit
1089 1522 1227 1574 Deus
1260 1539 1273 1573 :
1310 1536 1414 1574 non
1445 1520 1598 1589 quasi
1631 1522 1720 1590 qui
1756 1523 1837 1573 vi-

263 1613 437 1668 sibilis
466 1615 533 1667 sit
559 1612 774 1681 quidem
811 1628 904 1681 per
947 1620 1222 1677 naturam,
1252 1624 1307 1663 et
1333 1612 1482 1665 velut
1541 1611 1836 1681 fragilioris

262 1716 526 1760 creatura:
558 1704 753 1758 evadat
784 1713 1059 1771 aspectum
1086 1721 1101 1769 ;
1136 1703 1228 1757 sed
1273 1704 1528 1771 quoniam
1569 1702 1835 1756 naturali-

262 1803 346 1850 ter
370 1794 541 1849 videri
565 1794 899 1862 impossibile
919 1804 1022 1848 est.
1046 1794 1152 1848 Sed
1188 1793 1232 1848 si
1257 1795 1504 1864 requiras
1527 1810 1556 1846 a
1592 1810 1677 1848 me
1709 1794 1834 1863 quid

1933 591 2053 659 stri)
2088 603 2363 658 respuere,
2399 597 2492 640 aut
2516 606 2543 640 a
2579 588 2772 641 ltulino
2810 587 2952 640 baud
2990 588 3129 642 bona
3159 589 3262 643 [ide
3295 591 3508 645 recitari

1935 697 2000 735 ac
2036 680 2319 735 transferri
2363 678 2386 731 ?
2425 678 2624 742 Credo,
2672 678 2799 747 quia
2833 692 2936 731 non
2989 688 3221 747 poterat.
3245 678 3509 733 Nimirum

1934 772 2264 844 Hieronymo
2295 771 2536 825 solemne
2559 778 2678 824 erat
2710 770 2830 842 (pro
2849 786 2934 835 ea,
2966 786 3071 840 qua
3099 770 3354 838 pollebat,
3388 773 3509 825 rbe-

1937 858 2195 914 toricandi
2228 858 2503 929 facultate)
2532 869 2869 928 argumenta,
2909 858 3105 927 quibus
3144 860 3510 927 premebatur,

1935 952 2021 1006 vel
2044 952 2256 1005 silentio
2294 951 2450 1022 plane
2502 951 2802 1021 praeterire,
2845 950 2928 1005 vel
2976 951 3117 1020 joeis
3154 966 3217 1005 ac
3272 952 3513 1008 dicteriis

1934 1044 2169 1100 eludere.
2191 1043 2350 1099 Certe
2381 1044 2583 1109 Rufini,
2606 1054 2767 1112 atque
2802 1054 2927 1097 ante
2955 1044 3127 1111 ipsum
3166 1044 3398 1114 Didymi,
3427 1060 3514 1099 re-

1936 1137 2280 1207 sponsionem
2336 1136 2672 1190 verissimam
2713 1150 2831 1190 esse
2880 1136 3011 1189 satis
3063 1135 3304 1189 indicant
3355 1137 3515 1190 verba

1938 1230 2227 1299 Origenis,
2274 1243 2435 1298 prout
2473 1230 2539 1284 ab
2594 1229 2708 1298 ipso
2748 1227 3075 1299 Hieronymo
3122 1228 3423 1296 allegantur
3460 1230 3515 1283 in

1935 1323 2091 1391 epist.
2128 1321 2227 1385 59‘,
2255 1322 2319 1374 ad
2354 1322 2499 1374 Avit.
2526 1321 2615 1373 Ait
2643 1321 2838 1389 quippe
2877 1320 3159 1388 Origenem
3207 1321 3512 1389 scripsisse,

1943 1432 1961 1464 ‹
1992 1414 2156 1468 Deum
2189 1413 2406 1467 Patrem
2443 1429 2536 1483 per
2553 1422 2801 1466 naturam
2827 1414 3173 1474 invisibilem.
3194 1429 3222 1465 a
3250 1413 3385 1468 Filio
3408 1430 3513 1468 non

1937 1506 2141 1572 videri;
2191 1525 2209 1558 ι
2251 1515 2304 1559 ει
2337 1520 2523 1559 rursus
2556 1522 2569 1557 :
2601 1524 2618 1556 ι
2652 1504 2707 1559 Si
2747 1507 2885 1558 Deus
2908 1506 3195 1560 invisibilis
3232 1522 3327 1573 per
3353 1516 3514 1559 natu-

1940 1615 2053 1651 ram
2088 1610 2190 1664 est,
2221 1616 2392 1668 neque
2424 1598 2685 1653 Salvatori
2737 1598 2961 1652 visibilis
3009 1600 3131 1655 erit.
3173 1620 3191 1651 ι
3234 1600 3394 1662 llinc,
3439 1601 3522 1653 in-

1939 1705 2127 1759 quam,
2162 1705 2268 1744 non
2300 1691 2529 1744 obscure
2558 1689 3147 1759 colligitur,0rigenem
3170 1690 3288 1744 ideo
3322 1690 3525 1744 dixisse

1942 1782 2152 1837 Patrem
2186 1798 2214 1835 a
2242 1781 2380 1835 Filio
2424 1782 2591 1836 videri
2650 1797 2753 1835 non
2789 1795 2967 1849 posse,
3000 1796 3103 1833 non
3158 1784 3298 1849 quod
3331 1781 3522 1846 Filius,

263 1885 427 1939 etiam
452 1886 518 1939 de
541 1886 655 1953 ipso
683 1883 974 1953 Unigenito
1004 1885 1256 1949 sentiam,
1307 1886 1350 1939 si
1383 1900 1450 1938 ne
1482 1883 1583 1952 ipsi
1618 1883 1835 1952 quidem
1872 1870 1912 1924 Β
1946 1885 2201 1942 tanquam
2226 1872 2515 1942 fl‘agilioris
2539 1883 2811 1941 aspectus,
2838 1889 2940 1926 non
2984 1873 3159 1927 Valeat
3192 1873 3405 1927 Patrem
3440 1875 3524 1927 vi-

261 1977 531 2031 visibilem
563 1977 739 2031 dicam
770 1976 862 2030 Dei
901 1984 1169 2038 naturam,
1196 1976 1287 2045 qui
1338 1974 1659 2029 naturaliter
1695 1974 1832 2027 invi-

264 2069 438 2123 sibilis
477 2080 598 2137 est;
658 2084 762 2123 non
814 2068 907 2122 tibi
954 2070 1138 2122 statim
1192 2067 1273 2121 vel
1329 2068 1553 2137 impium
1595 2068 1840 2120 videatur

264 2176 385 2216 esse
445 2161 527 2215 vel
587 2160 920 2215 absurdum:
1001 2162 1265 2215 rationem
1339 2161 1538 2230 quippe
1591 2158 1838 2213 dabimus

265 2260 679 2320 consequenter.
716 2250 871 2305 Aliud
919 2252 1137 2323 quidem
1174 2261 1260 2306 est
1282 2252 1483 2313 videre,
1537 2251 1681 2305 aliud
1744 2265 1841 2304 no-

268 2361 440 2402 scere.
465 2344 644 2399 Videri
669 2352 722 2399 et
757 2345 941 2400 videre
967 2360 1288 2414 corporeum
1322 2352 1444 2398 est:
1486 2344 1637 2398 nosci
1667 2351 1719 2396 et
1746 2358 1844 2396 no-

270 2452 424 2491 scere
482 2436 859 2490 intellectualis
920 2446 1129 2491 natura:
1203 2445 1306 2491 est.
1372 2434 1645 2504 Quidquid
1704 2450 1836 2505 ergo

269 2529 547 2598 proprium
581 2543 870 2597 corporum
896 2536 999 2590 est,
1034 2527 1137 2581 hoc
1169 2542 1267 2582 nec
1299 2527 1365 2581 de
1398 2525 1583 2591 Patre,
1627 2542 1726 2580 nec
1776 2527 1843 2579 de

270 2620 409 2674 Filio
430 2621 769 2675 sentiendum
795 2628 896 2673 est.
924 2619 1075 2685 Quod
1096 2634 1223 2673 vero
1247 2621 1313 2673 ad
1341 2629 1587 2673 naturam
1612 2620 1843 2689 pertinet

271 2710 517 2775 Deitatis,
550 2712 651 2765 hoc
682 2710 821 2765 inter
852 2709 1064 2764 Patrem
1089 2725 1152 2763 ac
1182 2708 1377 2763 Filium
1410 2719 1644 2763 censtat.
1674 2708 1835 2762 Deni-

273 2816 377 2870 que
411 2802 524 2871 ipse
569 2803 621 2855 in
659 2801 949 2871 Evangelio
998 2816 1101 2854 non
1148 2800 1303 2866 dixit,
1329 2801 1454 2870 quia
1498 2815 1661 2854 nemo
1714 2802 1844 2854 vidit

272 2891 490 2947 Patrem
533 2892 635 2946 nisi
672 2889 861 2946 Filius.
893 2906 1065 2960 neque
1106 2890 1299 2944 Filium
1350 2892 1454 2946 nisi
1511 2892 1671 2946 Pater
1706 2912 1719 2946 :
1753 2894 1844 2947 sed

275 2985 351 3037 ait
391 3002 404 3038 :
443 2982 609 3036 Nemo
653 2984 792 3035 novit
838 2979 1037 3033 Filium
1062 2983 1162 3034 nisi
1212 2979 1391 3047 Pater,
1431 3000 1590 3053 neque
1634 2981 1846 3037 Patrem

274 3077 390 3145 quis
422 3078 556 3129 nouit
587 3075 684 3128 nisi
721 3073 892 3128 Filius
910 3076 978 3128 7°.
1006 3075 1082 3129 Ex
1110 3091 1216 3145 quo
1251 3076 1533 3130 manifeste
1561 3078 1845 3143 indicatur,

275 3167 417 3237 quod
447 3167 702 3236 quidquid
732 3166 875 3220 inter
902 3182 1193 3237 corporeus
1224 3177 1446 3222 naturas
1480 3169 1665 3223 videre
1694 3178 1747 3221 et
1772 3170 1848 3221 vi-

277 3257 390 3311 deri
435 3256 660 3322 dicitur,
694 3256 795 3310 hoc
849 3257 989 3310 inter
1027 3256 1242 3311 Patrem
1284 3267 1337 3311 et
1385 3257 1578 3311 Filimn
1627 3274 1851 3313 noscere

275 3350 475 3402 dicitur
506 3357 558 3400 et
594 3348 766 3412 nosci,
792 3364 895 3417 per
935 3349 1183 3402 virtutem
1216 3350 1475 3413 scientias,
1508 3366 1613 3404 non
1652 3368 1748 3419 per
1776 3352 1853 3404 vi-

275 3439 553 3496 sibilitatis
605 3438 972 3509 fragilitatem.
1011 3439 1147 3507 Quia
1198 3457 1326 3511 ergo
1355 3443 1420 3494 de
1465 3457 1724 3510 corporea
1756 3458 1851 3495 na-

278 3540 400 3586 tura
444 3540 497 3585 rt
540 3532 832 3595 invisibili,
870 3548 970 3586 nec
1026 3534 1209 3587 videre
1256 3534 1473 3603 preprie
1514 3535 1710 3588 dicitur
1757 3552 1855 3590 nec

277 3625 491 3679 videri:
522 3624 721 3677 idcirco
750 3638 923 3693 neque
956 3622 1116 3676 Pater
1150 3642 1178 3676 a
1222 3624 1377 3689 Filio,
1422 3640 1595 3694 neque
1629 3625 1795 3679 Filius
1825 3642 1854 3678 a

280 3712 444 3769 Patre
477 3714 644 3767 videri
672 3714 722 3767 in
754 3713 1056 3782 Evangelio
1078 3714 1297 3781 dicitur,
1330 3716 1423 3769 sed
1462 3716 1633 3769 nosci.
1674 3734 1692 3767 ι
1726 3717 1855 3782 Quis

282 3823 405 3862 cum
440 3804 645 3859 'Ruﬁno
676 3821 781 3858 non
817 3805 999 3858 statim
1024 3817 1301 3875 agnoscat,
1335 3807 1388 3860 in
1417 3807 1501 3861 bis
1532 3810 1708 3863 verbis
1738 3809 1857 3863 Ori-

283 3913 471 3968 genem
515 3896 580 3950 de
617 3896 1021 3964 comparatione
1059 3895 1234 3950 Patris
1254 3907 1308 3950 et
1335 3897 1455 3951 Filii
1490 3899 1620 3952 nihil
1655 3900 1853 3963 dicere,

285 3990 380 4043 sed
410 3990 477 4042 de
506 3988 621 4057 ipsa
659 3988 884 4042 Deitatis
917 3996 1105 4042 natura
1150 4003 1411 4057 quaerere,
1445 4008 1464 4040 ι
1505 3990 1548 4044 si
1596 3991 1643 4044 ei
1676 4002 1855 4060 aptum

286 4079 395 4134 ullo
424 4093 621 4148 genere
642 4078 967 4134 visibilitatis
991 4080 1311 4135 vocabulum
1350 4080 1623 4136 videretur
1648 4083 1671 4135 ?
1694 4104 1711 4134 ι
1741 4083 1855 4137 Non

286 4174 430 4228 enim
458 4181 636 4239 negat,
659 4173 766 4227 imo
789 4172 926 4225 satis
951 4183 1135 4242 aperte
1163 4174 1319 4228 docet
1336 4173 1622 4241 Origenes,
1644 4174 1858 4229 Patrem

288 4280 441 4336 aeque
471 4280 502 4319 a
528 4264 671 4320 Filio
712 4264 948 4335 percipi,
976 4280 1040 4319 ac
1085 4263 1280 4319 Filium
1311 4278 1341 4317 a
1372 4262 1554 4332 Patre,
1592 4266 1693 4320 hoc
1741 4277 1860 4333 est,

288 4358 737 4429 perfectissime:
785 4356 837 4412 id
865 4367 1073 4412 tantum
1112 4358 1246 4413 dicit
1296 4357 1525 4412 alterum
1573 4360 1643 4414 ab
1690 4359 1863 4414 altero

287 4448 494 4519 percipi
525 4467 544 4500 ι
581 4462 688 4503 non
731 4464 828 4518 per
863 4448 1190 4504 visibilitatis
1222 4447 1591 4519 fragilitatem,
1628 4453 1720 4506 sed
1769 4467 1864 4520 per

1946 1968 2091 2033 dere,
2128 1967 2219 2036 qui
2251 1965 2451 2034 alioqui
2503 1981 2599 2035 per
2650 1974 2895 2018 naturam
2943 1978 3095 2018 suam
3123 1979 3151 2017 a
3188 1973 3527 2033 competente

1948 2058 2199 2113 facultate
2222 2057 2391 2110 videri
2428 2058 2601 2126 possit
2625 2073 2640 2122 ;
2672 2057 2766 2109 sed
2787 2056 2927 2125 quod
2953 2057 3090 2111 Dens
3124 2072 3219 2126 per
3242 2074 3300 2111 se
3329 2066 3382 2110 et
3412 2058 3532 2129 ipsa

1947 2159 2140 2203 natura
2188 2164 2285 2203 sua
2317 2148 2603 2203 invisibilis
2635 2149 2725 2215 sit,
2764 2149 2867 2202 boc
2894 2158 2976 2201 est
3016 2149 3388 2217 incorporeus,
3428 2165 3526 2204 ne-

1948 2257 2053 2310 que
2081 2243 2181 2296 sub
2226 2251 2503 2309 aspectum
2546 2240 2705 2294 cadat
2742 2257 2758 2295 :
2795 2254 2967 2309 eoque
3012 2255 3172 2294 sensu
3203 2238 3418 2294 Patrem
3473 2253 3531 2295 et

1949 2334 2143 2390 Filium
2185 2334 2287 2389 sibi
2319 2334 2546 2387 invicem
2572 2333 2775 2403 pariter
2801 2333 3097 2388 invisibiles
3128 2334 3528 2402 pronuntiasse.

1957 2427 2027 2483 Ut
2061 2430 2201 2496 quod
2251 2443 2336 2481 res
2383 2436 2484 2490 est,
2518 2427 2687 2481 libere
2709 2426 2881 2480 dicam
2909 2444 2923 2492 ;
2957 2426 3314 2496 Hieronymus
3346 2428 3397 2480 in
3431 2428 3533 2481 bac

1963 2522 2211 2591 Origenis
2258 2521 2623 2586 accusatione,
2660 2520 2899 2573 animum
2930 2535 2959 2572 a
3007 2522 3241 2573 candore
3267 2519 3529 2585 alienum,

1957 2626 2117 2685 atque
2139 2612 2709 2681 affectibusabreptum
2732 2611 2802 2665 ita
2827 2610 3109 2665 manifeste
3128 2610 3381 2680 prodidit,
3399 2621 3455 2661 nt
3479 2610 3528 2662 in

1956 2708 2168 2762 ueteris
2192 2706 2666 2761 criminationibus
2692 2704 2849 2758 [idem
2880 2704 2982 2758 sibi
3004 2719 3218 2757 omnem
3244 2703 3533 2772 derogasse

1953 2801 2217 2854 videatur.
2279 2798 2429 2864 Quod
2456 2813 2509 2852 ει
2556 2796 2714 2851 facile
2746 2805 3019 2864 agnoscet,
3056 2797 3300 2866 quisquis
3338 2796 3438 2851 bac
3462 2798 3529 2849 de

1955 2909 2034 2959 re,
2069 2890 2361 2945 Invectivas
2385 2906 2508 2959 qua:
2535 2890 2806 2955 dicuntur,
2835 2889 3037 2955 Ruﬁni,
3070 2905 3190 2942 cum
3222 2889 3532 2960 Hieronymi

1954 2985 2213 3039 adversus
2238 2984 2489 3036 ltuliuum
2510 2981 2765 3051 Apologia
2789 2980 3041 3035 conferre
3072 2996 3175 3034 non
3200 2980 3532 3050 gravabitur.

2029 3076 2057 3147 ς
2102 3075 2263 3129 XVII.
2300 3075 2498 3129 Deinde
2529 3076 2582 3127 in
2611 3075 2798 3128 eadem
2846 3073 3074 3144 epistola
3108 3075 3174 3127 ad
3208 3074 3429 3128 Avitum
3481 3082 3537 3126 et

1958 3169 2084 3221 illud
2128 3167 2345 3237 Origeni
2396 3166 2586 3220 tribuit
2628 3164 2989 3236 Hieronymus
3037 3167 3259 3236 impium
3296 3182 3538 3236 pronun-

1958 3262 2143 3313 tiatum
2180 3277 2192 3314 :
2234 3278 2249 3309 ι
2294 3242 2490 3313 Filium
2516 3269 2891 3331 comparatum
2924 3258 3091 3323 Patri,
3119 3275 3223 3313 non
3256 3275 3374 3313 esse
3397 3260 3540 3313 veri-

1957 3362 2118 3405 tatem
2147 3368 2161 3416 ;
2191 3352 2284 3404 sed
2314 3346 2687 3419 comparatum
2720 3351 2787 3403 ad
2842 3365 2939 3404 nos
2985 3364 3106 3404 esse
3164 3351 3536 3419 imaginariam

1956 3445 2261 3496 veritatem.
2301 3461 2320 3494 ι
2358 3441 2463 3495 Alii
2501 3457 2565 3495 ex
2598 3442 2877 3496 veteribus
2910 3442 3235 3496 atrociorem
3274 3443 3533 3512 blasphe-

1956 3536 2118 3588 miam
2152 3534 2250 3603 ipsi
2288 3534 2608 3603 impingunt,
2627 3549 2820 3603 nempe
2842 3552 2859 3585 ι
2887 3532 3081 3587 Filium
3107 3533 3252 3587 Patri
3280 3535 3533 3588 collatum

1956 3642 2076 3681 esse
2108 3627 2471 3680 mendacium.
2522 3644 2540 3676 ι
2575 3624 2708 3691 Quis
2735 3640 2864 3678 vero
2899 3642 3065 3679 sanus
3097 3626 3395 3690 existimet,
3417 3624 3540 3681 Ori-

1957 3735 2147 3789 genem
2172 3720 2242 3772 ita
2268 3719 2526 3772 delirasse
2547 3716 2746 3772 ?Certe
2768 3717 2878 3786 jam
2914 3719 3164 3787 superius
3201 3719 3539 3772 ostendimus

1957 3812 2394 3881 Origenem,tum
2420 3813 2471 3863 in
2492 3811 2641 3865 libris
2660 3822 2842 3864 contra
2876 3810 3107 3875 Celsum,
3136 3820 3245 3865 ttun
3277 3810 3404 3864 alibi
3442 3814 3540 3863 do-

1957 3904 2135 3956 cuisse
2182 3900 2362 3955 verbis
2408 3902 2666 3962 disertis,
2712 3898 2911 3953 Filium
2967 3901 3057 3954 Dei
3107 3916 3232 3955 esse
3278 3900 3541 3971 αὐτοαλή-

1960 3995 2110 4048 Θειαν
2139 4012 2158 4045 t
2211 3994 2541 4062 ipsissimam
2582 3994 2887 4046 veritatem.
2924 4010 2942 4043 ι
2985 3992 3092 4047 Sed
3143 3993 3427 4062 responsio
3474 3995 3539 4046 ad

1962 4089 2104 4142 hanc
2135 4085 2495 4154 objectionem
2515 4084 2729 4139 elucere
2754 4085 2967 4138 videtur
2988 4100 3053 4137 ex
3075 4087 3188 4153 ipsa
3212 4085 3540 4153 objectione.

1962 4190 2119 4249 prout
2145 4178 2333 4233 Graece
2364 4175 2684 4247 proponitur
2727 4188 2998 4244 anonymo
3041 4174 3329 4230 defensore
3355 4174 3542 4245 Orige—

1963 4271 2050 4327 nis
2076 4272 2219 4341 apud
2243 4268 2507 4339 ,Pliotium
2543 4266 2663 4323 cod.
2692 4282 2855 4322 cxvn.
2886 4267 2935 4321 Is
2960 4266 3155 4321 ibidem
3198 4268 3341 4322 inter
3362 4269 3540 4338 capita

1963 4366 2016 4420 in
2059 4365 2293 4434 Origene
2334 4361 2656 4432 reprehendi
2708 4362 2889 4422 solita,
2923 4370 3253 4429 postremum
3290 4359 3417 4413 illud
3448 4376 3544 4429 po-

1966 4459 2045 4512 nit
2070 4476 2084 4511 :
2124 4458 2293 4527 Ὀτιὴ
2325 4455 2486 4509 εἰκὼν
2514 4454 2607 4508 τοῦ
2626 4454 2784 4513 Θεοῦ.
2811 4455 2886 4517 ὡς
2920 4454 3057 4524 πρὸς
3084 4455 3287 4506 ἐκεῖνον
3313 4446 3376 4507 οὗ
3395 4452 3543 4505 ἐστιν

286 4539 530 4594 scientiae
564 4537 838 4594 virtutem.
868 4558 887 4590 ι
914 4538 1053 4606 Quid
1088 4555 1214 4594 vero
1240 4541 1305 4594 ad
1331 4540 1445 4595 luec
1466 4540 1848 4613 llieronymus‘:

1965 4543 2326 4607 εἰκὼν,καθ’ὃ
2349 4543 2531 4605 εἰκὼν,
2549 4544 2649 4595 οὐκ
2680 4543 2825 4596 ἐστιν
2856 4543 3107 4614 ἀλήθεια,
3154 4544 3201 4597 id
3228 4553 3311 4596 est
3346 4559 3365 4593 ι
3400 4543 3541 4597 Ima-

287 4634 427 4689 Audi
460 4644 516 4690 et
557 4634 757 4705 judica.
803 4632 895 4687 Sic
925 4634 1086 4704 igitur
1134 4633 1224 4688 ille
1254 4633 1476 4704 Apolog.
1525 4634 1644 4689 adv.
1678 4634 1857 4703 Ruﬁn.

286 4726 384 4783 lib.
433 4744 493 4793 ιι,
545 4743 597 4798 p.
640 4726 766 4791 ιοι,
801 4741 951 4781 nova:
981 4728 1109 4781 edit.
1147 4744 1163 4780 :
1200 4746 1219 4778 ‹
1255 4728 1311 4782 in
1349 4729 1523 4797 primo
1557 4728 1693 4782 libro
1724 4727 1864 4796 Περὶ

288 4818 512 4890 ἀρχῶν,
587 4820 779 4889 inquit,
853 4821 943 4875 ubi
995 4820 1257 4891 Origenes
1336 4821 1515 4891 lingua
1600 4822 1862 4892 sae‘rilega

290 4915 705 4981 blaspliemavit,
736 4916 879 4985 quod
928 4914 1097 4969 Filius
1136 4915 1356 4970 Patrem
1409 4933 1514 4969 non
1561 4917 1775 4983 videat,
1810 4924 1866 4968 tu

292 5010 457 5063 etiam
482 5024 677 5066 causas
706 5009 907 5073 reddis,
947 5010 1098 5077 quasi
1124 5026 1189 5065 ex
1217 5025 1444 5080 persona
1474 5009 1590 5078 ejus
1613 5010 1705 5078 qui
1731 5009 1868 5063 seri-

295 5100 402 5171 psit
435 5118 449 5153 :
484 5108 539 5153 et
588 5100 796 5171 Didymi
851 5101 1225 5171 interpretaris
1260 5102 1485 5172 σχόλιον,
1518 5102 1571 5156 in
1622 5116 1730 5171 quo
1780 5102 1867 5157 ille

296 5205 456 5246 casso
490 5189 675 5245 labore
719 5202 946 5246 conatur
978 5192 1211 5247 alienum
1257 5210 1496 5248 errorem
1533 5194 1867 5262 defendere;

296 5283 437 5355 quod
464 5282 722 5352 Origenes
745 5284 960 5351 quidem
988 5285 1125 5340 bene
1155 5286 1372 5351 dixerit,
1400 5286 1493 5341 sed
1530 5301 1628 5340 nos
1658 5286 1868 5355 simpli-

297 5395 386 5429 ces
432 5375 677 5429 homines
712 5384 767 5429 ct
799 5375 1012 5430 cicures
1055 5377 1303 5441 Enniani,
1334 5394 1433 5432 nec
1474 5377 1613 5431 illius
1654 5378 1870 5445 sapien-

295 5472 449 5533 tiam,
502 5482 602 5521 nec
650 5477 817 5533 tuam,
869 5468 956 5535 qni
1002 5470 1386 5537 interpretatus
1433 5484 1527 5532 es,
1570 5468 1869 5538 intelligere

296 5575 603 5629 possumus.
643 5577 661 5609 ι
708 5558 887 5623 Quare
926 5570 1103 5613 autem
1164 5578 1267 5613 non
1320 5563 1655 5616 demonstrat
1696 5562 1863 5615 verba

295 5654 545 5721 Origenis
586 5650 797 5721 σκόλιον
831 5651 969 5704 istud
1015 5651 1221 5721 Didymi
1256 5654 1377 5723 (viri
1415 5668 1545 5708 sane
1586 5654 1636 5707 in
1673 5652 1865 5706 Eccle-

368 5838 412 5867 "
435 5839 641 5892 Coloss.
667 5854 706 5895 ι,
745 5836 829 5889 15.
910 5837 953 5869 ⁵9
983 5835 1139 5889 Joan.
1178 5852 1213 5895 l,
1248 5836 1334 5889 i3.

1416 5837 1651 5891 7"Matth
1709 5851 1779 5892 τι.
1828 5837 1916 5891 9.7.

1964 4640 2141 4709 ginem
2178 4638 2270 4693 Dei
2303 4649 2551 4706 respectu
2582 4636 2718 4705 ejus,
2748 4637 2901 4704 cujus
2930 4651 3012 4691 est
3042 4638 3247 4703 imago;
3275 4650 3543 4704 quatenus

1965 4737 2048 4782 est
2077 4728 2277 4797 imago,
2313 4743 2418 4781 non
2470 4742 2591 4780 esse
2622 4728 2927 4782 veritatem.
2965 4744 2983 4776 ι
3017 4725 3143 4791 Qua:
3171 4724 3468 4795 propositio
3495 4726 3540 4777 si

1967 4823 2323 4891 expendatur,
2359 4837 2489 4874 sana
2538 4820 2807 4875 videbitur
2840 4830 2895 4873 et
2940 4819 3233 4873 catholica.
3271 4816 3404 4871 Nam
3452 4816 3544 4872 Fi~

1969 4913 2134 4979 lium,
2180 4921 2451 4982 quatenus
2494 4922 2577 4966 est
2618 4913 2795 4980 imago
2834 4910 3046 4977 Patris,
3090 4926 3193 4964 non
3246 4924 3367 4963 esse
3402 4909 3541 4962 veri-

1974 5013 2159 5066 tatem,
2214 5004 2317 5058 boc
2351 5014 2458 5068 est,
2488 5018 2592 5057 non
2629 5002 2802 5072 ipsum
2843 5018 2966 5057 esse
2997 5002 3244 5064 Patrem,
3278 5000 3432 5069 cujus
3462 5009 3545 5053 est

1974 5097 2174 5167 imago,
2205 5096 2572 5150 certissimum
2605 5106 2706 5150 est.
2727 5095 2946 5150 Scilicet
2977 5096 3077 5149 boc
3102 5094 3168 5147 ab
3203 5091 3431 5161 Origene
3461 5093 3545 5143 di-

1973 5200 2118 5244 ctum
2148 5190 2359 5243 videtur
2412 5199 2601 5244 contra
2653 5188 2969 5255 Noetianos,
3005 5186 3096 5257 qui
3131 5186 3377 5241 eamdem
3422 5200 3544 5239 esse

1972 5280 2150 5337 Patris
2179 5291 2233 5335 et
2262 5280 2383 5335 Filii
2417 5297 2707 5352 personam
2755 5282 3093 5337 asserebant.
3132 5278 3401 5333 Cancrum
3458 5277 3543 5330 Fi-

1974 5374 2104 5428 lium
2132 5374 2224 5428 Dei
2251 5390 2372 5429 esse
2393 5373 2572 5429 Patris
2592 5374 2673 5427 sui
2708 5372 3108 5442 veram,.vivam
3128 5385 3190 5425 ac
3218 5369 3532 5441 perfectissi-

1977 5484 2119 5521 mam
2150 5468 2460 5533 imaginem,
2497 5468 2595 5537 ipsi
2624 5468 2765 5521 Patri
2798 5482 2891 5535 per
2923 5465 3125 5529 omnia,
3146 5464 3308 5518 etiam
3338 5463 3539 5531 magni-

1977 5562 2159 5616 tudine
2192 5563 2626 5631 respondentem,
2663 5563 2865 5617 diserte
2889 5559 3049 5613 docet
3073 5558 3334 5627 Origenes
3356 5557 3539 5623 lib.vi,

1975 5667 2157 5709 contra
2186 5656 2318 5710 Cels.
2342 5672 2500 5724 quem
2528 5656 2700 5711 locum
2738 5654 2872 5708 infra
2907 5654 3169 5722 integrum
3199 5651 3524 5704 adducemus
