4068 6312
653 348 789 405 1519

2065 353 2491 415 EXCERPTUM

3707 385 3810 441 13Ξο

720 471 748 540 §
777 467 957 522 XVIII.
1006 468 1242 535 Denique
1281 478 1334 522 et
1377 468 1513 522 banc
1552 468 1768 540 Origeni
1818 473 2206 544 blasphemiam
2257 489 2306 540 Α
2333 481 2499 535 solam
2537 482 2628 538 Dei
2663 494 2910 538 naturam
2943 499 3276 555 competere;
3309 501 3357 545 et
3389 493 3536 550 simul
3567 515 3654 554 non
3683 508 3814 563 minus

647 565 871 618 ascribit
909 563 962 615 in
1007 561 1232 628 epistola
1270 562 1335 614 ad
1371 561 1590 615 Avitum
1631 561 1788 619 Pater
1810 563 2182 621 Stridonensis
2214 586 2228 620 τ

651 675 672 707 ε
717 658 879 710 Deum
941 652 1156 708 Patrem
1215 669 1338 707 esse
1392 654 1568 708 lumen
1623 656 2229 729 incomprehensibile;

649 739 931 800 Christum
978 743 1268 798 collatione
1325 743 1505 800 Patris
1554 747 1896 814 splendorem
1951 766 2072 819 esse
2106 767 2231 822 pcr-

641 852 894 905 parvum.
935 855 953 887 »
980 837 1143 905 Atqui
1175 836 1390 891 Patrem
1429 848 1483 892 et
1504 839 1704 894 Filium
1742 843 1950 909 pariter
1997 859 2120 899 esse
2148 845 2233 899 in-

642 930 1162 999 comprehensibiles
1197 931 1252 983 in
1291 931 1445 985 libris
1477 943 1674 986 contra
1712 934 1923 988 Celsum
1979 953 2085 991 non
2127 954 2232 990 uno

642 1021 696 1073 in
746 1019 865 1075 loco
906 1021 1106 1075 diserte
1145 1020 1398 1076 docuisse
1440 1022 1731 1091 Origenem
1765 1041 1929 1096 supra
1973 1028 2227 1082 vidimus.

638 1109 874 1165 Videtur
897 1120 1076 1165 autem
1104 1113 1219 1166 haec
1242 1114 1550 1169 criminatio
1571 1131 1634 1170 ex
1668 1117 1734 1172 iis
1764 1117 1897 1172 locis
1928 1120 2117 1187 petita,
2142 1122 2227 1174 ubi

641 1204 775 1258 dicit
801 1202 1083 1272 Origenes,
1118 1224 1137 1254 ι
1177 1204 1231 1258 ln
1261 1204 1424 1261 Patre
1453 1208 1624 1262 nullas
1651 1224 1771 1265 esse
1806 1212 2099 1280 tenebras;
2143 1213 2231 1266 Fi-

641 1295 771 1348 litnn
800 1311 932 1350 vero
970 1297 1022 1350 iu
1060 1299 1298 1353 tenebris
1326 1300 1528 1355 lucere.
1562 1321 1580 1353 ι
1614 1302 1718 1357 Sed
1745 1315 1981 1360 mentem
2025 1321 2086 1360 ac
2110 1322 2232 1360 sen-

641 1387 864 1442 tentiam
895 1403 1047 1443 suam
1086 1390 1152 1445 iis
1179 1393 1231 1445 in
1264 1391 1400 1446 locis
1439 1393 1590 1448 ~clare
1635 1394 1928 1464 explicavit
1959 1398 2076 1467 ipse
2105 1398 2230 1454 Ori-

637 1494 805 1547 genes
831 1491 962 1535 tom.
993 1497 1032 1537 ιι
1063 1482 1117 1536 in
1137 1481 1327 1549 10am,
1350 1501 1498 1538 num.
1525 1486 1614 1549 21,
1636 1503 1758 1559 pag.
1788 1488 1880 1553 79,
1909 1490 1993 1544 his
2018 1493 2226 1548 verbis:

631 1571 842 1643 Μηδεὶς
861 1573 917 1625 δὲ
945 1575 1090 1645 ἡμᾶς
1119 1575 1546 1647 ὑπολαμϐανέτω
1571 1578 1742 1631 ταῦτα
1775 1579 1951 1648 λέγειν
1976 1581 2231 1637 ἀσεϐοῦν-

626 1679 734 1726 τας
760 1665 838 1727 εἰς
861 1665 953 1717 τὸν
986 1667 1218 1735 Χριστὸν
1246 1666 1338 1720 τοῦ
1382 1668 1539 1722 Θεοῦ’
1574 1663 1617 1738 ᾦ
1657 1671 1767 1742 γὰρ
1810 1671 1952 1744 λόγῳ
1985 1676 2013 1728 ὁ
2036 1676 2229 1748 Πατὴρ

639 1757 798 1827 μόνος
831 1759 942 1830 ἕχει
979 1761 1296 1827 ἀθανασίαν,
1333 1763 1427 1816 τοῦ
1471 1765 1678 1837 Κυρίου
1716 1768 1873 1838 ἡμῶν
1909 1768 1998 1822 διὰ
2046 1771 2228 1838 φιλαν-

635 1851 882 1923 Ορωπίαν
910 1851 1136 1907 Θάνατον
1159 1853 1249 1908 τὸν
1288 1855 1428 1928 ὑπὲρ
1450 1832 1606 1928 ἡμῶν
1639 1832 1992 1928 ἀνειληφότος
2012 1877 2025 1890 ’
2049 1832 2224 1933 causa)
2257 1832 2299 1887 Β

631 1945 662 1996 ὁ
692 1944 878 2015 Πατὴρ
933 1944 1044 2015 ἔχει
1094 1945 1252 2016 μόνος
1283 1946 1344 1999 τό
1365 1963 1380 1976 ·
1410 1949 1607 2002 Σκοτία
1651 1951 1708 2002 ὲν
1737 1951 1885 2021 αὑτῷ
1924 1953 2024 2006 οὐκ
2079 1953 2223 2008 ἐστιν

623 2035 880 2106 οὐδεμία·
902 2037 996 2090 τοῦ
1013 2038 1254 2110 Χριστοῦ
1276 2039 1363 2093 διὰ
1381 2039 1480 2112 τὴν
1501 2039 1637 2113 πρὸς
1665 2041 1986 2115 ἀνθρώπους
2007 2047 2226 2118 εὐεργε·

633 2129 758 2183 σίαν
790 2130 878 2199 ἐφ’
906 2130 1070 2183 αὐτὸν
1091 2131 1196 2194 τὰς’
1219 2131 1375 2203 ἡμῶν
1411 2134 1632 2196 σκοτίας
1663 2135 2091 2207 ἁναδεδεγμένου
2119 2157 2132 2170 ·
2165 2141 2216 2194 id

629 2231 757 2277 est:
795 2240 816 2275 ι
864 2221 975 2278 Nec
1000 2239 1131 2278 vero
1172 2223 1484 2295 suspicetur
1512 2241 1614 2280 nos
1651 2227 1935 2297 quisquam
1975 2232 2090 2287 haec
2135 2234 2220 2287 di-

630 2328 759 2369 cere
805 2316 990 2370 minus
1033 2316 1120 2386 pie
1149 2317 1427 2373 Christum
1483 2320 1574 2374 Dei
1625 2321 1888 2377 colentes.
1928 2323 2061 2378 Nam
2115 2341 2216 2396 qua

629 2409 841 2463 ratione
877 2409 1026 2464 solus
1060 2408 1222 2464 Pater
1251 2410 1416 2467 habet
1448 2413 2080 2486 immortalitatem,quia
2117 2421 2216 2474 Do-

627 2502 808 2556 minus
832 2511 1015 2557 uoster
1046 2514 1295 2558 nostrum
1341 2505 1562 2560 nomine
1610 2519 1839 2562 mortem
1869 2509 1938 2562 ob
1968 2526 2213 2565 amorem

618 2608 755 2664 erga
797 2609 966 2664 genus
1007 2595 1304 2650 humanum
1357 2597 1685 2666 pertulerit,
1724 2600 1826 2654 hac
1860 2599 2021 2654 Pater
2068 2604 2216 2658 solus

627 2685 813 2752 habet,
834 2695 893 2740 ut
919 2687 970 2740 in
1001 2688 1118 2758 ipso
1157 2689 1320 2744 nulla:
1350 2692 1461 2744 sint
1486 2691 1752 2758 tenebras;
1781 2708 1908 2746 cum
1943 2693 2213 2760 Christus,

626 2787 686 2831 ut
730 2778 982 2833 homines
1027 2778 1294 2835 beneﬁcio
1333 2781 1594 2850 alliceret,
1631 2785 1884 2840 tenebras
1917 2796 2133 2843 nostras
2160 2788 2212 2844 in

623 2870 862 2938 seipsum
887 2873 1174 2942 receperit.
1207 2892 1225 2926 ι

699 2961 728 3032 §
766 2961 908 3017 XIX.
936 2963 1010 3018 Ita
1060 2966 1276 3020 tandem
1321 2966 1623 3022 doctrinam
1676 2969 1935 3025 librorum
1967 2971 2215 3043 Origenis

619 3067 808 3110 contra
858 3056 1064 3112 Celsum
1091 3098 1106 3123 ,
1143 3059 1198 3114 in
1225 3062 1462 3116 articulo
1505 3064 1571 3118 de
1614 3061 1751 3117 Filio
1793 3065 1908 3132 Dei,
1955 3067 2213 3121 orthodo-

622 3164 749 3203 xam
791 3159 845 3205 et
897 3152 1217 3208 catholicam
1267 3154 1412 3210 clare
1458 3156 1798 3211 ostendimus
1838 3173 1850 3207 :
1921 3158 2210 3228 impiisque

624 3242 759 3297 adeo
801 3244 980 3311 dictis,
1020 3260 1139 3315 qua:
1173 3245 1531 3317 Hieronymus
1555 3257 1607 3302 et
1640 3246 1728 3302 alii
1759 3248 1974 3319 egregio
2003 3250 2207 3304 doctori

621 3331 1006 3395 attribuerunt,
1039 3334 1374 3389 assertiones
1397 3335 1556 3404 plane
1584 3338 1907 3401 contrarias,
1925 3355 1991 3392 ex
2019 3341 2208 3394 eodem

616 3434 785 3488 opere
829 3421 1130 3478 indubitato
1171 3425 1499 3494 productas,
1528 3430 1894 3498 opposuimus.
1925 3429 2025 3495 Qui
2079 3445 2209 3485 vero

621 3517 931 3572 testimonia
967 3519 1056 3574 illa
1101 3521 1400 3587 catholica,
1439 3537 1559 3592 qua:
1614 3525 1665 3578 in
1702 3524 1912 3578 cmteris
1960 3522 2208 3591 Origeuis

619 3610 839 3679 scriptis
868 3612 1233 3681 reperiuntur,
1279 3617 1425 3684 cupit
1452 3631 1801 3684 cognoscere,
1839 3619 2088 3671 consulat
2120 3618 2206 3670 ille

617 3698 887 3770 Pamphili
941 3705 1198 3775 martyris
1236 3705 1548 3775 Apologiam
1595 3723 1690 3775 pro
1737 3705 1965 3778 Origene
1994 3725 2112 3777 cap.
2148 3709 2201 3770 5.

624 3809 756 3864 pag,
791 3796 885 3859 2'7,
918 3811 1079 3865 quam
1114 3811 1241 3850 vere
1261 3795 1532 3866 Pamphili
1563 3813 1683 3852 esse
1725 3809 1913 3852 contra
1940 3798 2206 3870 Hierony-

628 3901 778 3940 mum
818 3904 945 3943 mox
974 3889 1178 3957 liquido
1206 3890 1574 3959 probabimus.
1612 3890 1780 3946 Nobis
1818 3891 1930 3945 loca
1959 3892 2201 3959 quaedam

615 3979 906 4034 selectiora
941 3996 1009 4034 ex
1045 3981 1132 4034 illa
1157 3981 1412 4050 Apologia
1445 3983 1530 4036 hic
1561 3982 1822 4035 recitasse
1850 3981 2098 4035 subiciat.
2128 3982 2199 4036 Ex

616 4071 795 4140 primo
845 4071 980 4126 libro
1030 4073 1170 4142 Περὶ
1220 4073 1464 4142 ἀρχῶν,
1502 4089 1650 4127 num.
1694 4075 1762 4136 '5,
1796 4076 1909 4129 haec
1954 4073 2202 4145 Origenis

615 4161 784 4215 verba
835 4161 969 4216 citat
1009 4162 1368 4232 Pamphilus:
1405 4181 1425 4214 ι
1466 4162 1618 4217 Nulla
1655 4179 1786 4232 ergo
1832 4176 2026 4218 natura
2077 4174 2198 4230 est,

615 4265 737 4321 quae
774 4267 879 4306 non
927 4253 1161 4322 recipiat
1204 4253 1426 4320 malum,
1455 4267 1683 4326 excepta
1716 4255 1806 4311 Dei
1842 4267 2055 4320 natura,
2081 4271 2201 4326 qua:

615 4343 740 4399 fons
767 4344 1029 4400 bonorum
1055 4348 1296 4401 omnium
1318 4359 1423 4413 est,
1446 4359 1503 4403 et
1535 4348 1735 4404 Christi
1771 4350 2034 4419 sapientia
2054 4351 2198 4406 enim

614 4443 723 4497 est,
753 4444 807 4490 et
835 4438 1102 4507 sapientia
1132 4439 1319 4508 utique
1341 4439 1628 4495 stultitiam
1667 4443 1911 4510 recipere
1955 4456 2061 4496 non
2102 4457 2196 4512 po-

2335 587 2589 642 expresse
2638 575 2786 640 dicit,
2818 593 2989 644 neque
3027 579 3243 644 Filium,
3286 598 3452 652 neque
3482 586 3702 654 Spiritum
3726 610 3814 649 sau-

2336 676 2478 718 ctum
2508 681 2665 734 posse
2698 669 2898 722 tnalunt
2942 672 3184 741 recipere
3215 693 3228 728 :
3259 678 3474 733 omnino
3499 681 3644 751 igitur
3687 695 3814 746 sensit

2335 755 2593 824 Origenes
2632 769 2684 811 et
2728 759 2919 814 Filium
2968 773 3021 815 et
3047 764 3304 832 Spiritum
3340 781 3566 823 sanetum
3603 774 3650 828 in
3675 791 3816 835 natura

2335 849 2512 902 divina
2567 850 2884 907 subsistere.
2919 852 3070 920 Quod
3101 873 3194 911 eos
3218 869 3404 913 notare
3438 861 3611 928 velim,
3635 869 3707 935 qui
3728 873 3818 924 (ιτε-

2333 956 2524 1009 genem
2553 943 2875 999 existimant
2929 948 3121 1002 saltem
3178 949 3436 1017 Spiritum
3478 966 3688 1012 sanetum
3717 963 3818 1017 inter

2334 1043 2611 1088 creaturas
2641 1053 2973 1094 numerasse.
3000 1041 3108 1095 Sed
3137 1051 3189 1094 et
3214 1058 3333 1096 mox
3363 1045 3549 1100 ibidem
3582 1052 3714 1106 totius
3731 1069 3817 1108 san-

2331 1125 2588 1180 Ctissimze
2608 1127 2835 1191 Τριάδος
2858 1131 3416 1188 ineunvcrtibilttatem
3445 1146 3593 1205 atque
3614 1146 3816 1198 aaternita-
3843 1127 3851 1133 ’

2334 1223 2441 1269 tem
2460 1217 2607 1271 clare
2641 1223 2884 1286 agnoscit
2908 1221 2991 1275 his
3024 1225 3201 1279 verbis
3225 1224 3336 1297 (59)
3367 1244 3421 1280 :t
3445 1228 3496 1281 Si
3514 1231 3738 1288 revelante
3759 1235 3817 1289 Fi-

2332 1305 2404 1360 lio
2432 1311 2708 1378 cognoscit
2735 1309 2949 1364 Patrem
2973 1312 3209 1382 Spiritus
3239 1324 3479 1381 sanctus,
3498 1333 3613 1387 ergo
3636 1336 3689 1375 ex
3711 1325 3820 1392 igno~

2333 1401 2514 1454 rantia
2547 1403 2612 1455 ad
2653 1403 2934 1456 scientiam
2968 1405 3116 1458 venit
3149 1408 3330 1474 :quod
3365 1408 3543 1477 utique
3577 1422 3623 1466 et
3653 1416 3819 1484 impium

2331 1493 2537 1561 pariter
2571 1503 2626 1546 et
2671 1495 2893 1548 stultum
2925 1509 3032 1560 est,
3069 1496 3328 1566 Spiritum
3364 1514 3593 1556 sanctum
3616 1509 3818 1568 conﬁteri,

2332 1595 2385 1638 et
2441 1585 2799 1654 ignorantiam
2834 1589 2882 1640 ei
2924 1589 3219 1643 ascribere.
3253 1589 3371 1643 Non
3413 1594 3551 1646 enim
3585 1611 3680 1648 cum
3711 1598 3821 1652 aliud

2332 1671 2533 1740 aliquid
2564 1684 2710 1728 esset
2745 1686 3039 1746 antequam
3071 1678 3308 1746 Spiritus
3334 1693 3563 1747 sanctus,
3589 1700 3665 1753 per
3687 1689 3820 1755 prole-

2332 1773 2479 1818 ctntn
2530 1768 2678 1820 venit
2720 1767 2772 1822 in
2833 1769 2957 1834 hoc,
2992 1780 3046 1823 ut
3094 1783 3239 1826 esset
3289 1771 3522 1840 Spiritus
3552 1789 3823 1845 sanctus;ut

2331 1860 2453 1925 quis
2475 1859 2672 1913 audeat
2698 1861 2882 1916 dicere
2921 1864 3047 1932 quia
3096 1876 3225 1920 tunc
3255 1866 3474 1934 quidem
3497 1885 3608 1922 eum
3643 1875 3819 1926 nonduin

2330 1961 2470 2004 esset
2526 1949 2760 2020 Spiritus
2815 1965 3054 2018 sanctus,
3081 1956 3370 2026 ignorabat
3422 1959 3821 2032 Patrennpostea

2329 2058 2458 2097 vero
2481 2059 2638 2112 quam
2677 2046 2878 2114 recepit
2903 2049 3396 2114 scientiam,etiam
3430 2051 3643 2122 Spiritus
3659 2068 3824 2109 sanctus

2329 2131 2550 2186 effectus
2577 2144 2680 2186 est.
2719 2133 2871 2200 Quod
2899 2135 2945 2190 si
2988 2145 3154 2201 esset,
3184 2153 3461 2208 nunquam
3491 2141 3655 2209 utique
3677 2141 3718 2194 in
3742 2143 3825 2194 uui-

2331 2232 2440 2276 tate
2474 2221 2779 2288 Trinitatis,
2815 2226 2864 2277 id
2898 2237 2981 2280 est
3027 2225 3120 2280 Dei
3159 2227 3342 2283 Patris
3380 2229 3772 2297 inconvertibilis,
3790 2245 3826 2286 et

2327 2313 2446 2366 Filii
2469 2315 2584 2380 ejus
2612 2315 2772 2368 etiam
2801 2316 2914 2385 ipse
2941 2316 3174 2384 Spiritus
3203 2329 3432 2374 sanctus
3463 2321 3736 2386 haberetur,
3753 2323 3824 2375 nisi

2325 2407 2448 2476 quia
2482 2418 2535 2460 et
2568 2407 2681 2474 ipse
2713 2425 2927 2479 semper
2951 2420 3069 2462 erat
3111 2409 3355 2480 Spiritus
3382 2423 3610 2466 sanctus.
3636 2432 3652 2464 ι
3680 2412 3737 2466 De
3761 2412 3824 2466 Fi-

2324 2498 2394 2552 lio
2421 2514 2546 2554 vero
2574 2500 2663 2554 Dei
2694 2501 2773 2556 sic
2799 2502 2986 2556 scribit
3013 2502 3278 2570 Origenes
3316 2504 3369 2556 in
3406 2504 3570 2572 primo
3601 2502 3716 2558 libro
3736 2501 3824 2572 Epi-

2322 2593 2473 2646 stolw
2519 2597 2586 2646 ad
2639 2593 2927 2662 Romanos,
2976 2612 3128 2653 num.
3181 2597 3234 2662 5,
3290 2613 3346 2667 p.
3377 2597 3503 2661 466,
3541 2598 3824 2661 not.,citantc

2323 2681 2602 2751 Pamphilo
2661 2685 2882 2755 Apolog.
2933 2703 3053 2755 cap.
3089 2687 3141 2754 5,
3185 2704 3313 2760 pag.
3352 2690 3460 2745 ὅδε
3494 2707 3512 2742 ι
3544 2689 3727 2756 Qumrat
3752 2688 3825 2744 lor-

2323 2783 2464 2830 tasse
2499 2775 2713 2846 aliquis,
2741 2779 2784 2833 si
2817 2778 2984 2834 Filius
3017 2781 3259 2835 cltarita‘s
3309 2790 3436 2844 esu
3469 2784 3708 2852 praecipue
3737 2797 3822 2852 pro-

2225 2933 2230 2938 ,
2320 2878 2441 2937 pter
2470 2869 2572 2923 hoc
2595 2873 2735 2938 quod
2763 2869 2998 2926 Joannes
3021 2874 3084 2926 ad
3113 2872 3280 2936 Deum
3309 2875 3521 2930 Patrem
3551 2875 3704 2930 retulit
3729 2875 3824 2928 hanc

2321 2971 2505 3012 vocem
2536 2959 2743 3024 dicens,
2775 2961 2911 3027 Quia
2946 2961 3086 3016 Deus
3115 2965 3351 3018 charitas
3377 2965 3641 3020 est“.Sed
3670 2981 3821 3017 rursum

2319 3065 2383 3104 ex
2429 3051 2540 3119 ipsa
2559 3053 2677 3122 ejus
2725 3053 2966 3124 Epistula
3003 3059 3347 3124 proferemus
3380 3069 3434 3111 et
3472 3056 3595 3111 illud
3620 3057 3733 3125 quod
3757 3057 3820 3116 ait,

2318 3141 2648 3212 Cha-rissimi,
2684 3147 2969 3216 diligamus
3012 3149 3253 3214 invicem,
3281 3151 3532 3218 quoniam
3562 3151 3754 3202 charitas
3780 3164 3822 3200 ex

2315 3235 2424 3291 Deo
2447 3238 2518 3291 "'.
2553 3238 2652 3304 Qui
2681 3255 2810 3310 ergo
2839 3241 2997 3305 dixit,
3030 3241 3159 3310 quia
3194 3240 3333 3295 Deus
3379 3244 3601 3295 charitas
3634 3250 3724 3303 est,
3745 3243 3821 3309 ipse

2312 3329 2508 3386 iterum
2538 3332 2690 3386 docet
2724 3333 3046 3387 charitatem
3081 3348 3201 3388 esse
3241 3348 3310 3389 ex
3337 3334 3450 3389 Deo
3482 3351 3496 3388 :
3532 3351 3675 3404 quam
3697 3332 3822 3387 chari-

2314 3431 2478 3475 tatem
2505 3423 2667 3477 credo
2693 3439 2796 3478 non
2834 3439 2955 3479 esse
2977 3425 3139 3479 alium
3172 3427 3274 3480 nisi
3324 3427 3644 3498 unigenitum
3682 3425 3822 3480 Filium

2311 3513 2427 3582 ejus
2465 3513 2605 3566 sicut
2634 3515 2796 3568 Deum
2828 3529 2896 3569 ex
2935 3515 3061 3578 Deo,
3093 3515 3166 3570 ita
3191 3517 3514 3571 charitatem
3538 3532 3597 3570 ex
3620 3514 3823 3570 chariule

2314 3606 2674 3676 progenitam.
2734 3625 2753 3658 ι
2801 3604 3002 3663 Deinde
3053 3621 3120 3660 ex
3163 3607 3255 3660 lib.
3303 3623 3338 3660 ν
3379 3609 3436 3661 in
3485 3606 3670 3676 Evang.
3704 3603 3826 3659 Ioan-

2311 3698 2389 3748 m‘s
2415 3711 2433 3747 :
2476 3715 2494 3748 ι
2544 3696 2864 3767 Unigenitns
2897 3698 3064 3752 Filius
3087 3698 3337 3754 Salvator
3371 3709 3584 3764 noster,
3611 3699 3688 3768 qui
3722 3695 3826 3749 solus

2307 3803 2374 3842 ex
2412 3788 2568 3844 Patre
2615 3801 2771 3844 natus
2806 3801 2911 3858 est,
2967 3792 3112 3846 solus
3147 3802 3334 3845 natura
3383 3803 3440 3849 et
3482 3807 3578 3845 non
3607 3789 3827 3858 adoptione

2306 3881 2472 3936 Filius
2502 3891 2604 3938 est.
2630 3901 2648 3934 ι
2670 3882 2787 3938 Mox
2819 3898 2885 3938 ex
2915 3883 3329 3939 Commentariis
3353 3886 3408 3937 in
3441 3882 3646 3952 Epistol.
3667 3886 3722 3934 ad
3745 3877 3824 3932 Πε-

2305 3977 2471 4031 brwos
2507 3978 2620 4032 haec
2645 3976 2896 4048 Origenis
2932 3978 3094 4030 verba
3131 3977 3259 4030 citat
3301 3970 3824 4045 PamphilusztOpor-

2307 4079 2382 4126 tet
2411 4081 2590 4126 autem
2620 4072 2762 4126 scire
2788 4086 2908 4136 nos,
2941 4070 3065 4140 quia
3099 4085 3194 4138 per
3229 4069 3524 4124 ineﬂ’abilia
3553 4066 3762 4146 quaedam
3788 4074 3825 4116 et

2304 4168 2510 4216 secreta
2543 4171 2598 4215 et
2654 4162 2929 4216 recondita
2981 4159 3265 4228 quemdam
3293 4160 3514 4214 modum
3553 4157 3645 4212 sibi
3670 4153 3822 4208 faciens

2305 4251 2586 4323 Scriptura
2616 4264 2826 4316 sancta,
2866 4261 3094 4308 conatur
3123 4251 3433 4307 hominibus
3463 4251 3684 4305 indicare
3704 4245 3821 4300 etin-

2306 4345 2578 4415 tellectum
2607 4359 2898 4414 suggerere
2930 4344 3201 4398 subtilem.
3249 4343 3480 4414 Vaporis
3506 4342 3638 4397 enim
3671 4349 3818 4393 nomen

2303 4438 2585 4504 inducens,
2614 4437 2717 4492 hoc
2743 4436 2863 4490 ideo
2887 4437 2951 4490 de
2985 4437 3144 4490 rebus
3174 4435 3545 4506 corporalibus
3565 4427 3817 4498 assumpsit.

616 4533 745 4582 test.
779 4527 844 4582 Et
880 4528 1084 4618 iustitia
1120 4540 1244 4598 est;
1275 4531 1491 4600 justitia
1534 4545 1715 4589 autem
1764 4549 2038 4604 nunquam
2070 4550 2198 4604 pro-
2228 4535 2274 4594 D
2300 4539 2361 4584 ut
2389 4530 2471 4586 vel
2499 4545 2566 4584 ex
2593 4541 2747 4598 parte
2776 4530 2955 4600 aliqua
2977 4527 3245 4598 possimus
3277 4516 3817 4618 intelligere,‘quot_nod°

614 4618 757 4675 {celo
811 4621 1129 4690 injustitiam
1188 4625 1393 4695 capiet.
1434 4627 1499 4679 Et
1530 4627 1756 4681 verbum
1791 4638 1874 4681 est
1914 4627 1997 4681 vel
2037 4626 2194 4688 ratio,

610 4724 736 4784 quas
767 4713 951 4781 utique
982 4713 1370 4772 irrationabilis
1395 4717 1534 4772 elﬁci
1565 4734 1672 4772 non
1696 4718 1862 4773 valet.
1886 4717 1990 4773 Sed
2019 4726 2074 4771 et
2105 4718 2195 4770 lux

610 4817 717 4872 est,
751 4817 807 4862 et
845 4811 1018 4864 lucem
1058 4820 1266 4866 certum
1307 4821 1393 4868 est
1443 4812 1585 4881 quod
1627 4811 1864 4866 tenebrm
1907 4825 2010 4863 non
2044 4823 2196 4863 com-

610 4897 970 4966 prehendunt.
1031 4896 1294 4956 Similiter
1349 4913 1529 4956 autem
1585 4913 1638 4957 et
1700 4912 1894 4955 natura
1953 4899 2192 4970 Spiritus

610 4989 809 5053 sancti,
851 5005 971 5060 quae
1020 5002 1208 5046 sancta
1251 5003 1370 5059 est,
1421 5011 1526 5048 non
1572 4988 1763 5065 recipit
1809 4993 2186 5063 pollutionem.

613 5079 941 5136 Naturaliter
972 5084 1116 5138 enim
1152 5081 1235 5136 vel
1285 5084 1718 5139 substantialiter
1753 5095 1944 5138 sancta
1991 5092 2092 5136 est.
2133 5081 2191 5136 Si

603 5188 715 5243 qua
781 5185 960 5229 autem
1016 5176 1121 5230 alia
1165 5184 1356 5230 natura
1423 5188 1611 5232 sancta
1676 5187 1792 5240 est,
1850 5193 1915 5233 ex
1981 5190 2191 5227 assum-

611 5263 796 5334 ptione
846 5267 990 5330 hoc,
1051 5268 1134 5322 vel
1190 5269 1540 5339 inspiratione
1584 5269 1815 5338 Spiritus
1864 5269 2035 5324 sancti
2092 5270 2191 5322 ha-

608 5357 703 5411 bet
751 5366 809 5411 ut
851 5357 1245 5426 sanctiﬁcetur,
1283 5375 1388 5414 non
1429 5374 1499 5415 ex
1555 5375 1650 5413 sua
1688 5370 1878 5414 natura
1913 5361 2014 5414 hoc
2065 5375 2187 5427 pos-

610 5451 816 5514 sidens,
866 5451 959 5505 sed
987 5454 1238 5507 accidens
1276 5470 1289 5506 :
1323 5463 1541 5523 propter
1565 5453 1705 5523 quod
1736 5463 1788 5507 et
1823 5453 2070 5507 decidere
2095 5467 2187 5519 pn-

609 5551 715 5596 test
743 5544 886 5613 quod
903 5544 1118 5597 accidit.
1163 5563 1181 5595 »
1221 5543 1320 5599 llic
1352 5545 1615 5613 Origenes
1646 5546 1844 5598 diserte
1869 5547 2024 5599 docet
2049 5544 2185 5594 ἀνα-

607 5633 882 5705 μάρτησιν
933 5636 1047 5689 sive
1092 5634 1154 5688 τὸ
1208 5637 1408 5695 malum
1468 5651 1574 5690 non
1623 5652 1784 5705 posse
1825 5637 2101 5704 recipere,
2134 5635 2185 5687 in

678 5725 723 5754 '”
756 5727 774 5777 1
807 5725 962 5780 Joan.
1001 5743 1091 5793 tv,
1137 5729 1202 5793 8,
1238 5730 1326 5783 16.
1401 5732 1446 5762 ⁷³
1475 5733 1601 5786 ibid.
1635 5733 1728 5785 47.

680 5817 789 5886 (59)
825 5820 899 5874 Ex
927 5820 1096 5876 libr0t
1126 5812 1262 5890 Περὶ
1286 5825 1504 5893 ἀρχῶν,
1532 5842 1647 5896 cap.
1676 5829 1726 5887 5,
1755 5843 1900 5880 num.
1927 5828 1978 5882 4.

2301 4621 2548 4676 Christus
2581 4621 2671 4689 qui
2699 4634 2785 4676 est
2822 4620 3105 4690 sapientia,
3135 4620 3436 4674 secundum
3477 4612 3812 4671 similitudinem

2300 4713 2416 4782 ejus
2445 4713 2723 4781 ,vaporis,
2760 4713 2848 4781 qui
2903 4713 2968 4766 de
3025 4712 3325 4766 substantia
3385 4709 3560 4777 aliqua
3603 4693 3812 4772 corporali

2298 4802 2560 4870 procedit,
2593 4802 2674 4857 sic
2697 4804 2860 4856 etiam
2889 4801 3001 4870 ipse
3029 4811 3087 4854 ut
3111 4801 3334 4868 quidam
3363 4814 3526 4868 vapor
3544 4791 3812 4851 exoritnrde

2295 4895 2493 4948 virtute
2526 4894 2694 4963 ipsius
2731 4894 2820 4948 Dei
2848 4913 2859 4947 :
2891 4896 2970 4948 sic
2992 4904 3045 4948 et
3071 4894 3353 4964 sapientia,
3377 4907 3443 4945 ex
3473 4906 3534 4945 eo
3556 4885 3808 4960 procedens

2293 5001 2360 5041 ex
2390 4987 2503 5055 ipsa
2534 4987 2623 5040 Dei
2661 4986 2958 5042 substantia
2986 4998 3293 5057 generatur.
3321 4988 3408 5056 Sic
3438 4985 3747 5042 nihilominus
3773 4987 3808 5028 et

2295 5082 2589 5135 secundum
2621 5081 3033 5137 similitudinem
3067 5083 3362 5152 corporalis
3403 5081 3701 5150 aporrhtete,
3726 5082 3804 5126 esse

2296 5170 2492 5224 dicitur
2520 5171 2803 5240 aporrhtna
2838 5171 3022 5240 gloria:
3043 5171 3436 5241 Omnipotentis
3461 5185 3585 5240 pura
3620 5161 3802 5234 quaedam

2295 5271 2350 5314 et.
2380 5263 2615 5316 sincera.
2650 5262 2779 5329 Quae
2818 5273 3058 5331 utrasque
3087 5264 3462 5319 similitudines
3493 5249 3803 5314 manifestissi-

2298 5367 2384 5405 me
2415 5352 2708 5406 ostenduut
2749 5355 3180 5408 communionem
3222 5352 3536 5408 substantia:
3581 5360 3680 5402 esse
3704 5339 3804 5437 Filio

2298 5457 2420 5498 cum
2458 5443 2637 5498 Patre.
2666 5446 2965 5512 Aporrhtea
2996 5448 3139 5500 enim
3180 5444 3522 5499 bomoousios
3550 5438 3732 5492 videtur,
3762 5426 3800 5478 id

2295 5545 2376 5588 est
2409 5536 2564 5588 unius
2591 5531 2905 5591 substantia:
2953 5553 3073 5592 cum
3115 5537 3203 5592 illo
3251 5550 3477 5605 corpore
3502 5573 3516 5596 ,
3547 5547 3602 5584 ex
3631 5523 3800 5619 quaest

2292 5627 2374 5680 vel
2403 5627 2710 5696 aporrhma,
2743 5629 2825 5682 vel
2859 5644 3040 5700 vapor.
3089 5650 3106 5681 ι
3143 5630 3375 5698 Denique
3407 5622 3610 5681 adducit
3641 5619 3800 5671 beatis-

3961 2335 3963 2384 1
