4068 6312
406 407 532 461 1521

1426 398 1515 452 EX
1553 396 1617 452 G.
1656 395 1855 450 BULU
1891 393 2043 449 DEF.
2093 393 2265 449 FlDEl
2300 395 2618 453 ΝΙΟᾹΞΝΑΞ.

3506 402 3641 458 1522

405 524 573 575 simus
612 528 818 588 martyr
869 518 1096 573 ethunc
1136 513 1385 583 Origeuis
1427 513 1600 567 locum
1638 527 1703 567 ex
1731 511 1863 567 lib.|
1902 510 1976 563 De
2004 514 2049 571 Α
2080 512 2444 581 antiquiorum
2504 514 2827 583 seriptortuu
2855 556 2870 581 ,
2920 525 3032 569 tum
3078 516 3325 584 inprimis
3371 516 3637 587 Pamphili

403 611 653 682 prihcip.,
687 627 804 681 cap.
844 610 900 673 2,
946 625 1091 663 nunt.
1128 608 1196 662 6:
1232 625 1250 657 ε
1284 605 1685 661 Observandum
1746 616 1975 671 namque

402 714 505 765 est,
532 718 598 756 ne
625 704 743 771 quis
768 701 1006 753 incurrat
1027 699 1079 751 in
1100 697 1220 750 illas
1244 696 1505 750 absurdas
1532 693 1741 748 fabulas
1763 708 1973 755 eorum,

403 795 492 863 qui
526 792 852 862 prolationes
897 795 1161 859 quasdam
1214 787 1313 841 sibi
1360 784 1491 854 ipsis
1546 785 1879 854 depingunt:
1919 792 1977 836 ut

403 888 638 940 divinam
669 896 913 939 naturam
940 883 990 934 in
1014 892 1196 949 partes
1217 891 1408 934 vocent
1426 882 1571 949 (puto
1589 878 1863 947 legem/unt
1892 892 1976 930 se-

403 978 545 1047 cent)
575 986 628 1031 et
659 976 821 1030 Deum
854 973 1093 1039 Patrem,
1123 982 1383 1041 quantmn
1411 972 1463 1024 in
1495 985 1554 1023 se
1581 981 1664 1023 est
1696 968 1973 1029 dividant;

403 1086 523 1125 cum
552 1070 652 1122 hoc
676 1068 741 1120 de
773 1066 1088 1132 incorporea
1121 1074 1312 1117 natura
1346 1062 1426 1116 vel
1459 1062 1649 1117 leviter
1691 1058 1975 1128 suspicari,

406 1178 510 1216 non
566 1162 735 1214 solum
800 1167 1055 1212 extremae
1114 1154 1406 1224 impietatis
1456 1154 1561 1218 sit,
1597 1166 1779 1205 verum
1814 1149 1977 1203 etiam

405 1251 973 1320 ultimminsipieutite;
1004 1263 1101 1302 nec
1117 1247 1334 1301 omnino
1360 1245 1442 1299 vel
1472 1246 1538 1299 ad
1572 1241 1973 1313 intelligentiam

404 1359 759 1413 consequens,
798 1343 1212 1410 utint-orporeaz
1238 1347 1444 1391 natura:
1486 1334 1855 1392 substantialis
1896 1333 1979 1387 di-

406 1439 541 1493 visio
579 1440 741 1507 possit
779 1436 1024 1505 intelligi.
1057 1432 1225 1503 Magis
1258 1446 1385 1499 ergo
1415 1430 1557 1484 sicut
1586 1428 1836 1483 voluntas
1857 1440 1981 1496 pro-

404 1532 547 1586 cedit
577 1546 607 1585 e
639 1540 815 1582 mente
844 1538 898 1581 et
932 1540 1104 1594 neque
1134 1533 1341 1593 partem
1382 1522 1618 1591 aliquam
1654 1519 1852 1574 mentis
1889 1533 1976 1572 se-

404 1633 511 1687 cat,
539 1637 711 1692 neque
733 1621 800 1673 ab
829 1634 892 1673 ea
920 1630 1220 1689 separatur,
1255 1628 1347 1671 aut
1387 1615 1651 1670 dividitur
1689 1632 1702 1667 :
1738 1610 1827 1665 tali
1852 1624 1983 1679 qua-

405 1714 526 1766 dam
570 1710 751 1779 specie
796 1712 1063 1778 putandus
1115 1718 1199 1763 est
1251 1706 1415 1760 Pater
1466 1704 1663 1759 Filium
1707 1702 1980 1773 genuisse,

406 1804 694 1874 imaginem
723 1802 930 1857 scilicet
950 1817 1098 1854 suam
1134 1817 1149 1867 ;
1186 1810 1245 1854 ut
1266 1801 1411 1855 sicut
1439 1798 1554 1868 ipse
1582 1805 1667 1852 est
1694 1792 1981 1849 invisibilis

405 1913 502 1967 per
545 1909 814 1962 naturam,
843 1898 913 1949 ita
944 1894 1230 1965 imaginem
1267 1906 1482 1962 quoque
1537 1890 1859 1945 invisibilem
1889 1902 1981 1957 ge-

407 1991 609 2045 nuerit.
640 1990 875 2044 Verbum
902 1988 1045 2042 enim
1081 1995 1163 2041 est
1194 1985 1382 2049 Filius,
1412 1994 1470 2039 et
1504 1983 1623 2036 ideo
1653 1980 1784 2035 nihil
1819 1980 1872 2035 in
1919 1997 1983 2036 eo

407 2082 661 2136 sensibile
687 2080 1089 2151 intelligendum
1124 2088 1228 2135 est.
1260 2077 1539 2147 Sapientia
1574 2085 1675 2139 est,
1704 2085 1758 2131 et
1810 2077 1862 2129 in
1898 2090 1985 2131 sa-

408 2173 607 2243 pientia
628 2172 758 2226 nihil
784 2184 1104 2239 corporeum
1134 2168 1520 2239 suspicandum
1548 2177 1654 2223 est.
1676 2166 1875 2240 Lumen
1902 2178 1987 2222 est

406 2264 762 2333 verum,quod
785 2262 1050 2314 illuminat
1084 2277 1288 2314 omnem
1318 2261 1580 2314 hominem
1620 2260 1904 2312 venientem
1932 2262 1987 2312 in

408 2362 546 2411 hunc
576 2359 828 2411 mundum
848 2356 929 2421 7‘;
966 2356 1058 2408 sed
1100 2352 1233 2407 nihil
1259 2354 1419 2408 habet
1454 2366 1738 2406 commune
1759 2351 1824 2405 ad
1856 2351 1988 2407 solis

410 2451 569 2519 hujus
599 2449 799 2503 lumen.
831 2466 850 2498 ι
954 2514 955 2517 η

479 2541 511 2615 ᾗ
542 2540 661 2596 XX.
693 2540 822 2607 Quis
859 2549 1038 2595 autem
1064 2553 1169 2593 non
1198 2536 1343 2592 videt
1382 2535 1533 2590 hisee
1570 2532 1819 2603 Origenis
1858 2532 1989 2587 locis

411 2650 441 2689 a
491 2634 773 2703 Pamphilo
810 2630 1102 2702 productis,
1153 2628 1311 2683 ﬁdem
1363 2627 1689 2682 catholicam
1738 2626 1804 2681 de
1854 2624 1991 2679 Filio

411 2727 780 2794 Dei,adeoque
801 2726 866 2778 de
897 2721 1161 2793 ὁμοουσίῳ
1186 2720 1451 2775 Trinitate
1488 2718 1830 2788 apertissime
1858 2732 1991 2771 con-

412 2816 639 2870 ﬁrmari.
680 2814 876 2868 Verum
908 2812 1098 2866 horum
1145 2811 1578 2867 testimoniorum
1610 2808 1990 2862 auctoritatem

412 2908 627 2963 elevare
663 2914 929 2960 conantur
960 2902 1199 2958 nonnulli
1244 2903 1345 2956 hoc
1378 2909 1662 2971 praetextu,
1694 2900 1839 2968 quod
1875 2899 1991 2952 loca

414 3001 570 3054 allata
598 3000 800 3069 integra
829 3011 1092 3065 nusquam
1116 2993 1519 3064 comparucrint
1542 2993 1594 3046 iu
1619 2990 1807 3047 Graeca
1836 2989 1995 3043 Pam-

417 3093 571 3163 phili,
601 3093 714 3145 sive
762 3089 974 3142 Eusebii
1028 3085 1286 3155 Apologia
1317 3085 1455 3148 ,'sed
1487 3098 1516 3136 a
1562 3083 1754 3135 Ruﬁno
1807 3081 1860 3134 in
1896 3096 1992 3135 sua

2071 595 2327 674 martyris
2349 615 2403 658 et
2430 606 2643 661 Eusebii
2680 606 3025 662 C:t-sariensis
3053 624 3068 662 :
3102 608 3316 662 Μᾶλλον
3345 610 3421 674 δὲ,
3446 610 3643 681 inquit,

2074 696 2181 749 τῶν
2213 696 2387 751 ἄλλων
2426 698 2699 761 ἁπάντων,
2735 701 3006 773 Παμφίλῳ
3056 719 3114 755 τε
3148 701 3226 773 τῷ
3273 703 3506 776 μάρτυρι
3543 707 3646 757 ὲπ-

2074 788 2354 858 ερείδεται,
2390 791 2482 843 καὶ
2532 790 2608 862 τῷ
2663 792 2953 865 Ἐυσεϐίῳ·
2981 794 3031 848 id
3078 803 3191 859 est,
3241 814 3259 846 ι
3295 794 3412 850 Prae
3442 798 3649 851 caeteris

2077 896 2207 936 vero
2253 881 2533 952 Pamphilo
2565 886 2787 956 martyri
2834 887 3079 940 innititur
3115 895 3169 940 et
3215 885 3466 943 Eusebio.
3515 907 3533 939 ι
3578 888 3645 944 Ut

2078 973 2349 1027 indubium
2388 977 2520 1031 mihi
2558 978 2834 1043 videatur,
2865 993 3189 1049 anonymum
3218 977 3363 1032 illum
3398 979 3643 1034 eamdetn

2078 1080 2299 1135 prorsus
2319 1082 2442 1121 cum
2482 1067 2768 1138 Pamphilo
2793 1081 2847 1125 et
2875 1071 3108 1126 Eusebio
3144 1071 3431 1141 Origenem
3465 1072 3645 1127 defen-

2078 1156 2234 1212 dendi
2270 1160 2530 1216 rationem
2561 1172 2800 1217 secutmn
2829 1179 2966 1221 esse.
2996 1163 3244 1236 Nunquid
3275 1182 3404 1221 vero
3421 1167 3653 1224 Arianus

2080 1246 2178 1301 fuit
2206 1250 2540 1321 apologisla?
2565 1252 2706 1307 Nihil
2747 1256 2944 1311 minus.
2981 1256 3115 1312 Nam
3149 1260 3261 1328 ipse
3290 1260 3532 1326 Photius,
3561 1262 3651 1331 qui

2082 1338 2280 1409 alioqui
2332 1343 2623 1414 plerosque
2680 1347 2934 1416 Origenis
2973 1364 3185 1404 errores
3222 1352 3292 1404 illi
3323 1352 3529 1416 tribuit,
3565 1352 3651 1407 dl-

2082 1442 2227 1488 serte
2257 1435 2409 1501 dicit,
2432 1438 2572 1506 quod
2602 1442 2730 1511 περὶ
2768 1442 2866 1512 τῆς
2899 1443 3060 1512 ἁγίας
3094 1444 3323 1516 Τριὰδος
3365 1430 3514 1497 οὑδὲν
3545 1444 3654 1498 τῶν

2082 1525 2435 1598 ἐσφαλμένων
2465 1529 2635 1599 λέγει,
2691 1532 2742 1587 id
2792 1543 2868 1589 est
2900 1553 2914 1588 :
2952 1553 2971 1587 ι
3011 1535 3087 1590 De
3121 1536 3178 1589 S.
3226 1536 3489 1592 Trinitate
3524 1537 3657 1592 nihil

2083 1627 2386 1672 erratorum
2429 1619 2606 1675 affert.
2641 1642 2659 1673 ι
2728 1623 3006 1689 Quomodo
3038 1634 3215 1679 autem
3249 1626 3534 1696 Origenem
3560 1628 3656 1681 de-

2084 1708 2253 1762 l'endit
2301 1710 2547 1766 auctor?
2584 1714 2725 1783 Φησὶ
2772 1714 2850 1778 δὲ,
2900 1714 3074 1785 iuqutt
3106 1716 3365 1782 Photius,
3398 1718 3490 1771 καὶ
3529 1720 3657 1790 περὶ

2083 1800 2175 1854 τοῦ
2212 1801 2535 1873 Ὠριγένους,
2579 1805 2742 1877 μηδὲν
2776 1805 2937 1860 αὐτὸν
2964 1807 3105 1861 κατὰ
3133 1807 3291 1873 δόξαν
3332 1810 3659 1880 ἐσφὰλεσθαι

2085 1895 2213 1965 περὶ
2238 1895 2337 1965 τῆς
2365 1895 2612 1966 Τριάδος,
2647 1899 2696 1952 id
2719 1906 2863 1954 θεὶς(
2887 1898 3023 1966 Quin
3051 1901 3212 1954 etiam
3249 1902 3348 1958 hoc
3379 1903 3570 1958 asserit
3597 1905 3662 1960 de

2092 1987 2350 2059 Origene,
2382 1988 2512 2043 nihil
2536 2006 2680 2059 eum,
2706 1993 2845 2061 quod
2875 1994 3089 2063 quidem
3125 1994 3191 2048 ad
3237 2002 3427 2066 dogma
3450 1998 3515 2051 de
3538 1996 3663 2050 Tri-

2093 2079 2263 2134 uitate
2294 2083 2507 2147 attinet,
2536 2099 2768 2139 errasse.
2809 2104 2828 2137 ι
2868 2086 2956 2141 Ait
3000 2101 3121 2140 mox
3158 2086 3381 2142 Photius
3426 2089 3663 2158 scripto-

2093 2185 2210 2224 rem
2231 2172 2377 2225 illmn
2402 2176 2707 2243 quindecim
2741 2178 2915 2246 capita
2938 2177 3156 2249 Origeni
3182 2180 3390 2249 objecta
3410 2182 3662 2250 (quorum

2092 2262 2191 2314 tria
2228 2264 2419 2331 prima,
2471 2266 2740 2321 decimum
2784 2270 3004 2324 tertium
3051 2284 3104 2326 et
3145 2272 3390 2326 ultimum
3425 2275 3490 2327 ad
3528 2274 3663 2327 arti-

2091 2352 2268 2408 culum
2318 2358 2383 2410 de
2424 2355 2693 2412 Triuftate
2743 2362 3076 2429 pertinent),
3117 2362 3372 2433 probasse
3412 2365 3664 2431 διαϐολὰς

2090 2440 2250 2511 εἶναι,
2274 2448 2337 2500 ἐκ
2362 2448 2470 2501 τῶν
2484 2448 2577 2502 τοῦ
2603 2450 2768 2504 αὑτοῦ
2791 2454 2999 2508 ἐκείνου
3020 2458 3466 2528 συγγραμμάτων
3483 2460 3666 2514 ποιού-

2094 2555 2251 2608 μενον
2281 2540 2408 2603 τοὺς
2437 2540 2724 2612 ἐλέγχους·
2759 2563 2777 2596 ι
2818 2544 2992 2600 Meras
3041 2563 3163 2602 esse
3216 2550 3516 2605 calumnias
3543 2593 3557 2619 ,
3597 2566 3668 2608 ex

2093 2630 2377 2695 ipsiusmet
2412 2631 2735 2704 (Origenis)
2768 2638 2989 2705 scriptis
3027 2639 3205 2695 allatis
3250 2644 3603 2711 argumentis.
3642 2664 3663 2698 ο

2092 2721 2347 2778 Eamdem
2377 2725 2533 2793 plane
2563 2728 2925 2801 rationemlac
2968 2732 3275 2788 methodnm
3310 2746 3489 2791 servat
3524 2739 3667 2805 Apo-

2094 2815 2234 2884 logia
2284 2816 2384 2871 sub
2429 2815 2697 2887 Pamphili
2745 2823 3015 2877 nontinea
3051 2824 3244 2879 Ruﬁno
3297 2828 3463 2881 edita.
3527 2827 3672 2884 Sane

2093 2922 2158 2961 ex
2188 2908 2273 2961 his
2307 2908 2435 2963 illud
2465 2910 2653 2965 saltem
2689 2910 2940 2981 eﬁicitur,
2984 2929 3015 2968 a
3059 2915 3249 2972 Graeco
3280 2920 3543 2990 scriptore
3580 2936 3674 2976 ve-

2094 3000 2324 3068 teri,qui
2355 3002 2407 3055 in
2436 3002 2666 3057 articulo
2709 3004 2775 3059 de
2806 3015 2993 3060 sancta
3026 3006 3310 3071 'l‘rinitate,
3346 3008 3428 3063 vel
3480 3008 3672 3065 Photio

2093 3092 2297 3160 judice,
2327 3093 2641 3149 Catholicus
2686 3094 2806 3163 fuit,
2830 3097 2992 3151 allata
3026 3098 3192 3154 fuisse
3224 3116 3287 3155 ex
3323 3102 3455 3170 ipsis
3480 3101 3673 3174 Orige-

414 3185 663 3238 versione
687 3180 876 3233 Latina
901 3179 1127 3233 conﬁcta
1162 3186 1323 3244 atque
1353 3176 1535 3229 addita
1566 3174 1785 3228 iuerint.
1825 3172 1995 3240 Hujus
2022 3206 2065 3263 α
2101 3182 2183 3236 nis
2214 3183 2454 3251 scriptis,
2474 3194 2631 3252 prout
2666 3196 2775 3239 tum
2798 3186 2987 3242 Graece
3020 3202 3319 3259 exstarent,
3342 3172 3673 3263 testimonia,

416 3276 697 3333 sententiae
741 3288 896 3341 prora
952 3286 1017 3325 ac
1061 3270 1249 3339 puppis
1293 3277 1410 3334 est,
1440 3268 1580 3335 quod
1634 3264 1996 3335 Hieronymus

420 3368 614 3422 Ruﬁno
668 3364 907 3433 objiciat,
954 3362 1199 3418 Graecam
1255 3358 1477 3414 Eusebii
1529 3359 1675 3429 (nam
1734 3356 1998 3425 Pamphili

420 3476 541 3515 esse
574 3458 805 3527 nolebat)
839 3457 1145 3525 Apologiam
1182 3455 1339 3508 ﬁdem
1361 3452 1619 3506 Arianam
1657 3464 1844 3504 revera
1871 3465 1998 3519 pro-

423 3567 706 3623 puguasse,
740 3550 1086 3619 ejusdemque
1128 3546 1250 3601 ﬁdei
1283 3544 1453 3599 fuisse
1490 3542 1776 3610 Origeuem
1812 3553 1999 3597 osten-

426 3646 587 3699 disse.
625 3642 717 3696 Sic
748 3642 891 3696 enim
923 3640 1012 3694 ille
1047 3639 1268 3709 Apolog.
1301 3639 1550 3691 adversus
1598 3634 1781 3703 Ruﬁn.
1819 3635 1911 3690 lib.
1938 3650 1996 3699 ιι,

425 3750 542 3806 cap.
590 3735 644 3800 4,
688 3752 705 3783 ι
754 3733 847 3785 Vir
905 3732 1247 3787 doctissimus
1300 3729 1597 3792 Eusebius,
1657 3726 1849 3796 inquit,
1905 3742 2002 3797 per

428 3842 521 3881 sex
555 3826 819 3880 volumina
847 3823 980 3878 nihil
1007 3824 1151 3879 aliud
1176 3824 1306 3891 agit,
1347 3823 1448 3877 nisi
1480 3831 1539 3875 ut
1578 3820 1864 3891 Origenem
1892 3833 2002 3874 sua:

427 3920 674 3974 ostendat
696 3917 839 3983 ﬁdei,
870 3917 920 3972 id
944 3924 1047 3982 est,
1068 3916 1280 3969 Arianae
1302 3915 1561 3984 perﬁdia
1587 3933 1606 3966 ›
1630 3911 1763 3966 Hinc
1782 3911 2003 3966 conclu-

428 4016 507 4069 dit
537 4014 766 4070 Sandius
804 4013 878 4067 De
899 4013 1081 4081 script.
1116 4010 1322 4077 eccles.,
1361 4026 1413 4080 p.
1445 4008 1533 4074 47,
1561 4007 1871 4077 Apologiam
1902 4004 2002 4059 sub

434 4105 698 4176 Pamplﬂi
727 4105 942 4160 nomine
966 4121 995 4158 a
1022 4104 1216 4158 Ruﬁno
1248 4104 1439 4158 Latine
1482 4102 1703 4167 editam,
1732 4119 1749 4150 ‹
1786 4111 1871 4152 aut
1897 4113 2001 4151 non

428 4213 548 4253 esse
599 4197 814 4252 Eusebii
864 4197 999 4265 (sive
1033 4196 1341 4277 Pamphili),
1388 4204 1480 4249 aut
1519 4194 1591 4248 ita
1634 4208 1663 4245 a
1713 4192 1906 4246 Ruﬁno
1948 4190 2001 4244 in

430 4290 688 4344 Latinum
722 4306 955 4353 versam,
975 4298 1034 4342 ut
1058 4304 1125 4343 ne
1146 4290 1362 4359 quidem
1387 4288 1526 4342 linea
1557 4286 1787 4357 genuina
1818 4283 2002 4338 relicta

433 4381 614 4448 fuerit,
654 4382 734 4438 vel
764 4382 994 4453 denique
1043 4384 1088 4437 si
1121 4383 1248 4451 quid
1300 4381 1591 4451 genuinum
1620 4395 1649 4433 a
1681 4377 1876 4432 Ruﬁno
1905 4376 2006 4431 fuit

436 4475 705 4540 relictum,
737 4484 987 4544 oportere
1024 4475 1077 4551 id
1114 4484 1295 4544 postea
1336 4472 1498 4527 etiam
1553 4487 1619 4526 ex
1661 4469 1837 4524 Ruﬁni
1883 4484 2005 4524 vcr-

2100 3286 2221 3338 quze
2280 3270 2615 3328 Cathollcum
2670 3277 2873 3343 pariter
2926 3278 3097 3335 fuisse
3138 3281 3190 3335 in
3229 3285 3417 3339 eodem
3446 3286 3675 3342 articulo

2100 3361 2387 3433 Origenem
2416 3367 2802 3423 ostenderent:
2840 3378 3001 3437 atque
3035 3372 3135 3426 hoc
3166 3371 3360 3429 fecisse
3396 3386 3672 3432 auctorem

2102 3456 2250 3511 illum
2288 3456 2550 3528 Pamphili
2609 3461 2864 3530 martyris
2908 3472 2961 3517 et
3010 3460 3229 3519 Eusebii
3280 3466 3545 3537 exemplo,
3583 3483 3676 3523 eo-

2104 3565 2331 3620 rumque
2362 3552 2607 3622 vesﬁgiis
2632 3553 2991 3611 insistentem.
3028 3556 3273 3626 Denique
3303 3558 3430 3613 alibi
3456 3559 3677 3615 eviden-

2104 3650 2174 3696 tet
2206 3642 2571 3712 probavimus,
2592 3660 2864 3715 nunquam
2886 3647 3175 3703 Eusebium
3204 3649 3377 3718 ipsum
3405 3651 3678 3718 haeresim,

2102 3747 2221 3802 qua:
2248 3744 2433 3802 postea
2467 3735 2580 3789 Arii
2610 3736 2754 3792 dicta
2791 3737 2913 3803 luit,
2937 3739 3241 3810 amplexum
3275 3740 3439 3798 fuisse
3466 3761 3479 3797 :
3504 3758 3679 3813 neque

2103 3827 2267 3898 igitur
2298 3829 2473 3898 potuit
2492 3827 2776 3895 Eusebius,
2792 3831 2905 3886 sive
2926 3830 3094 3896 solus,
3116 3832 3229 3889 sive
3252 3849 3372 3888 cum
3398 3833 3681 3906 Pamphilo

2106 3919 2252 3992 [nam
2273 3921 2550 3990 utriusque
2563 3935 2683 3976 esse
2694 3937 2832 3993 Opus
2848 3924 2984 3979 inira
3003 3925 3680 4002 ostendemus(40)],Aria-

2106 4026 2227 4066 nam
2250 4014 2580 4082 impietatem
2616 4014 2670 4066 in
2712 4014 2946 4085 Origene
2977 4015 3283 4072 defendere.
3300 4018 3405 4073 Sed
3428 4021 3680 4075 videntur

2102 4098 2415 4171 Pamphilus
2458 4115 2513 4157 et
2543 4103 2809 4158 Eusebius
2864 4107 2916 4157 in
2958 4103 3275 4160 defensione
3312 4105 3401 4159 illa
3427 4106 3677 4176 quredam

2105 4193 2355 4247 attulisse
2388 4208 2455 4247 ex
2502 4193 2744 4261 Origene
2796 4194 3126 4264 testimonia,
3157 4194 3357 4267 quibus
3392 4196 3593 4253 voculae
3625 4206 3681 4251 et

2105 4286 2244 4338 dicta
2273 4286 2535 4340 nonnulla
2561 4287 2797 4342 admista
2836 4297 3040 4357 essent,
3068 4304 3190 4357 qua:
3222 4288 3505 4345 catholicis
3527 4290 3691 4345 auri-‘

2104 4376 2205 4431 bus
2237 4375 2547 4448 Hieronymi
2580 4388 2738 4433 aetate
2769 4381 2947 4434 minus
2987 4381 3345 4451 placuerunt,
3391 4391 3578 4451 utpote
3612 4383 3680 4438 ab

2105 4466 2322 4523 Arianis
2349 4479 2460 4521 tum
2509 4471 2575 4522 ad
2609 4469 2856 4523 ha‘resim
2886 4486 3038 4525 suam
3090 4473 3492 4544 propagandam
3522 4487 3681 4528 usur-

432 4568 584 4620 sione
613 4567 778 4621 fuisse
824 4566 1084 4620 excisum.
1120 4585 1139 4618 ι
1194 4564 1301 4621 Sed
1352 4566 1507 4619 ﬁdem
1557 4564 1647 4618 hic
1686 4562 2010 4633 Hieronymo
2035 4553 2089 4614 D
2115 4568 2236 4627 pata
2266 4579 2281 4615 :
2313 4575 2433 4629 quae
2462 4562 2765 4616 testimonia
2819 4572 3105 4631 propterea
3141 4564 3443 4620 resecuisse
3469 4566 3681 4621 videtur

435 4656 738 4711 habendam
773 4673 877 4711 non
931 4672 1074 4720 esse,
1106 4656 1448 4712 validissimis
1475 4658 1805 4726 argumentis
1832 4655 2005 4710 eviuei

434 4759 630 4817 potest.
664 4749 795 4803 Nam
835 4750 1009 4818 primo
1060 4748 1280 4804 Photius
1313 4750 1434 4806 cod.
1473 4764 1637 4803 cxvtu
1666 4758 1889 4802 testatur
1948 4762 2009 4803 se

436 4846 492 4899 in
522 4844 710 4899 Graeco
750 4843 941 4913 legisse
970 4841 1238 4912 Pamphili
1274 4844 1530 4913 martyris
1572 4851 1621 4897 et
1670 4840 1884 4895 Eusebii
1914 4856 2010 4909 pro

438 4935 671 5006 Origene
700 4935 867 4989 libros
894 4949 989 4990 sex
1022 4953 1038 4989 :
1066 4936 1117 4989 in
1141 4936 1334 5004 quibus
1357 4933 1501 4987 nulla
1532 4933 1745 4987 Arianae
1776 4931 2012 5001 perﬁdiae

439 5026 665 5095 vestigia
691 5035 841 5079 notat
868 5040 1091 5080 severus
1118 5026 1205 5080 ille
1231 5040 1444 5090 censor,
1467 5025 1558 5093 qui
1585 5024 1783 5091 alioqui
1804 5023 2014 5081 inalio-

442 5133 560 5170 rum
612 5118 832 5186 scriptis
872 5129 1187 5173 constanter
1218 5117 1355 5173 solet
1407 5117 1631 5170 minima
1672 5130 1895 5184 quaeque
1922 5131 2010 5170 re-

442 5211 811 5278 prehendere,
842 5225 961 5279 qua:
1014 5211 1095 5264 vel
1146 5209 1378 5279 speciem
1448 5208 1742 5262 Ariauismi
1792 5223 1901 5277 prae
1950 5221 2011 5263 se

442 5302 635 5355 ferant.
688 5303 885 5357 Deinde
932 5302 1069 5357 idem
1124 5302 1345 5358 Photius
1395 5303 1515 5356 eod.
1563 5316 1731 5367 cxvu,
1778 5310 2012 5354 veterem

444 5395 729 5463 quemdam
760 5404 1033 5450 auctorem
1072 5411 1393 5465 anonymum
1436 5408 1889 5460 commemorans,
1920 5392 2012 5461 qui

442 5482 751 5553 Apologiam
803 5484 985 5538 itidem
1034 5502 1127 5555 pro
1174 5485 1397 5555 Origene
1450 5484 1873 5552 conscripserat,
1916 5482 2013 5548 ait,

446 5584 721 5629 auctorem
760 5576 905 5629 illum
945 5576 998 5630 in
1034 5576 1290 5646 Apologia
1318 5592 1435 5642 sua,
1472 5589 1571 5645 pro
1605 5572 1835 5643 Origene
1866 5573 2013 5645 ejus-

446 5679 548 5734 que
598 5668 879 5721 sententiis
930 5681 1196 5738 pugnasse
1246 5666 1569 5722 auctoritate
1625 5675 1736 5719 tum
1785 5665 2012 5723 aliorum

514 5754 635 5795 ⁷³-⁷⁶
670 5754 824 5810 Joan.
858 5772 896 5821 ι,
933 5757 988 5812 9.

513 5844 626 5915 (l0)
655 5846 787 5900 Vide
810 5848 964 5917 hujus
991 5848 1244 5903 scclionis
1276 5863 1396 5918 cap.
1427 5850 1517 5916 15,
1547 5863 1698 5905 num.
1725 5849 1778 5904 5.
1806 5835 1812 5847 ’

720 5940 991 6004 ΡΑτιιοι.
1023 5942 1141 6003 Gn.
1176 5941 1377 6002 XVII.

2112 4666 2142 4702 a
2185 4667 2283 4705 sua
2329 4656 2579 4707 versione
2634 4652 2861 4708 Ruﬁnus
2888 4694 2903 4719 ,
2953 4668 3017 4708 ea
3064 4655 3361 4712 transferre
3398 4667 3684 4713 contentus

2112 4737 2358 4813 Origenis
2391 4742 2507 4798 loca
2531 4783 2546 4807 ,
2597 4759 2627 4797 a
2671 4743 2947 4815 Pamphilo
2979 4746 3262 4815 producta,
3299 4762 3418 4818 quae
3450 4748 3683 4803 catholi-

2114 4850 2230 4888 cam
2276 4836 2573 4890 doctrinam
2622 4838 2803 4892 verbis
2847 4838 3004 4908 plane
3040 4842 3330 4896 catholicis
3380 4842 3681 4898 traderent.

2114 4928 2266 4995 Quod
2290 4929 2513 4983 innuere
2538 4930 2749 4984 videtur
2783 4931 2897 5000 ipse
2921 4931 3170 5000 Ruﬁnus,
3220 4949 3343 4989 cum
3381 4935 3437 4988 in
3464 4934 3688 5004 Epilogo

2116 5020 2182 5073 ad
2214 5018 2618 5074 translationem
2646 5035 2798 5074 suam
2830 5021 2897 5075 ad
2948 5020 3243 5077 Maearium
3274 5025 3368 5091 ait,
3409 5039 3468 5079 se
3491 5043 3511 5078 ι
3539 5027 3685 5094 Apo-

2114 5109 2400 5179 logeticum
2431 5114 2622 5167 .saueti
2656 5116 2911 5185 martyris
2935 5114 3207 5184 Pamphili
3234 5156 3251 5181 ,
3300 5126 3462 5185 prout
3490 5120 3686 5188 potuit,

2114 5205 2198 5258 vel
2239 5220 2320 5257 res
2355 5206 2612 5273 poposcit,
2648 5204 2841 5261 Latino
2872 5221 3125 5261 sermone
3163 5206 3470 5274 digessisse.
3507 5228 3526 5260 ι
3569 5209 3686 5262 Ca:-

2112 5303 2290 5348 terum
2315 5311 2633 5365 persuasum
2662 5296 2833 5353 habeo
2859 5337 2874 5362 ,
2906 5298 3162 5353 Ruﬁnum
3197 5299 3399 5353 nullum
3431 5298 3684 5367 Origenis

2116 5387 2481 5441 testimonium
2513 5389 2565 5440 iu
2592 5404 2688 5443 sua
2714 5389 2962 5445 versione
2998 5390 3278 5457 posuisse,
3309 5392 3451 5462 quod
3488 5407 3596 5445 non
3630 5392 3685 5447 in

2120 5477 2385 5548 Pamphili
2428 5490 2484 5534 et
2508 5480 2726 5537 Eusebii
2768 5481 3028 5552 Apologia
3056 5483 3278 5538 totidem
3315 5484 3494 5539 verbis
3518 5483 3685 5540 habe-

2119 5579 2298 5638 retur;
2326 5571 2568 5641 nihilque
2596 5613 2612 5637 ,
2659 5572 2922 5642 quidquid
2955 5573 3289 5638 detraxerit,
3318 5574 3385 5630 de
3410 5587 3509 5629 suo
3537 5574 3688 5631 addi-

2120 5662 2282 5719 disse.
2311 5661 2448 5719 Nam
2476 5664 2595 5735 ipse
2622 5662 2854 5721 Ruﬁnus
2885 5664 3069 5736 (quem
3099 5664 3277 5722 virum
3305 5664 3474 5725 fuisse
3509 5666 3688 5724 since-

3258 5937 3335 5996 Ιιὲ
