4068 6312
584 376 719 436 1525

1982 378 2402 435 EXCERPTUM

3674 430 3679 435 .
3692 379 3812 440 1324

586 513 660 552 rae
701 498 916 568 pietatis
948 499 1247 555 studiosum
1293 500 1458 556 multa
1490 505 1828 569 ostendunt,
1881 511 2152 571 utcunque
2186 504 2228 559 Α
2256 498 2378 552 dum
2427 496 2817 568 Apologeticum
2864 497 3034 553 sancti
3077 496 3333 568 martyris
3365 496 3644 568 Pamphili,
3673 514 3814 570 quem

585 591 756 659 ipsum
790 592 1047 646 Romanis
1076 592 1308 648 invisum
1340 594 1676 650 reddiderint
1710 595 2022 666 Hieronymi
2062 611 2159 648 val

584 680 680 735 frte
706 682 893 751 artes),
913 682 1013 736 sub
1041 681 1250 736 initium
1272 684 1606 754 pra-rationis
1631 700 1740 740 suae
1768 686 1819 739 in
1844 684 2154 755 Apologiam

580 771 843 844 Pamphili
876 774 941 828 ad
973 772 1296 839 Macarium,
1336 787 1522 832 sancte
1550 779 1832 845 proﬁtetur
1893 794 1952 833 se
1995 778 2047 833 in
2090 793 2155 833 eo

583 878 745 931 opere
784 883 802 913 t
847 879 950 918 non
983 880 1135 919 suam
1177 885 1195 916 ι
1234 866 1299 920 de
1336 866 1569 934 Origene
1602 884 1620 918 t
1661 867 1987 923 sententiam
2014 908 2031 935 ,
2059 869 2151 922 sed

582 956 757 1009 sancti
806 958 1059 1027 martyris
1095 956 1355 1025 Pamphili
1401 980 1420 1012 ι
1465 960 1761 1015 sciscitanti
1794 960 2029 1016 Macario
2053 976 2152 1016 ex-

582 1047 866 1115 posuisse:
904 1047 1298 1118 Origenemque
1345 1065 1452 1103 non
1482 1051 1729 1120 proprio,
1772 1051 1866 1105 sed
1898 1068 1917 1100 ι
1976 1049 2152 1104 alieno

582 1152 831 1193 sermone
877 1160 893 1190 ι
940 1141 1265 1199 άεῐειιιὶίδδε.
1300 1141 1420 1195 Mox
1470 1143 1665 1195 ibidem
1702 1142 1803 1198 hoc
1848 1142 1899 1195 in
1936 1141 2153 1211 negotio

582 1231 646 1282 ad
700 1231 1038 1283 tremendum
1071 1230 1161 1285 Dei
1206 1231 1466 1299 judicium
1511 1241 1765 1300 provocat
1810 1232 2150 1285 adversarios

582 1324 667 1377 his
700 1323 878 1379 verbis
909 1344 920 1378 :
956 1344 973 1374 t
1011 1323 1114 1379 Sed
1138 1326 1393 1395 quoniam
1426 1328 1491 1380 ad
1521 1326 1785 1393 judicium
1816 1325 1909 1379 Dei
1937 1322 2150 1379 venturi

582 1433 767 1472 sumus
796 1460 810 1479 ,
850 1434 951 1473 non
989 1419 1260 1488 refugiant
1315 1420 1456 1474 scire
1496 1423 1638 1489 quod
1690 1434 1871 1473 verum
1918 1428 2043 1483 est,
2083 1433 2150 1472 ne

584 1511 721 1566 forte
752 1512 1062 1582 ignorantes
1088 1512 1400 1582 delinquant
1437 1531 1449 1565 :
1476 1512 1567 1565 sed
1593 1511 2001 1566 considerantes
2024 1511 2150 1581 quia

581 1604 731 1658 falsis
763 1603 1231 1658 criminationibus
1251 1613 1529 1674 percutere
1556 1602 1780 1657 fratrum
1814 1602 2149 1658 infirmorum

580 1694 962 1761 conscientias,
990 1696 1040 1748 in
1069 1693 1340 1749 Christum
1372 1710 1597 1763 peccare
1627 1703 1729 1759 est,
1770 1692 1890 1749 ideo
1920 1710 2025 1749 non
2061 1709 2150 1748 ac-

580 1787 921 1841 commodent
947 1786 1413 1842 criminationibus
1438 1801 1621 1839 aurem
1652 1802 1827 1850 suam,
1845 1802 1941 1841 nec
1958 1786 2025 1840 ab
2044 1786 2151 1840 alio

2264 606 2360 665 pro
2389 590 2621 660 Origene
2647 588 2838 644 Graeco
2871 602 3121 644 sermone
3145 590 3358 656 edidit,
3393 601 3548 659 pr0ut
3571 593 3819 661 potuimus

2264 684 2344 737 vel
2387 699 2473 738 res
2502 684 2765 753 poposcit,
2819 682 3011 737 Latino
3038 698 3297 739 sermone
3341 672 3817 752 digesSimus,illud

2259 787 2341 831 est
2366 775 2504 845 quod
2531 787 2600 841 te,
2621 775 3008 831 desideriorum
3027 775 3109 829 vir
3128 775 3355 841 Macari,
3376 776 3695 832 admonitum
3711 793 3819 834 esse

2261 866 2402 933 volo,
2430 877 2488 923 ut
2521 868 2664 923 scias
2695 869 2835 926 hanc
2887 867 3100 937 quidem
3132 866 3255 923 fidei
3289 867 3559 939 regulam,
3580 884 3729 939 quam
3758 871 3817 925 de

2260 960 2411 1016 libris
2439 960 2555 1028 ejus
2598 976 2758 1031 supra
2802 963 3164 1032 exposuimus,
3204 976 3354 1024 esse,
3392 977 3512 1031 qua:
3554 972 3607 1016 et
3629 963 3814 1032 ample-

2258 1054 2447 1108 ctenda
2481 1057 2551 1108 sit
2594 1062 2650 1109 et
2696 1053 2989 1108 retinenda.
3039 1053 3093 1108 in
3125 1048 3383 1107 omnibus
3424 1053 3565 1107 enim
3609 1052 3687 1108 bis
3732 1069 3817 1108 ca-

2260 1144 2519 1215 tholicum
2554 1146 2729 1199 inesse
2760 1159 2980 1200 sensum
3024 1145 3309 1201 evidenter
3337 1145 3608 1213 probatur.
3640 1164 3659 1198 ι
3686 1145 3817 1201 Fieri

2260 1252 2391 1291 sane
2417 1253 2522 1292 non
2548 1240 2742 1309 potuit,
2786 1250 2844 1293 ut
2871 1238 3123 1299 Ruﬁnus.
3158 1237 3245 1291 vir
3273 1240 3326 1291 in
3358 1238 3578 1293 articulo
3610 1240 3673 1295 de
3699 1256 3818 1294 san-

2258 1336 2341 1383 cta
2370 1325 2634 1385 Trinitate
2665 1332 2867 1401 absque
2894 1332 3053 1386 dubio
3079 1332 3491 1397 Catholicus,'in
3515 1342 3614 1386 tam
3642 1343 3817 1400 aperta

2259 1419 2595 1490 blasphemia
2654 1422 2978 1477 catholicum
3031 1423 3213 1478 inesse
3266 1438 3489 1477 sensum
3554 1424 3818 1477 evidenter

2260 1512 2475 1580 probari
2531 1513 2776 1568 consulto
2807 1514 3031 1582 diceret,
3070 1517 3233 1586 idque
3256 1517 3309 1570 in
3347 1516 3439 1569 illo
3469 1516 3578 1584 ipso
3604 1516 3664 1568 ad
3694 1513 3802 1569 Ma-

2257 1605 2462 1657 carium
2512 1603 2651 1659 libro
2683 1604 2819 1676 (-52),
2851 1621 2957 1675 quo
2990 1608 3219 1662 credere
3250 1622 3313 1662 se
3342 1607 3589 1677 religiose
3616 1607 3819 1674 proﬁte-

2261 1706 2369 1764 tur,
2409 1714 2427 1747 ι
2466 1698 2608 1767 quod
2664 1709 2847 1753 sancta
2883 1693 3117 1755 Trinitas
3146 1711 3428 1755 eoat-terna
3466 1700 3554 1765 sit,
3585 1710 3637 1752 et
3674 1699 3819 1752 unius

2260 1797 2467 1845 natura:
2493 1831 2509 1855 ,
2551 1788 2819 1859 uniusque
2866 1790 3081 1846 virtutis
3112 1800 3169 1847 et
3223 1790 3584 1857 substantiae,
3622 1802 3640 1842 ι
3673 1798 3819 1860 atque

581 1878 792 1932 discant
825 1879 1050 1933 alterius
1077 1878 1255 1942 iidem,
1287 1876 1522 1931 maxime
1543 1894 1664 1932 cum
1697 1894 1877 1932 coram
1908 1878 2143 1947 experiri
2182 1866 2226 1926 Β
2258 1882 2414 1937 aliter
2466 1881 2678 1936 docenti
2721 1882 3006 1937 anathema
3059 1883 3371 1938 denuntiat.
3420 1881 3665 1952 Nunquid
3699 1897 3817 1936 vero

580 1970 650 2024 sit
684 1972 833 2040 copia
861 2012 878 2036 ,
927 1980 982 2024 et
1014 1968 1125 2025 oris
1170 1970 1250 2024 sui
1286 1969 1558 2025 confessio
1586 2010 1600 2034 ,
1638 1971 1765 2039 quid
1803 1971 1885 2025 vel
1920 1970 2151 2042 qualiter

584 2061 950 2130 unusquisque
983 2059 1180 2125 credit,
1214 2063 1529 2115 ostendat...
1566 2061 1806 2127 Qualiter
1851 2078 1983 2134 ergo
2022 2081 2147 2118 seu-

581 2154 677 2208 tiat
709 2153 968 2224 Origenes
998 2156 1051 2209 in
1079 2155 1340 2224 singulis,
1393 2165 1549 2210 tenor
1597 2156 1758 2210 libelli
1814 2158 1974 2226 bujus
2022 2158 2149 2211 edo-

579 2256 718 2300 ceat.
775 2265 794 2297 ι
848 2247 901 2300 in
939 2249 1207 2305 vertendis
1248 2249 1464 2317 quidem
1507 2249 1779 2319 plerisque
1809 2249 2056 2319 Origenis
2084 2250 2148 2304 li-

562 2338 693 2393 ‘bris
730 2338 895 2392 multa
923 2339 987 2394 de
1019 2355 1115 2395 suo
1144 2341 1415 2396 addidisse
1446 2339 1695 2396 Rufinum
1728 2342 1840 2413 (4i)
1872 2353 2083 2398 constat
2126 2362 2138 2397 :

579 2432 670 2487 sed
696 2433 1122 2504 quotiescunque
1167 2450 1229 2488 ea
1262 2434 1513 2491 libertate
1551 2451 1681 2493 usus
1710 2435 1917 2501 fuerit,
1969 2436 2034 2491 de
2083 2451 2148 2490 eo
2180 2494 2205 2515 1,

580 2524 834 2577 lectorem
868 2539 1065 2589 suum,
1116 2536 1274 2595 prout
1328 2527 1605 2582 hominem
1658 2528 1885 2599 probum
1932 2536 1987 2583 et
2036 2528 2145 2582 veri

580 2626 851 2671 amantem
885 2618 1153 2684 decebat,
1209 2620 1321 2689 ipse
1367 2635 1629 2691 expresse
1681 2621 1909 2676 monuit.
1959 2619 2147 2686 Quid?

578 2711 720 2778 quod
772 2710 884 2779 ipse
926 2710 1283 2783 Hieronymus
1312 2752 1327 2777 ,
1377 2714 1467 2783 qui
1501 2714 1738 2782 alioquin
1769 2722 1880 2769 tam
1922 2714 2146 2768 manife-

578 2812 714 2857 stam
749 2802 989 2857 fraudem
1015 2804 1206 2859 Ruiluo
1240 2809 1554 2875 neutiquam
1579 2810 1980 2862 condonaturus
2011 2806 2145 2861 fuis-

579 2906 687 2959 set,
724 2910 791 2948 ne
821 2910 984 2948 unum
1016 2896 1231 2962 quidem
1269 2897 1519 2968 Origenis
1547 2899 1721 2955 locum
1750 2938 1767 2961 ,
1792 2897 1844 2951 iu
1880 2896 2141 2966 Pamphili

579 2988 692 3040 sive
729 2987 941 3041 Eusebii
994 2989 1247 3057 Apologia
1298 2989 1520 3043 citatum
1548 3034 1563 3055 ,
1602 2989 1829 3054 notavit,
1866 2990 1956 3058 qui
1986 2991 2145 3043 aliter

579 3094 606 3130 a
653 3077 848 3133 Ruiino
902 3078 1090 3133 Latine
1149 3080 1385 3135 redditus
1439 3080 1644 3147 fuerit,
1702 3096 1865 3150 quam
1915 3080 2029 3134 sive
2090 3081 2141 3133 in

582 3170 839 3239 Apologia
873 3170 958 3225 illa
986 3212 1000 3234 ,
1033 3179 1146 3227 sive
1190 3173 1329 3242 apud
1375 3172 1550 3241 ipsum
1597 3171 1883 3243 Origenem
1914 3173 2141 3243 legere-

580 3272 687 3317 [ιη’.

650 3357 677 3429 §
715 3357 853 3412 XXI.
889 3358 1019 3425 Quis
1047 3372 1174 3411 vero
1207 3370 1311 3413 non
1344 3356 1567 3413 miretur
1589 3354 1999 3429 Hieronymum,
2034 3355 2148 3411 haec

579 3449 771 3504 Rulino
802 3451 868 3504 de
902 3451 1011 3519 ipsa
1049 3450 1166 3519 ejus
1196 3450 1444 3505 versione
1478 3448 1821 3517 oltjicientem
1848 3447 1871 3501 ?
1896 3465 1915 3498 t
1956 3446 2145 3511 Multa,

580 3548 752 3615 inquit
793 3546 844 3598 in
890 3543 1106 3613 Apolog.
1154 3543 1355 3597 advers.
1383 3540 1561 3611 Ruﬁn.
1588 3539 1681 3595 lib.
1717 3556 1780 3601 tt.
1824 3554 1942 3609 cap.
1990 3539 2043 3605 ι,
2095 3539 2146 3592 in

580 3641 664 3694 iHa
703 3638 954 3693 scandala
1006 3637 1351 3707 reperiuntur
1398 3645 1454 3690 et
1496 3634 1849 3704 apertissima:
1902 3631 2150 3701 blasphe-

580 3727 719 3799 mize.
758 3726 894 3779 Dicit
928 3726 1213 3791 Eusebius,
1255 3725 1383 3787 imo,
1432 3731 1491 3776 ttt
1523 3732 1576 3776 tu
1607 3723 1711 3786 vis,
1749 3719 2064 3792 Pamphilus
2093 3722 2146 3775 in

579 3818 681 3873 isto
718 3819 988 3873 Volumiue
1016 3862 1030 3881 ,
1074 3816 1193 3871 Filii
1222 3826 1275 3871 et
1310 3816 1488 3871 Patris
1528 3815 1839 3869 ministrum
1885 3816 2146 3876 Spiritum

578 3919 824 3963 sanctum
856 3924 960 3962 non
996 3908 1061 3962 de
1091 3909 1276 3963 eadem
1314 3906 1497 3961 Patris
1541 3903 1773 3974 Filiique
1804 3907 2144 3973 substantia;

579 4002 789 4055 animas
819 4000 1097 4055 hominum
1150 3999 1328 4068 lapsas
1354 4012 1474 4053 esse
1498 3999 1563 4052 de
1606 4002 1771 4063 cmlo,
1824 4016 1843 4050 ι
1881 4009 1984 4053 ειε.
2013 3998 2145 4052 Nam

579 4094 682 4149 etsi
713 4090 1024 4161 Pamphilus
1050 4091 1266 4160 quidem
1293 4090 1347 4144 in
1376 4089 1630 4160 Apologia
1668 4105 1697 4143 a
1736 4089 1929 4144 Rufino
1971 4105 2143 4157 versa,

581 4186 864 4239 inducatur
903 4181 1191 4252 Origenem
1221 4181 1548 4245 defendens,
1588 4182 1639 4234 in
1670 4196 1734 4237 eo
1766 4182 1908 4250 quod
1945 4184 2149 4235 anima-

579 4294 697 4331 rttm
728 4274 1211 4346 praeexsistentiam
1241 4273 1565 4337 crediderit;
1608 4273 1937 4342 bla3phemia
1968 4284 2145 4329 tamen

579 4366 665 4421 illa
693 4367 758 4420 de
802 4364 1007 4434 Spit-itu
1041 4373 1233 4419 sancto
1258 4378 1525 4431 nusquam
1559 4362 1611 4417 in
1659 4378 1724 4418 eo
1749 4378 1911 4432 opere
1947 4364 2148 4432 reperi-

580 4470 686 4513 ttrr.
745 4458 924 4523 Dices,
960 4456 1211 4511 Ruﬁnum
1255 4456 1324 4511 ab
1357 4455 1687 4526 Hieronymo
1718 4454 2070 4518 admonitum,
2106 4470 2137 4509 ε

2258 1972 2331 2026 ita
2363 1973 2607 2041 stupidus
2635 1972 2733 2027 fuit
2773 1972 3019 2038 Rufinus,
3052 1984 3109 2027 ut
3148 1974 3387 2044 spissam
3416 1974 3552 2030 adeo
3592 1972 3821 2042 blasphe-

2261 2067 2421 2119 miam
2454 2066 2506 2119 in
2552 2082 2646 2120 sua
2694 2066 3052 2120 translatione
3088 2067 3200 2136 ipse
3224 2105 3240 2131 ,
3278 2066 3490 2134 absque
3530 2066 3819 2127 monitore,

2258 2172 2363 2209 non
2413 2156 2917 2211 animadverteret?
2951 2156 3169 2212 Minime
3200 2158 3473 2227 gentium.
3508 2156 3642 2224 Quid
3671 2158 3820 2228 igitur

2255 2248 2538 2302 dicendum
2572 2246 2597 2300 ⁸1
2632 2249 2729 2303 Det
2785 2247 2913 2302 mihi
2955 2249 3042 2304 hic
3079 2250 3252 2304 lector
3273 2264 3471 2318 (equus
3498 2248 3817 2317 conjectandi

2258 2342 2465 2396 veniam
2495 2339 2809 2411 Pamphilus
2843 2357 3007 2412 prope
3036 2342 3193 2395 linem
3244 2342 3525 2412 Apologia
3557 2356 3587 2395 a
3643 2340 3818 2395 Rufino

2258 2447 2465 2497 versae,
2518 2433 2766 2504 Origenis
2791 2447 3031 2488 errorem
3082 2433 3148 2487 de
3193 2432 3506 2486 animarum
3546 2432 3817 2502 προϋπάρο

2256 2522 2365 2589 ξειν
2395 2523 2687 2579 defendens
2706 2564 2721 2590 ,
2756 2524 2839 2578 vel
2878 2534 3025 2579 certe
3052 2538 3330 2579 excusans
3356 2563 3371 2587 ,
3417 2532 3710 2593 contraque
3736 2540 3817 2577 eos

2256 2614 2561 2683 disputans,
2591 2614 2683 2684 qui
2712 2615 3014 2668 animarum
3044 2614 3444 2668 traductionem
3464 2613 3815 2681 defenderent,

2255 2706 2358 2760 duo
2386 2707 2577 2759 horum
2613 2717 2808 2772 genera
2861 2703 3118 2760 describit
3155 2721 3169 2757 :
3208 2703 3442 2758 alterum
3475 2719 3660 2759 eorum
3686 2745 3702 2767 ,
3734 2705 3815 2774 qui

2253 2810 2375 2849 cum
2428 2796 2641 2850 animas
2689 2794 2971 2850 hominum
3003 2811 3069 2850 ex
3109 2794 3339 2852 traduce
3385 2811 3508 2852 esse
3555 2797 3813 2858 docerent,

2253 2888 2480 2956 primam
2511 2895 2687 2943 tamen
2736 2889 2973 2940 animam
3003 2901 3069 2943 ex
3106 2888 3197 2942 Dei
3240 2904 3367 2943 esse
3405 2887 3703 2943 substantia
3731 2887 3814 2941 de-

2255 2980 2571 3046 fenderent;
2618 2995 2802 3035 eorum
2835 2981 3088 3047 alterum,
3116 2982 3207 3052 qui
3245 2997 3317 3037 ex
3346 2981 3518 3036 nihilo
3553 2982 3741 3035 factam
3783 2995 3809 3033 ε

2253 3070 2361 3125 Deo
2382 3086 2504 3126 esse
2528 3071 2762 3125 animam
2799 3070 2943 3125 illam
2973 3072 3198 3140 primam
3237 3082 3579 3128 asserercnt.
3618 3073 3809 3125 Adver-

2248 3152 2342 3218 sus
2374 3166 2582 3233 priores
2607 3166 2678 3217 ita
2716 3162 2933 3219 disserit
2964 3164 3298 3234 Pamphilus,
3337 3180 3459 3235 cap.
3498 3164 3553 3229 9,
3579 3180 3694 3235 pag.
3726 3160 3805 3224 43.

2256 3273 2276 3307 t
2307 3254 2423 3310 Jam
2452 3270 2579 3310 veru
2614 3256 2710 3321 illi,
2737 3255 2826 3325 qui
2854 3270 2922 3309 ex
2956 3256 3179 3310 traduce
3208 3258 3427 3310 animas
3473 3257 3655 3311 venire
3678 3254 3811 3309 allir-

2252 3356 2422 3413 mant,
2448 3354 2502 3401 et
2523 3347 2683 3401 simul
2708 3362 2831 3401 cum
2860 3346 3127 3416 corporali
3153 3362 3244 3402 eas
3277 3348 3489 3402 semine
3523 3348 3805 3410 seminari;

2249 3438 2512 3507 siquidem
2541 3439 2623 3507 (ut
2656 3438 2873 3508 quidam
2902 3438 3142 3507 ipsorum
3178 3437 3454 3495 aiiirmare
3494 3439 3683 3508 solent)
3711 3454 3802 3492 non

2255 3530 2395 3585 aliud
2425 3532 2612 3585 dicunt
2640 3532 2875 3586 animam
2912 3548 3030 3588 esse
3066 3548 3229 3603 quam
3257 3532 3671 3587 insuﬂlationem
3694 3530 3803 3599 Spi-

2251 3626 2387 3679 ritus
2421 3624 2539 3690 Dei,
2575 3624 2718 3678 illam
2747 3625 2953 3680 scilicet
2978 3639 3139 3694 quam
3171 3626 3222 3678 in
3246 3625 3402 3679 initio
3426 3623 3643 3678 factura:
3667 3638 3803 3675 mun-

2250 3717 2299 3772 di
2329 3717 2467 3771 Deus
2496 3716 2798 3772 insulllasse
2830 3718 3029 3773 dicitur
3076 3717 3128 3771 in
3163 3702 3336 3771 Adam
3359 3714 3430 3782 ⁷⁷,
3476 3717 3541 3772 de
3580 3716 3686 3783 ipsa
3720 3714 3801 3767 Dei

2249 3824 2371 3864 esse
2421 3824 2537 3863 eam
2587 3810 2891 3864 substantia
2926 3810 3241 3881 proﬁtentes
3268 3847 3286 3875 ,
3327 3809 3598 3878 quomodo
3633 3821 3729 3859 non
3754 3816 3799 3858 et

2251 3902 2337 3954 isti
2374 3902 2698 3955 videbuntur
2723 3900 3120 3970 quodammodo
3148 3901 3262 3954 lucc
3301 3909 3500 3969 praeter
3525 3895 3796 3965 Scriptum:

2251 3996 2513 4063 regulam,
2546 4005 2599 4047 et
2627 3995 2888 4048 rationem
2923 3994 3138 4063 pietatis
3172 4007 3457 4056 asserere,
3499 3992 3635 4061 quod
3679 3991 3795 4043 sub-

2249 4086 2443 4139 stantia
2480 4083 2572 4138 Dei
2616 4085 2750 4139 est?
2787 4104 2804 4136 ι
2842 4083 2938 4138 Vix
2975 4082 3162 4139 dubito
3187 4123 3201 4147 ,
3237 4083 3369 4153 quin
3408 4098 3472 4137 ex
3524 4083 3603 4153 hi_s
3635 4080 3793 4133 verbis

2250 4174 2407 4227 istam
2436 4171 2717 4239 Pamphilo
2765 4172 3093 4227 calumniam
3134 4173 3399 4227 struxerit
3442 4142 3791 4239 Hietgtnymus.

2250 4265 2459 4338 Quippe
2505 4284 2625 4322 cum
2677 4277 2916 4324 veterum
2965 4266 3147 4323 multis
3200 4270 3371 4323 sensit
3415 4268 3791 4337 Hieronymus,

2248 4360 2574 4431 spiraculum
2614 4360 2755 4425 vitae,
2807 4362 2949 4431 quod
2980 4361 3120 4417 Deus
3161 4362 3336 4426 primo
3385 4362 3580 4417 homini
3632 4354 3787 4414 insuf-

2248 4449 2406 4506 ilasse
2446 4450 2665 4513 dicitur,
2702 4449 2868 4506 fuisse
2913 4451 3087 4521 ipsum
3134 4451 3397 4521 Spiritum
3448 4459 3679 4505 sanctum
3718 4448 3786 4501 ei-

576 4550 690 4603 snis
733 4550 902 4619 ipsam
948 4548 1228 4602 codicibus
1272 4548 1618 4616 expunxisse.
1668 4545 1772 4600 Sed
1803 4547 1942 4600 unde
1975 4546 2141 4616 igitur
2173 4569 2222 4629 ι)
2251 4543 2369 4598 dem
2421 4541 2623 4596 homini
2676 4557 2780 4596 una
2805 4558 2925 4596 cum
2954 4543 3133 4596 anima
3157 4541 3273 4609 ejus
3317 4542 3566 4596 infusum.
3614 4538 3696 4593 Sic
3742 4538 3787 4590 in

576 4640 775 4706 evenit,
803 4650 860 4692 ut
882 4638 1097 4692 ‘ttuilum
1116 4637 1231 4709 ejus
1260 4637 1440 4707 operis
1475 4636 1749 4706 exemplar
1772 4636 1929 4690 hodie
1950 4646 2142 4703 exstet,

577 4736 630 4788 in
661 4749 767 4802 quo
789 4732 1118 4801 blasphemia
1152 4731 1250 4785 ista
1282 4728 1625 4798 reperiatur?
1656 4729 1787 4782 Nam
1821 4729 1975 4799 longe
2014 4728 2147 4783 late-

575 4841 681 4895 que
708 4826 949 4895 dispersa
987 4823 1197 4877 fuerant
1230 4822 1535 4876 Rufiniauae
1568 4821 1941 4875 translationis
1961 4835 2146 4874 exem-

576 4915 771 4987 plaria,
795 4926 1084 4987 antequam
1128 4914 1256 4969 illud
1285 4915 1545 4986 objecerit
1580 4914 1957 4984 Hieronymus.
1996 4910 2148 4964 Nun-

575 5009 702 5078 quid
732 5007 1020 5062 verisimile
1052 5016 1157 5073 est,
1186 5004 1459 5068 Rufinum,
1488 5006 1761 5060 hominem
1791 5004 2001 5058 scilicet
2031 5000 2144 5055 Ro-

575 5112 678 5150 mae
723 5096 1019 5165 despicatui
1060 5094 1301 5150 habitum
1332 5110 1427 5165 per
1460 5093 1773 5164 liieronymi
1806 5104 1952 5148 artes
1977 5131 1993 5156 ,
2046 5106 2143 5161 po-

577 5189 745 5242 tuisse
770 5197 958 5242 otnnes
1002 5185 1121 5241 illos
1153 5187 1368 5241 codices
1402 5187 1608 5255 priores
1635 5190 1751 5239 sive
1781 5185 2140 5252 supprimere,

574 5280 690 5337 sive
709 5278 1040 5335 emendare?
1070 5279 1273 5333 Deinde
1294 5275 1522 5332 Rufinus
1556 5277 1611 5331 in
1645 5276 1866 5347 Epilogo
1898 5277 1963 5331 ad
1986 5275 2144 5330 Pam-

574 5366 705 5439 phili
734 5366 1044 5436 Apologiam
1065 5407 1081 5432 ,
1108 5367 1284 5437 qualis
1325 5366 1559 5436 primum
1592 5368 1661 5421 ab
1702 5367 1815 5434 ipso
1842 5366 1988 5421 edita
2043 5366 2144 5421 fuit

573 5459 741 5531 (quod
775 5474 841 5515 ex
870 5458 1199 5527 Hieronymo
1225 5459 1388 5513 etiam
1415 5458 1720 5528 discimus),
1746 5456 2035 5512 Macarium
2063 5458 2142 5512 sic

575 5552 903 5623 alloquitur:
941 5571 959 5605 ε
1000 5550 1059 5606 lu
1095 5551 1181 5606 his
1208 5566 1327 5617 quae
1364 5551 1417 5605 in
1447 5552 1712 5619 superiori
1752 5550 1908 5618 libro,
1945 5565 2141 5606 secun-

644 5647 688 5678 "
722 5644 917 5703 Gettes.
950 5663 1016 5713 t-t,
1044 5646 1097 5701 7.
1172 5646 1219 5677 ⁷⁸
1246 5646 1441 5717 Ephes.
1468 5662 1541 5711 tv,
1576 5646 1664 5701 50.

647 5738 758 5809 (Η)
774 5737 916 5795 ⁴νίᾶε
938 5738 1114 5809 Rufini
1140 5740 1294 5795 Praef.
1322 5740 1375 5795 in
1399 5741 1516 5797 libr.
1536 5737 1675 5809 Περὶ
1698 5735 1915 5809 ἀρχῶν,
1936 5751 1989 5795 et
2018 5740 2149 5797 Pcr-

576 5808 807 5863 oration.
859 5810 924 5862 ad
966 5808 1271 5865 Comment.
1309 5810 1527 5879 Origen.
1566 5808 1625 5865 iii
1665 5808 1831 5878 Epist.
1876 5815 1944 5864 ad
1974 5811 2152 5879 Rom.,

2246 4636 2661 4690 Commentariis
2692 4636 2743 4689 in
2774 4651 2892 4705 cap.
2936 4650 2989 4690 tv
3030 4634 3199 4703 Epist.
3228 4636 3296 4689 ad
3333 4635 3545 4704 Ephem,
3586 4633 3646 4686 ad
3676 4646 3782 4683 ver-

2246 4729 2313 4782 ba
2348 4726 2456 4791 illa,
2496 4725 2677 4780 Nolite
2712 4728 3023 4781 contristare
3052 4724 3305 4793 Spiritum
3333 4737 3562 4779 sanctum
3603 4724 3655 4775 in
3694 4737 3784 4790 quo

2249 4819 2441 4888 signati
2487 4820 2610 4872 estis
2663 4818 2717 4871 in
2765 4818 2851 4871 die
2898 4818 3264 4884 redemptionis
3287 4818 3365 4883 ";
3393 4817 3501 4870 haec
3534 4815 3731 4867 adnotat
3766 4829 3777 4863 :

2251 4929 2269 4961 t
2309 4909 2515 4980 Signati
2547 4910 2691 4963 enim
2718 4924 2903 4964 sumus
2939 4910 3141 4979 Spiritu
3173 4912 3261 4965 Dei
3298 4919 3506 4975 sancto,
3536 4916 3656 4963 utet
3682 4904 3777 4973 spi-

2249 5001 2386 5053 ritus
2424 5009 2609 5053 noster
2657 5009 2709 5053 et
2744 4999 2926 5054 anima
2983 5001 3360 5070 imprimantur
3395 5000 3655 5073 signaculo
3697 4996 3774 5050 Dei

2244 5100 2296 5144 et
2324 5090 2465 5145 illam
2494 5091 2815 5159 recipiamus
2850 5092 3135 5160 imaginem
3172 5103 3227 5147 ot
3275 5093 3686 5152 similitudinem,
3720 5089 3773 5139 ad

2244 5198 2405 5251 quam
2438 5182 2489 5236 in
2540 5187 2760 5240 exordio
2812 5188 3009 5240 conditi
3068 5204 3276 5242 sumus.
3326 5188 3433 5242 Hoc
3474 5182 3768 5256 signaculum

2243 5274 2419 5328 sancti
2448 5275 2701 5345 Spiritus,
2730 5274 2884 5344 juxta
2912 5277 3181 5346 eloquium
3222 5277 3536 5339 Servatoris,
3564 5275 3661 5328 Deo
3689 5272 3767 5322 im-

2242 5365 2506 5433 primente
2559 5369 2821 5436 signatur.
2867 5386 2885 5419 ι
2927 5367 3025 5423 Ubi
3065 5369 3349 5438 imaginem
3396 5379 3447 5422 et
3496 5360 3761 5421 similitudi—

2252 5475 2372 5514 nem
2412 5459 2555 5514 illam
2602 5460 2691 5514 Dei
2718 5500 2734 5526 ,
2779 5461 2845 5515 ad
2887 5476 3047 5531 quam
3080 5463 3132 5516 in
3160 5462 3273 5531 ipsa
3307 5476 3397 5515 sua
3428 5458 3674 5513 creatione
3695 5450 3757 5503 cf-

2250 5552 2514 5606 formatus
2547 5550 2645 5606 fuit
2670 5554 2851 5617 homo,
2890 5552 3274 5623 interpretatur
3308 5549 3617 5621 signaculum
3654 5539 3756 5609 Spir

2259 5757 2350 5797 se"
2384 5737 2458 5792 De
2486 5736 2774 5811 adulterat:
2808 5736 2927 5811 tibr-
2964 5736 3248 5811 θνίθθηῷε-
3381 5801 3391 5811 -

2333 5811 2447 5879 (42)
2486 5807 2618 5864 Vide
2650 5807 2825 5863 Rufini
2854 5804 3066 5861 l'racfat.
3104 5807 3168 5861 ad
3202 5804 3499 5859 Macaritrm.
