4068 6312
291 399 448 462 ίὸἓὸ

1333 399 1423 456 εχ
1465 403 1528 457 o.
1575 387 1775 458 BULLI
1817 384 1966 458 bar.
2003 386 2178 459 Ftoiat
2219 387 2541 460 ιςιωεΝίΕ.

3413 384 3544 459 tua

289 522 427 575 ritus
481 519 656 574 sancti
695 538 708 574 :
741 518 885 589 qtmd
938 519 1059 573 ideo
1120 517 1340 573 omnino
1390 517 1583 573 fecisse
1629 519 1860 584 videtur,
1898 522 1944 578 Α
1981 521 2219 588 spondit,
2259 520 2564 575 matronam
2605 515 2894 588 quamdam
2934 516 3035 572 sibi
3067 517 3315 580 dedisse,
3347 517 3412 571 de
3437 532 3541 587 qua

291 617 416 685 quia
451 616 781 685 epiraenlum
808 618 931 670 vita:
956 656 970 680 ,
1000 615 1140 684 quod
1175 613 1316 670 Deus
1343 630 1464 669 cum
1503 617 1734 686 primum
1773 618 1870 672 ho-

293 712 520 764 minem!
545 708 807 763 formaret
829 749 843 770 ,
885 708 983 779 ipsi
1017 707 1322 763 insulIIasse
1347 709 1569 774 dicitur,
1606 709 1867 777 Spiritum

292 799 461 855 fuisse
489 810 737 854 sanctum
769 799 1023 857 credidit.
1066 798 1178 852 IIoc
1224 800 1430 854 clarius
1469 801 1612 854 dixit
1649 800 1866 854 Tertul-

293 891 474 944 Iianus
517 891 610 945 lib.
647 891 725 945 De
760 891 1035 959 baptismo,
1071 906 1191 961 cap.
1237 891 1292 957 5,
1347 893 1434 946 ubi
1481 897 1547 946 de
1583 908 1870 962 regenera-

296 985 446 1041 tIone
470 985 724 1050 hominis,
756 999 873 1053 quae
895 999 990 1054 per
1024 984 1350 1054 baptismum
1388 985 1464 1049 ﬁt,
1494 984 1575 1038 sic
1599 984 1864 1053 loquitur:

298 1091 334 1127 ε·
371 1077 448 1132 Ita
481 1077 785 1132 restituitur
823 1077 984 1131 homo
1019 1075 1129 1130 Deo
1172 1077 1238 1131 ad
1292 1077 1699 1131 similitudinem
1729 1077 1864 1143 ejus,

288 1169 382 1236 qui
423 1179 568 1222 retro
621 1168 686 1220 ad
742 1166 1034 1236 imaginem
1088 1167 1180 1222 Dei
1231 1169 1480 1223 conditus
1525 1169 1721 1235 fuerat,
1759 1178 1864 1223 etc.

288 1260 507 1330 Ilecipit
546 1261 688 1315 enim
733 1261 879 1314 illum
933 1261 1024 1314 Dei
1063 1261 1325 1328 SpiritUm
1351 1300 1367 1327 ,
1401 1277 1560 1330 quem
1616 1274 1743 1315 tunc
1805 1263 1870 1316 de

287 1350 473 1407 aﬂIatu
497 1352 613 1421 ejus
653 1359 957 1422 acceperat,
1001 1353 1094 1406 sed
1131 1363 1253 1422 pust
1301 1357 1557 1408 amiserat
1612 1370 1706 1423 per
1735 1355 1870 1408 deli-

285 1454 457 1498 ctum.
507 1463 524 1494 ι
557 1443 690 1497 Hinc
731 1445 893 1512 igitur
924 1445 1120 1499 factum
1169 1446 1399 1509 videtur,
1437 1451 1490 1497 ut
1525 1459 1591 1498 ex
1637 1459 1700 1497 eo
1729 1446 1869 1513 quod

284 1533 708 1588 insulilationem
745 1535 979 1600 Spiritus
1031 1535 1123 1588 Dei
1163 1534 1499 1603 Pamphilus,
1532 1535 1647 1588 sive
1681 1545 1872 1589 auctor

283 1627 560 1696 Apologia:
590 1626 922 1697 (intelligens
971 1627 1226 1681 nimirum
1273 1641 1371 1696 per
1422 1625 1868 1689 insulilationem,

277 1717 440 1787 juxta
494 1733 616 1773 cum
675 1720 1004 1773 adversariis
1050 1731 1186 1788 quos
1248 1718 1489 1786 refellit,
1546 1718 1683 1772 nihil
1724 1716 1871 1773 aliud

285 1825 456 1878 quam
493 1809 662 1879 ipsam
694 1811 928 1864 hominis
955 1808 1242 1878 animam),
1271 1817 1494 1879 negaret
1524 1809 1589 1864 de
1616 1810 1871 1864 substan-

289 1903 366 1957 tia
402 1916 522 1957 esse
556 1901 696 1967 Dei,
747 1903 920 1972 ipsum
966 1902 1334 1956 calumniatus
1388 1901 1552 1956 fuerit
1608 1901 1864 1975 Hierony~
1897 1889 1943 1946 Β

285 2011 434 2061 mus,
467 1996 623 2066 quasi
662 1995 983 2062 docuisset,
1018 1994 1280 2065 Spiritum
1318 1996 1409 2050 Dei
1440 2020 1456 2061 ,-
1489 1995 1704 2049 tertiam
1736 1995 1872 2051 divi-

288 2088 481 2143 uitatis
514 2099 824 2158 personam,-
853 2089 918 2143 de
949 2088 1256 2143 substantia
1293 2087 1384 2142 Dei
1422 2103 1529 2143 non
1553 2101 1695 2153 esse,
1745 2102 1873 2157 pro-

286 2179 525 2251 indeque
554 2180 647 2236 Dei
678 2181 1008 2246 ministrum,
1037 2181 1155 2235 sive
1182 2191 1485 2236 creaturam
1520 2197 1660 2237 esse.
1692 2182 1748 2236 Si
1783 2180 1870 2236 eiii

289 2285 476 2329 autem
530 2276 647 2330 haec
698 2274 1007 2343 conjectura
1042 2286 1227 2329 nostra
1282 2276 1461 2330 minus
1505 2276 1739 2347 placeat,
1794 2275 1870 2329 illi

290 2366 607 2421 necessario
662 2365 946 2421 dicendum
1008 2366 1246 2432 videtur,
1315 2367 1497 2421 Ruﬁni
1566 2368 1870 2422 versionem

289 2460 564 2529 Apologia?
600 2459 864 2530 Pamphili
914 2463 982 2518 ab
1016 2463 1253 2516 inimicis
1297 2461 1414 2530 ejus
1459 2471 1514 2515 et
1555 2460 1871 2531 Hieronymi

286 2551 572 2620 partiariis
622 2564 931 2622 corruptam
991 2555 1191 2618 fuisse;
1243 2565 1405 2623 atque
1454 2568 1520 2608 ex
1578 2555 1873 2626 depravato

289 2644 476 2711 aliq-uo
508 2644 698 2699 codice
754 2645 912 2699 istam
955 2647 1386 2701 criminationem
1424 2645 1716 2714 arripuisse
1749 2644 1874 2699 Ilie-

292 2751 608 2805 rouymum.
656 2737 802 2791 Sane
831 2738 897 2793 de
926 2738 1014 2792 tali
1059 2739 1256 2807 injuria
1292 2739 1720 2806 interpretationi
1764 2753 1873 2791 sua:

290 2827 558 2882 librorum
597 2827 847 2898 Origenis
894 2831 1036 2898 Περὶ
1063 2829 1267 2898 ἀρχῶν
1325 2829 1467 2884 facta
1523 2830 1874 2898 conqueritur

291 2921 413 2991 ipse
443 2921 690 2988 Ruﬁnus,
739 2923 904 2985 Deum
941 2922 1381 2994 καρδιογνώστην
1437 2923 1647 2992 injuria:
1700 2922 1876 2975 vindi-

290 3022 412 3068 cem
435 3014 729 3085 appellans.
762 3015 853 3069 Sic
880 3017 1022 3071 enim
1053 3017 1139 3071 ille
1177 3016 1229 3070 in
1273 3014 1664 3069 Invectivarum
1687 3014 1877 3067 adver-

294 3118 388 3161 sus
411 3104 790 3178 Hieronymum
825 3106 918 3161 lib.
948 3122 964 3160 ι
993 3107 1108 3177 (45)
1137 3123 1150 3159 :
1184 3123 1204 3156 ι
1236 3103 1378 3176 Ipsa,
1407 3105 1548 3159 sicut
1585 3106 1876 3158 transtule-

298 3215 459 3262 ram,
493 3214 609 3253 mea
661 3199 825 3253 verba
887 3199 1212 3268 posuissent.
1271 3197 1378 3252 Sed
1437 3209 1580 3249 nunc
1633 3194 1874 3247 ausculta

297 3292 425 3359 quid
472 3291 682 3345 faciunt
718 3308 732 3345 :
762 3298 816 3345 et
863 3289 1053 3361 ﬂagitii
1081 3304 1273 3344 eorum
1328 3287 1582 3356 require,
1611 3285 1654 3338 si
1709 3285 1874 3338 ullum

296 3381 578 3450 praecessit
607 3380 934 3448 exemplum.
967 3381 1023 3435 In
1052 3396 1116 3435 eo
1142 3381 1279 3445 loco,
1309 3381 1398 3434 ubi
1422 3376 1688 3445 scriptum
1712 3387 1831 3430 erat
1858 3394 1873 3431 :

301 3475 456 3541 Quod
482 3477 528 3530 si
565 3476 801 3545 requiras
823 3490 855 3525 a
894 3489 995 3537 me,
1025 3473 1152 3542 quid
1173 3474 1332 3526 etiam
1355 3475 1420 3529 de
1453 3476 1567 3544 ipso
1598 3474 1877 3546 Unigenita

301 3568 560 3630 sentiam;
587 3566 631 3620 si
677 3581 737 3617 ne
763 3565 872 3632 ipse
899 3566 1108 3632 quidem
1133 3564 1386 3618 visibilem
1435 3566 1608 3619 dicam
1645 3565 1741 3620 Dei
1787 3583 1879 3620 na-

301 3672 502 3722 turam,
530 3659 618 3729 qui
652 3657 969 3711 naturaliter
1002 3656 1276 3711 invisibilis
1298 3665 1410 3722 est;
1441 3673 1544 3711 non
1583 3657 1676 3710 tibi
1700 3659 1876 3711 statim

299 3752 378 3805 uel
412 3750 628 3818 impium
677 3749 912 3802 videatur
948 3755 1090 3813 esse‘,
1139 3749 1218 3803 vel
1256 3749 1545 3803 absurdum
1574 3767 1591 3803 :
1619 3751 1876 3804 rationem

300 3843 490 3912 quippe
555 3843 794 3896 dabimus
848 3853 1220 3912 consequenter
1259 3858 1418 3912 :-pro
1475 3857 1539 3896 eo
1584 3845 1729 3912 quod
1781 3859 1879 3898 nos

303 3937 642 4007 scripsimus,
684 3937 938 3990 rationem
967 3939 1155 4006 quippe
1192 3938 1434 3991 dabimus
1474 3947 1878 4010 consequenter;

303 4029 380 4084 illi
429 4030 765 4098 scripserunt
795 4047 806 4082 :
835 4046 934 4082 non
962 4031 1054 4082 tibi
1084 4032 1263 4083 statim
1298 4032 1519 4097 impium
1573 4032 1648 4084 vel
1696 4031 1882 4084 absur-

301 4124 432 4177 dum
462 4123 700 4176 videntur
728 4138 836 4176 esse
855 4162 869 4186 ,
913 4124 1040 4192 quia
1082 4123 1215 4176 sicut
1245 4123 1414 4176 Filius
1444 4121 1658 4177 Patrem
1684 4139 1786 4176 non
1807 4123 1884 4176 vi-

304 4216 412 4279 det,
436 4217 512 4268 ita
543 4231 634 4268 nec
681 4213 914 4283 Spiritus
942 4226 1154 4269 sanctus
1198 4216 1332 4268 videt
1362 4213 1587 4269 Filium.
1616 4215 1728 4269 IIoe
1755 4215 1799 4269 si
1831 4215 1881 4268 in

307 4305 427 4360 foro
456 4308 666 4375 positus
692 4345 708 4368 ,
747 4307 830 4358 vel
886 4307 1121 4376 negotiis
1147 4307 1496 4362 saeularibus
1523 4307 1886 4362 commisisset

306 4395 416 4461 ille,
450 4397 540 4465 qui
566 4397 634 4450 de
677 4400 1003 4452 monasterio
1038 4399 1287 4462 llomam,
1320 4400 1476 4467 quasi
1513 4399 1880 4453 calumniandi

307 4487 692 4557 peritissimus,
722 4489 919 4542 missus
944 4497 1029 4543 est
1064 4507 1076 4541 :
1123 4499 1324 4543 norunt
1349 4504 1565 4555 omnes,
1606 4492 1736 4560 quid
1760 4507 1882 4548 con-

1977 625 2076 683 ego
2105 653 2120 678 ,
2160 626 2501 680 quaacunque
2536 609 2623 663 illa
2656 618 2781 675 est,
2817 608 2950 663 nihil
2979 609 3127 674 dico";
3181 609 3274 663 sed
3307 608 3389 662 sui
3424 623 3544 663 eam

1970 715 2025 759 et
2055 705 2145 759 Dei
2179 703 2529 758 conscientiae
2565 701 2908 771 derelinquo.
2946 720 2963 752 ι
2999 701 3174 770 Atque
3195 701 3258 756 de
3281 699 3544 771 Pamphili

1971 796 2225 864 Apologia
2250 812 2342 865 pro
2378 796 2623 867 Origene,
2669 795 2784 849 haec
2811 793 2864 847 in
2897 795 3302 862 praesentiarum
3347 794 3546 848 dixisse

1970 889 2216 944 Sufﬁciat.

2043 981 2070 1051 ς)
2105 979 2262 1034 XXII.
2289 979 2528 1049 UICapul
2560 980 2658 1034 hoc
2687 979 2900 1034 tandem
2931 977 3197 1042 claudam,
3229 979 3354 1032 dum
3385 977 3544 1030 allata

1972 1074 2218 1143 superius
2248 1072 2498 1143 Origenis
2548 1073 2667 1127 loca
2698 1071 2958 1124 attentius
2992 1071 3288 1139 perpendo,
3322 1069 3393 1122 ita
3427 1079 3543 1122 me-‘

1971 1183 2092 1223 cum
2131 1177 2348 1223 statuo:
2413 1167 2634 1222 Patrem
2677 1167 2867 1228 illum,
2914 1175 2992 1218 tot
3024 1164 3390 1232 theologorum
3441 1170 3548 1234 qua

1979 1270 2224 1313 veterum
2251 1275 2355 1329 qua
2400 1261 2760 1313 recentiorum
2795 1259 3041 1313 censuris
3072 1261 3349 1324 Vexatum,
3387 1259 3438 1312 in
3465 1269 3545 1311 ar:

1975 1352 2140 1405 ticqu
2184 1352 2250 1405 de
2284 1350 2405 1405 Filii
2437 1353 2724 1406 divinitate
2745 1393 2759 1415 ,
2797 1353 3036 1420 adeoqtte
3064 1353 3128 1404 de
3156 1358 3339 1404 saneta
3372 1348 3548 1403 Trini-

1977 1451 2082 1495 tate
2107 1455 2295 1496 revera
2338 1442 2666 1496 catholicum
2700 1442 2868 1496 fuisse
2905 1459 2917 1494 :
2947 1455 3256 1511 quanquam
3292 1443 3343 1494 in
3389 1441 3548 1494 modo

1973 1531 2263 1588 articulum
2317 1535 2620 1604 eXplicandi
2649 1575 2665 1600 ,
2710 1535 2871 1589 aliter
2919 1549 3302 1602 nonnunquam
3339 1533 3548 1586 locutus

1974 1627 2140 1684 fuerit
2161 1668 2176 1692 ,
2208 1643 2369 1698 quam
2408 1628 2568 1683 hodie
2595 1627 2859 1683 Catholici
2885 1628 3092 1693 solent;
3125 1625 3265 1695 quod
3297 1625 3394 1694 ipsi
3425 1639 3548 1679 cum

1975 1721 2194 1789 reliquis
2227 1721 2338 1774 fere
2366 1719 2616 1774 omnibus
2647 1719 2901 1774 Patribus
2923 1760 2939 1786 ,
2980 1719 3069 1789 qni
3119 1717 3408 1772 concilium
3459 1715 3552 1770 Ni:

1975 1818 2182 1868 caenum
2237 1819 2690 1878 antecesserunt,
2729 1825 3016 1865 commune
3069 1809 3186 1863 fuit.
3237 1808 3347 1864 Imo
3394 1809 3553 1864 liceat

1977 1905 2109 1960 mihi
2151 1904 2204 1960 in
2253 1904 2474 1974 scriptis
2503 1901 2756 1973 Origenis
2795 1915 2898 1956 non
2929 1902 3281 1972 indiligenter
3311 1903 3549 1962 Versato.

1977 2008 2097 2068 post
2154 2006 2409 2052 accurate
2460 2011 2751 2064 expensam
2803 1995 2966 2050 etiam
3021 1995 3189 2065 ipsius
3219 1994 3552 2050 aveteribus

1975 2091 2304 2160 descriptam
2333 2088 2654 2152 historiam,
2676 2089 2941 2159 judicidm
2975 2103 3151 2143 meum
3189 2088 3255 2144 de
3284 2088 3552 2158 theologia

1975 2183 2095 2252 ejus
2142 2182 2439 2236 universim
2475 2181 2644 2236 libere
2669 2222 2683 2247 ,
2715 2181 2923 2250 absque
2981 2180 3299 2251 cujusquam
3353 2181 3552 2236 invidia

1975 2274 2237 2344 proferre.
2275 2273 2406 2328 Erat
2435 2273 2517 2328 vir
2556 2273 2666 2338 ille,
2697 2281 2757 2327 ut
2790 2282 2984 2329 annuas
3031 2274 3400 2338 consentiunt,
3430 2275 3552 2329 exi-

1977 2369 2082 2422 mie
2109 2367 2327 2437 quidem
2383 2367 2535 2434 pius;
2570 2366 2665 2421 sed
2710 2366 2908 2421 curiosi
2957 2366 3182 2420 nimium
3211 2380 3274 2420 ac
3308 2377 3447 2435 pene
3472 2364 3552 2418 la-

1975 2460 2249 2515 scivientis
2295 2460 2512 2530 ingenii.
2549 2459 2731 2514 Pietas
2791 2468 2846 2512 et
2880 2459 3070 2529 religio
3099 2459 3344 2514 cohibuit
3381 2460 3554 2514 homi-

1976 2568 2120 2616 nem,
2153 2566 2261 2623 quo
2311 2554 2491 2608 minus
2525 2553 2580 2606 in
2615 2555 2802 2623 regula
2835 2551 2960 2607 ﬁdei
2995 2551 3171 2622 (cujus
3200 2567 3328 2622 pars
3364 2568 3555 2622 magna

1975 2655 2058 2701 est
2087 2647 2280 2717 dogma
2308 2648 2373 2700 de
2403 2646 2752 2700 sanctissima
2802 2644 3113 2715 Trinitate),
3156 2644 3447 2715 quidquam
3476 2644 3559 2698 in-

1977 2748 2225 2794 novaret.
2264 2737 2331 2791 In-
2361 2738 2484 2791 aliis
2533 2746 2700 2800 vero,
2734 2752 2855 2806 quae
2901 2737 3048 2791 salva
3102 2736 3225 2792 ﬁdei
3279 2736 3458 2808 regula
3504 2739 3578 2789 in"

1978 2832 2404 2889 controversiam
2439 2831 2624 2884 vocari
2648 2839 2922 2899 poterant,
2952 2831 3177 2885 nimium
3216 2831 3434 2901 ingenio
3458 2838 3559 2885 suo

1979 2925 2284 2996 indulgens,
2325 2939 2429 2979 non
2456 2937 2624 2993 pauca
2659 2922 2880 2992 protulit
2915 2937 2945 2976 a
2971 2923 3329 2977 etimmuniori
3365 2921 3556 2977 docto-

1981 3030 2098 3073 rum
2138 3019 2238 3073 sibi
2287 3017 2567 3089 ὁμηλικῶν
2602 3015 2878 3071 sententia
2927 3015 3142 3086 longius
3170 3016 3556 3084 discrepantia.

1982 3110 2099 3164 Huc
2126 3110 2304 3164 refero
2332 3108 2605 3177 paradoxa
2637 3106 2726 3161 illa
2775 3107 2841 3161 de
2872 3106 3064 3160 animae
3103 3104 3556 3175 prmes‘sistentia,

1981 3202 2047 3256 de
2075 3201 2433 3254 luminaribus
2462 3199 2585 3254 caeli
2634 3197 2890 3252 animatis
2914 3237 2930 3262 ,
2963 3199 3028 3251 de
3061 3197 3284 3251 inﬁnitis
3324 3198 3560 3262 mundis,

1980 3301 2034 3346 et
2069 3291 2289 3346 similia.
2327 3291 2435 3346 Sed
2480 3301 2536 3346 et
2587 3294 2640 3344 in
2692 3291 2779 3344 his
2813 3289 3163 3343 conservavit
3216 3289 3560 3354 modestiam,-

1979 3395 2096 3454 quae
2126 3385 2272 3453 pium
2298 3384 2516 3447 decuit;
2570 3398 2690 3437 cum
2720 3393 2782 3435 ea
2812 3382 3157 3451 proposuerit
3195 3394 3300 3436 non
3336 3383 3559 3454 dogma-

1982 3477 2085 3532 tiee
2115 3487 2170 3530 et
2205 3484 2607 3539 asseveranter,
2644 3473 2738 3529 sed
2759 3483 3012 3543 tanquam
3037 3473 3316 3528 veritatem
3339 3475 3392 3529 in
3416 3488 3564 3546 qum;

1981 3569 2249 3626 stio‘nibus
2279 3569 2516 3622 nondum
2545 3567 2802 3622 Ecclesia:
2845 3566 3051 3636 judicio
3078 3577 3336 3637 eapresse
3366 3569 3564 3638 ,ldeﬁni-

1984 3663 2050 3716 tis
2076 3660 2369 3730 diligenter
2401 3661 2705 3729 inquirens.
2736 3660 2850 3726 Qua
2881 3661 2949 3713 de
2993 3675 3052 3715 re
3085 3660 3308 3715 consule
3340 3663 3562 3714 omnino

1981 3753 2244 3823 Pamphili
2277 3752 2585 3824 Apologiam
2613 3793 2628 3818 ,
2662 3753 2714 3806 in
2750 3752 3068 3823 praefatione
3092 3795 3108 3821 ,
3162 3768 3266 3807 non
3309 3753 3463 3824 longe
3495 3757 3562 3807 ab

1983 3847 2136 3901 initio
2173 3843 2306 3916 (44).

2056 3939 2081 4009 §
2116 3937 2305 3993 XXIII.
2344 3938 2456 3993 Hoc
2477 3947 2715 3993 nostrum
2751 3939 2818 3994 de
2853 3939 3083 4010 Origene
3113 3939 3398 4009 judiéium,
3423 3954 3562 4008 prae-

1986 4044 2068 4087 ter
2099 4033 2413 4087 testimonia
2463 4031 2573 4100 jam
2610 4047 2639 4086 a
2688 4034 2844 4088 nobis
2875 4033 2927 4086 in
2959 4032 3062 4088 hoc
3107 4033 3284 4103 capite
3310 4033 3561 4094 adducta,

1985 4123 2153 4178 multa
2189 4123 2292 4178 alia
2323 4123 2669 4178 conﬁrmant.
2715 4117 2900 4177 Primo
2935 4123 3250 4179 defensures
3292 4124 3562 4193 Origenis,

1986 4218 2076 4288 qui
2110 4218 2162 4271 in
2191 4217 2419 4272 articqu
2449 4217 2513 4272 de
2542 4224 2729 4271 saneta
2782 4216 3053 4271 Trinitate
3099 4216 3351 4271 catholici
3388 4214 3562 4278 fuero,

1986 4322 2108 4365 cum
2132 4309 2242 4364 alia
2278 4310 2378 4380 ipsi
2407 4310 2610 4365 tributa
2639 4309 2967 4366 heterodoxa
2993 4312 3210 4380 placita,
3234 4319 3352 4380 quae
3373 4325 3566 4379 nempe

1989 4406 2145 4460 modo
2168 4404 2733 4466 commemoravimus.
2809 4419 2914 4458 non
2961 4401 3339 4467 difﬁterentur,
3382 4418 3444 4457 ea
3480 4399 3586 4457 vel'

1989 4505 2334 4560 cacusantes,
2365 4497 2448 4550 vel
2482 4496 2645 4549 etiam
2686 4494 3040 4549 defendentes
3070 4514 3082 4549 :
3118 4512 3237 4550 cum
3266 4495 3563 4550 Catholicis

308 4589 628 4650 sequeretur
676 4597 742 4636 ex
795 4581 1003 4651 legibus
1053 4582 1287 4652 publicis
1325 4583 1588 4651 ejusmodi
1634 4586 1879 4640 criminis
1915 4603 1963 4663 ι)
1993 4598 2169 4640 tamen
2213 4584 2466 4640 omnibus
2497 4587 2561 4639 de
2605 4585 2878 4640 Trinitate
2923 4585 3162 4640 sensisse
3203 4586 3354 4639 illum
3387 4587 3563 4656 ipsum

307 4693 454 4733 reus.
485 4676 637 4730 Nunc
664 4691 792 4729 vero
831 4679 955 4744 quia
1005 4676 1322 4732 saecularem
1349 4677 1514 4731 vitam
1552 4678 1788 4747 reliquit,
1821 4689 1877 4734 et

309 4785 338 4822 a
373 4766 819 4834 tergiversatione
866 4765 955 4818 illa
1004 4776 1223 4820 actuum
1264 4767 1602 4833 publicorum
1650 4769 1715 4821 ad
1771 4785 1885 4823 mo-

309 4859 608 4915 nasterium
640 4873 934 4912 conversus
957 4867 1082 4923 est,
1117 4867 1170 4914 et
1207 4859 1436 4914 adhaesit
1481 4861 1741 4931 magistro
1785 4875 1883 4916 no-’

307 4953 401 5009 bili
433 4969 449 5006 :
485 4953 552 5005 ab
584 4952 700 5021 ipso
735 4954 958 5006 docetur
987 4951 1182 5006 iterum
1237 4968 1335 5014 pro
1370 4954 1633 5008 modestia
1679 4953 1886 5020 furere,

307 5045 584 5112 insanire;
618 5060 714 5113 pro
763 5045 945 5113 quiete
997 5045 1291 5101 seditiones
1338 5054 1596 5113 movere;
1627 5063 1724 5116 pro
1756 5062 1887 5116 pace

308 5151 526 5191 movere
568 5135 807 5201 bellum;
863 5150 960 5205 pro
1013 5138 1302 5191 concordia
1359 5152 1577 5192 movere
1622 5139 1883 5204 dissidia;

308 5229 546 5300 perﬁdus
571 5243 691 5282 esse
718 5243 814 5297 pro
853 5230 977 5291 ﬁde;
1004 5244 1100 5298 pro
1136 5231 1364 5284 veritate
1393 5229 1669 5285 falsarius.
1709 5251 1726 5281 ι
1761 5230 1884 5286 Mox

308 5320 506 5376 ibidem
545 5322 611 5374 de
645 5321 869 5376 falsario
909 5321 1002 5376 illo
1029 5333 1214 5376 narrat
1255 5324 1399 5377 ista:
1439 5340 1458 5375 ‹
1498 5324 1631 5379 Cum
1664 5324 1881 5390 falsam,

307 5413 502 5484 inquit,
536 5414 842 5484 hujusmodi
871 5416 1193 5470 sententiam
1231 5417 1370 5484 apud
1405 5415 1763 5470 Mediolanum
1792 5432 1879 5470 re-

304 5506 526 5574 citaret,
554 5516 661 5561 eta
694 5523 801 5570 me,
849 5523 971 5578 quae
998 5510 1269 5580 exigebat,
1289 5510 1447 5581 [falsa
1481 5525 1600 5566 esse
1631 5512 1874 5566 diceren-

265 5623 281 5641 ο
307 5605 424 5664 tur;
455 5599 818 5668 interrogatus
841 5617 870 5656 a
907 5617 1036 5672 quo
1064 5604 1364 5673 accepisset
1399 5605 1725 5675 exemplaria
1755 5646 1769 5672 ,
1797 5619 1879 5661 re-‘

379 5717 490 5801 (l3)
521 5717 866 5801 Inter_9ﬂpera
897 5723 1118 5788 Hieron.
1148 5726 1278 5782 edit.
1315 5725 1608 5784 Martianaei
1641 5739 1769 5786 tom.
1792 5733 1878 5801 IV,

328 5798 468 5858 part.
490 5805 548 5855 ιι,
573 5805 624 5858 p.
653 5792 776 5846 572.

407 5857 520 5930 μά)
560 5857 690 5918 Vide
731 5874 786 5920 et
815 5865 990 5924 Huctii
1018 5866 1320 5938 Origenian.
1349 5870 1438 5926 lib.
1468 5886 1529 5940 ιι,
1569 5882 1758 5943 quaest.
1791 5874 1880 5942 ll,-

1990 4675 2278 4748 Origenem
2336 4680 2535 4732 acriter
2569 4679 2989 4733 contenderunt.
3025 4677 3136 4733 Hac
3175 4681 3388 4734 ratione
3433 4679 3559 4734 Ori-

1991 4787 2179 4842 geriem
2207 4770 2510 4826 defendisse
2540 4770 2875 4839 Pamphilum
2920 4781 3239 4842 martyrem,
3278 4785 3331 4827 et
3359 4789 3569 4843 anony-

1993 4881 2134 4920 Inum
2160 4865 2511 4934 apologistam
2547 4865 2690 4933 apud
2718 4862 2970 4918 Photium
3006 4865 3162 4933 paqu
3210 4876 3334 4920 ante
3382 4874 3566 4919 osten-

1992 4959 2190 5013 dimus.
2240 4957 2610 5025 Eamdemque
2639 4958 2778 5010 viam
2829 4957 3050 5012 inivisse
3080 4959 3130 5011 in
3184 4974 3280 5012 sua
3314 4957 3564 5025 Origenis

1994 5051 2306 5107 defensione
2342 5051 2625 5121 Didymum
2665 5049 3088 5104 Alexandrinum
3137 5051 3312 5102 virum
3368 5050 3571 5116 pietate

1992 5158 2046 5200 et
2064 5146 2368 5200 eruditione
2400 5144 2690 5212 insignem,
2719 5151 2772 5196 ct
2801 5141 3032 5197 Nicaeum
3067 5142 3186 5194 tidci
3237 5141 3566 5196 constantis-

1992 5240 2722 5308 simumpropugnatorem,
2774 5243 2963 5288 auctor
3018 5241 3099 5286 est
3135 5233 3246 5302 ipse
3302 5230 3565 5301 Hierony-
3635 5220 3642 5224 ’

1993 5350 2114 5386 mus
2149 5331 2286 5402 (45),
2340 5331 2428 5398 qui
2478 5330 2700 5398 Apolog.
2748 5329 2952 5382 advers.
3000 5324 3204 5394 Ruﬁu.,
3240 5324 3332 5379 Iih.
3385 5340 3443 5390 ιι,
3491 5325 3570 5377 sic

1994 5427 2168 5495 ipsum
2197 5421 2452 5477 Ruﬁnum
2477 5422 2811 5492 alloquitur:
2851 5430 2870 5471 ι
2918 5419 3080 5485 Quid,
3112 5417 3308 5487 inquit,
3341 5426 3567 5486 respou~

1993 5518 2146 5574 debis
2169 5533 2268 5587 pro
2299 5516 2528 5586 Didymo
2557 5556 2572 5582 ,
2591 5516 2683 5585 qui
2710 5523 2856 5569 certe
2884 5515 2938 5568 in
2968 5513 3234 5568 Trinitate
3258 5511 3570 5568 Catholicus

1995 5609 2125 5664 est?
2170 5607 2325 5675 cujus
2351 5608 2514 5663 etiam
2550 5617 2651 5663 nos
2682 5607 2748 5662 de
2783 5605 2991 5676 Spiritu
3034 5615 3224 5662 sancto
3271 5603 3466 5661 librum
3516 5605 3574 5659 iu

2003 5746 2120 5800 cap.
2163 5733 2217 5794 '5,
2259 5746 2404 5786 num.
2435 5730 2492 5783 II
2539 5729 2711 5800 etilﬂ,
2741 5745 2792 5798 p.
2819 5727 2944 5782 255.

2072 5796 2184 5872 (45)
2217 5804 2356 5856 Inter
2377 5796 2822 5872 Qperallieruhq
2863 5810 2993 5855 tom.
3019 5796 3087 5854 IV
3134 5797 3266 5856 edit.
3320 5797 3572 5854 Martium

2001 5869 2140 5944 part.
2168 5869 2229 5941 ἰι,
2269 5887 2323 5942 p.
2357 5870 2481 5939 408,
2513 5869 2635 5927 409.:
