4068 6312
551 392 567 440 l
581 387 685 444 ΞΨΖ

548 507 798 560 Latinam
826 502 1065 573 linguam
1108 496 1416 554 vertimus?
1445 497 1604 552 Certe
1642 494 1732 550 hic
1771 493 1824 547 in
1865 492 1949 547 his
1972 530 1988 556 ,
2017 506 2136 561 qum
2166 500 2212 553 Α

548 600 617 655 ab
645 596 915 652 haereticis
944 595 997 648 in
1024 592 1279 664 Origenis
1306 591 1565 662 operibus
1616 587 1802 643 addita
1831 594 1977 649 sunt,
2005 600 2137 639 con-

550 691 754 745 sentire
787 705 892 744 non
928 687 1103 758 potuit
1136 707 1149 742 :
1182 697 1237 739 et
1269 685 1324 740 in
1353 684 1490 755 ipsis
1531 682 1673 752 Περὶ
1718 680 1945 751 ἀρχῶν,
2004 694 2142 749 quos

554 793 608 836 ιιι
641 783 1029 852 interpretatus
1055 795 1138 844 es,
1178 778 1331 834 libris
1359 779 1552 833 breves
1590 776 1819 832 dictavit
1867 788 2142 828 commen-

556 875 775 931 tariolos
803 917 818 941 ,
867 873 1065 943 quibus
1095 888 1202 927 non
1241 881 1467 942 negaret
1508 872 1577 925 ah
1622 867 1859 939 Origene
1886 867 2092 937 scripta
2123 905 2140 930 ,

553 983 674 1038 quae
703 966 905 1036 scripta
935 975 1099 1031 sunt,
1129 966 1222 1021 sed
1256 980 1355 1021 nos
1402 964 1686 1035 simplices
1734 962 1984 1018 homines
2034 977 2138 1015 non

554 1073 713 1127 posse
762 1059 1064 1129 intelligere
1119 1074 1239 1127 quae
1281 1058 1584 1113 dicuntur:
1619 1067 1675 1114 et
1722 1072 1831 1127 quo
1882 1070 2046 1111 sensu
2089 1057 2143 1109 in

558 1153 751 1205 bonam
776 1160 985 1221 partem
1008 1151 1184 1218 accipi
1219 1151 1476 1215 debeant,
1510 1153 1842 1221 persuadere
1882 1158 2144 1204 conatur.

556 1242 671 1305 Hoc
698 1243 964 1299 duntaxat
999 1245 1066 1298 de
1103 1243 1242 1299 Filio
1281 1254 1334 1298 et
1365 1243 1575 1315 Spiritu
1628 1251 1844 1300 sancto.
1872 1241 2142 1297 Caeterum

557 1337 613 1391 in
664 1335 784 1391 aliis
823 1336 1172 1406 dogmatibus
1218 1346 1274 1391 et
1301 1334 1572 1393 Eusebius
1605 1346 1662 1392 et
1684 1335 1950 1406 Didymus
1978 1347 2146 1403 aper-

559 1429 767 1484 tissime
814 1428 865 1482 in
901 1428 1155 1499 Origenis
1184 1430 1325 1484 scita
1377 1428 1731 1484 concedunt:
1765 1435 1822 1481 et
1852 1425 1998 1496 quod
2030 1438 2150 1478 om-

558 1536 656 1577 nes
685 1520 944 1575 Ecclesia:
996 1522 1291 1591 reprobant
1315 1560 1331 1586 ,
1394 1520 1677 1576 Catholice
1723 1526 1781 1574 et
1818 1517 1905 1587 pie
1942 1517 2145 1572 dictum

557 1629 678 1670 esse
707 1613 1021 1669 defendunt.
1060 1633 1079 1665 ι
1110 1614 1304 1668 Notatu
1352 1626 1569 1682 quoque
1598 1612 1763 1682 digna
1797 1618 1927 1665 sunt
1957 1609 2024 1663 de
2052 1607 2147 1662 Ba-

562 1704 685 1759 silio
710 1703 905 1774 Magno
943 1712 999 1757 et
1022 1701 1287 1773 Gregorio
1314 1701 1664 1758 Nazianzeno
1689 1700 1859 1756 verba
1901 1698 2153 1754 Socratis

562 1795 771 1849 Histor.
821 1795 1004 1849 eccles.
1055 1794 1146 1849 lib.
1200 1810 1273 1858 ιν,
1327 1810 1445 1864 cap.
1477 1794 1533 1858 6,
1560 1792 1774 1859 Καίτοι,
1806 1791 2004 1862 inquit,
2040 1788 2150 1844 τῶν

573 1882 864 1958 Ἀρειανῶν
908 1882 975 1935 τὰ
1017 1883 1323 1955 Ὠριγένους
1366 1882 1544 1953 βιϐλία
1594 1883 1674 1946 είς
1713 1881 2038 1954 μαρτυρίαν,
2075 1881 2151 1945 ὡς

561 1978 752 2048 ᾤοντο,
780 1974 872 2028 τοῦ
905 1974 1034 2027 ἰδίου
1053 1975 1359 2029 καλούντων
1385 1976 1673 2047 δόγματος,
1719 1976 1873 2029 αὐτοὶ
1923 1972 2152 2044 ἐξήλεγ-

567 2092 680 2145 χον,
712 2078 806 2131 καὶ
838 2076 1108 2129 ἐδείκνυον
1139 2071 1213 2143 μὴ
1241 2072 1537 2142 νοήσαντας
1568 2068 1663 2123 τοῦ
1693 2070 1998 2142 Ὠριγενους
2022 2067 2150 2121 σύν-

567 2188 706 2235 εσιν,
738 2171 790 2225 id
821 2180 926 2233 est,
957 2189 974 2221 ι
1012 2169 1077 2223 Et
1114 2166 1364 2238 quamvis
1400 2164 1586 2220 Ariani
1617 2164 1782 2218 libros
1808 2162 2057 2232 Origenis
2086 2162 2155 2216 ad

570 2261 839 2331 dogmatis
878 2261 995 2324 sui,
1033 2268 1089 2312 nt
1140 2255 1421 2327 putabant,
1470 2254 1941 2309 conﬁrmationem
1986 2253 2155 2307 adduo

565 2364 788 2421 cerent;
840 2353 913 2409 illi
967 2365 1147 2408 tamen
1199 2364 1296 2405 eos
1347 2348 1780 2416 redarguerunt,
1815 2355 1872 2401 et
1905 2343 2156 2417 Origenis

566 2446 868 2502 doctrinam
922 2446 1093 2500 abiis
1141 2456 1483 2512 nequaquam
1532 2439 1765 2510 intelligi
1813 2439 2155 2494 demonstra-

568 2550 714 2595 runt.
756 2558 774 2592 ι
836 2536 1129 2601 Secundo,
1161 2534 1499 2604 antiquiores
1543 2530 1797 2603 Origenis
1844 2530 2051 2586 inimici
2102 2540 2160 2584 et

567 2631 865 2687 adversarii
902 2629 1162 2699 praecipui
1188 2669 1202 2691 ,
1231 2627 1323 2697 qui
1356 2628 1421 2681 de
1450 2625 1574 2680 aliis
1601 2622 1872 2679 acerrime
1909 2632 1964 2677 et
1987 2620 2156 2677 irrele-

567 2733 780 2779 menter
832 2724 995 2778 nimis
1043 2722 1221 2791 ipsum
1273 2720 1663 2790 exagitarunt,
1714 2716 1782 2770 de
1816 2714 1996 2784 aliqua
2042 2714 2158 2782 ejus

584 2816 777 2871 ha>resi
810 2816 954 2870 circa
996 2811 1281 2867 Trinitatis
1307 2813 1502 2879 dogma
1535 2810 1647 2864 fere
1699 2807 1992 2862 siluerunt;
2023 2805 2156 2860 Nam

572 2908 828 2964 Socrates
866 2906 1014 2960 Hist.
1062 2904 1242 2959 eccles.
1277 2902 1370 2956 lib.
1401 2916 1476 2967 vi,
1503 2915 1623 2970 cap.
1653 2899 1722 2954 l5
1744 2940 1759 2964 ,
1797 2899 1864 2954 de
1890 2897 2160 2968 primariis

578 3001 834 3071 Origenis
864 2998 1274 3054 accusatorilms
1302 3034 1319 3058 ,
1367 2993 1643 3048 Methodio
1693 3006 1914 3062 nempe,
1967 2989 2162 3045 Eusta-

589 3095 727 3158 thio,
761 3091 1062 3162 Apollinari
1114 3098 1169 3144 et
1202 3086 1504 3157 TheOphilo
1561 3084 1720 3154 (quos
1751 3082 1972 3137 liberius
2010 3082 2161 3136 locu-

580 3194 666 3238 tus
695 3181 1007 3249 κακολόγων
1034 3175 1334 3249 τετρακτύν
1368 3191 1387 3226 ι
1431 3173 1813 3229 maledicorum
1847 3167 2162 3241 quaternio-
2186 3208 2228 3264 ϐ

574 3292 698 3334 nem
730 3296 746 3328 ι
786 3272 1105 3343 inmcnpat),
1136 3286 1305 3342 agens
1334 3310 1350 3331 .
1382 3268 1500 3322 lucc
1534 3267 1601 3321 de
1648 3266 1782 3336 ipsis
1817 3263 2161 3319 animadver-

574 3370 639 3423 tit
670 3386 685 3423 :
728 3363 870 3434 Ἐγὼ
899 3363 956 3416 δέ
991 3381 1063 3426 τι,
1092 3362 1290 3430 inquit,
1324 3357 1420 3411 καὶ
1463 3355 1624 3409 πλέον
1681 3357 1745 3408 ὲκ
1796 3353 1893 3425 τῆς
1941 3349 2162 3406 ἐκείνων

572 3459 862 3521 αἰτιάσεως
891 3458 970 3521 είς
998 3453 1255 3509 σύστασιν
1286 3448 1592 3522 Ὠριγένους
1612 3445 1755 3517 φημί
1777 3463 1790 3477 ·
1819 3445 1869 3497 oi
1888 3444 1999 3515 γὰρ
2014 3441 2165 3513 κινή-

574 3569 764 3616 σαντες
827 3551 1036 3618 ὅσαπερ
1056 3547 1224 3619 ᾣοντο
1260 3543 1529 3615 μέμψεως
1554 3537 1680 3605 ἄξια
1699 3578 1715 3603 ,
1748 3537 1815 3591 δι’
1848 3531 1944 3602 ὧν,
1968 3537 2044 3599 ὡς
2069 3552 2164 3587 κα-

574 3644 689 3708 κῶς
728 3643 1019 3709 δοξάζοντα
1074 3638 1202 3710 περὶ
1246 3636 1346 3707 τῆς
1401 3633 1564 3703 ἁγίας
1627 3630 1857 3702 Τριάδος
1897 3628 2005 3682 οὐδ’
2030 3627 2165 3690 ὅλως

577 3736 914 3808 ἐμέμψαντο,
967 3731 1277 3785 δείκνυνται
1335 3723 1650 3798 περιφανῶς
1676 3724 1775 3795 τὴν
1818 3720 1985 3794 ὀρθὴν
2012 3720 2168 3773 εὐσέ-

577 3829 731 3882 ϐειαν
763 3823 1169 3899 μαρτυροῦντες
1198 3820 1370 3890 αὐτῷ,
1403 3819 1455 3873 id
1485 3829 1603 3881 est,
1641 3834 1660 3868 ί
1690 3816 1801 3887 Ego
1834 3831 1962 3869 vero
1995 3829 2060 3868 ex
2104 3812 2165 3866 il-

578 3920 751 3975 lorum
781 3915 1202 3989 reprehensione
1248 3913 1448 3983 aliquid
1505 3910 1733 3980 amplius
1787 3907 2048 3961 accedere
2099 3907 2167 3960 ad

2184 1856 2225 1912 Β

578 4008 1103 4067 commendationem
1129 4004 1375 4075 Origenis
1409 4001 1636 4058 aﬂirmo.
1667 4000 1880 4056 Etenim
1927 4000 2017 4068 qui
2052 4012 2169 4053 om-

578 4105 669 4159 nia
700 4102 936 4171 undique
973 4099 1436 4169 conquisiverunt,
1469 4110 1587 4164 qua:
1633 4092 2057 4164 reprehensione
2087 4089 2169 4144 di-

580 4211 684 4267 gna
712 4191 1124 4255 existimabant,
1159 4191 1194 4245 ii
1226 4199 1375 4245 certe
1409 4204 1531 4244 cum
1560 4187 1709 4242 illum
1742 4185 1966 4240 minime
1996 4197 2171 4252 repre-

582 4286 873 4343 henderint
923 4297 1178 4354 tanquam
1217 4284 1283 4338 de
1317 4281 1582 4336 Trinitate
1611 4280 1750 4336 male
1802 4277 2125 4334 sentientem
2150 4314 2169 4341 ,

583 4389 748 4435 recta:
782 4395 845 4435 ac
892 4382 1119 4435 sincera:
1152 4378 1369 4448 pietatis
1403 4376 1770 4431 testimonium
1806 4377 1853 4429 ei
1890 4373 2172 4444 perhibere

597 4470 1043 4528 manifestissime
1073 4471 1487 4526 convincuntur.
1537 4488 1557 4521 ι
1601 4468 1930 4538 Theophilus
1954 4468 2170 4538 quidem

1973 369 2396 426 EXCEBPTUM

3634 372 3737 427 1528

2244 487 2477 545 hominis
2534 486 2707 540 salute
2777 494 3100 551 perpessus,
3157 486 3380 531 mortem
3447 492 3535 547 pro
3589 483 3745 537 humi-

2246 581 2328 633 nis
2385 580 2689 633 atternitate
2740 583 3052 643 gustasset,
3118 569 3189 623 ita
3254 577 3394 623 esset
3459 572 3623 625 eodem
3677 592 3746 631 or.

2245 673 2369 726 dine
2444 668 2715 741 passionis
2782 668 2945 720 etiam
3027 661 3299 717 diabolum
3375 659 3745 731 redempturus:

2244 766 2368 836 quia
2426 765 2528 820 hoc
2564 760 2795 817 bonitati
2821 758 2964 812 illius
3004 756 3298 827 pietatique
3348 768 3664 825 congrueret,
3707 774 3751 815 ιιι

2244 859 2334 928 qui
2384 856 2649 928 perditum
2705 851 2979 907 hominem
3055 847 3442 911 reformasset,
3504 849 3751 919 prolapsum

2246 965 2462 1024 quoque
2510 945 2760 1017 angelum
2819 943 3093 998 liberaret.
3152 958 3171 991 ι
3220 939 3279 994 Si
3331 940 3630 995 constitisset
3670 951 3754 999 tam

2248 1046 2410 1116 impie
2472 1043 2711 1099 sensisse
2771 1037 3062 1108 Origenem
3118 1035 3186 1089 de
3240 1034 3493 1105 primario
3545 1035 3756 1091 Christia-

2249 1136 2405 1191 nismi
2462 1134 2641 1203 capite
2676 1170 2694 1197 ,
2761 1143 2958 1199 nempe
3010 1128 3078 1184 de
3130 1126 3231 1182 SS.
3286 1124 3541 1179 Trinitate
3571 1166 3586 1189 ,
3632 1138 3760 1196 atque

2248 1228 2609 1299 Hieronymus
2632 1225 2833 1294 aliique
2872 1221 3277 1285 obtenderunt;
3315 1232 3444 1274 sane
3481 1217 3761 1289 Theophilus

2248 1336 2371 1376 cum
2402 1333 2511 1374 suae
2535 1316 2705 1387 partis
2733 1313 3007 1384 episcopis
3026 1352 3043 1378 ,
3076 1310 3168 1380 qui
3205 1323 3399 1364 omnes
3439 1309 3629 1377 angulos
3656 1312 3763 1364 scri-

2249 1424 2463 1484 ptorum
2496 1408 2748 1481 Origenis
2782 1407 2962 1462 rimati
2989 1415 3133 1468 sunt,
3166 1413 3225 1457 ut
3250 1400 3586 1457 accusationis
3603 1417 3757 1458 ansam

2261 1507 2601 1569 invenirent,
2645 1502 2886 1571 illudque
2934 1497 3183 1568 inprimis
3253 1496 3307 1550 in
3360 1493 3527 1549 animo
3557 1495 3761 1551 habuisse

2253 1600 2502 1653 videntur
2550 1605 2612 1650 ut
2636 1593 3019 1648 Adamantium
3043 1588 3223 1660 (cujus
3268 1587 3573 1643 auctoritate
3611 1598 3758 1643 contra

2252 1692 2549 1748 Ecclesiam
2583 1686 2796 1743 factiosi
2828 1684 3080 1741 monachi
3130 1681 3508 1752 abuterentur)
3548 1680 3593 1735 in
3630 1682 3763 1736 innxi-

2255 1801 2401 1840 mum
2433 1782 2711 1838 hominum
2755 1779 2939 1834 odium
2968 1778 3332 1840 inducerent,
3369 1776 3518 1831 istam
3555 1776 3769 1844 pracipne

2254 1880 2374 1947 ejns
2396 1875 2647 1933 haeresim
2678 1871 2858 1943 palam
2905 1870 3161 1926 omnibus
3207 1867 3599 1939 exposuissent;
3627 1874 3772 1935 utpote

2254 1985 2375 2039 qua:
2402 1984 2464 2023 ea
2494 1975 2652 2022 aatate
2681 1979 2793 2036 prae
2820 1963 2944 2018 aliis
2971 1963 3230 2017 omnibus
3271 1959 3558 2017 haeresibus
3590 1960 3775 2013 maxime

2256 2059 2417 2126 idque
2440 2054 2567 2125 jure
2594 2051 2788 2108 merito
2817 2048 3118 2106 Catholicis
3158 2062 3330 2105 exosa
3366 2046 3484 2101 fuit.
3524 2044 3618 2100 Sed
3644 2044 3777 2114 probe

2256 2157 2457 2207 norunt
2479 2146 2726 2201 homines
2754 2141 2903 2197 cauti
2952 2141 3111 2196 istam
3155 2136 3579 2194 criminationem
3605 2136 3664 2190 ab
3690 2134 3779 2190 Ori-

2255 2243 2406 2312 genis
2431 2237 2813 2295 defensoribus
2843 2232 3103 2288 facillime
3132 2230 3386 2300 potuisse
3408 2227 3568 2283 refelli
3589 2243 3646 2281 ex
3675 2227 3779 2295 ipsis

2238 2324 2507 2407 Origenis
2535 2330 2756 2402 scriptis
2782 2325 3137 2391 indubitatis;
3162 2322 3394 2394 proinde
3418 2320 3578 2391 ipsam
3604 2329 3785 2391 praeter-

2260 2430 2558 2493 mittentes,
2587 2424 2655 2480 de
2688 2422 2813 2478 aliis
2836 2420 3129 2491 capitibus,
3180 2416 3238 2470 in
3287 2413 3484 2484 quibus
3526 2411 3787 2467 Chalcenter

2260 2539 2352 2579 rus
2379 2521 2523 2577 haud
2559 2520 2633 2576 ita
2684 2514 2847 2571 facile
2894 2511 3105 2568 defendi
3148 2517 3405 2579 poterat,
3450 2504 3789 2561 accusationem

2258 2631 2412 2673 suam
2448 2612 2719 2684 praecipue
2743 2608 3123 2664 instituerunt.
3161 2602 3335 2657 Addit
3368 2597 3560 2655 ibidem
3600 2596 3791 2652 Severus

2258 2713 2402 2782 quod
2429 2707 2653 2778 Origeni
2716 2705 2770 2758 in
2826 2701 2920 2757 illo
2971 2697 3200 2755 concilio
3249 2692 3522 2763 objectum
3570 2688 3685 2754 fuit,
3717 2702 3791 2782 sua

2263 2781 2535 2859 sententia
2584 2812 2816 2853 errorem
2846 2794 3035 2857 fuisse,
3061 2806 3167 2847 non
3200 2789 3480 2843 heresim:
3506 2784 3642 2855 atqui
3675 2781 3796 2836 Aria-

2277 2912 2407 2951 nmn
2459 2898 2648 2964 dogma
2688 2904 2789 2960 pro
2834 2887 3029 2943 haeresi
3092 2880 3538 2957 pestilentissima
3586 2876 3796 2933 habuisse

2261 2990 2521 3045 Severqu
2549 2992 2798 3048 constat;
2855 2982 3171 3049 neutiquam
3228 2976 3400 3047 igitur
3450 2969 3716 3028 Arianisnii
3754 2968 3796 3022 in

2261 3079 2616 3139 conciliabqu
2644 3078 2750 3132 isto
2797 3072 3128 3144 arguebatur
3154 3069 3444 3139 Origenes.
3492 3062 3689 3126 Tertio,
3721 3061 3797 3115 ob-

2262 3176 2625 3234 servationem
2667 3179 2946 3225 merentur
2966 3205 2982 3231 ,
3015 3179 3136 3235 quae
3163 3162 3438 3218 Eusebius
3484 3157 3620 3212 Hist.
3650 3155 3798 3210 eccm.

2267 3272 2361 3326 lib.
2395 3284 2468 3333 vi,
2501 3281 2618 3336 cap.
2644 3264 2680 3319 2
2701 3303 2716 3328 .
2746 3262 2847 3318 sub
2891 3259 3087 3323 ﬁnem,
3134 3259 3204 3311 de
3253 3253 3560 3310 constantia
3595 3246 3803 3319 Origenis

2272 3367 2324 3420 in
2357 3361 2659 3417 orthodoxa
2709 3356 2815 3411 fide
2854 3353 3137 3409 retinenda
3186 3359 3418 3413 narrat,
3464 3346 3574 3404 haec
3611 3342 3803 3411 snhjun-

2266 3443 2752 3519 εειιεεφυλάττων,
2781 3439 2976 3510 inquit,
3007 3437 3066 3502 ἐξ
3085 3436 3165 3489 ἔτι
3184 3433 3379 3498 παιδὸς
3401 3431 3593 3486 κανόνα
3620 3426 3808 3496 Ἐκκλη-

2267 3542 2418 3604 σίας,
2451 3533 2864 3609 βδελυττόμενός
2906 3548 2966 3584 τε
3004 3530 3080 3593 ὡς
3117 3528 3268 3600 αὑτῷ
3319 3524 3525 3599 ῥήματί
3566 3523 3685 3594 φησί
3722 3536 3805 3573 που

2265 3634 2449 3698 αὐτὸς,
2480 3630 2580 3695 τὰς
2610 3627 2720 3683 τῶν
2750 3625 3011 3698 αἱρέσεων
3039 3620 3413 3686 διδασκαλίας,
3449 3620 3500 3675 id
3532 3628 3626 3684 est,
3667 3638 3683 3667 ι
3714 3615 3810 3671 Ser-

2270 3740 2402 3779 vans
2450 3721 2707 3778 Ecclesia
2756 3716 2995 3787 regulam
3020 3716 3134 3785 jam
3179 3716 3307 3771 inde
3350 3731 3382 3770 a
3447 3729 3621 3783 puero,
3664 3724 3727 3775 et,
3763 3720 3808 3764 at

2271 3821 2497 3889 ipsemet
2521 3812 2719 3869 alicubi
2757 3810 3030 3881 loquitur,
3078 3808 3369 3863 haeresium
3407 3808 3667 3862 doctrinas
3704 3803 3810 3858 abo-

2272 3912 2505 3965 minans.
2539 3927 2557 3960 »
2583 3906 2727 3962 Sane
2759 3918 2918 3961 nemo
2945 3903 2997 3958 in
3030 3901 3254 3957 historia
3282 3899 3642 3955 ecclesiastica
3664 3908 3811 3949 versa-

2270 4009 2359 4055 tus
2386 3999 2595 4056 nescire
2633 4004 2832 4068 potest,
2872 3993 3161 4063 Origenem
3194 4007 3292 4061 pro
3336 3990 3596 4045 catholica
3624 3987 3716 4043 ﬁde
3738 3986 3809 4040 ad-

2272 4106 2464 4147 versus
2490 4091 2881 4145 subnascentes
2907 4100 3005 4138 sua
3037 4094 3197 4139 :etatc
3231 4084 3475 4137 haereses
3510 4092 3813 4150 quascunque

2274 4181 2591 4252 prirnarinm
2618 4195 2684 4235 ac
2714 4179 2852 4249 peric
2884 4195 3101 4235 unicum
3122 4178 3290 4235 fuisse
3319 4178 3575 4234 Ecclesiae
3597 4174 3813 4247 pugilem.

2275 4276 2498 4332 Scilicet
2528 4274 2960 4345 quotiescunque
2992 4282 3047 4329 et
3082 4272 3396 4341 ubicunque
3416 4270 3643 4326 surrexit
3668 4270 3815 4323 haere-

2276 4373 2417 4424 ticus
2446 4367 2665 4438 aliquis,
2694 4368 2790 4437 qni
2822 4376 3098 4437 receptam
3132 4366 3183 4419 in
3218 4365 3463 4421 Ecclesia
3492 4364 3644 4420 fidem
3680 4372 3820 4417 ausas

2275 4474 2359 4518 est
2387 4463 2737 4533 impugnare,
2779 4476 2906 4515 mox
2954 4461 3021 4514 ad
3071 4475 3241 4514 unutn
3287 4460 3573 4531 Origenem
3610 4466 3820 4511 recurre-

583 4564 944 4635 Epistotnrum
986 4566 1315 4634 paschalium
1359 4569 1425 4620 ab
1459 4563 1787 4635 Hieronymo
1835 4563 2027 4617 Latine
2053 4575 2176 4616 ver-
2210 4563 2252 4616 1)
2283 4560 2462 4621 batur,
2489 4555 2580 4625 qui
2605 4555 2755 4611 velut
2786 4554 2923 4609 alter
2949 4551 3148 4618 David,
3172 4551 3485 4608 Goliathmn
3515 4550 3655 4605 illum
3684 4560 3825 4603 exer-

588 4674 772 4713 sarum
806 4698 821 4723 ,
872 4675 990 4729 quae
1041 4670 1151 4713 tum
1206 4658 1258 4713 in
1300 4673 1493 4729 magna
1531 4655 1867 4711 Bibliotheca
1904 4655 2166 4720 Patrum,

587 4761 700 4804 tum
731 4752 873 4805 inter
917 4767 1081 4820 opera
1134 4751 1450 4822 Hieronymi
1480 4751 1641 4805 hodie
1668 4758 1906 4814 exstant,
1942 4748 2168 4819 epistola

585 4839 760 4908 prima
808 4840 876 4911 (si
933 4841 1065 4895 lidcs
1116 4840 1443 4911 llieronymo
1491 4840 1735 4895 habenda
1776 4837 2172 4910 sit)'qn;cdam

587 4930 835 5003 Origenis
874 4942 1053 4987 errata
1104 4932 1171 4986 de
1206 4931 1472 4987 Trinitate
1525 4933 1891 5003 reprehendit.
1929 4930 2036 4985 Sed
2072 4931 2173 4984 ista

590 5025 739 5079 nullo
788 5026 1005 5096 negotio
1039 5024 1165 5079 dilui
1213 5024 1541 5093 potuissent,
1587 5023 1634 5077 si
1685 5024 1751 5078 iis
1775 5039 1916 5077 nunc
1945 5037 2174 5076 vacare-

589 5132 733 5170 mus.
776 5115 1164 5172 Certevantem
1192 5113 1463 5185 Sulpicius
1502 5116 1760 5181 Severus,
1787 5116 2011 5185 optima:
2048 5113 2172 5169 fidei

590 5208 905 5275 historicus,
934 5207 1136 5279 Dialog.
1173 5225 1213 5275 ι,
1236 5223 1358 5279 cap.
1398 5208 1457 5274 ὅ,
1499 5204 1780 5262 historiam
1813 5205 2052 5271 concilii,
2082 5220 2179 5276 per

592 5298 954 5367 Theophilum
983 5299 1098 5353 suis
1128 5297 1460 5368 temporibus
1487 5297 1748 5352 adversus
1775 5294 2025 5365 Origenis
2048 5295 2180 5351 scri-

589 5404 682 5462 pta
709 5393 1047 5462 congregati,
1105 5405 1336 5446 narrans
1364 5433 1379 5457 ,
1427 5392 1541 5445 haec
1571 5389 1764 5445 scribit
1793 5407 1805 5443 :
1841 5406 1860 5441 ‹
1917 5388 2053 5443 Cum
2108 5388 2177 5442 ab

592 5485 862 5556 episcopis
895 5491 1151 5555 excerpta
1201 5484 1255 5539 in
1284 5483 1440 5539 libris
1476 5482 1621 5538 illius
1652 5484 1822 5538 multa
1851 5484 2175 5553 legerentur,

596 5591 720 5645 qua:
764 5587 957 5632 contra
997 5575 1323 5632 catholicam
1356 5576 1514 5632 ﬁdem
1544 5577 1747 5647 scripta
1778 5587 2071 5639 constaret,
2102 5576 2181 5630 lo-

595 5683 692 5723 cus
732 5669 821 5722 illc
844 5669 924 5724 vel
946 5670 1238 5723 maximam
1278 5670 1505 5739 parabat
1539 5669 1825 5737 invidiam,
1852 5670 1904 5722 in
1935 5684 2052 5739 quo
2073 5669 2180 5722 edi-

598 5770 713 5812 tum
759 5760 1056 5829 legebatur,
1091 5763 1217 5830 quia
1272 5761 1530 5816 Dominus
1560 5761 1722 5817 Jesus
1750 5804 1764 5827 ,
1796 5762 1937 5816 sicut
1968 5777 2062 5829 pro
2092 5758 2185 5813 re?

600 5852 905 5921 deruptione
941 5854 1174 5907 hominis
1211 5855 1263 5908 in
1310 5870 1475 5910 carne
1506 5855 1742 5912 venisset
1777 5893 1793 5922 ,
1826 5869 2041 5909 crucem
2082 5869 2181 5923 pro

2273 4652 2443 4705 citum
2475 4646 2688 4704 Domini
2739 4647 3132 4703 conviciantem
3182 4644 3345 4700 funda
3392 4660 3491 4700 sua
3536 4642 3819 4698 adoriretur.

2276 4740 2387 4795 lmo
2413 4740 2480 4793 ad
2520 4738 2834 4808 hujusmodi
2876 4738 3176 4793 certamina
3198 4776 3214 4802 ,
3259 4752 3370 4805 pne
3403 4736 3635 4790 veritatis
3666 4744 3823 4785 amore

2276 4844 2328 4889 et
2355 4832 2472 4887 zelo
2500 4833 2578 4901 (in
2604 4834 2707 4887 hoc
2738 4831 2905 4887 etiam
2934 4828 3123 4883 Davidi
3149 4829 3365 4898 similis)
3402 4842 3525 4882 sese
3554 4825 3683 4879 ultro
3710 4819 3821 4876 olis-

2280 4928 2450 4981 rebat.
2488 4923 2755 4996 Equidem
2806 4938 2971 4979 nemo
3000 4937 3239 4991 unquam
3264 4922 3442 4992 magis
3472 4935 3632 4989 quam
3660 4915 3820 4984 Origo-.-

2281 5033 2380 5073 nes
2406 5019 2511 5071 dici
2552 5017 2755 5073 meruit
2802 5015 3045 5072 omnium
3095 5015 3474 5070 haereticorum
3507 5010 3734 5066 malleus.
3751 5002 3820 5060 Ad

2283 5112 2560 5165 immotam
2589 5118 2774 5163 autem
2823 5107 2948 5163 ﬁdei
2994 5107 3237 5177 regulam
3271 5105 3545 5175 pertinere
3575 5102 3752 5169 dogma
3772 5095 3827 5148 de

2280 5220 2409 5258 vera
2459 5202 2578 5259 Filii
2604 5201 2915 5266 divinitate,
2946 5216 3164 5269 semper
3194 5197 3456 5269 judicavit
3479 5192 3730 5251 catholica
3746 5188 3827 5241 Ec-

2279 5298 2471 5353 clesia.
2506 5295 2692 5366 Neque
2725 5296 2883 5351 aliter
2926 5295 3101 5350 sensit
3138 5292 3418 5363 Origenes.
3452 5288 3586 5345 Nam
3624 5287 3675 5341 in
3706 5282 3821 5337 Prae-

2283 5392 2376 5444 fat.
2423 5390 2681 5444 librorum
2735 5386 2876 5456 Περὶ
2923 5386 3126 5456 ἀρχῶν
3165 5384 3375 5441 num.‘
3406 5384 3629 5454 (citante
3690 5376 3818 5433 Pam-

2283 5482 2429 5553 philo
2462 5484 2515 5538 in
2549 5482 2832 5553 Apologia,
2887 5496 3010 5550 cap.
3041 5480 3097 5545 1,
3120 5493 3239 5551 pag.
3284 5478 3400 5549 20),
3432 5478 3671 5547 dogmata
3704 5466 3818 5523 scitu

2283 5585 2339 5630 et
2360 5576 2570 5630 credito
2602 5575 2915 5630 necessaria
2943 5588 2973 5628 a
3013 5588 3123 5627 non
3150 5570 3472 5628 necessariis
3498 5567 3813 5631 distinguens,

2284 5669 2426 5724 inter
2456 5669 2762 5725 necessaria
2799 5668 2915 5723 hare
2968 5668 3116 5737 ponit
3157 5681 3171 5718 :
3220 5683 3262 5718 ι·
3292 5664 3482 5719 Primo
3531 5658 3663 5730 quod
3699 5664 3816 5705 unus

2282 5769 2368 5815 est
2402 5761 2562 5827 Dcus,
2606 5761 2701 5830 qui
2733 5758 2917 5814 omnia
2964 5759 3190 5815 creavit.
3230 5775 3251 5809 ι
3298 5787 3367 5798 —-
3421 5774 3441 5808 ι
3491 5751 3621 5806 Tum
3659 5740 3819 5799 demde

2283 5852 2424 5923 quod
2448 5853 2606 5909 Jesus
2627 5851 2876 5909 Christus
2898 5859 3024 5907 ante
3048 5865 3265 5908 omnem
3285 5855 3583 5906 creaturam
3606 5849 3746 5895 natus
3761 5842 3817 5885 ex
