4068 6312
417 306 438 359 1
451 305 554 361 599

1428 304 1512 357 ΕΚ
1553 304 1616 358 G.
1661 303 1859 359 BULLI
1905 303 2053 356 DEI“.
2095 304 2269 360 FIDEI
2317 303 2615 360 NlCzEN/E

3503 310 3632 362 1530

399 424 557 478 Patre
581 433 682 476 est.
722 442 739 474 ι
770 454 833 462 -
867 442 886 474 ι
921 421 1235 476 lncarnatns
1263 433 1342 474 est
1383 437 1505 475 cum
1532 422 1669 476 nens
1691 434 1836 476 esset
1859 463 1872 480 .
1908 434 1956 474 et
1994 429 2032 480 A
2069 424 2242 477 ιςιιςιτίι
2287 429 2544 479 adversus
2594 426 2875 481 hrereticos
2912 426 3242 495 adduxerat,
3286 431 3468 484 statim
3512 432 3636 484 istav

404 516 563 569 homo
598 513 769 568 factus
817 513 1015 566 mansit
1067 514 1206 580 quod
1247 512 1389 566 Deus
1432 523 1574 565 erat.
1611 531 1628 562 ι
1663 544 1730 553 —
1777 533 1795 565 ι
1833 512 1966 566 Τιιιιι

403 607 593 660 deinde
640 606 845 660 honore
878 622 942 659 ac
973 605 1236 674 dignitate
1270 603 1415 656 Patri
1465 614 1518 658 et
1546 604 1679 658 Filio
1704 608 1965 659 sociatum

403 714 523 753 esse
549 696 813 768 Spiritum
863 707 1134 752 sanctum.
1175 714 1194 747 ι
1239 696 1384 750 Inter
1431 696 1682 765 dogmata
1724 713 1828 752 non
1874 714 1968 752 ne-

403 791 656 853 cessaria,
708 790 820 844 sive
851 789 1179 859 problemata
1207 827 1223 854 ,
1269 803 1388 857 qua:
1439 791 1684 844 modeste
1722 801 1775 843 et
1820 792 1964 845 salva

402 896 533 948 pace
558 881 923 935 ecclesiastica
957 880 1007 932 in
1046 890 1328 947 utramque
1361 891 1569 950 partem
1598 883 1856 952 disputari
1881 901 1966 954 po-

403 980 599 1034 terant,
633 980 879 1026 numerat
910 972 1106 1026 ibidem
1134 976 1459 1040 quaestiones
1484 1015 1500 1041 ,
1537 975 1600 1029 de
1639 984 1880 1044 tempore
1911 988 1965 1033 et

401 1065 559 1118 modo
585 1063 875 1118 rreationis
901 1063 1236 1133 angelorum,
1270 1064 1336 1116 de
1368 1064 1500 1131 sole,
1532 1065 1655 1118 luna
1691 1076 1744 1119 et
1775 1067 1962 1133 stellis,

402 1167 582 1210 utrum
620 1156 911 1209 animantia
936 1196 951 1221 ,
983 1169 1052 1235 an
1088 1157 1331 1209 exanima
1366 1160 1497 1220 sint,
1532 1167 1637 1212 etc.
1686 1157 1741 1212 In
1792 1161 1965 1214 istius-

401 1248 541 1301 modi
591 1248 800 1302 scilicet
853 1247 1239 1317 quaeslionihus
1308 1249 1696 1316 discutiendis,
1744 1251 1960 1305 nimiam

401 1338 633 1395 fortasse
657 1340 961 1394 libertatem
994 1339 1097 1392 sibi
1123 1339 1344 1393 indulsit
1366 1340 1626 1412 Origenes
1659 1357 1672 1393 :
1702 1344 1766 1395 ad
1796 1343 1958 1398 altera

397 1446 524 1485 vero
574 1433 659 1485 illa
693 1433 944 1501 dogmata
985 1431 1129 1500 quod
1182 1432 1408 1494 attinet,
1453 1448 1481 1486 a
1532 1433 1652 1487 fidei
1696 1434 1873 1502 regula
1906 1435 1958 1488 in

397 1522 633 1577 Ecclesia
664 1523 767 1578 lixa
799 1531 853 1577 et
878 1523 1112 1577 stabilita
1145 1524 1225 1578 vel
1257 1524 1423 1577 latum
1452 1542 1685 1595 unguem
1712 1530 1959 1582 recedere

397 1613 497 1680 ipsi
531 1614 716 1683 religio
743 1614 861 1667 fuit.
895 1614 1131 1679 Quarto,
1166 1616 1342 1684 magni
1372 1631 1492 1669 esse
1520 1618 1775 1683 ponderis
1828 1619 1955 1673 mihi

398 1707 607 1760 videtur
637 1716 1036 1776 argumentum,
1091 1717 1360 1774 utcunque
1410 1708 1581 1778 ipsum
1626 1722 1955 1781 contempse-

395 1796 461 1850 rit
520 1796 861 1851 doctissimus
899 1796 1122 1851 Huetius
1156 1797 1223 1862 '9,
1263 1797 1570 1853 Bellartnini
1619 1801 1779 1871 (quod
1829 1803 1950 1858 alibi

390 1889 566 1943 obiter
591 1890 886 1960 attigimus)
923 1889 1011 1957 qui
1055 1889 1373 1944 catholicum
1419 1891 1583 1945 fuisse
1633 1893 1683 1945 in
1724 1892 1826 1948 hoc
1865 1909 1953 1947 ar-

392 1981 553 2035 ticulo
583 1981 869 2052 Origenem
901 1983 1020 2035 inde
1059 1983 1284 2049 probat;
1340 1982 1481 2050 quod
1522 1998 1652 2036 sana
1681 1994 1736 2037 et
1775 1985 1953 2038 ortho-

389 2071 524 2126 doxa
555 2071 714 2126 fuerit
748 2073 1094 2142 prmceptoris
1135 2072 1304 2141 ipsius
1341 2074 1656 2139 Clementis,
1687 2085 1741 2129 et
1789 2076 1951 2130 disci-

387 2162 628 2231 pulorum
657 2164 894 2236 Dionysii
924 2165 1272 2219 Alexandrini
1313 2178 1369 2220 et
1405 2165 1649 2237 Gregorii
1676 2168 1944 2222 Thauma-

389 2257 546 2326 turgi,
600 2257 666 2311 de
714 2258 970 2328 mysterio
1012 2257 1112 2312 SS.
1147 2256 1433 2314 Trinitatis
1477 2259 1677 2328 opinio’.
1721 2261 1800 2314 Ad
1832 2261 1951 2315 Cit.»

386 2361 617 2408 mentem
645 2351 786 2405 enim
818 2353 959 2418 quod
989 2350 1202 2413 attinet,
1240 2365 1399 2419 supra
1420 2391 1435 2415 ,
1467 2352 1554 2406 ubi
1586 2353 1651 2405 de
1697 2353 1814 2420 ejus
1845 2352 1951 2410 fide

384 2461 620 2515 agerem,
650 2442 1056 2500 evidentissime
1105 2443 1351 2515 probavi,
1384 2459 1412 2496 a
1442 2445 1654 2497 nemine
1690 2461 1850 2513 quam
1883 2448 1950 2502 ab

386 2539 500 2608 ipso
531 2539 855 2593 catholicam
884 2539 1185 2591 doctrinam
1223 2537 1286 2591 de
1315 2535 1584 2609 ὁμοουσξῳ
1613 2536 1806 2593 Triade
1841 2538 1949 2592 cla-

384 2631 496 2684 rius
528 2631 762 2701 agnitam
796 2641 887 2682 aut
932 2631 1273 2699 praedicatum
1327 2631 1515 2685 fuisse.
1545 2632 1685 2685 Idem
1732 2634 1798 2687 de
1827 2634 1946 2689 Ale-

382 2721 646 2774 xandrino
687 2720 940 2791 Dionysio
987 2729 1041 2772 et
1080 2719 1340 2788 Gregorio
1385 2719 1784 2791 Thaumaturgo
1833 2727 1945 2794 (ut~

379 2826 590 2882 cunque
611 2810 818 2866 duobus
850 2810 1101 2863 maximis
1147 2809 1457 2865 nominibus
1489 2810 1702 2865 Arianae
1753 2813 1946 2882 impie-

382 2902 505 2956 tatis
533 2911 710 2955 notam
740 2901 1023 2964 inusserit,
1053 2899 1105 2952 in
1131 2899 1212 2954 sui
1249 2900 1484 2954 nominis
1510 2898 1824 2964 infamiam,
1854 2900 1950 2956 Je-'

378 2993 518 3046 suita
548 2992 817 3058 Petavius)
844 2991 980 3045 infra
1011 3007 1162 3060 teque
1191 2991 1337 3045 clare
1379 2992 1750 3048 ostendemus.
1807 2993 1943 3061 Quid

378 3081 599 3136 autem?
628 3082 706 3133 An
730 3079 1021 3133 verisimile
1055 3079 1161 3144 sit,
1187 3081 1275 3147 qui
1301 3088 1407 3132 tam
1447 3080 1766 3135 catholicum
1792 3098 1855 3137 eo
1890 3085 1941 3137 in
1974 3113 2015 3169 ο

376 3172 605 3228 articulo
647 3173 992 3240 magistrum,
1057 3170 1148 3239 qui
1214 3179 1323 3222 tam
1375 3171 1704 3224 orthodoxos
1764 3173 1949 3228 habuit

377 3262 686 3332 discipulos,
725 3261 814 3330 qui
850 3263 1013 3315 etiam
1045 3261 1356 3330 magistrum
1397 3275 1575 3326 suum,
1603 3272 1659 3314 ut
1689 3273 1948 3331 praestan-

381 3356 644 3409 tissimum
669 3353 921 3408 Ecclesiae
949 3353 1224 3408 doctorem
1270 3366 1483 3420 semper
1516 3353 1763 3408 admirati
1799 3365 1943 3419 sunt,

378 3446 431 3500 in
457 3448 570 3515 ipso
597 3445 825 3500 articulo
879 3445 1188 3499 haereticum
1231 3444 1428 3499 fuisse?
1480 3445 1701 3512 Quinto,
1754 3447 1945 3502 deinde

386 3538 534 3592 mille
565 3538 736 3591 instar
765 3538 977 3592 testium
1011 3539 1075 3591 de
1115 3537 1366 3606 Origenis
1413 3537 1465 3591 in
1509 3540 1607 3591 hac
1651 3541 1945 3607 quaestione

375 3629 654 3704 ὀρθοδοξεᾳ
704 3643 824 3684 esse
877 3630 1033 3684 debet
1078 3644 1304 3698 magnus
1348 3629 1708 3694 Athanasius;
1761 3631 1848 3698 qui
1892 3632 1941 3683 in

377 3725 510 3778 libro
533 3723 606 3777 De
641 3723 824 3793 synodi
854 3719 1085 3775 Niccena:
1113 3721 1332 3775 decretis
1353 3721 1421 3788 ⁸⁸,
1448 3723 1679 3775 sensisse
1700 3739 1818 3775 cum
1841 3721 1941 3776 Pa-

377 3816 548 3871 tribus
571 3814 800 3869 Nicaenis
840 3812 1124 3887 Origenem
1177 3813 1243 3868 de
1296 3828 1420 3867 vera
1472 3824 1527 3867 et
1573 3826 1773 3868 aeterna
1820 3815 1938 3870 F.lii

373 3910 674 3971 divinitate,
707 3907 902 3962 diserte
932 3915 1180 3968 testatur,
1219 3907 1352 3976 Περὶ
1386 3906 1440 3959 δὲ
1470 3905 1578 3961 τῶν
1610 3906 1826 3976 (inquit)
1851 3909 1931 3960 ἀϊ-

370 4002 495 4064 δίως
523 4003 752 4053 συνεῖναι
783 4000 872 4053 τὸν
897 3999 1066 4066 Λόγον
1085 3998 1161 4068 τῷ
1183 3999 1355 4067 Πατρὶ
1393 3998 1486 4051 καὶ
1519 3999 1591 4069 μὴ
1620 3997 1809 4068 ἐτέρας
1845 3998 1935 4051 οὐ-
1975 4011 1979 4015 ’

373 4096 492 4157 σίας
535 4095 568 4165 ἢ
596 4093 962 4156 ὑποστάσεως,
987 4091 1121 4145 ἀλλὰ
1136 4093 1234 4161 τῆς
1263 4091 1357 4144 τοῦ
1385 4091 1596 4161 Πατρὸς
1622 4090 1747 4142 ἴδιον
1776 4091 1935 4143 αὑτὸν

369 4183 529 4251 εἶναι,
553 4186 628 4248 ὼς
658 4187 938 4256 εἰρήκασιν
982 4186 1030 4237 οἱ
1073 4186 1130 4236 ἐν
1173 4186 1240 4254 τῇ
1277 4183 1476 4253 συνόδῳ
1501 4221 1517 4246 ,
1546 4181 1745 4246 ἐξέστω
1774 4182 1934 4237 πάλιν

371 4281 515 4351 ἡμᾶς
545 4277 893 4332 ἀκοῦσαικαὶ
937 4277 1087 4348 παρὰ
1118 4275 1210 4329 τοῦ
1263 4275 1548 4345 φιλοπόνου
1604 4276 1927 4346 Ὠριγένους,

369 4373 423 4428 id
445 4382 548 4437 est,
575 4390 594 4424 ι
635 4369 867 4425 Verbum
902 4381 1081 4424 autem
1115 4369 1184 4423 ab
1221 4379 1425 4423 :eterno
1451 4383 1572 4422 esse
1595 4384 1713 4422 Clllll
1753 4367 1926 4431 Patre,

2071 529 2189 584 quae
2220 517 2433 583 propria
2480 514 2650 584 ipsius
2694 525 2849 582 sunt,
2889 517 3203 582 subintulit,
3230 520 3431 574 dicens.
3473 538 3492 571 ι
3537 519 3635 574 De-

2070 605 2196 660 inde
2245 607 2378 660 citat
2430 607 2690 662 illustrem
2737 609 2981 680 Origenis
3037 613 3356 666 sententiam
3407 614 3472 666 de
3512 613 3635 668 Filii

2068 697 2368 751 aeternitate
2417 709 2472 752 et
2499 701 3088 768 consubstantialitate;
3121 703 3205 758 cui
3236 713 3289 759 et
3313 706 3534 759 alteram
3565 722 3630 761 ex

2067 787 2173 842 alio
2223 789 2472 859 Origcnis
2528 791 2664 845 libro
2719 791 3025 861 subiungit;
3071 811 3190 865 ane
3234 796 3352 850 loca
3405 798 3626 850 sectioni

2072 891 2270 935 nostra:
2305 882 2476 936 tertia:
2505 898 2864 940 reservamus.
2906 885 3049 940 Sane
3089 900 3264 941 autem
3297 903 3396 956 ego
3457 889 3635 942 nullus

2066 973 2284 1038 dubito,
2319 977 2448 1044 quin
2517 969 2813 1031 disserendi
2862 977 2950 1030 illa
3007 979 3164 1042 ratio,
3217 994 3376 1046 quam
3432 979 3629 1047 ubique

2063 1065 2178 1122 fere
2227 1069 2279 1122 in
2322 1069 2539 1137 scriptis
2601 1070 2714 1124 suis
2770 1079 2986 1124 secutus
3031 1080 3114 1124 est
3174 1069 3469 1139 Origenes,
3519 1085 3626 1139 qua

2067 1176 2258 1232 nempe
2298 1163 2671 1217 hreretirorum
2706 1162 2936 1231 placita,
2969 1163 3204 1231 ipsorum
3248 1163 3624 1217 haereticorum

2063 1251 2215 1321 quasi
2269 1267 2551 1321 personam
2615 1252 2862 1316 induens,
2926 1253 3156 1322 primum
3216 1264 3625 1320 repraesentare,

2061 1345 2251 1398 deimie
2285 1343 2607 1398 catholicam
2641 1344 2911 1413 explicare
2934 1346 3255 1399 sententiam
3285 1345 3472 1396 solitus
3505 1344 3621 1406 fuit,

2061 1453 2244 1490 ausam
2287 1438 2534 1506 inprimis
2560 1438 2764 1492 dederit
2786 1438 3045 1504 imperitis
3075 1446 3128 1490 et
3151 1437 3426 1490 malevolis
3450 1437 3620 1504 ipsum

2070 1528 2355 1598 Origenem
2393 1529 2615 1583 haeresis
2649 1527 2971 1592 accusandi,
3003 1527 3152 1597 quasi
3205 1528 3411 1580 scilicet
3453 1526 3624 1579 h:ere-

2063 1620 2164 1674 tica
2199 1619 2284 1672 illa
2329 1636 2391 1674 ex
2442 1619 2621 1673 animo
2673 1620 3018 1674 defendisset.
3085 1619 3174 1672 Ait
3224 1633 3348 1671 vero
3399 1616 3625 1672 Huetius

2061 1709 2364 1780 Origenian.
2397 1710 2486 1764 lib.
2517 1728 2582 1774 ιι,
2614 1721 2803 1782 (ιιιωει.
2829 1712 2883 1770 2,
2920 1728 3069 1765 num.
3102 1712 3153 1776 5,
3185 1726 3304 1779 pag.
3351 1711 3473 1774 H9,
3497 1709 3621 1765 Ori-

2058 1801 2210 1866 genis
2236 1801 2556 1854 sententiam
2576 1818 2760 1867 parum
2778 1802 3069 1856 Athanasio
3087 1810 3402 1870 perspectam
3439 1803 3618 1870 fuisse.

2060 1891 2162 1945 Sed
2201 1892 2251 1945 in
2283 1907 2348 1947 eo
2380 1893 2622 1959 ignoscat
2666 1893 2820 1948 nobis
2855 1894 2935 1946 vir
2979 1894 3242 1955 eruditus,
3275 1893 3415 1959 quod
3465 1893 3621 1949 nihil-

2057 1983 2270 2036 ominus
2301 1999 2621 2053 persuasum
2655 1983 2949 2038 habeamus
2971 2023 2987 2048 ,
3027 1983 3319 2039 Athanasio
3350 1986 3622 2054 'episcopo

2058 2073 2452 2138 Alexandrino,
2536 2073 2782 2144 Origenis
2857 2072 3204 2129 Alexandrini
3295 2075 3622 2144 temporibus

2059 2173 2166 2218 tam
2201 2163 2402 2228 vicino,
2449 2167 2878 2236 scriptorumque
2916 2165 3032 2232 ejus
3083 2165 3420 2235 aliorumque
3472 2175 3619 2218 vete-

2058 2273 2175 2310 rum
2199 2257 2604 2327 diligentissimo
2633 2258 2836 2325 pariter.
2855 2268 2908 2314 et
2927 2259 3388 2328 perspicacissimo
3409 2259 3616 2320 lectori,

2057 2349 2212 2419 looge
2250 2351 2443 2404 melius
2473 2359 2807 2418 perspectam
2857 2351 3024 2405 fuisse
3053 2351 3356 2404 Adamantii
3404 2360 3621 2404 senten-

2058 2442 2207 2504 tiam,
2233 2456 2392 2510 quam
2433 2443 2679 2510 cuiquam
2707 2457 2772 2496 ex
2817 2441 2969 2496 nobis
3005 2442 3141 2495 seris
3175 2440 3458 2507 nepotibus
3498 2456 3619 2509 per-

2053 2541 2234 2600 specta
2269 2546 2392 2586 esse
2439 2532 2631 2601 possit.
2689 2531 2870 2600 Pergit
2905 2541 3084 2585 autern
3140 2530 3363 2584 Huetius
3401 2547 3414 2583 :
3448 2549 3466 2581 ‹
3501 2529 3616 2583 Νοιι

2052 2638 2211 2692 nego,
2239 2623 2435 2693 inquit,
2482 2624 2595 2678 hrec
2639 2624 2837 2677 dixisse
2862 2623 3186 2693 Origeuem;
3237 2631 3294 2676 at
3339 2637 3406 2677 eo
3457 2637 3615 2676 sensu

2051 2715 2275 2779 dixisse,
2301 2729 2407 2784 quo
2436 2713 2651 2768 Nic-aena
2686 2715 2823 2768 dixit
2874 2715 3143 2786 synodus,
3183 2715 3234 2770 id
3277 2731 3405 2768 vero
3459 2715 3613 2768 fateri

2053 2821 2157 2862 non
2192 2821 2426 2875 possunt.
2463 2825 2481 2858 ι
2530 2807 2737 2861 Rursus
2769 2806 2911 2870 dico,
2962 2807 3162 2861 nemini
3211 2807 3400 2871 melius
3442 2808 3617 2877 cogni-

2054 2907 2163 2952 tum
2205 2913 2326 2952 esse
2369 2898 2604 2965 potuisse
2646 2897 2835 2966 synodi
2887 2896 3116 2950 Niczenze
3158 2912 3373 2951 sensum
3400 2940 3414 2960 ,
3454 2914 3614 2966 quam

2051 2987 2369 3051 Athanasio,
2390 2988 2480 3055 qui
2517 2989 2723 3056 synodo
2749 2985 2824 3038 illi
2855 2987 2966 3054 ipse
2994 2986 3256 3041 interfuit.
3299 2985 3444 3041 idem
3488 3003 3616 3040 vero

2050 3081 2379 3134 Athanasius
2400 3088 2647 3144 testatur,
2669 3077 2950 3149 Origenem
2974 3092 3079 3133 tam
3102 3080 3170 3133 de
3193 3078 3310 3134 Filii
3331 3079 3411 3150 τῷ
3433 3081 3616 3150 ὁμοου-

2053 3173 2173 3242 σιῳ,
2197 3186 2356 3240 quam
2397 3171 2464 3226 de
2496 3171 2662 3239 ipsius
2690 3171 2767 3241 τῷ
2794 3172 3048 3244 συναῖδεῳ
3087 3188 3208 3225 cum
3245 3172 3492 3226 Patrihus
3519 3171 3611 3225 Ni-

2049 3264 2216 3316 caanis
2241 3262 2464 3314 omnino
2503 3260 2757 3314 sensisse.
2798 3263 2876 3315 Ac
2899 3263 2965 3315 de
3002 3262 3118 3315 Filii
3145 3263 3358 3330 quidem
3398 3266 3614 3317 aeterni-

2047 3361 2181 3418 tate,
2209 3368 2391 3408 verum
2421 3351 2548 3405 illud
2595 3367 2715 3407 esse
2762 3367 2867 3405 non
2914 3351 3224 3405 dillitebitur
3255 3353 3514 3419 lluetius;
3545 3355 3612 3409 de

2047 3443 2610 3500 consubstantialitate
2631 3459 2781 3509 vero,
2819 3445 2870 3498 id
2902 3445 3057 3497 fateri
3082 3458 3139 3497 se
3169 3461 3274 3497 non
3307 3461 3465 3514 posse
3497 3461 3610 3513 pro-

2046 3535 2249 3589 fitetur.
2275 3534 2434 3603 Atqui
2471 3549 2631 3603 supra
2674 3533 2794 3589 fuse
2832 3543 2886 3588 et
2912 3535 3210 3588 luculenter
3249 3536 3606 3601 ostendimus,

2044 3625 2239 3681 Filium
2265 3642 2370 3680 non
2394 3626 2500 3679 alio
2522 3640 2680 3681 sensu
2706 3627 2849 3682 Patri
2873 3626 3155 3698 ὁμοούσιον
3181 3628 3380 3683 dixisse
3401 3631 3609 3699 episco-

2042 3733 2139 3786 pos
2170 3717 2434 3782 Nicaanos,
2477 3732 2638 3786 quam
2665 3733 2773 3787 quo
2799 3719 2965 3772 Filius
3005 3721 3260 3773 statuitur
3300 3736 3457 3774 verus
3487 3738 3607 3776 esse

2040 3809 2181 3864 Deus
2215 3810 2435 3880 perinde
2463 3823 2526 3863 ac
2554 3807 2734 3869 Pater,
2764 3824 2867 3864 non
2903 3811 3341 3879 creatzealicujus
3370 3823 3462 3866 aut
3489 3830 3605 3866 ιιιιι-

2041 3901 2221 3955 labilis
2242 3901 2510 3956 essentize.
2537 3901 2715 3968 Atque
2737 3901 2838 3957 hoc
2861 3901 3231 3956 sensuFilium
3251 3903 3394 3958 Patri
3421 3904 3605 3975 ἀμοού-

2038 4009 2150 4046 σιον
2189 3991 2472 4062 agnovisse
2501 3991 2810 4061 Origeuem,
2838 4007 2936 4045 nos
2965 3992 3015 4046 in
3050 3993 3152 4048 hoc
3182 3996 3358 4063 capite
3389 3997 3603 4051 abunde

2035 4083 2402 4152 probavimus.
2434 4083 2513 4136 Ad
2541 4083 2869 4137 numericam
2891 4124 2906 4148 ,
2930 4100 3049 4153 qua:
3073 4085 3299 4150 dicitur,
3339 4087 3596 4142 unitatem

2033 4177 2347 4231 substantiae
2379 4177 2554 4231 Patris
2583 4188 2638 4229 et
2676 4176 2792 4230 Filii
2846 4179 2988 4246 quod
3038 4180 3229 4233 attinet
3272 4180 3454 4249 (quam
3505 4197 3599 4236 ne-

2031 4282 2184 4336 gasse
2228 4268 2513 4337 Origenem
2552 4268 2749 4322 ibidem
2784 4268 2858 4322 ait
2903 4267 3173 4339 Huetius),
3218 4287 3433 4339 possum
3484 4275 3599 4327 evi-

2030 4363 2220 4416 denter
2245 4362 2564 4424 ostendere,
2596 4359 2879 4430 Origenem
2910 4361 3170 4415 unitatem
3201 4362 3343 4415 illam
3372 4375 3597 4420 eatenus

367 4479 466 4520 nec
493 4464 716 4520 alterius
766 4462 1083 4517 substantiae
1126 4462 1209 4515 vel
1255 4461 1596 4532 hypostasis,
1627 4462 1718 4515 sed
1763 4461 1928 4529 ipsius
1962 4449 2341 4521 θθεηονίεεθν
2394 4461 2663 4520 quatenus
2715 4452 2884 4520 ipsam
2951 4449 3172 4504 Ρδιτιηη
3227 4453 3592 4522 διιιίίιυίοτυιιι

365 4568 600 4628 paternae
627 4555 940 4612 substantia:
987 4553 1260 4623 proprium
1310 4552 1456 4605 illum
1490 4565 1640 4614 esse,
1671 4552 1925 4620 quemad-

363 4651 581 4705 modum
607 4648 860 4703 dixerunt
884 4645 975 4714 qui
1005 4643 1366 4698 interfuerunt
1396 4641 1630 4713 synodo,
1669 4640 1791 4695 licet
1821 4656 1921 4695 no-

359 4743 445 4800 bis
493 4757 684 4796 rursus
738 4739 924 4793 audire
961 4727 1121 4791 etiam
1166 4752 1233 4791 ex
1291 4736 1557 4791 laborioso
1605 4731 1854 4804 Origene.
1895 4752 1914 4785 ι

356 4831 555 4886 Ibidem
584 4843 800 4893 autem,
852 4829 1164 4898 priusquam
1214 4828 1327 4896 ipsa
1379 4827 1628 4897 Origenis
1678 4825 1916 4880 testimo-

355 4925 443 4980 nia
473 4922 708 4987 adducit,
749 4921 948 4975 fatetur
973 4921 1326 4982 Athanasius,
1362 4919 1639 4987 praetulisse
1668 4919 1909 4987 quaedam

355 5019 422 5074 ab
446 5018 677 5086 Origene
704 5016 868 5069 fuisse
894 5015 945 5068 in
971 5015 1090 5069 loco
1121 5031 1150 5068 a
1179 5029 1237 5069 se
1262 5014 1494 5083 primum
1520 5014 1753 5076 citando,
1795 5027 1912 5080 qua:

353 5125 497 5166 sanie
525 5111 784 5166 doctrina:
813 5124 1113 5180 repugnare
1162 5107 1471 5161 viderentur
1501 5120 1513 5153 :
1560 5106 1652 5159 sed
1681 5105 1783 5165 ait,
1823 5102 1908 5156 illa

2030 4544 2336 4612 quisquam,
2365 4543 2606 4611 adeoque
2644 4543 2757 4612 ipse
2799 4542 3127 4596 Athanasius
3181 4547 3397 4611 agnovit
3436 4563 3448 4597 :
3493 4548 3595 4604 hoc

2028 4643 2131 4700 est,
2164 4633 2458 4688 credidisse
2484 4632 2793 4702 Origenem,
2836 4631 3050 4685 Patrem
3069 4671 3084 4696 ,
3112 4632 3304 4687 Filium
3332 4644 3387 4687 et
3423 4633 3593 4704 Spiri-

2025 4735 2137 4781 tum
2163 4736 2449 4791 sanctum,
2496 4741 2616 4780 cum
2664 4739 2849 4781 revera
2891 4735 3002 4778 tres
3040 4728 3149 4780 sint
3180 4743 3459 4797 personae,
3491 4745 3588 4783 ne-

2022 4833 2288 4886 quaquam
2322 4829 2499 4872 tamen
2528 4827 2587 4871 ut
2618 4827 2725 4872 tres
2757 4817 3001 4872 homines
3048 4833 3294 4872 seorsum
3336 4835 3392 4872 et
3430 4835 3588 4887 sepa-

2023 4911 2178 4965 ratim
2203 4911 2503 4977 exsistere;
2536 4911 2629 4966 sed
2669 4910 2858 4965 intime
2900 4910 3001 4964 sibi
3044 4911 3271 4964 invicem
3316 4913 3587 4968 coluerere

2017 5013 2072 5057 et
2105 5003 2419 5070 eonjunctos
2439 5018 2600 5070 esse;
2632 5003 2878 5071 adeoque
2904 5003 3128 5056 alterum
3169 5003 3220 5056 in
3243 5003 3416 5057 altero
3440 5006 3585 5059 casio

2015 5105 2408 5165 stere,atque,
2449 5105 2508 5148 ut
2550 5095 2621 5148 ita
2665 5094 2888 5165 loquar,
2953 5098 3207 5149 immeare
3248 5095 3478 5149 invicem
3530 5109 3583 5151 et

2013 5199 2296 5254 penetrare
2329 5203 2424 5254 per
2461 5185 2784 5242 ineffabilem
2847 5187 3130 5256 quamdam
3185 5186 3578 5259 περιγώρησιν,

354 5201 700 5271 disputantis,
731 5216 837 5253 non
881 5199 1243 5254 asseverantis
1285 5211 1435 5251 more
1479 5197 1546 5249 ab
1587 5210 1651 5249 eo
1703 5195 1907 5264 prolata

355 5293 520 5344 fuisse
552 5307 566 5345 :
605 5304 723 5359 quae
749 5303 876 5344 vero
914 5288 1026 5357 ipse
1053 5286 1239 5353 affert,
1283 5284 1440 5354 plane
1476 5284 1760 5353 genuinam
1789 5281 1910 5337 Ori-

351 5382 502 5449 genis
557 5381 880 5436 sententiam
932 5380 1228 5433 continere.
1267 5376 1402 5431 Mst‘
1449 5370 1540 5428 οὖν
1591 5373 1808 5444 (inquit)
1840 5377 1907 5430 τὰ

344 5474 420 5537 ὡς
450 5471 506 5527 ἐν
534 5473 811 5544 γυμνασίᾳ
842 5473 1106 5541 λεγόμενα
1134 5471 1267 5541 πρὸς
1297 5471 1420 5531 τοὺς
1455 5468 1761 5539 αἱρετικοὺς
1779 5509 1792 5533 ,
1819 5468 1906 5521 εὐ·-

342 5568 438 5631 θὺς
481 5568 643 5631 αὐτὸς
695 5566 942 5635 ἐπιφέρει
979 5565 1046 5617 τὰ
1096 5563 1221 5628 ἴδια,
1274 5562 1445 5628 λέγων
1476 5559 1677 5624 οὕτως,
1710 5561 1762 5614 id
1798 5571 1900 5622 est,

2046 5556 2107 5610 ed
2141 5556 2330 5610 hac.de
2373 5570 2430 5608 re
2467 5555 2593 5609 alibi
2636 5556 2969 5610 connnodior
3009 5559 3108 5610 erit
3149 5557 3448 5613 disserendi
3488 5560 3570 5614 lo-

346 5677 364 5711 ι
401 5661 530 5715 Post
555 5659 642 5713 illa
670 5675 797 5727 ergo
817 5697 832 5722 ,
863 5673 981 5726 qua:
1012 5655 1251 5709 certandi
1281 5654 1446 5722 gratia
1499 5653 1652 5720 quasi
1703 5652 1754 5705 in
1801 5667 1895 5718 pa-
1997 5666 2113 5705 cus.
2142 5650 2273 5705 Vide
2304 5659 2436 5707 sect.
2467 5649 2522 5714 4,
2548 5664 2666 5720 cap.
2697 5649 2749 5715 4,
2779 5665 2925 5706 num.
2954 5651 2985 5704 9
3017 5659 3068 5706 et
3106 5665 3252 5720 seqq.

335 5805 338 5820 δ
404 5753 725 5822 ἳ⁹,ΒεΙΙιιῖιιι.
761 5754 848 5808 lib.
883 5750 958 5806 De
989 5750 1216 5814 Christo,
1255 5763 1372 5818 cap.
1403 5749 1485 5802 l0.
1563 5748 1606 5776 ⁸ο
1638 5745 1897 5802 Albanas.
1933 5755 1944 5799 t

2047 5793 2058 5802 .
2096 5744 2135 5810 l,
2169 5761 2218 5815 p.
2243 5745 2368 5799 9.77.

2003 5293 2164 5347 quam
2190 5278 2726 5333 circuminsessionem
2751 5278 3058 5333 scholastici
3089 5291 3280 5333 vocant
3313 5295 3327 5331 :
3357 5293 3424 5333 ex
3471 5297 3576 5348 qua

2004 5371 2374 5442 περιχωρήσει
2402 5371 2663 5426 unitatem
2705 5371 2849 5426 illam
2889 5372 3222 5426 numericam
3267 5376 3574 5429 necessario

2003 5464 2139 5519 efﬁci
2171 5464 2448 5519 contendit
2475 5462 2728 5518 Petavius
2755 5462 2830 5516 De
2857 5461 3073 5528 Trinit.,
3098 5463 3192 5521 lib.
3225 5482 3297 5530 Iv,
3329 5482 3449 5535 cap.
3481 5468 3565 5520 16.
