1918 3069
246 100 274 127 Η
672 94 951 124 SUPPLEMENTUM
967 94 1011 121 AD
1029 93 1189 121 ORIGENIS
1209 92 1414 120 EXEGETICA.
1830 93 1860 121 η

242 159 432 187 commendata.
448 157 553 185 Accedit
567 157 633 183 illud
646 155 715 191 quod
727 160 751 182 et
766 156 794 181 in
808 153 960 182 Nattttianis
976 153 1118 185 codicibus,
1128 161 1238 188 quorum
1253 141 1388 187 catoloqus
1401 151 1471 179 brevi
1480 151 1707 186 prodibit,eadem
1721 151 1860 186 aliquando

242 211 381 235 recurrunt
397 205 503 233 totidem
515 204 609 236 verbis,
624 208 648 230 et
665 204 802 230 universus
816 205 1011 231 commentandi
1024 204 1116 231 modus
1134 203 1272 238 Origenem
1288 202 1383 237 ubique
1395 202 1494 228 redolet
1507 210 1537 228 nc
1546 202 1644 236 prodit.

212 278 213 290 ξ
276 253 350 280 Illud
364 259 464 287 quoque
474 251 507 277 ad
520 249 773 277 commendationem
790 249 996 284 fragmentorum
1008 251 1101 276 [torum
1117 248 1221 276 silentio
1236 257 1288 275 non
1308 253 1346 275 est
1362 248 1584 282 praztereundum,
1598 248 1667 283 quod
1687 251 1790 281 praeter
1808 256 1862 273 eru-

208 293 210 295 ’
241 299 298 326 dita
309 298 402 330 multa,
415 305 460 324 nec
476 296 539 323 alibi
554 295 667 330 fortasse
679 295 846 327 invenienda,
860 296 981 330 dogmata
994 297 1072 322 etiam
1088 295 1239 322 Christiana
1253 294 1378 322 adversus
1397 302 1561 329 aggressores
1579 301 1669 320 eorum
1694 293 1813 327 feliciter
1825 303 1862 320 as-

241 350 371 373 seruntur.
385 343 472 370 Primi
483 342 586 378 generis
599 342 679 377 fuerit
692 342 758 368 illud
772 342 840 373 quod
854 341 918 376 legis
932 343 966 369 ad
985 342 1083 369 Matth.
1099 350 1157 375 cap.
1177 349 1264 372 xxv",
1278 350 1302 368 υ.
1320 341 1369 370 i7.
1387 340 1516 367 Barabst
1537 348 1628 367 nomen
1651 339 1743 374 fuisse
1765 337 1861 371 Iesum,

242 394 329 428 itaque
344 391 436 426 legisse
449 390 626 418 uetustissima
641 389 803 423 exemplaria
816 396 826 415 :
842 389 927 423 Quem
943 390 1025 416 vultis
1044 389 1077 417 de
1097 389 1139 416 his
1154 381 1258 416 duobus
1271 388 1405 415 dimittam
1424 387 1619 415 vobis?lesum
1637 387 1812 418 Burabbam,
1827 388 1863 414 vel

242 440 332 468 Iesum
346 439 393 474 qui
410 439 509 466 dicitur
522 437 665 465 Christus?
677 437 742 469 Quae
754 445 817 463 sane
832 436 910 463 lectio
923 437 1024 463 videtur
1034 436 1111 463 modo
1125 436 1248 471 loquendi
1265 435 1428 470 evangelista:
1440 435 1481 461 hic
1498 439 1626 469 usurpato
1640 435 1795 461 admodum
1809 443 1863 461 con.

238 486 433 522 gruentissima.
448 484 514 512 Item
527 484 594 511 illud
610 484 684 510 Psal.
697 491 791 516 xxxvr,
803 492 827 510 υ.
847 483 894 516 24,
907 484 951 510 ubi
967 483 1075 515 dicitur,
1091 483 1118 509 in
1132 482 1259 516 agonibus
1277 481 1420 516 aliquando
1434 482 1478 516 qui
1496 482 1566 508 cadit
1590 481 1703 508 vincere
1730 480 1795 506 tria.
1812 479 1863 512 Qus

238 533 347 566 miriﬁce
354 541 444 560 eorum
458 532 585 559 sententia
597 531 780 565 conﬁrmatur,
790 532 835 567 qui
848 531 939 558 docent
952 533 986 557 ad
998 530 1162 565 referendam
1173 530 1289 565 palmam
1300 529 1416 556 victorite
1424 530 1450 555 in
1462 529 1588 564 agonibus
1601 528 1739 555 athleticis
1752 534 1794 554 ter
1806 536 1863 561 opus

238 577 319 612 fuisse
335 577 476 612 profligare
497 576 688 609 adversarium,
703 575 735 602 de
749 584 801 610 quo
817 575 937 602 nonnulli
947 575 1077 602 immerito
1087 575 1209 602 dubitant
1224 576 1294 608 apud
1310 575 1435 602 Poterum
1451 574 1508 601 loco
1523 583 1539 602 a
1554 575 1628 602 nobis
1642 575 1678 601 ad
1692 574 1776 601 illum
1789 575 1865 600 versi-

238 624 327 651 culum
344 623 467 650 excitato.
481 622 550 654 Quid
563 622 623 648 item
639 623 671 648 sit
692 621 878 657 στηλογραφια
906 623 932 648 in
955 622 1031 648 titulo
1042 621 1109 655 psal.
1123 629 1168 653 xv,
1182 626 1206 648 et
1219 622 1263 655 qui
1273 622 1330 656 ejus
1345 629 1408 648 usus
1424 622 1493 656 apud
1505 625 1612 654 veteres,
1624 629 1657 648 ea;
1669 621 1750 648 hisce
1763 620 1864 647 scltoliis

237 674 356 704 apparet.
371 669 516 696 Sinceritas
530 677 630 704 quoque
654 677 684 695 ac
703 669 850 704 γνησιότης
866 669 990 696 versiculi
1003 669 1035 696 de
1051 669 1146 696 sudore
1156 668 1255 696 Christi
1274 670 1406 696 stabilitur
1419 677 1428 696 :
1443 677 1500 705 quia
1513 669 1632 696 similiter
1647 668 1829 702 confirmatur
1837 676 1865 695 ex

238 725 311 753 teque
334 722 433 745 uetusto
452 717 602 751 interprete,
614 722 641 743 ut
662 718 688 743 in
701 717 828 752 Dionysio
843 717 1025 744 Alexandrino
1042 716 1169 744 diximus.
1187 716 1354 744 Variantium
1377 725 1479 752 quoque
1503 717 1642 744 lectionum
1658 716 1733 743 bona
1747 723 1832 750 seges,
1842 719 1863 741 et

238 763 404 792 Samaritani
418 765 516 791 codicis
533 765 678 791 auctoritas
689 765 830 791 identidem
849 765 922 792 nobis
940 765 1106 800 proponitur,
1123 770 1152 792 ut
1170 769 1266 792 caetera
1280 765 1359 792 missa
1371 765 1515 800 faciamus.

277 812 409 847 Dogmata
421 812 483 846 ﬁdei
495 811 666 846 Christianas,
681 812 831 840 traditionis
843 813 904 840 item
925 813 1121 846 ecclesiasticae,
1140 818 1164 839 et
1183 820 1236 840 non
1251 813 1359 847 scriptae
1373 813 1533 840 exstantium
1549 820 1581 839 ac
1601 813 1746 839 veritatem
1760 819 1808 845 per
1817 811 1862 838 Int-

234 858 355 892 jusmodi
367 858 512 893 fragmenta
530 859 662 886 cumulate
677 859 830 894 conﬁrmari
848 868 880 887 ac
895 860 1010 887 stabiliri
1021 860 1112 896 liquet.
1124 861 1207 888 Deum
1222 868 1278 887 esse
1289 861 1471 896 incorporeum
1482 865 1505 887 et
1517 868 1576 895 quae
1586 859 1769 894 corporaliter
1780 860 1813 885 de
1823 859 1864 885 illo

237 906 371 938 dicuntur,
395 911 423 932 ut
447 906 530 933 Deum
546 907 653 934 addecet
668 915 723 934 esse
738 907 919 943 intelligenda,
944 908 1059 943 nihilque
1079 908 1140 935 inde
1149 907 1240 943 juvari
1261 907 1589 943 Anthropomorphitarum
1608 907 1723 938 deliria,
1741 910 1815 940 patet
1836 913 1864 932 ea:

238 954 346 981 scholiis
360 955 386 981 in
396 954 466 989 psol.
478 962 539 989 xm,
553 964 577 984 υ.
593 956 621 983 2.
634 955 683 983 Dei
696 956 887 990 providentiam
898 958 933 984 ad
948 957 1057 984 minima
1070 965 1177 993 quaque
1189 965 1217 985 se
1231 957 1381 990 extendere,
1398 961 1501 984 constat
1517 964 1548 983 ex
1558 956 1762 983 commentariis
1777 956 1805 982 in
1818 954 1862 981 Job

236 1008 283 1033 ιι,
297 1001 324 1029 5.
341 1002 397 1030 Vim
416 1011 447 1029 ac
459 1005 640 1031 necessitatem
652 1005 755 1039 gratiae,
767 1004 916 1032 libertatem
928 1005 989 1032 item
1001 1005 1119 1038 arbitrii,
1133 1005 1231 1039 passim
1251 1005 1434 1033 commendata
1445 1005 1574 1032 invenies.

237 1075 1850 1100 Μ

601 1154 1070 1220 ΩΡΙΓΕΝΟΥΣ
1122 1151 1493 1219 ΕΚΛΟΓΑΙ

785 1275 870 1318 ΕΙΣ
889 1275 1002 1317 ΤΗΝ
1021 1274 1253 1317 ΓΕΝΕΣΙΝ
1273 1269 1326 1314 (ί).

435 1422 728 1469 ORIGENIS
762 1421 1230 1469 ADNOTATIONES
1267 1421 1326 1465 IN
1369 1416 1650 1465 GENESIM.

835 1519 882 1550 (Ex
895 1519 1050 1544 Bibliotheca
1062 1515 1239 1547 Gallandiana.)

554 1629 630 1657 CAP.
650 1629 704 1657 Vll.

1373 1625 1409 1660 (δ)
1425 1624 1502 1650 uno.
1521 1624 1556 1650 z'.

238 1675 271 1703 ν.
288 1675 315 1702 4.
333 1674 390 1710 Ego
401 1675 504 1702 adduco
517 1675 631 1709 pluviam
639 1683 718 1709 super
732 1680 830 1711 terram
842 1676 1019 1711 quadraginta

1072 1675 1144 1711 ΣίιιχΪ
1160 1672 1191 1699 δ’.
1215 1671 1287 1711 Ἐτῲ
1304 1671 1402 1711 emi-rw
1420 1670 1508 1711 decor
1522 1669 1589 1705 (ἐπὶ)
1603 1670 1660 1711 σὴν
1672 1670 1734 1704 γῆν
1748 1674 1857 1711 τεσσα-

273 1705 395 1743 άίεδ,ἐι
417 1705 593 1745 quadraginta
620 1705 716 1737 nocles.
745 1710 780 1737 Et
799 1705 887 1738 delebo
919 1705 1019 1738 omnem

1104 1705 1236 1745 ῥᾶκονζα
1251 1705 1369 1745 ίὴμέρας
1379 1725 1401 1744 ,_
1412 1705 1460 1731 καὶ
1485 1705 1708 1745 τεσσεράκοντα
1734 1706 1857 1745 νύκτας.

273 1738 491 1772 exsurrectionem
512 1738 561 1780 (ἒ),
578 1753 655 1780 quam
672 1745 733 1780 feci,
755 1755 771 1773 a
792 1746 860 1780 facie
880 1751 974 1780 terna,
987 1747 1019 1773 ab

1104 1738 1335 1781 '(fal_éEa1el-gb:lit
1358 1738 1464 1781 πᾶσαν
1484 1739 1547 1780 rip:
1564 1739 1774 1781 ὲξᾳνάσζαᾳιγ
1786 1761 1808 1781 ,ἢ
1821 1738 1858 1781 ἣν

274 1775 677 1815 homineadusque-iumentum:
727 1775 733 1780 ’
792 1775 797 1780 ’
967 1775 974 1780 ’

1106 1779 1244 1811 ἐποίησα,
1258 1776 1316 1804 ἀπὸ
1333 1775 1493 1810 προσώπου
1511 1775 1566 1810 τῆς
1586 1775 1650 1810 γῆς,
1671 1775 1732 1802 ἀπὸ
1749 1775 1858 1808 ἀνθρὼ-

1104 1820 1161 1841 που
1175 1812 1230 1845 ἓως
1245 1812 1382 1845 κτήνους.

1104 1820 1161 1841 που
1175 1821 1230 1845 εως
1245 1820 1382 1845 κτηνους.

274 1857 393 1884 Curnam
414 1856 516 1884 diluvio
538 1856 677 1883 hominum
714 1856 901 1884 multitudines
917 1857 1018 1892 {perdi-

1106 1860 1138 1887 Tl
1154 1859 1252 1895 δήποτε
1268 1857 1306 1893 τῷ
1322 1856 1504 1892 κατακλυσμῷ
1516 1856 1550 1883 τὰ
1562 1856 1615 1882 τῶν
1627 1855 1780 1891 ἀνθρώπων
1792 1855 1857 1890 πλή-

228 1902 399 1930 »ὐίιῖῡθιετθ
414 1901 489 1929 Caini
513 1909 596 1936 genus
613 1902 698 1929 voluit
717 1911 724 1928 ε
742 1903 882 1929 commista
903 1910 964 1930 cum
989 1909 1019 1930 eo

1072 1906 1105 1941 6η
1128 1905 1279 1940 διέφθειρεν
1299 1912 1306 1937 ;
1330 1903 1483 1938 Ἐξαλεῖψαι
1503 1902 1549 1929 τοῦ
1565 1900 1633 1929 Κάῖν
1650 1902 1680 1928 τὸ
1703 1902 1785 1936 γένος
1799 1900 1857 1936 ἠθέ-

239 1948 328 1976 l'uerat
355 1948 459 1983 piorum
497 1955 603 1982 quoque
629 1948 715 1975 tribus
736 1957 743 1976 :
767 1953 909 1983 propterea
935 1955 1022 1983 pcenae

239 1994 323 2023 etiam
335 1993 504 2028 participium
517 1993 619 2020 habuit.
633 1993 741 2020 lnitium
752 2001 815 2022 vero
829 1994 936 2029 aliquod
947 2003 1021 2023 novae

239 2041 303 2068 vita:
321 2039 426 2067 elIicere
440 2048 500 2067 cum
518 2039 608 2072 vellet,
630 2039 686 2067 Noe
708 2040 818 2075 ejusque
841 2040 942 2068 liberos
960 2049 1020 2068 cum

239 2086 370 2114 uxoribus
389 2087 520 2118 servavit,
541 2086 639 2120 quippe
654 2085 699 2120 qui
721 2086 780 2120 pius
799 2091 859 2113 erat
875 2091 902 2113 et
916 2087 1020 2121 justus,

239 2132 427 2167 originemque
438 2139 515 2158 suam
529 2131 644 2158 ducebat
664 2139 678 2158 a
693 2132 952 2166 consanguineorum
967 2135 1021 2168 pie-

239 2183 313 2211 tate,
345 2177 408 2206 odio
429 2184 535 2212 quoque
560 2177 773 2212 prosequebatur
799 2185 858 2204 eam
891 2186 1020 2213 generum

239 2223 392 2255 misturam,
406 2229 465 2257 quae
478 2226 572 2248 contra
584 2221 658 2256 leges
669 2227 738 2248 erat.
752 2221 826 2248 llaud
840 2230 914 2256 vero,
928 2229 955 2250 ut
967 2225 1022 2258 qui-

239 2269 300 2297 dam
318 2269 420 2301 dicunt,
436 2268 474 2295 ira
483 2268 608 2302 quapiam
622 2268 662 2294 vel
675 2268 833 2303 prenitentia
850 2269 943 2296 istlimc
956 2269 1021 2297 etl‘e-

238 2315 286 2343 cit.
313 2314 381 2342 Sunt.
396 2314 467 2341 enim
484 2314 525 2341 lia:
545 2313 701 2341 aﬂectiones
721 2314 846 2341 humanas
862 2324 868 2341 :
884 2320 910 2342 et
931 2316 1020 2343 divina

238 2365 335 2389 natura
348 2361 381 2387 ab
396 2360 582 2388 uﬂectionibus
598 2361 726 2387 immunis
734 2365 785 2387 est.
798 2360 930 2388 Praeterea
939 2362 1018 2389 etiam

237 2407 397 2442 ptenitcntia
411 2407 482 2434 cadit
492 2407 518 2433 in
533 2414 589 2438 eos,
604 2407 650 2441 qui
666 2412 726 2441 post
737 2408 901 2441 experientia
919 2408 1020 2442 quaesit

237 2461 328 2481 rerum
342 2457 436 2479 natura
448 2453 617 2480 didicerunt:
627 2454 672 2486 qui
682 2458 822 2487 postquam
833 2454 1018 2488 experimento

204 2498 223 2548 ἰ
239 2499 394 2530 didicerint,
409 2505 438 2525 se
452 2499 522 2525 haud
539 2503 612 2525 recte
625 2498 803 2532 consuluisse,
825 2503 888 2525 tunc
911 2499 1016 2525 demum

210 2542 396 2580 l’.pmnitentia
411 2543 554 2570 ducuntur.
571 2543 606 2570 At
623 2542 692 2570 Deus
710 2543 751 2570 sic
766 2543 886 2569 intuetur
900 2550 944 2570 res
958 2547 1018 2577 post

216 2587 222 2612 ἰ
238 2591 336 2618 multas
347 2591 532 2625 generationes
550 2590 672 2622 futuras.
693 2595 721 2617 ut
738 2597 784 2617 eas
797 2597 855 2624 qum
871 2589 925 2623 jam
941 2588 1017 2615 iactae

237 2642 309 2664 sunt.
326 2637 380 2664 Ceu
400 2637 550 2671 praevidens
574 2636 663 2671 itaque
681 2639 708 2662 et
721 2642 961 2671 praecognoscens,
978 2634 1017 2661 sic

211 2698 221 2742 l
331 2694 370 2742 Ex
384 2694 623 2742 θλοάζχίηῗξῗεξῖῖ
643 2728 682 2742 ..Λι
709 2731 833 2742 ..ηπ-...η
871 2726 898 2742 ες

274 2726 312 2764 (2)
330 2730 361 2756 ll.
392 2737 417 2756 e.
445 2729 622 2764 substantiam
643 2728 684 2755 vel
709 2731 846 2755 naturam.
871 2726 917 2754 Sic
948 2726 1017 2755 belle

232 2766 380 2793 exhibetur
395 2763 555 2791 Hebraicum
570 2763 664 2795 iekum.

273 2800 311 2834 (5)
325 2799 418 2834 Capita
439 2804 465 2827 et
489 2806 615 2827 versuum
646 2804 773 2827 numeros
789 2797 858 2831 "ipse
884 2797 1011 2826 adnotavi

1071 1951 1151 1988 λησε⁸
1169 1951 1285 1987 ἀνεμίγη
1299 1950 1326 1977 δὲ
1340 1950 1413 1984 αὐτῷ
1426 1950 1472 1976 καὶ
1487 1949 1541 1975 τῶν
1554 1949 1673 1975 εὐσεϐῶν
1689 1950 1706 1983 ἡ
1720 1948 1804 1983 φυλή·
1822 1945 1858 1973 διδ

1072 1998 1117 2025 καὶ
1133 1999 1183 2033 τῆς
1199 1997 1332 2032 τιμωρίας
1348 1995 1523 2031 μετέσχηκεν.
1545 1994 1642 2030 Ἀρχὴν
1652 1995 1680 2020 δέ
1694 2003 1757 2020 τινα
1767 1990 1856 2020 καινοῦ

1073 2044 1129 2079 βίον
1147 2043 1310 2078 ποιήσασθαι
1328 2041 1465 2077 βουληθεὶς
1476 2061 1483 2073 ,
1500 2041 1544 2067 τὸν
1560 2040 1621 2067 Νῶε
1638 2041 1683 2067 καὶ
1697 2042 1764 2072 τοὺς
1788 2038 1857 2066 ἐχειν

1072 2099 1116 2117 νου
1131 2090 1228 2121 παῖδας
1240 2089 1288 2116 σὺν
1303 2090 1363 2120 ταῖς
1375 2087 1480 2123 γυναιξὶ
1495 2088 1662 2124 διετήρησεν,
1678 2087 1781 2122 εὐσεϐῆ
1796 2086 1857 2112 ὄντα

1072 2135 1118 2162 καὶ
1137 2135 1255 2167 δίκαιον,
1284 2135 1329 2161 καὶ
1355 2136 1387 2160 ἐκ
1408 2134 1458 2169 τῆς
1481 2134 1534 2160 τῶν
1558 2134 1695 2168 συγγενῶν
1717 2132 1858 2162 εὐσεϐείας

1073 2181 1270 2216 βλαστήσαντα,
1283 2180 1329 2206 καὶ
1344 2180 1393 2215 τὴν
1409 2180 1459 2214 τῆς
1472 2180 1642 2215 παρανομίας
1659 2180 1801 2214 ἐπιμιξίαν
1817 2185 1857 2212 μι-

1073 2227 1241 2263 σήσαντα,οὺ
1253 2226 1314 2262 μὴν,
1324 2225 1361 2257 ὥς
1368 2227 1438 2258 τινές
1449 2235 1537 2264 φασιν,
1549 2226 1616 2261 ὀργῇ
1628 2226 1665 2261 (4)
1674 2234 1726 2252 τινι
1736 2226 1785 2252 καὶ
1795 2231 1857 2259 μετ-

1072 2272 1186 2307 αμελείᾳ.
1204 2272 1291 2298 ταῦτα
1309 2271 1450 2306 πεποίηκε.
1468 2270 1560 2297 Ταῦτα
1576 2271 1629 2306 γάρ
1644 2279 1684 2296 τοι
1701 2270 1856 2306 ἀνθρώπινα

1073 2318 1145 2353 πάθη
1158 2326 1164 2332 ·
1182 2319 1198 2353 ὴ
1215 2317 1243 2344 δὲ
1260 2317 1319 2343 θεία
1336 2317 1425 2351 φύσις,
1442 2316 1571 2352 ἐλευθέρα
1587 2316 1691 2343 παθῶν.
1710 2315 1816 2346 ’Ἄλλως
1828 2321 1856 2338 τε

1073 2364 1089 2399 ή
1108 2363 1271 2399 μεταμέλεια
1287 2365 1342 2394 τοῖς
1361 2362 1428 2398 μετὰ
1442 2362 1490 2398 τὴν
1512 2363 1608 2397 πεῖραν
1626 2361 1789 2397 μανθάνουσι
1804 2359 1856 2385 τῶν

1073 2410 1242 2445 πραγμάτων
1259 2408 1308 2444 τὴν
1331 2408 1410 2442 φύσιν
1431 2407 1613 2442 κατάλληλος’
1636 2404 1696 2433 εἶτα
1715 2408 1748 2442 τῇ
1775 2405 1857 2440 πείρᾳ

1074 2454 1251 2489 μανθάνοντες
1265 2453 1302 2484 ὡς
1313 2453 1362 2479 οὐκ
1374 2452 1460 2488 ὀρθῶς
1475 2452 1676 2484 ἐϐουλεύσαντο,
1689 2450 1856 2486 μεταμέλον-

1070 2506 1125 2524 ται.
1149 2498 1177 2524 '0
1191 2498 1220 2524 δὲ
1235 2498 1301 2529 Θεὸς
1318 2497 1402 2529 οὕτως
1418 2498 1468 2532 ὁρᾷ
1488 2497 1521 2524 τὰ
1538 2497 1606 2532 μετὰ
1621 2496 1720 2528 ποὶλὰς
1739 2495 1855 2530 ἐσόμενα

1071 2543 1176 2578 γενεὰς,
1193 2543 1230 2574 ὼς
1245 2543 1294 2578 ἤδη
1309 2542 1487 2577 γεγενημένα.
1507 2543 1549 2574 Ὡς
1564 2542 1687 2578 προορῶν
1702 2541 1792 2567 τοίνυν
1810 2538 1853 2565 καὶ

1071 2589 1279 2624 προγινώσκων,
1297 2589 1381 2620 οὓτως
1403 2589 1508 2615 ἅπαντα
1524 2588 1694 2624 πρυτανεύει.
1710 2587 1853 2620 Τιβήποτί

1070 2636 1159 2662 τοίνυν
1175 2635 1363 2671 μεταμέλεταί,
1379 2635 1485 2662 ἅπαντα
1502 2634 1569 2670 πρὸς
1584 2634 1633 2670 τὴν
1643 2634 1795 2670 πρόγνωσιν
1804 2630 1850 2665 τὴν

1074 2693 1183 2729 ubique,
1199 2694 1233 2721 ad
1251 2694 1399 2729 editionem
1421 2693 1482 2720 cod.
1501 2692 1675 2720 Alexandrini
1704 2690 1851 2724 Breitinge-

1071 2728 1186 2764 riarnum,
1199 2729 1291 2764 Tiguri
1302 2728 1380 2755 i750.

1104 2763 1140 2800 (4)
1159 2761 1203 2793 Sic
1218 2761 1386 2793 correximus
1396 2761 1507 2791 verbum
1523 2761 1673 2797 nihili'épﬁ.
