1918 3069
205 86 239 114 2'1

633 85 910 115 SUPPLEMENTUM
930 86 976 114 AD
994 86 1152 115 ORIGENIS
1171 87 1373 115 EXEGETICA.

1772 85 1826 112 28

205 148 257 175 hoc
267 147 353 181 ipsum
366 151 533 176 transversos
546 151 615 182 agat,
628 155 662 174 ne
674 147 808 175 dcclinare
819 148 883 182 quid
896 148 980 182 possit

1029 148 1066 180 ὡς
1080 148 1125 175 καὶ
1146 148 1226 175 αὐτὸν
1247 148 1375 184 ὑποφέρει
1386 147 1416 174 οὑ
1439 146 1628 184 παραιτεῖσθαί
1647 154 1676 173 τι
1693 144 1740 172 τὸν
1761 145 1822 172 ἐπὶ

206 192 268 219 vitae
288 193 437 227 periculum
463 197 489 219 et
512 197 622 219 metum.
647 193 783 228 Accipiter
807 194 878 220 enim
902 194 982 221 irruit

207 238 308 273 impetu
328 239 354 266 in
370 246 475 266 omnem
489 238 624 264 volucrem
637 238 822 270 infirmiorem,
836 243 863 265 et
877 239 903 266 in
920 247 982 267 aves

205 281 339 315 defertur,
368 290 434 316 quas
459 289 520 309 cum
549 283 661 317 ceperit.
690 283 790 317 perdit.
823 283 981 312 Cataractcs

142 354 150 366 ,
206 333 306 361 autem,
324 334 349 355 et
359 328 409 355 ibis
425 333 451 355 et
465 329 647 363 porphyrion,
668 330 737 356 addo
762 334 789 356 et
806 330 980 364 pelecanum,

205 373 234 402 in
248 375 335 409 pisces
352 375 482 407 insiliunt,
495 380 522 403 et
533 375 660 409 gaudium
676 383 754 402 suum
767 376 870 404 faciunt
885 377 979 404 interi-

206 423 260 446 tum
273 420 386 448 illorum.
403 421 481 449 Tales
493 426 557 448 sunt
569 429 673 454 omnes,
687 427 814 456 quantum
828 423 860 449 ad
875 431 978 450 morum

204 465 319 499 pertinet
333 465 477 498 feritatem,
487 467 531 500 qui
547 467 621 493 nihili
636 467 738 494 faciunt
754 468 775 494 si
791 475 857 502 quos
869 469 981 502 perdant

203 514 313 543 propter
327 510 492 545 voluptatem
509 519 599 543 suam,
617 512 663 546 qui
680 513 764 538 mutui
781 513 880 539 amoris
895 514 977 546 legem

202 555 354 588 repudiant,
381 560 409 584 et
428 557 497 591 apud
520 557 674 585 dilectionis
701 558 896 593 charitatisque
918 559 979 593 jura

202 599 350 628 oﬂ‘endunt.

505 689 581 717 CAP.
606 689 675 717 XVI.

260 745 290 772 ν.
317 745 360 772 19.
387 745 420 772 Et
441 746 562 781 auferunt
576 746 679 782 (dona)
694 747 922 782 verbajustorum.

291 791 324 817 ν.
344 791 388 818 20.
408 791 483 818 Ιιιδιε
498 792 568 826 quod
579 792 681 826 justum
695 796 733 821 est
748 793 886 820 sectabere.

1031 194 1085 229 ζωῇ
1100 194 1219 220 κίνδυνόν
1232 202 1261 220 τε
1278 194 1323 220 καὶ
1337 193 1427 228 φόϐον.
1448 192 1477 220 Ὀ
1497 193 1544 228 μὲν
1563 193 1616 228 γὰρ
1634 192 1708 228 ἱέραξ
1725 201 1820 219 κατα-

1030 238 1145 273 θρώσκει
1164 247 1193 264 τε
1212 237 1304 269 δεινῶς
1335 237 1433 269 παντὸς
1448 236 1639 273 ἀσθενεστέρου
1665 236 1807 265 πετεινοῦ.

1029 284 1074 311 καὶ
1091 284 1160 311 κατὰ
1177 283 1322 320 στρουθίων
1337 284 1416 315 ἵεται,
1434 283 1481 309 καὶ
1495 282 1610 309 διόλλυσι
1626 281 1724 309 λαϐὼν.
1747 283 1817 308 Κα-

1027 331 1164 366 ταράκτης
1178 339 1209 364 γε
1227 331 1278 366 μὴν
1293 330 1339 356 καὶ
1351 330 1404 361 ἶϐις
1418 330 1464 356 καὶ
1478 329 1642 366 πορφυρίῳν,
1658 328 1814 364 προσθείην

1028 374 1049 400 δ’
1058 374 1090 401 ἂν
1099 375 1139 401 ὅτι
1149 375 1196 401 καὶ
1209 374 1362 406 πελεκᾶνον,
1377 375 1556 401 ὲπιόαίνονται
1572 365 1627 405 τοῖς
1639 372 1726 408 ἰχθύσι
1735 393 1741 404 ,
1759 373 1813 399 καὶ

1027 421 1130 456 τρυφὴν
1144 420 1198 456 (40)
1217 421 1353 447 ποιοῦνται
1369 421 1413 446 τὸν
1427 421 1536 447 ἐκείνων
1550 419 1667 454 ὄλεθρον.
1684 418 1812 445 Τοιοῦτοι

1027 465 1055 491 δὲ
1074 467 1182 497 πάντες,
1204 466 1265 492 ὅσον
1280 463 1325 501 ἦκ’
1339 467 1367 498 ὲς
1385 467 1500 501 τρόπους
1525 466 1580 501 (Μ)
1601 465 1764 501 ἀγριότητα,
1781 465 1812 491 οἱ

1028 511 1090 545 παρ’
1112 511 1186 537 οὐδὲν
1215 510 1357 545 ἡγούμενοι
1384 511 1415 536 τὸ
1445 511 1575 538 διολλύναι
1602 511 1676 541 τινὰς
1703 510 1747 536 διά
1774 518 1811 544 γε

1028 556 1080 582 τῶν
1101 556 1154 589 (/t‘i’.)
1176 556 1265 590 σφίσιν
1282 557 1370 587 αὐτοῖς
1385 556 1442 591 ἡδὺ,
1461 557 1484 582 οἰ
1500 556 1544 582 τὸν
1567 557 1614 591 τῆς
1631 556 1811 591 φιλαλληλίας

1028 602 1218 637 παρωσάμενοι
1243 602 1333 636 νόμον,
1350 602 1395 630 καὶ
1415 603 1469 633 τοῖς
1489 602 1535 637 τῆς
1558 602 1666 637 ἀγάπης
1688 610 1807 638 προσκεο

1029 647 1173 683 κρουκὸτες
1191 647 1308 682 θεσμοῖς.

1340 692 1417 719 ΚΕΦ.
1434 693 1491 726 Icr.

1087 738 1142 772 (45)
1158 737 1231 772 Στίχ.
1246 737 1287 763 ιθ’.
1303 738 1356 764 Καὶ
1371 737 1480 771 ἐξαίρει
1492 738 1600 772 λόγους
1613 737 1745 764 δικαίων.

1142 783 1215 818 Στίχ.
1229 786 1262 811 κ’.
1276 783 1396 816 Δικαίως
1412 782 1445 809 τὸ
1460 783 1575 809 δίκαιον
1588 782 1689 817 διώξῃ.

238 835 363 870 Ejusdem
385 844 418 864 ex
443 824 556 871 epistola
579 824 613 864 ad
638 837 763 864 Photium
789 843 816 865 et
842 838 976 866 Andream

1061 827 1112 854 Τοῦ
1125 827 1206 854 αὑτοῦ
1223 828 1254 854 ὲκ
1266 828 1315 863 τῆς
1330 828 1396 863 πρὸς
1407 827 1506 855 Φώτιον
1521 828 1567 854 καὶ
1587 828 1712 863 Ἀνδρέαν
1725 835 1810 867 πρεσ-

202 883 383 918 presbyteros.

237 927 264 954 ld
291 933 340 960 est,
365 933 505 963 postquam
527 929 685 965 cognoveris
712 933 739 957 et
758 929 869 958 edoctus
894 930 979 958 fueris

198 972 309 1007 iustitiae
322 974 412 1005 verba.
431 974 567 1002 sectabere
578 981 657 1010 atque
667 975 787 1010 requires
799 976 870 1010 quod
875 975 976 1010 justum

201 1023 255 1050 est,
270 1018 383 1046 abomni
401 1018 544 1048 aﬁ‘ectione
558 1020 685 1048 immunis
703 1029 710 1047 :
732 1021 874 1054 atquensic
887 1020 977 1055 justus

199 1064 257 1099 ipse
271 1065 341 1098 quod
352 1066 454 1100 justum
468 1071 508 1094 est
523 1074 639 1101 quaeres,
658 1068 872 1102 circumquaque
887 1068 976 1095 muni~

201 1114 254 1142 tus.
268 1115 294 1137 et
310 1111 379 1138 intra
390 1111 502 1143 iustitiae
518 1112 618 1140 limites
633 1114 793 1140 consistens.
817 1113 889 1140 Multi
904 1114 975 1140 enim

201 1156 253 1184 hoc
265 1156 322 1191 ipso
337 1157 407 1190 quod
421 1157 513 1184 volunt
526 1165 585 1184 esse
596 1157 662 1191 justi
676 1178 683 1190 ,
699 1158 823 1185 inebriati
848 1159 976 1192 quodam-

199 1202 280 1228 modo
305 1207 421 1228 mentem
447 1206 556 1236 propter
588 1202 700 1235 rigidam
723 1203 856 1236 justitiam
880 1211 974 1237 suam,

195 1245 309 1280 iustitia;
329 1246 464 1279 justitiam
484 1246 580 1281 injuria
607 1245 763 1273 atl'ecerunt.
791 1246 877 1280 Quare
893 1248 974 1275 etiam

199 1290 319 1323 prudens
333 1290 520 1323 Ecclesiastes,
541 1297 621 1326 atque
642 1292 708 1319 adeo
728 1293 839 1326 ipsemet
859 1294 976 1327 pruden-

200 1336 244 1363 tia:
256 1337 373 1363 eruditor
402 1336 537 1372 (Christus
552 1342 592 1365 est
606 1338 676 1365 enim
693 1346 773 1366 verus
789 1338 974 1373 Ecclesiastes,

199 1381 327 1409 Ecclesia:
345 1386 435 1417 caput,
456 1387 484 1410 et
510 1383 556 1410 Dei
579 1383 662 1418 patris
686 1384 769 1411 nostri
794 1392 917 1419 suprema
944 1392 975 1413 ac

199 1427 348 1455 subsistens
362 1428 492 1463 sapientia
503 1433 530 1456 et
540 1430 608 1456 ratio
618 1433 637 1462 ),
651 1428 779 1464 jugulans
796 1430 865 1464 quod
881 1430 975 1457 immo-

199 1471 286 1499 dicum
298 1476 348 1505 est,
365 1473 490 1507 quamvis
508 1474 541 1502 ad
558 1474 696 1502 dexteram
713 1474 813 1508 ﬂectat,
831 1475 971 1503 admonet:
986 1486 1008 1515 ο

200 1516 242 1543 Ne
258 1517 294 1544 si:
307 1517 396 1552 justus
408 1518 531 1554 multum,
546 1527 627 1554 neque
639 1521 817 1548 commentaris
836 1520 975 1556 plusquam

198 1569 247 1596 par
262 1567 300 1588 eu
318 1563 352 1589 “.

500 1609 576 1638 CAP.
598 1609 668 1637 XIX.

236 1652 270 1682 ν,
283 1653 328 1680 21.
342 1654 464 1681 Animam
484 1663 531 1689 pro
551 1655 657 1687 anima,
672 1655 776 1683 oculum
790 1663 836 1691 pro
853 1656 940 1684 octtlo.

234 1732 297 1760 Hmc
311 1733 416 1767 quidem
434 1733 473 1760 lex
491 1734 524 1760 ad
534 1734 655 1762 inﬁrmos
674 1734 818 1762 lsraelitas.
829 1735 862 1761 At
878 1734 969 1762 Domi-

198 1786 250 1806 nus
268 1778 312 1813 qui
334 1779 367 1805 de
384 1779 425 1806 bis
439 1779 523 1813 legem
539 1779 608 1810 tulit.
626 1780 682 1807 suis
695 1780 834 1815 discipulis
847 1780 885 1807 ait
900 1789 907 1806 :
921 1780 975 1806 Au-

198 1823 284 1855 diuit,
302 1824 372 1858 quod
386 1825 485 1850 dictum
496 1829 533 1851 est
548 1833 557 1851 :
570 1824 680 1852 Oculum
691 1833 738 1859 pro
748 1825 834 1859 oculo,
847 1829 901 1853 etc.
917 1824 975 1860 Ego

197 1874 284 1897 autem
295 1871 353 1897 dico
367 1871 436 1898 vobis
446 1891 454 1903 ,
468 1879 519 1898 non
530 1871 647 1898 resistere
662 1871 730 1898 utan
745 1872 779 1899 “.

192 1961 196 1979 ἱ
235 1956 359 1993 Ejusdem
373 1959 400 1984 in
412 1959 529 1985 eumdem
546 1958 641 1985 locum.
663 1957 725 1986 Haec
738 1959 846 1993 quidem
867 1959 893 1985 in
911 1966 973 1986 sen-

198 2003 272 2030 sibus
290 2003 422 2031 obnoxios
433 2005 566 2037 rebusque
583 2004 736 2033 mundanis.
761 2004 795 2032 At
813 2004 839 2031 in
859 2005 974 2039 peccatis

198 2049 310 2081 nostris,
340 2049 411 2076 Deus
431 2049 518 2076 nihilo
538 2057 606 2084 opus
619 2050 709 2077 habet.
727 2050 785 2084 Ipse
796 2050 867 2077 enim
887 2051 975 2085 inspe-

197 2097 258 2120 ctor
270 2097 311 2120 est
323 2093 441 2120 omnium
453 2098 479 2120 et
491 2093 583 2127 judex.
597 2093 758 2126 Notandum,
771 2095 974 2128 reprobatorum

1027 873 1154 909 συτέρους
1171 873 1323 908 ἐπιστολῆς.
1810 871 1813 904 ί

1061 919 1220 952 Τουτέστιν,
1247 920 1315 955 μετὰ
1331 920 1363 947 τὸ
1389 919 1529 955 γινώσκειν
1544 921 1591 947 καὶ
1611 919 1810 947 πεπαιδεῦσθαι

1025 965 1086 996 τοὺς
1098 965 1146 1000 τῆς
1157 965 1326 1000 δικαιοσύνης
1341 966 1443 1000 λόγους,
1455 965 1558 998 διώξεις
1571 966 1618 992 καὶ
1631 965 1808 1002 ὲπιζητὴσεις

1024 1010 1055 1036 τὸ
1064 1010 1339 1046 δίκαιον,καθαρεύων
1352 1011 1440 1046 πάσης
1454 1012 1646 1046 προπαθείας·
1659 1012 1706 1038 καὶ
1718 1011 1808 1048 ταύτῃ

1024 1056 1055 1083 τὸ
1079 1056 1181 1083 δίκαιον
1214 1056 1316 1088 δίκαιος
1338 1056 1374 1083 ὢν
1403 1056 1545 1092 ζητήσεις,
1569 1058 1615 1084 καὶ
1638 1056 1808 1092 πανταχόθεν

1025 1103 1289 1138 περιπεφραγμένος,
1302 1104 1349 1130 καὶ
1370 1103 1423 1130 ἔσω
1443 1103 1495 1130 τῶν
1513 1104 1584 1139 ὅρων
1599 1104 1647 1139 τῆς
1667 1102 1807 1130 δικαιοσύ-

1025 1155 1072 1182 νης
1090 1148 1240 1183 ἱστάμενος.
1261 1148 1356 1175 Πολλοὶ
1373 1149 1426 1184 γὰρ
1440 1149 1506 1175 αὐτὸ
1524 1149 1553 1174 τὺ
1570 1148 1624 1184 (44)
1647 1148 1748 1174 ἐθέλειν
1767 1147 1809 1174 δί-

1025 1202 1096 1220 καιοι
1119 1191 1197 1224 εἶναι,
1220 1194 1394 1229 μεθυσθέντες
1415 1195 1458 1221 τὸν
1478 1194 1540 1221 νοῦν
1564 1193 1608 1220 διὰ
1630 1194 1679 1229 τῆς
1700 1194 1805 1220 δικαιο-

1025 1240 1106 1274 σύνης
1125 1240 1253 1276 ἀκριϐοῦς
1265 1240 1362 1272 αὐτῶν,
1381 1241 1549 1276 δικαιοσύνης
1571 1240 1618 1276 τὴν
1634 1239 1808 1275 δικαιοσύνην

1024 1286 1249 1321 ἠδίκησαν.”Οθεν
1266 1287 1311 1312 καλ¹
1322 1287 1335 1312 ὁ
1349 1287 1455 1318 συνετὸς
1468 1285 1688 1321 Ἐκκλησιαστὴς,
1706 1285 1807 1320 μᾶλλον

1024 1331 1051 1357 δὲ
1072 1331 1086 1356 ὁ
1108 1331 1156 1366 τῆς
1181 1331 1312 1364 συνέσεως
1342 1332 1484 1368 παιδευτὴς
1509 1330 1633 1367 (Χριστὸς
1655 1330 1708 1365 γάρ
1731 1332 1806 1358 ἐστιν

1024 1377 1038 1402 ὁ
1052 1376 1152 1412 ἀληθὴς
1173 1377 1392 1413 Ἐκκλησιαστὴς,
1413 1378 1461 1412 τῆς
1481 1377 1640 1412 Ἐκκλησίας
1655 1377 1671 1412 ἡ
1687 1376 1804 1411 κεφαλὴ,

1024 1423 1070 1449 καὶ
1085 1423 1131 1449 τοῦ
1148 1423 1213 1450 Θεοῦ
1236 1425 1341 1460 Πατρὸς
1357 1425 1435 1460 ἡμῶν
1458 1425 1474 1460 ἡ
1499 1425 1626 1450 ἀνωτάτω
1641 1425 1687 1450 καὶ
1709 1423 1807 1449 ἑνυπό-

1025 1476 1121 1500 στατος
1144 1470 1225 1506 σοφία
1246 1470 1291 1496 καὶ
1308 1469 1413 1504 λόγος),
1438 1469 1528 1505 ἄγχων
1545 1469 1576 1495 τδ
1598 1468 1667 1504 πέρα
1694 1469 1803 1504 μέτρου,

1024 1513 1075 1540 κᾶν
1096 1514 1141 1540 ἐπὶ
1161 1515 1195 1542 τὰ
1212 1514 1286 1547 δεξιὰ
1301 1515 1425 1551 φέρηται,
1443 1516 1580 1550 παραινεῖ·
1597 1514 1644 1548 Μὴ
1661 1515 1746 1549 γίνου
1760 1514 1805 1540 δί-

1024 1567 1107 1593 καιος
1119 1560 1208 1592 πολὺ,
1222 1560 1268 1587 καὶ
1282 1560 1325 1595 μὴ
1340 1560 1468 1595 συρίζων
1478 1559 1616 1593 περισσά.

1342 1607 1420 1633 ΚΕΦ.
1435 1606 1486 1634 18’.

1025 1651 1079 1687 (45)
1093 1651 1165 1687 Στίχ.
1178 1655 1229 1678 κα’.
1244 1651 1556 1722 Ψυχὴέφιέᾜμξξιὲχῆς,
1572 1650 1724 1686 ὀφθαλμὸν
1735 1649 1803 1677 ἀντὶ

1059 1732 1150 1759 Ταῦτα
1166 1733 1214 1768 μὲν
1230 1733 1244 1759 ὁ
1258 1732 1339 1767 νόμος
1360 1732 1398 1764 ὡς
1412 1731 1534 1764 ἀσθενεῖς
1544 1732 1606 1764 τοὺς
1622 1731 1802 1767 Ἰσραηλίτας·

1024 1778 1038 1804 ὁ
1053 1778 1080 1804 δὲ
1103 1778 1204 1814 Κύριος
1220 1779 1234 1805 ὁ
1249 1778 1334 1806 ταῦτα
1359 1778 1540 1814 νομοθετήσας
1562 1779 1617 1809 τοίς
1635 1777 1731 1803 ἑαυτοῦ
1751 1785 1805 1812 μα-

1025 1823 1118 1858 θηταῖς
1141 1832 1234 1859 φησιν·
1253 1824 1421 1855 Ἠκούσατε.
1441 1823 1486 1850 ὅτι
1509 1823 1629 1857 ἑῤῥήθη-
1642 1821 1805 1857 Ὀφθαλμὸν

1024 1868 1090 1895 ἀντὶ
1106 1869 1269 1903 ὀφθαλμοῦ,
1284 1869 1375 1896 καὶτὰ
1389 1868 1462 1903 ἑξῆς.
1491 1868 1561 1903 Ἐγὼ
1577 1868 1611 1894 δὲ
1628 1867 1705 1902 λέγω
1720 1866 1802 1902 ὑμῖν,

1022 1913 1064 1948 μὴ
1079 1914 1254 1948 ἀντιστῆναι
1268 1914 1308 1947 τῷ
1323 1913 1452 1948 πονηρῷ.

1035 1970 1041 1976 ·
1062 1958 1115 1987 Τοῦ
1134 1958 1226 1987 αὐτοῦ
1250 1962 1293 1993 εις
1314 1960 1346 1987 τὸ
1362 1961 1444 1986 αὑτό.
1472 1959 1549 1995 ([46]
1576 1958 1666 1986 Ταῦτα
1685 1958 1733 1994 μὲν
1757 1959 1803 1985 ἐπὶ

1025 2004 1151 2040 αἰσθητοῦ
1171 2005 1284 2032 καὶτῶν
1306 2005 1374 2032 κατὰ
1394 2005 1507 2040 κόσμον·
1527 2004 1572 2030 ἐπὶ
1590 2004 1617 2031 δὲ
1636 2004 1688 2030 τῶν
1711 2004 1802 2039 ἡμαρ-

1025 2050 1146 2086 τημένων
1159 2051 1223 2086 ἡμῖν
1240 2051 1343 2083 οὐδενὸς
1357 2050 1440 2077 δεῖται
1456 2052 1470 2077 ὁ
1486 2050 1560 2082 Θεός.
1576 2050 1660 2081 Αὐτὸς
1672 2049 1726 2084 γὰρ
1742 2049 1803 2075 ἐπό-

1025 2105 1094 2131 πτης
1107 2096 1230 2123 ἁπάντων
1244 2097 1290 2123 καὶ
1306 2096 1423 2131 κριτὴς.)
1435 2096 1612 2132 Σημειωτέον,
1628 2096 1668 2122 ὃτι
1684 2095 1730 2121 καὶ
1747 2095 1802 2121 τῶν

196 2146 231 2166 ne
241 2139 272 2165 ad
285 2138 390 2172 nuptias
405 2138 529 2165 venirent
538 2139 676 2166 excusatio
688 2138 787 2171 fuerat,
803 2141 900 2174 Agrum
913 2141 974 2172 emi,

1028 2143 1104 2178 βεϐλη
1110 2143 1196 2177 μένων
1212 2144 1250 2174 εἰς
1264 2142 1310 2169 τὸν
1324 2142 1412 2177 γάμον
1424 2142 1587 2178 παραίτησις
1598 2139 1631 2177 ἦν
1645 2142 1684 2167 τό·
1704 2140 1802 2175 Ἀγρὸν

195 2188 224 2212 et
235 2192 329 2211 uxores
344 2184 408 2211 duxi
429 2184 461 2210 ".

509 2229 585 2257 CAP.
601 2229 659 2256 XX.

196 2274 229 2301 ν.
246 2274 272 2301 5.
290 2274 355 2306 Quis
374 2280 411 2301 ut
429 2275 515 2305 homo.
529 2275 573 2307 qui
589 2275 726 2308 (rdiﬁcat'it
745 2275 850 2301 domum
869 2283 972 2308 novam,

434 2314 459 2336 et
475 2318 524 2336 non
536 2310 648 2336 initiavit
662 2318 718 2336 eam
728 2311 742 2336 ἵ

230 2356 265 2382 In
282 2355 399 2381 eumdem
418 2355 513 2382 locum.
535 2355 632 2390 Figura
654 2360 696 2382 est
714 2355 795 2389 igitur
816 2363 868 2382 non
892 2356 974 2383 susti-

195 2400 285 2428 nentis
300 2405 425 2434 reputare
439 2400 582 2427 inculatum
600 2406 757 2434 praesentem
773 2401 855 2428 vitam
870 2402 892 2428 is
905 2421 912 2433 ,
928 2402 972 2435 qui

195 2453 290 2473 novam
307 2446 414 2473 domum
432 2446 565 2478 aedificat,
589 2451 616 2473 et
638 2446 767 2473 sollicitus
788 2454 897 2480 operum
921 2447 972 2473 htt-

194 2492 310 2528 iusmodi
335 2492 430 2519 studiis
453 2492 581 2519 incumbit
600 2501 606 2518 :
625 2492 698 2519 avari
723 2493 784 2519 item
811 2493 926 2519 hominis
946 2496 973 2520 et

196 2539 279 2566 lucris
295 2539 389 2566 intenti
407 2539 440 2571 is,
454 2539 497 2572 qui
513 2539 618 2566 vineam
633 2539 744 2574 plantat.
764 2539 829 2565 Eum
847 2545 911 2566 vero
925 2538 971 2572 qui

1025 2187 1169 2221 ἠγόρασα,
1183 2186 1231 2213 καὶ
1245 2186 1387 2221 γυναῖκας
1403 2187 1506 2221 ἔγημα.

1347 2233 1423 2260 ΚΕΦ.
1440 2233 1480 2259 K'.

1022 2277 1077 2313 (47)
1091 2277 1164 2312 Στίχ.
1180 2281 1209 2303 ε’.
1222 2277 1268 2310 Τίς
1279 2279 1295 2304 ὁ
1309 2279 1484 2311 ἀνθρωποςὸ
1494 2277 1696 2339 οἰκοδίἔιήσας,
1705 2276 1804 2303 οΙκΙαν

1091 2312 1206 2339 καινὴν.
1228 2313 1276 2339 καὶ
1292 2314 1346 2339 οὐκ
1360 2313 1564 2339 ἐνεκαίνισεν(
1603 2315 1610 2339 l
1623 2313 1733 2339 αὺτπν;

1091 2312 1206 2345 καινὴν,
1228 2313 1276 2339 καὶ
1292 2314 1346 2339 οὐκ
1360 2313 1545 2339 ἐνεκαίνισεν
1556 2312 1610 2347 (48)
1623 2312 1733 2344 αὐτήν;

1057 2359 1108 2390 Εἰς
1123 2357 1155 2384 τὸ
1167 2358 1249 2384 αὑτό.
1267 2358 1355 2390 Τύπος
1369 2356 1414 2384 οὖν
1429 2358 1482 2393 ἄρα
1517 2359 1562 2384 τοῦ
1593 2357 1736 2393 παηροικίαν
1768 2358 1801 2391 h-

1023 2402 1127 2438 γεῖσθαι
1145 2402 1180 2438 μὴ
1196 2402 1357 2437 ἀνεχομένου
1370 2402 1418 2437 τὴν
1432 2401 1570 2436 παροῦσαν
1589 2401 1670 2436 ζωὴν,
1685 2401 1699 2426 ὁ
1714 2399 1802 2426 οἰκίαν

1023 2448 1179 2482 οἰκοδομῶν,
1193 2448 1239 2474 καὶ
1257 2449 1316 2480 ταῖς
1329 2448 1391 2483 περὶ
1407 2448 1492 2474 ταῦτα
1515 2445 1700 2482 φιλεργασίαις
1717 2453 1802 2471 σπου-ι

1022 2493 1104 2524 δαίως
1120 2491 1276 2527 ἐγκείμενος
1285 2500 1292 2507 ·
1304 2492 1350 2518 τοῦ
1364 2492 1392 2518 δὲ
1408 2492 1602 2526 φιλοκτήμονος
1613 2490 1658 2516 καὶ
1675 2489 1799 2524 φιλοκερ-

1023 2537 1093 2569 δοῦς,
1106 2538 1120 2563 ὁ
1131 2536 1277 2570 ἀμπελῶνα
1291 2536 1422 2572 φυτεύων.
1439 2536 1490 2562 Τὸν
1501 2536 1530 2562 δὲ
1550 2535 1733 2570 γυναικομανῆ
1755 2534 1801 2561 καὶ

230 2608 252 2624 ’⁸
267 2607 339 2635 Eccl.
357 2615 404 2640 νη,
421 2607 488 2635 l7."
504 2608 598 2636 Matth.
619 2617 644 2641 ν,
661 2608 706 2642 58,
721 2608 776 2636 59.’
807 2609 830 2624 ”
842 2607 908 2636 Luc.
925 2617 980 2642 xw,

1032 2631 1039 2642 ο
1055 2611 1099 2638 20.

243 2666 287 2702 ιο)
301 2666 339 2693 An
349 2666 472 2702 τροφήνῖ

241 2701 287 2734 ιι)
301 2701 417 2736 τρόπου,
436 2701 475 2728 vel
490 2701 609 2735 τρόπων.

235 2736 287 2771 [42)
301 2736 346 2762 Τό.

235 2771 333 2808 (ζῆ-[η
347 2771 406 2798 cod.
428 2771 489 2808 536.
503 2778 567 2808 pag.
583 2771 645 2798 9.2L

231 2805 286 2838 (ιι)
300 2805 378 2834 Forte
393 2806 465 2841 αὐτῷ
482 2806 530 2842 τῷ.

1062 2665 1117 2701 (45)
1133 2665 1243 2693 ibidem.

1062 2665 1107 2701 (45
1133 2665 1243 2693 ibidem.

1060 2665 1193 2743 Quae
1213 2702 1240 2737 ()
1266 2701 1439 2729 includuntur
1461 2698 1488 2726 in
1508 2697 1592 2726 ωιωο
1602 2700 1737 2734 pertinent
1764 2699 1796 2726 ad

1026 2742 1052 2762 v.
1070 2735 1113 2761 lb’.
1220 2735 1235 2737 "

1061 2769 1116 2802 (47)
1132 2769 1242 2796 Ibidem.

1064 2804 1119 2840 (48)
1135 2804 1188 2837 Sic,
1202 2812 1250 2839 pro
1264 2803 1430 2839 ἐνεκένησεν,
1440 2803 1616 2833 correximus.
1635 2804 1682 2832 Eo.
1693 2803 1777 2831 Pna.
