1918 3069
76 81 111 108 29
710 83 837 113 ADNO'I‘.
854 83 888 112 IN
908 84 1102 115 DEUTERON.
1672 85 1706 112 5°

75 138 300 176 τιθραυσμένον,
317 143 366 170 καὶ
381 143 441 175 ταῖς
455 142 506 178 τῆς
532 144 633 179 σαρκὸς
646 144 804 182 ἐπιθυμίαις
819 147 872 173 ἐπι-

930 148 1090 174 mulierosus
1110 151 1152 174 est
1174 151 1201 174 et
1223 146 1324 174 fractus
1339 145 1449 173 libidine
1461 167 1469 179 ,
1484 149 1512 173 et
1525 145 1706 179 voluptatibus

75 185 153 212 δόντα
161 186 210 212 τὸν
217 187 299 220 νοῦν,
310 190 539 224 κατασημαινειεν
548 190 581 217 ἂν
588 191 716 225 γυναικὸς
724 193 873 227 μνηστεῖαι.

76 230 222 266 Προσιόντι
245 231 311 268 (49)
338 233 391 269 γὰρ
410 234 443 269 τῇ
467 234 513 261 τοῦ
539 236 758 271 στρατοκήρυκος
783 239 874 273 φωνῇ,

74 275 125 310 τῆς
142 276 220 312 ἱερᾶς
237 278 292 304 καὶ
313 279 509 315 μαχιμωτάτης
525 279 698 316 ἀποχωροῦσι
710 281 877 316 πληθύος.Ἃ

75 321 104 348 δὲ
119 319 152 358 ἧν
165 323 246 355 εἰκὸς
263 325 338 357 τοὺς
353 325 471 352 τοιούσδε
488 326 716 362 συνειλημμένους
732 328 831 354 ἐννοεῖν
847 337 876 355 τε

75 368 121 394 καὶ
136 368 242 402 λέγειν,
258 370 356 398 ταῦτα
373 371 523 407 δὴ-φθάσας
537 373 551 399 ὁ
566 372 652 409 κῆρυξ
679 374 823 408 ἀναφωνεῖ.
842 375 876 401 Ἣ

73 414 123 441 οὒκ
130 414 235 449 ἀληθὲς
251 417 366 450 τούτοις
380 417 434 453 (50)
450 418 483 445 τὰ
494 418 604 445 τοιαῦτα
620 418 756 454 νομίζειν;
772 419 875 447 Εἰὼθα-

73 467 99 486 σι
114 459 263 494 φιλοῦντες
279 463 314 489 ὲν
331 463 459 498 διωγμοῖς
474 464 504 490 τὸ
521 465 685 500 ἀφερέπονον
697 466 815 501 ἀγαπᾷν,
831 467 876 493 καὶ

73 506 133 538 ταῖς
146 505 221 542 ὑπὲρ
237 507 296 542 τῆς
315 509 356 540 εἰς
367 508 433 536 Θεὸν
444 509 554 545 ἀγάπης
570 510 777 537 κατακολουθεῖν
794 520 876 538 σπου-

73 550 140 582 δαῖς,
152 551 338 586 ἐννοοῦντες,
352 553 404 585 ὅτι,
424 553 452 580 εἴ
468 563 493 580 τι
521 555 625 589 γένοιτο
654 555 748 582 παθεῖν
775 557 874 590 ἀγωνι-

74 594 217 631 ζομένους,
234 597 328 624 οἴκων
339 605 369 625 τε
386 599 433 625 καὶ
446 600 578 635 κτήσεων,
597 601 643 627 καὶ
657 601 710 627 τῶν
723 601 798 637 παρᾶ
813 602 874 636 σφί-

76 650 116 668 σιν
131 643 336 678 τετιμημένων
345 645 522 672 ἐκπίπτουσιν
538 646 698 681 ἐπιθυμιῶν.

926 193 1015 220 carnis
1039 192 1155 219 intendit
1171 192 1289 219 animum
1301 211 1308 221 ,
1331 191 1450 220 mulieris
1471 191 1610 226 sponsalia
1627 191 1706 218 facile

927 239 1048 265 innuant.
1068 238 1156 265 Moras
1170 238 1240 265 enim
1257 239 1394 266 trahentes
1409 239 1441 265 ad
1455 245 1546 265 vocem
1563 239 1705 272 praeconis,

926 292 941 311 ιι
966 291 1042 312 sacra
1066 285 1315 319 pugnacissimaque
1344 283 1514 310 multitudine
1539 282 1703 310 desciscunt.

926 331 991 364 Quae
1007 338 1087 365 porro
1103 330 1239 364 probabile
1268 332 1326 356 erat
1355 335 1385 356 ut
1408 329 1559 362 hujusmodi
1583 328 1705 355 homines

926 377 1080 411 congregati
1101 376 1190 402 animo
1205 379 1347 402 versarent
1361 379 1388 401 et
1402 375 1539 405 dicerent,
1560 381 1590 400 ea
1611 374 1637 399 in
1654 381 1703 399 an-

927 428 1058 450 tecessum
1082 429 1168 455 prmco
1186 420 1317 447 enuntiat.
1341 420 1381 447 An
1405 428 1456 447 non
1481 427 1573 446 verum
1596 424 1635 446 est
1658 425 1707 445 eos

927 468 988 495 talia
1009 467 1153 501 reputare?
1168 467 1374 493 Consueverunt
1387 465 1479 492 atnasii
1496 465 1522 492 in
1540 464 1705 498 persecutio-

927 513 1004 539 nibns
1018 520 1078 546 quae
1093 511 1204 538 minitne
1215 510 1324 537 molesta
1338 515 1400 537 sunt
1414 510 1535 544 diligere,
1546 514 1573 536 et
1585 509 1705 536 cbarita-

926 558 959 584 tis
971 557 996 583 in
1011 557 1094 583 Deum
1108 556 1194 582 studia
1207 555 1335 582 remotius
1347 555 1422 588 sequi
1437 563 1444 585 ς
1459 555 1622 589 cogitantes,
1633 553 1704 587 quod

925 602 946 628 si
969 602 1032 636 quid
1055 600 1191 635 contingat
1210 599 1236 626 in
1251 599 1443 626 certaminibus
1460 599 1533 633 pati,
1551 607 1564 625 a
1581 598 1704 625 domibus

925 652 951 674 et
969 646 1202 681 possessionibus,
1223 649 1250 671 et
1276 652 1290 671 a
1314 644 1456 672 desideriis
1479 644 1622 677 excident,
1645 651 1706 680 qua

926 691 995 723 apud
1010 697 1038 716 se
1057 688 1163 723 plurimi
1182 688 1259 714 fiunt.

77 724 222 761 (51)Στίχ.
235 729 276 761 η’.
310 728 358 760 Τίς
376 730 392 755 ό
411 728 564 762 ἅνθρωπος
586 730 603 756 ὁ
620 729 802 764 φοϐούμενος
824 730 872 757 καὶ

336 763 437 789 δειλὸρ
452 763 489 789 τῆ
505 763 630 789 καρδίαι

929 736 1000 763 v.8.
1024 735 1089 768 Quis
1111 739 1149 762 est
1172 733 1249 762 homo
1263 754 1271 765 .
1298 735 1355 789 quid
1368 738 1469 787 vgretur
1492 739 1517 762 et
1540 734 1705 761 meticulostu

1240 774 1276 789 ρςΙ
1294 778 1338 789 rnr
1358 778 1371 789 ρ

355 764 437 796 addc
452 763 489 797 τῇ
505 763 630 798 καρδίᾳ;
713 763 718 764 ⁷

1026 763 1045 768 ”
1240 763 1276 796 est
1294 763 1371 796 c'orde
1383 770 1395 795 ?

86 803 166 852 ..Τοῦ
177 805 298 852 αὐτοῦ,
322 807 353 833 ’0
365 809 420 838 τοῖς
435 808 538 842 γηῖνοις
561 808 717 844 ἐγκείμενος
728 829 736 841 ,
762 810 808 837 καὶ
836 811 872 837 οἰ-

962 816 1099 852 Ejusdem.
1120 815 1169 849 Qui
1194 815 1309 843 terrenis
1327 815 1406 842 rebus
1423 815 1553 846 inlustret,
1572 819 1599 842 et
1612 814 1705 842 domos

76 848 135 898 χίας
158 850 339 885 οἰκοδομῶν,
356 852 403 878 καὶ
417 852 538 886 φυτεύων
555 853 728 889 ἀμπελῶνας,
742 856 801 886 ταῖς
824 856 872 891 τῆς

929 848 1049 896 ludificat,
1063 868 1090 890 et
1104 848 1208 898 plantat
1223 863 1326 894 vineas,
1344 863 1431 889 vietus
1449 862 1629 896 voluptatibus
1644 869 1706 889 car-

77 893 257 930 φιλοσαρκίας
274 897 388 932 ἡδοναῖς
404 898 558 934 ἡττώμενος
568 919 576 932 ,
591 899 667 926 ἔσται
692 909 743 927 που
767 901 873 933 πάντως

76 939 157 971 δειλός
168 940 226 975 (52)
244 950 278 968 τε
298 943 348 969 καὶ
365 943 485 976 ἄναλκις.

77 983 147 1020 Στιχ.
163 988 189 1012 ι’.
216 986 292 1014 Ἐὰν
307 986 341 1013 δὲ
358 988 528 1028 προσέλθῃς
543 989 617 1028 πρὸς
640 990 730 1017 πόλιν
751 990 874 1017 ἐκπολε-

366 1024 470 1057 μῆσαι
482 1024 587 1056 αὐτὴν.

112 1064 226 1101 Ὅμοιον
243 1067 299 1094 τοῦ
310 1075 318 1084 ⁸
333 1069 387 1102 Εἰς
401 1068 441 1103 ἣν
449 1068 484 1096 δὲ
492 1070 584 1096 πόλιν
596 1070 761 1104 εἰσέλθητε,
776 1071 874 1103 ἐξετά-

80 1109 137 1140 ζετε
149 1112 216 1147 (55),
240 1114 290 1147 τίς
307 1114 342 1148 ἐξ
361 1115 461 1142 αὐτῶν
481 1115 565 1148 ἄξιός
581 1116 675 1143 ἐστιν.
699 1116 735 1143 Τὺ
760 1117 798 1150 δὲ,
809 1118 872 1152 μετ’

81 1157 210 1191 εἰρήνης,
229 1159 330 1194 ὅμοιον
343 1160 382 1195 τῷ
398 1161 586 1196 ἅποστολικῷ¹
605 1161 646 1188 ὅτι
674 1162 788 1189 Δοῦλον
817 1164 874 1190 Κυ-

79 1201 141 1236 ρίου
153 1204 189 1230 οὐ
203 1203 255 1231 δεῖ
267 1204 432 1240 μάχεσθαι.

81 1247 150 1283 Σπίχ.
164 1253 210 1283 ιγ’.
228 1251 291 1277 Καὶ
313 1251 456 1284 πατάξεις
470 1251 532 1279 πᾶν
551 1251 713 1285 ἀρσενικὸν
727 1252 821 1287 αὐτῆς
838 1253 873 1280 ὲν

348 1287 430 1320 φόνῳ
440 1287 599 1322 μαχαίρας.

118 1329 171 1357 Τοῦ
187 1331 300 1358 αὐτοῦ.
317 1332 447 1368 Μάχαιρα
462 1332 489 1358 δὲ
503 1333 551 1359 τοῦ
564 1334 719 1369 πνεύματος
736 1334 778 1370 εἴη
804 1334 837 1361 ἂν
859 1334 874 1361 ὁ

83 1374 157 1409 λόγος
168 1377 216 1403 τοῦ
229 1376 314 1403 Θεοῦ.
330 1378 385 1404 Καὶ
394 1379 443 1414 τὴν
463 1378 599 1415 μάχαιραν
616 1379 644 1406 δὲ
658 1380 704 1406 τοῦ
721 1379 873 1415 πνεύματος

85 1420 148 1457 (54),
163 1422 177 1448 ὅ
190 1423 250 1449 ἐστι
264 1423 344 1460 ῥῆμα.
360 1424 439 1459 Θεοῦ,
459 1423 534 1460 ᾧτινι
549 1427 573 1452 οἱ
597 1426 736 1453 θεσπέσιοι
755 1427 874 1462 μαθηταὶ

85 1466 336 1518 ἁπέκτεινοὶᾄπαν
358 1471 500 1506 ἀρσενικὸν
519 1472 568 1508 τῆς
592 1473 781 1508 ἀντικειμένης
795 1474 873 1500 δυνά⁴
887 1472 914 1518 c'

88 1521 163 1548 μεως,
178 1514 217 1547 ὡς
229 1515 345 1551 Σίμωνα
361 1518 408 1544 καὶ
426 1518 543 1553 Ἐλύμαν
561 1518 624 1550 τοὺς
641 1519 754 1554 μάγους,
773 1520 819 1546 καὶ
839 1519 873 1546 τὰ

88 1558 178 1595 ισχυρὰ
190 1561 219 1587 δὲ
235 1562 331 1589 αὐτῶν
349 1563 477 1591 κατέλυον
499 1564 621 1599 δόγματα
632 1573 639 1579 ·
671 1565 873 1600 περιεποιοῦντο

88 1603 114 1631 δὲ
127 1605 175 1638 τὰς
188 1610 337 1641 γυναῖκας,
355 1609 402 1636 καὶ
414 1610 566 1645 δυναμένας
583 1611 670 1637 εἰπεῖν
696 1611 783 1646 ψυχάς
794 1620 800 1626 ·
822 1611 874 1638 Διὰ

89 1650 138 1678 τὸν
150 1654 243 1686 φόϐον
255 1662 329 1687 σου,
345 1656 443 1690 Κύριε,
458 1656 495 1683 ἐν
520 1657 626 1692 γαστρὶ
644 1657 794 1692 ἐλάϐομεν
816 1659 872 1692 ἕως

90 1696 134 1724 ἐπὶ
147 1697 196 1732 τῆς
209 1699 270 1734 γῆς
283 1709 290 1715 ·
311 1702 405 1729 καὶτὰ
427 1703 512 1738 νήπια
535 1703 564 1730 δὲ
586 1703 725 1735 ὡσαύτως,
759 1702 800 1736 οἷς
826 1705 874 1732 καὶ

90 1742 187 1777 Παῦλος
202 1747 322 1782 γράφει·
362 1749 475 1780 Τεκνία,
492 1749 536 1784 μὴ
555 1750 620 1783 ταῖς
642 1750 749 1785 φζρεσὶν
771 1751 874 1786 νήπιοι

93 1787 210 1823 τίνεᾶθε,
225 1793 310 1820 ἀλλὰ
325 1793 363 1828 τῇ
377 1794 468 1828 κακίᾳ
479 1794 642 1829 νηπιαζετε.
662 1797 717 1823 Καὶ
728 1796 822 1832 κτήνη
833 1797 871 1831 δὲ,

94 1835 163 1870 φησὶ,
176 1839 402 1872 περιποιήσατε.
417 1840 534 1873 Δίκαιος
552 1841 606 1877 γὰρ
618 1842 752 1876 οἱκτείρει
772 1844 873 1878 ψυχὰς

94 1882 200 1915 κτηνῶν
208 1885 322 1912 αὐτοῦ·
337 1886 400 1918 τοὺς
421 1886 604 1923 ἀλογωτέρους
634 1888 678 1915 διὰ
693 1888 746 1915 τῶν
767 1888 873 1924 κτηνῶν

94 1927 277 1972 αἰνιττόμενος.
296 1933 403 1968 Κτῆνος
413 1931 447 1969 ἦν
462 1934 508 1961 καὶ
528 1935 542 1960 ό
563 1935 722 1970 Κορνήλιος,
739 1935 809 1962 κατὰ
824 1936 873 1972 τὴν

96 1969 214 2044 Ὲῗασίαν
242 1977 295 2013 τὴν
320 1978 385 2014 περὶ
407 1979 462 2005 τῶν
485 1969 656 2015 τετραπόδων
686 1982 815 2015 φανεῖσαν
835 1969 873 2016 τῷ

130 2027 191 2044 rom.

130 2027 191 2056 τρῳ,

396 2071 474 2097 ΚΕΦ.
496 2071 559 2097 ΚΒ’.

125 2108 176 2147 (55)
191 2113 266 2150 Στίχ.
284 2117 322 2147 ς’.
340 2116 381 2142 οὺ
391 2116 548 2178 λτὲἒζῖτνῖἕν
562 2118 674 2152 μητέρα
683 2119 757 2153 μετὰ
771 2119 832 2147 τῶν

133 2191 232 2231 Ἐπειδὴ
255 2195 293 2232 μὴ
314 2195 424 2223 δύναται
446 2197 529 2224 ἑαυτὰ
554 2198 674 2234 τρέφειν,
687 2199 738 2235 τῆς
767 2200 870 2236 μητρὸς

97 2235 242 2276 ληφθείσης.

397 2289 475 2315 ΚΕΦ.
496 2289 559 2316 ΚΡ.

143 2328 192 2367 (56)
206 2333 281 2368 Στίχ.
300 2337 334 2367 γ’.
350 2335 410 2361 οὐκ
426 2335 631 2362 εἰσελεύσεται
650 2335 813 2370 Ἀμανίτης.

127 2373 158 2401 Τί
185 2377 283 2414 δήποτε
317 2379 365 2414 τὴν
388 2380 456 2415 πρὸς
483 2381 629 2412 Μωαϐίτας
656 2381 702 2408 καί
725 2382 870 2417 Ἀμανὶτας

102 2417 223 2456 ἱπιμιξίαν
238 2424 338 2451 κωλύει
354 2425 385 2451 οὐ
408 2426 478 2453 κατὰ
496 2427 576 2462 ῥητόν
601 2436 661 2454 τινα
687 2428 791 2463 χρόνον,
811 2428 869 2454 ἀλλ’

102 2465 135 2497 εἰς
146 2467 300 2503 τὺναὶὦνας
315 2471 427 2506 Πρῶτον
443 2472 486 2498 διὰ
512 2473 561 2509 τὴν
593 2473 750 2509 παράνομον
778 2473 868 2500 αὐτῶν

104 2510 179 2555 ῥίζαν·
205 2517 236 2543 ὲκ
269 2518 426 2553 παρανόμου
454 2519 507 2555 γὰρ
534 2519 694 2555 γεγένηνται
710 2520 867 2552 συνουσίας·

103 2554 183 2601 lustra
197 2561 239 2589 διὰ
263 2563 312 2598 τὴν
340 2563 476 2596 ἀσέϐειαν,
494 2562 528 2600 ἦς
551 2565 598 2591 καὶ
622 2566 684 2598 τοὺς
702 2565 869 2602 Ἰσραηλίτας

117 2614 253 2682 ῐῖίξίϐμὴ.
272 2627 301 2652 x,
316 2620 362 2647 tt.
402 2622 426 2638 ’δ
446 2621 466 2648 ll
480 2621 550 2650 Tim.
566 2630 597 2655 ιι,
613 2622 659 2650 24.

195 2710 275 2747 ξοτιε
286 2711 454 2747 προσιόντες.

135 2705 183 2804 ζθζ
195 2710 275 2739 Forte
286 2711 409 2747 προσιόντ

145 2742 173 2770 50
196 2746 276 2774 Forte
288 2746 409 2778 τούτους.

133 2777 140 2809 (
161 2779 181 2809 Ι)
194 2780 303 2809 Ibidem.
320 2786 351 2808 ut
369 2787 397 2809 et

161 2779 181 2821 ρ
194 2780 351 2821 [οίάςιηηυι
369 2787 397 2809 et
408 2782 509 2818 reliqua
526 2781 605 2818 hujus
621 2782 728 2818 capitis.

136 2811 182 2850 (δε)
194 2814 238 2845 Ms.
250 2811 331 2851 δῆλός
340 2825 380 2844 τε.
465 2811 474 2818 ·
535 2830 542 2831 κ

706 2623 729 2639 ’⁸
746 2623 796 2651 lsa.
813 2630 888 2657 xsvt,
908 2622 953 2650 ts.

924 910 1038 941 nalibus,
1053 909 1106 937 erit
1121 916 1231 944 prorsus
1245 908 1422 936 meticulosus
1436 912 1463 936 et
1476 907 1600 935 imbellis.

942 997 976 1024 ν.
989 996 1033 1024 I0.
1050 996 1099 1025 Sin
1117 1005 1176 1024 vero
1189 996 1329 1024 accesseris
1341 996 1377 1023 ad
1392 994 1572 1023 debellandum
1587 994 1687 1023 urbem.

959 1075 1054 1103 Simile
1069 1079 1111 1102 est
1129 1074 1167 1101 illi
1183 1083 1190 1101 :
1208 1073 1241 1100 In
1264 1080 1443 1108 quamcunque
1466 1077 1552 1098 autem
1573 1071 1704 1098 civitatem

922 1122 1077 1149 introieritis
1088 1140 1096 1152 .
1111 1121 1239 1155 exquirite
1252 1120 1312 1154 quis
1330 1126 1362 1145 ex
1380 1119 1445 1153 ipsis
1459 1118 1554 1152 dignus
1569 1118 1601 1144 sit
1615 1117 1648 1143 ".
1669 1115 1707 1143 Il-

923 1167 969 1195 lud
981 1175 1055 1199 vero,
1069 1175 1126 1192 cum
1138 1174 1215 1200 pace,
1233 1165 1320 1192 simile
1331 1170 1371 1192 est
1383 1163 1535 1198 apostolicae
1546 1162 1704 1190 sententiae:

925 1214 1034 1241 Servum
1050 1213 1152 1239 Domini
1169 1220 1221 1238 non
1235 1217 1334 1245 oportet
1347 1217 1488 1244 pugnacem
1503 1216 1556 1235 esse
1568 1208 1612 1245 ".1

924 1258 955 1286 ν.
973 1259 1017 1286 I5.
1043 1258 1076 1284 Et
1090 1258 1216 1292 pernities
1238 1242 1313 1282 omne
1331 1242 1505 1281 mas—culinam
1519 1254 1576 1288 ejus
1591 1242 1618 1279 in
1635 1253 1706 1280 occi-

1230 1292 1302 1315 sione
1320 1290 1412 1315 aladti.

1230 1299 1302 1317 stone
1319 1298 1412 1324 gtaatt.

959 1336 1096 1372 Ejusdem.
1118 1335 1230 1362 Gladius
1247 1335 1361 1368 spiritus
1372 1341 1432 1360 esse
1447 1333 1530 1367 possit
1542 1339 1632 1360 sermo
1644 1331 1705 1360 Dei.

922 1382 1046 1410 Gladium
1062 1389 1127 1408 vero
1148 1381 1278 1414 spiritus,
1296 1380 1322 1406 id
1345 1383 1403 1410 est,
1421 1378 1533 1406 verbum
1554 1378 1600 1405 Dei
1623 1378 1704 1405 etiam

922 1429 1008 1455 dicere
1027 1436 1163 1463 possumus
1187 1435 1196 1453 :
1218 1433 1272 1461 quo
1292 1425 1374 1453 divini
1401 1424 1523 1458 discipuli
1545 1424 1705 1451 occidebant

924 1482 1004 1502 omne
1016 1473 1193 1501 masculinum
1207 1472 1350 1500 contraria:
1362 1471 1514 1506 potestatis,
1528 1476 1557 1497 ut
1568 1470 1704 1497 Simonem

924 1525 951 1548 et
972 1520 1092 1555 Elymum
1118 1527 1225 1555 magos,
1249 1523 1277 1546 et
1300 1518 1380 1545 fortia
1404 1525 1498 1545 eorum
1521 1517 1705 1545 dissolvebant

926 1566 1050 1600 dogmata
1070 1574 1077 1592 ε
1094 1566 1252 1600 superstites
1269 1572 1333 1592 vero
1352 1565 1478 1592 sinebant
1494 1565 1631 1596 mulieres,
1647 1564 1705 1590 ani-

924 1619 982 1638 mas
1004 1618 1100 1646 nempe
1119 1617 1179 1645 quae
1198 1610 1287 1638 dicere
1301 1615 1424 1645 poterant
1440 1618 1446 1636 :
1469 1609 1610 1644 Propterea
1625 1610 1704 1636 timo-

924 1666 978 1685 rem
993 1662 1078 1689 tuum,
1093 1656 1213 1688 Domine,
1235 1656 1261 1682 in
1278 1660 1351 1683 utero
1370 1656 1544 1690 concepimus,
1564 1662 1645 1689 usque
1660 1661 1707 1681 su-

922 1703 968 1738 per
1000 1707 1069 1729 terra
1083 1703 1105 1718 "
1123 1711 1129 1729 :
1148 1701 1295 1728 infantulos
1319 1701 1382 1728 item
1396 1721 1404 1734 ,
1430 1701 1529 1736 quibus
1555 1705 1583 1728 et
1603 1699 1705 1727 Paulus

925 1748 1041 1775 scribit:
1058 1746 1167 1779 Filioli,
1187 1755 1239 1774 non
1261 1752 1344 1774 mente
1365 1747 1437 1782 pueri
1459 1750 1554 1779 estote,
1569 1746 1615 1772 sed
1634 1744 1706 1772 malo

922 1793 1068 1828 puerascile
1079 1792 1112 1820 ".
1135 1792 1200 1819 Item
1220 1792 1286 1819 dicit
1306 1791 1447 1819 :Jumenla
1461 1791 1595 1818 servabitis
1610 1790 1632 1806 "’
1643 1797 1650 1822 ;
1663 1794 1706 1818 et-

923 1841 994 1867 euitn
1015 1839 1119 1873 justum
1143 1839 1247 1865 miseret
1267 1838 1418 1864 animarum
1438 1837 1618 1871 jumentorum
1641 1843 1704 1862 sua-

923 1895 980 1914 rum
995 1886 1018 1902 ⁸⁸
1038 1895 1044 1912 :
1057 1891 1103 1912 eos
1118 1885 1163 1920 qui
1183 1885 1271 1911 minus
1288 1884 1394 1912 ratione
1408 1884 1508 1918 pollent
1522 1890 1571 1917 per
1581 1882 1704 1917 iumenta

923 1933 1048 1963 innuens.
1067 1930 1221 1959 Iumentum
1237 1935 1298 1957 erat
1313 1934 1340 1956 et
1358 1929 1516 1960 Cornelius,
1532 1928 1607 1962 juxta
1622 1927 1705 1955 vislo-

923 1985 983 2005 nem
1002 1976 1204 2012 quadrupedum
1214 1995 1222 2008 ,
1237 1982 1297 2009 quae
1310 1974 1434 2009 apparuit
1449 1973 1540 2001 Petro.

1227 2065 1303 2093 CAP.
1319 2064 1403 2093 XXII.

1036 2124 1069 2152 ν.
1084 2123 1111 2151 6.
1131 2123 1194 2151 Non
1208 2124 1293 2158 capies
1312 2130 1423 2150 matrem
1441 2130 1501 2149 cum
1516 2121 1590 2157 ﬁliis.

959 2192 1050 2228 Neque
1064 2192 1136 2220 enim
1147 2211 1155 2225 ,
1175 2195 1253 2225 capta
1269 2195 1355 2219 matre
1367 2211 1375 2224 ,
1395 2191 1499 2226 seipsus
1522 2194 1636 2225 possunt
1655 2196 1706 2217 nu-

924 2238 955 2265 tri
960 2246 998 2266 re.

1218 2282 1295 2311 CAP.
1309 2281 1404 2310 XXIII.

1072 2331 1105 2358 V'.
1119 2331 1146 2358 5.
1165 2329 1226 2356 Non
1241 2329 1402 2363 ingredietur
1414 2327 1556 2354 Amauites.

954 2376 1008 2405 Cur
1031 2376 1254 2404 consuetudinem
1280 2382 1340 2402 cum
1367 2374 1492 2401 Moabitis
1520 2377 1546 2400 et
1571 2371 1704 2398 Amanitis

924 2423 1078 2454 interdicit,
1100 2430 1152 2450 non
1172 2421 1204 2449 ad
1228 2425 1328 2448 statum
1344 2419 1450 2455 aliquod
1472 2424 1592 2452 tempus,
1614 2417 1660 2443 sed
1677 2417 1702 2443 in

923 2468 1050 2496 smculum
1062 2467 1074 2494 ’ἰ
1087 2467 1177 2494 Primo
1197 2470 1308 2501 propter
1323 2465 1490 2500 illegitimam
1511 2471 1603 2491 eorum
1619 2463 1703 2496 origi-

923 2522 983 2542 nem
996 2522 1003 2541 :
1016 2521 1049 2541 es
1063 2513 1201 2547 illegitimo
1212 2513 1283 2540 enim
1297 2512 1349 2539 orti
1363 2517 1426 2538 sunt
1435 2517 1590 2545 congressu.
1603 2509 1705 2535 Deinde

922 2563 1032 2598 propter
1055 2558 1218 2592 impietatem
1228 2577 1236 2590 ,
1254 2557 1330 2592 cujus
1343 2557 1423 2584 etiatn
1437 2555 1543 2584 .iudteos
1558 2553 1703 2589 participes

1009 2619 1034 2635 ’⁸
1046 2619 1056 2646 1
1070 2618 1133 2646 Cor.
1145 2624 1203 2651 ην,
1217 2616 1262 2644 20.
1309 2616 1330 2633 ³⁷
1342 2615 1423 2644 Josue
1434 2623 1492 2648 vut,
1505 2616 1533 2642 2.
1583 2613 1606 2628 "
1621 2612 1700 2639 Prov-

971 2711 1017 2740 53)
1032 2709 1168 2744 Scriptum
1183 2712 1241 2737 erat
1253 2707 1419 2742 ἐξετάζεται,
1434 2705 1558 2736 absurde.
1573 2704 1624 2733 En.
1635 2702 1699 2733 Pu.

973 2746 1005 2773 54
1031 2745 1110 2772 Deest
1128 2748 1248 2771 verbum.

973 2745 1017 2814 55;
1031 2780 1109 2811 Ioid.,
1125 2786 1187 2814 pag.
1208 2777 1271 2805 2‘26.

961 2792 1017 2823 tuo)
1031 2792 1109 2811 suun,
1126 2792 1187 2814 pag.
1210 2792 1280 2823 κυιυτν

960 2815 1015 2852 (50)
1031 2815 1096 2844 Cod.
1110 2815 1171 2848 554,
1189 2821 1249 2849 pag.
1264 2813 1326 2841 διε.
