1918 3069
198 96 229 123 51

202 156 291 183 facere
303 156 391 183 conati
404 161 485 190 sunt,
505 156 625 183 ornando
637 156 778 188 mulieres,
793 159 820 182 et
833 163 880 189 per
894 162 939 182 eas
953 155 978 181 in
994 158 1016 187 Α

200 199 334 226 idolorum
344 200 442 227 cultum
459 200 615 227 allicientes.
628 200 662 226 At
678 192 821 226 ldumzeum
832 199 939 234 quidem
953 203 980 226 et

201 243 356 280 Egyptinm
365 250 423 279 post
433 245 536 271 tertiam
546 244 622 278 jubet
637 245 840 279 generationem
853 245 957 271 admitti
971 254 977 271 :

201 289 277 316 illum
292 290 388 324 quippe
402 289 522 322 fratrem,
534 289 606 317 hunc
622 298 686 317 vero
705 290 803 325 quippe
831 294 982 324 opportune

202 335 336 368 quondam
349 335 560 363 benefactorem.
569 335 652 363 Fame
660 336 732 362 enim
742 336 892 371 ingruente,
902 335 981 371 Egy-

201 385 275 414 ptum
285 385 405 415 petentes
416 383 600 416 progenitores
610 389 703 409 eorum
714 382 824 409 enutriti
837 387 908 409 sunt.
927 383 964 410 Do

201 429 244 452 cet
265 426 344 460 igitur
367 426 408 453 lex
429 434 493 458 nos,
517 433 546 454 ut
568 435 602 454 ne
616 427 715 455 veteris
730 426 838 462 quidem
857 427 980 455 beneﬁcii

199 471 398 499 obliviscamur.

199 516 230 544 V.
246 516 289 544 M.
305 516 375 548 Quid
389 522 439 549 cst.
454 517 523 550 Quia
540 517 664 544 Dominus
679 517 746 544 Deus
762 523 821 544 titus
837 518 980 544 inambulat

477 554 503 580 in
519 554 612 580 castris
627 553 700 579 tuis?

234 607 319 636 Norat
345 617 530 644 strpenumero
545 610 633 645 gravis
645 611 736 638 odoris
748 618 835 638 aerem
849 610 977 644 repletum

198 660 302 689 pestem
320 655 488 689 produxisse.
508 655 615 683 lllandat
629 665 694 691 ergo
709 657 761 684 illis
776 657 801 684 in
820 657 917 684 castris
933 657 978 684 de—

199 702 335 736 gentibus,
353 709 432 736 quem
448 708 621 730 secreveram
637 702 763 730 defodere
777 703 878 730 fimum.
897 702 931 729 Ut
947 710 979 730 ne

200 754 268 774 vero
287 748 472 776 inobedientes
491 756 588 775 noxam
603 749 755 783 quampiam
778 748 978 781 contraherent,

199 794 354 820 necessario
370 793 492 828 adjunxit
507 804 512 820 :
529 793 598 826 Quia
612 793 737 820 Dominus
750 793 819 820 Deus
834 793 979 819 inambutut
997 806 1016 833 Β

198 839 227 865 in
241 839 334 865 castris
351 839 413 866 tuis.
427 838 460 866 Et
470 847 578 866 causam
594 840 687 867 docet:
709 838 742 866 Ut
759 839 850 871 eripiat
867 843 890 866 te
902 859 909 871 ,
923 843 979 864 tm-

200 885 296 919 datque
307 885 437 912 inimicum
454 891 526 912 tuum
538 891 597 912 ante
613 885 706 919 facient
721 890 792 912 tuam
807 886 839 912 ’³.
853 885 979 920 Propter-

200 937 231 957 ea
245 931 381 964 admonet,
402 935 432 958 ut
454 931 488 958 nil
513 936 610 958 contra
626 932 709 966 legem
725 936 817 965 agant.
838 931 979 957 Suliinfert

199 976 271 1003 enim
289 985 296 1003 :
312 976 345 1002 Et
362 981 438 1003 erunt
455 982 541 1004 castra
555 982 600 1004 tua
612 981 702 1004 saneta
713 997 720 1010 ,
737 985 781 1004 nec
795 977 939 1004 invenietur
952 978 979 1004 in

199 1028 225 1049 te
238 1022 408 1057 turpitudinis
424 1031 474 1050 res.

197 1110 230 1138 Ὺ.
244 1111 288 1139 i2.
310 1111 344 1138 Et
359 1111 432 1139 locus
445 1117 498 1139 esto
513 1112 570 1172 ﬁgi.
589 1112 637 1152 ait.
653 1115 726 1140 extra
746 1115 845 1143 castra,
864 1116 888 1137 et
905 1119 978 1146 egre-

552 1155 610 1172 .erts
626 1155 665 1172 80.

552 1155 610 1173 .eris
626 1155 665 1172 80.

197 1190 231 1219 Ῡ.
247 1192 290 1219 15.
314 1192 347 1218 Et
362 1192 450 1219 clavus
464 1194 512 1219 erit
527 1193 573 1218 tibi
594 1193 620 1218 in
638 1200 704 1219 zona
723 1197 777 1219 tua.
796 1192 903 1227 Eritqne
921 1199 978 1217 cum

232 1226 329 1254 sederis
345 1227 420 1260 foris.
442 1233 464 1254 et
482 1228 566 1261 fodies
581 1229 606 1254 in
621 1236 660 1261 eo,
680 1233 703 1254 et
731 1228 853 1253 reducens
880 1227 978 1261 operies

233 1263 422 1296 turpitudinem
442 1267 513 1289 luant
537 1263 628 1295 ipsius.

197 1339 231 1367 ν.
250 1339 292 1366 Η.
312 1339 381 1370 Quia
395 1339 518 1366 Dominus
533 1340 601 1366 Deus
614 1344 673 1366 titus
688 1339 833 1366 inambulat
846 1339 872 1364 in
885 1339 978 1365 castris

233 1375 330 1408 eripere
347 1379 387 1403 te.
405 1380 427 1400 et
447 1376 550 1401 tradere
569 1376 615 1401 tibi
631 1375 765 1401 inimicum
780 1379 852 1400 tuum
872 1375 899 1400 in
921 1382 978 1400 ma-

233 1418 282 1436 nus
294 1415 363 1436 tuas.
384 1409 416 1436 Et
435 1414 509 1436 erunt
521 1418 608 1436 castra
628 1414 673 1436 tua
687 1415 787 1442 sancta,
806 1413 893 1436 etnon
908 1410 977 1436 vide-

233 1445 303 1471 bitur
321 1445 348 1471 in
367 1451 390 1471 te
408 1445 544 1479 turpitudo
561 1446 608 1480 rei.

235 1522 341 1549 Evitare
360 1522 484 1556 equidem
499 1521 577 1549 decet
598 1529 706 1549 omnem
725 1521 904 1549 immunditiei
919 1529 979 1556 spe-

198 1568 267 1595 ciem
289 1575 353 1601 eos,
372 1567 416 1602 qui
436 1567 549 1602 cupiunt
567 1567 696 1594 adversus
715 1573 808 1594 omnes
826 1566 979 1601 spirituales

199 1614 289 1641 hostes
304 1614 446 1642 victoriam
464 1613 575 1641 referre.
592 1613 658 1647 Quia
673 1617 762 1640 tamen
778 1620 848 1648 saspe
861 1613 981 1640 cadimns

198 1667 304 1692 omnes,
319 1659 489 1694 obnoxiaque
509 1664 551 1686 est
567 1660 682 1686 humana
699 1663 794 1686 natura
812 1659 931 1686 facilitati
954 1660 980 1686 in

197 1705 318 1733 defectus
332 1705 459 1737 labendi,
480 1710 507 1732 et
531 1713 610 1732 nemo
630 1705 726 1731 delicta
742 1704 867 1739 intelliget
881 1705 914 1736 '°,
939 1712 981 1732 se-

197 1751 314 1779 cundum
331 1751 474 1779 Psallentis
489 1758 598 1782 vocem,
615 1751 776 1784 Contingat,
795 1750 848 1782 ait,
867 1750 908 1777 vel
921 1751 981 1777 uni-

197 1804 257 1825 cam
277 1797 429 1824 innatarum
446 1796 474 1823 in
495 1797 569 1823 vobis
585 1796 769 1830 impuritatum
789 1795 891 1831 effringi
914 1804 982 1830 quo-

198 1843 352 1875 dammodo,
367 1850 398 1870 ac
412 1843 509 1874 evinci,
525 1842 710 1869 laborantibus
722 1842 810 1876 aliqua
824 1849 854 1869 re
869 1846 980 1869 externa

198 1890 231 1916 ad
254 1889 339 1924 legem
358 1890 509 1924 pertinente
524 1894 551 1916 et
565 1890 598 1915 ad
615 1889 696 1915 vitam
707 1908 714 1921 ,
735 1896 795 1923 quae
812 1892 920 1915 sanctos
936 1888 982 1915 de-

198 1937 269 1960 ceat.
292 1933 427 1960 lnhabitat
443 1942 559 1968 namque
576 1934 602 1960 in
627 1933 755 1960 membris
770 1933 860 1961 carnis
880 1933 981 1968 peccati

198 1979 253 2006 lex.
279 1978 368 2006 Primo
385 1979 465 2014 igitur
488 1987 540 2007 non
563 1979 706 2007 manifeste
720 1987 752 2006 ac
771 1978 860 2013 palam
872 1999 879 2010 ,
895 1986 982 2013 neque

199 2026 226 2052 ln
251 2025 324 2059 vulgi
344 2031 490 2061 conspectu
513 2025 603 2060 lapsus
625 2025 791 2052 infirmitatis
817 2025 883 2052 fiant
903 2034 909 2052 :
935 2025 982 2052 sed

199 2071 398 2105 quodammodo
413 2071 478 2098 foris
502 2071 633 2102 latentes,
659 2075 686 2098 et
708 2071 888 2098 remotissime
907 2079 921 2098 a
938 2078 983 2097 ca-

198 2121 273 2143 stris.
292 2115 390 2142 Deinde
403 2116 636 2143 emendationibus
648 2116 827 2148 occultentur,
847 2117 884 2142 ait
905 2125 910 2142 :
934 2115 983 2143 Sa-

198 2161 298 2196 pientes
306 2161 421 2196 obtegent
432 2169 493 2187 suas
503 2162 618 2195 ipsorum
628 2161 814 2195 turpitudines,
825 2161 900 2194 juxta
910 2161 980 2194 quod
998 2157 1018 2183 D

199 2208 330 2242 scriptum
348 2212 400 2234 est.
424 2208 562 2235 Ccssaudo
581 2208 654 2236 enim
674 2208 707 2234 ab
727 2207 897 2246 inconcinnis
916 2208 982 2234 acti-

199 2254 270 2285 bus,
293 2258 321 2281 et
343 2254 369 2280 in
395 2254 505 2281 meliora
526 2254 706 2289 propensione
726 2254 898 2281 reformando
915 2261 983 2288 quo-

199 2300 344 2327 daunnodo
359 2305 476 2328 mentem
489 2301 539 2333 sic.
553 2306 582 2327 ut
593 2306 743 2328 statuamus
758 2301 909 2336 eligendum
921 2307 982 2328 esse

198 2345 270 2379 quod
286 2345 414 2380 prodesse
432 2351 531 2380 queat,
554 2354 632 2374 casus
648 2352 755 2374 nostros
773 2355 788 2374 e
808 2347 896 2374 medio
912 2345 982 2373 tolli-

199 2397 261 2418 mus
278 2401 283 2418 :
300 2399 331 2418 ac
349 2392 504 2418 indecorum
525 2397 685 2426 peccatum,
710 2398 802 2428 postea
826 2391 982 2427 fragrantiis

197 2435 352 2468 vincentes,
368 2436 534 2470 ingredimur
550 2437 648 2463 iterum
666 2438 692 2464 in
708 2443 863 2464 sanctorum
881 2440 979 2467 castra,

198 2480 226 2508 id
242 2486 282 2508 est
296 2482 321 2508 in
335 2482 448 2509 ecclesia
463 2483 712 2517 pritnogenitorttm.
730 2483 758 2510 In
769 2483 877 2511 Christo
889 2487 980 2509 autem

198 2527 269 2554 istuc
282 2527 424 2561 perﬁcitur
435 2547 443 2559 ,
459 2527 480 2555 si
498 2529 664 2563 accipiamus
677 2536 783 2556 crucem
799 2528 882 2560 illius,
901 2532 979 2554 uten-

199 2574 242 2598 tes
257 2572 314 2599 acri
335 2573 499 2606 cogitatione
523 2578 550 2600 et
571 2573 604 2600 ad
619 2573 800 2600 resistendum
815 2578 936 2600 strenua.
954 2571 982 2598 ιιι

202 2618 271 2644 enini
295 2618 404 2653 oblique
427 2619 562 2651 innuitur,
577 2627 608 2646 eo
622 2620 692 2654 quod
707 2619 852 2647 habeamus
869 2619 895 2646 in
913 2626 981 2646 zona

202 2663 326 2698 :lavum,
352 2665 377 2692 id
400 2669 442 2692 est
460 2665 574 2700 lignum.
601 2665 685 2700 Igitur
707 2666 882 2701 spiritu-aliter
904 2665 983 2693 intel-

214 2720 237 2736 ”
249 2721 325 2748 Deut.
343 2730 419 2754 χχιιι,
434 2723 477 2750 Η.
513 2723 536 2740 ³⁰
553 2723 623 2752 Psai.
638 2732 715 2756 xvnt,
730 2724 774 2752 13.

236 2789 291 2828 (ῧῖ)
309 2791 442 2828 ,Ὸρύξειςε

237 2825 292 2860 (68)
309 2825 387 2854 Forte
403 2829 430 2853 ἐν
449 2828 532 2863 αύτῷ.

621 95 897 124 SUPPLEMENTUM
915 95 960 122 AD
978 94 1140 124 ORIGENIS
1154 94 1358 123 EXEGETICA.

1798 83 1838 116 se

1032 155 1192 190 μεταλαχεῖν
1206 153 1413 189 παρεσκεύασαν
1427 151 1593 188 ὠραῖσαντες
1607 150 1656 182 τὰς
1671 149 1837 185 γυναῖκας,

1030 202 1077 229 καὶ
1088 201 1131 228 διὰ
1142 200 1243 228 τούτων
1258 200 1356 231 αὐτοὺς
1372 200 1411 231 είς
1424 198 1474 234 τὴν
1487 197 1540 225 τῶν
1558 197 1674 224 εἰδώλων
1687 195 1837 231 λατρείαν

1029 247 1220 282 ἀγρεύσαντες.
1248 247 1299 273 Τὸν
1320 245 1409 281 μέντοι
1427 245 1573 280 Ἰδουμαῖον
1595 243 1642 270 καὶ
1661 243 1707 270 τὸν
1740 241 1838 275 Αίγύ-

1029 303 1106 321 πτιον
1121 294 1188 330 μετὰ
1198 293 1292 329 τρίτην
1302 292 1405 319 κελεύει
1419 291 1576 327 προσίεσθαι
1587 291 1694 326 γενεὰν,
1706 289 1764 316 τὸν
1782 288 1839 324 μὲν

1029 342 1066 374 ὡς
1083 342 1204 376 ἀδελφὸν,
1220 341 1265 367 τὸν
1275 340 1303 367 δὲ
1314 340 1351 372 ὡς
1367 339 1513 376 εὐεργέτην
1528 341 1555 366 ὲν
1569 338 1658 374 καιρῷ
1667 345 1779 372 γεγενη
1786 335 1839 371 μέ-

1029 397 1083 416 νον,
1092 387 1178 423 Λιμοῦ
1186 386 1238 422 γὰρ
1248 386 1454 422 προσπεσόντος,
1464 386 1503 417 είς
1510 385 1643 419 Αἴγυπτον
1652 382 1839 412 εἰσελθόντες

1031 434 1055 460 οι
1077 434 1194 470 πατέρες
1216 432 1305 460 αὐτῶν
1333 432 1524 468 διετράφησαν,
1552 431 1677 458 Διδάσκει
1698 428 1806 456 τοίνυν
1823 427 1839 453 ὁ

1032 479 1112 514 νόμος
1134 479 1218 514 ἡμᾶς,
1242 478 1308 514 μηδὲ
1327 478 1444 509 παλαιᾶς
1463 477 1620 513 εὐεργεσίας
1637 475 1838 512 ἀμνημονεῖν.

1030 525 1105 560 Στίχ.
1127 524 1167 552 ιδ’.
1181 525 1213 551 Τί
1228 525 1313 562 ἐστιν,
1324 524 1390 562 '0tt._
1401 523 1624 562 Κύριοςᾉύἒεός
1641 530 1700 549 σου
1729 521 1839 555 ἐμπε-

1166 560 1286 593 ριπατεῖ
1302 560 1336 586 ἐν
1353 559 1390 593 τῇ
1406 559 1577 593 παρεμϐολῇ
1592 565 1666 590 σου;

1065 603 1126 631 Οἵδε
1143 604 1270 635 πολλάκις
1281 603 1428 638 δυσοσμίας
1439 603 1453 628 ὁ
1466 603 1520 637 ἀὴρ
1536 601 1751 637 ἐμπιπλάμενος
1776 600 1839 626 λοι-

1033 651 1081 686 μὸν
1098 652 1230 686 ἐμποιεῖν.
1263 649 1403 676 Ἐκέλευσε
1434 649 1522 675 τοίνυν
1549 648 1641 679 αὐτοῖς
1669 654 1842 682 στρατοπε-

1030 698 1185 733 δευομένοις
1194 698 1244 734 τὴν
1259 696 1454 732 ὲκκρινομένην
1477 694 1682 730 καταχωννύναι
1705 693 1840 728 κόπρον.

1033 744 1091 770 Ἵνα
1102 743 1130 770 δὲ
1146 743 1183 779 μὴ
1195 743 1391 779 ἀπειθήσαντες
1408 741 1507 777 βλάϐην
1526 740 1707 773 εἰσδέξωνται,
1737 739 1842 772 ἀναγ-

1032 790 1117 822 καίως
1130 790 1284 825 ἐπήγαγεν·
1301 789 1361 815 ’Ὁτι
1374 788 1482 822 Κύριος
1495 789 1512 814 ὁ
1532 786 1604 819 Θεὸς
1628 783 1842 820 ἑμπεριπιιτεῒ

1030 837 1064 864 ἐν
1080 836 1118 870 τῇ
1130 835 1302 871 παρεμϐολῇ
1319 843 1387 863 σου.
1417 835 1472 861 Καὶ
1494 834 1544 869 τὴν
1565 832 1654 860 αἰτίαν
1678 831 1816 859 διδάσκει
1828 839 1835 845 ⁸

1036 882 1205 914 Ἐξελέσθαι
1219 889 1266 914 σε,
1284 881 1332 908 καὶ
1350 880 1535 915 παραδοῦναι
1559 879 1612 907 τὸν
1632 879 1744 914 ἐχθρόν
1768 886 1838 905 σου

1029 927 1086 961 πρὸ
1105 926 1266 961 προσώπου
1281 933 1348 953 σου.
1367 925 1417 952 Διὰ
1432 925 1461 952 δὲ
1476 925 1570 952 τούτου
1592 923 1716 950 παιδεύει
1738 923 1837 959 μηδὲν

1029 972 1158 1007 πράττειν
1173 972 1340 1007 παράνομον.
1352 971 1437 998 Τοῦτο
1450 970 1505 1007 γὰρ
1515 971 1612 1004 ἐπάγει
1622 978 1629 984 ·
1652 969 1708 996 Καὶ
1734 969 1837 996 ἔσται

1029 1020 1048 1053 ἡ
1062 1018 1230 1053 παρεμϐολή
1252 1026 1309 1045 σου
1327 1018 1406 1053 ἁγία,
1425 1017 1475 1044 καὶ
1488 1019 1544 1052 οὐχ
1567 1015 1767 1050 εὑρεθήσεται
1797 1014 1837 1041 ἐν

1029 1064 1079 1091 σοὶ
1098 1064 1316 1099 ἀσχημοσύνης
1338 1063 1467 1098 πρᾶγμα.

1030 1107 1103 1142 Στίχ.
1117 1107 1160 1139 ιϐ’.
1175 1107 1229 1134 Καὶ
1247 1109 1263 1133 ὀ
1285 1108 1378 1140 τόπος
1399 1108 1478 1134 ἔστω
1493 1115 1554 1137 σοι,
1572 1107 1670 1142 φησιν,
1689 1105 1751 1138 ἔξω
1769 1105 1836 1140 τῆς

1171 1142 1371 1176 παρεμϐολῆς,
1385 1142 1433 1169 καὶ
1444 1142 1592 1176 ἐξελεύσῃ
1603 1141 1673 1168 ἐκεῖ.

1029 1188 1104 1222 Στίχ.
1122 1191 1166 1222 ιγ’.
1182 1188 1234 1215 Καὶ
1253 1187 1414 1221 πάσσαλος
1429 1188 1515 1215 ἔσται
1529 1196 1578 1215 σοι
1593 1188 1642 1214 ἐπὶ
1659 1186 1715 1221 τῆς
1727 1186 1835 1219 ζώνης

1065 1221 1201 1250 αουζΚαὶ
1218 1223 1302 1250 ἔσται
1317 1222 1392 1251 ὅταν
1411 1222 1568 1257 καθιζάνῃς
1579 1222 1647 1255 ἕξω,
1671 1221 1722 1248 καὶ
1752 1222 1832 1255 ὀρύ-

1064 1258 1120 1292 ξῃς
1135 1258 1190 1293 (57)
1213 1258 1247 1285 ἑν
1262 1257 1351 1291 αὐτῷ,
1375 1257 1425 1285 καί
1447 1257 1644 1293 ἐπαναγαγὼν
1669 1258 1835 1292 rea/1153,?ch

1064 1293 1122 1327 τὴν
1140 1292 1361 1328 ἀσχημοσύνην
1382 1301 1440 1320 σου
1457 1293 1566 1320 ἑαυτοῦ
1581 1292 1647 1329 (58).

1029 1339 1102 1374 Στίχ.
1116 1340 1156 1366 ιδ’.
1170 1340 1234 1366 Ὀτι
1250 1340 1356 1373 Κύριος
1374 1341 1391 1366 ὀ
1408 1340 1480 1373 Θεός
1495 1346 1553 1366 σου
1573 1339 1771 1373 ἐμπεριπατεῖ
1792 1338 1833 1365 ἐν

1063 1374 1101 1409 τῇ
1116 1374 1290 1409 παρεμϐολῇ
1304 1375 1461 1407 ἐξελέσθαι
1475 1382 1528 1406 σε,
1557 1375 1606 1415 καὶ
1632 1374 1835 1408 παραδοῦναί

1063 1419 1113 1437 σοι
1132 1410 1303 1437 τὸνὲγθοόν
1322 1419 1380 1437 σου
1403 1412 1447 1437 εἰσ
1471 1410 1524 1437 τὰ(-
1546 1409 1646 1437 γειοάι·
1663 1418 1733 1436 σου.
1766 1408 1831 1437 Καὶ

1063 1419 1113 1437 σοι
1132 1418 1303 1444 {Ut-810130?
1322 1419 1380 1437 σου
1403 1418 1447 1443 εις
1471 1418 1524 1442 τας
1544 1418 1646 1444 χειρας
1663 1418 1733 1436 σου.
1766 1418 1829 1437 nm

1065 1445 1151 1472 ἔσται
1163 1446 1180 1479 ἡ
1197 1445 1368 1480 παρεμϐολή
1385 1453 1442 1472 σου
1457 1445 1535 1479 ἁγία,
1554 1444 1603 1471 καὶ
1615 1445 1671 1471 οὐκ
1687 1444 1829 1479 ὀφθήσε-

1068 1488 1115 1506 ται
1129 1481 1163 1507 ἐν
1174 1481 1223 1507 σοὶ
1241 1481 1442 1516 ἀσχημοσύνη
1458 1480 1638 1514 πράγματος.

1065 1525 1258 1560 Παραιτεῐσθαι
1275 1525 1324 1560 μὲν
1338 1525 1392 1559 γὰρ
1407 1525 1460 1552 πᾶν
1479 1523 1548 1556 εἶδος
1566 1523 1737 1559 ἀκαθαρσίας
1755 1522 1832 1557 πρέ-

1030 1578 1075 1596 πει
1095 1569 1157 1601 τοὺς
1180 1569 1402 1604 κατανδρίζεσθαι
1421 1568 1474 1595 τῶν
1496 1567 1599 1604 νοητῶν
1621 1566 1831 1602 ἐπιθυμοῦντας

1030 1614 1144 1650 ἐχθρῶν.
1170 1614 1276 1649 Ἐπειδὴ
1301 1614 1329 1641 δὲ
1355 1614 1439 1641 πολλὰ
1466 1614 1598 1649 πταίομεν
1623 1613 1754 1644 ἅπαντες,
1776 1613 1829 1639 καὶ

1029 1661 1104 1686 νοσεῖ
1123 1660 1171 1694 μὲν
1186 1660 1203 1695 ἡ
1232 1659 1375 1695 ἀνθρώπου
1407 1659 1488 1694 φύσις
1514 1659 1544 1686 τὸ
1571 1658 1709 1686 εὐόλισθον
1728 1659 1769 1690 είς
1795 1658 1832 1684 τὸ

1031 1703 1202 1739 πλημμελές·
1219 1704 1349 1738 σιννήσει
1366 1705 1394 1731 δὲ
1408 1705 1495 1736 οὐδεὶς
1510 1704 1740 1738 παραπτώματα,
1751 1703 1828 1730 κατὰ

1030 1751 1080 1786 τὴν
1094 1750 1141 1776 τοῦ
1161 1750 1314 1782 Ψὰλλοντος
1331 1751 1438 1786 φωνήψ
1456 1750 1572 1782 Γένοιτο,
1586 1750 1662 1786 φησὶ,
1688 1750 1737 1785 μιᾷ
1769 1749 1832 1775 τῶν

1031 1796 1159 1831 ἐμφύτων
1180 1797 1228 1823 καὶ
1258 1797 1287 1823 ὲν
1314 1797 1377 1831 ὑμῖν
1401 1795 1576 1832 ἀκαθαρσιῶν
1605 1794 1827 1831 περιθραύεσθαι

1034 1842 1182 1876 μονονουχὶ,
1197 1843 1244 1868 καὶ
1264 1841 1422 1868 ἁλίσκεσθαί
1440 1850 1465 1868 τι
1482 1842 1661 1876 νενοσηκότας
1687 1841 1742 1868 τῶν
1771 1841 1829 1874 ἔξω

1032 1887 1113 1922 νόμου
1129 1888 1175 1914 καὶ
1189 1887 1260 1922 ζωῆς
1272 1887 1468 1923 ἁγιοπρεποῦς.
1492 1887 1607 1913 Ἐνοικεῖ
1621 1887 1676 1922 γὰρ
1698 1888 1757 1918 τοῖς
1775 1887 1829 1922 μὲ-

1032 1932 1090 1958 λεσι
1104 1933 1154 1967 τῆς
1171 1932 1271 1967 σαρκὴς
1282 1933 1331 1968 τῆς
1347 1932 1483 1968 ἁμαρτίας
1494 1932 1507 1956 ὁ
1525 1932 1615 1966 νόμος.
1635 1931 1746 1967 Πρῶτον
1774 1932 1829 1967 μὲν

1034 1978 1071 2014 μὴ
1086 1978 1210 2014 ἐναργῶς
1227 1979 1274 2005 καὶ
1285 1978 1443 2013 ἀκρύπτως,
1462 1979 1528 2014 μήτε
1544 1971 1597 2013 μην
1617 1979 1646 2004 ἐν
1672 1978 1732 2013 ὄψει
1754 1978 1826 2005 πολ-

1032 2024 1095 2056 λῶν,
1109 2024 1143 2051 τὰ
1160 2025 1192 2050 ὲκ
1208 2024 1256 2059 τῆς
1282 2024 1437 2060 ἀρρωστίας
1463 2024 1623 2060 πραττέσθω
1647 2023 1825 2059 πταίσματα·

1033 2069 1089 2097 ἀλλ’
1101 2067 1156 2097 οἷον
1177 2069 1228 2102 ἔξω
1243 2069 1385 2105 λεληθότες
1395 2089 1403 2101 ,
1421 2070 1467 2097 καὶ
1481 2070 1519 2102 ὡς
1533 2070 1668 2097 ἀπαντάτω
1683 2070 1732 2106 τῆς
1748 2078 1823 2106 παρ-

1034 2115 1152 2151 εμϐολῆς
1162 2124 1168 2130 ·
1187 2114 1247 2142 εἶτα
1271 2117 1330 2146 ταῖς
1345 2115 1547 2151 ἐπανορθώσεσι
1559 2116 1823 2148 κατακαλυπτέσθω,

1034 2162 1112 2197 φησί·
1126 2162 1218 2196 Σοφοὶ
1235 2161 1289 2197 γὰρ
1305 2163 1479 2196 καλύψουσι
1502 2162 1555 2195 τὰς
1576 2162 1691 2189 ἑαυτῶν
1715 2162 1825 2196 αίσχύ-

1034 2218 1100 2242 νας,
1112 2209 1182 2236 κατὰ
1195 2208 1225 2234 τὺ
1241 2209 1440 2244 γεγραμμένον.
1457 2208 1662 2243 Καταλήγοντες
1684 2208 1739 2243 γὰρ
1768 2208 1825 2236 τῶν

1035 2254 1286 2290 πλημμελημάτων,
1303 2254 1349 2280 καὶ
1363 2256 1422 2286 ταῖς
1435 2255 1473 2286 είς
1489 2254 1523 2281 τὰ
1536 2255 1639 2290 ἀμείνω
1648 2255 1745 2289 ῥοπαῖς
1756 2255 1825 2281 ἀνα-

1036 2299 1229 2333 στοιχειοῦντες
1241 2299 1341 2334 τρόπον
1353 2299 1415 2326 τινὰ
1437 2299 1482 2326 τὸν
1497 2299 1569 2332 νοῦν,
1586 2300 1625 2331 είς
1637 2299 1667 2325 τὸ
1679 2299 1734 2325 δεῖν
1765 2299 1825 2326 ἐλέ-

1036 2347 1097 2374 σθαι
1121 2346 1152 2372 τὸ
1168 2345 1298 2380 ὠφελοῦν,
1329 2346 1361 2372 ἐκ
1389 2346 1471 2381 μέσου
1497 2345 1648 2381 ποιούμεθα
1672 2346 1706 2371 τὰ
1735 2354 1822 2381 προσ-

1036 2392 1207 2427 πταίσματα·
1233 2393 1279 2419 καὶ
1302 2392 1351 2428 τὴν
1375 2393 1494 2428 ἄκοσμον
1519 2392 1655 2428 ἁμαρτίαν
1682 2393 1743 2423 ταῖς
1766 2392 1822 2418 τῶν

1035 2437 1133 2472 ἐφεξῆς
1157 2438 1281 2470 εὐωδίαις
1314 2439 1474 2473 νικήσαντες
1491 2458 1499 2470 ,
1532 2438 1741 2473 εἰσελευσόμεθα
1769 2439 1824 2465 πά-

1034 2483 1075 2510 λιν
1086 2485 1126 2515 είς
1141 2484 1194 2510 τῶν
1222 2485 1306 2518 ἁγίων
1330 2484 1515 2521 παρεμϐολὴν,
1543 2484 1681 2511 τουτέστιν
1707 2485 1748 2516 είς
1772 2485 1822 2517 τὴν

1035 2529 1088 2556 τῶν
1105 2530 1282 2565 πρωτοτόκων
1295 2531 1451 2566 ἐκκλησίαν.
1484 2532 1528 2558 Ἐν
1541 2531 1658 2567 ,Χριστῷ
1684 2531 1712 2557 δὲ
1742 2531 1822 2557 τοῦτο

1035 2574 1195 2610 πληροῦται,
1213 2575 1374 2611 εἰλάϐοιμεν
1399 2576 1446 2603 τὸν
1471 2575 1552 2602 αὑτοῦ
1580 2576 1710 2611 σταυρὸν,
1729 2576 1822 2612 γοργῷ

1036 2619 1091 2656 (59)
1108 2621 1154 2647 καὶ
1165 2620 1339 2657 εὐζωνοτάτῳ
1353 2622 1503 2657 φρονήματι
1522 2621 1694 2656 κεχρημένοι.
1713 2621 1749 2646 Τὸ
1766 2621 1822 2657 γὰρ

1035 2665 1108 2701 ἔχειν
1124 2667 1198 2701 ἡμᾶς
1221 2667 1267 2694 ἐπὶ
1280 2667 1325 2694 τοῦ
1341 2667 1477 2703 ζωστῆρος
1507 2666 1654 2701 πάσσαλον,
1676 2667 1760 2703 ἧγουν
1791 2665 1822 2693 τὸ

1075 2794 1130 2830 (59)
1143 2795 1221 2829 Cod.,
1234 2803 1312 2831 γοργ.
