1918 3069
51 78 109 90 v'?

76 88 110 105 αι’)

703 95 827 124 ADNOT.
849 95 882 124 IN
903 97 1099 127 DEUTEBON.
1677 103 1713 133 35

77 153 171 186 ξύλον,
197 153 286 180 τοῦτο
313 154 435 189 πλαγίως
461 155 653 183 ὑπαινίττεται.
683 156 877 192 Πνευματικῶς

933 157 1086 186 lectualinm
1105 168 1195 188 rerum
1211 160 1356 197 imaginem
1370 161 1516 191 eiiiciamus
1529 171 1561 191 ea
1575 171 1636 199 quae
1650 171 1712 192 cor-

78 197 123 225 οὖν
138 199 192 224 τῶν
209 200 325 234 νοητῶν
347 200 517 228 ὑποτύπωσιν
551 201 704 237 ποιούμενοι
729 203 763 229 τὰ
788 212 880 238 σωμα-

79 245 160 271 τικά-
174 244 206 271 ob
231 245 291 281 γάρ
309 247 393 282 ἐσμεν
414 248 442 273 ἐν
472 247 660 283 ἁκαθαρσίαις,
676 250 704 276 ἐν
733 249 880 284 ὀφθαλμοῖς

81 290 235 326 ἐπαμύνειν
265 292 320 318 τοῦ
353 294 532 328 πεποιηκότος
560 294 628 321 Θεοῦ
653 296 694 327 είς
725 295 879 332 ἐφεδρῶνας

82 336 171 367 ἰόντες,
188 337 238 362 Δεῖ
251 334 305 363 οὖν
321 338 394 373 ἡμᾶς
409 339 606 374 καταχωννύειν
618 340 799 375 ἀκαθαρσίας,
820 341 879 367 Ὅτι

80 382 183 415 Κύριος
193 385 362 416 περιπατεῖ
372 385 407 411 ἐν
425 384 462 418 τῇ
474 385 656 420 παρεμϐολῇ.
681 386 804 413 Ἐνοικεῖ
825 387 878 422 γὰρ

79 427 149 462 ἡμῖν
158 428 208 455 καὶ
223 428 428 463 ἐμπεριπατεῖ
436 431 572 465 Χριστός.

413 477 491 504 ΚΕΦ.
505 477 567 504 ΚΔ¹.

81 519 132 555 (60)
141 519 219 557 Στίχ.
234 524 275 553 ς’.
297 523 361 548 Οὐκ
387 522 580 556 ἐνεχυράσεις
593 524 702 557 μύλον,
723 525 793 551 οὐδὲ
817 525 879 551 ἐπνι-

161 556 295 590 μύλιον,
319 558 364 584 ὅτι
383 558 490 592 ψυχὴν
504 556 600 591 οὕτως(
613 559 790 593 ἐνεχιψάζὲι.

114 622 162 654 Εἰς
176 622 210 648 τὸ
222 623 305 650 αὐτὸ
316 623 426 657 ἄλλως.
442 625 498 651 Οὐκ
507 625 564 651 ἐστι
574 625 657 660 μύλος
665 626 725 652 οὐδὲ
733 626 878 662 ὲπιμύλιον

82 668 150 703 ψυχῇ
165 668 248 703 (60‘),
267 670 340 697 ἀλλὰ
362 670 430 706 πρὸς
451 672 580 707 ἐργασίαν
595 672 714 699 συντελεῖ
729 674 822 708 ἄρτου,
845 673 879 700 δι’

82 710 109 740 οὗ
120 713 237 749 μάλιστα
251 714 341 746 ζῶσιν
356 716 379 741 οἱ
392 716 538 751 ἅνθρωποι.
551 716 721 751 Σημειωτέον
730 717 821 744 αὺτὸν⁹
836 717 880 744 διὰ

81 759 109 785 τὸ
121 757 200 794 αἷμα.
218 760 280 786 Καὶ
295 760 350 797 γὰρ
368 762 432 797 περὶ
446 761 527 788 αὑτοῦ
538 762 636 798 ἐλέχθη
649 770 656 778 ·
677 763 741 789 Ὀτι
758 763 810 790 τοῦ
823 763 880 790 σώ-

80 813 169 839 ματος
193 805 227 832 τὸ
250 803 327 841 αἷμα
344 807 429 842 ψυχή
452 808 547 835 ἐστιν.
572 808 807 844 Καταχρηστικῶς
832 808 878 838 οὖν

82 850 161 877 ταῦτα
177 851 306 886 νοητέον.
316 852 385 878 Οὔτε
398 853 452 889 γὰρ
468 854 498 880 τὸ
508 852 587 889 αἷμα,
599 854 660 881 οὔτε
671 856 684 880 ὁ
698 855 780 890 μύλος
791 856 875 892 ψυχὴ,

83 895 145 923 ἀλλὰ
160 897 230 932 πρὸς
247 898 281 924 τὺ
297 897 348 934 ζῇν
365 899 582 935 συμϐαλλόμενα.

404 956 482 983 ΚΕΦ.
505 956 568 982 KZ'.

129 1008 272 1045 (61)Στίχ.
289 1014 332 1037 ιε’.
348 1012 403 1038 Καὶ
420 1011 506 1045 θήσει
522 1013 595 1040 αὐτὸ
609 1013 645 1039 ἐν
659 1014 831 1048 ἀποκρύφῳ.

123 1055 230 1092 Ἐπειδὴ
247 1058 326 1090 εἰκὸς
341 1056 389 1094 ἦν,
400 1058 476 1090 τινὰς
491 1059 565 1094 φόϐῳ
581 1059 630 1095 τῆς
643 1061 777 1096 τιμωρίας
794 1069 877 1088 σπου-

87 1101 170 1133 δάζειν
185 1102 348 1137 λανθάνειν,
371 1105 417 1131 καὶ
439 1105 469 1131 ἐν
484 1105 652 1141 παραϐύστῳ
668 1106 715 1133 καὶ
732 1106 876 1134 λανθανόν-

87 1148 194 1183 τωςτὴν
209 1149 346 1176 ἀσέϐειαν
368 1150 545 1186 ἐπιτηδεύειν·
573 1151 641 1188 πρὸς
663 1151 773 1187 μείζονα
796 1153 876 1187 φόόον

91 1193 132 1220 καὶ
144 1195 259 1230 ἀπειλὴν
275 1196 334 1222 τῶν
354 1195 441 1223 ταῦτα
459 1197 617 1229 ποιούντων,
633 1199 680 1224 καὶ
706 1199 786 1234 ἀραῖς
809 1199 876 1226 ὑπο-

90 1238 174 1266 ϐάλλει
188 1242 252 1273 τοὺς
266 1242 430 1278 ἀμάρτυρον
443 1244 492 1279 τὴν
507 1244 644 1279 ἁμαρτίαν
666 1244 875 1280 ἐργαζομένους.

91 1285 204 1313 Τοιοῦτοί
224 1289 300 1314 εἰσιν
317 1289 342 1314 οἱ
362 1288 502 1316 εὐλάϐειαν
515 1289 679 1317 ἐπίπλαστον
699 1290 877 1326 ὑποκρινόμε-

89 1339 136 1363 νοι,
150 1332 222 1359 ἔνδον
231 1333 262 1359 δὲ
278 1334 315 1361 τὰ
332 1334 405 1370 πάθη
423 1336 642 1370 κατορύττοντες,
653 1335 700 1362 καὶ
717 1336 746 1363 ὲν
771 1336 810 1371 τῷ
828 1336 877 1371 τῆς

92 1376 201 1410 διανοίας
213 1380 352 1415 κινήματι
363 1380 430 1416 πρὸς
441 1383 495 1408 πᾶν
504 1379 571 1413 εἶδος
588 1381 702 1413 ἀτοπίας
717 1380 878 1415 ὲκ6ακχευό-

95 1430 172 1457 μενοι.
189 1422 269 1451 Οὗτοί
281 1426 353 1451 εἰσιν
370 1427 394 1452 oi.
402 1427 431 1453 ὲν
438 1427 588 1462 ἀποκρύφῳ
600 1425 719 1457 τιθέντες
727 1426 761 1452 τὰ
769 1426 876 1452 εἴδωλα.

95 1467 144 1502 (62)
159 1469 231 1505 Στίχ.
255 1469 302 1502 ιζ’.
334 1471 561 1505 Ἐπικατάρατος
586 1473 603 1498 ὁ
625 1471 790 1505 μετατιθεὶς
814 1470 878 1504 ὅρια

381 1507 432 1533 τοῦ
452 1507 595 1541 πλησίον.

127 1548 203 1585 "Opta
214 1550 262 1577 τοῦ
280 1551 395 1586 πλησίον
410 1551 568 1587 μετατίθησι
587 1551 634 1578 καὶ
647 1552 661 1577 ὁ
681 1552 735 1578 ἀπὸ
751 1551 800 1586 τῆς
814 1551 878 1588 ἀλη-

97 1593 151 1626 θοῦς
162 1594 339 1630 θεογνωσίας,
353 1597 401 1624 καὶ
414 1598 464 1632 τῆς
481 1597 572 1624 ἐνθέου
599 1596 733 1629 πολιτείας
751 1606 877 1632 παρασα-

96 1638 171 1667 λεύων
183 1641 227 1668 τὸν
241 1642 321 1674 ἐντὸς
337 1643 538 1678 εὑρισκόμενον.
556 1642 611 1669 Καὶ
627 1642 701 1678 δηλοῖ
721 1642 754 1669 τὰ
779 1644 878 1678 ἐπαγό-

99 1693 159 1719 μενα
170 1686 234 1722 (65).

99 1737 146 1773 (64)
160 1739 231 1775 Στίχ.
255 1742 304 1775 ιη’.
324 1739 552 1801 Ἐπικαὲναιέςὲἵς
572 1743 588 1768 ό
607 1742 732 1768 πλανῶν
760 1742 878 1777 τυφλὸν

472 1784 540 1807 eoa).

132 1819 181 1845 Τοῦ
188 1820 294 1848 αὐτοῦ.
306 1820 427 1847 Τοιοῦτοί
440 1821 492 1847 εισι
501 1821 547 1847 καὶ
558 1822 581 1847 ei
593 1822 647 1849 ἀπὸ
655 1823 877 1859 εἰδωλολατρείας

102 1865 209 1898 καὶτοὺς
223 1868 254 1894 ὲκ
276 1868 425 1903 περιτομῆς
437 1869 484 1895 ἐπὶ
512 1868 636 1904 μυσαρὰς
654 1869 773 1904 αἱρέσεις
796 1869 876 1903 ἐφελ-

101 1910 206 1945 κόμενοι.
222 1913 349 1947 Τυφλοὺς
359 1914 413 1949 γὰρ
427 1913 506 1946 ΰντας
517 1915 615 1945 αὐτοὺς
629 1915 675 1940 καὶ
688 1915 770 1950 μήπω
781 1915 811 1941 τὸ
820 1914 876 1948 φῶς

102 1954 144 1989 τῆς
151 1956 276 1992 ἀληθείας
289 1959 438 1993 ἐσχηκότας
451 1960 497 1986 καὶ
508 1960 671 1994 Θεογνωσίας
682 1980 689 1990 ,
708 1960 832 1986 ἀπατῶσι
848 1960 876 1986 δὲ

104 2001 142 2027 καὶ
153 2002 298 2036 πλανῶσιν,
317 2004 412 2040 ἑτέραν
431 2006 490 2031 ἀντὶ
504 2006 552 2041 τῆς
582 2005 762 2041 ἀποστολικῆς
788 1997 881 2041 παραέ

104 2044 240 2080 δεικνύντες
252 2049 324 2076 ὁδόν.

105 2089 228 2128 (65)Στίχ.
242 2094 288 2121 ιϐ’.
309 2093 535 2132 Ἐπικατάρατος
557 2094 591 2128 ὃς
616 2095 655 2132 ᾂν
668 2096 794 2131 ἐκκλίνῃ
813 2099 876 2132 κρι-

163 2137 211 2154 σιν
226 2129 423 2163 προσηλύτου
437 2130 485 2156 καὶ
502 2129 633 2163 ὀρφανοῦ
646 2132 695 2158 καὶ
712 2129 816 2166 χήρας.

930 204 1033 238 poralia
1048 211 1119 232 sunt.
1142 206 1199 233 Non
1216 208 1287 234 enim
1304 216 1396 236 sumus
1411 209 1436 236 in
1452 209 1640 242 immunditiis.
1660 212 1712 238 sub

929 250 1015 277 oculis
1036 251 1082 278 Dei
1106 252 1220 280 valentis
1241 254 1335 287 juvare
1356 255 1400 288 qui
1428 255 1533 288 iecerit,
1556 256 1617 283 dum
1642 257 1711 284 imus

929 295 962 321 ad
985 298 1184 324 exonerandam
1206 298 1307 325 alvum.
1331 299 1443 334 Oportet
1460 309 1524 335 ergo
1546 306 1576 328 ut
1593 309 1642 330 nos
1665 303 1712 330 de-

929 340 1064 368 fodiamus
1081 343 1263 370 immunditias
1275 365 1281 376 ,
1310 346 1379 377 Quia
1397 346 1525 374 Dominus
1543 348 1658 374 ambulat
1682 349 1711 375 in

929 388 1031 414 castris.
1055 387 1163 415 Habitat
1185 391 1257 416 enim
1277 391 1304 417 in
1321 391 1406 425 nobis,
1426 397 1450 419 et
1471 393 1616 420 inambulat
1631 393 1711 420 Chri-

929 438 985 460 stut
1000 433 1033 460 ³¹.

1220 482 1299 510 CAP.
1322 483 1417 511 XXIV.

929 529 961 556 γ.
971 530 998 557 6.
1009 530 1070 557 Non
1082 530 1191 563 accipies
1202 530 1229 555 in
1241 530 1333 562 pignus
1346 529 1452 560 molam,
1466 538 1544 564 neque
1555 532 1624 564 quod
1635 533 1711 559 mola

963 566 1157 599 tuperponitur,
1167 565 1291 598 quoniam
1311 565 1425 591 animum
1433 566 1470 590 sic
1478 566 1504 591 in
1515 566 1607 600 pignus
1619 568 1710 593 tradit.

964 609 998 637 In
1021 611 1139 638 eumdem
1165 610 1251 636 locum
1267 610 1355 636 aliter.
1370 610 1427 637 Non
1453 610 1534 638 habet
1555 611 1651 638 molam
1665 617 1712 640 attt

929 656 1001 689 quod
1025 655 1102 682 molat
1124 654 1325 689 superponitur,
1341 655 1432 681 anima
1452 663 1460 683 :
1480 657 1528 682 sed
1550 655 1657 683 confert
1678 657 1711 683 ad

930 700 1082 727 faciendum
1107 708 1226 735 panem,
1247 706 1301 734 quo
1325 701 1442 727 maxime
1465 700 1556 727 vivant
1577 701 1710 729 homines.

930 745 1081 773 Notandum
1106 746 1156 773 hoc
1181 746 1266 780 ipsum
1283 750 1395 780 propter
1411 746 1582 780 sanguinem.
1597 746 1663 774 Nam
1683 752 1712 774 et

930 792 962 819 de
984 791 1042 826 ipso
1059 791 1160 818 dictum
1180 796 1244 819 est:
1262 791 1332 824 Quia
1354 792 1470 825 corporis
1490 793 1599 826 sanguis
1619 794 1709 819 anima

895 835 915 862 Β
928 846 965 865 εει
979 838 1014 866 ⁸¹.
1029 838 1082 866 Per
1096 838 1268 865 catachresin
1289 839 1347 866 haec
1365 842 1429 866 sunt
1454 838 1638 873 intelligenda.
1653 838 1708 866 Nec

927 885 998 912 enim
1014 885 1055 912 vel
1068 885 1187 919 sanguis,
1203 884 1244 912 vel
1260 884 1328 911 mola
1347 883 1436 911 anima
1451 890 1503 916 eet.
1517 884 1563 912 sed
1575 884 1608 911 ad
1623 885 1706 912 vitam

927 931 1078 959 conferunt.

1212 966 1286 993 CAP.
1312 965 1419 993 XXVII.

1075 1011 1106 1038 V.
1121 1012 1163 1038 15.
1183 1012 1214 1038 Et
1229 1017 1303 1046 ponet
1322 1011 1389 1039 illud
1406 1012 1432 1038 in
1446 1011 1556 1038 occulto.

962 1056 1094 1090 Quoniam
1119 1057 1266 1085 verisimile
1283 1062 1361 1089 erat,
1377 1057 1518 1084 nonnullos
1537 1062 1607 1084 metu
1624 1064 1709 1091 patrue

928 1104 1037 1131 studere
1049 1103 1142 1136 latere,
1161 1103 1411 1138 exercitaturosqne
1426 1103 1486 1130 fore
1501 1102 1665 1137 impietatem
1682 1102 1708 1130 in

928 1149 1089 1177 abscondito
1109 1153 1137 1176 et
1149 1148 1316 1176 clandestine
1329 1158 1336 1182 ;
1351 1150 1385 1175 ad
1405 1148 1533 1181 majorem
1560 1153 1660 1175 metum
1677 1155 1709 1176 ac

928 1195 1016 1223 minas
1032 1194 1059 1221 in
1079 1201 1127 1222 eos
1143 1194 1188 1229 qui
1206 1194 1263 1222 hate
1284 1193 1428 1228 facerent,
1447 1194 1530 1221 etiam
1556 1193 1709 1222 maledictis

927 1240 1059 1267 obnoxios
1077 1239 1142 1267 facit
1159 1239 1181 1267 si
1196 1240 1255 1267 sine
1273 1239 1387 1266 testibus
1402 1243 1540 1273 peccatum
1558 1243 1708 1273 patrarent.

929 1287 1009 1314 Tales
1022 1292 1086 1314 sunt
1101 1286 1146 1321 qui
1162 1285 1314 1313 simulatam
1331 1286 1459 1320 pietatem
1477 1293 1532 1320 pra:
1546 1292 1576 1313 se
1598 1284 1689 1312 ierunt
1700 1304 1708 1317 ,

928 1333 1041 1360 interius
1057 1340 1120 1360 vero
1132 1332 1256 1359 morbum
1268 1331 1403 1358 defossum
1422 1330 1531 1362 habent,
1545 1335 1572 1358 et
1587 1330 1613 1356 in
1626 1330 1708 1356 animi

928 1382 1002 1405 motu
1017 1378 1050 1404 ad
1073 1384 1153 1406 omne
1167 1385 1252 1412 genus
1269 1377 1445 1411 turpitudinis
1454 1376 1663 1403 debacchanlur.
1676 1374 1709 1402 Ili

929 1428 991 1450 sunt
1003 1424 1048 1458 qui
1065 1423 1091 1450 in
1107 1422 1214 1450 occulto
1231 1423 1302 1450 idola
1319 1427 1431 1457 ponunt.

982 1471 1015 1498 V.
1034 1471 1074 1498 I7.
1090 1470 1247 1498 Maledicta:
1259 1472 1304 1505 qui
1316 1469 1442 1504 transfert
1456 1469 1521 1504 ﬁnes
1532 1469 1654 1504 proximi.

962 1541 1043 1568 Fines
1064 1541 1181 1576 proximi
1201 1539 1330 1568 transfert
1344 1543 1371 1567 et
1392 1540 1435 1571 is,
1458 1539 1503 1575 qui
1521 1546 1536 1566 a
1553 1539 1642 1566 veraci
1662 1538 1707 1565 Dei

928 1586 1080 1622 cognitione
1094 1606 1102 1619 ,
1115 1591 1142 1614 et
1165 1586 1256 1613 divino
1278 1585 1407 1620 regimine
1421 1585 1561 1612 submovet
1575 1592 1647 1617 eum,
1662 1583 1707 1618 qui

928 1633 998 1660 intra
1015 1633 1065 1660 hos
1091 1632 1159 1660 lines
1184 1632 1329 1668 reperitur.
1345 1631 1427 1666 quue
1443 1631 1584 1666 sequentia
1598 1631 1707 1665 planum

927 1679 1040 1706 faciunt.

956 1748 988 1775 γ.
1007 1747 1050 1775 l8.
1067 1747 1222 1774 Maledicta:
1235 1747 1279 1783 qui
1294 1755 1383 1774 errare
1395 1746 1459 1782 facit
1474 1754 1571 1773 caecum
1583 1746 1610 1772 in
1627 1746 1679 1774 uia.

963 1827 1102 1862 Ejusdem.
1119 1826 1199 1854 Tales
1215 1831 1278 1854 sunt
1292 1830 1319 1852 et
1333 1826 1362 1858 ii,
1379 1825 1424 1860 qui
1439 1824 1560 1851 homines
1576 1825 1610 1851 ab
1624 1824 1710 1850 idolo-

928 1873 1023 1900 latrico
1037 1872 1111 1900 cultu
1125 1877 1152 1899 et
1170 1871 1377 1899 circumcisione
1389 1870 1423 1897 ad
1438 1870 1633 1897 abominandas
1653 1869 1709 1896 hae-

929 1927 1001 1947 reses
1016 1919 1186 1954 pertrahunt.
1204 1917 1270 1945 Cum
1284 1917 1355 1944 enim
1376 1917 1438 1944 caeci
1454 1917 1509 1943 sint
1520 1935 1528 1948 ,
1544 1921 1572 1943 et
1594 1917 1706 1942 necdmn

928 1965 1016 1992 iumen
1032 1964 1153 1991 veritatis
1179 1963 1297 1990 habeant
1318 1971 1348 1990 ac
1364 1962 1525 1996 cognitionis
1551 1960 1616 1992 Dei,
1636 1961 1708 1987 deci-

927 2009 1003 2044 piunt
1019 2016 1066 2036 eos
1077 2012 1104 2035 et
1121 2008 1250 2035 aberrare
1265 2007 1366 2034 faciunt
1377 2027 1386 2039 ,
1402 2006 1482 2033 aliam
1505 2005 1539 2032 ab
1562 2005 1706 2040 apostolica

928 2056 1143 2082 demonstrantes
1158 2054 1238 2080 viam.

963 2100 996 2128 ν.
1009 2100 1053 2128 19.
1069 2099 1227 2127 Maledicta:
1246 2099 1392 2132 quicunque
1409 2097 1523 2124 declinat
1540 2096 1673 2131 judicium

1095 2134 1230 2169 proselyli,
1242 2139 1265 2160 et
1282 2133 1392 2167 orphani
1404 2138 1427 2159 et
1440 2133 1535 2159 viduae.

139 2172 198 2200 Ὑπὸ
211 2176 261 2211 τὴν
277 2176 361 2211 αὐτὴν
376 2176 446 2211 ἀρὰν
463 2176 552 2211 τίθησι
568 2178 630 2208 τοὺς
641 2177 770 2210 ὡσαύτως
786 2179 876 2206 ἐκκλί-

964 2180 1056 2208 Eidem
1070 2179 1250 2207 maledictioni
1274 2178 1383 2212 subjicit
1399 2178 1443 2212 qui
1459 2177 1553 2205 eodem
1566 2177 1646 2204 modo
1659 2177 1706 2203 de-

105 2224 185 2251 νοντας
199 2222 290 2256 κρίσιν
303 2221 472 2256 προσηλύτου
498 2223 546 2249 καὶ
573 2223 691 2258 ὀρφανοῦ
713 2225 760 2251 καὶ
776 2225 874 2262 χήρας,

107 2261 179 2295 ἄλλως
192 2275 248 2298 πως
263 2266 344 2292 πάλιν
359 2266 389 2292 τὺ
403 2266 468 2292 αὐτὸ
479 2267 572 2294 εἰπών.
598 2268 630 2294 El
658 2268 711 2304 γὰρ
741 2269 771 2296 τὸ
795 2261 876 2306 ῥήτὺν

107 2308 152 2343 ἔχει
165 2311 192 2336 τὸ
209 2312 352 2347 ὸφέλειμον
369 2311 434 2348 (66),
454 2312 521 2339 ἀλλὰ
531 2313 576 2340 καὶ
592 2315 608 2348 ὴ
623 2313 721 2350 οεῳρία
735 2316 764 2342 τὸ
778 2316 876 2352 ὑψηλός

108 2362 181 2390 τερον.
191 2358 357 2394 Προσήλυτοι
372 2359 425 2395 γάρ
440 2360 508 2386 εἰσιν
521 2361 545 2385 οἱ
559 2359 589 2393 ἐξ
601 2360 685 2388 ἐθνῶν
700 2363 828 2394 εἰσιόντες
843 2364 875 2398 τῇ

108 2399 163 2436 ἁγίᾳ
173 2403 215 2429 τοῦ
227 2403 298 2430 Θεοῦ
318 2404 475 2440 Ἐκκλησία.
492 2406 524 2431 Ol.
538 2405 566 2432 δὲ
585 2406 699 2441 ὀρφανοὶ
721 2408 822 2443 κυρίως
837 2410 877 2434 εί-

111 2446 143 2473 c‘w
155 2449 175 2474 οί
191 2450 393 2485 ἀποταξάμενοι
409 2451 457 2486 μὲν
472 2450 511 2486 τῷ
525 2451 628 2478 ἑαυτῶν
641 2453 724 2488 πατρὶ
738 2453 777 2489 τῷ
792 2454 879 2480 Σατα-

110 2493 144 2527 νᾷ,
154 2496 256 2530 μηδέπω
274 2496 303 2523 δὲ
314 2496 359 2523 τὸν
379 2496 481 2532 Ἰησοῦν
498 2497 682 2532 ἐνδυσάμενοι,
695 2498 752 2525 ἀλλ’
764 2499 803 2526 ἔτι
830 2500 878 2526 καὶ

112 2542 460 2579 κατηχουμένοιςὲνάριθμοι.
483 2543 596 2579 Ὁμοίως
611 2544 638 2570 δὲ
655 2545 701 2571 καὶ
714 2542 786 2572 οὗτοι
800 2545 884 2581 χῆραί

112 2583 175 2618 εἰσιν,
191 2589 405 2625 ὰποστραφεῖσαι
423 2590 471 2624 μὲν
492 2589 537 2616 τὸν
553 2589 803 2626 ἑγκατασπείροντα
830 2592 879 2618 αὐ-

141 2641 159 2658 ⁸¹
173 2643 192 2671 Il
203 2645 263 2674 Cor.
277 2654 315 2679 vr,
333 2646 376 2674 16.
421 2646 444 2662 ³¹
455 2646 520 2674 Lev.
531 2655 596 2680 xvu,
611 2647 652 2674 II.

141 2688 262 2728 (§Q)Cod.
279 2693 343 2726 534,
356 2701 417 2728 pag.
433 2694 497 2721 σεε.

142 2724 200 2765 (δυ’)
214 2728 304 2765 Forte
313 2724 454 2765 legendum
465 2729 548 2765 ψυχή,
566 2730 780 2764 vertendumque
793 2738 800 2756 :
814 2727 840 2755 Ν
844 2735 878 2755 οη

115 2763 172 2786 ut...
188 2764 283 2791 anima.
300 2763 380 2792 Eon“.
393 2763 513 2792 Pnaotl

199 2797 262 2833 Pag.
279 2798 344 2826 251.

145 2828 189 2863 (62)
204 2828 267 2861 Inﬁt.

929 2227 1030 2255 clinant
1046 2226 1176 2262 judicium
1199 2225 1327 2260 proselyti
1340 2245 1347 2257 ,
1369 2228 1397 2251 et
1418 2224 1531 2259 orphani
1556 2228 1583 2250 et
1598 2223 1708 2250 vidum:

929 2272 981 2300 alio
1003 2276 1081 2307 pacto
1102 2271 1300 2307 quodammodo
1324 2270 1393 2297 idem
1421 2270 1524 2297 dicens.
1555 2268 1612 2296 Etsi
1637 2268 1710 2295 enim

932 2319 1019 2353 ipsum
1040 2317 1152 2344 verbum
1173 2324 1248 2344 suam
1264 2316 1408 2342 utilitatem
1426 2315 1526 2346 habet,
1553 2319 1579 2341 at
1605 2313 1709 2341 theoria

927 2364 1008 2392 etiam
1043 2363 1184 2390 sublimius
1207 2362 1308 2397 aliquid
1334 2361 1450 2389 obtinet.
1474 2360 1607 2396 Proselyti
1637 2360 1709 2387 enim

929 2413 1002 2441 sunt,
1017 2409 1063 2442 qui
1080 2415 1112 2434 ex
1126 2407 1250 2443 gentibus
1261 2411 1382 2434 sanctam
1399 2407 1444 2433 Dei
1462 2406 1650 2441 ingrediuntur
1663 2404 1711 2431 Ec-

927 2454 1046 2482 elesiam.
1065 2452 1183 2488 Orphani
1199 2453 1306 2487 proprie
1325 2457 1388 2480 sunt
1404 2452 1433 2483 ii,
1446 2451 1490 2486 qui
1507 2450 1631 2477 nuntium
1646 2450 1710 2476 mit-

928 2504 1015 2527 tentes
1030 2498 1099 2534 patri
1119 2505 1168 2525 suo
1183 2498 1290 2525 Satanae
1303 2518 1310 2531 ,
1326 2498 1442 2525 necdum
1461 2502 1549 2524 tamen
1565 2490 1656 2523 Jésum
1670 2495 1711 2521 in-

928 2545 1062 2578 duentes,
1086 2544 1174 2572 adhuc
1194 2545 1264 2571 inter
1286 2544 1496 2571 catechumenos
1522 2545 1708 2569 numerantur.

932 2590 1064 2619 Similiter
1082 2597 1189 2625 quoque
1206 2590 1234 2618 hi
1251 2591 1339 2618 vidua:
1352 2594 1424 2623 sunt,
1439 2597 1497 2624 qua:
1511 2594 1642 2616 aversatte
1651 2589 1712 2623 qui-

975 2692 1020 2728 6'5)
1034 2692 1135 2728 Confer
1147 2693 1317 2722 Theodoretu
1323 2703 1360 2722 ω.

975 2728 1018 2762 et)
1033 2727 1100 2755 Ibid.

976 2762 1021 2790 65)
1039 2762 1106 2789 Ibid.

977 2797 1022 2833 66)
1038 2797 1118 2826 Forte
1130 2797 1276 2833 ὠφέλιμον.
