1918 3069
232 85 268 114 55
669 84 946 114 SUPPLEMENTUM
963 84 1010 112 AD
1030 83 1191 113 ORIGENIS
1209 83 1412 112 EXEGETICA.
1808 87 1849 114 36

231 147 292 173 dem
307 150 369 174 sunt
381 153 442 173 eum
457 166 464 178 ,
477 146 523 180 qui
545 146 570 172 in
588 145 653 180 ipsis
675 147 827 173 seminabat
847 146 995 181 perditioni:

1057 147 1114 177 τοῖς
1128 145 1162 172 τὰ
1174 145 1222 180 τῆς
1235 145 1372 176 ἀπωλείας
1389 145 1534 180 σπέρματα
1545 154 1553 160 ·
1573 145 1650 172 οὔπω
1674 145 1703 173 δὲ
1724 145 1765 181 τῷ
1782 146 1852 181 Χρι-

233 192 336 218 semina
348 211 357 223 ,
374 191 485 218 necdum
500 195 589 216 autem
604 190 712 217 Christo
723 190 839 224 copulati
852 210 860 222 ,
881 195 1008 223 tanquam

230 243 305 265 casta
330 238 406 272 virgo
419 258 425 268 ,
447 236 521 270 juxta
540 236 660 263 divinum
677 235 847 270 Apostolum.
862 235 912 268 Qui
929 235 1009 270 igitur

231 284 367 311 declinant
379 283 508 316 judicium
523 282 648 314 istorum.
661 290 711 309 nec
725 283 833 309 tradunt
849 281 900 309 illis
915 282 1007 308 since-

231 337 289 357 rum
306 337 338 356 ac
356 328 503 363 genuinum
520 328 658 363 religionis
673 329 842 363 mysterium,
857 328 907 355 sub
922 327 1007 354 male-

231 378 302 405 dicto
317 379 388 403 sunt.
403 375 461 402 Alia
476 382 584 409 quoque
603 374 726 402 studiose
748 375 808 408 quis
823 381 984 408 percurrens
997 394 1005 406 ,

228 422 326 457 poterit
344 421 524 456 spiritualiter
547 420 695 453 meditari,
718 425 824 447 servata
843 421 1004 454 interpreta-

227 468 299 494 tione
312 467 375 494 hac.

234 513 276 542 Ν.
290 513 336 540 26.
353 512 510 539 Μαίεᾱίειιη
533 513 615 537 omnis
633 512 718 541 homo.
732 511 776 545 qui
789 519 839 537 non
852 516 986 546 permanet

400 549 427 574 in
441 547 560 574 omnibus
576 547 736 573 sermonibus
752 547 826 581 legis.

257 594 336 626 Illud,
355 595 382 622 in
395 596 524 627 omnibus,
538 595 609 630 quod
625 594 746 622 occurrit
755 594 824 628 apud
844 593 1005 628 Septuagint-

224 644 252 667 ta
265 641 464 673 ,conﬁrmatur
477 649 510 668 ex
528 640 699 668 Samaritano
714 639 884 674 antigrapho,
904 639 932 665 in
950 645 1003 672 quo

223 685 300 718 Chal,
316 686 342 713 id
355 691 406 719 est,
419 687 536 713 omnibus
554 686 595 712 vel
608 686 708 719 omnia,
724 685 818 712 haberi
832 684 1001 711 invenimus.

223 732 326 767 Quibus
351 733 470 760 concinit
494 737 521 759 et
546 732 687 767 Apostolus
710 731 826 759 dicens:
844 730 1002 764 Quicunque

222 778 293 805 enim
309 785 342 804 ea:
353 777 473 812 operibus
490 777 554 812 legis
568 782 646 809 sunt,
661 776 708 804 sub
731 775 870 802 maledicto
889 780 950 802 sunt
966 774 1000 802 ⁸³.

1060 191 1116 227 στῷ
1127 191 1319 228 άρμοσθέντες,
1329 191 1367 223 ὡς
1377 191 1445 228 ἁγνὴ
1462 192 1604 228 παρθένος,
1619 192 1690 219 κατὰ
1704 192 1752 219 τὸν
1777 192 1851 220 θείαν

1064 237 1232 264 Ἀπόστολον.
1247 238 1278 263 Οἱ
1287 235 1332 264 οὖν
1340 237 1507 269 ἐκκλίνοντες
1513 238 1561 274 τὴν
1574 238 1662 274 κρίσιν
1671 238 1786 271 τούτων,
1800 239 1850 266 καὶ

1060 283 1098 318 μὴ
1113 283 1304 319 παραδιδόντες
1320 283 1411 314 αὐτοῖς
1428 283 1570 310 ἀνόθευτον
1585 284 1615 310 τδ
1630 284 1679 318 τῆς
1702 284 1849 316 εὐσεϐείας

1059 330 1216 365 μυστήριον,
1229 329 1281 355 ὑπὸ
1291 330 1413 364 κατάραν
1422 329 1499 356 εἰσίν.
1516 329 1570 356 Καὶ
1581 329 1616 356 τὰ
1627 330 1695 357 ἄλλα
1704 331 1735 357 δέ
1745 339 1789 362 τις
1802 339 1848 365 φι-
1871 325 1887 371 ξ

1057 375 1177 406 λοπόνως
1193 374 1318 408 ἐπεξιὼν,
1342 375 1485 409 δυνήσεται
1501 376 1693 411 πνευματικῶς
1717 376 1844 412 Θεωρεῖν,

1058 421 1215 458 σωζομένης
1226 422 1276 457 τῆς
1289 421 1445 457 ἑρμηνείας.

1056 513 1199 550 (67)7Στίχ.
1213 516 1267 550 κς.
1288 511 1591 550 Ἑπικᾳτάραζοςπᾱς
1609 512 1766 550 ἅνθρωπος
1777 531 1786 544 ,
1807 511 1841 546 ὃς

1090 549 1145 575 οὐκ
1159 547 1277 583 ἐμμένει
1295 548 1330 574 ἐν
1348 547 1423 575 πᾶσι
1437 547 1499 580 τοῖς
1514 547 1618 585 λόγοις
1633 547 1686 573 τοῦ
1699 547 1807 581 νόμου.

1089 593 1137 626 Τὸ,
1153 594 1188 620 ὲν
1208 593 1293 624 πᾶσι,
1317 593 1440 629 κείμενον
1457 593 1532 628 παρὰ
1551 593 1607 624 τοῖς
1628 592 1840 628 Ἐὗδομήκοντα,

1054 639 1184 675 κυροῦται
1195 640 1248 666 ἀπὸ
1262 639 1309 665 τοῦ
1329 638 1527 675 Σαμαρειτικοῦ
1543 639 1721 674 ἀντιγράφου,
1733 640 1764 665 ἐν
1777 635 1800 672 ᾧ
1811 638 1842 665 τὺ

1054 685 1120 720 χόλ.
1134 686 1202 720 ὅπερ
1226 686 1284 712 ἐστὶ
1305 685 1399 712 πᾶσιν
1423 684 1439 720 ἢ
1459 683 1566 716 πάντα,
1592 685 1739 720 φερόμενον
1763 683 1841 721 εὕρο-

1055 738 1114 765 μεν.
1133 729 1180 762 Οἷς
1198 730 1304 768 συνᾴδει
1330 731 1378 757 καὶ
1400 730 1416 755 ὁ
1440 730 1597 761 Ἀπόστολος
1621 730 1725 764 λέγων·
1757 731 1840 758 Ὅσοι

1053 775 1108 808 γὰρ
1121 774 1155 807 ἐξ
1173 775 1268 809 ἔργων
1287 776 1380 809 νόμου
1395 775 1483 807 εισὶν,
1511 775 1570 802 ὑπὸ
1597 775 1728 809 κατάραν
1748 776 1839 803 εἰσίν.

221 822 403 856 Quamobrem
424 823 470 857 qui
489 828 553 849 sunt
567 830 599 850 ex
614 821 818 849 circumcisione
835 820 995 848 convincun-

1054 820 1132 847 ὐθεν
1148 821 1172 847 οἱ
1186 821 1218 847 ὲκ
1230 821 1378 857 περιτομῆς
1390 821 1543 856 ἐλέγχονται
1553 821 1605 848 ὑπὸ
1616 822 1736 857 κατάραν
1751 821 1839 854 ὄντες,

220 873 267 896 tur
280 869 329 896 sub
346 868 488 896 maledicto
501 876 573 902 esse,
591 873 734 903 propterea
751 867 823 902 quod
839 866 930 894 omnia
946 874 999 894 non

221 913 338 942 faciunt.

508 959 584 987 CAP.
606 957 726 986 XXXIII.

344 1005 377 1033 V.
390 1005 418 1033 6.
437 1005 512 1033 Vivat
535 1005 639 1036 Rubim,
650 1010 736 1031 etnon
752 1004 873 1031 moritor.

254 1049 325 1084 Quia
340 1050 426 1078 Jacob
447 1051 566 1078 moriens
577 1052 648 1078 mala
666 1050 831 1083 imprecatus
843 1048 931 1075 fuerat
943 1047 1000 1076 Bu-

216 1095 292 1123 bimo
303 1095 396 1123 dicens
410 1105 417 1122 :
439 1094 512 1122 Velut
525 1103 594 1128 aqua
607 1102 659 1121 non
670 1094 822 1128 effervescat
838 1093 877 1126 ’λς
893 1093 998 1128 Moyses

216 1141 380 1169 benedicens
403 1141 488 1168 dicit:
506 1140 582 1167 Vivat
610 1139 724 1172 Rubim,
750 1143 775 1166 et
798 1147 850 1166 non
879 1139 997 1167 moritor.

217 1186 369 1221 Utrumque
379 1186 458 1213 belle.
471 1185 576 1213 Etenim
591 1189 667 1219 pater
676 1184 812 1212 maledicit
826 1184 850 1212 ei
869 1190 996 1218 tanquam

217 1240 278 1259 cum
291 1232 440 1260 concubina
467 1232 585 1262 coeunti.
609 1231 642 1258 de
663 1231 848 1259 consecuturis
860 1231 997 1263 erudiens,

216 1283 245 1304 et
259 1282 332 1305 metu
353 1277 514 1312 percelleus.
529 1279 564 1304 At
579 1277 686 1312 Moyses
696 1278 758 1312 jure
777 1277 913 1304 bcnedicit
926 1282 999 1311 post—

217 1324 276 1352 haec
288 1333 295 1358 ;
313 1324 377 1359 quia
389 1323 462 1351 solus
475 1323 593 1358 Josepho
606 1328 773 1359 pepercerat,
789 1324 896 1359 quando
909 1331 970 1351 eum
983 1331 998 1350 e

216 1370 307 1397 medio
331 1369 426 1397 tollere
450 1370 549 1397 fratres
570 1369 628 1404 ejus
653 1369 791 1397 volebant.
813 1369 907 1404 Neque
924 1369 996 1396 enim

215 1423 267 1451 par
285 1420 345 1443 erat
389 1419 418 1443 ut
434 1415 587 1443 maledictio
611 1415 719 1450 quidem
743 1415 880 1442 obtineret
903 1420 996 1442 contra

214 1466 383 1496 peccantem,
399 1461 554 1488 benedictio
572 1468 636 1488 vero
654 1468 707 1488 non
721 1461 831 1488 daretur
842 1461 994 1488 emendanti

215 1508 289 1542 quod
305 1507 418 1535 fecerat.

1052 864 1083 891 τὸ
1095 864 1151 901 (68)
1169 864 1206 901 μὴ
1223 865 1312 892 πάντα
1324 867 1420 892 ποιεῖν.

1362 957 1439 983 ΚΕΦ.
1461 956 1521 983 AI".

1095 1001 1169 1037 Στίχ.
1186 1005 1222 1035 ς’.
1235 1001 1318 1036 Ζήτω
1336 1003 1461 1038 Ῥουϐὶμ,
1485 1003 1534 1030 καὶ
1545 1002 1588 1038 μὴ
1602 1002 1786 1030 ἀποθανέτω.

1092 1047 1201 1084 Ἐπειδὴ
1239 1047 1335 1075 Ἰακὼὸ
1365 1048 1543 1085 ἀποθνήσκων
1583 1049 1757 1084 κατηράσατο
1798 1048 1836 1084 τῷ

1057 1093 1168 1129 Ῥουόὶμ
1181 1094 1283 1128 λέγων·
1303 1095 1349 1127 Ὡς
1365 1095 1443 1129 ὕδωρ
1454 1095 1497 1129 μὴ
1512 1094 1645 1130 ὲκζέσῃς.
1668 1095 1696 1122 '0
1712 1096 1834 1132 Μωῦοῆς

1049 1138 1167 1172 εὐλογῶν
1183 1147 1264 1175 φησι·
1280 1139 1363 1173 Ζήτω
1384 1140 1510 1175 Ῥουὸὶμ,
1524 1141 1572 1167 καὶ
1590 1140 1633 1175 μὴ
1648 1140 1829 1168 ἁποθανέτω.

1056 1185 1210 1221 Ἀμφότερα
1221 1186 1320 1218 καλῶς.
1335 1186 1369 1212 Ὅ
1382 1194 1411 1212 τε
1424 1187 1477 1222 γὰρ
1489 1187 1578 1222 πατὴρ
1591 1187 1743 1222 κατήραται
1759 1186 1832 1221 αὐτῷ

1047 1231 1086 1264 ὡς
1101 1233 1134 1267 τῇ
1151 1232 1274 1268 παλλακῇ
1295 1231 1460 1264 συνελθόντι,
1481 1232 1515 1259 τὰ
1539 1231 1602 1268 ἑξῆς
1622 1231 1757 1258 παιδεύων
1786 1233 1832 1258 καὶ

1049 1277 1139 1312 φοὸὦν
1150 1285 1157 1292 ·
1177 1278 1224 1304 καὶ
1234 1278 1353 1313 Μωῦσῆς
1365 1278 1476 1309 δικαίως
1490 1277 1597 1312 εὐλογεῖ
1625 1277 1693 1313 μετὰ
1723 1277 1812 1305 ταῦτα
1822 1285 1830 1292 ’

1048 1323 1140 1358 ἐπειδὴ
1160 1323 1238 1358 μόνος
1252 1323 1378 1358 ἐφείσατο
1395 1323 1441 1350 τοῦ
1461 1323 1567 1359 Ἰωσὴφ,
1594 1323 1638 1350 ὅτε
1650 1323 1755 1350 ἀνελεῖν
1781 1323 1831 1350 αὺ-

1047 1369 1093 1396 τὸν
1110 1369 1251 1396 ἐϐούλοντο
1267 1371 1291 1396 οἱ
1306 1369 1415 1403 ἀδελφοὶ
1425 1369 1517 1396 αὐτοῦ.
1531 1369 1647 1396 ’Δτοπον
1661 1369 1690 1395 δὲ
1699 1367 1733 1404 ἦν
1750 1368 1831 1395 κατά.

1049 1424 1099 1451 ραν
1114 1416 1162 1451 μὲν
1177 1415 1353 1452 προχωρῆσαι
1364 1415 1434 1442 κατὰ
1446 1416 1645 1452 ἡμαρτηκότος,
1661 1414 1786 1449 εὐλογίαν
1802 1414 1831 1441 δι

1050 1462 1088 1497 μὴ
1102 1461 1211 1497 δοθῆναι
1224 1461 1436 1498 κατορθώσαντι.

741 1652 1044 1695 ΩΡΙΓΕΝΟΥΣ
1061 1652 1302 1695 ΕΚΛΟΓΑΙ

814 1742 868 1768 ΕΙΣ
883 1741 1011 1768 ΙΗΣΟΥΝ
1027 1741 1096 1768 TON
1111 1741 1219 1767 NAY‘H.

209 1883 499 1932 ORIGENIS
540 1885 1010 1931 ADNOTATIONES
1048 1887 1109 1930 ΙΝ
1154 1887 1343 1932 JESUM
1384 1887 1597 1932 FILIUM
1636 1877 1827 1935 NAVEQ

817 1980 862 2012 (Ex
876 1981 1025 2006 Bibliotheca
1040 1981 1217 2014 Gallandiaoa.)

1001 2115 1022 2143 C
1362 2113 1438 2140 ΚΕΦ.
1460 2113 1496 2140 Γ⁷.

1035 2159 1109 2194 Στίχ.
1131 2158 1169 2184 ιδ’.
1185 2158 1241 2185 Καὶ
1260 2157 1462 2227 ἀπῐίξὶτὲἑςαιέ
1466 2159 1548 2220 (.115:er
1574 2159 1608 2186 ἐκ
1625 2159 1684 2186 τῶν
1701 2167 1818 2194 σκηνω-

522 2112 600 2140 CAP.
621 2111 665 2139 III.

276 2155 308 2184 ν.
323 2156 367 2185 Η.
386 2156 420 2184 Et
442 2157 572 2192 profectus
593 2163 630 2185 est
653 2157 736 2185 omnis
756 2157 866 2192 populus
883 2159 915 2185 de

465 2193 642 2220 tabernaculis
661 2193 727 2220 suis.

244 2237 269 2265 Id
283 2243 335 2270 est,
352 2243 477 2273 tanquam
495 2246 564 2265 arcte
586 2238 735 2273 plenitudo.
754 2238 811 2265 Non
833 2238 902 2265 enim
917 2245 981 2266 con-

205 2288 287 2312 cretae
315 2290 377 2311 sunt
404 2293 506 2319 aqum,-
533 2285 578 2312 sed
612 2289 737 2319 tanquam
770 2291 896 2311 acervqu
926 2284 983 2311 l'ru-

1069 2239 1222 2270 Τουτὲστιν,
1234 2238 1271 2270 ὡς
1284 2237 1341 2265 at.»
1357 2239 1495 2275 πλήρωσις
1512 2239 1577 2275 (69).
1604 2240 1640 2266 Οὐ
1657 2240 1711 2276 γὰρ
1738 2241 1818 2276 μόνον

1033 2284 1179 2319 ἐπήγνυτο,
1199 2283 1236 2315 ὡς
1249 2286 1277 2311 ὲν
1291 2286 1324 2320 τῇ
1347 2285 1473 2321 Ἐρυθρᾷ,
1494 2286 1550 2312 ἀλλ’
1565 2285 1602 2318 ὡς
1619 2285 1713 2322 θημὼν
1729 2287 1817 2329 πυροῦ

204 2330 288 2356 :nenti
304 2336 469 2358 coacervatae
486 2335 561 2358 sunt.
579 2329 605 2356 lvn
629 2335 719 2365 typum
735 2337 832 2364 nempe
847 2329 983 2365 apostolo-

1054 2329 1190 2368 σωρεύετο.
1208 2330 1254 2362 El;
1267 2330 1351 2357 τύπον
1367 2331 1421 2358 τῶν
1436 2331 1590 2358 ἀποστόλων
1601 2332 1730 2367 δηλονότι.

205 2382 273 2402 rum.

522 2421 596 2449 CAP.
613 2420 644 2447 Vl
651 2441 658 2447 .

255 2467 312 2495 νγ.
325 2467 368 2500 l5,
379 2467 617 2501 16.Vociferamini
630 2478 639 2493 :
652 2467 761 2493 tradidit
771 2467 839 2494 enim
852 2466 925 2494 vobis

448 2502 576 2528 Dominus
597 2503 735 2529 civitatem.

238 2545 338 2582 thuid
363 2547 548 2575 Jericlmntem
567 2548 734 2575 anathemati
750 2547 846 2581 subjici
864 2545 977 2574 manda-

201 2591 263 2619 vit?
287 2592 403 2620 Primam
429 2593 499 2620 hanc
524 2599 654 2628 ceperunt
678 2594 815 2621 civitatem
837 2597 980 2627 postquam

201 2637 298 2665 ﬂumen
326 2639 543 2666 transmiserunt.
557 2640 792 2673 Quemadmodum
820 2639 901 2674 igitur
915 2645 981 2673 pra:-

236 2683 259 2699 ⁸¹
272 2683 333 2712 Cal.
349 2693 389 2716 ιιι,
407 2685 449 2712 l0.
488 2686 511 2702 “
528 2685 597 2714 Gen.
611 2694 683 2719 ms,
696 2685 727 2714 ι.

234 2726 290 2762 (67)
305 2724 404 2759 Confer
417 2732 623 2762 'l‘lteodoretum.

235 2765 290 2802 (εδ)
308 2766 364 2802 τῷ.

235 2801 290 2834 (69)
308 2802 387 2828 Ἀλω
396 2801 556 2836 πλήρωσις.
580 2802 625 2830 Sic
645 2803 812 2830 correximus
835 2802 915 2829 verba
933 2801 974 2828 ni-

1354 2421 1432 2448 κΕψ.
1454 2422 1498 2454 ς’.

1034 2467 1107 2502 Στίχ.
1125 2470 1165 2499 ιε’,
1185 2469 1231 2499 ις’.
1254 2466 1436 2500 Κεκράξατε²
1461 2466 1614 2500 παρέδωκε
1634 2467 1688 2501 γὰρ
1705 2469 1812 2502 Κύριος·

1302 2501 1372 2536 ὑμῖν
1384 2501 1440 2536 τὴν
1452 2502 1550 2529 πόλιν.

1068 2546 1123 2581 (70)
1137 2547 1212 2573 Διατί
1226 2547 1275 2583 τὴν
1295 2547 1397 2583 Ἰεριχὼ
1414 2547 1661 2583 ἀναθεματισθῆναι
1677 2549 1812 2583 προσέτα-

1032 2592 1077 2626 Ea;
1093 2593 1207 2629 Πρώτην
1219 2594 1320 2629 ταύτην
1341 2591 1412 2620 εἶλον
1430 2593 1507 2620 πόλιν
1538 2594 1606 2629 μετὰ
1635 2595 1665 2621 τὸ
1687 2595 1812 2630 διαϐῆναι

1032 2638 1077 2665 τὸν
1092 2639 1221 2674 ποταμόν.
1240 2639 1344 2675 Ὥσπερ
1356 2640 1444 2666 τοίνυν
1461 2639 1626 2675 προσέταξεν
1638 2640 1736 2673 αὐτοὺς
1757 2640 1812 2666 τῶν

1027 2719 1074 2758 bili
1082 2730 1138 2764 ᾲλω
1149 2729 1221 2764 πλήρ
1229 2731 1266 2764 σῖ,
1279 2730 1357 2759 Εοιτ.
1372 2731 1493 2760 ΡΑτιιοιη

1065 2760 1125 2806 ’(70)
1145 2760 1301 2806 Ρτξέὲςιιίιηι
1316 2766 1365 2801 τὴν
1382 2767 1518 2802 μέντοι....
1542 2768 1707 2806 γέμουσανη
1720 2772 1750 2795 ut
1781 2767 1809 2795 in

1030 2801 1093 2828 edit.
1108 2808 1167 2835 pag.
1181 2800 1245 2828 395.
