1918 3069
70 101 102 129 37
709 96 835 125 ADNOT.
855 95 887 123 IN
906 95 1059 124 JUDICES.
1660 93 1695 120 38

71 158 182 195 καρπῶν
197 159 372 195 προσφέρειν
381 158 431 190 τὰς
443 157 578 194 ἀπαρχὰς,
591 156 677 189 οὕτως
691 157 815 183 ἐκέλευσε
828 156 863 182 τὰ

932 159 1022 189 eperat
1037 174 1045 187 ,
1063 158 1092 181 ut
1106 153 1156 189 ipsi
1183 153 1318 181 fructuum
1341 152 1470 180 oﬂerrent
1484 151 1617 187 primitias
1628 172 1637 184 ,
1657 152 1694 179 ita

70 197 122 230 ’ἶῶν
136 203 243 230 σκύλων
261 205 459 239 προσενεγκεῖν
471 203 621 239 ἀκροθίνια.
635 203 706 239 Πρὸς
717 203 745 229 δὲ
762 202 865 234 τούτοις

72 250 117 276 καί
130 248 269 284 γυμνάζει
288 250 390 282 αὐτοὺς
417 249 459 276 διὰ
476 249 577 276 τούτων
603 248 657 275 τῶν
678 249 777 284 νόμων,
796 249 865 275 ὥστε

73 296 132 327 τοὺς
143 296 317 330 ἀναγκαίους
333 297 430 332 νόμους
443 298 545 332 τηρεῖν.
571 296 625 331 Τὴν
644 296 745 323 οἰκείαν
768 296 796 322 δὲ
816 297 865 323 αὐ-

73 345 125 374 τοῖς
144 343 308 374 ἐπιδεικνὺς
335 343 467 378 δύναμιν,
497 343 545 378 τὴν
567 342 678 378 πρώτην
709 343 784 369 πόλιν
807 343 866 377 δίχα

73 389 155 416 ὅπλων
175 390 223 415 καὶ
250 389 460 425 μηχανημάτων
489 389 557 416 ἑλεῖν
584 389 790 424 παρεσκεύασε,
821 389 866 415 καὶ

74 434 137 479 μςόνῃ
151 434 293 460 κατέλυσε
314 436 347 470 τῇ
363 435 416 460 τῶν
430 435 585 469 σαλπίγγων
599 435 651 469 ἠχῇ
665 443 671 449 ·
689 435 721 461 ἵν’
740 434 801 461 ὅταν
818 435 866 470 ἡτ-

71 481 169 515 τηθῶσι
186 482 444 517 παραταττόμενοι,
458 481 569 516 γνῶσιν,
580 482 618 512 ὡς
633 481 710 507 αὐτοὶ
732 482 866 516 παρέσχον

71 526 119 562 τῆς
131 526 218 562 ἥττης
233 527 290 559 τὰς
305 527 441 564 ἀφορμὰς,
454 527 508 554 τῶν
528 528 606 554 θείων
622 527 711 563 νόμων
733 535 867 563 καταφρο·

72 574 211 608 νήσαντες.

403 620 480 646 ΚΕΦ.
499 620 540 645 ιιι.

77 665 129 700 (Ἠ)
143 665 219 701 Στίχ.
241 665 276 700 β’.
289 666 345 692 Καὶ
357 666 415 709 thr
424 666 647 706 προνομὴν-τῶν
671 666 790 700 κτηνῶν
801 673 868 700 προ-

309 709 468 736 νομευσεις
478 710 603 734 σεαυτῳ.

113 745 223 782 Ἐπειδὴ
236 746 293 773 οὐκ
310 747 363 774 ἔδει
379 747 416 779 ὡς
433 748 462 775 ὲν
477 749 509 783 τῇ
528 748 632 784 Ίεριχὼ
645 748 679 774 τὰ
696 748 784 775 πάντα
803 749 868 775 ἁνα-

74 793 191 828 τεθῆναι.

75 838 127 874 (72)
137 839 212 874 Στίχ.
223 842 288 872 κςν.
303 839 360 866 Kal
367 838 513 871 ἐξέτεινεν
522 840 539 866 ὁ
556 838 668 873 Ἰησοῦς
681 839 735 867 τὸν
747 840 865 874 Tumor,
882 832 905 862 Β

310 875 359 902 καί
374 874 432 908 τὴν
447 874 530 908 χεῖρα
545 875 648 901 αὐτοῦ.

109 920 209 956 Ἔμενε
225 921 287 957 γὰρ
313 921 415 956 Ἰησοῦς
429 921 610 957 ὲκτεταμὲνην
625 921 695 956 ἔχων
707 921 756 957 τὴν
779 923 866 958 χεῖρα’

77 966 127 998 ἵνα,
154 965 326 1001 θεασάμενοι
354 967 379 993 οἱ
405 967 453 1001 τῆς
471 966 591 1002 ἐνέδρας,
610 966 868 1002 προηταλάὸωνται

78 1011 123 1048 τὴν
139 1012 228 1040 πόλιν.

913 201 994 236 jussit
1019 206 1049 229 ut
1066 200 1215 235 spoliorum
1230 200 1357 227 oll‘errent
1366 199 1511 234 principia.
1535 198 1670 225 Praeterea
1686 218 1693 230 .

916 247 996 274 etiam
1011 250 1120 273 exercet
1131 253 1177 271 eos
1194 252 1240 279 per
1257 245 1305 272 has
1321 244 1392 279 leges
1406 265 1414 277 ,
1433 249 1462 271 ut
1482 245 1554 279 leges
1569 251 1691 270 necessa-

917 293 971 319 rias
986 292 1138 319 observent.
1161 291 1243 318 Suam
1265 296 1352 318 autem
1373 291 1426 317 illis
1446 291 1592 317 ostendens
1606 290 1692 316 virtu-

917 343 982 369 tcm,
1003 337 1118 372 primum
1134 337 1260 371 oppidum
1285 337 1344 363 sine
1359 336 1441 363 armis
1459 327 1486 363 et
1509 335 1644 362 machinis
1667 337 1696 360 ut

917 386 1043 415 caperent
1065 381 1155 408 effecit
1167 401 1175 413 ,
1191 381 1302 415 soloque
1317 381 1437 407 dissolvit
1456 381 1579 407 tubarum
1595 380 1694 406 sonitu.

917 427 953 454 Ut
966 428 987 454 si
1004 427 1111 461 quando
1131 427 1156 453 in
1174 427 1232 454 acie
1245 426 1325 460 positi
1348 426 1531 457 vincerentur,
1550 425 1651 452 scirent
1667 432 1696 452 se

918 473 1065 508 praebuisse
1080 472 1165 500 cladis
1182 479 1237 499 suae
1253 478 1360 504 causas,
1374 471 1477 498 divinas
1492 471 1566 506 leges
1577 475 1696 498 contem-

918 518 1020 546 nendo.

1225 617 1300 645 CAP.
1318 616 1383 644 Vlll.

995 663 1027 690 ν.
1039 664 1066 690 2.
1083 663 1115 690 Et
1129 663 1430 724 praedamjubm'entorum
1447 661 1605 696 pradaberie

1267 704 1285 724 ll
1304 706 1323 724 ι.

1267 704 1323 724 1101.

953 743 1020 777 Quia
1038 752 1090 770 non
1106 744 1265 778 oportebat.
1280 744 1351 770 sicut
1369 743 1394 770 in
1411 742 1522 770 Iericho
1535 762 1542 776 ,
1565 746 1593 770 ul
1608 743 1698 770 omnia

919 790 1088 817 anathemati
1106 789 1316 822 subjicerentnr.

970 834 1000 863 γ.
1013 834 1056 862 26.
1075 834 1108 861 Et
1122 835 1236 861 extendit
1256 834 1333 861 Jews
1352 839 1472 866 centum,
1487 838 1510 860 et
1530 841 1636 860 manum

1251 877 1336 896 suam.

953 924 1032 953 Jesus
1053 925 1126 953 enim
1152 930 1292 953 extensam
1317 924 1432 952 habebat
1446 931 1574 957 manum,
1602 927 1631 950 ut
1655 923 1697 950 in-

919 973 1024 997 tuentes
1046 969 1091 1004 qui
1108 969 1135 996 in
1155 969 1262 997 insidiis
1275 970 1396 997 latebant
1409 991 1416 1003 ,
1439 969 1616 1004 praeciperent
1631 969 1700 995 citi-

920 1018 1014 1042 tatem.

628 1156 931 1199 ΩΡΙΓΕΝΟΥΣ.
950 1156 1194 1200 ΕΚΛΟΓΑΙ

736 1247 790 1273 ΕΙΣ
804 1246 892 1274 ΤΟΥΣ
909 1247 1047 1274 ΚΡΙΤΑΣ.

292 1388 584 1434 ORIGENIS
618 1388 1086 1435 ADNOTATIONES
1123 1390 1186 1434 IN
1223 1390 1487 1436 JUDICES.

694 1486 740 1515 (Ex
755 1485 907 1511 Bibliotheca
919 1486 1097 1519 Gallandiana.)

406 1613 485 1640 ΚΕΦ.
506 1614 556 1640 1Ε¹.

87 1657 141 1692 (75)
150 1658 227 1693 Στίχ.
247 1657 291 1684 ιθ”.
307 1657 369 1694 Καὶν
379 1657 504 1694 ἕρῤῃξεν
519 1660 535 1685 ὁ
548 1660 619 1692 Θεὸς
629 1658 662 1686 τὸ
674 1659 787 1694 τραῦμα
796 1659 828 1686 τὸ
840 1660 873 1686 ὲν

170 1693 306 1728 σιαγόνι,
321 1693 372 1719 καὶ
391 1692 520 1726 ἐξῆλθεν
538 1694 572 1726 ἐξ
585 1693 677 1721 αὐτοῦ
688 1692 784 1729 dido—ap.

125 1740 196 1767 Ἀντί
209 1740 272 1766 τοῦ·
286 1740 405 1775 Ἔῤῥηξε
418 1742 451 1776 τῇ
467 1740 557 1777 πληγῇ
565 1741 614 1777 τῆς
622 1741 744 1776 σιαγόνος
752 1742 800 1779 τὴν
811 1742 873 1778 γῆν,

89 1787 132 1814 καὶ
146 1786 262 1822 ἐξῆλθεν
279 1786 375 1816 ὕδατα.

416 1833 494 1860 ΚΕΦ.
508 1834 551 1862 κ’.

149 1869 210 1912 (74)
224 1877 300 1913 Στίχ.
314 1881 367 1904 κα’.
379 1879 434 1905 Kal
446 1878 577 1912 ἐξῆλθον
590 1880 648 1906 υἱοὶ
662 1882 812 1915 Βενιαμίν.

121 1924 202 1955 Τίνος
228 1924 321 1951 ἕνεκεν
342 1924 473 1960 ἡττῶνται
489 1925 599 1957 δικαίως
620 1925 822 1959 ὲπεξελθόντεςς
841 1927 876 1952 Ἦ

90 1967 210 2005 δηλονότι
220 1969 264 1996 διὰ
274 1969 460 2005 προλαϐούσας
469 1971 565 2002 αἰτίας.
579 1971 634 1998 Καὶ
645 1972 659 1997 ὁ
669 1971 773 2007 ψαλμός
785 1980 875 2006 φησιν·

92 2014 180 2042 Ὅταν
204 2015 286 2042 λάϐω
307 2016 420 2049 καιρὸν,
440 2016 496 2051 ἐγὼ
517 2017 680 2051 εὐθύτητας
698 2017 796 2051 κρινῶ.
811 2015 877 2044 Εἶτα

1220 1615 1296 1643 CAP.
1315 1615 1373 1643 XV.

925 1660 957 1687 V.
973 1660 1016 1688 19.
1031 1659 1065 1688 Et
1080 1661 1180 1696 eﬂ'regit
1201 1661 1271 1687 Deus
1283 1661 1376 1688 vulnus
1390 1661 1459 1696 quod
1469 1666 1524 1688 erat
1541 1662 1567 1688 in
1578 1661 1700 1694 maxilla,

1158 1701 1181 1723 et
1203 1697 1279 1722 exivit
1294 1704 1326 1722 ea:
1345 1704 1375 1723 eo
1395 1704 1476 1730 aqua.

959 1742 1011 1769 Pro
1037 1749 1069 1769 eo
1094 1747 1124 1768 ut
1142 1742 1235 1774 dicat,
1255 1741 1367 1777 Elii-egit
1390 1742 1565 1777 percussione
1591 1743 1705 1770 maxilla;

927 1793 1038 1821 terram,
1057 1792 1082 1814 et
1097 1789 1221 1815 exierunt
1235 1795 1321 1822 aqme.

1241 1835 1316 1862 CAP.
1333 1834 1390 1861 XX.

1031 1881 1063 1908 V.
1081 1881 1124 1908 2!.
1141 1879 1174 1907 Et
1193 1881 1290 1916 egressi
1303 1885 1364 1908 sunt
1379 1880 1429 1914 ﬁlii
1449 1879 1599 1916 Benjamin.

960 1926 1017 1960 Qua
1032 1927 1064 1954 de
1079 1934 1160 1954 causa
1175 1927 1330 1958 vincuntur,
1347 1935 1407 1954 cum
1427 1927 1487 1961 jure
1504 1927 1605 1962 egressi
1627 1927 1679 1953 sint
1694 1926 1706 1953 ἲ

927 1971 1041 1999 Omnino
1063 1977 1172 2007 propter
1190 1973 1373 2006 praecedentes
1397 1972 1500 2006 culpas.
1523 1972 1555 1999 Et
1582 1971 1705 1999 Psalmus

927 2018 992 2045 dicit
1009 2027 1015 2045 :
1031 2018 1096 2045 Cum
1116 2026 1240 2050 accepero
1266 2019 1447 2050 occasionem,
1467 2026 1513 2053 ego
1536 2018 1706 2044 rectitudine:

93 2061 160 2095 μετὰ
175 2060 207 2087 τὸ
222 2061 373 2096 ἡττηθῆναι
386 2063 432 2088 καὶ
449 2062 512 2097 μίαν
527 2063 573 2089 καὶ
592 2063 730 2098 δευτέραν,
749 2062 872 2098 μετῆλθεν

932 2063 1050 2092 iudicabo
1066 2063 1099 2091 ³⁸.
1118 2065 1217 2091 Deinde
1235 2069 1296 2098 post
1311 2063 1415 2091 cladem
1432 2071 1525 2090 eorum
1548 2068 1574 2090 et
1589 2064 1704 2098 primam

92 2107 187 2143 ἡόργὴ
196 2108 242 2133 ἐπὶ
256 2108 319 2139 τοὺς
326 2107 498 2143 ἠδικηκότας,
508 2108 603 2135 νικῶσι
611 2108 717 2135 δικαίαν
724 2108 801 2144 δίκην
809 2108 876 2143 (75).

93 2152 236 2188 Θαυμάσαι
249 2153 278 2179 δὲ
294 2153 368 2185 ἄξιον
383 2153 412 2179 τὺ
434 2153 534 2188 πλῆθος
557 2153 609 2180 τῶν
631 2153 812 2189 Ἰσραηλιτῶν,
827 2154 876 2184 ὅτι,

92 2199 203 2230 δικαίως
217 2200 274 2230 τοῖς
281 2199 453 2234 Βενιαμίταις
469 2199 636 2231 ἐπελθόντες,
648 2200 695 2226 καὶ
708 2199 876 2235 ἡττηθέντες,

93 2244 141 2270 οὐκ
160 2244 303 2276 ὲνενόησάν
319 2252 345 2270 τι
363 2244 478 2280 πονηρὸν
491 2245 561 2271 κατὰ
576 2244 621 2271 τοῦ
635 2244 714 2276 Θεοῦ,
728 2244 794 2271 ἀλλὰ
813 2245 879 2279 μᾶλ-

928 2114 955 2136 et
969 2109 1127 2140 secundam,
1145 2110 1251 2136 transiit
1266 2110 1304 2136 ira
1318 2110 1344 2136 in
1367 2116 1414 2136 eos
1427 2109 1474 2144 qui
1492 2109 1628 2140 laeserant,
1644 2110 1705 2134 vin-

928 2160 1044 2188 cuntque
1067 2154 1167 2188 justam
1192 2155 1346 2182 victoriam.
1371 2155 1464 2182 Mirari
1488 2159 1576 2181 autem
1601 2161 1649 2188 par
1665 2159 1707 2181 est

928 2201 1111 2228 lsmelitarum
1124 2200 1333 2232 multitudinem.
1343 2201 1406 2235 quia
1417 2200 1488 2234 juste
1501 2201 1632 2227 adversus
1642 2200 1709 2226 Ben-

927 2246 1067 2280 jaminitas
1081 2246 1179 2273 bellum
1203 2246 1381 2280 suscipientes
1402 2251 1430 2274 et
1450 2246 1512 2273 victi
1528 2266 1535 2278 ,
1550 2246 1615 2272 nihil
1628 2246 1707 2280 quid-

93 2288 138 2315 λον
151 2289 212 2315 οὐδὲ
231 2288 384 2315 ἐπαύσαντο
400 2288 599 2324 προκλαίοντες,
614 2288 665 2320 ἕως
676 2288 718 2314 ὅτε
729 2288 807 2323 δίκην
817 2288 872 2314 ἕλα-

932 2299 1011 2326 quam
1033 2291 1094 2318 mali
1112 2291 1241 2318 adversus
1259 2290 1344 2318 Deum
1358 2291 1563 2326 cogitaverunt,
1579 2290 1642 2324 quin
1660 2298 1707 2324 po-

95 2333 140 2362 ὕον
153 2334 225 2361 κατὰ
239 2334 292 2360 τῶν
305 2334 484 2369 ἠδικηκότων.

130 2427 167 2452 Οὐ
177 2424 480 2461 καταμεμφόμενοι’τοῠ
496 2423 562 2451 Θεοῦ
571 2422 656 2451 εἷπον·
679 2423 757 2450 Ἀλλὰ
773 2423 879 2459 ἀπόχρη

97 2472 182 2498 τοῦτο.
200 2471 307 2506 Τρόπον
322 2471 415 2506 μαθεῖν
430 2471 558 2498 ἱκέτευον.
571 2470 617 2497 Τόι
635 2470 774 2504 Βενιαμὶν
787 2470 881 2502 λύκος

99 2516 204 2550 ἅρπαξ·
220 2517 297 2551 πρωῒ
308 2516 415 2549 ἔδεται,
434 2517 482 2543 καὶ
495 2517 527 2543 τὸ
541 2516 565 2542 ἐ.
591 2515 646 2551 (76)
667 2513 803 2541 διαδώσε(
821 2523 883 2548 τρο-

99 2562 168 2596 φὴν,
184 2563 300 2590 ἐνταῦθα
315 2562 473 2598 πληροῦται.
490 2563 544 2589 Καὶ
554 2561 606 2596 γὰρ
617 2562 746 2598 πρότερον
755 2561 878 2596 νικήσας,

101 2609 208 2644 ἔσχατον
224 2609 321 2645 βρῶμα
334 2609 381 2635 τοῦ
395 2608 458 2635 λαοῦ
475 2609 580 2643 γέγονε.

133 2667 155 2682 ³⁸
166 2666 237 2694 Psal.
254 2674 348 2699 unv,
364 2666 390 2693 5.
430 2665 453 2681 ³⁸
470 2664 538 2694 Gen.
553 2672 626 2698 xux,
643 2663 688 2691 27.

88 2724 95 2733 ⁷
134 2723 188 2759 (71)
200 2723 270 2751 Cod.
291 2723 354 2756 554,
365 2731 427 2759 pag.
442 2722 507 2753 249.

135 2759 179 2789 (72
211 2759 279 2786 Cod.
302 2766 347 2785 xv.

135 2760 190 2828 (75;
204 2794 272 2821 Cod.
294 2793 346 2821 554

108 2815 113 2818 .
135 2793 189 2827 (75)
204 2794 272 2821 Cod.
294 2793 355 2821 554.

137 2830 190 2865 (74)
211 2830 277 2857 Cod.
293 2835 351 2865 xv.‘

930 2337 983 2364 tius
997 2336 1062 2364 ﬂere
1077 2344 1130 2364 non
1146 2341 1300 2370 cessarunt,
1315 2336 1403 2363 donec
1414 2343 1509 2371 pmnas
1522 2336 1555 2362 de
1567 2335 1708 2362 otl'ensori-

930 2380 981 2408 bus
995 2385 1182 2416 sumpserunt.

967 2425 1139 2460 Nequaquam
1154 2426 1186 2453 de
1200 2425 1254 2453 Deo
1263 2430 1420 2460 querentes,
1434 2425 1527 2452 dixere
1542 2431 1550 2450 :
1563 2425 1596 2450 At
1613 2423 1708 2450 snliicit

932 2472 993 2499 hoc.
1018 2471 1124 2498 Modum
1141 2473 1245 2498 discere
1267 2472 1400 2505 supplices
1415 2471 1595 2505 postulabant.
1620 2469 1706 2496 Illud:

931 2513 1071 2548 Benjamin
1092 2514 1168 2549 lupus
1190 2522 1274 2548 rapam
1288 2523 1298 2542 :
1312 2523 1387 2542 mane
1403 2514 1536 2547 comedet,
1561 2519 1584 2540 et
1607 2521 1708 2547 vespere

932 2560 1069 2588 distribuet
1094 2569 1181 2588 escam
1202 2561 1234 2594 “,
1251 2562 1295 2589 hic
1318 2561 1454 2595 impletur.
1469 2559 1548 2589 Prius
1560 2560 1631 2587 enim
1649 2559 1708 2586 vin-

932 2613 1006 2641 cens,
1023 2614 1160 2642 postremo
1175 2615 1236 2636 esca
1250 2608 1341 2643 populi
1357 2607 1417 2635 fuit.

968 2719 1024 2754 (75)
1042 2717 1178 2746 Hactenus
1190 2721 1217 2744 et
1229 2716 1256 2756 in
1271 2715 1336 2756 edit.
1361 2714 1426 2749 Quae
1450 2716 1599 2747 sequuntur
1626 2711 1709 2739 etiam

933 2755 1052 2788 reliquos
1071 2760 1164 2788 versus
1183 2755 1338 2788 respiciunt.

970 2786 1025 2825 (7'6)
1037 2788 1118 2817 Forte
1133 2786 1260 2824 ἑσπέρας.
