1918 3069
189 91 224 118 15
628 92 910 122 SUPPLEMENTUM
927 94 973 121 AD
991 93 1156 122 ORIGENIS
1176 93 1383 122 EXEGETICA.
1778 94 1814 121 Η

190 149 394 184 comparatione
413 149 482 178 ﬁlios
498 150 593 178 Israel.
612 150 653 178 llli
666 159 783 187 namque
796 159 859 179 cum
875 152 967 179 iterum

1025 152 1187 187 κατέκριναν
1198 152 1230 179 ὲκ
1243 151 1420 187 παραθέσεως
1428 150 1490 182 τοὺς
1503 150 1577 182 υἱοὺς
1596 149 1713 186 Ἰσραήλ.
1721 151 1752 177 Ol
1765 151 1817 186 μὲν

192 195 283 230 Dagon
301 196 460 228 corruisset,
482 202 615 231 caputque
629 197 702 225 illius
721 202 749 225 et
763 199 860 233 pedum
878 205 976 225 manu-

191 249 291 276 umque
303 242 493 269 extremitates
507 242 606 270 excisa:
619 247 723 276 essent,
737 248 764 271 et
785 244 812 271 in
825 243 919 271 limine
931 243 976 278 ja-

190 293 304 320 cerent;
321 294 406 322 usque
423 287 492 315 adeo
511 295 565 315 non
582 293 771 323 temperarunt
785 296 801 316 a
812 289 908 317 notitia
921 289 976 316 cla-

189 333 242 366 dis,
262 341 342 368 quam
368 331 435 360 detis
450 333 570 368 ipsorum
588 334 721 362 contritus
733 335 836 368 retulit,
850 339 927 362 utex
943 341 977 362 eo

190 384 311 414 tempore
324 386 377 406 non
400 379 517 413 amplius
532 379 620 407 limini
642 380 807 413 insisterent,
827 380 850 408 si
868 381 976 416 quando

188 433 249 452 cum
271 425 409 454 adoraturi
434 426 667 461 ingrediebantur,
681 431 824 462 propterea
849 427 922 462 quod
939 427 975 455 ibi

188 471 259 499 illius
265 472 688 508 membrajacuerunt,dequibus
694 472 974 501 commemoravimus.

187 519 222 545 At
244 518 324 546 Israel
345 519 476 547 invictum
500 519 603 547 habens
630 520 724 553 Deum,
739 520 780 548 sic
800 520 884 555 impie
908 521 973 555 egit.

502 586 580 614 CAP.
595 586 654 613 XV.

187 631 220 659 ν.
250 632 294 659 10.
323 632 356 659 Ει
381 632 433 666 fuit
464 634 572 693 vet-bula:
605 632 712 660 Domini
739 634 774 661 ad
803 633 973 668 Samuelem,

550 675 640 693 188118:

550 675 619 695 166118
631 675 640 694 .'

234 712 266 740 V.
281 713 324 740 ll.
342 707 529 745 Pwnituit'me,
546 714 616 747 quod
631 713 696 740 anxi
713 711 779 740 Saul
792 713 819 739 in
831 721 928 749 regem.

222 791 452 826 Quemadmodum
466 791 606 818 hollllllum
621 798 729 824 manus,
745 795 773 819 et
785 799 842 826 pes,
864 797 892 820 et
908 800 971 821 ocu-

1028 197 1092 233 γὰρ,
1109 197 1234 233 δεύτερον
1243 197 1290 223 τοῦ
1302 197 1396 231 Δαγὼν
1410 197 1594 229 πεπτωκότος,
1610 197 1657 223 καὶ
1670 195 1719 231 τῆς
1729 205 1816 232 κεφα-

1027 242 1086 278 λῆς,
1100 243 1147 269 καὶ
1162 242 1216 269 τῶν
1232 242 1322 269 ποδῶν
1335 241 1383 268 καὶ
1396 242 1496 278 χειρῶν
1516 241 1571 269 τῶν
1586 241 1679 277 ἄκρων
1694 242 1818 278 ἀποτμη-

1027 287 1138 322 θέντῳν,
1166 288 1214 314 καὶ
1241 289 1271 315 ὲν
1289 288 1329 323 τῷ
1353 287 1424 323 οὺδῷ
1441 288 1586 324 κειμένων,
1605 287 1732 314 τοσοῦτον
1746 287 1816 314 ἀπέ-

1027 343 1123 369 σχοντο
1137 334 1185 361 τοῦ
1197 334 1258 370 (μὴ)
1275 333 1377 369 γνῶναι
1390 333 1440 369 τὴν
1451 330 1546 369 ἦτταν,
1567 333 1601 369 ἢν
1616 334 1632 360 6
1650 333 1711 365 θεὸς
1724 333 1818 361 αὐτῶν

1026 380 1129 416 ἡττήθη
1153 379 1316 416 συντριϐεὶς,
1340 378 1448 412 ὥστ’ὲξ
1470 379 1574 405 ἐκείνου
1599 377 1713 414 μηδέπω
1733 377 1814 404 οὐδοῦ

1026 425 1186 457 ἐπιϐαίνειν,
1201 425 1284 461 ἡνίκα
1296 425 1329 452 ἂν
1343 425 1442 452 είσίασι
1459 426 1621 461 προσκυνεῖν
1632 423 1706 460 αὐτῷ
1716 443 1725 457 ,
1738 424 1780 458 ἐφ’
1793 420 1817 458 ᾦ

1026 471 1130 498 ἔκειντο
1137 471 1218 498 αὐτοῦ
1232 471 1266 498 τὰ
1283 471 1364 507 μέρη,
1375 468 1413 499 ὧν
1423 470 1676 507 ἐμνημονεύσαμεν.
1695 470 1724 497 '0
1737 470 1768 497 δέ
1782 478 1816 505 γε

1033 517 1150 554 Ἰσραὴλ,
1161 518 1294 553 ἀήττητον
1306 517 1376 553 ἔχων
1385 517 1430 545 τὸν
1443 517 1520 550 Θεὸν,
1535 517 1621 549 οὕτως
1632 516 1735 552 ἠσέϐει.

1341 585 1419 612 ΚΕΦ.
1439 585 1490 612 1Ε’.
1818 604 1822 608 ι

1026 631 1100 666 Στίχ.
1115 634 1140 658 t'.
1149 631 1203 658 Kal
1218 629 1345 666 ἐγενήθη
1353 631 1562 701 ρἇέιςῶυρίου
1576 631 1651 665 πρὸς
1659 631 1813 667 Σαμουὴλ,

1025 712 1099 748 Στίχ.
1119 715 1162 739 ια’.
1174 711 1499 780 Μεταμεμὲὶέηὲἔὲ
1507 711 1615 747 ἕχρισα
1636 712 1688 739 τὸν
1713 713 1814 741 Σαοὺλ

1061 792 1128 829 (82‘)
1139 793 1243 829 Ὥσπερ
1251 793 1299 820 ἀνθ
1303 792 1402 829 ρώπων
1411 793 1460 829 μὲν
1468 793 1528 829 χεὶρ
1536 794 1582 820 καὶ
1589 793 1657 826 ποῦς
1665 794 1711 821 καὶ
1718 794 1814 829 ὀφθαλ-

187 837 239 869 Ius,
253 841 280 864 ei
295 837 377 869 auris,
395 836 456 864 etsi
476 838 540 869 quid
568 836 720 871 huiusmodi
745 837 910 871 nominatur,
935 839 967 867 si-

1025 839 1075 874 μὸς
1084 839 1131 866 καὶ
1138 837 1195 871 οῦς,
1204 839 1251 866 καὶ
1259 839 1286 866 εῐ
1294 848 1320 866 τι
1336 839 1456 866 τοιοῦτον
1471 840 1644 876 ὀνομάζεται,
1656 849 1690 876 ση
1694 842 1814 876 μαντικὰ

186 881 341 916 gniﬁcativa
360 885 423 909 sunt
449 881 634 908 membrorum
666 882 752 910 nostri
776 883 920 918 corporis;
944 884 971 911 in

187 929 242 956 Deo
255 933 355 960 autem,
369 935 466 956 manus
482 928 739 957 innuitcreatricem
753 929 893 962 virtutem,
908 937 972 958 ocu-

185 974 226 1002 lus
239 975 292 1001 vim
307 975 397 1002 omnia
414 975 590 1009 inspiciendi;
611 975 685 1003 auris
698 975 849 1010 potentiam
861 976 971 1004 univer-

185 1029 213 1049 sa
228 1021 368 1054 audiendi,
396 1029 443 1056 pcs
469 1029 534 1049 vero
555 1022 630 1049 illius
650 1022 835 1056 praesentiam,
860 1023 971 1057 quando

184 1067 248 1102 quid
266 1072 420 1103 operatur:
438 1068 478 1095 sic
503 1068 543 1095 ira
568 1067 615 1096 Dei
636 1068 738 1096 dicitur
759 1067 890 1102 eruditio,
916 1075 970 1104 qua

184 1114 292 1148 quidam
309 1114 491 1148 castigantur,
505 1121 559 1141 non
576 1113 623 1141 Dei
636 1114 736 1148 passio.
750 1113 915 1141 Pmnitcntia
929 1118 971 1142 est

184 1159 325 1186 translatio
340 1159 437 1187 divina;
451 1159 660 1193 dispensationis
670 1160 704 1186 de
717 1167 745 1186 re
756 1160 789 1187 ad
806 1167 862 1187 rem
877 1160 969 1188 aliam.

183 1205 259 1238 Quod
275 1205 346 1232 enim
364 1212 415 1232 nos
431 1205 587 1239 paenitendo
600 1204 724 1237 facimus,
741 1205 766 1232 id
782 1210 824 1233 est
836 1207 969 1236 evitamus

183 1259 214 1278 ea
231 1258 346 1285 quorum
357 1258 407 1278 nos
417 1251 542 1286 pmnitet.
553 1251 604 1278 alia
616 1258 681 1278 vero
694 1251 805 1279 meliora
816 1257 967 1286 sectamur;

183 1298 209 1324 id
223 1296 270 1324 Dei
286 1296 443 1331 paenitentia
458 1301 580 1324 vocatur.
611 1296 711 1332 thuid
727 1297 819 1324 istuc?
833 1297 967 1331 Quoniam

183 1343 388 1370 accommodate
407 1346 537 1377 quantum
553 1342 610 1370 ﬁeri
625 1347 732 1377 poterat
749 1343 783 1370 ad
805 1351 849 1371 res
872 1351 969 1379 corpo-

189 1396 250 1417 reas
273 1388 417 1423 oportebat
448 1393 478 1415 ut
500 1388 686 1416 hebetioribus
701 1389 847 1424 prophetae,
862 1389 895 1417 de
913 1390 968 1418 Deo

181 1435 371 1470 loquerentur,
392 1439 421 1462 ut
446 1442 488 1462 res
510 1434 583 1462 illius
603 1434 662 1469 capi
677 1440 799 1470 possent.
822 1435 873 1469 Qui
893 1436 966 1464 cnim

181 1486 287 1508 statuas
305 1488 373 1515 quas
394 1480 553 1516 sculpebant
570 1480 612 1508 vel
627 1479 788 1514 fundebant,
811 1481 875 1510 deos
889 1482 965 1510 arbi-
980 1499 1003 1531 ε

185 1526 338 1559 trahantur.
359 1532 404 1553 res
418 1524 564 1559 coeteroqui
583 1525 688 1553 ratione
710 1525 863 1559 destitutas,
889 1527 967 1561 quei-

181 1579 243 1598 num
262 1571 398 1606 cepissent
408 1578 456 1606 per
477 1570 631 1606 spirituales
644 1571 823 1606 cogitationes
837 1576 864 1599 et
874 1572 966 1606 verba,

178 1626 210 1646 ca
236 1626 296 1653 quae
313 1618 346 1646 de
365 1618 420 1646 Deo
435 1617 614 1646 dicerentur?

498 1673 530 1701 Et
541 1675 636 1702 iterum
649 1682 658 1702 :

213 1718 240 1747 Si
260 1719 387 1747 universa
401 1720 527 1754 prmvidit
542 1720 622 1754 Deus,
638 1727 688 1748 nec
710 1721 744 1748 de
761 1721 795 1749 iis
815 1729 875 1757 quae
890 1723 967 1751 novit

178 1766 317 1797 irascitur,
339 1770 386 1793 aut
406 1766 569 1801 paenitentia
597 1766 729 1800 ducitur;
758 1775 813 1795 non
834 1773 877 1796 est
901 1776 966 1804 ergo

176 1812 268 1846 passio
281 1819 342 1847 qua:
357 1812 384 1839 in
402 1811 486 1840 Deum
497 1812 585 1844 cadat,
601 1812 641 1840 ira
654 1812 697 1840 vel
712 1813 873 1848 pteuitentia
888 1823 896 1842 :
918 1815 966 1843 sed

178 1858 225 1884 irae
242 1864 311 1892 opus
327 1862 370 1885 est
386 1857 513 1892 punitio;
538 1858 610 1892 quod
632 1863 660 1885 et
674 1858 708 1885 ad
721 1860 910 1893 paenitentiam
927 1860 966 1888 si-

176 1902 278 1930 militer
296 1902 514 1930 transferendum
531 1911 538 1930 :
557 1909 616 1937 quae
637 1907 679 1930 est
703 1904 844 1931 derelictio
868 1904 965 1939 prioris

175 1946 277 1980 operis,
292 1950 320 1973 et
340 1946 485 1973 translatio
502 1947 530 1973 in
547 1946 627 1973 aliam
643 1947 887 1982 dispensationem.
918 1949 964 1978 Sic

174 1995 203 2018 et
220 1991 253 2018 de
271 1991 360 2026 gladio
381 1991 480 2020 dicitur
495 2001 503 2019 :
525 1991 618 2020 Gladio
638 1999 725 2026 acute,
749 1998 837 2021 macta
849 1994 882 2020 ³⁷.
896 1994 964 2023 Item

174 2044 272 2064 manus
285 2037 374 2065 ferrea
391 2039 549 2066 nominatus
561 2044 603 2066 est
618 2038 746 2067 Salomon
760 2048 767 2068 :
783 2039 819 2067 Ut
832 2041 927 2075 eripiat
939 2047 964 2069 Ie

175 2085 208 2112 de
224 2093 304 2111 manu
319 2085 407 2119 ferrea
430 2090 454 2113 et
470 2085 558 2120 gladio
572 2086 607 2115 ⁸⁸.
631 2086 666 2114 Ut
682 2087 766 2115 David
794 2088 900 2123 inquit:
928 2089 963 2117 1η

173 2138 268 2158 manus
282 2130 366 2165 gladii
381 2132 415 2159 ".
432 2131 534 2160 Eodem
549 2133 629 2161 modo
645 2134 752 2162 animus
769 2134 814 2162 Dei
827 2135 907 2163 irasci
922 2136 964 2164 di-

1022 885 1076 911 τῶν
1088 884 1176 920 μελῶν
1194 885 1241 912 τοῦ
1258 884 1392 921 ἡμετέρου
1403 884 1529 921 σώματός
1541 887 1615 913 ἐστιν
1624 895 1631 902 ·
1644 886 1690 913 ἐπὶ
1701 886 1729 913 δὲ
1743 886 1812 914 Θεοῦ

1022 930 1083 965 χεὶρ
1094 929 1142 965 μὲν
1157 929 1188 956 τὸ
1199 929 1406 966 δημιουργικὸν,
1413 930 1552 966 ὀφθαλμὸς
1563 931 1591 958 δὲ
1602 931 1633 958 τὸ
1649 931 1811 959 ἑποπτικόν·

1022 974 1070 1001 καὶ
1081 972 1128 1006 οὖς
1142 974 1191 1010 μὲν
1199 974 1230 1001 τὺ
1243 974 1415 1006 ἀκουστικὸν,
1425 974 1492 1006 ποῦς
1503 975 1532 1002 δὲ
1546 975 1635 1010 τὸτῆς
1647 976 1811 1011 παρουσίας,

1021 1021 1058 1047 ὅτ’
1071 1020 1104 1046 ἂν
1117 1021 1214 1056 ἐνεργῇ
1236 1028 1263 1046 τι
1280 1028 1288 1035 ·
1309 1019 1380 1046 οὕτω
1397 1021 1444 1047 καὶ
1455 1020 1541 1056 θυμὸς
1557 1021 1607 1056 μὲν
1619 1021 1686 1048 Θεοῦ
1702 1021 1812 1056 λέγεται

1022 1065 1140 1098 παιδεία,
1153 1066 1169 1101 ἡ
1179 1065 1250 1093 κατὰ
1260 1065 1316 1092 τῶν
1330 1066 1476 1099 παιόντων,
1488 1066 1518 1093 οὐ
1530 1066 1616 1099 πάθος
1627 1066 1694 1094 Θεοῦ
1704 1075 1711 1082 ·
1727 1076 1812 1102 μετα-

1022 1112 1116 1148 μέλεια
1134 1112 1162 1138 δὲ
1178 1113 1195 1148 ἡ
1210 1111 1264 1139 ἀπὸ
1286 1112 1448 1148 πράγματος
1472 1114 1513 1145 εἰς
1531 1114 1647 1149 πρᾶγμα
1665 1114 1811 1150 μετάθεσις

1019 1158 1070 1193 τῆς
1091 1157 1139 1184 τοῦ
1151 1157 1219 1184 Θεοῦ
1235 1158 1402 1194 οἰκονομίας.
1425 1159 1457 1185 Ὃ
1474 1158 1528 1194 γὰρ
1542 1159 1623 1194 ἡμεῖς
1639 1160 1810 1195 μεταμελού-

1022 1212 1096 1240 μενοι
1120 1203 1261 1239 ποιοῦμεν,
1275 1203 1414 1230 τουτέστιν
1427 1205 1519 1231 ὲκεῖνα
1536 1204 1585 1239 μὲν
1606 1204 1743 1240 φεύγομεν
1765 1206 1810 1240 ἐφ’

1019 1247 1060 1281 οἷς
1075 1249 1311 1285 μετεμελήθημεν,
1326 1249 1408 1286 ἔτερα
1421 1250 1450 1276 δὲ
1464 1249 1597 1286 διώκομεν
1618 1250 1653 1276 τὰ
1667 1250 1784 1286 κρείττω
1799 1259 1808 1266 ·

1018 1296 1097 1323 τοῦτο
1112 1296 1277 1332 μεταμέλεια
1293 1296 1360 1323 Θεοῦ
1376 1296 1494 1331 λέγεται.
1507 1296 1557 1323 Διὰ
1567 1296 1609 1328 τί;
1634 1296 1742 1332 Ἐπειδὴ
1760 1306 1811 1324 σω-

1020 1341 1206 1378 ματικώτερον
1224 1343 1281 1374 τοῖς
1296 1341 1457 1378 βαρυτάτοις
1473 1342 1523 1378 τὴν
1546 1341 1665 1369 διάνοιαν
1676 1341 1730 1368 ἔδει
1744 1341 1810 1377 περὶ

1017 1388 1066 1415 τοῦ
1082 1388 1149 1415 Θεοῦ
1161 1389 1223 1420 τοὺς
1238 1389 1381 1424 προφήτας
1397 1388 1512 1424 ὁμιλεῖν,
1522 1388 1566 1415 ἵνα
1583 1387 1705 1424 χωρηθῇ·
1720 1388 1745 1414 οί
1753 1388 1809 1424 γὰρ

1018 1434 1162 1470 ἀγάλματα
1167 1434 1239 1470 ἅπερ
1244 1433 1358 1469 ἐγλυφον
1367 1434 1413 1461 καὶ
1420 1433 1551 1469 ὲχώνευον
1559 1433 1636 1466 θεοὺς
1641 1433 1808 1469 νομίζοντες,

1017 1480 1067 1516 ἢδη
1076 1480 1105 1507 δὲ
1116 1481 1163 1508 καὶ
1173 1480 1268 1515 ἄλογα,
1282 1480 1342 1512 πῶς
1357 1479 1389 1507 ἂν
1404 1479 1546 1516 ἐχώρησαν
1556 1479 1600 1506 διὰ
1614 1479 1807 1516 πνευματικῶν

1018 1525 1164 1562 νοημάτων
1180 1525 1268 1552 τεκαὶ
1282 1525 1412 1562 ῥημάτων
1428 1525 1463 1552 τὰ
1476 1525 1542 1561 περὶ
1563 1524 1632 1552 Θεοῦ
1653 1525 1806 1560 λεγόμενα;

1317 1675 1372 1702 Καὶ
1388 1674 1492 1702 πάλιν·

1052 1721 1083 1747 Εἰ
1098 1721 1186 1748 πάντα
1202 1720 1326 1757 προεῖδεν
1342 1721 1357 1747 6
1373 1720 1450 1753 Θεὸς,
1463 1720 1514 1747 οὐκ
1531 1720 1577 1755 ἀφ’
1593 1717 1631 1747 ὧν
1644 1718 1673 1746 δὲ
1687 1716 1742 1746 οἵδε
1757 1719 1805 1747 θυ-

1018 1766 1115 1802 μοῦται
1131 1766 1148 1802 ἢ
1165 1766 1367 1802 μεταμελεῖται·
1385 1766 1415 1793 οὑ
1430 1766 1516 1798 πάθος
1537 1765 1592 1802 ἄρα
1602 1765 1669 1793 θεοῦ
1680 1765 1774 1801 θυμὸς,
1787 1765 1804 1801 ἢ

1018 1812 1193 1848 μεταμέλεια·
1208 1811 1277 1839 ἀλλὰ
1289 1811 1336 1839 τοῦ
1354 1812 1442 1848 θυμοῦ
1453 1812 1533 1848 ἔργον
1548 1814 1564 1848 ἡ
1578 1812 1698 1844 κόλασιςσ
1712 1813 1759 1839 καὶ
1774 1812 1805 1838 τὸ

1015 1859 1064 1894 τῆς
1087 1856 1268 1893 μεταμελείας
1288 1857 1404 1893 ὁμοίως·
1427 1858 1578 1890 ἀπόστασις
1600 1857 1647 1885 τοῦ
1671 1858 1804 1893 προτέρου

1015 1903 1188 1939 πράγματος,
1205 1903 1351 1939 μετάθεσις
1363 1903 1392 1930 δὲ
1404 1904 1444 1936 είς
1461 1903 1511 1939 τὴν
1522 1904 1619 1940 ἑτέραν
1636 1903 1802 1939 οἰκονομίαν.

1015 1949 1093 1976 οὕτω
1106 1949 1153 1976 καὶ¹
1164 1949 1229 1985 περὶ
1243 1948 1379 1985 ῥομφαίας
1393 1948 1511 1983 λέγεται·
1526 1949 1670 1983 Ῥομφαίιι
1682 1948 1804 1980 ὀξύνου-

1014 2002 1066 2027 σα.
1079 1995 1186 2030 σφάζε.
1198 1994 1276 2022 Οὕτω
1284 1995 1330 2021 καὶ
1341 1995 1402 2030 χεὶρ
1409 1994 1566 2030 ὠνόμασται
1577 1994 1686 2030 σιδήρου
1698 1995 1712 2020 6
1723 1993 1802 2020 Σολο-

1016 2042 1095 2077 μῶν⁹·
1111 2043 1173 2069 Ἵνα
1183 2041 1315 2076 ρύσηταί
1325 2049 1363 2068 σε
1373 2041 1408 2068 ἐκ
1420 2040 1518 2075 χειρὸς
1532 2039 1658 2074 σιδήρου
1668 2040 1719 2068 καὶ
1730 2041 1804 2075 ῥομ-

1013 2089 1122 2124 φαίας-ο
1136 2088 1174 2120 ὡς
1197 2089 1212 2115 6
1232 2087 1314 2114 Δαυϊδ
1332 2094 1413 2122 φησιν
1425 2094 1432 2101 ·
1455 2087 1506 2120 Eli;
1526 2085 1628 2120 χεῖρας
1641 2086 1801 2121 ῥομφαίας.

1015 2134 1093 2162 Οὕτω
1107 2134 1154 2161 καὶ
1163 2134 1178 2160 ὁ
1191 2133 1277 2169 θυμὸς
1288 2132 1335 2160 τοῦ
1348 2132 1416 2160 Θεοῦ
1430 2132 1589 2168 ὀργίζεσθαι
1608 2131 1734 2167 λέγεται,
1755 2133 1803 2160 καὶ

174 2177 254 2208 citur,
274 2181 302 2204 et
318 2177 415 2204 facient
435 2178 537 2206 habere
558 2183 680 2213 peccata,
699 2181 847 2208 secundum
865 2181 961 2216 David,

1020 2179 1159 2215 πρόσωπον
1175 2178 1246 2214 ἔχειν
1258 2177 1396 2214 ἁμαρτίας
1409 2177 1479 2205 κατὰ
1487 2177 1533 2204 τὸν
1546 2179 1638 2211 Δαυῖδ,
1655 2180 1703 2206 καὶ
1717 2179 1801 2214 πρόσ-

173 2225 201 2248 et
213 2221 311 2249 faciem
327 2222 367 2249 ira
386 2221 444 2254 Dei,
457 2223 529 2250 sicut
554 2223 580 2250 in
597 2223 702 2257 psalmo
725 2224 864 2253 tricesimo
878 2226 961 2261 septi-

173 2275 219 2295 mo
233 2276 242 2294 :
261 2274 290 2295 et
302 2268 429 2296 manibus
445 2269 573 2304 plaudere
596 2269 718 2297 ﬂumina.
734 2271 790 2299 Nec
809 2276 898 2300 tamen
912 2272 962 2300 ﬂu-

173 2313 246 2340 mina
262 2320 359 2341 manus
372 2313 484 2347 habent,
501 2314 544 2342 vel
558 2314 653 2342 faciem
667 2321 789 2350 peccata.
803 2316 888 2345 Nemo
908 2318 960 2353 igi-

173 2363 218 2386 tur
238 2366 274 2386 cx
303 2359 336 2387 iis
359 2367 419 2394 qua:
441 2361 624 2396 corporaliter
645 2362 679 2389 de
697 2363 751 2390 Deo
772 2363 902 2391 dicuntur
926 2365 961 2392 ad

172 2409 279 2440 captum
298 2411 430 2440 veterum,
448 2406 495 2434 Dci
505 2414 604 2441 corpus
617 2408 728 2443 cogitet,
741 2413 787 2437 aut
807 2409 882 2437 illum
896 2417 959 2445 pas-

171 2451 294 2478 sionibus
306 2455 423 2478 scatere.

205 2495 372 2524 Mutabilitas
385 2497 528 2525 sententia:
544 2498 670 2526 humana:
683 2507 734 2527 non
750 2505 792 2528 est
808 2500 959 2528 attribuen-

170 2540 202 2567 da
220 2541 285 2570 Deo.
298 2540 352 2569 Nos
366 2542 438 2569 enim
452 2543 479 2570 in
495 2544 576 2571 nobis
596 2544 662 2578 ipsis
684 2547 847 2574 mutationes
861 2546 958 2575 divinae

168 2587 391 2621 dispensationis,
407 2595 467 2623 qme
485 2589 564 2617 nobis
586 2590 647 2624 jure
663 2592 834 2627 contingant,
858 2599 957 2626 opera-

169 2639 241 2666 mur,
268 2633 331 2660 dum
351 2631 476 2669 indignos
491 2642 540 2663 nos
563 2636 717 2670 praebemus
741 2643 852 2673 propter
874 2646 955 2674 Opera

169 2679 284 2712 honore,
300 2687 380 2714 quem
398 2680 512 2716 largitur
528 2681 609 2710 Deus.
623 2682 691 2710 Cum
707 2684 792 2719 igitur
811 2685 956 2720 repudias-

194 2746 226 2761 -"
241 2745 340 2774 Ezech.
356 2754 414 2780 ut,
431 2747 457 2775 9.
495 2747 518 2763 ⁵⁸
539 2750 609 2778 Psal.
623 2759 652 2784 ιι,
663 2751 690 2780 9.
738 2750 760 2768 "
772 2750 874 2780 Psalm.
889 2750 1002 2786 an,ll.

206 2825 273 2861 (82')
287 2826 398 2856 Confer.
420 2833 486 2857 tom.
504 2828 559 2864 Xll,
577 2829 628 2858 col.
648 2829 710 2857 991.

1014 2234 1087 2253 ωπον
1103 2226 1117 2252 6
1132 2224 1178 2252 τοῦ
1201 2224 1269 2251 Θεοῦ
1290 2224 1385 2260 θυμὸς,
1399 2225 1436 2256 ὡς
1444 2225 1472 2251 ὲν
1483 2223 1522 2260 τῷ
1533 2225 1687 2261 τριακοστῷ
1697 2225 1802 2261 ἑϐδόμῳ

1013 2270 1121 2306 ψαλμῷ·
1137 2271 1184 2297 καὶ
1193 2270 1287 2306 χερσὶν
1297 2270 1322 2296 οἱ
1335 2270 1454 2306 ποταμοὶ
1466 2271 1582 2306 κροτεῖν.
1597 2270 1665 2298 Οὔτε
1678 2271 1706 2298 δὲ
1719 2280 1802 2298 ποτα-

1016 2317 1076 2352 μοῖς
1094 2316 1183 2352 χεῖρές
1204 2317 1290 2348 εἰσιν,
1313 2315 1378 2343 οὕτε
1401 2315 1546 2352 πρόσωπον
1575 2316 1730 2353 ἁμαρτίαις.
1755 2317 1800 2352 Μὴ

1013 2363 1103 2389 τοίνυν
1126 2371 1170 2395 τις
1191 2362 1226 2389 τὰ
1251 2363 1416 2399 σωματικῶς
1434 2364 1500 2401 περὶ
1516 2363 1584 2391 Θεοῦ
1601 2362 1744 2398 λεγόμενα,
1762 2362 1802 2394 ὠς

1011 2407 1130 2445 ἐχώρουν
1146 2410 1172 2436 οἱ
1192 2409 1311 2442 παλαιοὶ,
1334 2410 1414 2446 σῶμα
1432 2410 1478 2439 τδν
1499 2410 1566 2438 Θεὸν
1588 2408 1758 2445 νομίζωμεν,
1781 2409 1798 2445 ἢ

1010 2454 1105 2482 παθῶν
1116 2454 1198 2482 αὐτὸν
1213 2455 1419 2492 πεπληρῶσθαι.

1047 2501 1084 2528 Οὐ
1099 2501 1130 2528 τὸ
1152 2501 1383 2538 εὐπερίστρεπτον
1403 2502 1453 2537 τῆς
1475 2501 1616 2537 ἀνθρώπου
1635 2500 1747 2536 γνώμης
1761 2500 1800 2536 τῷ

1011 2545 1070 2581 Θεῷ
1086 2547 1266 2582 προσαπτέον.
1286 2547 1380 2583 Ἡμεῖς
1393 2547 1447 2583 γὰρ
1459 2547 1502 2582 ἐφ’
1516 2546 1619 2573 ἑαυτῶν
1635 2547 1685 2578 τὰς
1696 2546 1800 2583 τροπὰς

1010 2592 1060 2628 τῆς
1077 2591 1153 2624 θείας
1168 2592 1334 2629 οἰκονομίας,
1354 2593 1403 2625 τὰς
1416 2593 1458 2627 ἐφ’
1471 2593 1536 2629 ἡμῖν
1552 2592 1663 2631 δικαίως
1684 2593 1786 2628 συμϐαι

1010 2638 1107 2671 νούσας
1114 2638 1336 2674 ἀπεργαζόμεθα,
1344 2639 1467 2672 ἀναξίους
1477 2639 1589 2671 ἑαυτοὺς
1598 2638 1749 2670 δεικνύντες
1756 2638 1800 2665 διὰ

1010 2684 1065 2712 τῶν
1080 2684 1206 2721 πράξεων
1217 2684 1266 2720 τῆς
1289 2684 1366 2721 παρὰ
1377 2684 1424 2711 τοῦ
1446 2684 1514 2712 Θεοῦ
1529 2684 1696 2721 δωρηθείσης
1704 2685 1796 2720 τιμῆς.
