1918 3069
217 132 247 161 5|
661 130 945 159 SUPPLEMENTUM
964 130 1011 158 AD
1028 129 1192 158 ORIGENIS
1210 129 1417 159 EXEGETICA.
1805 133 1843 161 5‘2

188 202 192 206 ι
249 191 367 219 tabimus
375 199 419 219 eos
435 191 548 219 Domino
559 191 587 218 in
602 190 669 218 colle
679 190 757 223 Saul,
769 190 865 218 electos
875 189 989 218 Domino

1088 190 1156 226 τοῦ,
1170 189 1411 226 καὶρξαλάσῇομεγ
1426 190 1482 226 (96)
1497 189 1608 224 αὐτοὺς
1628 190 1670 223 τῷ
1688 191 1785 225 Κυρίῳ
1805 191 1842 219 ἐν·

215 273 247 300 ν.
268 272 296 299 8.
316 272 351 299 Et
367 272 466 305 accepit
486 279 534 298 rem
553 272 620 299 duo:
644 272 714 306 ﬁlios
733 271 837 305 Resp/ta
861 271 926 305 ﬁlia:
951 271 1001 298 Aia

249 307 401 342 concubine:
425 306 529 339 Saulis,
554 315 620 342 quas
637 307 734 341 peperit
764 306 851 342 Sauli,
878 305 1001 342 Ermethi

247 346 274 369 et
293 341 519 375 Memphibosthe;
540 341 565 369 et
582 342 696 376 quinque
722 342 791 376 ﬁlios
816 341 907 368 Merob
935 341 1001 375 ﬁtiw

248 376 325 410 Santi,
335 385 401 412 quos
410 377 507 413 peperit
516 376 622 405 Esdn'el
628 377 684 411 ﬁlio
695 376 810 405 Beraelli
821 376 999 404 Moulathitw.

211 491 244 519 ν.
264 492 291 520 9.
315 492 348 521 Et
367 492 438 520 dedit
460 501 503 520 eos
524 494 553 520 in
578 493 700 520 manibus
725 492 934 520 Gabaonitarum
948 501 958 520 :
973 497 998 520 et

245 528 417 562 placaueruut
427 537 470 556 eos
483 529 512 556 in
528 533 617 556 monte
626 537 716 556 coram
733 528 856 556 Domino.

245 609 276 638 Si
291 610 318 638 in
334 610 394 640 zelo
405 609 489 638 lsrael
500 615 528 638 et
538 609 608 638 Iuda
622 609 687 637 Saul
703 609 870 638 Gabaonitas
884 611 998 645 perdere

209 663 355 691 aggressus
373 662 427 690 est,
436 656 708 692 quibuscuml'oedera
723 656 820 683 inierat
831 655 910 683 Jesus
925 655 997 684 ﬁlius

207 701 294 736 Nave,
319 707 348 729 et
372 702 517 730 universus
542 702 671 737 populus;
689 706 717 729 et
731 706 876 736 propterea
893 705 996 736 septetn

208 747 298 774 Saulis
317 747 389 782 ﬁlios
411 747 591 779 sustulerunt,
616 747 662 782 qui
688 754 703 774 a
723 747 832 774 ﬁliabus
855 746 914 782 ejus
938 746 995 774 nati

207 794 334 821 fuerant:
347 801 395 822 cur
407 794 472 829 ipsae
484 794 572 822 tribus
588 801 640 821 nan
659 799 721 822 sunt
741 794 766 820 in
779 793 869 828 culpa,
887 793 933 821 sed
948 793 994 829 qui

206 840 273 868 nihil
287 840 414 868 laeserant
428 848 524 876 pumas
536 840 696 868 luunt?Hoc
708 839 780 867 enim
791 839 920 875 injustum
940 844 994 868 est.

1087 225 1128 258 τῷ
1135 224 1240 258 ,βουνῷ
1266 225 1366 252 Σαοὺλ
1380 224 1543 259 ἐκλεκτοὺς
1561 226 1669 260 Κυρίῳ.

1052 272 1127 307 Στίχ.
1141 276 1178 307 η’.
1194 272 1248 299 Καὶ
1264 272 1373 299 ἔλαϐεν
1392 273 1409 299 ὀ
1427 272 1578 305 ,ϐασιλεὺς
1596 272 1668 305 τοὺς
1686 271 1740 299 δύο
1756 272 1842 306 υἱοὺς

1092 306 1214 342 Ῥεσᾌιὰ,
1230 307 1375 342 θυγγιτρὸς
1398 307 1456 334 'A't'd
1467 307 1629 341 παλλακῆς
1647 307 1746 334 Σαοὺλ
1762 327 1769 338 ,
1787 307 1840 340 οὓς

1084 343 1168 369 ἔτεκε
1185 342 1226 375 τῷ
1239 342 1355 374 Σαοὺλ,
1371 342 1425 369 τὸν
1452 342 1572 377 Ἐρμωθὶ
1588 343 1637 369 καὶ
1655 342 1708 369 τὸν
1725 344 1840 376 Μεμφι-

1086 377 1188 410 ϐοσθὲ,
1212 377 1346 411 καὶτοὺς
1363 377 1452 404 πέντε
1472 377 1558 411 συίοὺς
1575 377 1630 411 τῆς
1644 377 1742 411 Μερὸϐ
1751 379 1841 411 θυγα-

1083 413 1154 448 τρὸς
1166 413 1284 445 Σαοὺλ,
1303 413 1357 446 οὓς
1376 413 1459 440 ἔτεκε
1476 412 1517 446 τῷ
1535 412 1676 448 Ἑσδριὴλ
1691 412 1745 445 υίῷ
1767 413 1842 446 Βερ-

1083 447 1165 478 ζελλὶ
1183 448 1223 481 τῷ
1236 448 1399 476 Maculam.

1049 495 1124 530 Στίχ.
1138 494 1171 530 θ’.
1184 493 1241 521 Καὶ
1254 494 1365 530 ἔδωκεν
1379 492 1495 530 αὐτοὺς
1503 493 1538 520 ἐν
1548 492 1634 530 χερσὶ
1649 492 1708 530 τῷν
1720 493 1842 530 F9690)-

1082 527 1190 557 τλὶτῶν·
1215 529 1265 556 καὶ
1283 529 1433 561 ἐξίλασαν
1452 528 1507 564 (97)
1529 528 1640 561 αὐτοὺς
1666 528 1702 555 ἐν
1718 527 1758 561 τῷ
1778 527 1840 562 ὄρει

1082 564 1222 592 ἐναντίον
1236 565 1359 599 Κυρίου.

1084 611 1116 638 Εί
1143 611 1173 638 ὲν
1191 611 1230 647 τῷ
1247 610 1320 647 ζήλῳ
1345 610 1391 638 τοῦ
1426 610 1533 646 Ἰσραὴλ
1558 610 1606 637 καὶ
1629 609 1677 636 τοῦ
1705 609 1790 636 Ἰούδα
1823 610 1840 636 ὁ

1048 656 1133 683 Σαοὺλ
1145 657 1208 689 τοὺς
1221 656 1395 688 Γαϐαωνίτας
1402 656 1506 684 ἀνελεῖν
1520 656 1682 692 ἐπεχείρησε
1694 675 1702 688 ,
1724 655 1784 691 μεθ’
1799 652 1839 683 ὧν

1048 701 1185 737 συνθήκας
1198 701 1345 737 ἐποιήσατο
1363 701 1466 737 Ἰησοῦς
1482 703 1496 728 ὁ
1512 701 1559 728 τοῦ
1577 701 1654 736 Ναυῆ
1666 721 1674 733 ,
1691 700 1739 727 καὶ
1755 701 1812 732 πᾶς
1823 700 1839 727 ὁ

1047 748 1127 780 λαὸς,
1143 748 1189 775 καὶ
1206 747 1251 775 διὰ
1263 747 1341 774 τοῦτο
1362 748 1432 774 ἑπτὰ
1444 747 1491 774 τοῦ
1516 747 1600 774 Σαοὺλ
1619 746 1799 784 ἀνῃρέθησαν,
1811 748 1838 774 οε

1046 793 1100 820 ἀπὸ
1111 793 1167 820 τῶν
1178 790 1335 829 θυγατέρων
1346 792 1428 820 αὐτοῦ
1440 792 1631 828 γεγεννημένοι
1639 801 1645 807 ·
1661 792 1732 824 τίνος
1742 791 1838 818 ἕνεκεν

1046 839 1095 875 οὐχ
1107 839 1135 866 αἱ
1149 839 1230 874 φυλαί
1247 839 1316 866 εἰσιν
1331 839 1359 865 ὲν
1374 838 1485 871 αἰτίαις,
1501 838 1558 865 ἀλλ’
1573 839 1598 864 οἱ
1613 838 1695 873 μηδὲν
1710 837 1837 872 ἠδικηκὸ-

205 883 266 913 Nisi
281 886 303 913 si
318 885 379 920 quis
392 870 474 922 dicat,
490 885 599 914 Saulem
623 893 715 920 regem
738 893 791 913 non
814 870 936 920 potuisse
949 886 989 913 ad-

1048 870 1095 918 re;
1107 870 1186 922 δίκην
1196 885 1347 918 δεδώκασις
1360 885 1446 911 Τοῦτο
1465 884 1518 920 γὰρ
1537 870 1729 919 ἄδικονίΠλὴν
1751 870 1835 918 εξνμή

204 931 310 959 versari
325 936 352 959 et
369 931 500 960 lsraelitis
520 936 547 959 et
562 931 643 959 tribui
658 931 738 965 Juda,
754 939 805 959 nec
821 932 926 959 solvere
943 931 994 959 ite-

205 977 269 1004 tlera
283 981 390 1012 patrum
412 985 473 1005 cum
496 977 658 1005 Gabaonitis
680 977 758 1005 inita.
781 977 840 1014 Ego
865 984 930 1005 vero
945 978 994 1005 ad-

206 1024 301 1051 deretn
325 1023 387 1051 istis
402 1027 430 1050 et
449 1024 501 1051 hoc
516 1032 524 1050 :
540 1023 643 1051 Divina:
664 1024 877 1060 dispensationis
894 1023 991 1057 fuisse,

205 1074 235 1096 ιιι
246 1077 330 1104 genus
338 1069 405 1097 Saul
415 1070 572 1097 universum
585 1070 720 1103 interiret,
731 1074 861 1105 quantum
873 1070 992 1104 suspicio

202 1124 264 1144 esse
290 1121 406 1150 poterat,
419 1121 450 1144 ut
466 1116 614 1152 aliquando
636 1118 688 1145 sibi
709 1117 811 1152 regiam
833 1116 990 1152 dignitatem

203 1171 327 1191 asserere
343 1163 489 1197 niteretur,
503 1171 536 1192 ac
550 1171 695 1200 propterea
707 1164 733 1191 in
746 1163 876 1192 Davidem
895 1172 992 1193 exsur-

200 1214 286 1243 geret,
311 1209 423 1245 ejusque
435 1210 545 1238 liberos.
569 1210 634 1238 illud
664 1217 752 1238 vero:
769 1209 924 1238 Imolarunt
945 1220 989 1239 eos

202 1255 357 1283 Gabaonitw
380 1264 471 1282 coram
492 1255 606 1283 Domino
626 1256 654 1283 in
676 1260 774 1289 monte,
802 1256 919 1291 positum
947 1263 990 1286 est

200 1309 260 1335 pro,
275 1301 434 1329 interfectos
447 1309 500 1328 non
514 1301 690 1337 sepelierunt.
700 1302 747 1330 sed
760 1302 883 1330 siverunt
895 1302 989 1338 jacere

201 1348 251 1374 sub
264 1346 362 1376 solem.
377 1346 411 1373 Et
428 1347 551 1375 dissoluti
566 1352 638 1380 sunt,
655 1348 752 1382 inquit,
765 1352 789 1375 et
804 1348 863 1375 tulit
874 1357 918 1376 eos
928 1348 987 1376 Dan

199 1393 272 1426 ﬁlius
290 1392 343 1420 Joa
361 1401 394 1421 ea;
417 1393 555 1428 nepotibus
577 1394 713 1429 gigantum
723 1394 758 1421 ⁸⁸.
774 1394 852 1428 Quod
875 1396 987 1423 omnino

199 1437 346 1472 signiﬁcat,
364 1445 411 1465 eos
429 1439 475 1473 qui
491 1438 539 1466 soli
556 1439 672 1474 expositi
690 1444 770 1467 erant
783 1440 922 1475 accepisse
943 1440 986 1476 gi-

199 1486 318 1517 gantem,
334 1487 363 1510 et
375 1482 522 1512 abstulisse
542 1483 688 1514 dissolutos
701 1484 756 1519 iam
776 1492 792 1514 a
804 1486 887 1514 solari
905 1490 984 1514 testu.

233 1620 315 1648 Ratio
325 1619 536 1650 Gabaonitarum
545 1621 659 1649 obscura
670 1621 768 1649 mansit
781 1632 788 1650 :
801 1622 852 1650 nisi
865 1623 934 1651 forte
945 1623 986 1651 di-

197 1673 303 1699 camus,
312 1667 383 1700 quod
395 1667 503 1702 quando
516 1667 674 1695 manebatin
682 1666 774 1696 Gabee
785 1674 814 1696 ut
827 1669 925 1697 bellum
938 1678 985 1705 ge-

197 1715 282 1745 rcret,
293 1717 320 1739 et
331 1712 357 1738 in
370 1711 459 1746 fugam
472 1712 554 1740 vertit
564 1711 731 1748 alienigenas
746 1714 821 1748 Saul,
837 1716 985 1749 perdiderit

195 1766 259 1787 cum
282 1758 336 1786 illis
351 1758 433 1786 etiam
449 1757 626 1785 Gabaonitas.
648 1758 744 1787 Exstat
761 1768 841 1796 porro
863 1762 984 1789 narratio

196 1804 223 1830 in
237 1803 376 1830 tricesimo
389 1804 521 1836 secundo,
529 1803 700 1830 ettricesimo
714 1804 793 1831 tertio
804 1812 916 1832 numero
926 1804 982 1841 (95)

196 1848 295 1883 prioris
302 1848 399 1883 Regni,
411 1854 438 1876 et
451 1849 477 1876 in
493 1849 631 1877 tricesimo
641 1850 771 1885 septimo,
785 1851 831 1878 ubi
847 1851 913 1878 dicit
925 1859 932 1877 :
948 1850 983 1878 Et

196 1894 309 1920 bellabat
324 1894 352 1921 in
365 1894 477 1922 circuitu
492 1903 582 1924 omnes
597 1896 717 1923 inimicos
733 1904 794 1923 suos
801 1895 983 1930 “,etc.Quod

195 1944 284 1968 autem
300 1940 389 1968 littera
408 1941 458 1976 ait,
472 1942 543 1970 hunc
558 1942 642 1969 habet
656 1949 766 1969 sensum
779 1950 787 1971 :
800 1942 864 1970 Saul
881 1943 982 1978 injuste

195 1990 289 2013 contra
307 1994 368 2014 eum
387 1987 443 2022 egit
457 1995 465 2020 ;
478 1993 505 2015 et
520 1995 554 2016 ex
573 1989 653 2019 domo
672 1988 745 2018 illius
764 1988 840 2016 facta
860 1994 903 2017 est
916 1989 982 2017 ultio

194 2032 300 2066 injuriae
312 2032 354 2060 vel
368 2040 417 2068 pro
430 2032 505 2061 Jesu.

230 2123 287 2151 Non
301 2123 457 2152 afficiuntur
470 2132 535 2153 vero
548 2124 646 2160 injuria
661 2125 762 2154 sublati
776 2133 837 2154 cum
848 2127 981 2161 principio

193 2178 244 2199 suo
263 2170 282 2198 ii
295 2171 340 2206 qui
357 2171 391 2200 ab
407 2171 453 2199 illo
470 2172 636 2200 exstantiam
653 2179 730 2199 suam
742 2173 882 2201 consecuti
895 2178 978 2207 sunt;

1043 941 1086 964 τις
1099 931 1182 964 εἴποι,
1196 932 1282 959 Σαοὺλ
1303 931 1414 966 βασιλέα
1434 931 1500 958 ὄντα
1516 931 1654 961 ἀδυνάτως
1672 930 1743 965 ἔχειν
1760 930 1836 956 ἀντι-

1044 977 1140 1012 στῆναι
1155 977 1272 1008 καὶτοῖς
1287 976 1468 1012 Ἰσραηλίταις
1484 976 1530 1003 καὶ
1541 977 1573 1012 τῇ
1587 975 1655 1012 φυλῇ
1670 975 1770 1009 Ἰούδα,
1787 976 1838 1002 καὶ

1045 1022 1081 1058 μὴ
1106 1022 1186 1049 λῦσαι
1210 1021 1260 1053 τὰς
1286 1021 1423 1057 συνθήκας
1444 1021 1499 1048 τῶν
1523 1021 1666 1057 πατέρων,
1690 1021 1739 1052 τὰς
1765 1020 1836 1055 πρὸς

1041 1069 1105 1100 τοὺς
1128 1068 1312 1100 Γαϐαωνίτας.
1339 1068 1411 1103 Ἐγὼ
1425 1068 1454 1095 δὲ
1475 1067 1645 1103 προσθοίμην
1674 1067 1707 1094 ἃν
1729 1066 1836 1098 τούτοις

1041 1115 1088 1141 τό·
1102 1114 1155 1141 Τοῦ
1174 1114 1241 1141 Θεοῦ
1256 1114 1413 1149 οἰκονομίας
1437 1111 1507 1140 εἶναι
1530 1113 1561 1139 τὸ
1583 1113 1662 1147 γένος
1678 1111 1725 1138 τοῦ
1747 1111 1836 1137 Σαοὺλ

1041 1160 1212 1196 ἀναλωθῆναι
1228 1161 1292 1193 πᾶν,
1309 1161 1371 1187 ὅσον
1387 1159 1532 1186 ὑπώπτευε
1548 1159 1658 1186 πώποτε
1684 1158 1835 1185 ἀντιποιεῖ-

1041 1207 1104 1234 σθαι
1114 1206 1161 1233 τοῦ
1176 1206 1314 1242 βασιλικοῦ
1326 1206 1490 1242 ἀξιώματος,
1501 1206 1545 1235 διά.
1553 1214 1583 1231 τε
1591 1205 1670 1231 τοῦτο
1678 1204 1834 1240 ἐπαναστή-

1041 1252 1134 1279 σεσθαι
1142 1252 1181 1288 τῷ
1186 1252 1276 1285 Δαυτδ,
1285 1252 1399 1284 καὶτοῖς
1410 1251 1504 1278 τούτου
1515 1251 1603 1278 παισί.
1616 1251 1653 1277 Τὸ
1660 1251 1688 1277 δὲ
1695 1250 1835 1284 Ἔξηλίιι-

1039 1306 1101 1326 σαν
1114 1298 1225 1332 αὐτοὺς
1235 1300 1261 1326 οι
1277 1299 1461 1327 Γαϐαωνῖται
1474 1297 1613 1325 ἐναντίον
1623 1297 1734 1331 Κυρίου
1745 1297 1779 1324 ἐν
1791 1296 1834 1330 τῷ

1039 1345 1110 1378 ὄρει,
1128 1345 1190 1372 ἀντὶ
1205 1344 1269 1378 τοῦ,
1290 1344 1495 1381 Ἀναιρεθέντας
1510 1344 1560 1370 οὐκ
1573 1343 1685 1376 ἔθαψαν,
1703 1342 1759 1369 ἀλλ’
1774 1342 1834 1369 εἵα-

1039 1400 1089 1419 σαν
1114 1391 1168 1418 ὑπὸ
1187 1391 1233 1417 τὸν
1255 1391 1330 1426 ἥλιον
1354 1390 1471 1418 κεῖσθαι.
1508 1390 1730 1423 Ἐξελύθησαν,
1751 1388 1832 1423 φησὶ,

1037 1438 1086 1465 καὶ
1099 1438 1209 1465 ἐλαϐεν
1225 1437 1337 1470 αὐτοὺς
1349 1437 1409 1464 Δὰν
1422 1436 1488 1470 υίὸς
1509 1436 1574 1463 Ἰωὲι
1594 1435 1654 1462 τῶν
1673 1435 1833 1470 ἀπογόνων-

1035 1484 1097 1512 τῶν
1111 1483 1267 1520 γιγάντων.
1280 1484 1392 1516 Πάντως
1404 1492 1455 1510 που
1469 1482 1592 1518 βούλεται
1602 1481 1700 1516 λέγειν,
1713 1481 1753 1508 ὅτι
1766 1480 1832 1512 τοὺς

1037 1530 1090 1558 ὑπὸ
1111 1530 1157 1557 τὸν
1180 1529 1254 1565 ἥλιον
1280 1529 1408 1561 τεθέντας
1432 1528 1520 1556 λαϐὼν
1544 1529 1558 1555 ὁ
1580 1528 1681 1562 γίγας,
1709 1526 1832 1554 ἀνείλετο

1038 1575 1233 1612 ἐκλελυμένους
1252 1575 1303 1612 ἢδη
1318 1576 1370 1602 ὑπὸ
1385 1575 1436 1610 τῆς
1450 1574 1564 1610 ἡλιακῆς
1578 1573 1686 1609 φλογός.

1074 1622 1104 1649 '0
1119 1622 1207 1657 λόγος.
1227 1623 1241 1648 ὁ
1258 1621 1330 1649 κατὰ
1339 1622 1402 1653 τοὺς
1416 1620 1598 1652 Γαϐαωνίτας,
1612 1619 1749 1654 ἄγνωστος
1763 1617 1831 1645 καθ-

1037 1668 1170 1704 έστηκεν·
1190 1669 1214 1695 εί
1233 1669 1269 1704 μή
1298 1667 1349 1694 πού
1366 1677 1397 1703 γε
1414 1667 1551 1702 εἴπωμεν,
1567 1666 1608 1692 ὅτι
1624 1666 1706 1701 ἡνίκα
1725 1664 1830 1700 ἐκάθη-

1035 1723 1065 1741 το
1078 1715 1107 1740 ὲν
1124 1713 1210 1740 Γαϐεὲ
1222 1713 1270 1741 τοῦ
1288 1713 1418 1749 πολεμεῖν
1428 1733 1435 1745 ,
1454 1713 1501 1740 καὶ
1515 1711 1689 1750 ὲτροπώσατο
1701 1711 1763 1742 τοὺς
1780 1709 1830 1736 ἁλ-

1035 1759 1165 1795 λοφύλους
1181 1761 1195 1787 ὁ
1211 1759 1306 1792 Σαοὺλ,
1318 1759 1365 1786 καὶ
1377 1758 1500 1786 ἀπώλεσε
1519 1757 1577 1794 μετ’
1591 1757 1680 1784 αὐτῶν
1698 1756 1746 1782 καὶ
1763 1755 1828 1787 τοὺς

1034 1806 1219 1838 Γαϐαωνίτας.
1236 1806 1291 1832 Καὶ
1306 1805 1364 1832 ἔστι
1377 1805 1408 1831 τδ
1417 1805 1540 1840 διήγημα
1557 1804 1586 1830 ὲν
1602 1801 1755 1841 τριακοστῷ
1766 1801 1827 1828 δευ-

1033 1853 1105 1889 τέρῳ
1121 1853 1168 1880 καί¹
1183 1851 1338 1888 τριακοστῷ
1360 1851 1445 1887 τρίτῳ
1461 1849 1570 1887 ἀριθμῷ
1583 1849 1634 1884 τῆς
1649 1847 1761 1884 πρώτης
1778 1847 1826 1882 βα-

1034 1898 1155 1932 σιλείας,
1179 1898 1226 1925 καὶ
1250 1897 1402 1933 τριακοστῷ
1428 1897 1550 1932 ἐϐδόμῳδ
1569 1895 1633 1922 ἔνθα
1655 1894 1740 1929 φησι·
1767 1894 1822 1920 Kal

1032 1945 1171 1980 ἐπολέμει
1185 1945 1287 1978 κύκλῳ
1300 1943 1416 1977 πάντας
1425 1943 1495 1976 τοὺς
1507 1941 1633 1977 ἐχθροὺς
1647 1940 1750 1973 αὑτοῦ,
1775 1939 1824 1966 καὶ

1032 1989 1065 2016 τὰ
1087 1988 1160 2025 ἑξῆς.
1181 1989 1214 2016 '0
1237 1989 1266 2016 δὲ
1283 1989 1357 2024 λέγει
1377 1988 1409 2016 τὸ
1432 1989 1524 2024 ῥητὸν,
1542 1987 1621 2014 τοῦτό
1639 1988 1715 2013 ἐστι·
1738 1984 1824 2011 Σαοὺλ

1030 2034 1144 2071 ἠδίκησε
1160 2036 1220 2063 κατ’
1236 2035 1320 2062 αὑτοῦ
1336 2035 1382 2062 καὶ
1399 2036 1431 2061 ὲκ
1445 2034 1493 2061 τοῦ
1516 2034 1592 2061 οἴκου
1607 2032 1689 2060 αὑτοῦ
1712 2031 1824 2067 γεγένη-

1031 2091 1076 2109 ται
1093 2083 1109 2118 ή
1126 2081 1266 2118 ἐκδίκησις
1282 2081 1331 2117 τῆς
1345 2081 1451 2113 ἀδικίας
1464 2081 1481 2116 ἢ
1496 2081 1543 2107 ἐπὶ
1559 2078 1672 2115 Ἰησοῦν.

1068 2130 1126 2156 υὺκ
1147 2130 1302 2157 ἀδικοῦνται
1326 2130 1355 2157 δὲ
1377 2128 1616 2164 συναναιρούμενοι
1637 2125 1691 2153 τῶν
1712 2125 1769 2160 (98)
1793 2126 1823 2151 ἐν

1031 2175 1101 2210 ἀρχῇ
1112 2176 1137 2202 οἱ
1151 2174 1180 2208 ἐξ
1197 2175 1300 2202 ἐκείνου
1316 2174 1347 2202 τὸ
1358 2172 1427 2201 εἷναι
1445 2173 1589 2209 λαχόντες·
1603 2172 1663 2199 ὅθεν
1689 2171 1743 2206 γὰρ
1759 2171 1822 2205 ἔσχε

193 2216 265 2256 unde
279 2216 443 2244 exstantiam
459 2217 623 2250 habuerunt,
640 2217 703 2245 inde
726 2223 756 2245 ut
770 2226 824 2245 non
841 2223 980 2246 exstarent

1048 2221 1062 2247 ὺ
1078 2218 1162 2253 εἶναι,
1179 2220 1303 2247 ἐντεῦθεν
1320 2220 1351 2246 τὸ
1367 2220 1405 2256 μὴ
1422 2218 1491 2247 εἶναι
1508 2219 1616 2255 ἔχοντες
1628 2225 1636 2234 ⁸
1659 2219 1683 2245 εἰ
1703 2218 1732 2245 δέ
1749 2226 1821 2249 τινος

194 2254 360 2297 accipientes
376 2272 383 2290 :
400 2263 422 2291 si
434 2263 526 2298 aliquo
538 2263 610 2292 bono
629 2272 678 2300 per
696 2272 727 2292 se
738 2264 789 2299 ipsi
804 2264 877 2299 digni
890 2270 980 2298 erant,

192 2309 257 2337 illud
269 2314 362 2345 postea
377 2310 529 2339 consecuti.

231 2397 276 2427 "l
289 2399 354 2436 Reg.
373 2411 430 2438 ut,
446 2404 488 2432 10.
545 2402 568 2420 ⁸⁸
585 2402 672 2438 llieg.
685 2410 740 2436 xtv,
757 2402 800 2430 47.

225 2477 282 2512 (95)
299 2477 417 2519 Attende
431 2477 486 2513 jam
504 2485 518 2505 a
534 2480 702 2514 temporibus
723 2479 848 2516 Origenis
862 2481 974 2509 divisio-

187 2520 248 2540 116111
259 2521 330 2540 εὲίξΙἾ
342 2518 440 2540 textus.

221 2547 277 2583 (96)
294 2548 364 2584 chc
375 2549 564 2586 ὲξηλιάσομεν,
578 2556 601 2579 ct
618 2556 692 2580 vcrtc
709 2550 888 2579 insolabimus.

1033 2265 1137 2300 ἀγαθοῦ
1153 2266 1188 2293 δι’
1207 2267 1319 2299 ἑαυτοὺς
1335 2265 1405 2303 ἦσαν
1416 2266 1502 2300 ἄξιοι,
1523 2266 1635 2301 ὕστερον
1647 2264 1725 2295 τοῦτο
1739 2273 1820 2300 κομι-

1034 2309 1153 2345 ζόμενοι.

1064 2480 1121 2515 (97)
1144 2479 1359 2517 ’Egnliaejav,_ut
1377 2480 1445 2508 infra
1459 2485 1485 2508 et
1506 2480 1533 2517 in
1548 2479 1607 2517 cod:
1627 2479 1706 2517 Me}.

1066 2513 1121 2552 (98)
1138 2513 1221 2545 Forte
1236 2516 1285 2554 τῷ.
1302 2515 1363 2544 Mox
1381 2516 1487 2544 videtur
1512 2514 1651 2550 legendum
1673 2513 1765 2551 ἔσχον.
