1918 3069
107 111 146 141 53
727 119 853 148 ADNO’I‘.
875 120 907 148 IN
927 120 989 148 LIB.
1015 119 1048 148 ιιι
1066 120 1197 150 REGUM.
1663 126 1666 130 ~
1731 121 1762 150 δι

585 277 956 322 ΩΡΙΓΕΝΟΥΣ
1000 278 1291 323 ΕΚΛΟΓἈΙ

659 369 713 396 ΕΙΣ
728 369 800 396 ΤΗΝ
816 369 945 396 ΤΡΙΤΗΝ
958 370 1026 396 ΤΩΝ
1045 369 1235 398 ΒΔΣΙΛΕΙΩΝ.

165 519 468 568 ORIGENIS
501 522 978 571 ADNOTATIONES
1005 524 1068 569 IN
1108 522 1341 570 LIBRUM
1382 523 1453 567 [II
1495 521 1718 569 REGUM.

754 621 803 654 (Ex
813 621 973 647 Bibliotheca
981 621 1160 653 Gallandiana.)

460 749 538 776 ΚΕΦ.
557 749 595 776 Β’.

460 749 484 776 Κ
531 769 538 776 .
557 749 595 776 Β’.

126 794 206 831 Σὶείχἶ
223 797 261 831 η’.
286 794 343 831 Καὶ
365 794 433 831 ἰδοὺ
551 794 618 831 σοῦν
637 794 724 830 Σεμετ
739 794 812 831 υἰὸςν
831 752 962 829 Γηρᾶ,Δ

1300 748 1377 778 CAP.
1398 748 1428 776 ll.

161 830 230 863 υίὸς
251 830 306 857 τοῦ
326 830 409 865 Ἰεμδτ
421 830 456 857 ἐκ
474 830 649 865 Βαθουρείμ.
670 831 723 857 Καὶ
743 830 835 864 αὐτὸς
856 838 927 865 κατ-ς

159 865 300 902 ηράσατό
320 864 363 899 μέ
380 864 513 902 κατάραν
533 864 693 902 ﬁdem”?
720 865 757 900 τῇ
773 866 887 902 nam,
906 864 926 902 ᾗ

163 900 357 936 ἐπορπρμην
373 901 416 934 εἰς
427 900 624 936 παρεμϐολὰς,
641 901 691 928 καὶ
708 900 807 934 αὐτὸς(
818 900 925 936 κατέϐἦ

161 937 208 969 εις
222 935 400 972 ἀπάῖτῃσίν
411 945 470 971 μου
488 937 535 972 εὶς
542 935 596 962 τὸν
616 935 776 970 Ἰορδάνην,
791 937 840 972 καὶ
852 937 927 972 ὠμο-

163 978 208 997 σα
220 970 303 1003 αὐτῷ
318 970 354 997 ἐν
364 971 479 1005 Κυρίῳ,
499 970 597 1006 λέγων
610 979 618 988 ·
641 973 676 999 Et
691 971 852 999 θανατώσω
870 970 926 999 αὺ-

161 1006 219 1032 τὸν
233 1006 270 1032 ἐν
276 1006 421 1040 ῥομφαίᾳ.

128 1051 206 1087 Στίχ.
223 1051 258 1079 0'.
277 1051 333 1087 Καὶ
358 1053 395 1079 οὺ
414 1051 458 1087 μὴ
481 1052 625 1086 ἀθωώσῃς
643 1052 753 1084 αὑτὸν,
781 1053 825 1079 ὅτι
848 1052 926 1086 ἀνὴρ

161 1085 262 1121 άὸφύς
280 1085 310 1114 εἷ
319 1087 372 1119 σὺ,
386 1085 437 1114 κάι
450 1085 551 1122 γνώσῃ
575 1085 750 1121 ἄποιήσεις
767 1088 847 1121 αὐτῷ
857 1097 864 1103 ·
875 1085 925 1115 mil

159 1123 204 1184 ait),
218 1121 360 1156 κατάξεις
375 1123 440 1157 τὴν,
453 1121 566 1150 πολιὰν
586 1123 680 1151 αὑτοῦ
700 1123 736 1150 ἐν
754 1123 860 1158 εἰρήνῃ
882 1125 926 1156 εὶς

163 1166 182 1184 a
204 1166 252 1184 ου.

184 1166 252 1184 σου.

163 1166 315 1240 ζητεῖται,
330 1203 389 1236 πῶς
407 1204 423 1231 ὀ
447 1204 534 1231 Δαυῒδ.
559 1203 598 1240 τῷ
627 1204 710 1240 Σεμετ
733 1205 924 1240 συγχωρήσας,

130 1249 350 1285 παρακελεύεται
360 1249 400 1284 τῷ
414 1249 569 1286 Σολομῶντι
586 1249 689 1278 ἀνελεῖν
703 1250 795 1282 αὐτὸν,
808 1250 924 1286 ἀμνησι-

130 1305 218 1327 καιιος
231 1296 280 1322 καὶ
294 1297 400 1332 πρᾶος,
417 1295 486 1323 ἀλλὰ
505 1296 553 1323 καὶ
577 1296 623 1323 τὸν
647 1296 725 1323 Ἰωὰϐ
748 1296 925 1332 συγκαμόντα

128 1341 215 1376 αὐτῷ.
240 1341 273 1367 Τί
291 1341 386 1377 δήποτ’
398 1339 445 1369 οὖν
462 1341 550 1368 ταῦτα
570 1341 656 1374 οὕτως
672 1341 850 1377 ᾠκονομῄθης
875 1342 924 1368 Σο-

129 1387 180 1422 (pb;
196 1387 236 1414 ὢν
247 1388 261 1414 ὁ
277 1387 360 1415 Δαυῒδ
371 1387 504 1423 ἠπίστατο
515 1408 524 1421 ,
537 1388 578 1415 ὅτι
594 1387 656 1414 οὔτε
675 1387 722 1415 τὸν
741 1387 823 1422 Σεμεῒ
847 1387 925 1414 Σολο-

981 798 1014 825 ν.
1032 797 1059 825 8.
1083 797 1116 824 Et
1127 805 1186 825 ecce
1197 801 1282 825 tecum
1302 798 1389 826 Sensi
1410 797 1482 832 [ilius
1495 797 1576 829 Cera,
1594 796 1666 830 [ilius
1680 795 1764 823 Jentei

1012 833 1045 860 de
1053 833 1201 860 Batliurim.
1217 832 1382 868 lpsequoque
1393 831 1529 859 maledixit
1542 840 1582 858 me
1593 832 1761 868 maledictio-

1015 876 1073 895 nem
1089 867 1287 900 dolorasam,in
1301 868 1343 894 die
1359 876 1410 902 qua
1424 868 1492 893 ibam
1506 868 1532 893 in
1552 873 1652 898 castra,
1669 872 1692 893 et
1709 867 1765 902 ipse

1014 903 1147 930 descendit
1164 904 1191 929 in
1209 911 1348 930 occursum
1361 901 1447 929 incum
1461 902 1495 928 ad
1507 901 1664 932 Jordanem,
1676 906 1699 928 et
1717 901 1764 935 ju-

1014 938 1116 1000 riw‘ifi
1140 938 1170 965 in
1195 938 1319 972 Domino,
1338 937 1490 964 dicens:Si
1516 937 1635 963 occidam
1658 944 1718 963 eum
1736 937 1763 962 in

1014 983 1027 1000 a
1039 982 1054 1000 a
1075 981 1111 1000 to.

1012 981 1111 1008 gtaaw.

977 1053 1009 1080 V.
1031 1054 1058 1081 9.
1080 1052 1114 1080 Et
1126 1061 1176 1080 non
1194 1053 1335 1080 immunem
1352 1050 1437 1087 fabia:
1452 1051 1591 1087 eum.qaia
1607 1052 1647 1078 uir
1659 1051 1763 1085 sapiens

1011 1097 1038 1115 es
1058 1093 1097 1120 tu,
1110 1093 1135 1115 et
1149 1096 1289 1121 cognosces
1301 1096 1361 1123 qua:
1375 1088 1456 1121 facies
1471 1088 1496 1114 ei
1510 1095 1518 1114 :
1531 1091 1557 1114 et
1579 1095 1631 1114 non
1648 1088 1762 1114 deducet

1012 1124 1134 1150 canitiem
1148 1124 1204 1159 ejus
1215 1124 1244 1149 in
1263 1131 1326 1158 pace
1340 1123 1373 1150 ad
1388 1123 1496 1157 inferos.

1011 1205 1148 1238 Quaeritur
1161 1204 1295 1239 quomodo
1309 1203 1407 1234 David.
1424 1203 1470 1239 qui
1487 1203 1576 1231 Semei
1602 1203 1764 1234 indulserat.

976 1252 1089 1280 mandet
1107 1251 1247 1279 Salomoni
1260 1255 1289 1279 ut
1299 1250 1447 1278 interﬁciat
1460 1257 1535 1282 cum,
1548 1249 1606 1285 ipse
1621 1249 1667 1285 qui
1692 1249 1763 1284 inju-

977 1299 1079 1326 riarum
1100 1305 1205 1326 memor
1221 1305 1274 1325 non
1294 1301 1368 1331 erat,
1395 1297 1442 1325 sed
1469 1296 1622 1331 benignus,
1645 1295 1765 1330 itemque

976 1342 1091 1370 Joabum
1108 1343 1153 1377 qui
1170 1349 1262 1370 secum
1286 1341 1469 1370 laboraverat.
1489 1341 1609 1370 Curnam
1622 1348 1692 1376 ,ει-κο
1707 1341 1765 1368 haec

978 1389 1015 1416 ita
1044 1389 1172 1417 ordinata
1190 1388 1271 1416 sunt?
1288 1388 1373 1416 David
1401 1388 1500 1423 quippe
1526 1388 1634 1423 sapiens
1650 1386 1765 1421 sciebat,

131 1432 191 1468 μὼν
207 1433 284 1460 ἐάσει
303 1433 353 1468 ζῇν
367 1433 422 1460 δέει
439 1433 489 1469 τῆς
500 1434 712 1466 ἐπαναστάσεως
723 1443 730 1449 ·
748 1433 787 1465 ὡς
805 1433 859 1469 γὰρ
872 1433 926 1460 ἀπὺ

985 1435 1049 1470 ιιιοᾶ
1062 1441 1151 1470 neque
1166 1434 1303 1462 Semeium
1315 1433 1444 1462 Salomon
1457 1434 1549 1462 vivere
1564 1433 1679 1466 sineret,
1689 1437 1762 1461 metu

131 1478 272 1514 βασιλικοῦ
286 1479 442 1515 ἀξιώματος
457 1479 547 1516 μέλλει
565 1480 631 1516 περὶ
654 1479 706 1515 τῆς
717 1479 856 1515 βασιλείας
871 1480 924 1516 μά-

130 1525 228 1560 χεσθαι
243 1525 282 1560 τῷ
297 1524 467 1561 Σολομῶντισ
480 1524 543 1552 οὔτε
555 1525 602 1552 τὸν
622 1524 711 1557 Ἰωὰ6,
728 1525 766 1557 ὡς
783 1525 861 1555 ἐκτὸς
875 1525 925 1560 τῆς

129 1571 177 1598 τοῦ
198 1571 282 1598 Δαυῗδ
305 1571 421 1608 γνώμης
445 1572 485 1603 εἰς
500 1570 612 1606 βασιλέα
627 1570 673 1597 τὸν
689 1571 748 1598 υἱὸν
774 1571 821 1598 τοῦ
844 1571 926 1598 Δαυτδ

131 1618 358 1653 καταστήσαντα·
382 1617 421 1649 ὡς
443 1617 570 1644 ἀνελόντα
589 1617 679 1644 τοίνυν
703 1617 749 1644 καὶ
769 1617 816 1644 τὸν
835 1617 924 1650 Ἰωὰϐ,

132 1664 308 1699 σνγκαμόντα
331 1663 360 1691 δὲ
385 1663 425 1699 τῷ
447 1664 532 1700 πατρὶ
556 1664 585 1690 ὲν
607 1664 714 1696 πολλοῖς
733 1664 864 1700 πολέμοις
879 1664 926 1690 καὶ⁵

131 1709 356 1745 κατορθώσαντα.
380 1710 473 1739 Ταῦτα
491 1710 609 1746 προῖδὼν
624 1711 638 1737 ὁ
657 1710 737 1737 Δαυτδ
749 1730 757 1743 ,
783 1710 926 1747 προλαϐὼν

132 1755 268 1782 διατάττει
284 1755 324 1790 τῷ
340 1755 494 1791 Σολομῶντι
508 1756 637 1792 ποιῆσαι,
660 1755 678 1783 ἃ
699 1756 746 1783 καὶ¹
767 1756 814 1791 ἀφ’
829 1755 925 1783 ἑαυτοῦ

133 1801 259 1837 Σολομὼν
277 1801 387 1834 πάντως
409 1802 509 1835 ἐποίει,
527 1803 571 1837 ἵν’,
591 1803 656 1830 ὅταν
676 1802 856 1838 ἀναιρεθῶσιν
879 1803 926 1830 ὑπ’

134 1850 226 1882 αὑτοῦ,
242 1849 368 1878 τουτέστι
388 1850 435 1877 τοῦ
458 1851 647 1886 Σολομῶντος,
671 1853 696 1878 οἱ
720 1851 925 1887 προειρημένοι,

134 1894 301 1931 συγγνώμην
317 1897 370 1931 σχῇ
388 1897 403 1923 ὸ
426 1896 553 1931 Σολομὼν
564 1916 573 1929 ,
599 1897 638 1928 ὼς
653 1896 784 1933 πατρικὸν
802 1896 927 1932 βούλημα

134 1941 293 1977 πληρώσας,
304 1942 352 1970 καὶ
363 1942 414 1969 οὐκ
427 1942 508 1974 αὐτὸς
522 1943 569 1978 ἀφ’
586 1942 684 1971 ἑαυτοῦ
699 1943 760 1970 κατ’
776 1942 866 1970 αὐτῶν
886 1952 927 1970 κι-

134 1986 236 2023 νηθεις.

452 2034 531 2062 ΚΕΦ.
556 2035 607 2062 ΙΕ¹.

580 2081 635 2108 τοῦ
656 2081 754 2116 τνήρως

133 2079 208 2116 Στίχ.
226 2082 279 2114 κγ’.
290 2079 384 2116 Πλὴν
408 2080 445 2108 ἐν
466 2081 557 2116 καιρῷ

168 2151 274 2177 αὑτοῦ.

171 2195 235 2227 Πῶς
259 2195 387 2232 νοητέον,
423 2196 510 2232 Πλὴν
528 2197 564 2224 ὲν
585 2197 626 2231 τῷ
651 2199 744 2233 καιρῷ
764 2199 818 2227 τοῦ
834 2200 931 2234 γήρως

134 2240 282 2274 ἐποίησεν
300 2242 368 2269 Ὰσὰ
381 2242 415 2269 τὸ
430 2243 575 2278 πονηρὸν,
590 2243 640 2271 καὶ
652 2245 782 2272 ἐπόνεσε
793 2245 864 2278 τοὺς
879 2245 934 2272 πό-

135 2285 190 2318 δας
205 2285 297 2313 αὑτοῦ
308 2294 318 2318 ;
333 2287 503 2323 Σαφέστερον
516 2288 564 2315 καὶ
586 2288 665 2316 τοῦτο
678 2289 733 2316 τῶν
748 2291 931 2325 Παραλειπο-

133 2331 233 2366 μένων
245 2333 261 2368 ἡ
278 2332 367 2367 βίϐλος
383 2332 510 2367 ἐδίδαξεν.
531 2335 583 2362 Ἐν
594 2335 649 2370 γὰρ
663 2335 701 2370 τῇ
713 2336 864 2370 ἀρρωστίᾳ
876 2338 927 2365 αὑ-

136 2377 204 2410 τοῦ,
223 2379 320 2413 φησὶν,
333 2380 389 2406 οὐκ
407 2379 533 2414 ἐζήτησε
551 2381 674 2416 Κύριον,
689 2381 771 2409 ἀλλὰ
796 2382 868 2416 τοὺς
885 2384 928 2410 la-

136 2424 233 2457 τρούς.
256 2423 327 2459 Ἐγὼ
349 2424 378 2451 δὲ
393 2425 466 2452 δυοῖν
480 2425 594 2463 θάτερον
614 2427 798 2463 ὑπολαμϐάνω
809 2448 816 2460 ,
831 2428 848 2464 ἢ
865 2429 929 2461 τοὺς

136 2470 253 2505 ἐπῳδαῖς
267 2471 455 2507 κεχρημένους
470 2473 517 2499 καὶ
538 2474 716 2509 μαγγανείαις
733 2474 863 2510 κληθῆναι
884 2475 926 2502 ία-

135 2517 231 2552 τροῦς,
247 2517 263 2552 ἢ
280 2518 322 2544 ὃτι
339 2518 432 2553 μόνοις
448 2518 591 2546 ἐπίστευσε
608 2521 664 2552 τοῖς
685 2521 785 2556 ἰατροῖς
797 2541 805 2554 ,
822 2521 871 2557 τὴν
886 2521 926 2553 εἰς

136 2563 180 2590 τὸν
196 2563 264 2590 Θεὸν
281 2564 332 2591 οὐκ
349 2563 420 2600 ἔχων
433 2563 538 2591 ἐλπίδα.
552 2565 589 2592 Οί·
599 2565 653 2601 γὰρ
668 2565 794 2602 εὐσεϐείᾳ
809 2565 927 2602 κοσμού-

138 2618 211 2644 μενοι
224 2610 374 2646 κέχρηνται
390 2609 441 2645 μὲν
459 2612 516 2643 τοῖς
533 2612 636 2647 ἰατροῖς
655 2611 693 2643 ὡς
710 2612 856 2648 ὑπουργοτς
880 2611 927 2639 τοῦ

136 2655 213 2690 Θεοῦ,
226 2657 338 2690 ειδότες,
355 2657 398 2684 ὅτι
412 2657 460 2684 καὶ
475 2656 524 2693 τὴν
539 2657 662 2694 ἰατρικὴν
675 2659 830 2695 ἐπιστήμην
846 2658 927 2691 αὐτὸς

169 2743 192 2758 ⁵⁸
209 2741 230 2769 ll
247 2741 339 2770 Paral.
355 2749 414 2775 ινι,
428 2741 471 2769 12.

170 2818 226 2852 (99)
244 2818 407 2850 Ἐποίησεν
433 2817 501 2844 Ἀσὰ
519 2817 550 2844 τὸ
565 2817 707 2851 πονηρόν.
726 2815 788 2852 llafc
801 2815 924 2852 nuspinm

138 2853 486 2883 alibiexstanulltituehius
499 2857 589 2881 tamen
597 2853 702 2887 scribit,
714 2851 784 2880 male
792 2851 926 2880 audivisse

977 1481 1149 1514 rebellionis;
1167 1485 1298 1515 tanquam
1320 1480 1393 1507 enim
1419 1487 1468 1514 pro
1496 1479 1570 1515 regia
1585 1479 1718 1515 dignitate
1731 1479 1767 1507 de

978 1534 1061 1563 regno
1074 1534 1136 1555 cum
1159 1526 1306 1554 Salomone
1322 1530 1492 1561 pugnaturus
1502 1530 1581 1559 erat;
1603 1533 1691 1560 neque
1702 1525 1767 1553 Joa—

976 1573 1052 1606 bum,
1075 1572 1176 1608 quippe
1189 1572 1236 1608 qui
1252 1576 1347 1600 contra
1376 1571 1487 1599 Davidis
1503 1571 1669 1599 sententiam
1682 1571 1708 1599 in
1723 1579 1767 1599 re-

980 1627 1040 1655 gem
1055 1619 1140 1646 ﬁlium
1155 1617 1267 1646 Davidis
1283 1617 1475 1650 constituerat,
1489 1617 1564 1645 velut
1577 1617 1693 1652 proinde
1704 1625 1766 1644 eum

976 1666 1022 1701 qui
1035 1665 1149 1694 Joabum
1166 1665 1204 1701 (1)
1218 1665 1368 1697 sustulerit,
1384 1665 1431 1692 sed
1445 1671 1507 1692 cum
1530 1668 1608 1699 patre
1629 1665 1655 1691 in
1672 1663 1766 1691 multis

977 1707 1055 1739 bellis
1070 1710 1234 1739 laboraverit
1244 1715 1273 1738 et
1285 1711 1373 1738 victor
1383 1710 1529 1738 exstiterit.
1540 1709 1603 1738 llaec
1613 1709 1766 1744 praevidens

978 1757 1073 1791 David,
1089 1756 1259 1792 praeveniens
1272 1756 1383 1783 mandat
1400 1754 1537 1783 Salomoui
1553 1760 1583 1782 ut
1597 1755 1693 1787 faciat,
1706 1762 1766 1789 qua:

977 1803 1062 1831 etiam
1075 1810 1109 1830 ex
1132 1801 1221 1837 seipso
1237 1801 1365 1829 Salomon
1382 1802 1492 1829 omnino
1517 1800 1643 1828 fecisset:
1655 1800 1689 1828 Ut
1706 1808 1767 1828 Clllll

978 1848 1078 1877 sublati
1086 1851 1181 1875 essent
1192 1846 1289 1879 abillo,
1305 1847 1331 1874 id
1341 1852 1383 1874 est
1397 1846 1552 1878 Salomone,
1567 1846 1617 1873 viri
1631 1846 1767 1881 praedicti,

978 1894 1087 1921 veniam
1109 1892 1223 1920 haberet
1239 1891 1381 1924 Salomon,
1403 1895 1531 1926 tanquam
1554 1890 1600 1925 qui
1625 1894 1768 1926 paternam

977 1939 1145 1968 voluntatem
1158 1937 1308 1972 implesset,
1319 1942 1347 1964 et
1355 1945 1407 1965 non
1422 1937 1481 1972 ipse
1492 1943 1525 1963 ex
1536 1944 1565 1964 se
1573 1936 1630 1972 ipso
1638 1936 1768 1963 adversus

978 1995 1026 2016 eos
1039 1991 1128 2014 motus
1144 1985 1252 2013 fuisset.

1294 2030 1370 2059 CAP.
1391 2029 1449 2057 XV.

175 2081 208 2114 ῐχ.
226 2082 279 2114 κγ’.
297 2081 384 2114 Πλὴν
408 2081 445 2108 ἐν
466 2081 557 2116 καιρῷ
580 2081 635 2108 τοῦ
656 2081 754 2116 τνήρως
782 2081 926 2116 ἐποίησεν

175 2115 298 2155 ᾉσὰητὸ
320 2116 455 2151 πονηρὸν
467 2116 535 2153 (99),
549 2116 601 2146 καί
612 2117 740 2145 ἐπόνεσε
752 2117 824 2151 τοὺς
834 2117 926 2151 πόδας

985 2091 1014 2119 ν.
1033 2090 1080 2118 25.
1107 2090 1293 2118 Verumtamen
1304 2097 1332 2116 ιη
1347 2094 1462 2122 tempore
1475 2086 1617 2114 senectutis
1635 2085 1696 2119 fecit
1713 2085 1768 2112 Asa

1100 2126 1210 2155 malum.
1231 2130 1254 2152 et
1272 2125 1421 2155 infirmatus
1434 2127 1472 2150 est
1488 2122 1566 2155 pedes
1579 2129 1652 2149 suos.

1100 2126 1210 2158 malum,
1231 2130 1254 2152 et
1272 2125 1421 2159 infirmatus
1434 2127 1472 2150 est
1488 2122 1566 2157 pedes
1579 2129 1652 2149 suos.

1018 2195 1161 2228 Quomodo
1192 2193 1398 2228 intelligendum
1431 2196 1475 2218 est.
1498 2199 1506 2218 :
1526 2189 1715 2216 Verumtamen
1741 2190 1769 2216 in

983 2246 1098 2276 tempore
1112 2240 1254 2268 senectuti:
1288 2238 1349 2272 fecit
1363 2237 1416 2264 Αιιι
1434 2236 1546 2267 malum,
1575 2240 1598 2263 et
1618 2234 1769 2269 inﬁrmatus

982 2293 1019 2316 est
1038 2289 1115 2322 pedes
1128 2294 1191 2314 tuo:
1211 2286 1224 2312 Ρ
1245 2284 1352 2312 Clarius
1366 2283 1393 2310 id
1408 2289 1517 2317 quoque
1539 2281 1768 2316 Paralipomenon

982 2335 1052 2362 liber
1060 2333 1177 2361 edocuit.
1204 2331 1241 2359 In
1261 2329 1418 2364 inﬁrmitate
1441 2328 1509 2355 enim
1524 2337 1585 2359 sua,
1602 2328 1702 2362 inquit,
1718 2335 1770 2354 non

981 2380 1116 2415 requisivit
1146 2379 1300 2410 Dominum,
1322 2376 1368 2403 sed
1392 2377 1507 2402 medicos
1522 2375 1557 2402 "'.
1578 2375 1633 2410 Ego
1655 2383 1720 2401 vero
1736 2375 1770 2401 de

981 2425 1087 2453 duobus
1113 2423 1274 2451 alterutrum
1295 2427 1429 2455 suppono,
1453 2420 1497 2447 vel
1519 2420 1668 2447 advocatos
1685 2420 1769 2446 fuisse

980 2471 1100 2500 medicos
1123 2471 1168 2506 qui
1187 2469 1418 2497 incantationibus
1439 2472 1467 2495 ct
1491 2467 1637 2503 praestigiis
1654 2467 1768 2494 uteban-

981 2523 1045 2551 tur;
1069 2517 1111 2545 vel
1129 2516 1196 2544 solis
1213 2516 1293 2543 ﬁdem
1320 2515 1478 2542 adhibuisse
1502 2513 1627 2545 medicis,
1645 2520 1697 2540 non
1717 2513 1768 2539 lia-

981 2565 1088 2592 bentem
1113 2563 1141 2589 ‘rn
1163 2562 1247 2589 Deum
1277 2568 1363 2594 spem.
1388 2560 1439 2593 Qui
1463 2560 1536 2587 cnim
1553 2558 1685 2594 religione
1705 2563 1768 2585 sunt

982 2610 1097 2646 praediti,
1115 2611 1227 2636 utuntur
1238 2606 1347 2641 quidem
1367 2605 1481 2632 medicis
1494 2609 1622 2638 tanquam
1635 2603 1769 2630 ministris

983 2658 1041 2690 Dei,
1059 2656 1176 2684 scientes
1184 2655 1298 2690 quodet
1312 2652 1442 2680 medicam
1454 2651 1597 2679 scientiam
1615 2651 1672 2686 ipse
1686 2650 1769 2685 largi-

981 2816 1071 2845 Asnm.
1086 2822 1118 2841 eo
1134 2815 1204 2849 ψη)ίί
1219 2815 1399 2850 nngarinverit
1415 2814 1560 2850 discipulos
1573 2814 1737 2850 sapientum.

982 2869 992 2884 ι,
1018 2851 1056 2886 (1)
1071 2850 1153 2879 Forte
1166 2849 1300 2880 Abtwr’cx
1314 2849 1346 2878 lll
1367 2850 1433 2884 Reg.
1451 2858 1491 2878 ιιι.
