1918 3069
187 74 224 101 55
628 75 908 104 SUPPLEMENTUM
929 77 975 104 AD
992 76 1154 106 ()RIGENIS
1174 78 1380 108 EXEGETICA.
1774 80 1817 108 56

191 137 235 161 tus
250 137 291 160 est
309 132 473 165 hominibus,
489 133 716 168 quemadmodum
734 139 763 160 et
777 134 903 169 reliquas,
915 136 965 162 hen

1025 135 1108 162 ἔδωκε
1123 137 1178 167 τοῖς
1194 136 1356 172 ἀνθρώποις,
1372 136 1467 173 ὥσπερ
1478 137 1509 173 δὴ
1526 137 1573 163 καὶ
1587 136 1636 169 τὰς
1648 136 1730 168 ἄλλας
1742 157 1749 168 ,
1764 137 1818 163 καὶ

189 178 238 206 bas
252 186 360 214 quoque
376 180 432 213 ipse
448 181 481 206 de
501 185 572 207 terra
596 181 750 214 germinare
764 182 858 209 edixit.
876 181 972 208 Sciunt

190 230 279 252 tamen
301 225 488 256 nihilominus,
514 225 580 251 nihil
604 233 683 260 posse
699 227 864 254 medicorum
886 232 972 254 artem

191 270 245 298 Deo
269 271 376 298 nolente
387 273 407 304 ,ι
431 271 478 297 sed
505 276 610 298 tantum
636 279 727 306 posse,
749 278 878 307 quantum
903 273 973 301 Deus

188 317 255 343 vult.
271 315 426 344 Jeroboami
455 324 536 350 porro
558 316 655 344 domus
667 318 852 346 omnimodum
877 319 973 346 interi-

190 367 247 388 tum
260 362 389 389 sustinuit
406 362 482 396 juxta
499 363 702 396 prmdictionem
719 364 810 391 Achire
835 364 970 393 Silonitaa.

191 407 326 434 Percussit
339 415 467 444 namque,
482 409 530 441 ait,
548 409 637 435 Baasa
652 417 698 436 rex
717 409 802 437 Israel
820 415 903 437 totum
924 411 973 438 do-

186 462 256 480 mum
268 453 424 485 Jerobonm,
455 459 479 481 et
499 463 549 481 non
566 455 671 489 reliquit
685 460 787 482 omnem
802 457 971 490 spirationem

185 499 213 525 in
225 499 378 533 Jeroboam,
400 501 483 526 donec
506 500 630 534 funditur
656 502 776 536 perderet
797 501 851 532 ipse
871 510 970 534 omnes,

183 543 261 576 iuxta
282 545 387 572 verbum
419 544 537 576 Domini.
562 547 632 580 quod
654 547 757 574 locutus
782 552 822 574 est
841 548 869 574 in
890 556 971 575 manu

184 589 252 616 serui
266 590 307 616 sui
317 589 407 618 Achite
423 590 543 619 Silonila.’
557 591 591 618 λε.
605 592 702 620 Eadem
717 601 813 628 passus
827 599 869 622 est
885 593 970 622 Baasa

186 643 304 670 quoque.
331 636 460 664 Eamdem
484 638 555 665 enim
571 643 600 666 et
621 639 671 666 iste
689 639 856 674 impietatem
871 645 898 668 et
918 641 970 668 ini-

185 681 316 716 quitatem
337 683 478 718 amplexus
493 689 545 717 est,
562 684 683 719 Ilelaque
695 685 755 719 ejus
773 686 845 714 lilius
857 694 871 713 a
887 686 970 714 Zam-

185 728 226 755 bri
243 728 340 755 vulnus
356 730 471 764 accepit.
489 731 542 757 Iste
559 738 622 758 vero
644 732 792 759 secundum
816 733 969 767 praedictio—

185 782 246 801 nem
272 774 382 809 iactatur,
405 775 501 803 iterum
520 783 629 804 omnem
656 776 748 805 Baasae
772 778 896 806 dissolvit
918 779 968 806 do-

183 829 268 848 mum.
285 821 352 848 Cum
367 821 482 856 populus
494 821 604 849 Zambri
619 830 707 857 regem
726 829 854 855 creasset.
871 824 966 852 obses-

182 875 231 895 sus
245 868 356 896 Zambri
380 870 488 896 domum
505 869 530 896 in
543 877 596 904 qua
620 870 734 904 degebat
755 871 918 903 combussit,
940 875 968 899 et

182 921 245 940 cum
271 913 318 940 illa
337 918 451 941 exustus
470 915 594 949 oppetiit.
614 915 653 942 Ex
672 915 713 942 his
727 922 809 949 porro
823 915 966 948 docemur,

181 967 228 986 vos
253 959 300 994 qui
324 960 420 987 cadent
439 961 533 988 vivunt
557 961 702 996 pravitate,
720 961 863 988 Dominum
882 961 966 990 Deum

182 1005 262 1032 alium
281 1013 329 1040 per
351 1006 433 1033 alium
455 1007 561 1041 punire,
586 1012 614 1034 et
637 1008 748 1035 tradere
767 1007 895 1042 nequiori
917 1016 966 1035 ne-

181 1059 273 1086 quam,
286 1052 363 1087 quasi
379 1053 541 1088 quibusdam
563 1053 741 1080 carniﬁcibus
760 1057 881 1081 utentem
901 1053 965 1081 illis.

215 1188 349 1222 Quoniam
375 1196 439 1217 vero
460 1188 582 1217 nonnulli
605 1194 741 1224 quaerunt,
760 1191 895 1218 undenam
912 1190 963 1218 Sa-

181 1235 288 1262 niaritm
305 1235 375 1262 hanc
402 1235 611 1270 appellationem
633 1237 794 1269 habuerint,‘
810 1244 843 1263 ex
865 1244 965 1272 propo-

182 1281 234 1308 sita
251 1281 364 1308 historia
384 1282 435 1308 hoc
450 1282 592 1309 addiscere
613 1290 727 1316 pronum
748 1287 800 1310 est.
819 1283 964 1318 Acquitivit

178 1327 377 1362 cnim,inquit,
402 1326 510 1354 Zambri
537 1333 650 1354 montem
662 1327 786 1356 Semeron
808 1337 824 1355 α
847 1328 965 1356 Semmer

179 1374 286 1400 domino
300 1374 358 1408 ejus
374 1379 484 1409 argento
497 1377 579 1400 duum
594 1375 763 1407 talentorum,
776 1380 801 1402 et
821 1375 964 1408 (edi/imm

178 1426 304 1451 montem.
317 1425 340 1447 et
354 1420 495 1454 appellavit
511 1427 606 1447 nomen
620 1420 675 1455 ejus
690 1421 796 1451 montis,
810 1428 886 1455 quem
897 1420 963 1447 (edi-

179 1467 315 1501 ﬁcat-eral,
329 1466 361 1493 de
374 1468 478 1493 nomine
492 1466 610 1493 Sentnter
627 1467 727 1493 domini
745 1472 851 1499 mentm,
875 1466 964 1494 Seme-

180 1521 227 1539 ron
239 1511 273 1538 "’.
288 1511 328 1538 Ex
345 1517 438 1538 monte
454 1512 553 1539 civitas
569 1512 694 1539 Samaria
713 1512 784 1539 dicta
799 1518 851 1539 est.
869 1513 965 1539 Sama-

179 1559 217 1584 ria
236 1565 317 1592 porro
330 1562 381 1589 est,
399 1565 460 1590 quae
485 1566 555 1584 nunc
581 1557 694 1585 Sebaste
707 1563 829 1585 vocatur.
852 1557 890 1586 lbi
906 1563 965 1586 erat

179 1606 252 1639 regia
275 1605 368 1631 decem
386 1603 516 1631 tribuum.
536 1605 571 1631 At
592 1604 686 1631 decem
716 1605 840 1632 tribubus
864 1607 890 1632 in
919 1612 965 1632 ca-

178 1650 328 1684 ptivitatem
356 1649 490 1682 abductis,
510 1655 537 1677 et
561 1654 635 1678 terra
653 1649 697 1677 illa
724 1650 818 1678 elfecta
835 1651 962 1684 deserta;

179 1695 301 1723 translati
324 1701 387 1723 sunt
408 1696 518 1730 quidam
542 1696 575 1724 de
602 1696 780 1725 orientalibus
797 1697 918 1731 partibus
937 1698 963 1724 in

175 1748 208 1767 ca
224 1741 322 1775 oppida
336 1740 370 1768 ab
384 1741 559 1775 Assyriorum
589 1742 707 1778 regibus.
727 1743 772 1770 Isti
797 1750 862 1777 ergo
883 1749 898 1769 a
914 1742 964 1769 Sa-

178 1788 263 1814 maria
280 1787 345 1814 dicti
362 1792 425 1814 sunt
445 1787 596 1815 Samaritze.

213 1880 259 1907 llis
275 1880 309 1907 de
325 1879 436 1907 Zaluhri
463 1880 592 1912 narratis,
618 1879 651 1906 ad
676 1878 771 1906 Judam
798 1879 917 1911 transiit.
936 1883 961 1906 el

176 1926 328 1954 admiratus
343 1930 385 1953 est
398 1926 587 1960 Josaphatum.
606 1926 678 1952 lntcr
698 1925 751 1951 alia
768 1925 866 1958 inquit,
879 1925 964 1959 ipsum

181 1973 274 2007 fecisse
292 1972 362 2006 quod
376 1977 477 1998 rectum
490 1976 546 1998 erat
563 1979 651 1998 eorum
671 1971 783 1997 Domino
797 1970 833 1997 ”.
848 1972 964 2003 Questus

178 2023 269 2044 tamen
295 2021 338 2044 est
366 2017 400 2044 de
426 2024 468 2048 eo,
486 2016 559 2050 quod
575 2023 626 2043 non
641 2016 784 2044 abstulerit
799 2017 902 2044 cultum
917 2017 962 2051 qui

176 2064 204 2090 in
222 2063 290 2090 locis
305 2062 386 2090 editis
399 2063 598 2094 exercebatur;
614 2063 679 2095 quin
699 2067 727 2089 et
749 2062 852 2089 Achabi
875 2063 963 2090 allini-

178 2114 259 2137 tatem
272 2109 443 2144 amplexatus
456 2109 503 2136 sit.
521 2108 583 2135 llaec
600 2116 682 2143 porro
695 2108 861 2136 luculentius
882 2109 963 2136 Para-

1022 181 1072 214 τὰς
1085 182 1198 217 βοτάνας
1216 183 1297 214 αὐτὸς
1318 184 1350 209 ἐκ
1369 183 1420 218 τῆς
1437 183 1488 218 γῆς
1514 183 1661 217 βλαστῆσαι
1678 187 1818 218 προσετα-

1024 227 1078 259 ξεν.
1096 228 1183 255 Ἶσασι
1198 228 1227 254 δὲ
1243 228 1316 264 ὅμως
1327 248 1335 260 ,
1350 228 1387 259 ὡς
1402 228 1477 254 οὐδὲν
1495 227 1580 263 ἰσχύει
1596 227 1648 254 τῶν
1672 227 1770 263 ίατρῶν
1793 228 1814 262 ἡ

1022 273 1119 308 τέχνη,
1136 273 1173 309 μὴ
1187 273 1346 310 βουλομένου
1361 273 1428 300 Θεοῦ
1464 273 1532 300 ἀλλὰ
1552 273 1668 300 τοσαῦτα
1689 272 1816 303 δύναται,

1022 319 1071 346 ὅσα
1090 320 1170 351 αὐτὸς
1191 319 1324 355 βούλεται.
1348 318 1401 346 Τοῦ
1427 319 1456 345 δὲ
1478 319 1619 354 Ἰεροσοὰμ
1639 319 1653 345 ὁ
1671 316 1745 350 οἶκος
1761 318 1817 352 τὴν

1022 366 1209 402 πανωλεθρίαν
1240 366 1369 402 ὑπέμεινε
1393 365 1462 392 κατὰ
1484 365 1533 401 τὴν
1557 365 1706 401 πρόρρησιν
1733 365 1818 399 Ἀχιᾶ

1021 411 1068 437 τοῦ
1080 411 1238 447 Σηλωνίτου.
1261 411 1403 443 Ἑπὰτιιξε
1421 411 1486 446 γὰρ,
1503 411 1586 446 φησὶ,
1602 410 1707 437 Βαασὰ
1719 410 1817 442 ,βασι-

1021 457 1094 491 λεὺς
1117 457 1240 491 Ἰσραὴλ
1256 457 1330 484 ὅλον
1344 456 1396 483 τὸν·
1413 455 1497 483 οἷιιον
1515 456 1673 490 Ἰεροϐοὰμ,
1688 455 1738 482 καὶ
1752 456 1816 490 οὐχ

1020 504 1198 531 ὑπελείπετο
1219 503 1321 531 πᾶσαν
1340 502 1439 537 πνοὴν
1461 503 1496 529 ἐν
1516 502 1557 535 τῷ
1575 501 1736 536 Ἰεροϐοὰμ,
1754 501 1817 534 ἕως

1020 549 1073 577 τοῦ
1094 549 1307 584 ἑξολοθρεῦσιιι
1327 549 1420 576 αὐτὸν
1436 548 1566 581 πάντας,
1585 547 1659 575 κατὰ
1679 547 1712 574 τὸ
1726 547 1817 581 ῥῆμα

1020 596 1129 630 Κυρίου
1149 596 1165 622 ὃ
1184 595 1335 629 ἐλάλησεν
1354 595 1390 622 ἐν
1410 595 1486 629 χειρὶ
1507 594 1560 621 τοῦ
1582 594 1694 620 δούλου
1716 593 1816 619 αὑτοῦ

1027 639 1105 673 Ἆχιὰ
1116 640 1168 667 τοῦ
1180 639 1361 673 Σηλωνίτου.
1372 638 1464 665 Ταῦτα
1477 638 1504 665 δὲ
1516 637 1563 664 καὶ
1577 637 1668 663 Βαασὰ
1682 636 1812 663 πέπονθε.

1020 686 1075 722 Τὴν
1097 686 1152 720 γὰρ
1169 685 1254 720 αὐτὴν
1271 686 1318 712 καὶ
1335 681 1410 716 οὗτος
1427 683 1553 710 ἀσέὸειαν
1571 683 1618 711 καὶ
1636 683 1815 720 παρανομίαν

1019 732 1169 767 ἠσπάσατο.
1188 732 1244 758 Καὶ
1265 730 1332 758 Ἦλὰ
1343 731 1371 757 δὲ
1388 731 1402 756 ὁ
1418 730 1512 757 τούτου
1529 731 1593 761 παῖς
1613 730 1688 765 παρὰ
1701 728 1815 764 Ζαμὸρὶ

1020 779 1126 812 ἐδέξατο
1137 778 1185 815 τὴν
1202 778 1318 814 πληγήν.
1333 774 1417 809 Οὗτος
1432 777 1459 804 δὲ
1476 777 1546 803 κατὰ
1558 777 1608 812 τὴν
1623 776 1815 811 γεγενημένην

1022 825 1173 860 πρόρρησιν
1189 824 1269 851 πάλιν
1304 824 1393 851 πάντα
1419 823 1465 850 τὸν
1497 823 1543 850 τοῦ
1563 822 1658 849 Βαασὰ
1693 821 1814 849 κατέλυ-

1022 879 1068 897 σεν
1090 868 1173 897 οἷκον.
1186 870 1241 897 Τοῦ
1270 869 1298 896 δὲ
1319 869 1385 896 λαοῦ
1411 869 1456 896 τὸν
1473 868 1581 905 Ζαμερὶ
1605 870 1816 904 χειροτονήσαν-

1020 925 1066 948 τος
1083 916 1208 952 βασιλέα,
1230 916 1457 952 πολιορκούμενος
1472 917 1486 942 ὁ
1501 915 1609 950 Ζαμῆρὶ
1623 915 1668 940 τὸν
1689 913 1764 941 οἷκον
1781 915 1816 940 ὲν

1019 959 1042 996 ᾧ
1053 963 1145 998 διῆγεν
1160 962 1308 997 ἐνέπρησε,
1321 961 1368 988 καὶ
1385 961 1433 987 σὺν
1449 961 1546 995 ἐκείνῳ
1562 959 1671 991 καυοεὶς
1687 958 1816 986 τετελεύ-

1019 1017 1097 1044 τηκε.
1115 1008 1301 1043 Διδασκόμεοα
1313 1008 1341 1034 δὲ
1357 1007 1400 1034 διὰ
1414 1007 1516 1035 τούτων
1532 1007 1621 1043 ἡμεῖς,
1632 1006 1669 1038 ὠς
1683 1006 1746 1037 τοὺς
1761 1014 1815 1032 πο-

1019 1054 1101 1090 νηρίᾳ
1117 1054 1255 1086 συζῶντας
1265 1054 1298 1081 δι’
1311 1053 1432 1089 ἀλλήλων
1448 1053 1603 1087 ὁΔεσπότης
1614 1052 1722 1084 κολάζει
1731 1051 1813 1083 Θεὸς,

1019 1100 1066 1126 καὶ
1084 1099 1123 1135 τῷ
1145 1099 1318 1136 πονηροτέρῳ
1336 1099 1382 1126 τὸν
1402 1099 1520 1134 πονηρὸν
1540 1098 1736 1134 παραδίδωσιν,
1753 1095 1815 1124 οἷόν

1018 1154 1073 1173 τισι
1089 1145 1196 1181 δημίοις
1212 1144 1380 1180 κεχρημένος
1394 1144 1494 1175 αὐτοῖς.

1059 1191 1168 1227 Ἐπειδὴ
1193 1190 1222 1217 δέ
1242 1198 1314 1222 τινες
1339 1189 1465 1225 ζητοῦσι,
1488 1188 1571 1215 πόθεν
1589 1188 1614 1215 οἱ
1638 1187 1813 1223 Σαμαρεῖται

1017 1235 1096 1273 τήνδε
1108 1236 1156 1272 τὴν
1172 1235 1354 1272 προσηγορίαν
1369 1236 1516 1271 ἐσχήκασιν
1525 1255 1532 1266 ,
1545 1235 1578 1260 ὲκ
1591 1234 1640 1269 τῆς
1659 1232 1812 1268 προκειμέ-

1018 1292 1066 1318 νης
1084 1282 1200 1318 ἱστορίας
1217 1282 1296 1309 τοῦτο
1313 1281 1407 1317 μαθεῖν
1422 1280 1544 1312 εὐπετές.
1566 1280 1730 1314 Ἐκτήσατο
1741 1279 1811 1315 γὰρ,

1018 1330 1094 1365 φησὶ,
1114 1328 1224 1364 Ζαμϐρὶ
1240 1328 1273 1356 τὸ
1297 1327 1365 1362 ὄρος
1382 1327 1414 1354 τὸ
1427 1326 1563 1362 Σεμέρων
1583 1326 1663 1360 παρὰ
1685 1325 1811 1360 Σεμμὴρ

1017 1374 1071 1402 τοῦ
1088 1375 1192 1408 κυρίου
1212 1374 1305 1401 αὐτοῦ
1327 1373 1381 1400 δύο
1396 1372 1552 1400 ταλάντων
1569 1371 1711 1406 ἀργυρίου
1723 1391 1730 1402 ,
1756 1371 1811 1398 καὶ

1017 1420 1189 1456 ᾠκοδόμησε
1205 1420 1237 1446 τὸ
1252 1419 1331 1454 ὅρος,
1352 1419 1402 1446 καὶ
1415 1418 1580 1445 ἑπεκάλεσε
1599 1417 1632 1444 τὸ
1647 1417 1740 1451 ὄνομα
1754 1418 1812 1444 αὺ-

1017 1467 1069 1494 τοῦ
1083 1466 1170 1501 ὄρους
1180 1464 1215 1494 οὗ
1225 1465 1428 1500 ᾠκοδόμησεν,
1439 1464 1489 1491 ἐπὶ
1504 1463 1544 1496 τῷ
1555 1464 1676 1497 ὀνόματι
1688 1462 1810 1497 Σεμμὴρ

1016 1511 1068 1538 τοῦ
1081 1511 1186 1546 κυρίου
1199 1511 1252 1538 τοῦ
1267 1511 1363 1545 ὄρους,
1379 1509 1523 1544 Σεμέρων.
1543 1509 1608 1535 Ἀπὸ
1620 1509 1649 1535 δὲ
1664 1508 1711 1534 τοῦ
1726 1508 1809 1543 ὅρους

1015 1560 1032 1594 ἡ
1048 1559 1125 1590 πόλις
1138 1558 1289 1594 Σαμάρεια,
1304 1556 1447 1592 Σαμάρεια
1463 1556 1491 1582 δέ
1507 1556 1581 1581 ἐστιν
1592 1555 1609 1590 ἡ
1621 1554 1668 1580 νῦν
1684 1553 1810 1589 Σεϐαστὴ

1015 1602 1283 1639 προσαγορευομένη.
1306 1601 1349 1628 Ἐν
1370 1601 1438 1636 αὐτῇ
1464 1600 1492 1626 δὲ
1513 1598 1547 1634 ἦν
1568 1599 1622 1626 τῶν
1646 1598 1749 1625 δώδεκα

1015 1649 1105 1684 φυλῶν
1120 1648 1154 1676 τὰ
1168 1648 1300 1684 βασίλεια.
1316 1645 1624 1682 Ἐξανδραποδισθεισῶν
1633 1645 1662 1671 δὲ
1674 1644 1728 1672 τῶν
1739 1644 1811 1673 δέκα.

1014 1694 1124 1729 φυλῶν,
1141 1694 1188 1720 καὶ
1207 1694 1258 1729 τῆς
1276 1692 1328 1728 γῆς
1347 1692 1455 1728 ἐκείνης
1481 1692 1585 1727 ἐρήμου
1608 1690 1808 1727 γεγενημένης,

1016 1740 1183 1776 μετέστησάν
1195 1748 1272 1772 τινας
1286 1740 1319 1766 ὲκ
1331 1739 1385 1766 τῶν
1396 1738 1471 1774 ἑῴων
1486 1737 1577 1774 μερῶν
1588 1738 1628 1769 εἰς
1638 1737 1745 1769 ὲκείνας
1756 1737 1810 1769 τὰς

1015 1787 1105 1819 πόλεις
1124 1787 1178 1814 τῶν
1200 1785 1349 1821 Ἀσσυρίων
1369 1786 1393 1811 οἱ
1413 1783 1540 1820 βασιλεῖς.
1558 1780 1638 1810 Οὗτοι
1654 1783 1682 1809 δὲ
1701 1783 1734 1809 ὲκ
1754 1782 1809 1818 τῆς

1014 1833 1168 1868 Σαμαρείας
1185 1832 1382 1868 ὠνομάσθησαν
1398 1832 1574 1866 Σαμαρεῖται.

1049 1877 1141 1904 Ταῦτα
1156 1877 1219 1913 περὶ
1232 1877 1279 1904 τοῦ
1304 1877 1411 1912 Ζαμϐρὶ
1427 1875 1546 1911 εἰρηκὼς
1558 1895 1566 1907 ,
1581 1875 1627 1901 ἐπὶ
1641 1874 1686 1901 τὸν
1705 1873 1809 1900 Ἰούδαν

1015 1923 1126 1959 μετέόη,
1139 1924 1187 1950 καὶ
1202 1922 1358 1958 τεθαύμακε
1371 1922 1416 1948 τὸν
1434 1920 1576 1956 Ἰωσαφάτ.
1595 1921 1639 1946 Ἐν
1649 1921 1703 1951 τοῖς
1715 1919 1808 1950 ἄλλοις

1013 1969 1065 2005 ἔφη
1080 1970 1173 1997 αὐτὸν
1191 1969 1225 1996 τὸ
1237 1968 1323 2000 εὐθὲς
1335 1967 1462 1994 ἐνώπιον
1473 1966 1584 2001 Κυρίου
1599 1964 1806 1998 πεποιηκέναι.

1020 2015 1178 2051 Ἐμέμψατο
1191 2015 1219 2041 δὲ
1239 2015 1277 2046 ὼς
1290 2014 1339 2049 τὴν
1361 2015 1390 2040 ὲν
1405 2014 1463 2045 τοῖς
1485 2013 1596 2048 ὑψηλοῖς
1618 2011 1743 2046 λατρείαν
1767 2010 1806 2045 μὴ

1013 2061 1176 2094 παύσαντα,
1201 2060 1269 2087 ἀλλὰ
1292 2060 1339 2086 καὶ
1362 2059 1410 2085 τοῦ
1436 2058 1537 2093 Ἀχααὸ
1559 2057 1608 2093 τὴν
1642 2057 1806 2091 συγγένειαν

1013 2106 1217 2141 ἀσπασάμενον.
1251 2104 1344 2132 Ταῦτα
1373 2104 1402 2130 δὲ
1430 2103 1595 2139 σαφέστερον
1623 2102 1677 2130 τῶν
1705 2103 1806 2135 Παρα-

178 2155 332 2190 Iipomenon
345 2154 414 2182 liber
426 2154 543 2182 edocuit.
563 2154 647 2187 Cujus
662 2155 699 2182 rei
718 2155 804 2189 gratia
823 2159 851 2182 et
861 2155 907 2190 qui
922 2155 963 2182 hi-

1020 2151 1200 2189 λειπομένων
1215 2151 1232 2186 ὴ
1251 2150 1342 2185 βιὸλος
1361 2150 1488 2184 ἐδίδαξεν.
1509 2146 1549 2177 Οὗ
1568 2149 1600 2185 δὴ
1623 2149 1703 2184 χάριν
1726 2147 1774 2174 καὶ
1790 2149 1806 2174 ὁ

176 2202 289 2229 storiam
306 2201 480 2236 conscripsit,
496 2202 530 2228 ad
547 2196 622 2229 illuni
640 2209 690 2228 nos
705 2201 820 2229 remisit.

212 2290 321 2319 Tertius
337 2294 433 2326 regnat
445 2290 531 2318 Baasa
549 2291 575 2318 in
602 2291 694 2318 Israel.
709 2290 798 2317 Nubat
818 2290 890 2318 enim
908 2291 963 2319 tilio

175 2337 320 2365 Jeroboam
337 2341 471 2372 regnante
486 2341 548 2372 post
564 2343 679 2371 patrem,
691 2337 857 2365 interﬁcitur
872 2338 907 2366 ab
917 2346 960 2371 eo,

176 2389 204 2410 ut
220 2383 278 2416 ipse
294 2389 408 2417 regnum
421 2382 572 2416 usurpavit.
584 2382 662 2410 Cura:
677 2390 758 2416 porro
771 2383 822 2410 l’uit
837 2383 960 2411 historiae

175 2427 281 2454 auctori
296 2427 420 2454 narranti
434 2435 465 2453 ea
479 2434 541 2461 quae
554 2427 581 2454 in
599 2427 652 2454 vita
671 2428 725 2455 Asa
737 2428 919 2462 obvenerant,
932 2429 960 2456 in

175 2474 295 2501 medium
318 2473 443 2508 proferre
467 2473 560 2501 Baasze
584 2481 738 2508 personam.
765 2474 805 2501 Ac
830 2475 961 2511 deinceps

175 2528 236 2547 cum
261 2520 411 2555 hyperbato
430 2520 550 2555 procedit
566 2521 697 2548 narratio.
714 2519 741 2547 In
763 2520 840 2548 libris
858 2521 960 2556 Regum

175 2575 229 2594 non
245 2567 360 2595 aﬂ‘ertur
373 2567 526 2595 Jeroboami
543 2574 633 2600 mors,
657 2568 705 2595 sed
721 2567 747 2594 in
769 2569 889 2596 secundo
908 2569 960 2596 Pa-

175 2613 360 2648 ralipomenon
374 2613 500 2645 habetur,
516 2612 589 2648 quod
605 2619 757 2646 persecutus
771 2618 810 2640 est
822 2615 890 2640 Abiu
901 2619 960 2649 post

175 2657 330 2694 Jeruboam,
354 2665 378 2687 et
401 2661 537 2694 prwripuit
566 2660 598 2687 ab
627 2659 674 2686 illo
698 2660 815 2687 ciuitates
842 2660 909 2687 hanc
935 2666 959 2687 et

1016 2199 1065 2234 τὴν
1083 2198 1201 2234 ἱστορίαν
1218 2196 1418 2233 συγγεγραφὼς
1440 2197 1480 2228 εἰς
1498 2195 1606 2230 ἐκείνην
1624 2195 1697 2230 ἡμᾶς
1717 2193 1805 2230 παρι-

1016 2244 1133 2280 πεμψεν.

1052 2291 1090 2326 (5)
1102 2290 1199 2326 Τρίτος
1217 2290 1266 2325 μὲν
1283 2288 1419 2324 βασιλεύει
1443 2288 1537 2314 Βαασὰ
1550 2287 1596 2313 ἐπὶ
1616 2286 1733 2322 Ἰσραήλ.
1749 2286 1803 2312 Τοῦ

1015 2339 1069 2374 γὰρ
1089 2337 1183 2365 Ναόὰτ
1198 2337 1258 2363 υἱοῦ
1277 2335 1417 2372 Ἱεροῦοὰμ
1438 2334 1643 2370 βασιλεύσαντος
1666 2333 1734 2368 μετὰ
1758 2332 1805 2358 τὸν

1016 2383 1122 2420 πατέρα
1134 2404 1142 2416 ,
1159 2382 1348 2410 ἀποκτείνεται
1363 2381 1408 2408 ὑπ’
1432 2380 1513 2408 αὑτοῦ
1523 2389 1529 2395 ·
1549 2379 1629 2409 αὐτὸς
1641 2379 1670 2406 δὲ
1687 2379 1736 2414 τὴν
1753 2377 1802 2413 βα-

1016 2430 1117 2457 σιλείαν
1134 2430 1304 2466 ὑφήρπασεν.
1324 2427 1490 2454 Ἑσπούδασε
1510 2426 1539 2453 δὲ
1558 2426 1572 2452 ὁ
1597 2425 1804 2460 ἱστοριογράφος

1014 2475 1049 2503 τὰ
1067 2477 1096 2502 ὲν
1110 2476 1143 2511 τῇ
1160 2474 1216 2510 ζωῇ
1237 2474 1284 2501 τοῦ
1307 2473 1373 2500 Ἀσὰ
1396 2473 1544 2507 γιγνόμενα
1567 2472 1666 2505 λέγων,
1688 2480 1802 2506 παρεισ-

1015 2523 1134 2557 ενεγκεῖν
1145 2521 1192 2548 τοῦ
1200 2520 1294 2547 Βαασὰ
1305 2519 1458 2555 πρόσωπον.
1470 2519 1525 2545 Καὶ
1540 2517 1631 2544 λοιπὸν
1650 2517 1708 2552 μεθ’
1723 2517 1804 2551 ὑπερ-

1015 2569 1098 2595 ϐατοῦ
1113 2568 1223 2602 γέγονεν
1240 2567 1257 2602 ἡ
1278 2565 1416 2601 ἐξήγησις.
1433 2565 1476 2591 Ἐν
1491 2565 1550 2595 ταῖς
1564 2562 1735 2595 Βησιλεὶαις
1753 2562 1802 2597 μὲν

1013 2614 1064 2642 οὐκ
1086 2612 1234 2649 ἐμφέρεται
1255 2612 1269 2637 ό
1293 2611 1407 2641 θάνατος
1428 2609 1475 2636 τοῦ
1497 2608 1653 2644 Ὶεροῆοάμ·
1676 2608 1704 2634 ἐν
1719 2607 1747 2634 δὲ
1768 2607 1800 2642 τῇ

1013 2659 1126 2695 δευτέρᾳ
1142 2658 1195 2686 τῶν
1209 2656 1476 2692 Παραλαπομὲνων
1492 2654 1662 2691 περιέχεται,
1678 2654 1720 2681 ὃτι
1735 2661 1802 2680 κατ⁴

211 2729 233 2743 ⁸⁵
249 2728 280 2755 lll
294 2729 362 2763 Reg.
376 2737 420 2763 xv,
435 2729 480 2758 29.
519 2729 539 2745 ‘7
552 2729 660 2764 lllltcg.
673 2725 778 2763 “1,94.
793 2730 814 2745 ⁸⁵
841 2730 859 2757 ll
879 2729 966 2759 Paral.
987 2739 1032 2760 xx.

211 2797 250 2831 (ε)
266 2797 345 2823 Δέκα.

1054 2796 1091 2832 (π)
1110 2795 1171 2824 llaec
1186 2801 1330 2832 ScilllClliL‘S
1347 2803 1440 2824 tersus
1452 2795 1609 2832 respiciunt.
