1918 3069
88 91 128 120 Gl

747 96 970 126 ENARIiATlON
974 98 1015 127 ES
1032 99 1066 127 IN
1085 99 1157 129 JOB.

1721 102 1757 130 62

96 150 151 178 τὴν
167 150 206 182 εις
221 149 310 187 αὺτὴν
322 153 496 182 τυπωθέντα
508 154 594 181 ταῦτα
602 154 781 189 φθέγγεσθαι·
791 154 853 182 οὐδὲ
864 155 901 189 γὰ

971 164 1030 184 eam
1047 161 1288 192 repraesentantem
1313 157 1372 185 hare
1396 157 1480 185 fuisse
1506 157 1646 190 loculum;
1669 166 1757 193 neque

101 195 144 234 ἦν
162 197 212 233 τήν
222 199 343 231 γυναῖκα
357 199 410 226 τοῦ
430 200 492 227 ’1ὼὸ
505 201 633 236 τοιαύτην
648 198 728 227 εἶναι·
745 200 816 237 πλὴν
836 201 863 227 sl
874 209 918 233 τις

106 244 202 278 λέγοι,
216 245 348 280 συμφορᾷ
358 253 395 272 πε
400 247 592 282 ριτραπεῖσαν,
603 246 731 282 τοιαύτην
741 247 826 283 αὐτὴν
842 246 918 281 γενέ-

108 290 193 318 σθαι.
207 289 262 318 Καὶ
278 292 344 325 μετ’
358 292 459 327 ὀλίγα·
477 292 558 324 Εἰκὸς
578 292 609 318 οὺ
625 291 729 328 ταύτην
745 291 857 329 πρώτην
870 300 917 327 γει

106 335 251 371 τεν-ἧσθαι
265 336 316 372 τὴν
330 337 499 374 συμδουλὴν,
522 337 590 365 ἀλλὰ
605 337 734 370 πολλάκις
748 337 834 365 πολλὰ
855 337 917 365 τού-

105 391 174 409 των
199 382 318 409 ἁκοῦσαι
338 383 520 420 χαλεπύηερα
538 383 614 420 παρὰ
627 384 676 419 τῆς
691 384 830 418 γυναικός.
846 385 916 421 ὀρα

105 429 277 465 διαϐολικὴν
284 429 406 466 ἀπάτην.
423 430 563 466 Ἐνενόησε
570 430 621 466 τὴν
632 430 714 458 Εὗαν.
724 431 819 464 Τοῦτο,
837 431 914 467 φησὶ,

104 475 163 502 τὸν
182 476 292 512 πρῶτον
306 478 476 512 κατήνεγκεν
495 476 649 512 ἄνθρωπον·
661 476 740 504 τοῦτο
754 478 802 504 καὶ
817 478 914 504 τούτου

105 521 314 558 περιγενέσθαι
335 522 488 558 δυνήσεται.
511 522 592 556 Ἀλλ’,
607 519 630 550 ὦ
645 522 721 551 ἄθλιε
735 523 784 550 καὶ
797 523 911 559 ἀνόητε1

104 567 222 592 ἐκεῖνον
236 566 339 601 ἥττονα
349 566 467 602 γαστρὸς
481 567 608 603 εὑροῦσα,
621 567 660 595 ίδν
669 567 780 604 ἔσπειρε
793 568 839 595 τδν
851 568 914 595 έαυ-

104 612 177 647 τῆς.
197 611 303 639 Τοῦτον
321 612 350 639 δὲ
370 613 437 648 ὁρᾷς
453 612 662 648 φιλοσοφοῦντα,
679 612 726 639 κα).
739 613 825 648 αὐτῆς
835 622 914 649 περι-

106 657 266 694 γενόμενον
289 659 339 695 τῆς
366 658 483 694 φύσεως.
499 659 556 686 οὐκ
572 655 732 695 ἐπέκαμψεν
747 659 830 686 αὑτὸν
843 668 912 696 χρη-

107 702 214 738 μάτων
233 702 369 736 ἀπώλεια,
386 704 447 731 οὐδὲ
471 703 574 730 παίδων
591 703 704 735 θάνατος
721 702 824 739 ᾇωρος,
850 703 912 730 οὐδὲ

107 748 236 784 βάσανος
249 748 377 785 σώματος
394 749 620 785 ἀπαραμύθητος,
638 749 700 776 οὐδὲ
715 749 813 785 χρόνου
825 749 912 785 μῆκος

104 794 254 822 τοσοῦτον.
273 796 330 822 Καὶ
343 795 390 822 τὸν
406 796 459 823 ὑπὸ
476 796 646 832 πραγμάτων
661 795 712 831 οὐχ
725 795 835 829 ἁλόντα,
847 795 910 822 τοῦ-

104 850 157 869 τον
173 841 233 869 ὑπὸ
246 841 335 876 λόγων
348 842 501 878 προσδοκᾷς
516 841 714 878 χειρώσασθαι,

421 887 478 915 Τοῦ
504 888 607 915 αὐτοῦ.

145 933 180 960 Τί
190 933 241 960 τὸν
254 933 376 970 ἀθλητὴν
395 933 516 967 Exhinc;
531 933 565 960 Τί
579 933 772 966 καταστέλλεις
788 933 839 965 τὰς
852 933 908 968 χεῖ-

107 988 178 1015 pag;
195 979 259 1007 δέον
269 981 358 1008 εἰπεῖν
375 979 447 1007 κατὰ
461 980 507 1008 τὸν
527 978 698 1008 ’Δπόστολον-
717 981 779 1007 Ἔτι
786 979 906 1015 μικρὸν,

104 1026 152 1053 ἐτι
159 1026 288 1061 μικρόν.

105 1073 154 1101 En.
171 1073 209 1102 θ’.
231 1072 311 1100 Ἀλλ’
323 1070 412 1100 εἶπόν
435 1081 462 1100 τι
475 1073 566 1135 ἐρῆμα
584 1072 640 1109 (16)
659 1074 704 1107 εις
717 1073 838 1108 Κύριον,
857 1071 908 1099 καὶ

443 1116 475 1135 τε
513 1117 579 1135 υτα.

443 1116 579 1135 τελευτα.

142 1152 228 1179 Μετὰ
237 1153 271 1179 τὸ
284 1153 334 1189 τὴν
341 1153 493 1189 τραγῳδίαν
507 1153 629 1189 ἀκριὸὦς
643 1154 834 1190 διηγήσασθαι,
846 1156 906 1182 τότε

106 1199 157 1235 τὴν
171 1200 354 1234 ἀναίσχυντον
377 1200 503 1234 ἐπιφέρει
524 1199 690 1236 συμϐουλήν.
706 1201 762 1228 Καὶ
779 1201 839 1228 οὐδὲ
858 1202 907 1228 αὑ-

105 1245 146 1280 τῷ
163 1245 294 1281 φανερῶς
305 1243 377 1278 εἷπε,
391 1246 500 1282 Βλασφή
505 1254 600 1281 μησον.
613 1247 644 1272 οι
656 1246 710 1283 γὰρ
720 1248 826 1283 πονηρὰ
838 1257 907 1284 συμ-

106 1291 288 1324 ϐουλεύοντες
313 1293 343 1318 οὺ
367 1291 504 1328 τολμῶσιν
532 1292 796 1330 ἀνακεκαλυμμένην
828 1294 905 1322 εἰσά-

107 1346 168 1372 γειν
189 1338 241 1373 τὴν
258 1337 424 1373 συμϐουλήν.
445 1338 478 1364 Τί
496 1337 597 1372 λέγεις,
613 1335 635 1364 ὦ
649 1338 745 1372 γύναι;
762 1339 827 1367 Δέον
849 1338 905 1373 ἐει-

107 1381 278 1414 λεώσασθαι,
295 1382 355 1410 δέον
369 1382 543 1416 καταλλάξαι,
556 1383 706 1418 παροξῦναι
721 1384 820 1420 μᾶλλον
835 1394 906 1421 παρ-

108 1429 212 1462 αινείς;
239 1429 272 1455 EE
288 1428 343 1464 γὰρ
362 1429 377 1455 ὁ
394 1428 461 1461 Θεὸς
476 1428 564 1456 ταῦτα
579 1430 703 1465 ἐποίησε,
717 1431 905 1466 παρακαλέσαι

108 1475 201 1507 αὑτὸν,
221 1475 254 1501 οὐ
278 1475 473 1511 βλασφημῆσαι
488 1475 538 1502 δεῖ.
556 1475 641 1503 Πόθεν
660 1475 688 1502 δὲ
701 1475 791 1512 δῆλον,
806 1477 848 1504 ὅτι
858 1478 905 1505 καὶ

967 203 1040 229 enim
1054 207 1162 238 poterat
1185 211 1254 230 uxor
1267 201 1327 230 Jobi
1343 209 1405 230 esse
1423 203 1589 238 bujusmodi.
1614 203 1670 230 Nisi
1694 204 1756 238 quis

967 248 1053 280 dicat.
1067 248 1226 276 calamitate
1244 252 1385 282 mutatam,
1404 255 1465 276 eam
1481 249 1561 276 talem
1573 249 1704 277 evasisse.
1722 249 1756 276 Et

966 299 1024 329 post
1037 301 1124 329 pauca
1136 301 1145 320 :
1159 294 1275 321 Videtur
1287 301 1341 321 non
1357 294 1412 322 hoc
1435 294 1551 329 primum
1567 294 1650 322 fuisse
1665 295 1754 322 consi-

966 339 1045 372 lium,
1057 339 1105 367 sed
1121 347 1195 375 saepe
1213 340 1297 366 multa
1315 339 1377 367 istis
1391 341 1518 375 graviora
1534 340 1568 367 ab
1582 348 1666 367 uxore
1677 340 1756 367 inau-

965 385 1077 414 divisse.
1094 386 1212 414 Attende
1226 385 1387 413 diabolicam
1399 386 1597 414 seductionem.
1609 385 1753 420 Recogita-

965 431 1005 459 vit
1023 431 1119 459 Evam.
1140 431 1208 464 Hoc.
1222 431 1322 466 inquit,
1336 433 1453 466 primum
1470 432 1652 467 praecipitavit
1667 431 1754 458 homi-

964 485 1047 505 nem:
1064 478 1115 506 hoc
1139 478 1221 505 istum
1248 485 1358 513 quoque
1379 485 1509 513 superare
1534 478 1641 512 poterit.
1659 478 1753 510 Sed,o

964 522 1087 551 miseret
1103 522 1217 550 tolich
1236 521 1314 550 illum
1331 524 1421 551 ventri
1439 524 1586 551 obnoxium
1600 527 1688 555 nacta,
1705 531 1753 550 ve-

964 576 1062 596 nenum
1075 568 1218 602 inspiravit
1233 575 1325 596 suum.
1341 569 1378 596 At
1398 570 1471 596 bunc
1485 569 1562 596 vides
1581 569 1674 596 virtuti
1689 576 1752 602 ope-

964 621 1022 641 ram
1033 613 1154 646 dantem,
1169 619 1197 641 et
1209 614 1354 649 ipsammet
1364 620 1536 650 superantem
1548 619 1682 641 naturam.
1692 613 1750 641 Non

962 666 1024 687 eum
1050 659 1156 687 inﬂexit
1182 659 1340 687 facultatum
1370 660 1493 693 amissio,
1517 668 1570 687 non
1601 660 1747 688 liberorum

963 711 1037 731 mors
1052 704 1209 738 immatura,
1221 712 1276 732 non
1285 706 1410 740 corporis
1422 710 1525 737 tortura
1536 705 1750 737 inconsolabilis.

961 756 1012 777 nec
1038 749 1171 785 temporis
1194 754 1269 778 tanta
1297 751 1474 779 diuturnitas.
1496 751 1604 786 Ergone
1627 759 1688 778 eum
1705 752 1751 786 qui

962 796 1043 823 rebus
1058 795 1124 831 ipsis
1140 797 1231 824 vietus
1246 804 1299 825 non
1319 797 1382 831 fuit,
1395 797 1488 826 verbis
1502 802 1529 825 te
1545 799 1650 826 huncce
1671 799 1752 825 sula-

926 835 947 863 Β
961 846 1070 870 cturum
1090 842 1253 871 existimas?

1287 887 1427 923 Ejusdem.

996 933 1067 967 Quid
1084 933 1216 962 athletam
1230 933 1618 968 labelactas?Quidconlralris
1638 941 1745 965 manus,

960 987 1022 1008 cum
1042 983 1181 1015 oporteret
1195 980 1285 1008 dicere
1306 987 1369 1007 cum
1390 979 1520 1015 Apostolo
1534 988 1542 1007 :
1557 980 1651 1006 Adhuc
1663 979 1749 1006 modi-

960 1034 1032 1058 cum,
1047 1026 1134 1053 adhuc
1147 1026 1280 1053 modicum
1295 1026 1375 1052 ’³-⁵δῖ

961 1071 993 1099 ν.
1004 1072 1031 1100 9.
1044 1071 1098 1099 Sed
1108 1072 1152 1099 dic
1163 1072 1269 1105 aliquod
1281 1072 1386 1099 verbum
1399 1080 1426 1099 ιη
1438 1071 1591 1105 Dominum,
1604 1076 1628 1098 et
1636 1078 1749 1099 morere.

994 1150 1141 1186 Postquam
1152 1150 1305 1178 luctuosum
1315 1155 1442 1178 eventum
1455 1150 1601 1186 diligenter
1612 1149 1749 1184 exposuit,

962 1201 1027 1224 tunc
1042 1196 1186 1232 impudens
1211 1196 1317 1232 profert
1328 1196 1485 1225 consilium.
1511 1196 1605 1231 Neque
1617 1196 1642 1223 ei
1658 1196 1748 1222 mani~

961 1243 1113 1271 festedisit
1122 1253 1129 1271 :
1139 1243 1370 1279 Blasphema.Qui
1380 1243 1452 1270 enim
1465 1242 1581 1277 maligna
1591 1241 1746 1271 consulunt.

959 1298 1013 1318 non
1030 1291 1129 1318 audent
1151 1295 1275 1326 apertum
1299 1290 1398 1317 allerre
1411 1288 1567 1318 consilium.
1581 1287 1651 1322 Quid
1665 1287 1716 1319 ais,
1731 1295 1749 1313 ο

959 1337 1047 1365 uxor?
1058 1336 1125 1364 Cum
1147 1344 1259 1365 necesse
1275 1336 1366 1371 potius
1380 1339 1454 1363 esset
1469 1334 1606 1369 placatum
1621 1332 1747 1364 reddere,

958 1390 1021 1411 cum
1036 1390 1150 1411 necesse
1163 1387 1238 1410 esset
1255 1381 1421 1413 conciliare,
1444 1380 1553 1408 irritare
1572 1379 1661 1414 potius
1684 1385 1747 1404 sna—

958 1429 1024 1458 des?
1036 1428 1065 1457 Si
1083 1429 1156 1456 enim
1172 1429 1230 1456 hate
1247 1428 1318 1456 Deus
1344 1427 1423 1459 fecit,
1443 1433 1559 1454 exorare
1583 1424 1670 1458 illum,
1693 1431 1746 1450 non

958 1475 1152 1511 blasphemare
1162 1478 1279 1509 oportet.
1294 1473 1372 1501 Unde
1388 1477 1478 1500 autem
1501 1471 1597 1505 liquet,
1612 1469 1683 1504 quod
1699 1469 1743 1496 ubi

109 1521 249 1557 ἐρώμενον
270 1521 326 1557 (17)
343 1521 513 1557 τελευτήσω;
526 1521 599 1557 Πλὴν
616 1521 667 1557 δρα
682 1522 757 1554 ὅπως
769 1520 826 1558 εἶχε
842 1524 901 1560 περ)

960 1525 1117 1549 exsecratus
1125 1520 1214 1553 fuero,
1227 1519 1330 1547 moriar
1339 1519 1352 1546 τ
1362 1518 1555 1546 Verumtamen
1569 1516 1678 1543 attende
1693 1522 1746 1550 qua

109 1567 158 1603 τῆς
173 1567 350 1602 βλασφημίας
363 1568 381 1603 ὴ
407 1568 488 1604 γυνή.
508 1568 614 1604 Ὥσπερ
635 1568 807 1605 παραχρῆμα
821 1569 906 1605 αὐτὴν

110 1613 225 1640 θάνατον
238 1613 354 1648 ἐπάγειν
372 1613 468 1650 ἱκανὴν
484 1615 589 1650 ἠγεῖτο.

111 1658 167 1694 (18)
181 1659 229 1686 Στ.
244 1662 270 1686 ι’.
288 1659 324 1686 El
339 1659 375 1686 τὰ
389 1659 486 1694 ἀγαθὰ
500 1659 665 1694 ἐδεξάμεθα
679 1660 714 1687 ἐκ
730 1660 831 1695 χειρὸς
845 1662 905 1688 Κυ-

255 1694 337 1728 ρίου,
352 1695 388 1722 τὰ
406 1695 482 1722 κακὰ
501 1696 557 1730 οὐχ
570 1694 755 1730 ὑποίσομενξ

149 1740 178 1768 '0
198 1741 254 1776 γὰρ
281 1741 417 1776 μακάριος
436 1738 524 1774 οὗτος,
546 1742 713 1778 πανταχόθεν
730 1741 903 1777 βαλλόμενος,

112 1786 312 1823 ἀσφαλέστερον
328 1789 431 1821 ῖστατο,
446 1788 493 1816 καὶ
510 1789 595 1825 μυρία
608 1789 671 1825 βέλη
687 1789 842 1824 δεχόμενος,
855 1788 904 1815 οὐκ

113 1831 236 1858 ἐνεδίδου.
258 1832 327 1859 Ἀλλ’
339 1833 456 1860 ὲκένωσε
472 1833 522 1869 μὲν
536 1833 584 1861 τοῦ
598 1833 722 1861 διαϐόλου
735 1833 784 1869 τὴν
798 1833 905 1869 βελοθή-

113 1884 171 1912 κην,
185 1877 268 1909 αὐτὸς
279 1877 307 1903 δὲ
318 1878 349 1904 οὐ
367 1879 527 1912 κατέπεσεν,
540 1879 600 1906 οὐδὲ
612 1879 805 1914 ὑπεσκελίσθη.
828 1879 904 1905 Ἀλλ’

112 1921 203 1959 ὥσπερ
218 1922 331 1957 ἄριστος
345 1923 596 1960 κυϐερνήτης,οὔτε
614 1924 781 1960 μαινομένης
792 1924 841 1960 τῆς
860 1924 905 1951 θα-

112 1967 224 2004 λάσσης,
241 1968 290 1995 καὶ
309 1969 362 1996 τῶν
373 1970 503 2005 κυμάτων
516 1970 722 2011 διεγειρομένων
744 1971 904 1997 κατεποντί-

113 2014 181 2046 (seu,
201 2014 264 2042 οὔτε
279 2015 401 2052 γαλήνης
412 2015 495 2052 οὔσης
507 2016 691 2053 ρᾳθυμότερος
701 2017 815 2051 ἐγίνετο.
833 2017 903 2044 Ἀλλ’

114 2061 141 2087 ὲν
155 2061 275 2097 ἑκατέρᾳ
288 2063 322 2097 τῇ
343 2061 397 2088 τῶν
413 2062 519 2099 καιρῶν
535 2063 652 2099 διαφορᾷ
668 2062 730 2098 ῐσην
743 2063 793 2099 τὴν
804 2063 902 2090 ἑαυτοῦ

112 2107 208 2142 τέχνην
223 2107 378 2143 διετήρησε.
393 2108 448 2135 Καὶ
455 2107 516 2134 οὕτε
534 2107 648 2140 πλοῦτος
659 2108 754 2135 έαυτὺν
768 2109 823 2144 (19)
842 2109 904 2144 ἐφύ-

114 2160 203 2187 σησεν,
221 2151 283 2178 οὔτε
295 2152 375 2179 πενία
391 2153 580 2184 ἐταπείνωσεν,
593 2152 665 2184 οὔτε,
685 2153 756 2180 κατὰ
769 2153 832 2189 ῥοῦν
847 2154 902 2181 τῶν

114 2198 280 2233 πραγμάτων
292 2199 461 2234 φερομένων,
470 2198 565 2230 ὕπτιος
578 2196 612 2235 ἦν
625 2199 672 2226 καὶ
683 2199 899 2232 ἀναπεπτωκὼς,

113 2243 182 2276 οὔτε,
197 2243 262 2279 ὅλης
277 2244 371 2280 σχεδὸν
385 2244 434 2280 τῆς
450 2245 553 2276 οἰκείας
564 2245 620 2279 (το)
632 2245 844 2281 ἀνατραπείσης,
854 2246 901 2273 καὶ

114 2288 290 2324 πανολεθρίας
306 2289 465 2324 γενομένης,
479 2289 653 2325 διεταράχθη,
667 2291 714 2317 καὶ
726 2290 775 2326 τὴν
791 2291 901 2327 ἀνδρίαν

114 2334 205 2370 ἢλεγξε
218 2334 267 2370 τὴν
282 2334 390 2362 ἑαυτοῦ.
412 2335 597 2362 Ἀκουέτωσαν
614 2335 746 2368 πλούσιοι,
763 2335 900 2363 ἀκουέτω-

116 2386 162 2407 σαν
176 2377 301 2414 πένητες·
319 2378 461 2412 ἑκατέροις
486 2378 541 2414 γὰρ
562 2380 592 2405 τὸ
609 2379 730 2416 διήγημα
755 2381 899 2417 χρήσιμον,

116 2424 158 2451 καὶ
178 2424 262 2452 πᾶσιν
278 2423 433 2459 ἀνθρώποις
449 2425 466 2460 ή
484 2424 591 2461 ἱστορία
607 2425 760 2461 λυσιτελής·
776 2426 823 2453 καὶ
844 2428 900 2459 τοῖς

116 2471 143 2497 ὲν
155 2469 299 2506 εὐημερίᾳ,
322 2471 370 2497 καὶ
385 2472 443 2503 τοῖς
463 2471 493 2498 ἐν
507 2472 671 2507 συμφοραῖς.
695 2472 831 2508 Ἐκάτερα
846 2474 900 2509 γὰρ

116 2516 146 2542 τὰ
159 2515 227 2542 ὅπλα
240 2516 434 2551 μεταχειρίσας
449 2517 464 2542 ό
475 2516 525 2551 τῆς
538 2516 679 2549 εὐσεῦείας
697 2517 859 2554 ἀγωνιστὴς,
885 2519 900 2546 ὸ

117 2562 160 2596 τῆς
167 2561 330 2597 οἰκουμένης
340 2561 512 2597 στεφανίτης,
526 2562 555 2588 ὲν
566 2562 708 2598 ἑκατέροις
726 2563 756 2589 τὸ
770 2563 899 2599 τρόπαιον

119 2606 214 2642 ἔστησε·
241 2607 290 2635 καὶ
318 2607 388 2642 πρὸς
411 2607 465 2634 πᾶν
478 2605 549 2639 εἶδος
568 2607 687 2643 πολέμου
705 2608 753 2634 τοῦ
775 2609 900 2644 δαίμονος

148 2676 202 2692 ⁵³·¹⁸
215 2668 299 2703 Hebr.
313 2683 341 2708 ι,
354 2675 400 2704 37.

149 2736 200 2770 (l6)
213 2735 282 2764 Cod.
305 2736 393 2771 Ὤριγ.
405 2736 446 2767 εἰς
456 2735 494 2763 τό·
515 2736 597 2764 Ἀλλ’
607 2732 694 2763 εἶπόν
708 2743 734 2761 τι
743 2733 836 2768 ῥῆμα.

149 2771 198 2805 (17)
213 2771 297 2798 Forte
312 2770 464 2806 ἁρῲμενον.

150 2807 199 2839 418)
215 2806 254 2833 Ex
268 2805 337 2833 cod.
355 2805 422 2842 Nan.
441 2807 485 2833 ubi
511 2806 605 2834 titulus
623 2805 826 2842 Χρυσοστόμου,
854 2805 894 2831 Ὦ-

123 2851 165 2879 ριγ.
183 2841 373 2877 Chrysostomi
386 2841 474 2878 potius
492 2842 606 2877 videtur,
621 2843 653 2870 de
668 2842 744 2877 cujus
756 2844 891 2870 columen-

917 2185 939 2213 D

957 1566 1092 1595 sententia
1107 1570 1181 1594 esset
1204 1565 1298 1593 istbmc
1316 1564 1414 1592 mulier
1432 1564 1520 1599 quoad
1540 1561 1745 1597 blasphemiam.

956 1613 1109 1649 Reputabat
1123 1612 1229 1640 scilicet
1239 1620 1298 1640 eam
1309 1619 1389 1647 posse
1399 1611 1491 1639 statim
1502 1614 1616 1637 mortem
1634 1608 1745 1636 inferre.

956 1659 989 1688 ν.
1007 1659 1050 1687 10.
1065 1659 1094 1687 Si
1117 1659 1185 1686 bona
1203 1659 1366 1693 suscepimus
1385 1658 1417 1684 de
1436 1665 1517 1693 manu
1538 1655 1658 1688 Domini,
1673 1654 1745 1681 ntala

1214 1703 1267 1721 non
1280 1692 1466 1720 sustinebimus
1477 1692 1489 1718 2’

995 1740 1097 1768 Beatus
1112 1740 1162 1768 iste
1174 1740 1293 1774 undique
1302 1737 1542 1772 circumpulsatus,
1557 1736 1681 1764 securius
1688 1739 1745 1763 sta-

955 1787 1013 1820 bat,
1030 1791 1058 1814 et
1076 1786 1182 1813 inﬁnita
1207 1785 1359 1819 suscipiens
1380 1784 1445 1816 tela,
1470 1791 1523 1810 non
1541 1782 1664 1810 cedebat.
1690 1782 1745 1809 Sed

954 1833 1098 1861 evacuavit
1113 1831 1222 1866 quidem
1236 1829 1336 1858 diaboli
1356 1830 1524 1865 pharetram,
1545 1828 1604 1862 ipse
1616 1834 1682 1854 vero
1695 1834 1745 1853 ne-

954 1885 1088 1913 quaquam
1103 1876 1233 1910 concidit,
1248 1883 1336 1910 neqne
1354 1875 1504 1902 subversus
1521 1879 1573 1901 est.
1588 1873 1641 1900 Sed
1660 1872 1744 1900 veluti

953 1923 1073 1958 optimus
1099 1927 1220 1958 proreta,
1235 1929 1323 1955 neque
1350 1921 1458 1947 furente
1483 1919 1541 1947 salo
1564 1919 1745 1952 excitatisque

954 1967 1080 1995 ﬂuctibus
1097 1967 1342 2002 submergebalur;
1357 1973 1444 2000 neque
1458 1964 1598 1991 obtinente
1614 1962 1742 1996 malacia,

954 2014 1133 2049 negligentior
1150 2017 1218 2041 erat.
1239 2012 1291 2040 Sed
1311 2012 1337 2039 in
1362 2016 1477 2045 utraque
1500 2015 1652 2044 temporum
1665 2009 1743 2042 vice,

953 2061 1085 2096 aequalem
1106 2065 1193 2087 artem
1210 2067 1287 2087 suam
1305 2058 1495 2086 conservabat.
1515 2057 1548 2084 Et
1569 2063 1657 2091 neque
1674 2055 1744 2083 divi-

954 2107 999 2134 tia:
1013 2107 1086 2134 illum
1103 2105 1244 2138 inilavere,
1265 2112 1352 2140 neque
1366 2109 1514 2140 paupertas
1528 2103 1625 2138 dejecit
1638 2101 1742 2133 animo,

954 2160 1042 2188 neque
1061 2161 1147 2188 prono
1170 2153 1247 2180 alveo
1273 2153 1356 2179 rebus
1372 2151 1428 2179 suis
1447 2149 1610 2180 ﬂuentibus,
1627 2147 1743 2183 supinus

954 2205 1014 2228 erat
1030 2205 1058 2228 et
1076 2207 1184 2235 segnes.
1205 2199 1332 2232 Quinimo
1359 2205 1392 2224 ne
1418 2201 1473 2224 tota
1481 2196 1589 2230 quidem
1602 2200 1743 2229 propemo-

953 2247 1016 2274 dum
1033 2253 1128 2273 eversa
1145 2245 1236 2278 domo,
1253 2249 1280 2271 et
1292 2243 1403 2270 interitu
1426 2242 1611 2277 contingente,
1629 2243 1743 2267 conlur-

953 2291 1032 2318 batus
1045 2296 1099 2322 est,
1114 2295 1141 2317 et
1158 2297 1213 2316 sua:
1230 2288 1338 2316 virtutis
1355 2287 1494 2314 luculenta
1515 2285 1601 2312 edidit
1617 2284 1742 2311 testimo-

952 2335 1007 2362 nia.
1021 2334 1159 2362 Audiunto
1174 2333 1283 2366 divites,
1299 2332 1429 2360 audiunto
1448 2337 1581 2366 pauperes
1596 2338 1603 2356 :
1617 2329 1742 2362 utrisque

951 2379 1025 2406 enim
1039 2380 1160 2406 narratio
1176 2378 1310 2414 perutiliss
1328 2382 1356 2405 et
1374 2377 1500 2404 omnibus
1522 2375 1677 2403 hominibus
1694 2373 1737 2400 hi-

952 2425 1040 2452 storia
1052 2430 1094 2452 est
1106 2425 1239 2459 prolicua,
1253 2424 1310 2452 sive
1321 2424 1346 2450 in
1359 2422 1539 2457 prosperitate
1553 2421 1620 2453 sint,
1636 2420 1694 2447 sive
1709 2419 1736 2446 in

951 2471 1164 2500 calamitatibus.
1181 2471 1302 2506 Utraque
1311 2470 1385 2498 enim
1400 2477 1475 2496 arma
1489 2468 1620 2495 adhibens
1631 2466 1675 2493 hic
1686 2465 1741 2500 pie-

952 2518 1016 2546 tatis
1029 2519 1167 2553 agonista.
1183 2518 1228 2546 hic
1243 2518 1317 2545 orbis
1330 2520 1476 2545 coronatus
1488 2514 1589 2542 athleta
1600 2533 1608 2547 ,
1621 2513 1648 2540 in
1661 2513 1741 2539 utris-

950 2572 1003 2600 que
1033 2569 1164 2599 tropzeum
1187 2565 1276 2592 erexit
1292 2573 1299 2592 :
1315 2569 1343 2592 et
1368 2564 1401 2591 ad
1425 2570 1506 2591 omne
1524 2569 1609 2597 genus
1626 2559 1688 2587 belli
1703 2559 1739 2586 ir-

951 2616 1048 2639 ruente
1063 2611 1184 2640 dtemonc
1195 2611 1252 2644 illo.
1263 2616 1360 2639 contra
1380 2610 1471 2638 omnia
1483 2609 1510 2637 in
1524 2607 1611 2636 aciein
1624 2606 1736 2634 descen-

951 2733 1031 2761 tariis
1047 2733 1073 2760 in
1091 2732 1189 2761 Johum
1201 2734 1311 2762 corisule
1322 2734 1361 2762 sis
1378 2739 1478 2764 nostrae
1492 2732 1562 2762 Bibl.
1579 2737 1644 2761 tom.
1670 2730 1737 2765 Vill,

950 2776 976 2804 p.
991 2769 1100 2805 βέλει
1112 2770 1215 2805 proleg.
1244 2770 1355 2798 ibidem.

985 2803 1040 2838 (19)
1054 2803 1148 2830 Αὐτόν.

984 2839 1039 2875 (‘20)
1053 2838 1154 2872 Οἰκίας.
1208 2855 1211 2856 ν
