1918 3069
172 99 208 128 65

623 99 903 128 SUPPLEMENTUM
923 99 969 127 AD
987 98 1151 128 ORIGEMS
1169 98 1374 127 EXEGETICA.

1779 95 1826 123 64

172 156 224 188 dit,
235 160 263 183 et
278 155 305 184 in
318 156 446 184 omnibus
459 156 546 184 victor
560 158 800 192 pronuntiabatur.
816 159 856 186 Ac
872 157 955 186 veluti
971 181 975 189 .

1042 157 1165 189 τελθόντος
1175 156 1290 189 ἐκείνου,
1307 156 1375 192 πρὸς
1387 156 1495 184 ἅπαντα
1512 155 1691 191 παρετάξατο,
1707 154 1766 181 καὶ
1786 154 1824 180 ἐν

174 200 252 228 miles
266 208 423 235 generosus,
443 201 488 235 qui
506 201 588 228 sciret
601 209 721 236 pugnare
735 208 828 236 noctu,
841 203 875 231 de
890 211 956 231 mua-

176 246 266 280 nibns,
288 246 360 274 inter
387 247 502 282 pedites,
519 247 590 274 inter
604 248 739 282 epibatas,
754 256 819 276 arcu
841 249 956 284 sagittas

174 292 310 326 emittere,
326 293 432 320 hastam
445 297 570 326 quatere,
584 293 676 322 fundis
689 299 717 321 et
729 295 808 323 vallis
821 295 870 327 uti,
885 302 916 323 ac
931 295 956 322 in

174 338 248 365 omni
259 345 358 372 genere
371 345 467 373 pugna:
479 346 612 373 superare
624 340 805 372 adversarios,
818 345 845 368 et
859 340 959 375 ubique

174 385 296 411 vincere:
306 383 341 410 ita
357 383 480 418 profecto
491 390 519 411 et
532 392 683 418 generosus
693 386 739 413 llle
751 393 858 414 ontnem
872 390 959 414 tenta-

177 428 275 455 tionem
287 435 348 454 cum
363 427 448 455 multa
464 428 526 456 tulit
542 429 714 463 fortitudine,
729 431 907 459 tentationem
918 432 959 458 in-

174 480 255 506 quam
271 474 451 508 paupertatis,
468 474 560 507 famis,
575 476 674 510 morbi,
694 476 807 510 doloris,
832 477 959 505 interitus

175 517 291 546 ﬁliorum
309 528 315 544 :
334 520 511 548 tentationem
525 521 559 548 ab
572 521 677 553 amicis,
691 522 724 549 ab
739 523 912 555 adversariis,
924 523 958 551 ab

175 571 270 596 uxore,
289 571 304 591 a
322 565 491 594 domesticis.
512 565 604 601 Neque
622 567 694 594 enim
717 567 768 595 fuit
782 569 898 595 humana
915 576 961 595 ca-

174 608 294 642 latnitas,
319 617 380 645 quae
397 611 423 638 in
435 619 534 646 corpus
554 612 613 645 ejus
633 611 721 640 effusa
744 620 796 640 non
810 613 855 642 sit.
870 613 961 642 Nihilo

174 661 241 682 vero
258 655 350 683 minus
363 656 430 684 retia
445 658 536 684 omnia
550 659 701 692 superavit,
713 666 745 686 ac
755 659 898 687 sublimior
911 660 961 688 fuit

174 701 276 728 diaboli
295 700 408 730 calamis
432 702 499 738 (21).
515 703 581 731 Illud
600 711 666 731 vero
692 712 747 739 prae
770 707 876 734 caeteris
901 712 958 734 stu-

175 747 304 780 pendum,
317 748 388 782 quod
403 749 494 775 omnia
509 749 558 784 ipsi
571 750 747 784 contigerint,
755 756 783 778 et
794 751 885 779 omnia
900 760 961 780 cum

175 799 303 825 excessu,
320 799 348 821 et
360 793 450 820 onmia
470 793 496 821 in
517 802 611 821 unum.
632 795 725 830 Neque
736 797 809 824 enim
827 797 853 825 id
875 802 963 825 atten-

1009 204 1091 230 πᾶσιν
1110 203 1320 240 ἀνεκηρύττετο.
1335 203 1389 230 Καὶ
1409 203 1534 238 καθάπερ
1551 202 1719 238 στρατιώτης
1739 208 1822 235 γεν-

1008 251 1093 282 ναῖος,
1111 250 1158 277 καὶ
1175 249 1253 282 είδὼς
1264 250 1457 285 νυκτομαχεῖν,
1479 249 1662 284 τειχομαχεῖν,
1680 248 1824 282 πεζομα-

1008 296 1076 330 χεῖν,
1099 296 1259 330 ναυμαχεῖν,
1277 295 1325 321 καὶ
1345 294 1476 328 τοξεύειν,
1503 294 1551 320 καὶ
1565 294 1628 329 δόρυ
1645 293 1741 324 σείειν,
1762 291 1824 318 καὶ

1010 339 1167 374 σφενδόναις
1187 340 1234 367 καὶ
1262 340 1408 372 ἀκοντίοις,
1429 339 1477 366 καὶ
1499 339 1580 366 παντὶ
1599 339 1692 375 τρόπῳ
1710 338 1822 374 μάχης

1008 385 1195 421 περιγίνεσθαι
1218 386 1267 420 τῆς
1284 386 1340 421 (22)
1359 385 1487 412 ἐναντίων
1509 385 1557 412 καὶ
1581 384 1718 419 πανταχοῦ
1734 393 1824 419 κρα-

1008 432 1074 458 τεῖν·
1090 429 1161 457 οὕτω
1181 430 1214 466 δὴ
1227 431 1274 457 καὶ
1286 431 1300 457 ό
1317 432 1440 465 γενναῖος
1453 431 1556 464 ἐκεῖνος
1576 431 1686 459 ἅπαντα
1706 440 1824 466 πειρα-

1011 476 1080 512 σμὸν
1102 475 1171 511 μετὰ
1188 476 1289 511 πολλῆς
1300 477 1398 512 ἤνεγκε
1415 477 1464 512 τῆς
1484 476 1604 513 ἀνδρίας,
1621 477 1666 503 τὸν
1681 476 1735 504 ἀπὸ
1756 485 1823 503 πε-

1011 523 1079 554 νίας,
1104 522 1150 548 τὸν
1167 523 1221 549 ἀπὸ
1236 522 1327 558 λιμοῦ,
1353 522 1398 550 τὸν
1420 522 1473 549 ἀπὸ
1491 523 1580 554 νόσου,
1596 523 1640 550 τὸν
1653 523 1683 555 ἐξ
1695 522 1821 556 ὀδύνης,

1010 570 1056 597 τὸν
1071 570 1124 597 ἀπὸ
1147 570 1251 596 παίδων
1271 568 1422 601 ἀπωλείας,
1440 568 1486 595 τὸν
1503 569 1556 596 ἀπὸ
1576 568 1629 595 τῶν
1644 569 1738 603 φίλων,
1764 569 1823 595 τὸν

1010 616 1065 643 ἀπὸ
1081 616 1135 643 τῶν
1153 616 1269 652 ἐχθρῶν,
1285 615 1331 642 τὸν
1347 615 1402 643 ἀπὸ
1414 617 1464 651 τῆς
1477 615 1614 650 γυναικὸς,
1626 615 1670 642 τὸν
1686 614 1741 642 ἀπὸ
1754 614 1823 641 τῶν

1011 653 1136 690 οἰκετῶν.
1163 662 1200 689 (li)
1217 662 1271 697 γὰρ
1287 659 1322 697 ἦν
1345 661 1503 697 ἀνθρωπίνη
1522 661 1660 698 συμφορὰ,
1675 662 1692 696 ἠ
1707 660 1745 697 μὴ
1773 661 1824 692 εἰς

1011 709 1042 735 τὸ
1066 708 1145 742 σῶμα
1170 707 1322 743 ὲξεκενώθη
1346 707 1461 735 ἐκείνου.
1485 707 1556 734 Ἀλλ’
1581 708 1657 743 ὅμως
1679 706 1824 734 ἁπάντων

1012 754 1185 790 ὑπρηνέχθη
1198 754 1253 781 τῶν
1263 753 1390 786 δικτύων,
1405 755 1452 781 καὶ
1462 754 1627 790 ὑψηλότερος
1646 754 1743 789 γέγονε
1755 753 1824 780 τῶν

1013 800 1061 827 τοῦ
1077 800 1202 827 διαὸόλου
1228 800 1370 835 καλάμων,
1394 800 1450 827 Καὶ
1467 800 1500 827 τὸ
1516 799 1549 836 δὴ
1576 800 1822 836 θαυμαστότερον,

176 839 236 870 das,
251 839 322 874 quod
341 844 414 866 tanta
428 847 524 874 passus
540 840 645 868 fuerit:
659 842 707 870 sed
725 842 806 876 adde,
828 852 880 871 non
897 851 963 878 pau-

1042 855 1056 872 τι
1066 845 1113 873 καὶ
1129 847 1218 873 πάντα
1234 834 1319 881 αὐτῷ,
1332 846 1379 872 καὶ
1397 846 1487 872 πάντα
1504 834 1563 881 μεθ’
1581 834 1824 882 ὑπερδολῆςκαὶ

177 885 264 917 latim,
279 893 331 912 non
345 892 378 912 ex
394 885 549 920 intervallo;
562 888 609 915 sed
625 895 676 915 una
692 893 719 916 et
740 889 831 917 simul.
850 889 908 917 Non
921 895 963 918 est

175 937 242 958 vero
257 930 315 957 htec
330 931 476 958 mediocris
492 932 672 960 tentationmn
691 935 824 961 accessio.
842 935 964 962 Caetero-

177 983 237 1003 runt
252 983 369 1011 namque
384 976 522 1005 hominum
536 977 652 1012 quilibet
678 979 767 1014 primo
781 980 873 1008 nullus
888 981 961 1009 inve-

178 1021 268 1050 nietur
279 1025 325 1057 qui
341 1024 432 1051 omnia
445 1024 525 1051 simul
540 1025 702 1052 sustinuerit
713 1034 721 1052 :
733 1026 780 1053 sed
795 1026 817 1054 si
830 1032 890 1053 enm
902 1035 965 1062 pau-

180 1072 286 1102 pertate
298 1068 427 1103 luctatur,
442 1074 470 1096 at
483 1071 598 1098 sanitate
612 1071 728 1106 gaudet;
745 1072 767 1099 si
780 1077 808 1099 et
821 1077 966 1107 pauperta-

179 1121 206 1143 te
215 1121 242 1143 et
255 1117 359 1144 morbis
370 1123 484 1145 vexatus
492 1123 543 1150 est,
556 1123 585 1145 at
600 1127 684 1147 uxore
698 1127 886 1155 saepenumero
900 1121 965 1148 frui-

180 1167 225 1190 tus
241 1169 292 1197 est,
305 1172 365 1199 qua
378 1165 548 1193 calamitates
561 1166 707 1199 solaretur,
715 1172 742 1194 et
754 1175 814 1202 quae
829 1175 877 1202 pro
885 1173 965 1202 portu

180 1215 254 1238 esset
269 1211 319 1238 illi.
337 1211 365 1238 Si
378 1219 429 1239 nec
441 1219 525 1239 uxore
539 1211 637 1239 fruitus
651 1218 693 1240 est
703 1213 868 1247 hujusmodi,
878 1218 905 1241 at
917 1221 967 1241 nec

179 1261 302 1291 quatam
319 1258 470 1292 perniciosa
486 1260 651 1292 consuleret,
668 1267 699 1287 ac
711 1267 762 1287 nec
783 1259 884 1288 liberos
903 1259 967 1294 jun-

179 1302 244 1329 ctitn
254 1303 345 1330 amisit
362 1304 520 1338 universos;
538 1305 684 1341 sijunctim
700 1306 853 1338 universos,
869 1311 896 1334 at
914 1315 966 1334 non

180 1349 228 1378 tali
252 1358 353 1385 genere
368 1352 480 1384 mortis;
496 1351 518 1379 si
545 1352 591 1379 tali
617 1360 718 1388 genere
735 1352 843 1385 mortis,
857 1358 885 1380 at
900 1353 968 1380 ami-

180 1404 228 1425 cos
244 1396 339 1424 habuit
353 1399 550 1431 consolatores,
562 1403 590 1425 at
606 1407 694 1434 neque
707 1399 744 1426 ita
758 1398 831 1426 illum
841 1404 969 1435 appeten-

181 1447 244 1471 tes:
263 1444 336 1478 quod
366 1445 387 1472 si
410 1449 438 1472 et
456 1450 624 1479 appetentes,
642 1451 670 1472 at
692 1453 745 1473 non
764 1446 846 1474 etiam
873 1446 969 1474 dome-

183 1489 252 1518 ticos
265 1490 445 1524 lacessentes;
459 1491 480 1518 si
492 1491 577 1518 etiam
589 1491 767 1524 lacessentes,
779 1497 808 1518 at
822 1500 875 1520 non
887 1493 968 1520 etiam

182 1536 209 1563 in
225 1535 322 1562 faciem
335 1543 410 1563 suam
424 1541 567 1571 spuentes;
581 1537 603 1564 si
617 1537 699 1564 etiam
715 1537 741 1564 in
758 1537 856 1565 faciem
868 1546 970 1572 spuen-

183 1586 234 1614 tes,
248 1586 276 1608 at
300 1589 353 1608 non
377 1590 486 1617 quoque
504 1583 600 1610 morbo
617 1587 691 1609 tanto
712 1584 918 1618 conﬁciebatur,
944 1589 972 1613 at

181 1628 290 1655 domum
314 1633 471 1663 tectumque
488 1628 617 1662 habebat,
633 1636 682 1656 nec
695 1629 722 1656 in
742 1630 914 1664 sterquilinio
929 1637 973 1658 se-

181 1673 276 1707 debat;
292 1673 363 1708 quod
375 1673 397 1701 si
406 1673 488 1701 etiam
505 1674 532 1700 in
552 1674 723 1708 sterquilinio
736 1675 857 1708 sedebat,
871 1680 899 1702 at
914 1684 972 1703 ma-

183 1727 247 1746 num
263 1719 379 1747 habebat
401 1720 589 1756 porrigentes;
605 1721 625 1747 si
652 1728 739 1756 neque
756 1729 865 1748 niauuni
882 1721 971 1756 porri-

183 1770 288 1800 gentes,
303 1771 331 1793 at
345 1774 400 1793 non
415 1766 498 1794 etiam
514 1766 540 1794 in
558 1773 587 1794 se
605 1766 749 1794 irruentes.
766 1766 819 1794 Iste
836 1774 900 1794 vero
914 1776 973 1794 om-

183 1811 227 1838 nia
241 1811 334 1839 isthaac
350 1813 472 1847 pertulit.

1016 891 1106 918 πάντα
1130 892 1175 927 ὑφ’
1190 892 1228 919 ἓν.
1243 892 1289 927 Μὴ
1304 892 1358 928 γὰρ
1374 892 1452 918 τοῦτο
1469 892 1537 928 ῑδῃς,
1554 892 1594 918 ὅτι
1611 891 1730 918 τοσαῦτα
1746 891 1824 918 ἔπα-

1016 937 1073 965 θεν·
1099 937 1166 964 ἀλλὰ
1194 937 1321 974 πρόσθες,
1340 938 1380 965 ὅτι
1404 937 1464 964 οὐδὲ
1476 937 1547 964 κατὰ
1566 938 1678 973 μικρὸν,
1695 937 1757 964 οὐδὲ
1783 938 1824 964 ὲκ

1016 983 1209 1020 διαστήματος,
1226 983 1284 1010 ἀλλ’
1302 983 1369 1018 ύφὲν
1388 984 1435 1010 καὶ
1449 982 1528 1019 ὁμοῦ.
1547 983 1585 1010 οὐ
1601 983 1687 1019 μικρὰ
1696 983 1726 1009 δὲ
1739 982 1822 1018 αὓτη

1017 1030 1176 1066 πειρασμῶν
1192 1030 1344 1066 προσθήκη.
1360 1029 1420 1056 Τῶν
1436 1029 1484 1065 μὲν
1503 1029 1558 1065 γὰρ
1586 1028 1674 1058 ἄλλων
1694 1029 1823 1060 ἕκαστος

1017 1074 1168 1111 ἀνθρώπιον
1178 1075 1286 1110 πρῶτον
1303 1075 1353 1110 μὲν
1368 1075 1457 1107 οὐδεὶς
1468 1074 1502 1102 ἂν
1513 1074 1636 1110 εὑρεθείη
1650 1074 1740 1101 πάντα
1749 1075 1824 1101 ὑπο-

1021 1120 1114 1156 μείνας
1126 1119 1205 1155 ὁμοῦ,
1221 1120 1278 1147 ἀλλ’
1295 1121 1319 1146 εί
1334 1120 1380 1146 καὶ
1395 1121 1476 1156 πενίᾳ
1495 1119 1617 1152 παλαίει,
1627 1120 1702 1155 ὅμως
1715 1120 1824 1154 ὑγείας

1019 1165 1162 1192 ἀπολαύει·
1174 1166 1198 1192 εί
1210 1166 1239 1192 δὲ
1254 1165 1301 1192 καὶ
1318 1165 1399 1202 πενίᾳ
1413 1166 1460 1193 καὶ
1475 1166 1546 1202 νόσῳ
1561 1166 1727 1205 περιεπάρη,
1738 1165 1824 1194 ’ἀλλὰ

1019 1211 1148 1245 γυναικὸς
1154 1211 1284 1243 πολλάκις
1300 1211 1441 1248 ἀπήλαυσε
1456 1212 1704 1248 παραμυθουμένης
1717 1212 1751 1239 τὰ
1761 1212 1824 1240 δει-

1020 1257 1063 1290 νὰ,
1079 1258 1125 1284 καὶ
1139 1257 1199 1284 ἀντὶ
1210 1256 1318 1292 λιμένος
1331 1256 1405 1293 αὐτῷ
1421 1257 1576 1292 γινομένης.
1585 1258 1617 1284 Εἰ
1629 1257 1657 1284 δὲ
1675 1258 1712 1293 μὴ
1723 1266 1825 1292 γυναι-

1021 1304 1069 1337 κὸς
1090 1304 1230 1340 ἁπήλαυσε
1246 1304 1382 1340 τοιαύτης,
1405 1304 1462 1331 ἀλλ’
1479 1304 1528 1339 οὐχ
1549 1303 1621 1331 οὕτω
1646 1304 1823 1340 συμϐουλευ-

1022 1351 1116 1386 θείσης
1138 1350 1258 1387 ὀλέθρια,
1282 1350 1339 1378 ἀλλ’
1367 1350 1427 1386 οὐχὶ
1452 1350 1498 1377 καὶ
1518 1350 1581 1382 τοὺς
1604 1350 1702 1382 παῖδας
1717 1350 1824 1386 ἀθρόον

1023 1396 1164 1424 ἀπώλεσεν
1178 1396 1310 1428 ἅπαντας·
1325 1397 1349 1422 εί
1361 1396 1389 1422 δὲ
1404 1396 1450 1422 καὶ
1460 1396 1567 1432 ἀθρόον,
1588 1395 1646 1422 ἀλλ’
1659 1396 1690 1422 οὐ
1702 1395 1823 1431 τοιούτῳ

1022 1442 1115 1478 τρόπῳ
1122 1442 1260 1477 τελευτῆς·
1278 1442 1302 1468 εί
1316 1441 1400 1468 δὲκαὶ
1409 1440 1520 1476 τοιούτῳ
1541 1440 1657 1477 [τρόπῳ]
1674 1440 1822 1476 τελευτῆς,

1023 1488 1093 1516 ἀλλὰ
1106 1488 1200 1523 φίλους
1212 1488 1274 1523 ἔσχε
1289 1487 1525 1524 παρακαλοῦντας·
1543 1488 1568 1514 εί
1583 1487 1612 1514 δὲ
1623 1487 1673 1514 οὐκ
1690 1487 1753 1523 ἔσχε
1767 1496 1824 1514 πα-

1026 1535 1222 1571 ρακαλοῦντας.
1240 1534 1297 1562 ἀλλ’
1308 1534 1369 1569 οὐχὶ
1384 1534 1432 1560 καὶ
1449 1533 1536 1566 οὓτως
1552 1533 1778 1569 ἐπεμϐαίνοντας·
1793 1534 1823 1560 εί

1023 1582 1053 1609 δὲ
1077 1582 1125 1608 καὶ
1143 1580 1371 1616 ὲπεμὸαίνοντας,
1385 1579 1442 1606 ἀλλ’
1455 1579 1517 1615 οὐχί⁸
1529 1579 1576 1606 καὶ
1597 1579 1705 1611 οἰκέτας
1722 1579 1825 1606 ὀνειδί-

1025 1627 1131 1661 ζοντας·
1145 1628 1169 1654 εί
1185 1627 1214 1654 δὲ
1235 1627 1282 1654 καὶ
1298 1626 1486 1658 ὀνειδίζοντας,
1507 1625 1565 1652 ἀλλ’
1583 1625 1644 1660 οὐχὶ
1659 1626 1705 1652 καὶ
1721 1627 1761 1658 εἰς
1787 1626 1824 1652 τδ

1024 1674 1170 1709 πρόσωπον
1187 1672 1269 1700 αὑτοῦ
1285 1672 1466 1708 ὲμπτύοντας·
1486 1672 1511 1698 εί
1526 1671 1555 1698 δὲ
1571 1671 1618 1698 καὶ
1633 1672 1673 1703 είς
1685 1671 1717 1698 τὸ
1731 1673 1824 1707 πρόσ-

1023 1727 1096 1745 ωπον
1106 1717 1285 1753 ὲμπτύοντας,
1303 1717 1360 1744 ἀλλ’
1377 1717 1438 1752 οὑχὶ
1454 1716 1500 1743 καί¹
1517 1715 1587 1751 νόσῳ
1603 1716 1714 1752 τοιαύτῃ
1726 1726 1825 1752 περιε-

1024 1765 1106 1801 πάρει
1122 1764 1189 1799 (9.5),
1199 1763 1266 1790 ἀλλὰ
1279 1762 1416 1798 δωματίου
1429 1761 1476 1789 καὶ
1485 1761 1590 1797 σκέπης
1600 1761 1753 1797 ἀπήλαυσε,
1771 1763 1824 1790 καὶ

1023 1811 1074 1838 οὐκ
1098 1810 1144 1836 ἐπὶ
1166 1809 1215 1844 τῆς
1236 1808 1353 1844 κοπρίας
1383 1807 1510 1842 ἐκάθητο·
1535 1807 1559 1834 εί
1579 1807 1607 1834 δὲ
1630 1807 1677 1834 καὶ
1702 1808 1749 1834 ἐπὶ
1768 1808 1822 1843 τῆς

182 1859 299 1896 κοπρίας
315 1860 444 1897 ἐκάθητο,
472 1861 529 1888 ἀλλ’
546 1860 609 1897 ἔσχε
622 1861 685 1893 τοὺς
710 1863 789 1897 χεῖρα
808 1861 962 1897 ὀρέγοντας·
987 1861 1012 1887 εί
1033 1859 1061 1886 δὲ
1095 1858 1133 1894 μὴ
1157 1857 1220 1892 ἔσχε
1239 1856 1302 1888 τοὺς
1330 1856 1410 1891 χεῖρα
1443 1854 1598 1891 ὀρέγοντας,
1618 1852 1674 1882 ἀλλ’
1694 1854 1753 1890 οὐχὶ
1771 1854 1822 1881 καὶ

183 1906 410 1942 ἐπεμϐαίνοντας.
425 1904 508 1939 Οὗτος
519 1907 541 1934 δ’
558 1907 667 1935 ἅπαντα
675 1907 761 1934 ταῦτα
776 1907 942 1942 ὑπήνεγκεν.

187 1955 220 1982 ν.
235 1956 278 1982 ll.
294 1955 461 1982 Aduenerant
472 1957 581 1990 quisque
596 1964 628 1982 ex
640 1956 747 1990 propria
764 1956 867 1989 regione
890 1956 924 1982 ad
940 1954 973 1982 il-

220 1991 286 2022 lum,
307 1990 421 2025 Eliplmz
434 1989 637 2018 Tltrumauurtuu
650 1998 705 2021 rex,
721 1990 824 2016 Baldud
837 1989 972 2018 Sauclteo-

222 2033 281 2052 rum
298 2031 436 2060 tyrannus,
452 2025 559 2060 Svphar
575 2025 733 2052 Minworum
746 2032 802 2052 rex.

225 2103 316 2130 Amica
341 2103 483 2138 przcsentia
510 2108 566 2135 tua,
587 2103 674 2130 amica
691 2107 719 2130 et
742 2103 903 2130 admonitio.
919 2103 975 2130 Eli-

188 2149 258 2184 phaz
271 2153 324 2183 est,
340 2149 410 2176 Deus
425 2156 465 2176 nte
482 2149 676 2180 diueminavit,
690 2153 746 2181 aut.
761 2149 808 2176 Dei
820 2149 869 2176 mei
883 2154 976 2176 cantu-

187 2196 277 2223 melia.
298 2196 439 2227 Thannan.
468 2196 586 2229 defectus
610 2203 711 2222 eorum.
741 2194 975 2229 Sopltar,scopm,

189 2242 244 2274 vel,
270 2242 441 2269 contumelia.
465 2241 576 2273 Baldad,
599 2241 763 2276 inveteratio,
787 2246 816 2268 et
834 2240 975 2276 gloriosus.

190 2288 393 2319 Eauclta-orum,
408 2286 552 2321 garrulitas
565 2295 669 2314 eorum.

192 2343 223 2371 ν.
239 2343 282 2371 ll.
301 2343 443 2371 Audientes
454 2348 542 2371 autem
555 2350 610 2371 (res
624 2344 703 2371 amici
719 2344 777 2379 ejus
790 2343 860 2371 mala
886 2344 975 2370 omnia

224 2387 285 2414 quw
301 2385 503 2410 superuenerant
524 2381 563 2412 ei,
577 2379 720 2414 adfuerunt
737 2381 845 2414 quisque
867 2387 900 2406 ea:
915 2387 976 2408 uro-

225 2415 283 2449 pria
296 2414 400 2449 regione
412 2416 446 2441 ad
465 2414 552 2441 illum.

226 2483 255 2511 Si
269 2483 331 2519 quis
350 2487 454 2518 qumrat
469 2490 520 2511 cur
540 2487 600 2517 post
617 2487 722 2510 tanttnn
751 2482 880 2518 temporis
897 2481 978 2509 amici

193 2530 366 2564 adVenerint,
390 2530 490 2565 cogitet
518 2529 635 2564 primurn
649 2529 758 2562 quidem
783 2537 830 2557 eos
853 2529 979 2557 diversas

194 2578 341 2606 incoluisse
360 2577 493 2612 regiones,
505 2586 538 2606 ac
552 2582 612 2612 post
626 2577 771 2612 pluritnum
782 2581 888 2611 tempus
902 2575 980 2602 multi

194 2624 312 2650 fortasse
340 2623 514 2650 audiverunt.
541 2622 722 2650 lnfortunium
735 2622 806 2649 ultra
824 2620 980 2656 opinionem

194 2676 227 2696 ac
238 2669 318 2697 fidem
336 2675 397 2696 esse
411 2669 562 2702 videbatur,
579 2670 602 2698 si
613 2669 695 2699 etiam
710 2668 737 2697 in
748 2666 921 2703 sterquilinio
931 2665 981 2694 Job

233 2759 290 2793 (2|)
306 2758 559 2795 lfhrasesgaucupii.

233 2794 291 2827 βε)
306 2793 386 2820 Forte
402 2793 468 2820 τῶν.

234 2829 292 2864 (25)
307 2829 475 2865 Περιεπάρη.

1026 1952 1101 1988 Στίχ.
1117 1949 1162 1978 ια’.
1182 1947 1531 1988 ῌαρεγέγοντρ-ξκαᾳεοςς
1539 1947 1574 1988 ἐξ
1593 1945 1647 1980 τῆς
1665 1945 1752 1988 ιδίας-η
1761 1946 1821 1980 χὼ-

1058 1982 1116 2022 ίέὰς
1138 1986 1214 2020 πρὸς
1226 1982 1339 2022 nam,
1367 1983 1496 2022 ζελιῃὰζ
1514 1984 1531 2010 ό
1554 1982 1709 2022 βαιμανῶν
1718 1982 1821 2022 :8an—

1061 2017 1295 2054 ξλεῦς,’Βὰλδὰδ
1322 2020 1338 2046 ὀ
1362 2018 1503 2054 Σαυχέων
1526 2018 1691 2052 τύραννος,
1714 2017 1822 2051 Σωφὰρ

1062 2057 1196 2085 Mnule
1208 2054 1370 2087 βασιλεύς.

1065 2102 1121 2139 (24)
1136 2101 1232 2136 Φιλικὴ
1247 2099 1296 2136 μὲν
1312 2099 1328 2135 ἡ
1345 2098 1480 2135 παρουσία
1495 2097 1649 2133 σου,φιλικὴ
1664 2097 1693 2123 δὲ
1709 2097 1725 2133 ή
1744 2106 1817 2133 παρ-

1027 2148 1139 2179 αίνεσις.
1167 2145 1293 2180 Ἐλιφάζ·
1321 2145 1394 2177 Θεός
1415 2152 1454 2178 με
1480 2142 1660 2177 διέσπειρεν.
1684 2142 1722 2177 ἥ,
1744 2142 1820 2169 Θεοῦ

1026 2203 1085 2229 μου
1097 2191 1278 2228 ⁴εςιιιυνίισιμός.
1299 2189 1418 2226 Θαιμάν,
1429 2190 1566 2223 ἔκλειψις
1588 2186 1696 2215 αὐτῶν.
1707 2187 1817 2223 Σωφὰρ,

1029 2238 1155 2271 σκοπὸς,
1181 2237 1198 2273 ἢ
1224 2236 1405 2272 φαυλισμός.
1426 2234 1542 2266 Βαλδὰδ,
1561 2234 1746 2266 παλαίωσις,
1773 2233 1821 2260 καὶ

1030 2284 1179 2317 ἐπίδοξος.
1197 2281 1519 2318 Σαυχαίωνιὰδολεσχία
1532 2278 1642 2307 αὐτῶν.

1028 2330 1171 2367 (ΞείλΣτίχ.
1185 2329 1228 2367 ια’.
1247 2328 1445 2367 ’ᾼκούσαιςτες
1457 2325 1618 2367 δὲμρίίτρεῖς
1632 2323 1714 2367 flint
1728 2322 1821 2367 aetat?

1063 2360 1100 2392 τὰ
1131 2360 1209 2391 eith
1237 2362 1346 2394 πάντα,
1368 2362 1405 2389 τὰ
1424 2361 1591 2389 ἐπελθόντα
1614 2360 1704 2392 αὐτῷ,
1732 2365 1822 2394 παρε-

1064 2400 1188 2461 Τέςνέντο
1218 2398 1348 2431 ἕκαστος
1372 2397 1407 2424 ἐκ
1433 2396 1489 2431 τῆς
1521 2395 1599 2428 ὶδίιις
1626 2394 1724 2429 χώρας
1746 2393 1821 2427 πρὸς

1064 2444 1121 2461 αυτ
1139 2443 1167 2461 ν.

1064 2443 1167 2462 αυτον.

1070 2480 1132 2508 Ἐάν
1148 2488 1189 2512 τις
1205 2478 1285 2515 ζητῇ,
1297 2478 1341 2505 διὰ
1360 2478 1386 2505 τί
1404 2477 1474 2513 μετὰ
1491 2476 1618 2503 τοσοῦτον
1634 2475 1730 2511 χρόνον
1743 2474 1768 2500 oi.
1781 2474 1821 2509 φί-

1028 2527 1070 2554 λοι
1088 2526 1324 2562 παραγεγόνασιν,
1349 2523 1474 2552 ἐννοείτω
1497 2522 1607 2558 πρῶτον
1623 2521 1684 2556 μὲν,
1703 2521 1745 2547 ὅτι
1763 2519 1820 2546 δια-

1029 2573 1131 2609 φόρους
1151 2571 1239 2607 ῷκουν
1265 2570 1372 2606 χώρας,
1405 2569 1452 2596 καὶ
1484 2567 1554 2603 μετὰ
1577 2567 1701 2594 πλεῖστον
1727 2565 1820 2601 χρόνον

1031 2618 1124 2645 πολλοὶ
1139 2619 1188 2654 μὲν
1199 2618 1318 2653 ἤκουσαν
1331 2617 1411 2649 ἴσως,
1442 2614 1473 2642 τὸ
1487 2615 1515 2642 δὲ
1527 2613 1677 2649 παράδοξον
1687 2611 1738 2647 τῆς
1752 2619 1820 2645 συμ-

1033 2665 1119 2700 φορᾶς
1134 2664 1182 2691 καὶ
1197 2663 1311 2690 ἄπιστον
1331 2662 1430 2694 ἐδόκει,
1448 2661 1472 2687 εί
1484 2659 1530 2687 καὶ
1541 2659 1588 2686 ἐπὶ
1599 2657 1715 2694 κοπρίας
1728 2658 1742 2685 ὁ
1764 2655 1821 2683 Ἰὼϐ

1074 2752 1331 2792 ιὲί)μκεοιίοξῖ>⁸ε
1393 2783 1418 2792 ..
1727 2781 1733 2790 .

1147 2779 1186 2817 Ex
1199 2779 1259 2817 cod.
1275 2787 1358 2828 Nan,
1374 2783 1420 2813 ubi
1447 2782 1593 2813 ascribitur
1614 2781 1701 2817 Ὠριγ.
1727 2779 1821 2815 Ὀλυμ-

1039 2832 1070 2850 ’πι
1102 2843 1109 2850 ι
