1918 3069
85 100 120 128 05

734 107 903 136 ENARRATI

958 107 1000 136 ES
1018 107 1051 135 lN
1068 107 1138 136 108.
1701 112 1737 136 οι)

93 160 141 187 καὶ
162 161 394 200 ωεπικούρητος
424 167 552 201 κάθηται.
580 167 634 194 Καὶ
667 169 828 203 περιέμενον
858 167 903 194 διὰ

957 167 1071 199 sederet,
1097 172 1125 194 et
1140 167 1326 195 inanxiliatus.
1350 165 1442 202 itaque
1461 171 1688 202 exspectaverunt
1708 174 1738 195 ut

101 206 226 233 πλειόνων
242 208 448 236 πιστώσασθαι
464 210 514 246 τὴν
536 211 630 246 ἀκοὴν,
655 212 672 248 ἢ
701 213 748 238 καὶ
764 212 903 247 ἐκπέμψαι

107 253 154 280 καὶ
164 253 235 285 ἰδεῖν,
245 254 271 279 εἱ
284 254 336 280 καὶ
349 255 443 291 ἀληθῆ
455 256 490 282 τὰ
505 256 648 291 λεγόμενα.
675 257 719 283 Ἐν
739 257 843 289 τούτοις
857 255 904 284 οὖν

107 299 122 325 ὁ
141 298 233 334 χρόνος
249 299 387 334 ἐτρίϐετο.
412 301 486 337 Πρὸς
507 302 538 337 δὴ
560 302 674 334 τούτοις,
699 303 743 329 ὅτε
759 303 789 330 τὸ
805 303 905 338 ἀληθὲς

109 345 242 379 ἔγνωσαν,
267 345 392 380 βασιλεῖς
415 347 491 379 ὄντες
521 348 568 375 καὶ
594 348 723 384 ἐκδημεῖν
751 348 902 384 μέλλοντες,

107 388 232 423 ἀνάγκην
253 386 326 424 εἶχον
346 390 482 426 πρότερον
504 390 533 418 εὖ
557 392 688 419 διαθεῖναι
706 393 740 420 τὰ
761 394 832 421 κατὰ
857 395 904 421 τὸν

106 432 200 465 οἷκον,
225 435 273 460 καὶ
302 435 452 470 ἐπιστῆσαι
478 438 533 469 τοῖς
566 438 728 473 ἀρχομένοις
758 440 821 472 τοὺς
844 439 903 468 ἀνθ’

105 479 225 507 ἑαυτῶν.
247 480 343 507 Ταῦτα
365 482 457 509 πάντα
478 483 577 515 αὐτοὺς
596 485 755 520 ἀπησχόλει,
775 486 822 512 καὶ
843 487 904 513 ἐνε-

106 524 250 559 ϐράδυνον.
263 526 318 552 Καὶ
333 527 358 552 ει
372 527 410 562 μὴ
428 528 530 563 σφόδρα
541 536 573 563 γε
587 529 725 566 ἀγαπητοί
740 539 813 563 τινες
831 530 903 567 ἦσαν

105 569 157 596 καὶ
171 570 281 602 δίκαιοι,
298 571 349 598 οὐκ
362 571 406 603 ἂν,
423 572 470 604 τὰς
485 574 589 606 οἰκείας
607 575 797 608 καταλιπόντες
812 576 903 613 χώρας

105 615 158 641 καὶ
172 615 322 649 βασιλείας,
340 617 502 651 ἀφικνοῦντο
518 619 586 654 πρὸς
602 620 651 655 τὴν
667 621 818 656 ἐπίσκεψιν,
836 623 904 651 ἀλλὰ

106 660 140 686 δι’
163 661 266 696 ἐτέρων
286 662 338 698 τὴν
360 663 455 698 χρείαν
473 664 619 700 ἐπλήρουν.
644 667 722 694 Ἐστι
740 668 769 695 δὲ
788 669 900 700 ἐννοεῖν,

105 705 146 737 ὡς
159 707 207 732 καὶ
219 707 361 742 οἰκονομία
373 717 414 740 τις
429 706 464 744 ἦν
476 709 535 736 θεία
551 710 600 746 τῆς
612 712 731 747 ἀφίξεως
742 714 757 749 ἠ
771 714 901 751 ἀναϐολή.

113 752 225 788 Ἐπιδὴ
237 753 292 789 γὰρ
303 754 372 788 ὁμοῦ
388 756 421 790 τῇ
435 754 488 783 τῶν
505 755 589 791 φίλων
605 757 719 792 διαλέξει
739 760 786 786 καὶ
800 761 830 787 τὸ
848 762 903 788 πᾶν

105 796 156 822 τοῦ
169 797 279 830 ἀγῶνος
293 798 386 833 ἐλύθη,
398 799 445 826 τοῦ
462 800 528 827 Θεοῦ
542 804 772 838 χρηματίσαντος,
787 805 835 832 καὶ
855 806 902 834 τὸν

105 842 213 869 δίκαιον
232 843 457 880 ἀνακτησαμένου
486 847 532 873 καὶ
553 848 782 883 στεφανώσαντος,
805 853 904 879 οἰκονο-

107 888 159 922 μία
177 897 222 920 τις
251 889 350 923 γέγονε
375 890 444 922 θεία,
466 892 632 928 ἐμϐραδῦναι
649 896 712 927 τοὺς
735 896 837 930 φίλους,
860 897 904 925 ῐνα

106 934 256 970 παραταθῇ
276 935 311 961 τὰ
337 935 383 962 τοῦ
404 937 572 972 νοσήματος,
598 940 645 966 καὶ
664 940 796 976 μειζόνως
818 942 903 979 ἀθλή-

110 988 161 1011 σας
187 982 203 1007 ό
225 981 343 1014 δίκαιος,
381 981 546 1020 δικαιότερον
584 986 724 1023 ἀναρρηθῇ
753 988 829 1024 παρὰ
856 989 903 1016 τοῦ

108 1025 188 1052 Θεοῦ.

108 1071 165 1106 (26)
177 1072 254 1113 Σξιίχ.
270 1076 314 1100 ια’.
325 1074 382 1113 ῇαὶ
396 1075 592 1113 παρεγένοντο
608 1077 682 1113 πρὸς
691 1078 784 1104 αὐτὸν
797 1080 904 1113 ὁμοθυ-

141 1107 261 1151 μσδρν,
286 1108 340 1136 τοῦ
369 1107 576 1143 παρακαλέσαι
602 1107 651 1138 xui
669 1107 903 1148 ’ἐπισκέψασθαι

145 1151 253 1168 autcf.

151 1188 182 1214 '0
206 1189 355 1225 Σύμμαχος
372 1190 458 1223 οὕτως
478 1191 593 1224 ἐξέδωκε
604 1201 611 1208 ·
630 1194 837 1226 Συνετάξαηο
850 1194 904 1230 τὰρ

112 1235 189 1270 ἐμοῦ
205 1237 348 1270 ἐλθόντες
368 1239 565 1273 συμπαθῆσαι
587 1240 677 1273 αὐτῷ,
698 1241 746 1268 καὶ
769 1249 904 1277 παραμυ-

84 1280 89 1283 ’
112 1280 267 1314 θήσασθαι
283 1284 386 1311 αὐτόν,
404 1284 473 1320 Ὅρα
490 1285 536 1312 καὶ
548 1284 683 1316 ἐντεῦθεν,
700 1286 738 1317 ὡς
752 1287 799 1312 καὶ
812 1286 904 1322 ἕτερος

111 1327 237 1363 παρῆλθε
251 1329 357 1364 χρόνος,
378 1329 430 1361 ἕως
445 1330 500 1360 ὅτε,
516 1330 584 1365 πρὸς
604 1330 733 1366 ἀλλήλους
751 1331 905 1367 διαπεμψά-

115 1382 204 1409 μενοι,
217 1375 269 1410 τὴν
284 1375 331 1402 ἐπὶ
347 1375 379 1402 τὸ
392 1375 456 1402 αὐτὸ
480 1376 587 1403 σύνοδὸν
603 1385 633 1403 τε
647 1377 694 1404 καὶ
708 1377 797 1412 ἄφιξιν
814 1379 906 1415 ἐποιή-

114 1428 209 1447 σαντο.

112 1465 171 1500 (27)
197 1466 272 1502 Στίχ.
296 1466 339 1493 ιϐ’.
360 1467 415 1494 Καὶ
446 1467 687 1507 καταπασιξμενοι
705 1469 764 1504 γῆν
786 1470 835 1497 ἐπὶ
852 1469 905 1504 τὰς

377 1505 509 1537 uagula;
530 1505 638 1530 αὐτῶν.

113 1546 189 1582 Στίχ.
215 1551 261 1582 ιγ’.
287 1548 494 1609 Παιριςνιάὲέεσὶἰιὲιτ¹
502 1547 691 1616 ὥῖξιὲςέπτὰ
710 1549 832 1584 ἡμέρας,
854 1549 904 1577 καί

151 1627 209 1653 υῦκ
231 1624 293 1654 εἷπε
320 1627 348 1654 δὲ
376 1629 393 1664 ή
417 1628 522 1664 Γραφὴ,
551 1629 592 1655 ὅτι
617 1628 807 1665 παρεκάθηντο
835 1629 905 1656 ἑπτὰ

114 1672 222 1708 ἡμέρας
239 1673 358 1709 πρωῖθεν
376 1673 427 1706 ἕως
443 1674 569 1710 ἑσπέρας,
585 1674 643 1700 οὐδὲ
660 1675 729 1701 ἑπτὰ
743 1674 842 1707 νύκτας
857 1675 904 1710 ἀφ’

115 1717 236 1752 ἑσπέρας
253 1718 334 1754 μέχρι
348 1719 433 1754 πρωϊ.
454 1719 538 1754 Δῆλον
555 1718 611 1752 οὖν,
631 1720 682 1752 ὅτι,
702 1721 732 1747 τὸ
747 1721 837 1747 πλεῖον
854 1721 905 1756 τῆς

115 1763 222 1798 ἡμέρας
238 1763 501 1800 παρακαθεζόμενοι,
516 1765 674 1802 ὑπεχώρουν
690 1766 740 1797 τὰς
752 1766 904 1800 ἀναγκαίας

116 1807 340 1843 ἐκπληρὼσοντες
359 1809 454 1845 χρείας
465 1817 471 1824 '
490 1809 536 1836 καὶ
551 1809 630 1836 πάλιν
646 1811 838 1846 ἐπανήκοντες,
857 1810 904 1846 μέ-

116 1861 161 1888 χρι
186 1851 284 1880 πολλοῦ
305 1854 355 1890 τῆς
384 1854 479 1886 νυκτὸς
505 1855 731 1890 παρεκαθέζοντο,
754 1857 801 1883 καὶ
827 1855 905 1888 αὖθις

116 1899 251 1932 ἀπιόντες,
275 1900 356 1927 πάλιν
375 1899 507 1937 ὥρθριζον
532 1902 600 1936 πρὸς
626 1902 716 1929 αὐτόν.
743 1903 775 1929 '0
796 1902 828 1938 δὴ
850 1903 904 1929 τῶν

117 1946 309 1979 γνησιωτάτων
327 1946 374 1973 καὶ
391 1945 621 1981 συμπαθεστάτων
636 1947 720 1981 φίλων
735 1947 809 1974 ἴδιον.
825 1948 864 1984 Τῇ
876 1948 904 1974 δὲ

116 1993 192 2027 κοινῇ
208 1991 337 2027 συνηθείᾳ
351 1993 477 2028 χρωμένη
493 1994 510 2028 ή
528 1992 633 2028 Γραφὴ,
657 1992 743 2024 οὕτως
762 1993 904 2025 ἀπολύτως

118 2034 188 2063 εἷπε’
207 2037 419 2071 Παρεκάθισαν
439 2038 518 2071 αὐτῷ
535 2038 609 2064 ἑπτὰ
632 2038 744 2073 ἡμέρας
765 2039 813 2065 καὶ
830 2039 905 2065 ἑπτὰ

116 2083 238 2116 νύκτας.
257 2083 334 2110 Ἐπεὶ
347 2084 394 2110 καὶ
406 2084 449 2111 ὅτε
460 2084 533 2118 λέγει
545 2084 590 2110 τὸν
609 2083 706 2110 Ἰακὼϐ
718 2084 904 2120 δεκατέσσαρα

117 2128 164 2164 ἐτη
196 2128 355 2160 δουλεῦσαι,
381 2130 428 2156 καὶ
455 2130 630 2164 συγκαίεσθαι
657 2130 698 2165 τῷ
721 2129 832 2157 καύσονι
854 2131 905 2166 τῆς

115 2174 222 2209 ἡμέρας
232 2174 280 2200 καὶ
297 2173 337 2209 τῷ
350 2174 459 2208 παγετῷ
484 2175 532 2210 τῆς
555 2175 661 2205 νυκτὸς,
687 2172 741 2210 ἆρα
766 2174 819 2200 ὑπὸ
844 2174 904 2200 στὲ-
919 2186 941 2214 D

115 2228 166 2256 γην
190 2220 242 2247 ut):
267 2220 353 2255 εἰσῄει
382 2220 463 2253 ποτέ;
489 2218 544 2256 ἄρα
570 2220 698 2255 οὐδεμιᾶς
724 2219 902 2252 ἀναπαύσεως

117 2266 209 2301 ἔτυχεν
222 2266 275 2301 ὅλῳ
288 2266 327 2301 τῷ
342 2266 447 2301 χρόνῳ;
463 2266 555 2293 Ταῦτα
574 2266 623 2301 μὲν
648 2264 694 2293 οὖν
717 2266 763 2293 καὶ
778 2265 903 2293 λεπτολο-

117 2312 173 2345 γεῖν
191 2311 321 2347 φλύαρον.
349 2311 391 2343 Ὧς
408 2311 461 2347 γὰρ
473 2311 551 2347 ἔφην,
572 2312 588 2346 ἡ
605 2311 700 2347 Γραφὴ
720 2313 797 2347 κοινῇ
821 2320 902 2347 συνη-

118 2356 175 2392 θείᾳ
193 2356 304 2392 χρῆται.
340 2357 447 2391 Ἐπειδὴ
471 2356 499 2383 δέ
522 2366 611 2390 τινες,
633 2356 826 2393 κωμῳδοῦντες
852 2357 903 2393 τὴν

118 2402 236 2438 Γραςρὴν,
251 2403 299 2429 καὶ
309 2402 434 2429 ἐντεῦθεν
447 2402 531 2437 αὐτὴν
546 2402 583 2433 ὡς
600 2401 686 2437 ψευδῆ
710 2401 884 2437 διασύρουσιν
895 2409 902 2416 ⁸

123 2447 242 2484 Ὣς(27’)
260 2447 315 2483 γὰρ
330 2448 375 2479 ἂν,
393 2448 484 2482 φασὶν,
497 2448 582 2474 ἄσιτοι
594 2447 728 2473 διετέλουν
741 2447 788 2474 καὶ
808 2447 905 2474 ἄϋπνοι

119 2494 162 2521 ἐπὶ
171 2494 314 2525 τοσαύταις
334 2494 467 2529 ἡμέραις;
485 2493 696 2528 ἠναγκάσθημεν
708 2492 797 2520 αὐτῶν
823 2500 904 2519 συνα-

119 2539 251 2575 πιχθῆναι
265 2541 300 2575 τῇ
314 2539 421 2574 ἀκαίρῳ
439 2539 613 2575 στενοχωρίᾳ.

445 2631 524 2657 ΚΕΦ.
542 2630 581 2658 Γπ,

157 2676 206 2714 ἧ28)
221 2677 292 2704 Ἀλλ’
307 2678 336 2705 ἐν
346 2677 450 2710 τούτοις
459 2677 507 2712 μὲν
518 2677 548 2703 τὸ
563 2675 686 2712 δεύτερον
695 2675 808 2711 ἦνυσται
819 2673 904 2709 κεφά-

122 2730 198 2751 λαιον·
211 2725 258 2751 τοῦ
271 2724 366 2762 τρίτου
381 2724 410 2750 δὲ
433 2721 604 2759 προθεωρίαν
619 2720 787 2757 ποιούμενοι,
803 2719 903 2755 φαμὲν,

152 2795 205 2829 (26)
220 2794 288 2820 ibist.
303 2792 399 2829 eodem
418 2791 459 2829 tit.
470 2791 605 2829 _ascrlpto.

153 2827 204 2859 (Ξῖ)
219 2829 287 2856 Ibid.
306 2828 401 2856 eodem
417 2827 506 2855 titulo.

954 212 1074 247 pluribus
1087 212 1296 240 conﬁrmaretur
1324 212 1410 244 fama;
1426 212 1468 239 Vel
1492 214 1574 239 etiam
1590 218 1618 239 ut
1641 214 1736 240 mitte-

954 263 1014 285 rent
1030 265 1062 286 ac
1080 257 1211 290 viderent,
1222 258 1244 286 si
1261 258 1370 292 quidem
1384 266 1448 286 vera
1467 258 1550 285 relata
1572 263 1675 286 essent.
1693 259 1736 285 ln-

954 308 1026 330 terea
1044 303 1124 338 igitur
1137 307 1244 337 tempus
1259 303 1407 330 terebatur.
1425 303 1464 330 Ad
1482 303 1554 334 hmc,
1571 303 1615 330 ubi
1641 310 1734 330 vermu

953 355 1013 376 esse
1024 348 1209 380 resciverunt;
1225 355 1286 375 cum
1301 357 1378 384 reges
1392 352 1492 381 essent,
1508 356 1538 376 ac
1553 356 1664 384 peregre
1673 357 1723 383 pro

953 393 1061 424 facturi.
1075 400 1185 421 necesse
1202 393 1355 421 habuerunt
1372 394 1446 428 prius
1467 401 1510 421 res
1525 401 1589 421 snas
1607 394 1736 421 domesti-

953 445 1000 465 cas
1019 443 1091 465 recte
1105 439 1259 473 disponere,
1273 446 1305 466 ac
1328 439 1466 474 prmﬂcere
1488 440 1603 467 subditis
1620 439 1736 467 vicarius

952 489 1026 510 suos.
1055 483 1118 511 Hac
1141 484 1233 511 omnia
1249 484 1322 518 ipsos
1337 489 1483 519 occupatos
1497 485 1633 517 tenebant,
1649 490 1678 513 et
1692 493 1735 512 rc-

954 528 1137 556 morabantur.
1156 530 1195 557 Ac
1211 530 1263 556 nisi
1281 529 1455 557 vehementer
1468 530 1558 557 dilecti
1578 530 1691 558 fuissent
1707 537 1736 558 et

951 573 1029 608 justi,
1047 581 1100 601 non
1117 575 1210 610 utique
1221 576 1317 602 domos
1329 583 1391 602 suas
1408 575 1600 610 relinquentes.
1614 577 1736 611 regiones

953 627 986 648 ac
1015 628 1108 655 regna,
1125 621 1266 648 venissent
1281 621 1314 648 ad
1329 621 1497 648 invisendum
1521 622 1606 655 illum,
1620 623 1666 650 sed
1689 630 1737 657 per

953 666 1021 693 alios
1037 666 1088 693 hoc
1103 665 1218 693 oiiicium
1240 666 1436 704 implevissent:
1452 666 1629 701 Cugitandnm
1646 672 1735 694 autem

953 717 1005 746 est,
1022 712 1161 747 cujusdam
1177 713 1260 739 etiam
1289 712 1387 740 divina:
1412 713 1623 747 dispensationis
1641 713 1735 747 fuisse,

954 764 983 785 ut
1000 760 1131 786 adventus
1143 765 1236 785 eormn
1252 759 1413 786 differretur.
1432 758 1499 792 Qnta
1514 760 1585 786 enim
1602 767 1652 786 una
1667 767 1727 787 cum

955 803 1104 830 amicorum
1122 803 1305 838 disputatione
1322 804 1404 831 etiam
1430 810 1566 831 certamen
1582 805 1736 832 universum

918 844 939 871 Β
954 849 1116 883 diremptum
1130 853 1182 880 est,
1196 849 1375 883 respOudente
1401 849 1471 880 Deo.
1494 855 1518 876 et
1536 849 1638 884 justum
1665 850 1736 877 hunc

956 895 1062 921 l'ovente
1077 898 1105 921 et
1119 899 1285 927 coronante;
1300 894 1390 921 divina
1413 895 1548 929 quazpiam
1569 896 1735 928 providentia

954 939 1015 972 luit,
1035 943 1065 966 ut
1082 946 1171 966 moras
1193 941 1336 966 traherent
1359 940 1451 971 amici.
1473 948 1527 974 quo
1552 939 1737 968 intenderetur

954 985 1076 1018 morbus,
1092 991 1119 1012 et
1133 985 1224 1019 justus
1251 986 1294 1012 vir
1322 986 1454 1013 illustrius
1477 993 1612 1020 pugnans,
1637 987 1734 1021 potiori

951 1030 1013 1065 jure
1026 1037 1040 1057 a
1059 1030 1114 1057 Deo
1132 1031 1220 1058 victor
1233 1030 1458 1065 proclamaretur.

954 1077 987 1105 ν.
1006 1077 1049 1105 Η.
1070 1077 1106 1104 Lt
1126 1083 1248 1105 venerunt
1263 1078 1297 1104 ad
1315 1077 1391 1104 illum
1406 1079 1580 1112 concorditer,
1595 1084 1623 1106 ut
1641 1087 1737 1106 cumo-

1137 1113 1254 1139 lurentur
1264 1117 1288 1139 et
1302 1113 1441 1139 invitarent
1456 1113 1543 1140 illum.

990 1187 1168 1222 Symmachus
1192 1187 1229 1214 ita
1241 1187 1344 1215 edidit:
1369 1187 1547 1216 Candixeraul
1561 1190 1641 1222 enim,
1657 1196 1683 1218 ut
1698 1192 1737 1218 ai-

953 1235 1010 1261 mul
1030 1236 1160 1262 venientes
1175 1239 1386 1268 compaterentur
1395 1235 1429 1265 ei.
1452 1241 1477 1262 et
1492 1237 1692 1263 cortsolarentar
1705 1237 1738 1263 il-

955 1280 1020 1308 lum.
1036 1280 1101 1308 Vide
1118 1287 1144 1308 et
1159 1281 1235 1314 hinc,
1251 1280 1298 1314 qui
1312 1281 1384 1308 aliud
1401 1283 1481 1310 etiam
1497 1283 1656 1317 pmterierit
1670 1288 1738 1310 tem-

955 1333 1021 1361 pus;
1037 1328 1122 1354 donec
1137 1327 1169 1354 ad
1187 1335 1217 1354 se
1231 1327 1347 1354 invicem
1366 1328 1516 1362 mittentes,
1526 1336 1687 1357 concursum
1702 1329 1739 1357 tti-

955 1373 1010 1400 mul
1023 1377 1050 1400 et
1063 1373 1208 1400 adventum
1227 1374 1360 1403 l'ecertmt.

992 1463 1024 1490 V.
1045 1463 1087 1490 12.
1105 1462 1138 1490 Ει
1154 1468 1304 1498 spargente:
1317 1469 1414 1490 terram
1429 1471 1508 1497 utpar
1519 1464 1607 1498 cupita
1621 1472 1670 1491 sua
1683 1483 1690 1491 .

917 1519 940 1548 ϐ
956 1539 989 1567 ν.
1007 1541 1050 1569 l5.
1069 1540 1197 1568 Sederunt
1212 1547 1281 1573 apud
1303 1541 1386 1573 ipsum
1409 1546 1505 1575 septem
1524 1541 1591 1573 diu,
1604 1547 1628 1569 et
1643 1547 1738 1576 septem

1297 1582 1394 1602 ηυτιει.

989 1622 1047 1650 Non
1063 1623 1130 1650 dixit
1144 1629 1208 1650 vero
1221 1621 1375 1655 Scriptura,
1386 1622 1457 1657 quod
1469 1622 1620 1650 assederint
1634 1628 1738 1658 septem

955 1669 1026 1701 dies,
1040 1677 1054 1695 a
1069 1675 1149 1695 tuane
1165 1676 1251 1702 usque
1266 1668 1298 1694 ad
1311 1675 1462 1703 vesperam,
1473 1676 1559 1702 neque
1570 1674 1673 1704 septem
1688 1677 1738 1696 no-

955 1720 1050 1746 ctes,a
1066 1722 1177 1749 vespera
1199 1713 1231 1739 ad
1262 1721 1350 1740 mane.
1372 1713 1469 1748 Liquet
1484 1721 1559 1748 ergo.
1585 1715 1657 1748 quod
1676 1722 1740 1742 cum

956 1760 1099 1788 maximam
1115 1759 1167 1786 diei
1182 1762 1284 1792 partem
1308 1758 1492 1791 assedissent,
1507 1759 1671 1786 recedebant
1689 1766 1740 1785 nec

954 1806 1080 1834 cessariis
1094 1805 1186 1832 usibus
1204 1805 1346 1837 explendis
1362 1811 1370 1831 :
1387 1811 1419 1831 ac
1436 1803 1536 1830 iterum
1560 1808 1739 1836 revertentes,

955 1859 1040 1886 usque
1071 1852 1104 1879 ad
1127 1852 1238 1879 utnltam
1267 1855 1373 1879 noctem
1398 1850 1567 1883 assidebam,
1589 1855 1617 1877 et
1639 1849 1738 1876 iterum

954 1896 1094 1930 abeuntes,
1120 1905 1215 1924 rursus
1238 1904 1317 1924 inane
1341 1896 1485 1924 veniebant
1503 1895 1535 1922 ad
1560 1903 1634 1923 eum.
1661 1895 1740 1928 Quod

954 1951 1020 1970 sane
1030 1942 1230 1970 verissimorum
1243 1942 1581 1976 aﬂ'ectuusissimorumque
1590 1939 1740 1968 amicorum

954 1988 1091 2022 proprium
1106 1987 1306 2015 est.Counnuni
1323 1992 1413 2014 autem
1447 1986 1642 2013 consuetudine
1661 1990 1741 2012 utens

955 2033 1107 2068 Scriptura,
1130 2033 1164 2060 ita
1184 2033 1308 2060 absolute
1334 2034 1422 2060 locuta
1445 2036 1506 2059 est:
1521 2031 1650 2059 Sedarunt
1670 2030 1741 2065 apud

955 2080 1039 2114 ipsum
1054 2083 1152 2113 septem
1164 2079 1261 2112 dies,el
1274 2084 1369 2113 septem
1386 2083 1485 2105 noctes.
1503 2076 1637 2110 Quoniam
1657 2077 1739 2103 etiam

954 2123 1062 2158 quando
1077 2123 1156 2156 dicit,
1173 2122 1305 2150 Jaeohum
1321 2122 1527 2158 quatuordecim
1542 2129 1627 2148 annos
1639 2121 1741 2148 servis-

955 2177 995 2202 se,
1013 2175 1040 2196 et
1065 2174 1190 2196 exustum
1206 2168 1303 2203 iiuisse
1333 2173 1400 2196 :rstu
1423 2167 1487 2199 diei,
1512 2173 1538 2194 et
1556 2167 1617 2202 gelu
1634 2166 1739 2197 noctis;

957 2215 1076 2250 utinquid
1092 2219 1191 2242 tecttnn
1209 2222 1347 2249 nunquam
1366 2213 1493 2241 subibat?
1506 2212 1625 2247 nunquid
1640 2212 1740 2239 nullum

956 2260 1052 2287 habuit
1064 2261 1188 2295 requiem
1204 2264 1260 2287 toto
1276 2259 1320 2285 illo
1336 2258 1477 2293 tempore?
1495 2258 1531 2285 De
1549 2257 1591 2284 his
1605 2257 1742 2284 subtiliter

956 2309 1132 2340 pertractare,
1158 2304 1330 2340 nugatorium
1355 2308 1438 2331 esset.
1464 2303 1497 2331 Ut
1528 2303 1600 2330 enim
1625 2301 1741 2332 aiebam,

957 2351 1095 2386 Scriptura
1113 2350 1252 2378 communi
1270 2349 1465 2376 consuetudine
1493 2349 1587 2375 utitur.
1608 2347 1742 2381 Quoniam

957 2405 1021 2424 vero
1035 2397 1145 2432 quidam
1171 2397 1348 2432 suggillantes
1371 2395 1552 2429 Scripturam,
1567 2393 1607 2420 vel
1626 2394 1689 2420 hinc
1702 2394 1742 2427 ip-

957 2451 1015 2470 sam
1028 2449 1076 2470 ceu
1092 2444 1248 2469 mendacem
1267 2442 1431 2469 traducunt:
1447 2439 1588 2473 Quomodo
1602 2439 1685 2470 enim,
1698 2438 1743 2464 di—

957 2492 1032 2520 cunt,
1056 2488 1114 2514 sine
1139 2487 1199 2513 cibo
1219 2489 1465 2522 perseveraverunt
1485 2488 1513 2511 et
1532 2484 1669 2511 insomnes
1695 2490 1744 2517 per

959 2537 999 2561 tot
1020 2532 1095 2560 dies?
1111 2532 1197 2559 coacti
1226 2539 1319 2559 sumus
1346 2537 1439 2558 eorum
1465 2537 1515 2558 nos
1538 2529 1743 2557 accommodare

958 2579 1120 2614 importuna:
1132 2577 1287 2605 subtilitati.

1283 2621 1360 2650 CAP.
1377 2620 1422 2649 Ill.

993 2671 1032 2698 Ac
1046 2669 1071 2697 in
1089 2669 1132 2696 his
1146 2668 1255 2704 quidem
1272 2668 1421 2696 secundum
1436 2671 1517 2703 caput
1531 2665 1681 2694 absolutum
1690 2670 1740 2692 est.

957 2716 1044 2744 Tertii
1063 2723 1129 2742 vero
1142 2715 1286 2750 quemdam
1303 2715 1385 2743 veluti
1401 2718 1572 2750 prospectum
1596 2712 1741 2743 iacientes,

990 2783 1057 2820 (27‘)
1063 2783 1152 2820 _Furte
1167 2783 1218 2820 leg.
1233 2783 1305 2815 Πῶς.

993 2817 1047 2856 (28)
1063 2817 1128 2846 Ibid.
1144 2817 1205 2846 eod;
1228 2819 1270 2846 tit.
