1918 3069
200 129 236 157 67
649 124 931 156 SUPPLEMENTUM
950 124 996 151 AD
1014 123 1177 152 OBIGENIS
1197 121 1406 150 EXEGETICA.
1787 119 1820 149 68

199 189 331 222 dicimus,
357 188 428 224 quod
443 188 513 216 dolet
527 187 636 222 quidem
652 194 696 213 th'
718 186 818 220 iustus.
831 190 860 213 et
879 185 913 212 de
934 185 979 211 hut

1035 181 1073 213 ὡς
1091 181 1170 216 ἀλγεῖ
1187 182 1237 217 μὲν
1253 182 1269 208 ό
1286 181 1399 213 δίκαιος,
1422 180 1470 208 καὶ
1481 180 1532 208 οὐκ
1550 179 1583 207 ἄν
1602 187 1645 211 τις
1659 178 1820 214 ἀρνήσαιτο·

200 243 280 263 nemo
293 235 400 263 inficias
411 236 462 263 iret
477 243 485 262 :
505 241 559 262 non
575 233 648 260 enim
661 233 860 261 insensatorum
872 236 915 260 est
929 233 985 259 vir-

200 282 315 314 tus,.sed
330 289 425 310 eorum
446 281 491 315 qui
509 280 536 306 in
551 279 726 314 passionibus
738 280 772 306 ad
789 286 849 306 eam
866 278 987 306 studiose

200 328 379 355 contendunt.
398 325 476 353 Dolet
489 332 566 358 vero,
584 328 746 359 apparenter
756 323 877 358 quidem,
893 330 907 349 a
923 330 986 350 cor-

201 376 285 410 porali
301 374 377 410 plaga
392 373 548 401 acutissime
559 371 735 405 stimulatus;
753 375 782 397 at
799 369 986 398 intellectuali-

200 426 253 452 ter,
268 425 394 454 tanquam
405 420 496 453 justus
510 424 536 447 et
551 418 597 446 Dei
610 425 714 449 amans.
731 417 778 452 qui
791 417 902 444 videbat
917 423 985 443 non-

199 468 288 495 nuHos
303 467 502 495 scandalizatos
526 470 639 501 propter
660 464 802 499 passiones
822 470 898 494 suas,
918 466 947 489 ut
961 461 984 489 si

199 513 245 540 Dei
259 512 351 548 gloria:
366 512 392 539 in
410 512 469 547 ipso
482 510 764 544 detraheretur,justo
778 509 836 536 haec
849 507 985 535 sustinen-

198 563 234 586 te.
252 558 319 586 Cum
334 559 406 586 enim
421 558 486 585 dicit
500 567 508 584 :
527 555 627 592 thuid
650 555 761 590 potuisti
782 562 822 581 me
839 553 984 581 obviantem

197 606 245 633 tibi
259 605 301 632 "2'
319 612 372 632 non
387 605 444 639 ipse
464 604 519 631 Deo
537 602 667 634 obviavit,
679 601 764 629 absit!
782 601 824 628 cui
843 600 916 628 enim
937 607 984 634 po-

198 656 270 679 terat
291 650 421 678 obviare?
443 649 498 677 Sed
520 649 591 684 quod
608 648 696 679 dicit.
714 647 780 674 illud
800 651 862 674 est:
882 644 983 680 thuid

197 703 309 732 propter
324 704 378 728 me,
403 696 525 729 Domine,
548 703 645 723 nomen
663 699 739 721 tuum
762 691 984 728 blasphematur?

197 742 335 769 Turbatur
363 745 451 768 tamen
476 740 654 768 nihilominus
679 744 706 767 et
726 743 834 772 metuat,
851 745 885 766 ne
911 737 984 765 forte

195 787 308 814 omnino
323 794 338 814 a
363 787 418 813 Deo
435 786 559 814 desertus
575 785 681 813 fuisset.
696 784 768 812 Nihil
791 784 864 812 enim
890 787 983 810 tanto—

196 839 261 866 pere
272 832 411 859 excruciat
421 831 539 858 animam
552 831 597 858 Dei
609 835 757 863 amantem,
765 835 795 856 ιιι
808 829 940 864 suspicari
953 835 982 856 se

195 886 211 904 a
228 878 281 905 Deo
300 885 360 905 esse
373 877 510 904 desertam
528 886 534 904 :
551 877 614 911 quin
643 876 773 904 intinities
796 876 863 903 mori
879 875 980 907 mallet,
997 867 1019 895 Β

195 931 276 958 quam
292 931 353 950 ctnn
366 923 516 958 angoribus
529 927 556 950 et
570 922 724 958 suspicione
739 921 892 956 hnjnsmodi
909 921 983 948 inter

194 970 269 997 vivos
294 969 440 996 recenseri.
463 969 555 1003 Itaque
567 974 676 1004 propter
691 969 877 1003 jumentorum
897 968 982 996 amis-

193 1015 309 1046 sionem.
320 1018 348 1042 et
362 1014 477 1042 ﬁliorum
491 1013 643 1042 confertam
657 1019 787 1047 mortem,
804 1014 899 1048 quales
911 1014 982 1041 emi-

193 1062 261 1089 serit
280 1061 374 1097 plenas
392 1061 542 1096 gratiarum
562 1060 679 1088 actionis
703 1068 785 1088 voces
807 1061 980 1088 audivimus:

192 1107 330 1142 qttotuodo
346 1107 429 1135 etiam
458 1115 571 1134 uxorem
585 1106 729 1137 erudierit.
751 1113 813 1141 qu:e
840 1106 980 1141 indignum

194 1153 285 1180 nescio
310 1154 382 1188 qttod
395 1153 428 1180 de
452 1153 566 1180 Domino
583 1157 757 1186 reputaverat
776 1161 783 1179 :
801 1152 892 1186 qualia
915 1152 981 1180 item

193 1202 255 1230 post
270 1198 448 1224 tentationem
460 1202 488 1224 et
500 1196 716 1225 exinanitionem
727 1196 910 1232 acerbamque
923 1204 982 1232 pas-

193 1245 296 1272 sionem
318 1244 547 1278 pronuntiaverit,
565 1249 593 1271 et
617 1251 671 1279 quo
692 1248 770 1278 pacto
795 1243 871 1271 illum
890 1243 982 1271 nullus

192 1291 374 1318 humanorum
390 1295 535 1318 eventuum
555 1289 765 1325 perturbaverit.
787 1289 901 1323 Quando
915 1297 981 1317 vero

192 1337 272 1363 amici
287 1336 466 1368 advenerunt,
483 1335 607 1363 homines
627 1335 693 1370 justi
715 1340 743 1363 et
759 1335 912 1368 atl'ectuosi,
930 1342 981 1369 op-

193 1387 338 1417 portunmn
353 1383 502 1409 arbitratus
515 1386 568 1415 est,
585 1382 680 1408 videns
692 1388 786 1408 eorum
805 1380 979 1408 tolerantiam

191 1435 220 1457 et
246 1429 420 1457 dilectionem
438 1435 503 1463 erga
527 1435 570 1460 se,
589 1435 720 1455 enarrare
745 1431 828 1461 atque
843 1434 980 1462 exponere

191 1475 273 1502 anitni
285 1475 326 1502 sui
342 1474 461 1505 dolores.
480 1474 595 1508 illosque
610 1473 742 1501 historice
757 1472 860 1500 referre
873 1472 980 1507 putavit

190 1528 251 1548 esse
264 1521 324 1548 sine
336 1520 464 1555 periculo.
480 1519 596 1547 Unicum
611 1527 728 1553 namque
741 1523 800 1546 erat
813 1519 911 1546 diaboli
923 1524 979 1546 stu-

191 1566 276 1597 dium.
290 1566 396 1592 ellicere
410 1570 440 1592 ut
452 1564 542 1600 justus
558 1564 609 1591 iste
622 1564 705 1590 Deum
721 1564 932 1598 blasphemaret.
945 1564 979 1592 At

189 1619 254 1639 vero
267 1611 420 1638 nullatenus
437 1614 549 1645 apparet
567 1616 629 1636 eum
648 1609 719 1636 istud
735 1609 842 1641 fecisse,
855 1610 920 1644 quin
933 1616 980 1644 po-

190 1657 244 1684 tius
258 1656 428 1684 benetlixisse
441 1660 468 1682 et
484 1655 634 1691 gratiarum
651 1656 769 1683 actionis
784 1660 868 1682 testes
885 1660 980 1689 protu-

189 1701 254 1729 lisse
276 1709 368 1729 voces.
386 1701 525 1728 Maledicit
549 1705 639 1728 autem
669 1701 740 1728 diem
765 1701 925 1732 nativitatis.
952 1705 980 1729 et

190 1752 307 1775 mortent
330 1747 486 1778 desiderat,
510 1751 620 1781 propter
641 1746 766 1780 superius
782 1746 879 1774 allatas
895 1747 979 1773 ratio-

189 1802 247 1822 nes.
259 1793 293 1821 At
309 1794 388 1820 rebus
411 1793 444 1820 ad
462 1798 581 1820 mentem
598 1792 702 1823 relatis.
723 1793 854 1828 mysteria
872 1792 977 1828 eloqui-

188 1845 253 1868 tur:
269 1845 297 1867 et
323 1839 356 1867 de
381 1840 413 1867 iis
431 1840 541 1874 quidem
563 1847 624 1873 quae
644 1839 700 1874 jam
724 1844 805 1866 antea
818 1845 976 1872 evenerant,

188 1887 411 1920 philosophatur;
437 1886 471 1913 de
497 1885 599 1912 futuris
628 1892 692 1912 vero
720 1885 854 1912 certiores
877 1885 976 1913 reddit.

188 1932 346 1967 llujusmodi
369 1933 441 1959 enim
458 1939 566 1966 semper
578 1937 642 1959 sunt
657 1936 813 1958 sanctorum
828 1932 977 1966 propheta-

187 1986 247 2005 rum
266 1978 348 2006 dicta.
366 1978 406 2004 Ad
419 1978 477 2012 ipsa
497 1977 581 2012 igitur
600 1977 682 2004 verba
699 1978 873 2008 accedentes,
888 1978 977 2004 decla-

188 2032 279 2051 rcmus
296 2031 406 2052 sensum
428 2030 535 2055 eorum,
549 2030 581 2050 eo
605 2023 638 2049 ad
660 2022 910 2056 interpretationem
928 2032 977 2051 nos

187 2070 350 2102 deducentc,
374 2069 420 2103 qui
447 2073 572 2096 sanctum
598 2068 680 2095 etiam
704 2067 755 2095 Job
771 2067 805 2094 ad
826 2069 977 2097 certamina

187 2114 337 2143 roboravit.

307 2161 338 2188 ν.
359 2161 383 2188 Ι.
402 2160 465 2188 Post
483 2161 531 2186 hoc
546 2159 649 2194 aperuit
664 2159 716 2187 Job
729 2168 758 2186 or
771 2168 859 2187 suum.

221 2207 289 2241 Quia
302 2207 392 2242 justus
405 2214 437 2234 os
452 2206 551 2242 aperit,
574 2213 627 2233 non
647 2206 881 2233 inconsideranter
894 2213 975 2241 opor-
990 2213 1013 2242 ι)

187 2257 226 2280 tet
241 2253 361 2280 animum
379 2252 411 2279 iis
426 2259 486 2286 quae
499 2252 628 2279 dicuntur
641 2252 797 2284 advertere,
813 2252 859 2278 sed
882 2252 974 2285 requi-

187 2305 248 2325 rere
260 2298 329 2333 quod
356 2305 388 2325 ex
415 2298 506 2325 verbis
527 2298 618 2332 prodit
641 2298 866 2326 emolumentum.
888 2297 972 2325 Plena

185 2344 257 2370 enim
275 2350 384 2377 semper
402 2348 465 2370 sunt
495 2343 621 2370 utilitatis
641 2342 794 2377 huiusmodi
815 2348 972 2370 sanctorum

185 2390 258 2418 dicta
271 2398 278 2416 :
293 2395 320 2417 et
331 2390 459 2424 aperiens
471 2390 561 2425 justus
575 2398 616 2422 os,
627 2390 748 2417 occultos
760 2389 898 2424 depromit
913 2390 973 2417 the-

184 2444 291 2464 sauros.
307 2437 400 2471 Itaque
417 2442 444 2464 et
460 2445 507 2464 vas
526 2437 667 2464 electionis
680 2436 780 2463 Paulus
795 2436 918 2463 scribens
929 2436 972 2463 di-

183 2482 222 2509 cit
238 2494 243 2510 :
260 2481 296 2509 οι
312 2490 397 2509 meum
416 2483 518 2517 aperuit
533 2490 560 2509 se
579 2482 613 2508 ad
630 2491 684 2513 vos,
696 2481 827 2509 Corinthii
838 2482 872 2509 ".
890 2481 922 2508 Et
937 2483 970 2510 de

184 2529 299 2556 Domino
313 2529 444 2563 scriptum
459 2533 501 2556 est
513 2537 519 2555 :
533 2529 658 2562 Apertam
674 2537 702 2554 us
717 2536 804 2559 suum.
818 2528 925 2555 docebat
935 2528 965 2555 ".
979 2558 984 2563 .

183 2575 222 2601 Ac
236 2574 396 2610 simpliciter
413 2574 447 2601 de
460 2581 493 2602 eo
511 2574 694 2601 testimonium
710 2573 882 2608 perhibetur,
896 2574 968 2609 quod

182 2629 214 2649 os
233 2623 348 2656 aperiat,
364 2621 411 2656 qui
436 2621 537 2648 silentii
555 2620 651 2647 modos
673 2625 754 2647 antca
775 2621 887 2648 edoctus
904 2622 966 2648 fuit.

183 2666 274 2702 Itaque
285 2675 314 2696 et
325 2667 376 2696 Job
386 2675 417 2695 os
440 2668 527 2703 aperit
541 2672 634 2703 postea
646 2677 653 2695 ι
667 2669 693 2695 id
713 2672 755 2695 est
768 2672 827 2702 post
843 2675 969 2702 magnum

216 2736 239 2752 "
254 2735 303 2762 Job
318 2744 367 2768 vn,
381 2735 427 2763 20.
463 2736 487 2752 ⁸·
504 2734 524 2763 ll
537 2735 600 2762 Cor.
617 2735 709 2768 Vt,|l.
747 2734 768 2751 "
784 2734 878 2763 Matth.
895 2742 920 2768 ν,
932 2734 958 2762 2.

218 2783 273 2817 (‘29)
292 2783 443 2817 Legendntn
458 2783 596 2810 όδυνᾶται.

219 2820 274 2852 (50)
289 2818 367 2845 Forte
381 2818 474 2845 αὑτοῦ.

216 2855 273 2890 (5|)
286 2855 502 2889 Κατεντευκτήν.

1037 228 1068 254 οὐ
1081 227 1135 264 γὰρ
1148 227 1202 254 τῶν
1225 227 1395 263 ἀναισθήτων
1413 227 1431 262 ἡ
1449 226 1546 262 ἀρετὴ,
1564 225 1633 253 ἀλλὰ
1647 225 1702 252 τῶν
1721 225 1750 251 ὲν
1768 225 1821 256 τοῖς

1037 274 1136 300 πάθεσι
1160 273 1387 309 φιλοσοφούντων.
1411 273 1450 300 Οὐ
1470 273 1581 300 δύναται
1606 271 1662 307 (29)
1687 271 1727 303 δὲ,
1755 273 1821 298 κατὰ

1038 319 1086 355 μὲν
1101 319 1133 346 τὺ
1148 319 1319 355 φαινόμενον,
1332 319 1386 346 ὑπὸ
1400 319 1449 355 τῆς
1464 319 1494 346 ὲν
1511 319 1593 354 σαρκὶ
1609 317 1716 353 πληγῆς
1728 316 1821 352 δριμυ-

1035 366 1123 398 τάτως
1139 365 1330 401 κεντούμενος·
1353 366 1424 393 κατὰ
1440 365 1469 392 δὲ
1488 365 1519 392 τὸ
1538 364 1693 400 νοούμενον,
1716 360 1759 390 οἶα
1781 362 1820 389 δὶ-

1036 421 1112 445 καιος
1124 413 1172 440 καὶ
1190 412 1311 447 φιλόθεος
1331 412 1401 448 ἀνὴρ
1420 411 1492 448 ὀρῶν
1513 420 1590 443 τινας
1611 409 1819 445 σκανδαλιζομέ-

1035 468 1097 491 νους
1121 459 1168 486 ἐπὶ
1185 460 1242 490 τοῖς
1264 458 1353 485 αὐτῶν
1373 458 1428 494 (50)
1453 457 1621 494 παθήμασιν,
1643 457 1681 488 ὠς
1701 456 1753 491 τῆς
1774 455 1820 483 τοῦ

1035 506 1103 533 Θεοῦ
1128 505 1207 541 δόξης
1240 505 1283 532 ἐπ’
1307 505 1382 540 αὖτῷ
1401 503 1610 539 διασυρομένης,
1637 503 1662 529 el
1685 503 1700 530 ὁ
1721 502 1821 534 δίκαιος

1034 551 1120 579 ταῦτα
1133 551 1272 587 ὑπομένει.
1287 551 1344 578 Καὶ
1351 552 1405 587 γὰρ
1417 552 1462 577 ὅτε
1475 550 1563 584 λέγει’
1581 550 1643 577 Ἵνα
1658 549 1687 576 τί
1701 549 1771 576 ἔθου
1782 556 1819 583 με

1034 600 1099 626 κατ’
1112 599 1277 632 ὲντευκτήν
1290 598 1345 634 (5i)
1362 606 1437 629 σου;
1447 597 1497 624 οὒκ
1510 596 1591 628 αὐτὸς
1606 594 1679 622 κατὰ
1694 595 1742 622 τοῦ
1754 594 1820 622 Θεοῦ

1034 645 1175 681 ἐτύγχανε,
1192 645 1229 682 μὴ
1251 645 1369 680 γένοιτοί
1391 644 1444 672 τίνι
1462 643 1516 680 γὰρ
1538 641 1610 678 εἶχεν
1629 641 1820 677 ὲντυγχάνεινς

1041 692 1120 719 Ἀλλὰ
1132 692 1212 719 τοῦτό
1225 694 1298 720 ἐστιν
1307 692 1322 718 ὅ
1336 699 1426 727 φησιν·
1446 691 1504 717 Ίνα
1514 690 1540 716 τί
1554 689 1588 716 δι’
1606 688 1667 724 ἐμὲ,
1687 689 1819 721 Δέσποτα,

1033 739 1063 765 τὸ
1083 739 1168 774 ὄνομά
1193 747 1239 765 σου
1262 738 1478 774 βλασφημεῖται;
1507 735 1668 772 Θορυσεῖται
1693 735 1723 762 δὲ
1746 734 1821 761 οὐδὲν

1032 783 1113 821 ἦττον
1151 785 1199 812 καὶ
1227 785 1346 820 ῐλιγγιᾷ,
1377 784 1474 819 μήπως
1499 782 1598 814 πλείως
1632 781 1822 816 ὲγκατάλειψιν

1034 832 1137 867 ὑπέστη
1155 831 1229 866 παρὰ
1241 831 1318 858 θεοῦ.
1339 830 1406 857 Οὐδὲ
1420 829 1474 864 γὰρ
1488 828 1559 855 οὕτω
1571 829 1732 863 τιμωρεῖται
1747 827 1820 863 ψυχὴ

1034 877 1166 912 φιλόθεος,
1178 877 1216 909 ὠς
1226 876 1257 903 τὸ
1269 875 1324 911 (52)
1339 874 1502 902 ὑποπτεύειν
1523 873 1733 908 καταλελεῖφθαι
1747 872 1821 908 παρὰ

1033 924 1117 951 Θεοῦ·
1143 924 1190 951 καὶ
1212 922 1340 959 μυριάκις
1361 922 1479 956 αἱρεῖται
1499 922 1545 948 τδν
1573 920 1696 953 θάνατον,
1717 919 1734 955 ἢ
1755 919 1823 955 μετὰ

1032 970 1186 1006 ἀλγηδόνων
1197 970 1244 997 καὶ
1253 968 1381 1004 τοιαύτης
1395 968 1513 1003 ὑποψίας
1535 968 1592 999 τοῖς
1606 966 1689 1000 ζῶσιν
1707 967 1822 1001 ὲγκατα-

1032 1016 1169 1051 λέγεσθαι.
1190 1016 1251 1042 Ἐπὶ
1274 1015 1324 1051 μὲν
1344 1013 1390 1041 οὖν
1405 1016 1438 1051 τῇ
1456 1014 1511 1041 τῶν
1532 1013 1679 1049 κτημάτων
1699 1011 1823 1048 ἀπωλείᾳ.

1032 1064 1080 1090 καὶ
1098 1064 1132 1098 τῇ
1153 1062 1206 1089 τῶν
1222 1061 1324 1088 παίδων
1342 1061 1428 1097 ἀθρόᾳ
1445 1061 1557 1096 τελευτῇ
1576 1059 1633 1092 οἵας
1657 1059 1748 1094 ἀφῆκε
1771 1068 1822 1094 χα-

1034 1109 1187 1145 ριστηρίους
1200 1107 1290 1143 φωνὰς
1308 1107 1475 1143 ἠκούσαμεν,
1491 1107 1538 1134 καὶ
1556 1107 1630 1138 ὅπως
1643 1106 1691 1142 τήν
1705 1106 1823 1140 γυναῖκα

1031 1153 1220 1187 ὲξεπαίδευσεν
1234 1153 1357 1190 ἀπρεπές
1369 1162 1395 1180 τι
1410 1153 1474 1189 περὶ
1489 1152 1536 1179 τοῦ
1563 1152 1699 1179 Δεσπάτου
1714 1152 1824 1186 λογισα-

1033 1201 1128 1236 μένην,
1143 1200 1191 1227 καὶ
1203 1201 1266 1227 ποῖα
1284 1199 1353 1235 μετὰ
1367 1200 1464 1235 πεῖραν
1479 1199 1527 1226 καὶ
1544 1199 1716 1232 ὲξουδένωσιν
1732 1198 1823 1226 καὶτὸ

1030 1247 1112 1283 δριμὺ
1127 1246 1212 1278 πάθος
1225 1245 1385 1280 ἐφθέγξατο,
1403 1245 1449 1272 καὶ
1463 1246 1501 1277 ὡς
1519 1245 1595 1272 οὐδὲν
1611 1245 1691 1272 αὐτὸν
1708 1244 1765 1272 τῶν
1777 1245 1824 1272 ἀν-

1031 1292 1174 1329 θρωπίνων
1193 1292 1402 1328 συμπτωμάτων
1414 1291 1621 1328 διεθορύϐησεν·
1636 1291 1674 1323 ὡς
1689 1291 1718 1318 δὲ
1732 1291 1757 1318 οί
1779 1290 1823 1325 φί-
1845 1302 1847 1305 τ

1029 1336 1070 1364 λοι
1091 1337 1271 1373 παρεγένοντο
1288 1337 1385 1373 ἄνδρες
1402 1337 1501 1364 δίκαιοι
1522 1337 1570 1364 καὶ
1589 1336 1752 1372 συμπαθεῖς,
1777 1335 1823 1363 εὖ-

1030 1390 1125 1417 καιρον
1146 1381 1234 1417 ᾠήθη,
1252 1381 1361 1418 θεωρῶν
1377 1381 1466 1409 αὐτῶν
1483 1381 1532 1417 τὴν
1547 1381 1686 1417 ὑπομονὴν
1705 1381 1751 1408 καὶ
1773 1381 1823 1416 τὴν

1029 1427 1139 1462 ἀγάπην
1153 1428 1196 1453 ἐπ’
1211 1427 1301 1454 αὐτῶν
1321 1426 1387 1461 (55),
1402 1428 1490 1454 εἰπεῖν
1508 1427 1556 1454 καὶ
1577 1427 1754 1464 δημοσιεῦσαι
1773 1427 1823 1459 τὰς

1029 1474 1100 1501 κατὰ
1108 1474 1198 1509 ψυχὴν
1210 1474 1370 1509 ἀλγηδόνας,
1384 1474 1431 1501 καὶ
1444 1473 1593 1508 φθέγγεται
1609 1473 1659 1508 μὲν
1675 1473 1735 1500 καθ’
1753 1474 1822 1500 ἱστο-

1031 1520 1092 1556 ρίαν
1114 1520 1262 1547 ἁκίνδυνον.
1289 1521 1337 1547 ’Ἑν
1354 1520 1408 1556 γὰρ
1422 1518 1455 1556 ἦν
1475 1521 1522 1547 τοῦ
1542 1520 1666 1547 διαόόλου
1689 1520 1719 1546 τὺ
1734 1520 1821 1548 σπού-

1031 1565 1131 1602 δασμα,
1153 1566 1183 1592 τὸ
1203 1566 1409 1600 παρασκευάσαι
1431 1566 1476 1592 τὸν
1496 1566 1600 1592 δίκαιον
1623 1565 1820 1601 βλασφημῆσαι

1030 1611 1106 1638 Θεόν.
1125 1612 1154 1639 '0
1169 1612 1198 1639 δὲ
1211 1612 1336 1648 οὐδαμῶς
1350 1612 1474 1647 φαίνεται
1488 1611 1567 1638 τοῦτο
1588 1611 1820 1648 διαπραξάμενος,

1030 1658 1156 1685 ἀλλὰκαὶ
1173 1658 1273 1694 μᾶλλον
1287 1658 1458 1694 εὐφημήσας.
1480 1659 1526 1684 καὶ
1542 1657 1735 1694 χαριστηρίους
1753 1658 1822 1685 ἀνα-

1030 1703 1141 1739 πέμψας
1166 1703 1268 1738 φωνάς.
1300 1703 1460 1739 Καταρᾶται
1493 1702 1521 1729 δὲ
1551 1702 1601 1737 τὴν
1633 1701 1741 1737 ἡμέραν
1767 1702 1821 1737 τῆς

1029 1750 1193 1785 γεννήσεως,
1211 1749 1259 1776 καὶ
1272 1749 1318 1775 τδν
1334 1749 1446 1776 θάνατον
1465 1747 1599 1778 ἐπιποθεῖ,
1620 1747 1664 1773 διὰ
1682 1746 1733 1778 τὰς
1752 1747 1824 1774 ἀνω-

1028 1795 1100 1831 τέρω
1120 1795 1263 1831 λεχθείσας
1281 1795 1381 1826 αἰτίας.
1399 1794 1472 1830 Πρὸς
1494 1793 1522 1820 δὲ
1542 1793 1661 1820 διάνοιαν
1682 1793 1822 1829 μυστήρια

1028 1842 1120 1869 λαλεῖ·
1146 1842 1194 1870 καὶ
1213 1842 1277 1878 περ).
1295 1841 1349 1868 τῶν
1370 1841 1420 1876 ήδη
1440 1839 1644 1876 προγεγονότων
1666 1838 1820 1873 φιλοσοφεῖ,

1028 1890 1075 1915 καὶ
1094 1888 1262 1924 πληροφορεῖ
1281 1887 1312 1914 τὺ
1338 1887 1444 1922 μέλλον.
1466 1885 1596 1912 Τοιαῦται
1621 1885 1676 1921 γὰρ
1701 1885 1744 1912 ἀεὶ
1763 1885 1821 1912 τῶν

1028 1934 1112 1968 ἁγίων
1125 1933 1273 1970 προφητῶν
1292 1934 1321 1959 αἰ
1342 1933 1443 1968 ῥήσεις.
1463 1932 1524 1959 Ἐπὶ
1540 1931 1569 1958 δὲ
1586 1931 1677 1959 αὐτῶν
1698 1931 1753 1958 τῶν
1770 1931 1819 1958 λέ-

1028 1980 1096 2013 ξεων
1118 1981 1270 2016 γενόμενοι,
1294 1979 1488 2015 σαφηνίσωμεν
1510 1979 1560 2014 τὴν
1584 1979 1714 2010 διάνοιαν,
1732 1978 1818 2005 αὑτοῦ

1027 2026 1208 2062 πώηγοῦντος
1222 2026 1289 2061 πρὸς
1304 2025 1354 2060 τὴν
1369 2025 1527 2060 ἑρμηνείαν,
1545 2023 1593 2050 τοῦ
1610 2024 1658 2051 καὶ
1672 2023 1718 2051 τὸν
1739 2023 1818 2058 ἆγιον

1032 2072 1092 2100 ’1ὼὸ
1110 2073 1177 2108 πρὸς
1196 2072 1259 2104 τοὺς
1274 2070 1382 2106 ἀγῶνας
1402 2070 1603 2106 ὲνισχὺσαντος.

1026 2161 1099 2196 Στὶχ.
1112 2164 1145 2188 α’.
1157 2161 1238 2188 Μετὰ
1248 2161 1335 2187 τοῦτο
1346 2160 1468 2195 ἤνοιξεν
1485 2160 1546 2187 Ἰὼὸ
1555 2160 1588 2187 τὸ
1603 2160 1699 2192 στόμα
1710 2159 1815 2187 αὐτοῦ.

1064 2209 1124 2234 Ὂτι
1140 2208 1244 2238 δίκαιος
1257 2207 1359 2241 ἀνοίγει
1374 2207 1404 2233 τὸ
1420 2207 1518 2242 στόμα,
1537 2207 1585 2242 οὐχ
1602 2206 1695 2237 ἁπλῶς
1715 2205 1816 2232 οὑτωσὶ

1024 2254 1157 2290 προσήκει
1172 2253 1314 2289 προσέχειν
1331 2254 1387 2285 τοῖς
1404 2253 1571 2288 λεγομένοις,
1586 2252 1652 2279 ἀλλὰ
1666 2252 1699 2278 τὰ
1715 2252 1769 2287 (54)
1782 2253 1816 2279 ὲκ

1023 2300 1078 2326 τῶν
1094 2299 1181 2334 λόγων
1195 2299 1339 2335 ἀναζητεῖν
1353 2299 1496 2334 ὠφέλειαν.
1514 2299 1610 2326 Μεστὰ
1623 2298 1677 2334 γὰρ
1689 2298 1732 2325 ἀεὶ
1743 2298 1815 2333 ὠφε-

1023 2345 1098 2377 λείας
1114 2345 1147 2372 τὰ
1162 2345 1274 2371 τοιαῦτα
1292 2345 1402 2381 ῥήματα
1427 2345 1482 2371 τῶν
1505 2345 1606 2379 ἁγίων
1629 2345 1676 2371 καὶ
1698 2344 1815 2378 ἀνοίγων

1022 2391 1054 2417 τὸ
1076 2391 1161 2426 στόμα
1175 2391 1288 2423 δίκαιος,
1310 2391 1520 2427 κεκρυμμένους
1541 2390 1697 2426 δημοσιεύει
1716 2390 1816 2425 θησαυ-

1024 2435 1096 2472 ρούς.
1115 2436 1160 2463 Διὸ
1176 2437 1223 2464 καὶ
1241 2437 1271 2463 τὸ
1291 2437 1386 2468 σκεῦος
1404 2437 1453 2472 τῆς
1469 2436 1583 2471 ἐκλογῆς
1597 2437 1612 2462 ὁ
1624 2435 1730 2467 Παῦλος
1751 2436 1813 2461 ἐπι-

1022 2482 1138 2509 στέλλων
1154 2483 1233 2519 φησί’
1254 2483 1289 2510 Τὸ
1308 2483 1406 2517 στόμα
1426 2491 1486 2517 μου
1508 2481 1620 2517 ἀνέῳγε
1635 2481 1710 2515 πρὸς
1723 2481 1812 2516 ὑμᾶς,

1022 2529 1178 2562 Κορίνθιοι.
1210 2528 1266 2555 Καὶ
1293 2528 1356 2564 περὶ
1379 2528 1426 2554 τοῦ
1459 2527 1562 2564 Κυρίου
1590 2528 1745 2563 γέγραπται
1771 2527 1813 2554 ὅτι

1027 2574 1160 2607 Ἀνοιξιις
1179 2575 1213 2601 τὸ
1229 2575 1328 2610 στόμα
1347 2574 1440 2601 αὑτοῦ
1464 2574 1615 2601 ἐδίδασκε.
1640 2574 1695 2600 Καὶ
1719 2573 1813 2604 ἁπλῶς

1020 2621 1123 2652 ἐκεῖνος
1140 2623 1316 2657 μαρτυρεῖται
1330 2621 1418 2656 στόμα
1433 2620 1562 2654 ἀνοίγειν,
1578 2621 1593 2646 ό
1607 2620 1710 2656 σιωπῆς
1726 2619 1812 2655 μέτρα

1023 2667 1154 2704 πρότερον
1165 2667 1307 2703 διδαχθείς.
1321 2667 1426 2695 οὐκοῦν
1437 2667 1484 2694 καὶ
1502 2666 1563 2693 Ἰὼϐ
1571 2666 1674 2701 ἀνοίγει
1683 2666 1712 2693 τὸ
1724 2665 1811 2701 στόμα

1070 2780 1115 2809 52)
1133 2779 1187 2814 Τῷ.

1071 2815 1115 2845 55)
1135 2813 1217 2842 Forte
1236 2813 1305 2840 αὐτό

1061 2851 1116 2886 (Iri)
1136 2850 1214 2878 Forte
1228 2850 1287 2885 τήν.
