1918 3069
76 109 109 138 69
712 111 979 140 ENARRATIONES
999 112 1032 140 IN
1041 112 1121 141 JOB.
1685 115 1718 143 70

80 170 150 207 μετά
161 169 256 198 τοῦτο·
278 171 411 198 τουτέστι
435 171 505 207 μετὰ
521 171 551 198 τὸ
571 171 647 207 μέγα
661 171 799 208 τρόπαιον,
824 174 876 208 μετ

936 177 1077 207 tropaeum.
1092 175 1153 207 post
1163 171 1304 206 passiones
1315 171 1387 204 illas.
1400 179 1453 199 non
1467 179 1528 200 sine
1543 172 1668 200 examine
1679 173 1720 199 lo-

81 218 174 245 ἐκεῖνα
184 217 218 244 τὰ
229 217 321 253 πάθη,
339 219 392 245 οὐκ
408 218 594 250 ἀϐασανίστοις
609 218 758 253 φθέγγεται
770 219 883 254 περιαλ-

83 264 141 299 γῶν
154 263 191 299 τῷ
199 263 324 298 tubulus,
337 264 390 300 τῆς
401 264 528 300 γλώσσης
539 263 692 300 φθανούσης
705 264 736 291 τδ
751 264 802 300 τῆς
815 273 882 301 φρο-

83 311 188 346 νήσεως
211 309 361 345 ἔνθεσμον,
381 309 451 336 ἀλλὰ
475 308 620 344 σωφρονῶν
638 308 686 335 καὶ
705 309 766 341 ταῖς
781 310 884 344 φωναῖς

85 356 287 383 ὑποδείκνυται.
305 355 390 391 Δηλοῖ
405 355 435 381 δὲ
455 354 503 381 καὶ
518 354 566 390 τὴν
585 354 704 390 γαλήνην
729 355 778 390 τῆς
794 355 883 391 ψυχῆς

85 403 133 429 καὶ
142 401 197 428 τῶν
210 401 345 437 ῥημάτων
355 401 387 427 τὸ
398 400 539 436 ὲμπρεπὲς
551 400 570 436 ἡ
580 400 628 427 τοῦ
640 400 742 435 ἀνοίξαι
755 401 785 428 τὺ
795 401 883 437 στόμα

84 447 171 474 αὑτοῦ
185 447 329 483 μαρτυρία
344 447 412 482 (55).

412 492 490 519 ΚΕΦ.
513 491 565 519 ΙΘ¹.

84 539 141 574 (56)
157 539 234 574 Στίχ.
249 541 286 566 α’.
302 538 378 571 Ἕως
389 538 471 571 τινος
485 538 616 572 ἐγκοπον
624 537 764 570 ποιήσετε
778 538 882 573 ψυχήν

446 581 524 608 μου;

121 620 230 655 Ὠσπερ
252 619 368 655 σώματα
392 619 478 656 βαρέα
496 618 675 654 ἐπιτιθέμενα
694 618 772 651 ζώων
792 618 883 654 σώμα-

87 675 140 698 σιν,
161 666 281 701 κάμνειν
301 666 388 692 ποιεῖν
409 665 444 692 τὰ
466 664 650 700 βαστάζοντα·
673 664 760 696 οὓτως
774 664 827 690 εἰσί
842 673 882 690 τι-

87 721 132 744 νες
149 712 225 746 λόγοι
244 711 350 747 βαρεῖς,
371 711 419 743 οὒς
434 711 553 743 ἀκούσας
568 719 610 743 τις
630 712 741 746 κάμνει.
767 710 812 743 Ὦς
829 709 882 737 ὑπὸ

88 759 188 794 βάρους
202 758 377 793 πιεζόμενος,
391 758 441 793 τῆς
456 757 596 792 δυνάμεως
613 757 668 783 τῶν
684 757 770 792 λόγων
785 756 839 784 τῶν
849 756 880 782 οὐ

88 804 192 835 κακῶς,
214 804 262 830 καὶ
285 803 410 839 χαλεπῶς
427 804 525 840 (57),ἢ
547 803 594 830 ἐπὶ
618 803 750 839 λοιδορίας
769 802 880 838 εἰρημέ-

933 219 1028 254 quitur
1040 222 1095 244 toto
1109 225 1225 252 corpore
1236 217 1340 250 dolens,
1353 217 1537 252 praeveniente
1550 217 1640 252 lingua
1655 226 1704 252 prn

933 266 1033 292 dentite
1045 264 1129 299 leges,
1143 264 1190 291 sed
1202 263 1244 291 vel
1258 264 1284 291 in
1301 264 1368 298 ipsis
1380 264 1494 292 vocibus
1503 264 1612 291 sobrius
1627 268 1716 291 osten-
1749 268 1753 271 ‘

932 310 1017 338 ditur.
1040 309 1142 337 Iudicat
1162 309 1244 336 etiam
1263 309 1360 336 animae
1380 308 1619 343 tranquillitatem,
1645 309 1717 343 ipso-

932 363 1048 390 rumque
1066 355 1209 382 verborum
1229 354 1366 388 decorem,
1381 354 1454 390 quod
1465 354 1499 383 de
1511 354 1559 382 illo
1573 355 1718 390 perhibea-

933 406 976 430 tur
991 401 1132 436 aperuisse
1147 407 1189 428 os.

934 535 967 564 ν.
986 537 1011 564 Ι.
1029 536 1171 573 Quousque
1185 492 1465 573 labgiofamxiaxeietis
1486 540 1600 566 animam
1614 540 1719 567 meam?

966 614 1200 647 Quemadmodum
1226 621 1341 650 corpora
1364 616 1457 650 gravia
1477 615 1602 650 imposita
1616 617 1716 644 anima-

931 660 997 688 lium
1011 661 1183 695 corporibus,
1195 662 1328 696 gestantia
1342 661 1557 696 defatigantzsie
1574 666 1638 690 suut
1655 663 1716 698 qui-

931 706 992 734 dam
1005 714 1144 734 sermones
1164 715 1272 742 gravcs,
1286 715 1354 742 quos
1372 708 1488 735 audiens
1500 708 1562 743 quis
1577 708 1717 742 fatigatur.

932 752 1073 787 Tanquam
1090 760 1105 779 a
1130 753 1236 780 sarcina
1263 761 1425 788 oppressus,
1439 754 1464 780 vi
1489 761 1645 782 sermonum
1662 761 1715 781 non

931 799 1003 827 male
1014 806 1046 826 ac
1058 798 1181 830 moleste,
1195 798 1236 825 vel
1249 800 1282 826 ad
1298 799 1450 826 convicium
1462 799 1597 827 dictorum
1610 799 1643 827 ab
1656 800 1716 826 aliis

87 858 138 876 νων
156 848 208 876 ὑπὸ
222 848 280 875 τῶν
300 848 387 876 ἄλλων
413 848 460 875 δύο
485 849 553 884 μετὰ
580 848 682 875 Βαλδάό
704 848 876 884 ἐληλυθότων1

933 846 1049 877 duobus.
1065 845 1111 880 qui
1127 852 1187 873 cum
1200 844 1321 872 Baldadu
1333 851 1475 879 venerant,
1485 851 1613 881 tanquam
1625 847 1718 874 oneris

86 893 167 919 οἱονεὶ
187 893 302 929 φορτίου
327 892 453 928 αἴσθησις
469 893 525 928 (58)
549 893 661 929 βαρέος,
685 893 699 920 ό
728 892 787 919 ’1ώὸ
813 901 879 928 φησι

87 938 184 974 καμὼν
210 927 254 973 ἤι’
274 938 346 974 ψυχῇ
375 927 419 973 ἐφ’
448 927 491 970 οἷς
516 927 674 975 είρήκασιψ
700 939 774 971 Ἕως
797 938 880 971 τινος

86 984 217 1019 ἐγκοπον
226 984 369 1018 ποιήσετε
381 984 486 1019 ψυχήν
492 993 551 1019 μου
559 993 608 1017 ;-
615 985 670 1012 Καὶ
681 985 744 1019 μετ’
759 985 878 1020 ὀλίγον·

92 1031 173 1066 Ὁρᾷς
197 1030 237 1061 ὡς
261 1030 473 1066 προγέγραπται
486 1030 500 1056 ὁ
514 1030 656 1066 Σαυχαίων
675 1029 814 1065 τύραννος.
828 1029 880 1055 Τυ-

88 1077 209 1113 ραννικοὶ
221 1076 306 1103 αὑτοῦ
319 1077 387 1103 εἰσιν
399 1077 424 1103 οἱ
438 1076 521 1110 λόγοι,
533 1076 579 1108 οὓς
595 1075 715 1108 ἀκούσας
723 1077 737 1103 ό
757 1075 826 1108 Ἰὼϐ,
839 1076 880 1103 λέ-

86 1123 205 1156 γει·“Εω
232 1123 318 1155 τίνος
326 1123 456 1157 grtes-tor
467 1122 608 1155 ποιήσετε
623 1121 681 1156 τὴν
688 1121 794 1156 ψυχήν
803 1129 879 1156 μου;

86 1169 141 1204 Οὐχ
154 1167 244 1200 οὕτως
265 1168 433 1195 καθικνεῖται
448 1168 537 1204 ψυχῆς
556 1167 698 1204 ἀνθρώπου
716 1168 780 1196 ἄλλο
793 1177 829 1200 τι,
841 1167 880 1200 ὼς

86 1215 163 1248 λόγος
187 1214 319 1249 σκληρός.
348 1214 483 1245 Πολλάκις
505 1214 654 1250 ὑπομείνας
675 1214 724 1246 τὰς
746 1213 878 1249 βασάνους

87 1260 193 1295 σώματι
220 1259 459 1295 προσφερομένας,
478 1259 574 1294 λόγους
600 1259 648 1294 οὐχ
669 1259 824 1295 ὑπέμεινεν.
850 1259 880 1286 '0

87 1306 211 1341 μέντοιγε
223 1305 329 1337 τέλειος
341 1305 471 1341 ἀθλητὴς,
494 1306 518 1332 el
535 1306 581 1332 καὶ
596 1305 718 1340 κάμνων,
736 1305 795 1332 ἀλλ’
811 1304 879 1332 ὑπο-

87 1352 161 1387 μένει
178 1352 246 1383 τοὺς
267 1351 401 1387 χαλεποὺς
418 1351 523 1386 λόγους.
541 1351 639 1387 Ὕϐριν
660 1352 713 1387 γὰρ
736 1352 880 1386 ὑπομένειν

88 1398 206 1433 μεγάλου
222 1398 321 1434 ἀνδρός
333 1399 416 1424 ἐστιν.
433 1398 533 1434 Διόπερ
553 1399 582 1425 ὲν
595 1399 651 1431 τοῖς
669 1397 824 1433 άνδραγαθή
829 1405 881 1432 μα-

88 1453 126 1471 σιν
137 1444 238 1471 ἑαυτοῦ
251 1445 266 1471 ὁ
287 1444 447 1476 ’Δπόστολος
458 1444 531 1478 λέγει
540 1453 547 1460 ·
559 1444 784 1478 Λοιόορούμενοι
798 1444 881 1470 εὐλο-

86 1490 208 1524 γοῦμεν,
233 1489 409 1524 διωκόμενοι
437 1489 618 1524 ἀνεχόμεθα,
635 1488 881 1523 δυσφημούμενοι

930 900 1011 920 sensu
1037 893 1140 928 gravis,
1161 893 1226 920 dicit
1240 892 1291 920 Job
1306 892 1471 928 defatigatus
1494 894 1588 921 animo
1604 899 1716 929 propter

928 947 960 967 ea
977 947 1037 974 quae
1052 939 1198 967 dixerant:
1213 940 1354 975 Quousque
1365 940 1522 967 laboriosam
1541 940 1643 974 facietis
1657 941 1716 966 ani-

929 993 999 1011 mam
1009 993 1093 1012 meam
1103 987 1115 1013 .9
1127 999 1162 1006 -η
1177 987 1211 1014 Et
1223 993 1280 1021 post
1294 995 1379 1021 pauca
1396 993 1406 1013 :
1425 985 1505 1013 Vides
1517 986 1588 1020 quod
1610 986 1698 1013 deseri
1709 1000 1714 1004 -

929 1034 992 1065 plus
1017 1031 1099 1058 fuerit
1117 1031 1308 1060 Saucliaaorum
1323 1037 1464 1066 tyrannus.
1483 1031 1629 1067 Tyrannici
1651 1035 1715 1058 sunt

929 1076 988 1111 eius
1004 1083 1154 1109 sermones,
1168 1085 1237 1112 quos
1255 1078 1369 1106 audiens
1383 1077 1433 1105 Job
1449 1078 1505 1105 ait:
1521 1078 1663 1111 Quousque
1677 1077 1716 1103 la-

930 1122 1060 1150 boriosam
1076 1123 1179 1157 facietis
1189 1124 1306 1150 animant
1322 1131 1406 1151 meam
1416 1124 1429 1151 .’
1438 1123 1496 1151 Non
1512 1123 1549 1150 ita
1564 1123 1646 1151 allicit
1659 1123 1716 1150 ani-

930 1175 1002 1195 mam
1019 1168 1137 1195 hominis
1151 1168 1223 1195 aliud
1236 1168 1313 1203 quid,
1329 1172 1358 1196 ut
1370 1176 1462 1196 sermo
1474 1169 1624 1203 praedurus.
1637 1169 1715 1204 Saepe

929 1214 975 1248 qui
991 1214 1120 1240 sustinuit
1136 1219 1271 1241 tormenta
1289 1215 1398 1249 corpori
1423 1214 1561 1246 adhibita,
1573 1221 1715 1242 scrmOues

929 1266 984 1286 non
1000 1259 1140 1287 sustinuit.
1159 1259 1299 1287 Perfectus
1313 1265 1401 1288 tamen
1418 1260 1462 1287 hic
1478 1260 1593 1292 athleta,
1608 1260 1659 1287 etsi
1668 1261 1714 1288 de-

929 1304 1069 1339 fatigatus,
1087 1305 1204 1332 sustinet
1220 1305 1400 1334 nihilominus
1417 1306 1545 1334 molestos
1563 1313 1712 1333 sermones.

929 1348 1125 1377 Contumeliam
1140 1350 1212 1377 enim
1225 1350 1349 1383 sufferre,
1359 1352 1448 1387 magni
1463 1355 1505 1379 est
1517 1351 1578 1378 viri.
1588 1350 1716 1386 Propter-

929 1401 960 1421 ea
983 1393 1009 1420 in
1026 1395 1082 1422 suis
1098 1395 1244 1422 virtutibus
1260 1396 1408 1430 Apostolus
1425 1402 1551 1424 recenset
1563 1406 1570 1424 :
1581 1395 1714 1423 Considi:

930 1439 1057 1472 lacessiti,
1075 1441 1271 1473 benedicimus;
1284 1443 1489 1472 persecutionem
1501 1443 1639 1477 patientes,
1654 1442 1715 1468 Iole-

931 1493 1040 1519 ramus;
1057 1487 1225 1522 blasphemiis
1239 1489 1376 1523 proseiui,
1385 1489 1566 1522 deprecamur.
1577 1488 1712 1524 Tanquam

86 1534 332 1569 παρακαλοῦμεν.
358 1534 472 1568 Ὠσπερ
495 1533 666 1568 καθάρματα
685 1533 738 1560 τοῦ
761 1533 876 1567 κόσμου

932 1537 1102 1567 purgamenta
1115 1535 1206 1560 mundi
1219 1535 1305 1569 e/fecli
1320 1543 1420 1566 sumus,
1441 1535 1557 1561 omnium
1568 1535 1715 1570 peripsema

85 1580 283 1615 ἐγενήθημεν,
295 1579 416 1606 πάντων
430 1580 583 1614 περίψημα
594 1579 649 1612 ἕως
659 1579 732 1614 ἄρτι.
746 1579 802 1606 Καὶ
818 1579 877 1614 μετ’

86 1626 175 1660 ὀλίγον
193 1625 278 1660 φησὶν
289 1623 357 1657 εἶτα,
368 1624 413 1652 διὰ
422 1625 462 1657 τὺ,
479 1625 552 1657 Ἕως
561 1624 643 1657 τινος
653 1625 781 1659 ἐγκοπον
792 1623 878 1657 ποιή-

88 1680 155 1698 σετε
167 1671 277 1706 ψυχήν
289 1679 368 1706 μου;
390 1671 488 1706 Ὀρᾷςς
512 1669 571 1697 ’1ώὸ
587 1671 671 1703 ἐστιν,
685 1667 716 1697 οὗ
733 1670 823 1696 καὶτὸ
838 1669 878 1705 βι-

89 1718 159 1744 ϐλίον
174 1718 253 1744 οὐδὲν
280 1717 344 1744 ἄλλο
357 1717 505 1753 ἐξαιρέτως
520 1717 641 1753 περιέχει
663 1717 680 1753 ἢ
701 1717 752 1753 τὴν
767 1717 877 1753 ἀνδρίαν

89 1763 169 1789 αὐτοῦ
195 1763 245 1790 καὶ
266 1763 316 1799 τὴν
344 1764 494 1798 ὑπομονήν.
529 1762 598 1789 Ἀλλ’
618 1763 692 1798 ὅμως
719 1763 876 1790 αἰσθάνεται

90 1809 141 1836 τῶν
149 1809 294 1844 καμάτων,
309 1806 346 1835 ὦν
358 1810 495 1844 κεκμήκει
507 1808 562 1835 ἀπὸ
571 1808 618 1835 τοῦ
632 1808 712 1843 λόγου
731 1808 778 1835 τοῦ
791 1808 876 1844 σκλη-

93 1855 137 1890 ροῦ
161 1855 216 1881 τῶν
240 1854 409 1890 ἐληλυθότων
426 1853 507 1880 αὐτὸν
524 1854 718 1889 ὲπισκοπῆσαι.

91 1900 143 1935 (39)
159 1900 235 1936 Στίχ.
250 1904 286 1935 γ’,
302 1899 403 1927 Γνῶτε
413 1900 519 1943 μόνον,
537 1899 581 1926 ὅτι
599 1901 616 1927 ὁ
628 1901 735 1935 Κύριος
750 1900 877 1936 ἐποίησέ

402 1943 441 1969 με
456 1943 558 1968 ουτως.

127 1981 160 2006 ’Δ
175 1980 288 2015 βλέπετε
300 1980 365 2016 περὶ
377 1979 438 2015 ἐμὲ,
458 1979 494 2015 μὴ
507 1979 637 2015 νομίσητε
652 1979 764 2008 ἄλλοθεν
781 1981 876 2017 ἐληλυ-

93 2024 164 2051 θέναι
182 2033 227 2059 μοι
241 2024 257 2059 ἢ
273 2024 328 2050 ἀπὸ
338 2023 384 2050 τοῦ
398 2024 475 2051 Θεοῦ.
496 2024 634 2060 Φοϐήθητε
650 2025 749 2051 τοίνυν.
778 2025 807 2052 Ὁ
823 2026 876 2062 γὰρ

92 2070 150 2104 ἐμοὶ
164 2069 250 2095 ταῦτα
262 2069 374 2103 ἐπάγων
387 2068 498 2096 δύναται
514 2069 563 2095 καὶ
577 2068 640 2104 ὑμῖν
652 2069 812 2103 ἑπαγαγεῖν.

93 2116 164 2149 Στῐχ.
179 2115 214 2150 γ’.
228 2114 428 2143 Καταλαλεῖτέ
438 2123 497 2150 μου
507 2123 514 2130 ⁸
529 2115 584 2141 οὐκ
600 2115 814 2150 αἰσχυνόμενοι
825 2123 874 2150 με,

371 2149 522 2177 ἐπίηισθέ
534 2159 595 2184 μοι.

927 1587 1009 1614 usque
1020 1580 1097 1607 modo
1111 1580 1146 1607 ".
1161 1580 1194 1608 Et
1210 1581 1290 1615 paqu
1301 1587 1361 1616 post
1373 1581 1502 1617 deinceps
1514 1582 1590 1615 dicit,
1604 1586 1715 1616 propter

928 1625 991 1652 illud
1006 1633 1013 1652 :
1032 1625 1171 1661 Usquequo
1186 1625 1344 1654 laboriosam
1362 1627 1463 1660 facietis
1479 1628 1594 1654 animam
1609 1635 1692 1653 meum
1702 1628 1715 1654 7

930 1669 1045 1698 Viden‘?
1057 1671 1106 1698 Job
1120 1675 1162 1699 est
1174 1680 1182 1699 ε
1193 1671 1270 1707 cujus
1282 1672 1362 1699 etiam
1371 1672 1438 1699 liber
1448 1672 1515 1699 uiltil
1531 1672 1604 1699 aliud
1619 1673 1714 1707 ιιι-ποεῖ-

926 1724 978 1752 pue
1002 1717 1134 1752 continet,
1158 1725 1240 1752 quam
1267 1717 1351 1746 robur
1373 1724 1401 1746 et
1424 1718 1594 1746 tolerantiam
1630 1718 1712 1746 illius.

927 1762 1110 1790 Nihilominus
1124 1763 1208 1790 sentit
1219 1763 1338 1795 labores,
1353 1763 1451 1798 quibus
1464 1764 1634 1792 laboraverat
1646 1771 1712 1798 pro-

926 1810 987 1841 pter
1009 1806 1108 1834 durum
1125 1814 1278 1834 sermonem
1293 1814 1404 1841 eorum,
1416 1807 1462 1843 qui
1479 1812 1611 1836 venerant
1623 1809 1657 1836 ad
1673 1809 1714 1836 in-

926 1851 1066 1880 visendum
1079 1852 1165 1880 illum.

927 1897 959 1926 V.
972 1898 1000 1925 5.
1014 1897 1153 1932 Agnoscite
1161 1900 1301 1933 duntaxat,
1313 1900 1382 1935 quod
1395 1899 1524 1927 Dominus
1537 1900 1598 1935 fecit
1612 1910 1652 1928 me
1663 1902 1712 1929 sic.

961 1988 1026 2022 Quae
1048 1989 1120 2017 circa
1142 1996 1186 2017 me
1212 1991 1336 2024 cernitis,
1359 1998 1394 2018 ne
1421 1992 1582 2027 putaveritis
1605 1993 1712 2021 aliunde

925 2035 1049 2062 evenisse
1062 2035 1138 2068 mihi,
1151 2043 1231 2070 quam
1246 2043 1261 2063 a
1276 2037 1341 2064 Deo.
1361 2036 1473 2065 Metuite
1483 2046 1558 2073 ergo.
1574 2039 1625 2071 Qui
1639 2039 1712 2066 enitn

926 2079 992 2106 mihi
1008 2080 1101 2108 isthaac
1113 2081 1232 2115 adducit,
1248 2087 1337 2117 pOIest
1354 2086 1381 2110 et
1397 2083 1474 2111 vobis
1487 2084 1630 2111 adducere.

928 2123 959 2152 ν.
969 2124 996 2152 5.
1008 2123 1188 2158 Obloquimini
1200 2127 1232 2154 de
1245 2135 1286 2154 me
1297 2135 1372 2188 {post
1385 2128 1488 2155 reveriti
1502 2137 1553 2162 me,
1563 2129 1713 2156 incumbitis

1143 2170 1146 2172 ’
1283 2170 1318 2188 rm
1329 2171 1358 2188 ιι.

1143 2170 1146 2172 ’
1283 2170 1358 2189 ηιιιιι.

125 2195 182 2231 (40)
199 2195 331 2228 Πολλάκις
350 2196 398 2223 καὶ
422 2195 568 2223 καταλαλεῖ
585 2204 627 2228 τις
653 2195 746 2227 κακῶς
776 2195 870 2223 ποιῶν.

959 2205 1036 2241 Saepe
1046 2210 1073 2233 et
1084 2205 1241 2240 obloquitur
1254 2207 1316 2242 quis
1335 2215 1475 2243 perperam
1489 2215 1583 2243 agens.
1599 2209 1714 2242 Quando

93 2242 154 2269 Ὅτε
172 2242 206 2269 ἂν
228 2242 256 2269 δὲ
279 2243 330 2270 οὐκ
351 2242 553 2278 ἀπερυθριάσῃ,
580 2242 620 2273 εἰς
642 2242 786 2278 πρόσωπον
802 2242 875 2276 λέγει

92 2291 197 2325 ἐκείνῳ,
207 2289 268 2325 οὐχὶ
285 2290 413 2324 ἐλέγχων,
429 2289 490 2316 οὐδὲ
502 2288 606 2324 τάληθῆ
620 2288 717 2323 λέγων,
732 2288 788 2316 ἀλλ’
805 2289 875 2315 ὀνει-

92 2337 169 2369 δζων
195 2337 244 2364 καὶ
265 2336 393 2373 ὑϐρίζων.
413 2337 476 2368 Τοῖς
501 2336 555 2372 γὰρ
576 2336 629 2363 ὑπὸ
647 2335 714 2362 Θεοῦ
736 2344 874 2372 τιμωρου-

94 2382 181 2416 μένοις
204 2381 381 2417 ὲπεμσαινειν
402 2381 433 2408 οὺ
454 2380 518 2417 χρὴ,
541 2380 609 2408 ἀλλὰ
633 2380 742 2416 θρηνεῖν
765 2381 812 2408 καὶ
827 2389 876 2416 φο-

93 2426 227 2511 ῗῗῖἷθέῗίὶςι
242 2470 274 2511 ιι.
287 2471 343 2511 atat
356 2469 451 2511 ρὴιί
467 2470 609 2511 ἀληθείας
618 2470 676 2511 ἀγδδ
687 2470 874 2511 samem.

124 2507 190 2567 gap"
201 2505 269 2568 352
281 2506 316 2533 δὲ
329 2505 478 2536 αὐλίζεται
490 2505 605 2539 πλάνος
615 2514 622 2521 ·
637 2505 770 2540 λαλῆσαι
779 2506 874 2542 ῥῆμα,

153 2550 208 2568 ουκ
256 2550 292 2568 ει.

153 2550 208 2568 ουκ
222 2550 292 2569 εοει.

125 2585 190 2614 Εἶτά
203 2595 285 2623 φησιν
299 2587 363 2614 καθ’
385 2586 512 2614 ὑπόθεσιν
521 2593 530 2603 ·
552 2586 631 2623 ’Υμτν
643 2586 751 2623 δίδωμι,
763 2587 804 2620 ὡς
815 2587 876 2615 ὑπο-

125 2645 166 2672 ιιι
179 2645 241 2673 Cor.
257 2653 294 2680 ιν,
313 2645 358 2678 is.
378 2646 422 2674 ιδ.

126 2713 178 2747 (35)
193 2713 266 2741 Nihil
280 2713 412 2748 deinceps
426 2719 459 2741 ex
485 2714 536 2741 hoc
563 2713 687 2742 Naniano
708 2714 803 2743 codice
830 2717 875 2744 de-

97 2750 217 2784 scriptum
231 2749 344 2781 inveni,
363 2748 416 2776 nisi
436 2749 559 2783 quaedam
587 2750 612 2777 in
632 2748 743 2778 Venetis
764 2755 873 2778 exstan-

97 2785 135 2814 tia.
148 2792 206 2817 qum
221 2785 248 2812 in
263 2791 298 2812 eo
310 2791 422 2818 quoque
437 2791 581 2812 occurrere
594 2785 732 2812 dicuntur.

125 2819 175 2852 (36)
189 2820 226 2847 Et
245 2825 340 2852 utroq.
354 2820 420 2854 cod:
433 2818 526 2846 Venet.
540 2834 574 2840 ——
586 2820 696 2849 Confer.
723 2825 786 2849 tom.
813 2819 870 2854 XII,

97 2854 138 2882 col.
157 2855 235 2883 105-2.
248 2870 285 2877 —
301 2854 385 2882 Eutr.
410 2853 495 2882 Ριιτκ.

929 2256 1019 2278 autem
1032 2260 1086 2279 non
1102 2253 1251 2285 erubescit,
1268 2254 1295 2280 in
1314 2253 1410 2282 faciem
1423 2255 1489 2282 dicit
1504 2255 1552 2287 illi,
1568 2263 1620 2283 non
1634 2257 1712 2283 evin—

929 2304 1003 2330 ccns,
1022 2305 1109 2333 neque
1134 2306 1199 2326 vere
1222 2299 1346 2333 loquens,
1360 2301 1408 2327 sed
1435 2301 1568 2328 conviciis
1592 2305 1670 2329 utens
1686 2306 1713 2328 et

928 2344 1109 2372 contumeliis.
1123 2343 1181 2372 Non
1205 2345 1278 2372 enim
1296 2353 1311 2372 a
1325 2346 1380 2373 Deo
1394 2345 1502 2374 aIllictis
1528 2346 1712 2375 Iusultandunt

928 2393 979 2422 est,
993 2390 1041 2417 sed
1053 2390 1255 2419 lamentandum
1269 2392 1359 2427 potius
1372 2397 1399 2420 et
1412 2393 1597 2421 metuendum.

931 2474 961 2502 V.
975 2475 1002 2504 4,
1025 2475 1158 2515 Νιτέεαριε
1178 2486 1207 2504 tn
1232 2479 1341 2515 veritate
1364 2487 1411 2515 ego
1434 2481 1567 2513 aberraui,
1583 2489 1651 2515 apua
1671 2489 1712 2508 me

963 2517 1051 2573 fessbte‘m
1070 2513 1139 2547 degit
1162 2521 1220 2540 erro
1240 2521 1250 2541 .'
1269 2514 1340 2550 loqui
1356 2513 1462 2542 verbum
1479 2517 1549 2552 quod
1566 2513 1618 2544 non
1634 2524 1712 2551 opor-

1007 2555 1022 2573 a
1037 2567 1044 2573 .

1007 2555 1044 2574 αι.

903 2630 907 2633 _
962 2591 1065 2622 Deinde
1081 2594 1148 2623 dicit
1166 2603 1201 2624 ex
1225 2596 1368 2633 bypotbesi
1382 2607 1391 2626 :
1405 2598 1531 2627 Concedo
1544 2597 1622 2626 vobis
1638 2598 1711 2634 quod

1031 2718 1097 2757 god.
1115 2719 1497 2757 n_l._d_n'e!rtbvstbtc'rtxtb;
1514 2722 1561 2749 καὶ
1572 2719 1709 2757 χαλεπῶς.

961 2753 1019 2790 (ἕξ)
1032 2753 1112 2790 Forte
1128 2754 1262 2790 αἰσθήσει.

961 2788 1018 2822 (59)
1038 2788 1108 2816 Idem
1124 2789 1150 2816 in
1170 2788 1285 2822 utroque
1307 2791 1367 2818 cod.

960 2823 1017 2859 (40)
1034 2823 1144 2859 ῼοιιῐετ.
1162 2830 1227 2853 tom.
1240 2823 1299 2859 XII,
1314 2827 1366 2855 col.
1381 2826 1459 2854 “‘36.

960 2858 1015 2891 (tl)
1029 2857 1095 2887 Cod.
1108 2864 1232 2891 uterque.
