1918 3069
237 131 271 164 ῗ5

386 191 420 219 ν.
441 192 486 218 22.
506 191 622 224 Ningere
635 190 662 216 in
678 199 737 216 eum
752 189 866 216 dolores.

266 239 342 269 Loco
356 239 426 266 nivis
440 238 549 265 dolores
563 237 670 263 venient
683 236 709 262 in
731 235 819 262 virum
837 234 1000 268 hujusmodi.

339 285 372 313 V.
391 283 437 310 24.
459 283 492 309 Et
505 291 557 309 non
572 283 687 309 salvetur
703 289 716 308 e
730 289 810 308 manu
826 280 903 315 ferri.

267 331 380 359 Ferrum
396 336 449 356 non
468 329 534 355 dicit
546 328 598 355 hoc
613 327 754 360 sensibile,
771 327 817 354 sed
830 326 1018 354 scindentissi-

228 385 304 404 muni
319 381 483 403 sermonem.

255 434 287 461 ν.
308 432 352 459 9.5.
375 430 548 458 Pertranseat
560 434 647 457 autem
661 437 706 463 per
718 436 811 464 corpus
829 429 885 463 ejus
902 429 994 456 telum.

267 499 332 528 Tela
348 498 503 533 hujusmodi
522 498 604 531 ignita
622 497 767 524 vulnerant
779 504 851 524 eum.

297 546 330 574 V.
351 546 397 573 (ΞΒ.
418 545 560 573 Deuorabit
573 552 631 571 eum
643 544 710 578 ignis
721 552 771 571 non
784 545 950 572 comburens.

265 592 422 628 lilystcrium
445 590 580 625 quoddam
607 589 772 617 addiscimus
801 590 834 617 de
855 597 933 625 poena
958 599 1018 626 qua:

229 642 369 667 reservata
383 641 434 669 est,
452 641 482 663 ut
495 642 641 663 caveamus
655 643 713 662 eam
727 635 792 669 pati.
809 636 900 670 Ignem
915 637 953 663 ait
963 645 1017 665 non

228 685 435 714 comburentem
453 683 646 710 devoraturum
661 681 718 708 fore
744 682 867 716 impittm.
886 683 935 710 llic
947 684 1016 718 ignis

229 731 300 766 apud
320 738 368 757 nos
385 728 542 760 materialis,
562 735 615 755 non
628 733 669 755 est
684 728 753 762 ignis
768 736 819 756 non
839 729 1013 758 comburens:

229 775 351 803 videmus
381 775 452 802 enim
471 773 570 809 ipsum.
587 773 621 799 At
643 774 714 808 ignis
736 773 780 801 ille
798 775 942 803 invisibilis
962 780 1015 808 est,

228 823 274 859 qui
297 825 455 857 peccatores
478 821 590 852 invadit,
617 821 662 855 qui
680 820 749 847 intra
778 821 839 848 illos
855 822 954 848 exurit.
972 821 1015 849 In-

679 129 956 158 SUPPLEMENTUM
974 129 1019 155 AD
1037 128 1199 157 ORIGENIS
1215 128 1420 156 EXEGETICA.

1035 191 1059 219 Α

1824 131 1865 159 76

1185 188 1259 223 Στῐχ.
1273 188 1324 214 κεῖ.
1350 189 1443 222 Νίψαι
1454 187 1500 214 ἐπ’
1512 188 1606 215 αὐτὸν
1621 189 1740 223 ὀδύνας.

1114 235 1186 261 Ἀντὶ
1200 233 1309 268 νιφετοῦ
1323 234 1414 260 ὀδύναι
1428 233 1552 270 ἔρχονται
1569 236 1616 261 ἐπὶ
1634 235 1680 262 τὸν
1692 237 1823 263 τοιοῦτον.

1071 280 1127 316 (56)
1140 281 1213 316 Στίχ.
1230 280 1279 306 κδ’.
1292 280 1347 307 Καὶ
1362 281 1397 306 οὺ
1411 279 1450 314 μὴ
1462 280 1544 315 σωθῇ
1556 282 1590 307 ἐκ
1605 281 1703 316 χειρὸς
1719 282 1861 316 σιδήρου.

1105 327 1217 362 Σίδηρον
1230 327 1260 353 οὐ
1277 327 1350 360 λέγει
1366 326 1461 353 τοῦτον
1479 326 1524 353 τὸν
1551 327 1689 362 αἰσθητὸν,
1705 328 1772 355 ἀλλὰ
1784 337 1862 364 τμη-

1069 371 1217 400 τικώτατον
1238 373 1326 407 λόγον.

1070 418 1125 454 (57)
1150 418 1224 454 Στίχ.
1248 422 1297 445 κε’.
1315 418 1471 486 Διεεέλέἓᾶ
1491 419 1525 445 δὲ
1545 418 1594 446 διὰ
1613 419 1748 454 σώματος
1764 420 1861 448 αὐτοῦ

1474 463 1517 486 ος.

1474 463 1517 486 ος.

1105 500 1145 526 Τὰ
1158 499 1222 535 βέλη
1236 499 1322 526 ταῦτα
1345 499 1380 525 τὰ
1398 499 1584 535 πεπυρωμένα
1601 499 1746 536 τιτρώσκει
1764 501 1858 528 αὐτόν.

1069 545 1125 581 (58)
1146 545 1220 581 Στίχ.
1243 549 1292 572 κε’.
1316 544 1473 572 Κατέδεται
1496 545 1590 572 αὑτὸν
1615 546 1675 580 πῦρ
1691 546 1858 574 ἂκαυστον.

1103 591 1258 627 Μυστήριόν
1278 599 1304 617 τι
1321 591 1492 626 μανθάνομεν
1512 592 1576 627 περὶ
1591 592 1639 627 τῆς
1656 592 1791 625 κολάσεως
1807 594 1859 629 τῆς

1068 637 1262 672 ἀποκειμένης,
1281 637 1323 662 ἵνα
1343 635 1542 671 φυλασσώμεθα
1563 636 1646 672 αὐτὴν
1669 636 1774 664 παθεῖν.
1796 638 1859 674 Πῦρ

1068 681 1143 710 εἶπεν
1158 683 1292 710 ἄκαυστον
1308 681 1467 709 κατέδεσθαι
1481 681 1527 708 τὸν
1542 682 1642 717 ἀσεϐῆ·
1662 682 1741 709 τοῦτο
1755 683 1785 710 τὺ
1799 682 1858 719 πῦρ

1066 729 1096 756 τὸ
1113 729 1177 765 παρ’
1193 730 1257 765 ἡμῖν
1271 729 1361 756 ὑλικὸν
1378 729 1428 755 οὐκ
1441 727 1513 755 ἐστιν
1526 727 1660 755 ἄκαυστον
1675 728 1744 764 πῦρ’
1759 728 1860 764 βλεπό-

1069 784 1148 811 μενον
1157 775 1216 810 ’γὰρ
1235 774 1308 802 αὑτό.
1333 775 1435 801 Ἐκεῖνο
1447 774 1476 800 δὲ
1488 773 1603 809 ἀόρατόν
1620 775 1676 800 ἐστι
1695 774 1725 800 τὸ
1741 774 1806 810 πῦρ,
1824 775 1858 802 τὺ

1067 821 1113 847 ἐπὶ
1124 813 1185 852 τοὺς
1201 820 1378 855 ἁμαρτωλοὺς
1387 819 1543 855 ἐρχόμενον,
1554 819 1568 845 ὂ
1579 819 1650 846 ἔνδον
1661 819 1759 851 αὐτοὺς
1772 820 1854 847 καίει.

227 868 390 897 tellectualis
408 873 451 894 est
462 871 489 894 et
500 867 624 902 puniens.
636 865 665 893 Si
681 865 722 892 vis
735 865 1016 902 imaginem'accipere

1074 868 1171 902 Nontov
1192 868 1249 893 ὲστι
1266 867 1313 894 καὶ
1333 866 1455 897 κολάζον.
1478 865 1539 892 Ἐὰν
1557 865 1636 902 θέλῃς
1652 866 1742 893 εἰκόνα
1763 876 1855 903 παρα-

228 914 301 942 illius
329 913 408 948 ignis,
436 911 525 947 cogita
545 911 610 938 mihi
629 910 768 938 hominem
794 911 950 938 immaniter
978 911 1015 939 fe-

226 959 374 992 brientem,
391 965 419 987 et
449 959 482 986 ab
510 965 543 985 eo
568 957 631 991 igne
650 960 786 984 exustum.
812 955 871 984 Non
892 957 1015 984 invenies

227 1008 325 1034 obtutu
340 1007 429 1040 ignem
446 1005 472 1032 iii
490 1004 557 1032 illo:
574 1003 668 1031 subest
685 1007 789 1034 tamen,
803 1006 831 1030 el.
849 1002 939 1030 exurit
955 1002 1015 1036 ejus

226 1054 341 1080 viscera.
357 1051 433 1078 Haud
449 1049 528 1078 aliter
548 1056 562 1076 a
585 1047 704 1083 peccatis
724 1047 842 1075 febriens
861 1046 922 1081 quis
947 1054 1014 1075 etil-

226 1100 307 1125 ritur.

259 1144 288 1171 V.
304 1143 349 1171 25.
370 1141 450 1169 Malis
465 1145 554 1168 autem
565 1140 672 1175 ofﬁciat
688 1140 788 1167 advena
798 1139 904 1166 domum
921 1139 988 1174 ejus.

263 1190 314 1223 Qui
328 1194 422 1217 contra
438 1187 564 1223 populum
580 1187 654 1214 illum
667 1187 777 1222 gerebat
788 1185 898 1218 bellum,
911 1186 1015 1213 advena

225 1242 288 1262 erat
305 1238 332 1261 et
360 1241 413 1260 non
438 1232 600 1268 proselytus.
625 1232 675 1265 Qui
695 1231 773 1259 malis
797 1230 886 1258 ail‘ecit
903 1231 1013 1258 domum

227 1280 301 1315 ejus,
325 1278 475 1306 dissolvens
488 1279 560 1314 quod
577 1279 645 1305 tanti
663 1278 746 1304 ﬁebat
767 1276 966 1310 sanctuarium,
987 1281 1015 1304 et

226 1328 381 1359 civitatem,
392 1334 474 1362 quam
491 1325 662 1361 appellabant
675 1330 808 1352 sanetam.

280 1374 314 1402 V.
334 1374 379 1401 27.
402 1372 504 1400 Revelet
521 1376 608 1399 autent
623 1371 715 1398 caelum
732 1371 884 1404 iniquitates
895 1369 962 1404 ejus.

263 1455 326 1486 l’ro,
342 1457 367 1481 et
387 1461 419 1479 ex
446 1451 499 1478 Deo
515 1454 538 1477 et
552 1458 583 1476 ea;
604 1449 666 1476 (:on
683 1448 823 1476 sustinebit
849 1447 934 1474 mala.
953 1446 1015 1474 Hzec

225 1506 317 1529 autem
334 1499 412 1532 dixit,
430 1498 493 1532 quia
509 1503 570 1524 cum
586 1495 701 1522 dixisset
714 1494 766 1522 Job
783 1502 797 1521 a
812 1493 867 1521 Deo
882 1500 911 1520 se
931 1492 1016 1520 fuisse

226 1548 407 1577 Vulneratum,
425 1547 685 1571 commemoraverat
696 1541 767 1575 quod
789 1545 817 1568 et
835 1540 869 1568 ab
894 1539 1008 1566 homini-
1026 1537 1046 1566 C

214 1594 279 1621 ‘bus
296 1591 392 1625 injuria
417 1589 530 1616 atl'ectus
546 1588 645 1615 fuerat.
661 1586 763 1614 Nititur
780 1586 860 1621 igitur
876 1585 1011 1615 evincere,

225 1638 290 1674 quia
309 1636 400 1664 omnia
417 1639 529 1669 propter
539 1637 647 1668 peccata
660 1632 687 1659 in
705 1639 766 1660 eum
781 1631 889 1658 inducta
901 1629 1010 1656 fuerint.

315 1678 347 1707 Ὺ.
361 1677 407 1706 27.
423 1677 504 1704 Terra
514 1682 599 1704 autem
613 1677 733 1711 insurgat
748 1681 839 1702 contra
854 1682 921 1701 eum.

261 1728 319 1762 Ipsa
337 1731 408 1752 terra
428 1724 545 1759 insurgit
561 1723 690 1751 adversus
707 1721 833 1757 populum
848 1720 933 1748 illum.

231 1775 277 1806 Ὗ.
294 1775 391 1805 29.131
406 1775 534 1812 possessio
549 1774 708 1809 facultatium
721 1773 771 1808 ipsi
790 1772 822 1799 ab
838 1772 993 1806 inspectore.

249 1857 467 1893 ’lntelligisquis
482 1857 619 1891 inspector
634 1855 678 1883 hic
698 1854 853 1882 nominatus
865 1853 926 1881 est?
942 1852 1013 1880 Deus

228 1908 366 1942 inspector
381 1904 471 1932 dictus
493 1908 546 1937 est,
572 1906 600 1929 et
623 1900 743 1936 episcopi
768 1899 841 1927 illius
865 1898 1011 1933 imaginem

225 1952 301 1981 omni
314 1951 404 1984 modo,
419 1950 440 1977 si
459 1949 523 1976 boni
537 1947 668 1983 probique
682 1944 828 1977 sint.-ferre
839 1945 1011 1972 annituntur.

225 2000 261 2027 Et
276 1999 346 2025 sicut
356 1998 402 2032 qui
418 1996 540 2022 imitatur
559 1992 706 2027 imaginem
723 1991 837 2025 regiam,
861 1991 1013 2018 honoratur

223 2051 259 2071 ex
283 2050 315 2070 eo
336 2040 411 2075 quod
437 2038 550 2073 pulchre
579 2036 701 2063 imitatus
728 2034 774 2067 sit,
795 2035 933 2068 etiamque
949 2033 1010 2067 quia

223 2095 286 2116 eam
300 2086 407 2114 ornavit
424 2092 430 2108 ε
445 2084 481 2110 ita
510 2083 606 2110 beatus
632 2080 787 2113 episcopus,
811 2079 857 2113 qui
881 2078 1012 2112 recogitat

225 2141 320 2160 verum
335 2131 504 2165 episcopum,
518 2133 634 2160 eumque
651 2125 804 2156 tetnulatnr,
819 2129 846 2151 et
860 2123 951 2151 evadit
962 2131 1010 2150 ceu
1032 2122 1042 2127 “

225 2180 297 2207 inter
313 2176 434 2204 homines
450 2175 520 2201 Deus
533 2182 540 2200 :
555 2172 597 2199 vel
610 2171 657 2206 qui
671 2171 751 2198 habet
769 2171 925 2204 episcopum
934 2177 1008 2200 eum,

1065 913 1157 940 λαϐεῖν
1170 912 1272 939 ἐκείνου
1292 911 1337 938 τοῦ
1352 911 1446 947 πυρὸς,
1461 911 1515 938 νόει
1529 920 1573 946 μοι
1587 911 1632 938 τὸν
1646 912 1685 943 εἰς
1702 912 1857 948 ὑπερϐολὴν

1066 958 1244 994 πυρέσσοντα,
1261 958 1308 984 καὶ
1326 957 1378 984 ὑπὸ
1398 957 1484 993 πυρὸς
1508 957 1681 993 φλεγόμενον.
1700 958 1755 994 Οὐχ
1770 959 1855 994 εὑρή-

1067 1012 1123 1036 σεις
1139 1003 1199 1039 θψει
1215 1003 1245 1030 τὸ
1258 1002 1313 1039 πῦρ
1330 1003 1359 1029 ἐν
1371 1002 1462 1038 αὐτῷ,
1480 1003 1623 1029 ὑπόκειται
1635 1003 1676 1036 δὲ,
1692 1004 1738 1030 καὶ
1748 1004 1857 1032 ἐκκαίει

1065 1049 1147 1075 αὐτοῦ
1170 1049 1204 1076 τὰ
1224 1048 1375 1084 σπλάγχνα.
1399 1049 1493 1081 Οὕτως
1508 1048 1562 1075 ἀπὸ
1577 1048 1630 1075 τῶν
1649 1049 1857 1086 ἁμαρτημάτων

1067 1092 1207 1129 πυρέττων
1222 1101 1264 1126 τις
1277 1093 1427 1120 ὲκκαίεται.

1066 1138 1140 1174 Στίχ.
1156 1142 1203 1165 κε’.
1218 1139 1355 1166 Κακώσαι
1369 1139 1403 1166 δὲ
1417 1140 1511 1167 αὐτοῦ
1525 1139 1675 1174 ὲπήλυτος
1694 1141 1748 1168 τόν
1759 1141 1855 1168 οἷκον.

1106 1185 1135 1211 '0
1150 1185 1305 1220 πολεμήσας
1323 1184 1367 1212 τὸν
1390 1184 1452 1211 λαὸν
1470 1186 1572 1213 ἐκεῖνον
1594 1187 1725 1222 ὲπήλυτος
1740 1185 1784 1223 ἦν,
1808 1188 1858 1214 καὶ

1065 1231 1096 1256 οὺ
1110 1230 1277 1266 προσήλυτος
1286 1239 1293 1246 ·
1309 1230 1338 1262 ὃς
1351 1231 1490 1258 ἐκάκωσεν
1503 1231 1585 1258 αὑτοῦ
1603 1233 1648 1259 τὸν
1668 1230 1752 1264 οἶκον,
1769 1242 1856 1260 κατα-

1065 1276 1136 1303 λύων
1152 1276 1182 1302 τὸ
1195 1276 1370 1312 νομιζόμενον
1385 1277 1518 1313 ἀγίασμα,
1536 1279 1582 1305 καὶ
1597 1278 1646 1314 τὴν
1662 1279 1738 1306 πόλιν
1750 1279 1782 1315 ἣν
1795 1279 1856 1306 ἕλε-

1066 1331 1113 1356 γον
1130 1320 1200 1349 εἷναι
1216 1322 1304 1357 ἁγίαν.

1067 1369 1123 1405 (59)
1141 1369 1214 1404 Στίχ.
1231 1370 1281 1402 κζ’.
1304 1370 1506 1405 Ἀνακαλύψιιι
1522 1371 1556 1398 δὲ
1571 1371 1665 1399 αὐτοῦ
1687 1372 1704 1398 ὁ
1726 1372 1859 1406 οὐρανὸς

1357 1406 1410 1438 τὰς
1422 1407 1557 1441 ἀνομίας.

1109 1451 1181 1478 Ἀντὶ
1195 1450 1254 1483 τοῦ,
1267 1451 1321 1478 Καὶ
1332 1451 1365 1478 ἐκ
1379 1452 1452 1479 Θεοῦ
1469 1452 1518 1479 καὶ
1531 1453 1565 1485 ἐξ
1581 1452 1708 1486 οἰψαιτῦ
1722 1453 1857 1487 ὑποστή-

1067 1505 1151 1524 σεται
1169 1498 1205 1525 τὰ
1217 1497 1308 1524 δεινά.
1325 1497 1417 1526 Ταῦτα
1427 1499 1455 1525 δὲ
1470 1499 1532 1534 ἔφη,
1544 1500 1637 1535 ἐπειδὴ
1650 1501 1664 1526 ὁ
1683 1499 1753 1532 Ἰὼϐ,
1766 1501 1858 1535 φήσας

1063 1544 1115 1570 ὑπὸ
1127 1544 1194 1570 Θεοῦ
1214 1544 1377 1579 πεπλῆχθαι,
1393 1545 1561 1580 ὲμνημόνευε
1574 1546 1621 1573 καὶ
1633 1546 1670 1578 ὡς
1683 1545 1735 1573 ὑπὸ
1748 1545 1859 1582 ἀνθρώ-

1064 1599 1122 1616 πων
1147 1590 1320 1625 ἠδικημένος.
1343 1591 1550 1623 Κατασκευάζει
1566 1589 1622 1624 οὖν,
1646 1592 1688 1618 ὅτι
1707 1592 1796 1619 πάντα
1820 1591 1859 1618 δι’

1064 1636 1202 1672 ἁμαρτίας
1217 1636 1297 1662 αὐτὸν
1313 1636 1458 1672 ἐπηνέχθη.

1138 1681 1192 1716 (60)
1210 1681 1283 1716 Στίχ.
1300 1681 1351 1714 κζ’.
1368 1681 1413 1716 Γῆ
1428 1682 1461 1708 δὲ
1475 1683 1660 1715 ἐπανασταίη
1676 1682 1767 1715 αὐτῷ.

1098 1727 1173 1763 Αὐτὴ
1187 1729 1203 1762 ἡ
1215 1727 1250 1762 γῆ
1269 1727 1446 1754 ἐπανίσταται
1465 1728 1560 1764 ἐκείνῳ
1577 1728 1615 1763 τῷ
1634 1727 1700 1763 λαῷ.

1100 1774 1156 1809 (6|)
1174 1774 1248 1807 Στίχ.
1276 1773 1327 1801 κθν.
1351 1774 1405 1801 Καὶ
1430 1774 1527 1808 κτῆμα
1554 1775 1752 1809 ὑπαρχόντων
1772 1775 1857 1809 αὺτῷ

1291 1809 1370 1843 παρὰ
1388 1809 1439 1836 τοῦ
1450 1810 1627 1836 ἐπισκόπου.

1098 1854 1235 1882 Μανθάνει
1262 1855 1317 1890 (62)
1340 1856 1381 1888 τίς
1400 1856 1548 1888 ἐπίσκοπος
1574 1855 1667 1883 ἐνθάδε
1682 1855 1856 1892 ξώνομάσθης

1062 1900 1104 1927 ὅτι
1120 1900 1185 1932 Θεὸς
1212 1901 1362 1933 ἐπίσκοπος
1377 1901 1495 1937 εἴρηται,
1515 1902 1561 1928 καὶ
1581 1902 1606 1928 οἰ
1620 1901 1764 1928 ἐπίσκοποι
1779 1902 1855 1928 ὲκεί-

1063 1953 1109 1971 νου
1136 1945 1185 1981 τὴν
1206 1946 1298 1972 εἰκόνα
1313 1946 1395 1973 παντὶ
1419 1946 1458 1982 τῷ
1479 1947 1572 1982 τρόπῳ
1596 1945 1812 1982 φιλοτιμοῦνται,
1827 1947 1855 1973 οἱ

1062 1991 1138 2017 καλοὶ
1152 1991 1199 2018 καὶ
1216 1984 1323 2025 ἁγαθοῖ,
1339 1994 1440 2027 φορεῖν.
1456 1993 1510 2019 Καὶ
1519 1992 1613 2028 ὥσπερ
1627 1993 1641 2019 ὁ
1661 1993 1854 2028 μιμησάμενος

1062 2036 1156 2063 εἰκόνα
1172 2037 1314 2073 βασιλικὴν
1328 2039 1441 2073 τιμᾶται
1456 2038 1502 2064 ἐπὶ
1515 2038 1545 2064 τὸ
1558 2037 1647 2070 καλῶς
1665 2038 1852 2073 μιμήσασθαι,

1063 2083 1174 2117 τιμᾶται
1190 2082 1218 2108 δὲ
1235 2083 1282 2109 καὶ
1302 2083 1348 2109 ἐπὶ
1369 2083 1408 2119 τῷ
1425 2084 1508 2120 αὐτὴν
1522 2083 1721 2119 κεκοσμηκέναι
1732 2091 1739 2098 ”
1764 2082 1854 2115 οὓτως

1065 2128 1198 2163 μακάριος
1216 2129 1376 2161 ἐπίσκοπος,
1396 2130 1410 2156 ὁ
1426 2130 1526 2164 νοήσας
1537 2129 1582 2156 τὸν
1595 2128 1718 2164 ἀληθινὸν
1737 2128 1853 2154 ἐπίσκο-

1063 2181 1123 2205 πον,
1139 2174 1186 2200 καὶ
1204 2173 1291 2209 ζηλῶν
1301 2175 1392 2206 αὑτὸν,
1401 2175 1448 2202 καὶ
1460 2175 1600 2210 γινόμενος
1611 2174 1649 2205 dt;
1660 2175 1688 2200 ὲν
1696 2173 1854 2208 ἀνθρώποις

224 2225 272 2259 qui
291 2224 377 2257 ipsum
392 2221 456 2248 fecit
470 2227 564 2247 revera
581 2219 606 2245 in
620 2218 730 2245 Christo
749 2216 813 2244 Jcsu
828 2216 984 2250 episcopum
1001 2225 1008 2242 :

1074 2219 1143 2250 956;,“
1159 2219 1175 2252 ἢ
1190 2219 1258 2255 ἔχων
1276 2220 1424 2247 ἐπίσκοπον
1440 2220 1485 2247 τὸν
1500 2208 1627 2247 ποιοῦντα
1646 2219 1725 2246 αὑτὸν
1742 2219 1855 2255 ἀληθῶς

223 2270 268 2296 cui
297 2268 382 2303 gloria
415 2272 443 2293 ct
469 2266 612 2300 imperium
656 2264 683 2290 in
712 2262 810 2290 saecula
837 2261 1008 2289 saeculorum.

224 2316 244 2343 Α
251 2323 320 2342 men.

536 2354 600 2383 CAP
607 2374 613 2381 .
628 2353 698 2382 XXI.

282 2404 312 2432 V.
328 2404 355 2432 5.
371 2404 505 2430 lntuentea
518 2403 545 2429 in
558 2410 608 2434 me,
624 2400 833 2427 admirationem
852 2399 954 2426 habete.

262 2450 359 2477 Dicitis
373 2457 432 2477 esse
444 2449 590 2483 sapientes,
607 2451 635 2474 et
645 2447 716 2474 scire
728 2446 821 2480 utquid
834 2446 889 2472 haec
908 2445 1008 2479 patior,

225 2501 352 2530 tanquam
368 2494 423 2521 Deo
440 2502 493 2521 non
510 2492 689 2520 indortuiente
715 2491 833 2526 peccatis
858 2490 1007 2517 hominum.

224 2542 259 2569 Et
277 2541 335 2568 ausi
353 2540 420 2568 estis
439 2540 530 2567 dicere
549 2547 590 2566 me
604 2543 774 2573 peccatoretn
797 2545 867 2569 esse,
891 2543 918 2563 et
939 2537 1010 2570 juste

224 2588 252 2615 in
268 2588 325 2615 inec
339 2586 504 2622 pervenisse.

313 2633 345 2660 V.
361 2633 388 2660 7.
402 2632 614 2659 Inveteraverunt
631 2634 753 2658 autemet
768 2630 795 2656 in
813 2629 920 2656 divitiis.

259 2681 317 2707 Non
330 2684 394 2707 sunt
407 2686 491 2713 nuper
506 2677 604 2704 divites
623 2677 723 2709 eﬂccli,
749 2676 794 2703 sed
812 2675 910 2702 multus
926 2683 1008 2704 annos

261 2739 318 2773 (5’6)
329 2738 394 2766 Cod.
409 2743 532 2770 uterque.

260 2774 317 2807 (57)
334 2773 462 2807 Uterque.

260 2809 316 2843 (53)
331 2809 431 2844 (ltiul'er
444 2813 471 2836 et
486 2809 592 2844 Olymp.

258 2844 316 2880 (59)
333 2843 408 2870 Unus
427 2845 487 2871 cod.
508 2842 601 2872 tribuit
616 2842 803 2878 Polychrouio.

255 2879 315 2913 (ὕο)
327 2879 391 2907 00d.
407 2887 461 2906 ut.

1060 2266 1091 2291 ὲν
1104 2265 1214 2301 Χριστῷ
1231 2266 1318 2301 Ἰησοῦ
1335 2266 1498 2293 ἐπίσκοπονι
1515 2263 1567 2301 ᾧή
1587 2266 1650 2299 δόξα
1666 2267 1712 2292 καὶ
1733 2265 1764 2292 τὸ
1784 2266 1855 2300 κρά-

1062 2320 1107 2344 τος
1118 2313 1158 2344 εἰς
1171 2313 1233 2344 τοὺς
1246 2312 1346 2344 αἰῶνας
1358 2313 1412 2338 τῶν
1423 2312 1542 2341 αἰώνων.
1560 2312 1655 2348 Ἀμήν.

1376 2359 1454 2384 ΚΕΦ.
1466 2358 1532 2385 KA’.

1063 2404 1118 2440 (65)
1136 2404 1209 2440 Στιχ.
1225 2403 1256 2432 ε’.
1269 2404 1493 2438 Εὶσϐλέψαντες
1510 2406 1553 2438 εἰς
1565 2403 1617 2438 ἐμὲ
1633 2402 1730 2437 θαῦμα
1745 2402 1853 2437 σχέτε.

1097 2450 1166 2477 Φατὲ
1184 2450 1260 2485 σοφοὶ
1275 2448 1354 2483 εἶναι,
1378 2450 1425 2477 καὶ
1447 2450 1544 2477 εἰδέναι
1573 2449 1616 2476 διὰ
1640 2450 1666 2475 τί
1688 2448 1774 2474 ταῦτα
1800 2449 1856 2474 πά-

1064 2505 1130 2532 σχω,
1144 2497 1182 2529 ὡς
1202 2496 1249 2523 τοῦ
1265 2496 1333 2523 Θεοῦ
1358 2497 1395 2532 μὴ
1419 2496 1589 2532 κοιμωμένου
1613 2496 1659 2522 ἐπὶ
1679 2496 1737 2526 τοῖς
1758 2495 1856 2529 ἁμαρ-

1063 2543 1166 2578 τήμασι
1180 2541 1235 2568 τῶν
1257 2542 1418 2577 ἀνθρώπων.
1446 2543 1502 2568 Καὶ
1522 2541 1688 2577 ἐτολμήσατέ
1711 2549 1744 2576 με
1761 2540 1856 2573 λέγειν

1064 2587 1223 2623 ἁμαρτωλὸν
1238 2585 1318 2619 εἶναι,
1336 2587 1383 2614 καὶ
1397 2587 1508 2620 δικαίως
1525 2589 1565 2619 εἰς
1584 2587 1670 2614 ταῦτα
1688 2586 1856 2621 ἐφθακέναι.

1081 2631 1141 2667 (64)
1152 2632 1226 2667 Στίχ.
1246 2632 1278 2664 ζ’.
1294 2633 1519 2660 Πεπαλαίωνται
1537 2632 1571 2659 δὲ
1586 2633 1634 2658 καὶ
1650 2632 1685 2658 ὲν
1700 2631 1836 2664 πλούτῳ.

1098 2678 1155 2704 Οὐκ
1184 2678 1237 2704 εἰσὶ
1262 2678 1426 2711 νεόπλουτοι,
1458 2678 1526 2706 ἀλλὰ
1559 2678 1643 2705 πολλὰ
1667 2677 1714 2713 ἐτη
1735 2677 1848 2712 πεποιή-

1098 2735 1154 2771 (6!)
1166 2734 1270 2771 Qonfer
1292 2735 1398 2771 Olymp.

1098 2770 1154 2804 (62)
1173 2769 1254 2797 Forte
1266 2769 1431 2802 Μανθάνεις.

1098 2805 1155 2840 (65)
1171 2805 1236 2840 Cod.
1251 2811 1376 2840 uterque.
1402 2804 1405 2808 ί

1098 2837 1153 2874 (tu)
1169 2839 1235 2866 Cod.
1265 2837 1328 2867 ut.
1345 2841 1422 2870 Alius
1450 2840 1545 2872 tribuit
1566 2838 1673 2874 Joanui.
1688 2851 1723 2861 -ν
1749 2837 1851 2866 Confer

1056 2880 1079 2903 ἰ.
1095 2874 1150 2908 XII,
1168 2875 1218 2902 col.
1236 2874 1313 2902 1035.
