1918 3069
85 112 119 142 Ἠ

707 123 870 151 ENARRAT

933 124 973 153 ES
992 126 1025 153 ΙΝ
1045 126 1114 155 JOB.
1697 131 1729 159 73

92 185 157 207 ww.
183 177 381 214 πλουτοῦντες,
402 180 452 209 καὶ
482 182 524 209 ἀεὶ
546 181 590 209 τὸν
616 182 729 210 πλοῦτον
756 184 873 216 αὔξοντει

947 186 1138 221 impenderunt
1163 187 1337 221 ditescentes,
1366 196 1528 225 semperque
1553 190 1662 218 divitias
1683 198 1733 220 au-

171 268 240 304 Στίχ.
253 269 288 307 η’.
309 269 338 296 ὀ
365 272 484 306 σπόρος
501 272 600 299 αὐτῶν
620 273 695 300 κατὰ
707 275 822 309 ψυχήν.

138 315 189 342 Τοῦ
215 315 264 351 μὲν
279 315 389 344 δικαίου
416 318 432 345 ὸ
460 318 559 354 σπόρος
583 319 654 346 κατὰ
681 319 791 356 πνεῦμά
818 322 888 348 ἐστι·

101 361 220 395 Σιειρει
234 360 288 398 γὰρ
303 363 348 395 εἰς
363 362 399 390 τὸ
412 363 540 398 πνεῦμα,
555 364 603 391 καὶ
612 364 647 391 ἐκ
659 365 713 392 τοῦ
725 367 893 401 πνεύματος

98 406 204 441 θερίζει
214 407 291 441 ζωὴν
299 407 443 435 αἰώνιον·
460 409 513 436 τῶν
529 409 558 435 δὲ
573 410 711 443 τοιούτων,
727 411 789 438 ἐπεὶ
802 414 892 447 ψυχι-

97 452 156 485 κὸς
166 452 324 486 ἄνθρωπος
334 453 371 480 σὺ
381 452 499 487 δέχεται
514 453 550 480 τὰ
564 453 617 480 τοῦ
629 455 797 489 πνεύματος
809 464 815 470 '
833 465 891 490 μω-

91 498 151 532 ρία
161 499 217 532 γὰρ
229 497 310 531 αὐτῷ
325 498 427 525 ἐστιν·
440 499 454 525 ό
468 499 566 535 σπόρος
573 501 602 526 οὐ
616 500 687 526 κατὰ
698 499 815 535 πνεῦμα,
823 501 892 530 ἀλλὰ

95 543 172 570 κατὰ
184 543 285 579 ψυχὴν,
301 544 333 570 τὸ
346 544 550 579 ὑποδεέστερον.

154 588 230 623 Στξχ.
244 591 280 624 η’.
297 589 336 615 Τὰ
347 589 381 616 δὲ
395 589 484 616 τέκνα
496 580 595 617 αὐτῶν
610 591 644 618 ἐν
660 592 830 627 ὀφθαλμοῖς.

135 634 230 661 Πάντα
242 635 295 661 ὅσα
311 635 448 667 ποιοῦσιν,
467 635 541 670 πρὸς
556 636 588 663 τὸ
602 637 741 671 θεαθῆναι
753 639 811 666 ὑπὸ
827 640 886 667 τῶν

98 678 265 713 ἀνθρώπω
277 679 393 706 ποιοῦσι.
406 680 492 707 Τέκνα
505 681 557 717 γὰρ
567 681 600 708 τὰ
615 681 681 716 ἔργα
694 683 815 711 ἑκάστου.
828 685 885 711 Οὐκ

97 726 157 752 ἐστι
171 724 259 752 τέκνα
277 725 333 752 τῶν
350 725 508 762 ἑτεροδόξων
529 728 558 753 ὲν
573 728 680 764 καρδίᾳ,
697 729 726 755 ὲν
746 729 884 766 λογισμοῖς

96 770 224 804 ἀγαθοῖς,
238 771 300 798 ἀλλ’
315 771 344 797 ὲν
355 770 517 806 ὀφθαλμοῖς,
532 773 607 807 πρὸς
621 775 653 802 τὸ
670 775 808 809 θεαθῆναι
824 779 883 805 ὑπὸ

94 816 158 843 τῶν
173 817 350 851 ἀνθρώπων.

165 863 224 898 (65)
239 864 315 899 Στίχ.
331 864 364 891 θ’.
381 865 414 891 Ol
427 863 501 892 οἶκοι
515 866 613 893 αὐτῶν
623 867 813 900 εὐθηνοῦσιν.

134 908 192 935 Ὄτ“
210 908 244 935 ἂν
269 909 391 945 εἰσέλθῃς
413 911 452 942 εις
475 911 632 947 συναγωγὴν
652 912 811 947 αἱρετικῶν,
835 914 882 939 καὶ

94 955 155 991 ἴδῃς
169 956 230 982 ἐκεῖ
251 955 353 990 πλῆθος
373 957 572 992 συναγομένων,
590 957 681 992 βλέπε,
702 959 742 984 ὅτι
764 961 791 985 ol
807 957 881 986 οἴκοι

92 1000 196 1027 αὐτῶν
211 1002 409 1035 εὐθηνοῦσιν.

272 1045 346 1080 Στιχ.
361 1045 393 1073 θ’.
411 1046 503 1080 Φόϐος
519 1047 554 1074 δὲ
563 1048 705 1083 οὐδαμοῦ.

129 1089 247 1123 ἈφοϐΟέ
275 1090 356 1118 εἰσιν.
374 1091 411 1117 Οὐ
436 1091 579 1126 φοϐοῦνται
593 1093 638 1120 τὸν
653 1093 729 1126 Θεὸν,
746 1103 880 1130 καταφρφ

88 1135 165 1162 νοῦσι
182 1136 235 1172 τῆς
255 1137 389 1172 Θεότητος
402 1147 408 1153 ·
424 1139 536 1166 τοιαῦτα
548 1139 671 1175 λέγοντες
686 1141 748 1177 περὶ
764 1141 839 1173 Θεοῦ,
847 1143 879 1169 οὑ

88 1181 251 1215 φοϐοῦνται,
271 1183 313 1209 ὃτι
331 1183 396 1220 περὶ
408 1184 476 1211 Θεοῦ
493 1185 628 1214 λαλοῦσιν.

88 1227 165 1263 Στίχ.
184 1227 218 1255 θ’.
234 1228 356 1261 Μάστιξ
370 1229 404 1256 δὲ
427 1230 633 1293 πῗρὰ.Κυρίου
654 1233 710 1260 οὐκ
726 1231 812 1260 ἔστιν
833 1231 878 1257 ὲπ¹

433 1275 452 1292 α
473 1274 544 1293 τοις.

433 1274 544 1299 αυτοις.

123 1309 182 1337 Τοῦ
209 1310 318 1338 αὐτοῦ.
338 1310 401 1338 Ἐὰν
425 1310 483 1348 ἴδῃς
507 1311 648 1348 ἄνθρωπον
677 1313 788 1341 τοιαῦτα
810 1312 881 1340 κατὰ

85 1354 155 1382 Θεοῦ
171 1355 317 1389 λαλοῦντα,
335 1356 489 1391 ὑγιαίνοντα
503 1357 542 1393 τῷ
561 1357 676 1394 σώματι,
690 1360 878 1395 βλέποντα,τὰ

86 1400 259 1438 αἰσθητήρια
275 1402 406 1437 σώζοντα,
421 1403 467 1429 καὶ
477 1403 606 1431 δοκοῦντα
622 1405 706 1432 ἐνίοτε
717 1406 765 1433 καὶ
778 1407 807 1433 ὲν
820 1407 878 1438 τοῖς

87 1450 233 1483 κωμικοῖς
247 1450 386 1485 εὐτυχεῖν·
400 1450 461 1485 ὅρα,
478 1450 518 1476 ὅτι
531 1450 708 1486 πεπλήρωται
731 1452 775 1479 ἐπ’
794 1453 875 1480 αὐτοῦ

86 1495 203 1527 ἀσεϐοῦς
225 1495 304 1527 ϐντος
319 1496 365 1523 τό⁶
395 1496 512 1529 Μάστιξ
537 1496 571 1524 δὲ
586 1497 665 1532 παρὰ
690 1499 800 1532 Κυρίου
819 1499 874 1526 οὐκ

89 1539 176 1568 ἔστιν
188 1542 238 1568 ἐπ’
255 1542 368 1576 αὐτοῖς.

152 1589 230 1624 Στίχ.
251 1588 278 1616 ι’.
297 1590 329 1617 Ἠ
345 1590 426 1623 βοῦς
444 1590 542 1618 αὐτῶν
553 1592 608 1618 οὐκ
623 1591 804 1626 ὠμοτόκησε.

124 1634 181 1661 Τοῦ
209 1635 315 1663 αὐτοῦ.
337 1636 366 1662 'U
391 1636 453 1671 βοῦς
477 1636 546 1669 ζῶόν
567 1638 626 1664 ἐστι
650 1638 810 1673 γεωργικὸν,
829 1640 875 1665 καὶ

85 1681 234 1715 συμπνέων
250 1682 292 1713 εἰς
303 1683 450 1718 γεωργίαν.
459 1683 514 1710 Καὶ
527 1684 603 1710 αὐτοὶ
612 1683 772 1720 γεωργοῦσι,
789 1685 875 1720 Γεωρ-

83 1724 161 1757 γοῦσι
184 1725 214 1752 δὲ
234 1725 339 1762 Σόδομα
365 1726 412 1753 καὶ
435 1727 572 1763 Γόμορρα,
590 1727 756 1764 γεωργοῦσιν
772 1729 874 1762 Αἴγυπ-

82 1777 138 1796 τον.
162 1770 287 1804 Ἠβοῦς
315 1772 416 1799 αὐτῶν
439 1772 495 1799 οὐκ
511 1771 717 1807 ὠμοτόκησεν’
737 1773 805 1800 ἀλλὰ
825 1776 872 1801 καὶ

83 1814 152 1849 αὑτὴ
164 1815 320 1850 ἀπεκύησε,
331 1816 379 1843 καὶ
393 1815 521 1851 ἐγέννησε
535 1816 638 1849 τέκνον,
657 1818 700 1844 ἵνα
716 1819 871 1854 γεωργῆται

82 1860 174 1887 αὐτῶν
185 1862 202 1896 ἡ
216 1861 324 1896 πονηρὰ
343 1861 390 1897 γῆ.

82 1903 157 1939 Kx.
176 1903 203 1931 ι’.
215 1905 346 1939 Aturi-30"
362 1905 396 1932 δὲ
410 1906 550 1942 αὐτῶν-ὲν
567 1907 672 1942 γαστρὶ
685 1907 809 1942 ἔχουσα,
821 1910 868 1935 καὶ

365 1942 421 1968 οὐκ
441 1941 585 1976 ἔσφηλεν.

114 1984 187 2011 Ὅσα
203 1985 436 2021 συλλαμϐάνουσι,
448 1987 534 2015 ταῦτα
550 1989 596 2014 καὶ
617 1989 736 2021 κύουσιν,
752 1989 802 2016 οὐκ
815 1989 868 2016 ἀπὸ

79 2029 124 2056 τοῦ
140 2030 228 2064 φόϐου
245 2031 315 2058 Θεοῦ
330 2032 575 2069 συλλαμϐάνοντες,
600 2034 657 2061 ἀλλ’
671 2034 725 2062 ἀπὸ
747 2035 796 2070 τῆς
820 2044 868 2062 κα-

80 2077 150 2109 κίας.
172 2078 246 2105 Ἰδοὺ
267 2077 420 2114 ὼδίνηονεν
440 2081 570 2114 ἀδικίαν,
590 2082 739 2110 συνέλαϐε
761 2084 864 2116 πόνον,

78 2123 125 2150 καὶ
138 2123 245 2152 ἔτεκεν
257 2125 396 2161 ἀνομίαν.

108 2172 184 2208 Στίχ.
201 2172 246 2200 ια’.
259 2173 393 2201 Μένουσι
404 2174 438 2200 δὲ
454 2173 555 2210 ὥσπερ
567 2176 700 2211 πρόϐατα
715 2175 828 2205 ultima.

943 237 1047 267 gentes.

1022 278 1055 306 V.
1074 279 1100 306 8.
1117 278 1246 306 Sententia
1261 288 1352 308 eorum
1365 282 1507 310 secundum
1522 283 1648 312 animam.

977 323 1046 352 Justi
1059 324 1169 360 quidem
1193 326 1324 354 sementis
1350 331 1393 355 est
1414 329 1564 356 secundum
1590 330 1728 364 spiritum.

942 369 1060 398 Seminat
1080 372 1153 400 enim
1169 372 1198 399 in
1211 372 1348 407 spiritum,
1362 379 1386 400 et
1402 382 1434 401 ex
1448 375 1543 409 spiritu
1557 376 1632 402 metit
1646 377 1729 404 vitam

940 423 1066 445 cicutam
1078 418 1110 445 “.
1124 418 1241 447 Istorum
1263 427 1339 452 vero,
1355 420 1419 455 quia
1437 421 1560 448 animalis
1578 421 1654 449 homo
1675 431 1729 450 non

939 464 1048 499 suscipit
1063 473 1120 500 qua:
1137 470 1197 492 sunt
1211 465 1320 500 spiritus
1343 465 1477 497 ;stultitia
1487 472 1525 494 est
1542 467 1609 494 enim
1624 468 1674 502 ipsi
1682 467 1704 483 “
1719 475 1727 499 ;

939 509 1070 537 sementis
1085 518 1137 538 non
1160 515 1203 539 est
1223 511 1372 539 secundum
1395 512 1533 547 spiritum,
1558 514 1606 541 sed
1629 520 1727 541 secun-

938 555 1002 583 dum
1017 557 1147 590 animam,
1167 558 1239 592 quod
1255 558 1366 593 sequius
1380 559 1507 593 quiddam
1524 564 1575 587 est.

1067 601 1100 630 ν.
1113 602 1139 630 8.
1155 602 1220 630 Filii
1242 609 1330 631 autem
1350 612 1441 631 eorum
1453 604 1479 631 in
1494 605 1587 632 oculis.

972 649 1146 685 Quaecunque
1161 649 1276 683 faciunt,
1293 650 1395 678 faciunt
1408 655 1436 677 ut
1448 651 1586 678 videantur
1596 651 1628 678 ab
1640 650 1725 679 Itoni-

937 695 1013 723 ru'bus
1023 695 1055 724 “.
1069 695 1130 723 Filii
1144 703 1225 732 porro
1241 702 1305 724 sunt
1335 704 1417 731 opera
1433 696 1574 732 cujusque.
1591 697 1649 724 Non
1661 700 1726 726 sunt

936 741 984 768 ﬁlii
1001 742 1229 770 heterodoxorum
1247 743 1274 770 in
1286 743 1379 775 corde,
1403 744 1430 771 in
1445 744 1608 779 cogitatibus
1624 743 1724 778 bonil;

935 788 982 815 sed
997 788 1024 814 in
1038 787 1136 821 oculis,
1148 792 1176 815 ut
1189 788 1328 816 uideantur
1341 789 1373 816 ab
1385 789 1546 818 hominibus.

1109 867 1141 894 V.
1157 868 1183 896 9.
1200 867 1299 895 Domus
1314 875 1404 895 eorum
1421 869 1545 903 gliscunt.

969 912 998 942 Si
1011 913 1172 949 ingrediaris
1189 921 1354 949 synagogam
1369 913 1570 944 haereticorum,
1588 916 1616 940 et
1626 913 1722 941 viden

931 959 969 987 ibi
985 960 1187 988 multitudinem
1203 964 1450 995 cougregatorum;
1467 958 1569 993 aspice,
1588 958 1650 992 quia
1671 957 1720 984 do-

931 1013 990 1032 mus
1002 1013 1093 1032 eorum
1103 1005 1228 1039 gliscunt.

1120 1051 1152 1078 V.
1168 1051 1194 1078 9.
1210 1049 1301 1077 Timor
1315 1057 1373 1077 vero
1393 1049 1528 1084 uuspiam.

966 1094 1033 1123 Sine
1052 1096 1148 1124 timore
1164 1100 1239 1123 sunt.
1253 1095 1310 1122 Non
1327 1095 1423 1122 timent
1435 1094 1530 1128 Deum,
1542 1090 1719 1122 contemnunt

931 1141 1105 1169 Divinitatem
1119 1150 1127 1174 ;
1143 1141 1201 1169 haec
1211 1141 1332 1169 dicentes
1346 1141 1379 1168 de
1392 1139 1457 1174 Deo,
1471 1148 1524 1168 non
1539 1140 1632 1168 timent
1645 1140 1718 1175 quod

930 1188 963 1216 de
978 1188 1033 1216 Deo
1049 1188 1205 1223 loquuntur.

931 1233 962 1262 V.
980 1234 1007 1262 9.
1021 1233 1171 1270 Flagellum
1180 1240 1266 1262 autem
1276 1242 1292 1260 a
1305 1233 1416 1261 Domina
1432 1241 1482 1260 non
1496 1237 1534 1260 est
1549 1241 1625 1267 super
1635 1233 1713 1266 ipsos.

966 1301 1103 1336 Ejusdem.
1122 1301 1151 1329 Si
1167 1301 1259 1330 videas
1284 1301 1422 1329 hominem
1439 1300 1502 1328 talia
1517 1305 1612 1328 contra
1628 1299 1712 1327 Deum

928 1346 1094 1382 loquentem,
1123 1355 1218 1375 sanum
1238 1355 1362 1382 corpore,
1380 1348 1439 1375 acie
1459 1346 1602 1382 praeditum
1620 1345 1713 1373 oculo-

929 1401 998 1428 rum,
1015 1394 1140 1422 sensibus
1165 1394 1314 1426 valeutem,
1337 1393 1383 1428 qui
1409 1394 1533 1421 videatur
1549 1393 1714 1428 quandoque

927 1441 1008 1468 etiam
1026 1441 1051 1468 in
1068 1441 1212 1469 mundanis
1225 1442 1306 1469 rebus
1329 1448 1458 1476 prospere
1476 1448 1567 1476 agere.
1590 1440 1713 1472 attende,

928 1487 1064 1522 impletum
1079 1488 1162 1515 fuisse
1175 1489 1201 1514 in
1217 1495 1250 1515 eo
1264 1488 1362 1523 quippe
1375 1487 1466 1522 impio,
1478 1487 1612 1522 ﬂagellum
1625 1493 1712 1514 autem

889 1537 911 1565 ο
928 1542 942 1559 a
956 1533 1067 1560 Domino
1082 1542 1134 1560 non
1150 1540 1185 1561 est
1202 1543 1280 1568 super
1296 1535 1375 1569 ipsos.

999 1579 1030 1606 V.
1044 1579 1087 1606 10.
1106 1579 1191 1607 Vacca
1209 1588 1299 1606 eorum
1311 1580 1449 1606 immature
1461 1588 1512 1606 non
1530 1579 1638 1614 peperit.

963 1623 1099 1659 Ejusdem.
1116 1625 1169 1652 Bos
1186 1625 1287 1652 animal
1309 1631 1351 1652 est
1365 1624 1486 1652 colenda:
1509 1629 1589 1652 terra:
1604 1629 1709 1659 aptum,

925 1671 1050 1705 quodque
1063 1670 1089 1697 in
1105 1671 1298 1706 agriculturam
1315 1671 1464 1705 conspirat.
1488 1671 1521 1698 Et
1541 1670 1592 1705 ipsi
1608 1674 1708 1698 terram

924 1716 1017 1744 colunt
1036 1725 1043 1743 :
1059 1717 1106 1744 sed
1130 1717 1223 1744 colunt
1247 1717 1364 1744 Sodoma
1387 1721 1414 1745 et
1431 1716 1595 1750 Gomorrha,
1617 1716 1710 1744 colunt

924 1761 1079 1798 Egyptum.
1101 1761 1185 1790 Vacca
1200 1770 1290 1790 eorum
1302 1763 1441 1790 immature
1461 1771 1512 1789 non
1525 1763 1645 1797 peperit:
1660 1763 1708 1790 sed

922 1812 949 1834 et
969 1808 1025 1842 ipsa
1039 1807 1163 1842 concepit
1179 1812 1207 1834 et
1222 1807 1324 1842 peperit
1340 1807 1436 1840 lilium,
1452 1813 1480 1835 ut
1494 1807 1597 1835 colatur
1611 1815 1706 1836 eorum

921 1854 1039 1888 maligna
1061 1853 1149 1882 lcllus.

888 1904 890 1907 '
922 1898 954 1924 V.
968 1899 1010 1925 10.
1025 1898 1133 1926 Salvam
1147 1904 1185 1926 eat
1197 1905 1281 1926 autent
1294 1899 1346 1926 illis
1359 1899 1386 1925 in
1403 1904 1476 1926 utero
1497 1899 1605 1933 habens,
1617 1905 1641 1926 et
1654 1908 1705 1927 non

1244 1935 1377 1961 abortit-it.

954 1982 1128 2017 Quaecunque
1154 1981 1327 2016 concipiunt,
1355 1981 1414 2009 htec
1438 1981 1464 2008 in
1490 1986 1568 2009 utero
1593 1987 1702 2017 gerunt,

918 2036 971 2055 non
993 2036 1026 2055 ex
1049 2028 1096 2055 Dei
1115 2028 1211 2055 timore
1224 2027 1421 2062 concipientes,
1442 2028 1488 2055 sed
1509 2035 1542 2055 es
1557 2029 1700 2062 pravitate.

918 2073 985 2101 Ecce
1001 2073 1301 2109 parturiitinjustitiam,
1310 2075 1425 2109 concepit
1433 2073 1590 2107 laborem,et
1603 2075 1700 2108 peperit

915 2120 1077 2152 iniquitatem
1086 2120 1118 2146 °'.

978 2167 1009 2194 V.
1026 2167 1068 2194 Η.
1084 2167 1191 2194 Manent
1207 2165 1294 2194 autem
1311 2171 1437 2200 tanquam
1451 2174 1508 2194 ores
1521 2171 1636 2193 wlernw.

109 2218 190 2251 Ποίος
205 2218 270 2250 νοῦς
284 2219 341 2245 ἐστι
355 2219 403 2246 τοῦ
412 2228 418 2234 ·
434 2219 581 2254 μενοῦσιν
592 2220 634 2253 ὡς
646 2220 778 2255 πρόϐατα
796 2219 863 2247 aid»

951 2214 1017 2247 Quis
1034 2221 1130 2241 sensus
1143 2218 1184 2240 est
1197 2214 1294 2240 horum
1312 2213 1470 2245 verborum,
1483 2212 1623 2239 manebunt
1640 2217 1699 2238 tau-

77 2273 145 2297 rta;
158 2264 230 2300 Περὶ
243 2260 281 2292 ὧν
298 2273 381 2300 φησιν
401 2265 416 2291 6
437 2265 571 2301 Χριστός·
595 2265 633 2293 Τὰ
656 2265 713 2301 ἐμὰ
732 2265 865 2300 πρόϐατα

77 2310 131 2344 τῆς
146 2310 224 2345 ἐμῆς
239 2309 342 2345 φωνῆς
354 2310 511 2344 ἀκούουσι,
525 2312 574 2339 καὶ
588 2311 646 2346 ἐγὼ
653 2310 729 2346 ζωὴν
744 2311 865 2339 αἰώνιον

78 2355 179 2391 δίδωμι
191 2356 305 2389 αὐτοῖς,
317 2356 365 2383 καὶ
377 2358 411 2382 τὰ
433 2356 514 2391 ὲξῆςο
530 2356 616 2383 ταῦτά
639 2357 696 2383 ἐστι
713 2355 748 2383 τὰ
764 2356 862 2384 αἰώνια

78 2402 211 2437 πρόϐατα.
236 2402 312 2428 Ἐπεὶ
328 2399 375 2429 οὖν
398 2402 474 2438 μῖμοί
495 2403 564 2429 εἰσιν
587 2402 612 2429 οι
639 2400 798 2438 ἑτερόδοξοι,
815 2403 863 2429 καὶ

78 2447 196 2474 ἐθέλουσι
213 2448 356 2484 μιμεῖσθαι
376 2449 426 2484 τὴν
445 2448 564 2484 ποίμνην
583 2446 630 2474 τοῦ
645 2446 774 2483 Χριστοῦ,
803 2448 863 2474 ἑπι-

79 2494 193 2526 σκόπους
205 2494 313 2527 ἑαυτοῖς
330 2495 554 2531 χειροτονοῦντες,
577 2494 789 2531 πρεσϐυτέρους,
803 2492 862 2520 δια-

46 2566 48 2569 .
79 2540 176 2572 κόνους,
204 2540 390 2574 διδασκάλους,
411 2541 484 2574 λαὸν,
510 2540 738 2576 κατηχουμένους,
762 2539 859 2575 μιμού-

81 2594 149 2621 μενοι
160 2586 194 2613 τὰ
205 2587 302 2614 αἰώνια
319 2587 451 2624 πρόϐατα,
463 2587 596 2624 πληροῦσι
605 2587 635 2613 τό
644 2596 650 2602 ·
673 2587 806 2614 Mer-ovat
825 2587 859 2613 δὲ

81 2631 115 2664 ὡς
129 2633 261 2666 πρόϐατα
283 2633 397 2660 αἰώνια.
421 2635 478 2660 Οὐκ
495 2634 548 2660 εἰσὶ
568 2633 597 2660 δὲ
611 2633 734 2669 πρόϐατα
750 2631 857 2664 αἰώνια,

81 2677 139 2705 ἀλλὰ
149 2679 298 2713 μένουσιν
315 2680 356 2713 ὡς
375 2680 505 2714 πρόϐατα
523 2678 634 2706 αἰώνια.

915 2267 994 2294 quam
1009 2267 1068 2286 oues
1081 2255 1208 2286 cternte'?
1225 2257 1295 2285 Sunt
1313 2257 1376 2290 illae,
1391 2258 1424 2285 de
1441 2257 1539 2292 quibus
1561 2256 1600 2283 ait
1616 2256 1697 2283 Chri-

915 2309 994 2334 stus:
1010 2304 1073 2331 Mea:
1088 2313 1147 2332 oues
1162 2312 1247 2331 meam
1264 2311 1351 2331 vocem
1367 2304 1490 2336 audiunt,
1513 2308 1536 2329 et
1553 2311 1599 2338 ego
1617 2303 1698 2329 vitam

915 2357 1039 2380 cumam
1053 2352 1088 2378 do
1102 2352 1138 2378 eis
1147 2351 1180 2385 ⁸⁸,
1193 2356 1246 2378 etc.
1261 2350 1308 2378 ila:
1319 2355 1382 2378 sunt
1395 2357 1460 2377 oves
1481 2353 1598 2377 aeternos.
1626 2348 1698 2382 Quo-

914 2398 988 2425 niam
1002 2398 1084 2432 igitur
1098 2397 1172 2424 mimi
1186 2402 1247 2424 sunt
1258 2396 1429 2428 heterodoxi,
1445 2400 1473 2423 et
1484 2395 1580 2423 volunt
1593 2393 1695 2422 imitari

916 2451 1024 2479 gregem
1038 2443 1149 2476 Christi,
1166 2443 1306 2478 episcopos
1325 2442 1377 2470 sibi
1397 2441 1534 2473 ordinant,
1554 2440 1697 2476 presbyte-

915 2499 972 2524 ros,
998 2491 1139 2522 diac0nos,
1165 2489 1300 2522 doctores,
1326 2488 1443 2523 plebem,
1467 2487 1695 2514 catechumenos:

914 2537 1106 2571 imitantssque
1122 2542 1187 2563 oves
1203 2539 1318 2562 aeternas
1340 2533 1453 2570 implent
1475 2532 1542 2560 illud
1563 2540 1571 2558 :
1588 2531 1697 2558 Manent

913 2588 1001 2610 autem
1023 2587 1149 2617 tanquam
1173 2589 1230 2608 ουεδ
1246 2585 1361 2607 inerme.
1384 2580 1442 2607 Non
1460 2583 1524 2607 sunt
1543 2585 1608 2606 vero
1629 2584 1695 2604 OVCS

912 2633 1030 2661 πίει-ηαδ,
1048 2628 1095 2655 sed
1106 2632 1209 2654 manent
1225 2631 1349 2660 tanquam
1365 2634 1424 2652 ores
1439 2631 1552 2653 (sternte.

112 2758 195 2787 “Gal.
211 2767 249 2791 vt,
263 2758 291 2786 8.
332 2758 355 2774 "
372 2757 451 2785 lCor.
467 2767 497 2793 II,
511 2759 554 2787 M.
592 2759 614 2775 “
626 2757 722 2786 Matth.
734 2764 813 2792 util,
824 2757 851 2785 5.
866 2756 887 2773 "
903 2756 976 2785 Psal.
995 2763 1041 2789 νιι,
1059 2755 1101 2782 15.
1139 2754 1162 2770 ⁸⁸
1179 2754 1259 2781 Joan.
1281 2760 1307 2785 κ,
1325 2752 1370 2785 ‘37,
1383 2751 1428 2779 28.

112 2848 160 2886 (65)
170 2847 197 2877 ln
213 2852 347 2884 utroque
354 2846 415 2875 cod.

669 2890 690 2901 ..ω
