1918 3069
120 91 160 120 GI

763 94 1031 125 ENARRATIONES
1047 97 1083 125 ιη
1101 97 1173 126 10B.

1737 99 1773 128 6‘2

121 149 178 176 τὸν
191 149 232 181 εἰς
247 148 333 185 αὐτὴν
344 150 512 179 τυπωθέντα
524 151 609 179 ταῦτα
618 151 797 187 φθέγγεσθαι·
807 152 869 180 οὐδὲ
880 152 917 187 γά

987 162 1046 182 eam
1063 159 1303 190 repraesentantem
1329 155 1388 183 haec
1412 155 1496 182 fuisse
1522 155 1662 188 loculum;
1684 163 1773 191 neque

122 193 166 232 ἦν
185 196 235 231 τὴν
246 197 362 230 γυναῖκα
375 196 426 224 τοῦ
446 197 508 225 ’1ὼὸ
521 199 649 234 τοιαύτην
664 196 743 225 εἶναι·
761 198 832 234 πλὴν
852 198 878 225 εί
890 207 934 230 τις

124 242 221 277 λέγοι,
238 243 366 278 συμφορᾷ
376 245 607 280 περιτραπεῖσαν,
619 243 747 280 τοιαύτην
757 244 842 280 αὐτὴν
857 244 933 279 γινέ-

128 288 209 316 σθαι.
226 288 283 316 Καὶ
299 290 363 323 μετ’
375 289 475 324 ὀλίγα·
493 290 574 322 Εἰκὸς
594 289 625 316 οὐ
641 289 745 326 ταύτην
761 289 873 326 πρώτην
886 298 933 325 γε-

127 333 270 370 γενῆσθαι
285 334 336 370 τὴν
349 334 515 372 ωμσουλὴν,
538 335 607 363 ἀλλὰ
620 335 750 368 πολλάκις
764 335 850 363 πολλὰ
871 335 934 363 τού-

127 388 190 406 των
216 379 336 408 ἀκοῦσαι
355 381 536 418 χαλεπώτερα
554 381 629 417 παρά
642 382 692 417 τῆς
707 382 845 416 γυναικός.
862 382 932 418 Ὅρα

127 427 295 463 διαϐολικὴν
303 427 423 464 ἀπάτην.
439 428 578 464 Ἐνενόησε
586 427 637 464 τὴν
648 427 730 456 Εὕαν.
740 428 835 462 Τοῦτο,
853 429 930 465 φησὶ,

127 473 181 500 τὸν
197 473 309 509 πρῶτον
323 475 492 510 κατήνεγκεν
511 474 665 510 ἄνθρωπον·
677 474 756 502 τοῦτο
770 475 818 502 καὶ
833 475 930 502 τούτου

127 519 331 555 περιγενέσθαι
350 520 503 555 δυνήσεται.
527 520 608 554 Ἀλλ’,
623 517 646 548 ὦ
661 520 737 549 ἄθλιε
752 521 800 548 καὶ
813 521 927 557 ἀνόητεί

127 564 241 590 ἑκείνσν
253 564 354 599 ήττσνα
366 563 483 600 γαστρὸς
497 564 625 600 εὑροῦσα,
638 565 676 592 ἰὸν
685 565 796 601 ἔσπειρε
809 565 855 593 τὸν
867 566 930 592 ἑαυ-

126 609 193 644 τῆς.
214 608 319 636 Τοῦτον
336 609 366 636 δὲ
386 610 453 646 ὁρᾷς
469 609 678 645 φιλοσοφοῦντα,
695 610 742 637 καὶ
755 610 841 646 αὐτῆς
852 619 930 646 περι-

127 655 282 691 γενόμενον
304 656 354 692 τῆς
381 655 498 692 φύσεως.
515 656 572 684 οὐκ
588 657 748 692 ἑπέκαμψεν
763 657 846 684 αὐτὸν
859 666 928 693 χρη-

128 700 231 736 μάτων
250 700 386 734 ἀπώλεια,
402 701 463 728 οὐδὲ
487 701 590 728 παίδων
607 701 721 733 θάνατος
737 700 840 736 ,ἀωρος,
866 701 928 728 οὐδὲ

127 745 253 781 βάσανος
266 746 393 782 σώματος
410 746 636 783 ἀπαραμύθητος,
655 747 716 774 οὐδὲ
731 747 828 782 χρόνου
840 747 928 782 μῆκος

124 792 270 820 τοσοῦτον.
289 793 345 820 Καὶ
359 793 406 820 τὸν
422 794 474 820 ὑπὸ
492 794 662 830 πραγμάτων
678 793 728 829 οὐχ
741 793 851 826 ἁλόντα,
863 793 926 820 τοῦ-

124 848 175 866 τον
190 839 249 867 ὑπὸ
261 839 350 874 λόγων
364 839 516 876 προσδοκᾷς
532 838 730 875 χειρώσασθαι;

437 885 494 913 Τοῦ
520 885 624 913 αὐτοῦ.

163 931 199 958 Τί
208 931 258 958 τὸν
270 930 392 968 ἀθλητὴν
411 931 532 965 ἑκλύειςς
547 931 581 958 Τί
595 931 789 963 καταστέλλεις
803 931 854 963 τὰς
868 931 924 966 χεῖ-

127 986 195 1013 ραςς
214 977 275 1004 δέον
284 977 374 1005 εἰπεῖν
391 977 463 1005 κατά
477 978 523 1005 τὸν
543 976 714 1005 ’Δπόστολον-
733 978 795 1005 Ἔτι
803 977 922 1012 μικρὸν,

124 1024 170 1050 ἔτι
178 1024 303 1058 μικρόν.

125 1071 173 1099 Στ.
190 1070 226 1099 θ’.
248 1070 326 1098 Ἀλλ’
339 1067 428 1097 ετπόν
451 1079 478 1097 τι
497 1070 581 1107 ῥῆμα
599 1070 656 1107 (16)
675 1071 720 1105 εἰς
734 1071 854 1105 Κύριον,
874 1069 924 1097 καί

460 1114 491 1132 τε

491 1106 595 1133 λεύτα.

161 1150 245 1177 Μετά
255 1150 287 1177 τδ
300 1151 350 1187 τὴν
356 1151 510 1187 τραγῳδίαν
523 1151 646 1187 ἀκριῦὥς
660 1152 851 1187 διηγήσασθαι,
862 1153 922 1180 τότε

126 1197 175 1233 τὴν
189 1197 370 1232 ἀναίσχυντον
393 1198 519 1232 ἐπιφέρει
540 1197 706 1234 συμϐουλήν.
723 1199 777 1225 Καὶ
795 1199 855 1226 οὐδὲ
875 1200 923 1226 αὑ-

125 1242 165 1278 τῷ
181 1243 310 1279 φανερῶς
320 1241 393 1276 εἷπε,
407 1243 616 1279 Βλασφήμησον.
629 1244 659 1270 Οί
672 1244 725 1281 γάρ
736 1245 842 1281 πονηρὰ
854 1255 923 1282 συμ-

125 1289 304 1322 ϐουλεύοντες
328 1291 359 1316 οὺ
383 1289 520 1325 τολμῶσιν
548 1290 812 1327 ἀνακεκαλυμμένην
844 1292 921 1319 εἰσά-

125 1344 186 1369 γειν
206 1335 258 1371 τὴν
274 1335 440 1371 συμϐουλήν.
462 1335 494 1362 Τί
512 1335 612 1370 λέγεις.
628 1332 651 1362 ὦ
665 1336 761 1370 γύναι;
778 1337 843 1365 Δέον
865 1336 921 1371 ἐξι-

126 1379 294 1412 λεὼσασθαι,
311 1380 371 1408 δέον
385 1380 560 1413 καταλλάξαι,
572 1380 722 1416 παροξῦναι
736 1382 835 1418 μᾶλλον
851 1391 922 1419 παρ-

126 1427 230 1459 αινεῖς,
256 1426 288 1452 Ei
304 1426 358 1462 γὰρ
379 1427 393 1453 ό
411 1426 477 1458 Θεὸς
492 1426 579 1453 ταῦτα
595 1427 718 1463 εποίησε,
732 1428 921 1464 παρακαλέσαι

125 1472 218 1505 αὐτὸν,
239 1472 270 1499 οὒ
294 1472 489 1509 βλασφημῆσαι
504 1473 554 1500 δεῖ.
572 1473 657 1501 Πόθεν
675 1473 704 1500 δὲ
717 1473 807 1510 δῆλον,
822 1475 863 1502 ὅτι
874 1475 921 1502 καὶ

127 1519 266 1554 ἐρώμενον
286 1519 342 1555 (17)
359 1519 529 1555 τελευτήσω;
542 1518 615 1555 Πλὴν
632 1519 683 1555 ὅρα
698 1520 773 1551 ὅπως
785 1518 842 1556 εἷχε
859 1522 922 1558 περί
935 1512 956 1541 c

126 1564 176 1600 τῆς
191 1565 366 1600 βλασφημίας
380 1566 398 1600 ἡ
423 1566 503 1602 γυνή.
524 1566 629 1602 Ὠσπερ
651 1566 823 1602 παραχρῆμα
837 1567 922 1603 αὐτὴν

128 1610 242 1638 θάνατον
255 1611 370 1646 ἐπάγειν
388 1611 484 1647 ἰκανὴν
500 1612 605 1648 ἠγεῖτο.

129 1656 184 1691 (18)
198 1656 245 1684 Στ.
260 1659 287 1683 ι’.
304 1657 340 1684 El
355 1657 396 1693 τὰν
406 1657 502 1691 ἀγαθὰ
516 1657 680 1692 ἐδεξάμεθα
695 1658 730 1685 ἐκ
746 1658 846 1693 χειρὸς
861 1660 921 1686 Κυ-

272 1692 354 1726 ρίου,
369 1692 405 1719 τὰ
422 1692 499 1719 κακὰ
517 1694 573 1728 οὺχ
585 1692 771 1728 enatavit/sf;

167 1738 196 1765 '0
215 1738 271 1774 γὰρ
297 1739 433 1774 μακάριος
452 1736 539 1772 οὗτος,
562 1739 729 1775 πανταχόθεν
746 1739 919 1775 βαλλόμενος,

130 1784 329 1821 ἀσφαλέστερον
344 1786 447 1819 ἵστατο,
462 1785 509 1813 καί
526 1787 611 1822 μυρία
624 1787 687 1822 βέλη
703 1787 858 1822 δεχόμενος,
870 1786 920 1813 οὐκ

130 1829 252 1856 ἐνεδίδου.
274 1830 344 1857 Ἀλλ’
356 1831 472 1857 ὲκένωσε
489 1831 538 1866 μὲν
552 1831 599 1858 τοῦ
614 1831 738 1858 διαϐόλου
751 1831 800 1867 τὴν
814 1831 921 1867 βελοθή-

130 1882 189 1910 κην,
202 1874 284 1907 αὺτδς
294 1875 323 1901 δὲ
334 1876 365 1902 οὑ
383 1876 542 1909 κατέπεσεν,
555 1877 616 1903 οὐδὲ
627 1876 821 1912 ὑπεσκελίσοη.
844 1877 920 1903 Ἀλλ’

129 1920 220 1957 ὥσπερ
234 1920 347 1955 ἀριστος
361 1921 612 1957 κυϐερνήτης,οΰτε
630 1922 797 1958 μαινομένης
808 1922 857 1958 τῆς
876 1923 921 1949 θα-

130 1965 240 2001 λάσσης,
258 1966 306 1992 καὶ
325 1966 378 1993 τῶν
389 1967 520 2003 κυμάτων
532 1967 738 2009 διεγειρομένων
760 1969 920 1995 κατεποντί-

130 2012 198 2044 Caro,
217 2011 280 2039 οὔτε
295 2012 416 2049 γαλήνης
427 2013 511 2049 οὔσης
522 2014 707 2050 ρᾳθυμότερος
717 2014 832 2048 ἐγίνετο.
849 2015 919 2042 Ἀλλ’

131 2059 159 2085 ἐν
173 2059 291 2095 ἑκατέρᾳ
304 2060 338 2095 τῇ
359 2059 413 2086 τῶν
429 2060 535 2096 καιρῶν
551 2060 669 2096 διαφορᾷ.
684 2060 746 2096 ῐσην
759 2061 809 2096 τὴν
821 2061 918 2088 ἑαυτοῦ

129 2105 224 2140 τέχνην
239 2104 393 2141 διετήρησε.
408 2105 463 2133 Καὶ
471 2105 532 2132 οὕτε
549 2105 664 2138 πλοῦτος
675 2106 771 2133 ἑαυτὸν
784 2106 839 2142 (19)
858 2107 919 2142 ἐφύ-

131 2158 219 2185 σησεν,
237 2149 298 2176 οὗτε
311 2150 390 2176 πενία
406 2150 596 2182 ἐταπείνωσεν,
609 2150 681 2182 οὔτε,
701 2151 772 2178 κατὰ
786 2151 848 2187 ῥοῦν
863 2152 918 2179 τῶν

131 2195 297 2230 πραγμάτων
308 2196 477 2231 φερομένων,
485 2195 581 2228 ὕπτιος
594 2194 628 2232 ἦν
642 2197 689 2223 καὶ
699 2196 915 2230 ἀναπεπτωκὼς,

131 2240 199 2273 οὔτε,
213 2241 278 2277 ὅλης
293 2241 386 2277 σχεδὸν
400 2242 449 2277 τῆς
465 2242 569 2274 οἰκείας
580 2242 636 2276 (90)
648 2243 860 2278 ἀνατραπείσης,
870 2244 917 2270 καὶ

132 2285 306 2322 πανολεθρίας
322 2286 481 2322 γενομένης,
495 2287 669 2323 διεταράχθη,
683 2288 730 2314 καὶ
742 2287 791 2324 τὴν
807 2288 917 2324 ἀνδρίαν

132 2331 221 2367 ἢλεγξε
234 2331 283 2367 τὴν
298 2331 406 2359 ἑαυτοῦ.
428 2332 613 2359 ’Δκουέτωσαν
630 2332 762 2365 πλούσιοι,
780 2333 916 2360 ἀκουέτω-

133 2383 179 2404 σαν
192 2374 317 2410 πένητες
334 2375 477 2410 ἑκατέροις
502 2376 557 2412 γὰρ
578 2377 608 2403 τὸ
625 2377 747 2413 διήγημα
771 2378 915 2414 χρήσιμον,

133 2421 174 2448 καὶ
194 2421 278 2448 πᾶσιν
295 2420 449 2456 ἀνθρώποις
464 2422 482 2457 ή
500 2422 607 2458 ἱστορία
623 2422 777 2458 λυσιτελήςο
792 2423 840 2450 καὶ
860 2425 916 2456 τοῖς

132 2468 160 2494 ὲν
171 2466 314 2503 εὐημερίᾳ,
337 2468 386 2494 καὶ
401 2469 458 2500 τοῖς
479 2469 508 2495 ὲν
524 2470 687 2504 συμφοραῖς.
711 2469 847 2505 Ἐκάτερα
862 2471 916 2506 γὰρ

132 2513 162 2540 τά
175 2512 243 2540 em
256 2513 450 2548 μεταχειρίσας
465 2514 479 2540 ὸ
491 2513 541 2549 τῆς
554 2513 695 2546 εὐσεϐείας
713 2514 875 2551 ἀγωνιστὴς,
901 2516 916 2542 ὀ

133 2559 176 2594 τῆς
183 2558 346 2595 οἰκουμένης
356 2558 528 2595 στεφανίτης,
542 2559 571 2586 ὲν
582 2559 724 2595 ἑκατέροις
741 2559 772 2586 τδ
786 2559 916 2596 τρόπαιον

133 2603 231 2639 ιστησε·
257 2605 306 2632 καὶ⁴
333 2604 403 2639 πρὸς
427 2605 481 2632 πᾶν
494 2603 565 2636 εἰδος
583 2604 703 2640 πολέμου
721 2604 769 2632 τοῦ
790 2605 916 2642 δαίμονος

163 2673 218 2690 ⁸³³⁵³
231 2666 315 2701 Hebr.
329 2681 357 2706 x,
370 2672 416 2702 57.

164 2733 217 2769 (l6)
230 2732 298 2769 Cod.
321 2733 409 2769 Ὠριγ.
422 2734 461 2765 εἰς
471 2733 509 2760 τό·
531 2733 613 2761 Ἀλλ’
623 2730 710 2760 εἶπόν
724 2740 750 2759 τι
759 2731 852 2766 ῥῆμα.

164 2769 184 2803 (l
191 2767 216 2801 7)
231 2768 313 2796 Forte
328 2767 480 2803 ἀρώμενον.

165 2804 216 2835 HS)
232 2803 270 2830 Ex
284 2802 354 2830 eod.
371 2802 438 2830 Nan.
457 2804 501 2831 ubi
527 2803 621 2831 titttlus
638 2803 842 2839 Χρυσοστόμου,
869 2802 910 2828 Ὠ-

136 2848 181 2875 9:1.
200 2839 389 2874 Chrysostomi
402 2839 490 2876 potius
507 2840 621 2874 videtur,
637 2840 669 2868 de
684 2840 760 2874 cuius
772 2841 908 2867 commen-

933 2183 955 2210 D

984 200 1056 227 enim
1070 204 1177 236 poterat
1200 208 1270 228 uxor
1283 199 1342 228 Jobi
1359 207 1421 228 esse
1439 201 1604 236 huiusmodi.
1629 200 1686 228 Nisi
1710 201 1772 236 quis

983 245 1069 278 dicat,
1083 245 1241 273 calamitate
1260 250 1401 280 mutatam,
1420 253 1481 274 eam
1497 247 1577 274 talem
1589 247 1720 275 evasisse.
1739 247 1771 274 Et

982 296 1040 326 pou
1053 299 1140 326 pauca
1152 299 1161 318 :
1175 291 1291 319 Videtur
1303 299 1356 319 non
1374 291 1428 319 hoc
1451 292 1567 327 primum
1583 291 1666 320 fuisse
1681 293 1770 320 consi—

982 337 1060 370 lium,
1073 337 1121 365 sed
1137 345 1210 373 stepe
1229 337 1313 364 multa
1331 338 1393 365 istis
1407 339 1533 373 graviora
1550 338 1584 365 ab
1598 345 1682 365 uxore
1693 338 1771 365 inau-

981 383 1093 411 divisse.
1110 383 1228 412 Attende
1242 383 1403 411 diabolieam
1415 384 1613 411 ieductionem.
1625 383 1769 418 Recogita-

980 429 1021 456 vit
1039 429 1134 457 Evam.
1156 429 1224 462 Hoc,
1238 430 1337 464 inquit,
1351 431 1469 464 primutn
1486 429 1668 465 praecipitavit
1683 429 1770 456 homi-

980 482 1063 503 nem:
1079 475 1131 503 hoc
1155 475 1237 503 istum
1263 483 1374 511 quoque
1394 483 1524 511 superare
1550 476 1657 510 poterit.
1675 476 1740 508 Sed,
1752 484 1770 502 ο

980 520 1065 548 miser
1074 525 1104 548 et
1119 520 1233 548 stolide!
1252 518 1330 548 illum
1347 522 1437 549 ventri
1455 522 1602 549 obnoxium
1616 525 1705 553 nacta,
1721 529 1769 548 ve-

980 573 1078 594 nenum
1091 566 1235 600 inspiravit
1249 573 1341 594 suum.
1357 567 1394 594 At
1414 567 1487 594 hunc
1501 567 1578 594 vides
1597 567 1690 594 virtuti
1705 574 1768 601 ope-

980 619 1038 639 ram
1049 611 1170 644 dantem,
1185 617 1213 640 et
1225 612 1370 647 ipsammet
1380 618 1552 647 superantem
1564 616 1698 639 naturam.
1708 611 1766 639 Non

978 664 1040 685 eum
1066 657 1172 685 inﬂexit
1198 657 1357 685 facultatum
1385 659 1508 690 amissio,
1533 665 1586 685 non
1617 658 1763 685 liberorum

978 709 1054 729 mors
1068 702 1225 736 immatura,
1237 710 1292 730 non
1301 703 1426 738 corporis
1437 708 1541 733 tortura
1552 703 1766 735 inconsolabiiis,

977 753 1028 775 nec
1053 747 1187 783 temporis
1211 752 1286 775 tanta
1313 749 1490 776 diuturnitas.
1512 749 1620 784 Ergone
1643 757 1704 776 eum
1721 750 1766 784 qui

979 794 1059 821 rebus
1074 793 1140 829 ipsis
1156 794 1247 822 victus
1262 801 1314 822 non
1334 795 1398 829 fuit,
1411 795 1503 823 verbis
1518 800 1545 823 te
1561 796 1665 823 huncce
1687 797 1768 823 sula-

942 832 963 861 Β
978 844 1086 867 cturum
1106 840 1269 868 existimas?

1303 885 1443 921 Ejusdem.

1012 931 1083 965 Quid
1099 931 1232 960 athletam
1246 931 1634 965 labefactasiQuidcontrahis
1653 938 1760 963 manus,

977 984 1038 1005 cum
1058 981 1197 1012 oporteret
1210 978 1301 1005 dicere
1322 985 1385 1005 cum
1406 977 1536 1013 Apostolo
1550 986 1558 1004 :
1574 978 1667 1004 Adhuc
1679 978 1764 1004 modi-

976 1031 1048 1056 cum,
1063 1024 1150 1050 adhuc
1163 1024 1296 1051 modicum
1311 1023 1391 1050 ""‘?

977 1069 1010 1097 ν.
1020 1070 1047 1098 9.
1060 1069 1114 1097 Sed
1124 1070 1168 1097 dic
1179 1070 1285 1103 aliquod
1297 1070 1402 1097 uerbum
1415 1078 1442 1097 tn
1454 1069 1608 1102 Dominum,
1620 1074 1644 1096 et
1652 1076 1766 1097 morere.

1011 1148 1157 1184 Postquam
1168 1148 1320 1176 luctuosum
1331 1153 1459 1175 eventum
1471 1148 1618 1184 diligenter
1628 1147 1765 1182 exposuit,

978 1199 1042 1222 tunc
1058 1193 1202 1230 impudens
1227 1194 1332 1230 profert
1344 1194 1502 1223 consilium.
1527 1194 1621 1229 Neque
1633 1194 1658 1221 ei
1674 1194 1764 1220 mani-

977 1241 1047 1268 feste
1054 1241 1145 1269 dixit:
1155 1241 1328 1277 Blasphema.
1336 1241 1386 1274 Qui
1395 1242 1468 1269 enim
1481 1240 1597 1275 maligna
1606 1239 1762 1269 consulunt,

975 1295 1029 1315 non
1046 1289 1144 1316 audent
1167 1293 1291 1324 apertunt
1315 1288 1414 1315 all'erre
1426 1286 1583 1315 consilium.
1597 1285 1667 1319 Quid
1681 1285 1732 1317 ais,
1748 1293 1765 1311 υ

975 1334 1063 1363 uxor?
1074 1334 1141 1362 Cum
1162 1341 1275 1362 necesse
1291 1334 1382 1370 potius
1396 1337 1470 1360 esset
1485 1332 1622 1368 placatum
1637 1330 1763 1362 reddere,

973 1387 1037 1408 cum
1053 1387 1166 1408 necesse
1179 1385 1253 1408 esset
1271 1379 1436 1411 conciliare,
1459 1378 1569 1406 irritare
1588 1377 1677 1412 potius
1700 1383 1763 1402 sua-

974 1427 1040 1455 des?
1052 1426 1081 1454 Si
1099 1427 1172 1454 enim
1188 1426 1246 1454 lucc
1263 1426 1334 1454 Deus
1360 1425 1439 1457 fecit,
1458 1431 1575 1452 exorare
1598 1422 1686 1456 illum,
1709 1429 1762 1448 non

974 1473 1167 1508 blasphentare
1178 1476 1295 1507 oportet.
1310 1471 1387 1499 Unde
1404 1475 1494 1498 autem
1516 1469 1613 1504 liquet,
1628 1467 1699 1503 quod
1715 1467 1760 1494 ubi

973 1524 1133 1547 exsecratus
1141 1518 1230 1551 fuero,
1243 1517 1368 1545 moriar?
1379 1517 1571 1543 Verumtamen
1585 1513 1694 1541 attende
1709 1521 1762 1548 qua

972 1564 1108 1592 sententia
1123 1568 1197 1591 esset
1220 1563 1314 1591 isthzec
1332 1563 1430 1590 mulier
1448 1562 1536 1597 quoad
1556 1559 1760 1595 blasphemiam.

973 1610 1125 1646 Reputabat
1139 1610 1244 1638 scilicet
1255 1617 1314 1638 eam
1325 1617 1405 1645 posse
1415 1609 1507 1637 statim
1518 1612 1631 1635 mortem
1650 1606 1761 1634 inferre.

973 1657 1005 1685 V.
1023 1657 1066 1685 10.
1082 1657 1111 1685 Si
1134 1657 1202 1684 bona
1219 1657 1382 1691 suscepimus
1401 1656 1433 1682 de
1452 1662 1532 1691 manu
1554 1653 1674 1686 Domini,
1689 1652 1760 1679 mala

1231 1700 1283 1718 non
1296 1690 1482 1718 sustinebimus
1492 1690 1505 1716 f

1011 1737 1113 1766 Beatus
1128 1738 1178 1765 iste
1190 1738 1308 1772 undique
1318 1735 1558 1770 circumpulsatus,
1573 1734 1697 1762 securius
1704 1737 1761 1761 sta-

971 1784 1029 1817 bat,
1046 1789 1074 1811 et
1093 1783 1197 1811 inﬁnita
1224 1783 1375 1818 suscipiens
1397 1781 1461 1814 tela,
1486 1788 1539 1808 non
1557 1780 1680 1808 cedebat.
1706 1779 1761 1807 Sed

969 1830 1114 1859 evacuavit
1129 1829 1239 1863 quidem
1252 1827 1351 1856 diaboli
1372 1828 1540 1863 pharetram,
1561 1825 1619 1860 ipse
1632 1832 1697 1852 vero
1712 1832 1760 1851 ne-

970 1883 1105 1911 quaquam
1119 1873 1249 1907 concidit,
1265 1881 1352 1907 neque
1371 1873 1520 1900 subversus
1536 1876 1590 1899 est.
1604 1871 1658 1898 Sed
1676 1870 1760 1898 veluti

969 1921 1089 1956 optimus
1115 1925 1236 1956 proreta,
1251 1926 1339 1953 neque
1366 1918 1474 1945 furente
1499 1917 1557 1944 salo
1581 1916 1761 1950 excitatisque

969 1965 1097 1993 ﬂuctibus
1113 1965 1357 2000 submergcbatur;
1373 1970 1460 1998 neque
1474 1962 1614 1989 obtinente
1630 1960 1758 1994 malacia,

970 2012 1149 2047 negligentior
1165 2016 1234 2039 erat.
1255 2010 1307 2038 Sed
1327 2010 1352 2037 in
1377 2014 1492 2043 utraque
1516 2013 1669 2042 temporum
1682 2007 1759 2040 vice,

969 2059 1102 2094 aequalem
1122 2063 1209 2085 artem
1226 2065 1303 2085 suam
1321 2056 1511 2084 conservabat.
1531 2055 1565 2082 Et
1585 2061 1673 2088 neque
1690 2053 1760 2080 divi-

970 2105 1014 2132 tia:
1029 2105 1102 2131 illutn
1120 2103 1260 2136 inﬂavere,
1281 2111 1368 2138 neque
1381 2106 1529 2138 paupertas
1544 2101 1641 2136 deiecit
1655 2099 1758 2130 animo.

970 2158 1058 2186 neque
1077 2158 1164 2186 prono
1186 2151 1263 2178 alveo
1289 2151 1372 2177 rebus
1387 2149 1443 2176 suis
1463 2147 1627 2178 ﬂuentibus,
1643 2145 1759 2180 supinus

970 2202 1030 2225 erat
1045 2203 1074 2226 et
1092 2205 1200 2233 segnes.
1220 2197 1348 2230 Quinimo
1375 2203 1408 2222 ne
1433 2199 1488 2221 tota
1497 2193 1605 2228 quidem
1619 2198 1759 2226 propemo-

969 2245 1032 2272 dum
1049 2251 1144 2271 eversa
1161 2243 1252 2275 dotno,
1269 2246 1296 2268 et
1307 2241 1418 2268 interitu
1441 2239 1627 2274 contingente,
1646 2241 1759 2264 conturo

969 2289 1048 2315 battis
1061 2293 1115 2320 est,
1130 2293 1157 2314 et
1174 2294 1229 2314 sua:
1246 2286 1353 2313 virtutis
1370 2284 1510 2312 luculenta
1531 2282 1618 2310 edidit
1633 2282 1758 2309 testimo-

968 2332 1023 2359 nia.
1037 2332 1175 2359 Audiunto
1190 2331 1298 2363 divites,
1314 2330 1445 2357 audiunto
1463 2335 1598 2363 pauperes
1612 2336 1620 2354 :
1634 2327 1758 2360 utrisque

967 2377 1041 2404 enim
1055 2377 1176 2404 narratio
1192 2376 1326 2411 perutilis,
1343 2379 1371 2402 et
1390 2374 1516 2402 omnibus
1537 2372 1693 2400 hominibus
1710 2371 1753 2398 hi-

968 2423 1056 2450 storia
1068 2427 1110 2449 est
1122 2422 1255 2456 prolicua,
1269 2422 1325 2449 sive
1337 2422 1362 2448 in
1375 2420 1555 2455 prosperitate
1569 2418 1636 2450 sint,
1652 2417 1710 2444 sive
1725 2416 1753 2444 in

967 2469 1180 2497 calamitatibus.
1197 2468 1318 2503 Utraque
1327 2468 1401 2495 enim
1415 2474 1491 2494 arma
1504 2466 1637 2493 adhibens
1647 2464 1691 2491 hic
1703 2463 1757 2498 pie.-

968 2515 1032 2543 latis
1045 2516 1183 2550 agonista.
1200 2516 1245 2543 hic
1259 2515 1333 2542 orbis
1346 2519 1492 2542 coronatus
1504 2512 1605 2540 athleta
1616 2531 1624 2544 ,
1638 2511 1664 2538 in
1677 2511 1757 2537 utris-

966 2569 1019 2597 que
1049 2565 1180 2597 tropteum
1204 2562 1292 2589 erexit
1308 2570 1315 2589 :
1331 2566 1358 2589 et
1383 2561 1417 2588 ad
1440 2568 1521 2589 otnne
1540 2566 1625 2595 genus
1642 2557 1704 2585 belli
1720 2556 1755 2584 ir-

967 2613 1064 2636 ruente
1079 2609 1200 2637 dtemone
1212 2608 1268 2640 illo.
1279 2613 1377 2637 contra
1396 2608 1486 2636 omnia
1499 2607 1526 2634 in
1540 2605 1627 2634 aciem
1639 2603 1752 2632 descen-

968 2730 1047 2758 tariis
1063 2730 1089 2757 in
1107 2729 1205 2758 Jobum
1217 2731 1327 2759 consule
1338 2732 1377 2759 sis
1394 2736 1494 2761 nostra:
1508 2730 1578 2759 liibl.
1594 2735 1660 2758 tom.
1686 2727 1753 2763 Vill,

966 2773 992 2802 p.
1001 2766 1231 2836 (ῗὸῗλιίιεὲξοίοε.
1260 2768 1371 2796 ibidem.

1000 2837 1055 2872 (‘30)
1070 2836 1170 2869 Οἰκίας.
