1918 3069
1796 90 1853 117 64

185 94 222 122 63
636 94 917 123 SUPPLEMENTUM
936 93 982 121 AD
1001 93 1164 122 ORIGEMS
1183 93 1387 122 EXEGETICA.

139 148 142 150 λ
185 150 237 182 dit,
249 154 276 178 et
291 149 318 178 in
331 151 459 179 omnibus
471 151 560 178 victor
573 152 813 186 pronuntiabatur.
829 153 868 180 Ac
885 152 968 181 veluti

1055 151 1179 184 ελθόντος
1188 151 1304 184 ἐκείνου,
1320 151 1388 187 πρὸς
1400 151 1508 178 ἅπαντα
1525 149 1704 186 παρετάξατο,
1720 149 1778 176 καὶ
1802 149 1848 175 ἐν

187 194 265 222 miles
279 202 436 229 generosus,
456 195 501 230 qui
519 195 601 223 sciret
614 203 735 231 pugnare
749 203 841 230 noctu,
854 198 888 225 de
903 205 969 226 mm-

1055 199 1104 225 ίσιν
1123 197 1332 234 ἀνεκηρύττετο.
1347 198 1402 225 Καὶ
1422 197 1546 233 καθάπερ
1564 196 1732 233 στρατιώτης
1748 203 1846 230 γενη

189 241 278 274 nibus,
301 240 373 269 inter
399 242 514 276 pedites,
532 241 604 269 inter
617 243 752 276 epibatas,
768 251 832 270 arcu
854 244 968 278 sagittas

1055 245 1106 277 ῑος,
1124 245 1172 272 καὶ
1188 244 1266 276 εἰδὼς
1277 245 1470 280 νυκτομαχεῖν,
1491 243 1675 278 τειχομαχεῖν,
1693 242 1847 277 πεζομακ

186 286 322 320 emittere,
340 287 445 314 hastam
458 291 583 320 quatere,
597 287 689 316 fundis
702 293 730 316 et
742 289 821 317 vallis
834 290 883 322 uti,
898 297 930 318 ac
944 290 969 317 in

1055 291 1089 322 ἰν,
1112 291 1273 325 ναυμαχεῖν,
1290 289 1337 316 καὶ
1358 289 1488 322 τοξεύειν,
1516 289 1563 315 καὶ
1578 288 1640 324 δόρυ
1658 287 1751 319 σείειν,
1772 286 1846 313 καὶ

187 333 260 359 omni
272 340 371 366 genere
384 340 480 367 pugnat
492 341 624 368 superare
637 334 818 368 adversarios,
831 340 858 363 et
872 335 972 370 ubique

187 379 309 405 vincere:
319 377 354 404 ita
371 378 493 413 profecto
504 384 532 406 et
545 387 696 413 generosus
706 380 752 408 ille
765 388 871 409 onmem
885 385 972 409 tenta-

189 422 288 449 tionem
299 429 361 448 eum
376 422 461 450 multa
477 423 538 450 tulit
555 424 727 458 fortitudine,
742 426 920 454 tentationem
931 427 972 453 in-

187 475 268 501 quam
285 468 464 502 paupertatis,
481 469 573 502 famis.
589 471 686 505 morbi,
707 471 820 504 doloris,
845 471 972 500 interitus

188 512 304 541 ﬁliorum
322 522 328 539 :
347 515 524 542 tentationem
538 515 572 543 ab
584 516 690 548 amicis,
703 517 737 544 ab
752 517 925 550 adversariis,
937 518 971 545 ab

187 565 282 591 uxore,
301 565 317 586 a
335 559 504 588 domesticis.
524 560 618 595 Neque
635 561 708 589 enim
730 561 781 589 fuit
795 563 912 590 humana
928 571 974 590 ca-

187 602 306 636 lamitas,
332 611 393 640 quae
409 605 436 632 in
448 613 547 640 corpus
567 606 626 640 ejus
646 606 734 634 elIusa
757 615 809 634 non
824 608 868 636 sit.
883 607 974 637 Nihilo

187 656 254 676 vero
271 650 362 678 minus
375 651 442 678 retia
458 652 548 679 omnia
563 653 714 687 superavit,
726 661 758 681 ac
768 654 911 682 sublimior
925 654 974 682 fttit

187 695 289 723 diaboli
308 694 421 724 calamis
445 696 512 733 (21).
528 697 594 725 Illud
613 706 679 726 vero
705 707 760 734 pra:
783 702 888 729 caneris
914 707 972 729 stu-

188 741 317 774 peudum,
329 742 401 776 qttod
416 743 507 770 oumia
522 743 572 778 ipsi
584 745 760 779 contigerint,
769 751 796 773 et
807 746 898 774 omnia
913 755 974 775 cum

188 794 316 819 excessu,
333 793 361 815 et
373 788 463 815 omnia
483 788 509 815 iu
530 797 624 816 unum.
644 789 738 824 Neque
749 792 822 819 enim
840 792 866 819 id
887 796 976 820 atten-

1023 334 1180 369 σφενδόναις
1200 335 1247 362 καὶ
1275 334 1420 367 ἀκοντίοις,
1443 334 1490 361 καὶ
1511 333 1592 360 παντὶ
1611 333 1705 370 τρόπῳ
1723 333 1842 368 μάχης

1022 380 1208 416 περιγίνεσθαι
1231 380 1280 415 τῆς
1297 380 1353 415 (22)
1371 380 1499 407 ἐναντίων
1522 380 1570 407 καὶ
1594 378 1730 414 πανταχοῦ
1745 387 1844 413 κρα-

1022 427 1088 453 τεῖν·
1103 424 1174 452 οὕτω
1195 424 1226 460 δὴ
1240 426 1287 452 καὶ
1299 426 1314 452 ό
1330 427 1453 460 γενναῖος
1466 426 1569 458 ἐκεῖνος
1589 426 1698 454 ἅπαντα
1718 434 1843 461 πειρα-

1024 471 1093 507 σμὸν
1115 470 1184 506 μετὰ
1201 471 1302 506 πολλῆς
1313 471 1412 506 ἧνεγκε
1427 471 1477 507 τῆς
1496 471 1616 508 ἀνδρίας,
1633 471 1678 498 τὸν
1694 471 1747 498 ἀπὸ
1765 479 1841 498 πε-

1024 517 1092 549 νίας,
1117 516 1163 543 τὸν
1179 517 1234 544 ἀπὸ
1249 516 1340 553 λιμοῦ,
1365 517 1411 545 τὸν
1432 517 1486 544 ἀπὸ
1503 517 1592 549 νόσου,
1608 519 1653 544 τὸν
1666 517 1696 550 ἐξ
1708 517 1838 550 ὀδύνης,

1024 565 1069 592 τὸν
1083 565 1137 592 ἀπὺ
1160 564 1264 591 παίδων
1284 563 1434 596 ἀπωλείας,
1453 563 1498 590 τὸν
1515 564 1569 591 ἀπὸ
1588 563 1642 590 τῶν
1656 563 1749 598 φίλων,
1773 563 1840 590 τὸν

1024 611 1078 638 ἀπὸ
1094 611 1148 638 τῶν
1166 611 1282 647 ἐχθρῶν,
1297 610 1343 637 τὸν
1360 610 1414 638 ἀπὸ
1427 611 1477 646 τῆς
1489 610 1627 645 γυναικὸς,
1638 610 1683 636 τὸν
1699 609 1752 637 ἀπὺ
1764 609 1840 636 τῶν

1024 648 1149 685 οἰκετῶν.
1176 657 1213 683 υὺ
1230 657 1284 692 γὰρ
1300 654 1335 692 ἦν
1357 656 1516 692 ἀνθρωπίνη
1535 655 1673 692 συμφορὰ,
1688 656 1705 691 ἢ
1720 655 1757 691 μὴ
1781 656 1839 687 εἰς

1025 703 1055 730 τὺ
1078 703 1158 737 σῶμα
1183 702 1335 738 ὲξεκενώθη
1358 702 1474 729 ἐκείνου.
1499 702 1569 729 Ἀλλ’
1594 702 1670 737 ὅμως
1691 702 1839 729 ἁπάντων

1025 749 1197 786 ὑπερηνέχθη
1210 749 1265 776 τῶν
1275 748 1403 781 δικτύων,
1417 749 1465 776 xa‘t
1474 749 1640 785 ὑψηλότερος
1659 749 1755 783 γέγονε
1766 748 1839 775 τῶν

1027 795 1074 822 τοῦ
1090 795 1215 822 διαϐόλου
1241 795 1383 830 καλάμων.
1407 795 1463 822 Καὶ
1480 795 1512 822 τὸ
1529 795 1561 830 δὴ
1589 794 1836 831 θαυμαστότερον,

189 833 249 865 ds,
263 834 335 868 quod
354 839 426 861 tanta
441 841 536 868 passus
553 835 658 863 fuerit:
673 837 720 864 sed
738 837 818 871 adde,
841 846 894 865 non
910 846 976 873 pau-

1055 850 1069 867 τι
1079 841 1126 868 καὶ
1142 841 1231 868 πάντα
1247 829 1331 876 αὐτῷ,
1345 840 1392 868 καὶ
1410 840 1499 867 πάντα
1517 829 1575 876 μεθ’
1593 829 1838 877 ὑπερϐολῆς,καὶ

190 879 277 912 latim,
291 887 344 907 non
357 887 391 906 ex
406 879 562 914 intervallo;
575 882 622 909 sed
637 890 688 910 una
705 887 732 910 et
753 883 844 911 simul.
863 883 920 912 Non
934 890 976 912 est

189 932 255 952 vero
270 924 328 952 hzec
342 925 489 952 mediocris
505 926 685 954 teutationtnn
704 929 837 956 accessio.
855 929 976 957 Ctetero-

190 978 250 998 rum
265 978 382 1005 namque
396 971 535 999 hominum
549 972 665 1006 quilibet
691 974 780 1008 printo
794 975 886 1003 nullus
900 976 975 1004 iuve-

191 1016 280 1044 uietur
292 1019 338 1052 qui
354 1019 444 1045 oumia
457 1018 537 1045 simul
553 1019 734 1047 sustinuerit:
746 1021 793 1048 sed
808 1021 830 1048 si
843 1026 904 1048 cum
915 1029 978 1056 pau-

193 1067 299 1096 perlate
312 1063 440 1098 luctatur,
455 1068 483 1091 at
495 1064 610 1092 sanitate
625 1065 741 1100 gaudet;
758 1066 780 1093 si
793 1071 822 1094 et
834 1073 978 1101 pauperta-

192 1115 219 1137 te
228 1115 255 1138 et
268 1112 371 1139 morbis
383 1117 496 1139 vexatus
505 1117 556 1144 est,
569 1117 598 1139 at
613 1121 697 1141 uxore
711 1121 899 1149 stepcnumero
913 1115 978 1142 frui-

193 1161 238 1185 ttts
254 1163 305 1191 est,
318 1167 377 1194 qua:
391 1159 561 1187 calamitates
574 1160 720 1193 solaretur,
728 1166 755 1189 et
767 1169 828 1196 quae
842 1170 890 1196 pro
898 1167 978 1196 portu

193 1210 267 1232 esset
282 1205 332 1232 illi.
350 1205 378 1233 Si
390 1213 442 1233 nec
453 1214 538 1233 uxore
552 1205 650 1234 fruitus
663 1212 706 1234 est
716 1207 881 1241 bujusmodi,
891 1213 918 1236 at
930 1215 980 1236 nec

191 1256 315 1285 quanam
331 1252 483 1286 perniciosa
499 1254 663 1286 consuleret,
681 1261 712 1281 ac
724 1262 775 1282 nec
796 1254 897 1282 liberos
916 1254 980 1289 jun-

191 1296 358 1325 ctimamisit
375 1299 534 1333 universos;
551 1299 697 1335 sijunclim
713 1300 866 1333 universos,
882 1306 909 1328 at
927 1309 979 1328 uou

193 1344 241 1372 tali
265 1352 365 1379 genere
381 1346 493 1379 mortis;
509 1346 531 1374 si
558 1346 604 1373 tali
630 1355 731 1382 genere
748 1347 856 1380 mortis,
870 1352 898 1375 at
913 1347 982 1375 ami-

192 1398 241 1419 cos
257 1391 351 1419 habuit
365 1393 562 1426 consolatores,
575 1398 603 1420 at
618 1401 707 1428 neque
720 1393 756 1421 ita
771 1393 844 1420 illum
854 1399 982 1429 appeten-

194 1441 257 1466 tes:
276 1439 349 1472 quod
379 1439 400 1466 si
423 1443 451 1466 et
469 1444 636 1474 appetentes,
655 1445 683 1467 at
705 1448 758 1467 non
777 1441 859 1468 etiam
886 1441 982 1469 deuc-

195 1484 265 1512 ticos
278 1484 458 1518 lacessentes;
471 1485 493 1513 si
505 1486 590 1512 etiam
602 1485 780 1519 lacessentes,
792 1492 821 1513 at
835 1495 887 1514 non
899 1487 981 1515 etiam

195 1530 222 1557 in
238 1530 335 1557 faciem
347 1538 423 1558 suam
437 1536 580 1565 spueutes;
594 1532 616 1558 si
630 1531 712 1558 etiam
728 1532 754 1559 iu
771 1531 868 1560 faciem
881 1540 983 1567 spuen-

195 1580 247 1608 tes,
261 1581 289 1602 at
313 1584 366 1603 nou
390 1584 499 1612 quoque
517 1577 613 1604 morbo
630 1582 704 1604 tanto
725 1578 931 1612 conﬁciebatur,
957 1584 985 1607 at

194 1622 303 1650 domum
327 1627 484 1658 tectumque
501 1623 630 1656 habebat,
646 1631 695 1650 nec
709 1623 735 1650 in
755 1623 927 1658 sterquilinio
941 1632 985 1652 se-

194 1667 289 1701 debat;
305 1668 376 1703 quod
388 1667 410 1695 si
419 1668 501 1695 etiam
518 1668 544 1695 in
565 1669 736 1702 sterquilinio
749 1670 870 1702 sedebat,
884 1673 912 1697 at
927 1678 985 1697 ma-

195 1721 260 1740 uutu
275 1714 392 1741 habebat
413 1714 602 1750 porrigentes;
618 1715 638 1742 si
665 1722 752 1750 neque
769 1723 877 1743 manum
895 1715 984 1750 porri-

195 1764 301 1794 gentes,
317 1765 344 1787 at
358 1768 412 1788 nou
428 1761 511 1788 etiam
527 1760 553 1788 in
571 1768 600 1788 se
617 1761 762 1789 irruentes.
779 1761 832 1789 Iste
848 1769 913 1789 vero
927 1770 986 1789 om-

197 1806 240 1833 nia
254 1806 348 1834 istlioac
363 1807 485 1841 pertulit.

1029 886 1119 913 πάντα
1143 887 1187 922 ὑφ’
1203 887 1241 913 ἓν.
1256 887 1302 922 Μὴ
1317 887 1371 922 γὰρ
1387 886 1466 913 τοῦτο
1482 887 1550 922 ἴδῃς,
1567 886 1607 913 ὅτι
1624 886 1742 913 τοσαῦτα
1758 886 1838 913 ἔπα-

1029 932 1086 959 θενο
1112 932 1180 959 ἀλλὰ
1207 932 1334 968 πρόσθες,
1353 932 1393 959 ὅτι
1416 932 1476 959 οὐδὲ
1489 931 1560 959 κατὰ
1579 932 1691 968 μικρὸν,
1708 932 1769 959 οὐδὲ
1793 933 1837 958 ὲκ

1029 978 1222 1014 διαστήματος,
1240 978 1298 1005 ἀλλ’
1315 978 1382 1014 ὐφὲν
1400 978 1448 1005 καὶ
1462 977 1541 1014 ὁμοῦ.
1560 977 1598 1005 Οὐ
1614 977 1700 1014 μικρὰ
1710 977 1738 1004 δὲ
1751 977 1835 1013 αὕτη

1030 1024 1189 1061 πειρασμῶν
1205 1024 1357 1060 προσθήκη.
1373 1024 1433 1051 Τῶν
1449 1024 1497 1059 μὲν
1516 1023 1571 1059 γὰρ
1599 1023 1686 1053 ἄλλων
1707 1023 1836 1055 ἕκαστος

1030 1069 1181 1106 ἀνθρώπιον
1191 1069 1299 1105 πρῶτον
1316 1069 1366 1105 μὲν
1381 1069 1469 1101 οὐδεὶς
1482 1069 1515 1096 ἂν
1525 1069 1649 1105 εὑρεθείη
1663 1069 1754 1096 πάντα
1762 1070 1837 1096 ὐπο-

1033 1115 1127 1151 μείνας
1139 1114 1217 1150 ὁμοῦ,
1234 1114 1290 1141 ἀλλ’
1308 1116 1332 1141 εί
1347 1115 1393 1141 καὶ
1408 1115 1489 1150 πενίᾳ
1508 1114 1630 1146 παλαίει,
1640 1115 1715 1150 ὅμως
1728 1115 1835 1148 ὑγείας

1032 1159 1175 1187 ἀπολαύει·
1187 1160 1211 1186 εί
1223 1160 1252 1186 δὲ
1266 1160 1314 1186 καὶ
1331 1160 1412 1196 πενίᾳ
1426 1161 1473 1187 καὶ
1489 1160 1558 1196 νόσῳ
1573 1161 1739 1200 περιεπάρη,
1750 1160 1837 1189 ’ἀλλὰ

1032 1206 1161 1240 γυναικὸς
1167 1205 1297 1237 πολλάκις
1313 1206 1454 1242 ἁπήλαυσε
1469 1206 1717 1242 παραμυθουμένης
1730 1207 1764 1234 τὰ
1773 1207 1835 1234 δει-

1032 1251 1076 1284 νὰ,
1092 1252 1138 1278 καὶ
1151 1252 1212 1278 ἀντὶ
1222 1251 1332 1287 λιμένος
1345 1251 1418 1287 αὑτῴ
1434 1251 1589 1287 γινομένης.
1598 1253 1630 1279 Εἰ
1641 1252 1670 1279 δὲ
1688 1252 1725 1288 μὴ
1736 1261 1837 1287 γυναι-

1034 1298 1082 1331 κὸς
1103 1298 1243 1334 ἀπήλαυσε
1259 1298 1395 1334 τοιαύτης,
1417 1298 1475 1326 ἀλλ’
1491 1299 1540 1334 οὐχ
1562 1298 1634 1326 οὕτω
1659 1299 1834 1334 συμϐουλευ-

1035 1345 1128 1381 θείσης
1151 1345 1271 1382 ὀλέθρια,
1295 1345 1352 1372 ἀλλ’
1380 1345 1440 1380 οὐχὶ
1464 1345 1511 1372 καὶ
1530 1345 1594 1377 τοὺς
1616 1345 1715 1377 παῖδας
1730 1345 1835 1381 ἀθρόον

1035 1390 1177 1419 ἀπώλεσεν
1191 1390 1323 1422 ἅπαντας·
1338 1391 1362 1417 εί
1374 1390 1402 1417 δὲ
1417 1391 1463 1417 καὶ¹
1473 1391 1580 1426 ἀθρόον,
1601 1390 1659 1417 ἀλλ’
1672 1391 1703 1417 οὺ
1714 1390 1835 1426 τοιούτῳ

1034 1436 1128 1473 τρόπῳ
1135 1436 1273 1472 τελευτῆς·
1291 1436 1315 1462 εί
1329 1436 1358 1463 δὲ
1367 1436 1413 1462 καὶ
1421 1435 1533 1471 τοιούτῳ
1554 1435 1670 1471 [τρόπῳ]
1686 1435 1833 1471 τελευτῆς,

1036 1483 1105 1511 ἀλλὰ
1119 1483 1213 1518 φίλους
1225 1483 1287 1518 ἔσχε
1302 1481 1538 1518 παρακαλοῦντας·
1556 1483 1580 1509 εί
1596 1482 1624 1509 δὲ
1636 1482 1686 1508 οὐκ
1702 1482 1766 1518 ἔσχε
1779 1491 1834 1509 πα-

1039 1530 1235 1566 ρακαλοῦντας,
1253 1529 1309 1556 ἀλλ’
1321 1528 1382 1564 οὐχὶ
1397 1528 1445 1555 καὶ
1462 1528 1549 1560 οὓτως
1565 1528 1790 1564 ἐπεμϐαίνοντας·
1805 1529 1833 1555 εἰ

1036 1576 1065 1603 δὲ
1090 1576 1138 1603 καὶ
1157 1575 1384 1611 ἐπεμϐαίνοντας,
1398 1574 1455 1601 ἀλλ’
1468 1574 1530 1609 οὐχὶ
1542 1574 1589 1601 καὶ
1610 1574 1718 1606 οἰκέτας
1735 1574 1835 1601 ὀνειδί-

1038 1621 1143 1655 ζοντας·
1158 1623 1182 1649 ei.
1198 1622 1226 1649 δὲ
1248 1621 1294 1649 καὶ
1311 1621 1499 1653 ὀνειδίζοντας,
1520 1619 1578 1647 ἀλλ’
1596 1620 1657 1655 οὐχὶ
1672 1621 1718 1647 καὶ
1734 1621 1774 1652 εἰς
1799 1621 1835 1647 τὸ

1037 1669 1183 1704 πρόσωπον
1200 1667 1282 1695 αὐτοῦ
1298 1666 1479 1702 ἐμπτύοντας·
1499 1667 1523 1693 εἰ
1539 1666 1568 1692 δὲ
1584 1666 1631 1693 καὶ
1646 1667 1686 1698 είς
1699 1666 1730 1693 τὸ
1743 1667 1834 1702 πρόσ-

1035 1722 1109 1740 ωπον
1119 1712 1298 1748 ὲμπτύοντας,
1316 1712 1372 1738 ἀλλ’
1390 1711 1450 1747 οὐχὶ
1466 1711 1514 1738 καὶ
1530 1711 1600 1746 νόσῳ
1615 1711 1726 1747 τοιαύτῃ
1739 1720 1835 1747 περιε-

1036 1760 1119 1796 πάρει
1134 1759 1201 1794 (23),
1212 1758 1279 1785 ἀλλὰ
1292 1757 1429 1793 δωματίου
1442 1756 1489 1783 καὶ
1498 1756 1603 1792 σκέπης
1613 1757 1766 1792 ἁπήλαυσε,
1784 1758 1833 1784 καὶ

1035 1806 1087 1832 οὐκ
1111 1805 1157 1831 ὲπὶ
1179 1804 1229 1839 τῆς
1249 1803 1366 1839 κοπρίας
1396 1801 1524 1837 ἐκάθητω
1548 1803 1572 1829 ει
1592 1802 1620 1829 δὲ
1643 1802 1690 1829 καὶ
1715 1803 1762 1829 ἐπὶ
1781 1803 1832 1838 τῆς

195 1854 312 1890 κοπρίας
328 1854 457 1891 ἐκάθητο,
485 1856 542 1882 ἀλλ’
559 1855 622 1892 ἔσχε
635 1856 698 1887 τοὺς
722 1857 802 1891 χεῖρα
820 1856 975 1891 ὀρέγοντας·
1000 1855 1025 1881 εἱ
1046 1853 1074 1880 δὲ
1108 1852 1146 1888 μὴ
1170 1852 1233 1887 ἔσχε
1252 1851 1315 1882 τοὺς
1343 1851 1423 1886 χεῖρα
1456 1849 1611 1885 ὀρέγοντας,
1631 1847 1687 1877 ἀλλ’
1706 1849 1766 1885 οὐχὶ
1784 1849 1831 1876 καὶ

197 1900 424 1937 ἐπεμϐαίνοντας.
438 1899 521 1934 Οὗτος
532 1902 554 1928 δ’
571 1902 680 1929 ἅπαντα
688 1902 774 1929 ταῦτα
789 1902 954 1938 ὑπήνεγκεν.

200 1949 233 1976 ν.
248 1951 292 1977 Η.
307 1949 474 1985 Aduenerant
485 1951 594 1985 quisque
609 1958 641 1977 ea:
653 1951 760 1984 propria
777 1951 880 1984 regione
903 1950 937 1977 ad
953 1949 986 1976 il—

233 1985 299 2017 lum,
320 1984 434 2019 Elipltaz
446 1984 649 2012 Tltiumuuarum
663 1993 718 2016 rex.
734 1984 837 2011 Baldad
850 1985 985 2012 δοκι-ηεσ-

235 2028 294 2046 rum
310 2025 449 2055 tyrannus,
465 2020 571 2054 Sophar
588 2020 614 2047 Μ
619 2021 746 2046 intumum
759 2027 814 2047 rex.

238 2098 328 2126 Amica
354 2098 496 2134 przesentia
523 2103 579 2131 tua,
600 2098 687 2125 amica
704 2102 731 2125 et
755 2097 916 2125 admonitio.
932 2098 988 2125 Eli-

200 2145 271 2180 pltttz
284 2149 337 2178 est,
352 2145 422 2171 Deus
438 2152 478 2172 me
495 2144 689 2175 dissentiunt)“,
703 2148 760 2176 aut,
774 2144 821 2170 Dei
833 2144 882 2170 utei
896 2149 989 2170 contu-

200 2191 289 2219 melia.
310 2192 452 2222 'l‘ba‘mau,
481 2191 599 2225 defectus
623 2198 724 2217 eamut.
753 2189 988 2225 Sopltar,scopus,

202 2237 256 2270 vel,
283 2237 453 2264 contumelia.
478 2236 589 2268 Baldad,
612 2236 776 2270 inveteratio,
799 2241 828 2263 et
847 2235 988 2270 gloriosus.

202 2283 406 2314 ‘c‘aucbaroruiu,
421 2282 566 2316 garrulitas
579 2290 681 2309 eorum.

205 2338 236 2365 V.
252 2339 295 2366 ll.
314 2339 455 2366 Audientes
466 2344 555 2366 autem
568 2345 622 2366 (res
637 2340 716 2366 amici
731 2339 789 2374 ejus
803 2338 874 2366 mala
898 2339 988 2365 omnia

237 2382 298 2409 qua:
314 2380 516 2406 supervenerant
537 2376 575 2408 ei,
589 2374 733 2409 adfuerunt
750 2375 858 2410 quisque
880 2382 912 2401 ea:
928 2382 989 2403 uro-

237 2410 296 2444 pria
308 2409 413 2443 regione
425 2411 459 2437 ad
477 2410 565 2437 illum.

239 2479 268 2506 Si
282 2479 344 2513 quis
363 2482 467 2513 quaerat
482 2485 533 2506 cur
552 2482 612 2512 post
629 2482 735 2505 tantum
764 2477 893 2513 temporis
909 2476 991 2504 amici

206 2526 379 2559 advenerim,
403 2525 503 2560 cogitet
531 2525 647 2560 primqu
661 2525 770 2558 quidem
796 2532 843 2552 eos
866 2525 992 2552 diversius

207 2573 354 2601 iucolttisse
373 2573 506 2608 regiones,
518 2581 551 2601 ac
565 2577 625 2607 post
639 2572 784 2607 plurimum
795 2576 901 2607 tempus
915 2570 992 2598 multi

1039 1946 1114 1982 Στίχ.
1130 1944 1176 1973 ια’.
1195 1942 1544 1982 Παρεγένοντο-ξκατζζος
1551 1942 1586 1982 ἐκ
1606 1940 1660 1975 τῆς
1678 1940 1765 1982 ίρίαςη
1774 1941 1830 1975 χώ-

1071 1977 1129 2016 ῥὰς
1151 1980 1227 2015 πρὸς
1239 1977 1351 2016 ιζύζὸγ,
1380 1977 1508 2016 :E'Jtp‘df
1527 1979 1544 2004 ό
1567 1977 1722 2016 ﬂagitarier
1731 1977 1830 2016 48:10:1-

1074 2011 1308 2049 agamagam»
1334 2015 1351 2040 ὸ
1375 2011 1516 2048 Σαυχέων
1539 2012 1703 2046 τύραννος,
1727 2011 1831 2045 Σωρὰρ

1075 2051 1208 2079 Μινυέων
1221 2049 1382 2082 βασιλεύς.

1078 2097 1133 2133 (24)
1149 2096 1244 2131 Φιλικὴ
1260 2094 1309 2131 μὲν
1325 2095 1341 2130 ἡ
1358 2093 1493 2130 παρουσία
1509 2091 1662 2128 σου,φιλικὴ
1677 2092 1705 2119 δὲ
1722 2093 1738 2128 ἡ
1756 2101 1826 2128 παρ-

1040 2143 1152 2174 αίνεσις.
1180 2140 1306 2174 Ἐλιφάζ·
1335 2139 1406 2172 Θεύς
1428 2147 1467 2173 με
1493 2137 1673 2172 διέσπειρεν.
1697 2137 1734 2172 ἢ,
1757 2137 1829 2164 Θεοῦ

1039 2197 1098 2224 μου
1111 2186 1291 2222 φαυλισμός.
1312 2184 1431 2220 Θαιμὰν,
1442 2185 1579 2217 ἔκλειψις
1601 2181 1708 2210 αὐτῶν.
1720 2181 1826 2218 Σωφὰρ,

1042 2233 1168 2266 σκοπὸς,
1194 2232 1211 2267 ἢ
1237 2230 1418 2267 φαυλισμός.
1439 2229 1555 2262 Βαλδὰδ,
1575 2229 1759 2260 παλαίωσις,
1786 2228 1830 2255 καὶ

1043 2279 1192 2312 ἐπίδοξος.
1210 2275 1532 2312 Σαυχαίων,άὸολεσχία
1546 2273 1654 2302 αὐτῶν.

1041 2325 1184 2362 (25)-Στίχ.
1197 2323 1241 2362 ια’.
1260 2323 1459 2362 ’ᾼκούσωςτες
1470 2319 1630 2362 δὲρζτρεῖς
1645 2319 1727 2362 pstulat
1741 2317 1829 2362 αύτοῦ

1076 2355 1112 2387 τὰ
1145 2355 1222 2386 eam
1250 2357 1360 2389 πάντα,
1381 2357 1418 2384 τὰ
1437 2356 1604 2384 ἐπελθόντα
1627 2355 1717 2386 αὐτῷ,
1745 2361 1830 2389 παρε-

1077 2394 1200 2456 τέξνίέζντο
1231 2388 1361 2426 ἕκαστος
1385 2392 1420 2419 ἐκ
1446 2391 1502 2426 τῆς
1534 2390 1612 2423 ἰδίας
1639 2388 1737 2424 χώρας
1759 2388 1829 2422 πρὸς

1077 2439 1134 2456 αυτ
1152 2438 1180 2456 νυ

1077 2438 1180 2458 αυτον.

1083 2475 1145 2502 Ἐάν
1162 2484 1202 2507 τις
1219 2473 1297 2511 ζητῇ,
1310 2473 1354 2501 διὰ
1373 2473 1399 2500 τί
1417 2471 1487 2508 μετὰ
1504 2471 1631 2498 τοσοῦτον
1647 2470 1743 2506 χρόνον
1756 2469 1780 2496 οἱ
1793 2469 1828 2504 φί-

1041 2522 1082 2549 λοι
1101 2521 1337 2557 παραγεγόνασιν,
1361 2518 1487 2546 ὲννοείτω
1511 2516 1619 2552 πρῶτον
1636 2515 1696 2551 μὲν,
1716 2516 1758 2542 ὅτι
1775 2514 1827 2541 δια-

1043 2568 1144 2604 φόρους
1164 2566 1252 2602 ᾣκουν
1278 2565 1384 2601 χώρας,
1417 2564 1464 2590 καὶ
1497 2562 1567 2598 μετὰ
1589 2562 1714 2589 πλεῖστον
1739 2560 1827 2596 χρόνον

206 2619 325 2646 fortasse
353 2606 527 2646 audiverunt.
555 2606 735 2646 lufortunium
748 2617 819 2644 ultra
837 2606 980 2652 opinioucn

1055 2613 1137 2641 τολλοὶ
1152 2613 1201 2648 μὲν
1213 2613 1331 2649 ἥκουσαν
1344 2611 1424 2643 ῑσως,
1454 2609 1486 2636 τὸ
1500 2610 1528 2636 δὲ
1540 2607 1690 2644 παράδοξον
1701 2606 1751 2641 τῆς
1765 2614 1827 2652 ceu:

207 2671 239 2692 ac
250 2664 331 2692 fidem
349 2671 410 2692 esse
423 2664 575 2698 videbatur,
593 2665 615 2694 si
626 2664 708 2694 etiam
723 2663 750 2692 iu
761 2650 933 2698 sterquilinio
944 2660 980 2690 .Ιοῖ

1055 2660 1133 2696 popa;
1147 2659 1195 2686 καὶ⁵
1210 2658 1323 2685 ἄπιστον
1344 2657 1443 2689 ἐδόκει,
1460 2656 1485 2682 ει
1497 2654 1543 2682 καὶ
1555 2654 1601 2681 ἐπὶ
1612 2652 1728 2689 κοπρίας
1741 2653 1754 2679 ό
1776 2650 1828 2677 Ίὼϐ

245 2755 303 2789 (211
320 2754 572 2790 ριιττιδεςνειιιειιιιιί.

245 2789 304 2823 (⁸12)
319 2789 399 2816 Forte
415 2789 481 2816 τῶν.

247 2825 304 2860 (25)
320 2825 488 2861 Περιεπάρη.

1087 2748 1196 2787 ιὲἑηὲκ
1210 2746 1344 2787 σού-ἕβδ-
1406 2779 1432 2787 ..
1524 2777 1606 2787 ..
1739 2775 1746 2786 ,

1160 2774 1199 2812 lix
1212 2783 1272 2812 cod.
1288 2782 1371 2823 Mn,
1388 2779 1433 2808 ubi
1460 2777 1606 2808 ascribitur
1627 2776 1714 2812 Ὠριγ.
1739 2774 1828 2810 Ὀλυμ-

1053 2827 1083 2846 ττι
1115 2838 1122 2846 σ
