1918 3069
97 99 131 127 65

728 103 994 132 ENARRATIONES
1012 105 1045 132 IN
1062 105 1133 133 JOB.

1695 110 1730 134 6b

100 158 146 184 καὶ
169 158 388 196 ἀιιεπικούρητος
417 154 554 198 κάοηταιβ
573 163 628 190 Καὶ
661 165 822 199 περιέμενον
852 164 895 191 διὰ

948 164 1065 197 sederet,
1092 169 1119 191 et
1134 164 1319 192 inauxiliatns.
1344 163 1437 199 Itaque
1455 169 1682 199 exspectaverunt
1701 172 1731 194 ut

100 202 229 230 πλειόνων
245 204 442 232 πιστώσασθαι
459 206 507 242 τὴν
530 207 624 242 ἀκοὴν,
649 208 666 244 ἢ
695 209 742 234 καὶ
758 209 897 244 ἐκπέμψαι

101 249 151 276 καὶ
162 249 235 281 ἰδεῖν,
246 250 271 275 εί
283 250 332 276 καὶ
345 250 437 287 ἀληθῆ
449 251 484 278 τὰ
499 251 642 288 λεγόμενα.
669 253 713 280 Ἐν
733 253 837 286 τούτοις
851 252 898 281 οὖν

102 294 117 321 ὁ
136 294 232 329 196w;
248 295 381 330 ἐτρίϐετο.
406 297 479 333 Πρὸς
500 297 532 333 δὴ
554 298 667 330 τούτοις,
692 299 738 325 ὂτε
752 300 783 326 τὺ
798 299 898 335 ἀληθὲς

103 341 239 374 ἔγνωσαν,
264 341 385 376 βασιλεῖς
409 343 485 375 ὄντες
515 344 562 371 καὶ
588 344 716 380 ἐκδημεῖν
745 345 895 381 μέλλοντες,

103 383 228 418 ἀνάγκην
249 382 322 420 εἶχον
341 386 476 422 πρότερον
497 386 526 414 εὖ
550 388 682 416 διαθεῖναι
699 390 734 417 τὰ
754 391 825 418 κατὰ
851 391 897 418 τὸν

101 427 194 460 οἶκον,
220 430 269 456 καὶ
298 431 445 466 ἐπιστῆσαι
471 434 527 465 τοῖς
559 434 721 470 ἀρχομένοις
752 436 814 468 τοὺς
838 436 896 464 ἀνθ’

101 475 219 502 ἑαυτῶν.
243 476 338 502 Ταῦτα
359 478 450 505 πάντα
472 479 570 511 αὐτοὺς
589 481 748 516 ἀπησχόλει,
769 483 816 509 καὶ
837 483 897 510 ἐνε-

102 520 246 555 ϐράδυνον.
258 521 313 548 Καὶ
327 523 351 548 εί
366 523 403 558 μὴ
421 523 523 559 σφόδρα
534 532 566 559 γε
581 525 718 562 ἀγαπητοί
733 536 807 559 τινες
825 526 896 564 ἦσαν

101 565 150 592 καὶ
165 565 277 597 δίκαιοι,
293 567 343 594 οὐκ
356 567 400 599 ἂν,
416 568 464 600 τὰς
479 570 582 602 οἰκείας
600 571 790 604 καταλιπόντες
806 573 897 609 χώρας

101 610 150 636 καὶ
164 610 316 644 βασιλείας,
334 612 495 647 ἀφικνοῦντο
511 615 580 650 πρὸς
595 617 645 652 τὴν
660 617 811 654 ἐπίσκεψιν,
829 619 897 647 ἀλλὰ

102 655 134 682 δι’
155 656 260 692 ἐτέρων
282 658 332 693 τὴν
354 659 448 693 χρείαν
466 660 612 696 ἐπλήρουν.
637 663 715 690 Ἐστι
733 664 762 691 δέ
781 665 893 697 ἐννοεῖν,

101 701 139 732 ὡς
152 702 201 728 καὶ
213 703 354 738 οἰκονομία
366 713 407 736 τις
423 702 457 740 ἦν
470 705 528 733 θεία
544 707 594 742 τῆς
605 708 724 743 ἀφίξεως
735 711 751 746 ή
763 711 894 747 ἀναϐολή.

108 747 218 783 Ἐπειδὴ
231 749 287 784 γὰρ
297 749 365 784 ὁμοῦ
380 751 414 786 τῇ
428 750 481 779 τῶν
498 752 582 786 φίλων
597 753 712 788 διαλέξει
732 756 778 783 καί
793 757 823 784 τὺ
841 759 896 785 πᾶν

101 791 149 818 τοῦ
163 793 273 826 ἀγῶνος
287 793 379 829 ἐλύθη,
391 795 438 822 τοῦ
454 796 521 823 Θεοῦ
535 800 764 834 χρηματίσαντος,
780 802 827 829 καὶ
848 803 895 830 τὸν

100 837 206 864 δίκαιον
226 839 450 876 ἀνακτησαμένου
478 843 525 870 καὶ
545 845 774 880 στεφανώσαντος,
797 849 897 876 οἰκονο-

103 883 153 918 μία
171 893 215 915 τις
244 885 342 919 γέγονε
367 886 437 919 θεία,
460 888 625 924 ἐμϐραδῦναι
641 892 705 923 τοὺς
728 892 830 926 φίλους,
853 894 897 922 ἵνα

102 930 250 965 παραταθῇ
269 930 303 957 τὰ
330 931 375 957 τοῦ
397 933 565 968 νοσήματος,
591 936 637 962 καὶ
657 936 788 971 μειζόνως
811 939 895 975 ἀθλή-

106 983 154 1007 σας
180 977 195 1002 ὁ
219 976 336 1010 δίκαιος,
373 977 538 1016 δικαιότερον
576 982 716 1019 ἀναρρηθῇ
746 985 821 1021 παρά
848 985 895 1013 τοῦ

104 1020 180 1047 θεοῦ.

105 1066 158 1101 (9.6)
170 1068 246 1110 Σξιίχ.
262 1071 306 1095 ια’.
317 1070 375 1110 ~Kal
388 1071 584 1110 nuperéjtforro
600 1073 778 1110 196(01)de
790 1076 896 1110 ὁμοθυ-

135 1103 253 1146 μᾳδιξν,
278 1103 332 1131 τοῦ
361 1103 568 1139 παρακαλέσαι
594 1103 643 1134 κάι
662 1103 896 1144 ’ἐπισκέψασθαι

139 1146 245 1164 αυτον.

144 1183 174 1209 '0
197 1184 347 1220 Σύμμαχος
364 1186 451 1219 οὕτως
471 1187 585 1220 ἐξέδωκε
596 1197 604 1205 ι
622 1190 828 1223 Συνετάξαηο
841 1191 896 1227 γὰρ

107 1231 180 1266 ἐμοῦ
197 1232 340 1266 ἐλθόντες
361 1235 557 1269 συμπαθῆσιιι
579 1236 670 1269 αὐτῷ,
690 1238 739 1264 καὶ
762 1246 896 1274 παραμυ-

81 1275 85 1278 “
107 1275 259 1309 δήσασθαι
274 1279 378 1306 αὐτόν.
396 1280 466 1315 Ὅρα
481 1281 528 1308 καὶ
541 1280 676 1313 ἐντεῦθεν,
692 1281 730 1314 ὡς
744 1283 791 1309 καὶ⁴
803 1283 897 1318 ἕτερος

105 1323 228 1359 παρῆλθε
242 1324 349 1359 χρόνος,
370 1325 422 1357 ἕως
438 1326 492 1356 ὅτε,
508 1326 576 1361 πρὸς
597 1326 726 1362 ἀλλήλους
743 1327 897 1363 διαπεμψά-

109 1378 195 1404 μενοι,
208 1370 260 1405 τὴν
276 1370 323 1397 ἐπὶ
340 1371 370 1397 τδ
384 1371 449 1398 αὐτὸ
473 1371 579 1399 σύνοδόν
594 1381 625 1400 τε
639 1373 686 1400 καὶ
700 1373 789 1408 ἄφιξιν
805 1375 898 1412 ἐποιή-

108 1423 189 1441 σαντο
194 1437 199 1442 .

106 1460 161 1495 (27)
187 1461 262 1497 Στίχ.
287 1462 330 1489 ιϐ’.
352 1463 407 1489 Kal
439 1463 678 1503 καταπασιξμενοι
697 1465 755 1500 γῆν
778 1466 826 1493 ἐπὶ
843 1466 897 1500 τὰς

369 1500 500 1532 κεφαλὰς
521 1500 630 1526 αὐτῶν.

106 1541 179 1577 Στίχ.
206 1546 252 1577 ιγ’.
278 1543 682 1612 Παμκάὲἔτοὲιέινῶἵῐιέςέπτὰ
702 1545 824 1580 ἡμέρας,
845 1546 896 1573 καί

141 1622 200 1648 Οὐκ
221 1620 283 1649 εἷπε
311 1623 340 1649 δὲ
367 1624 384 1659 ή
409 1624 514 1660 Γραφὴ,
542 1625 584 1651 ὅτι
608 1624 799 1661 παρεκάθηντο
826 1625 897 1653 ἑπτὰ

106 1667 212 1702 ἡμέρας
229 1669 349 1704 πρωῖθεν
367 1669 418 1701 ἕως
434 1670 561 1706 ἑσπέρας,
575 1669 635 1696 οὐδὲ
651 1671 720 1697 ἐπτὰ
735 1670 834 1702 νύκτας
849 1671 895 1707 ἀφ’

106 1712 226 1748 ἐπάρας
245 1714 325 1750 μέχρι
339 1715 423 1750 πρωϊ.
445 1715 529 1750 Δῆλον
546 1713 603 1748 οὖν,
623 1716 674 1748 ὅτι,
694 1717 724 1743 τὺ
739 1716 828 1744 πλεῖον
845 1718 896 1753 τῆς

107 1759 213 1794 ἡμέρας
228 1759 491 1796 παρακαθεζόμενοι,
507 1761 665 1798 ὑπεχώρουν
682 1761 731 1793 τὰς
743 1762 895 1796 ἀναγκαίας

106 1803 331 1838 ὲκπληρώσοντες
350 1805 461 1840 χρείας·
481 1806 526 1832 καὶ
541 1805 621 1832 πάλιν
637 1807 829 1842 ἐπανήκοντες,
848 1807 896 1842 μέ-

106 1856 151 1883 χρι
176 1848 275 1876 πολλοῦ
296 1850 346 1885 τῆς
375 1850 470 1882 νυκτὸς
496 1851 722 1886 παρεκαθέζοντο,
746 1853 792 1879 καὶ
818 1851 896 1885 αὖθις

106 1894 242 1927 ἀπιόντες,
266 1896 347 1923 πάλιν
365 1896 498 1932 ὦρθριζον
522 1897 590 1932 πρὸς
617 1898 708 1925 αὐτόν.
734 1899 766 1925 ‘0
787 1898 820 1934 δὴ
841 1899 894 1926 τῶν

106 1942 300 1975 γνησιωτάτων
317 1942 364 1968 καὶ
382 1942 612 1977 συμπαθεστάτων
627 1943 711 1977 φίλων
726 1943 800 1970 ῑδιον.
815 1944 854 1980 Τῇ
866 1944 895 1971 δέ

104 1988 182 2022 κοινῇ
198 1987 327 2023 συνηθείᾳ
341 1989 468 2024 χρωμένη
484 1989 500 2024 ἡ
519 1988 624 2024 Γραφὴ,
647 1988 734 2021 οὕτως
753 1989 895 2021 ἁπολύτως

107 2029 178 2058 εἶπε·
197 2033 410 2067 Παρεκάθισαν
429 2034 508 2067 αὐτῷ
525 2034 600 2061 ἑπτὰ
622 2034 735 2069 ἡμέρας
755 2035 804 2061 καὶ
820 2035 895 2062 ἑπτὰ

105 2079 228 2111 νύκτας.
247 2079 325 2105 Ἐπεὶ
338 2079 385 2106 καὶ
397 2080 440 2106 ὅτε
450 2080 523 2114 λέγει
535 2080 581 2107 τὸν
600 2080 696 2107 Ἰακὼὸ
709 2081 894 2117 δεκατέσσαρα

105 2123 154 2159 ἐτη
186 2123 346 2156 δουλεῦσαι,
372 2125 419 2152 καὶ
445 2126 620 2160 συγκαίεσθαι
648 2126 688 2162 τῷ
712 2126 822 2153 καύσονι
845 2128 895 2163 τῆς

103 2169 211 2204 ἡμερας
223 2169 270 2196 καὶ
288 2169 328 2204 τῷ
340 2170 449 2204 παγετῷ
474 2171 523 2206 τῆς
544 2171 651 2202 νυκτὸς,
677 2168 732 2206 ἄρα
756 2170 809 2197 ὑπὸ
835 2171 894 2197 στέ-
910 2183 932 2211 D

103 2223 156 2251 γην
179 2215 232 2242 what
257 2215 344 2251 εἰσῄει
372 2215 453 2249 aro-re;
479 2214 534 2252 ἄρα
560 2216 689 2252 οὐδεμιᾶς
714 2216 893 2248 ἀναπαύσεως

105 2261 198 2296 ἔτυχεν
212 2261 266 2297 ὅλῳ
279 2261 318 2297 τῷ
332 2261 437 2297 χρόνῳ;
453 2262 545 2289 Ταῦτα
564 2263 613 2298 μὲν
638 2260 684 2289 οὖν
707 2263 753 2289 καὶ
769 2262 894 2289 λεπτολο-

104 2308 161 2340 γεῖν
179 2306 312 2342 φλύαρον.
339 2306 382 2338 Ὡς
398 2307 452 2342 γὰρ
463 2307 541 2343 ἔφην,
562 2308 578 2343 ἡ
595 2307 690 2344 Γραφὴ
711 2309 786 2344 κοινῇ
811 2317 893 2344 συνη-

105 2352 162 2388 θείᾳ
182 2352 295 2388 χρῆται.
330 2353 437 2387 Ἐπειδὴ
461 2353 489 2379 δέ
513 2362 601 2386 τινες⁷
623 2353 816 2389 κωμῳδοῦντες
842 2354 893 2389 τὴν

105 2397 226 2433 Γρέιφὴν,
241 2398 290 2424 καὶ
300 2397 424 2424 ἐντεῦθεν
437 2398 521 2434 αὐτὴν
536 2398 573 2430 ὡς
590 2398 676 2433 ψευδῆ
700 2398 874 2433 διασύρουσιν
885 2406 892 2412 ·

109 2443 232 2479 Ὠς(27⁹)
250 2443 306 2479 γὰρ
320 2443 364 2475 ἂν,
383 2443 474 2477 φασὶν,
486 2444 572 2470 ἄσιτοι
584 2443 717 2470 διετέλουν
731 2443 778 2470 καὶ
798 2443 894 2470 ἄϋπνοι

105 2490 148 2516 ἐπὶ
157 2489 305 2521 τοσαύταις
324 2489 457 2525 ἡμέραις;
475 2488 686 2524 ἠναγκάσθημεν
698 2488 787 2516 αὐτῶν
814 2497 893 2515 συνα-

105 2535 242 2570 παχθῆναι
257 2536 290 2570 τῇ
304 2535 411 2570 ἀκαίρῳ
429 2535 603 2570 στενοχωρίᾳ.

435 2626 514 2653 ΚΕΦ.
531 2626 556 2652 Γ’
563 2646 570 2654 ,

143 2672 196 2709 128)
211 2673 281 2700 Ἀλλ’
296 2674 325 2701 ἐν
334 2673 439 2705 τούτοις
448 2673 496 2708 μὲν
507 2672 537 2699 τὸ
552 2671 675 2708 δεύτερον
685 2671 797 2707 ἧνυσται
809 2670 894 2706 κεφά-

108 2726 188 2746 λαιον·
201 2720 248 2747 τοῦ
261 2720 354 2758 τρίτου
369 2719 399 2746 δὲ
422 2717 592 2755 προοεωρίαν
609 2717 777 2753 ποιούμενοι,
792 2716 892 2752 φαμὲν,

139 2790 195 2824 (9.6)
209 2790 275 2816 Ibid.
290 2789 388 2816 eodem
407 2787 448 2824 tit.
460 2787 594 2824 ascripto.

140 2822 193 2854 i2?)
207 2824 273 2852 Ibid.
292 2824 390 2852 eodem
406 2822 495 2850 titulo.

909 1515 931 1545 C

948 209 1068 244 pluribus
1082 210 1289 237 conﬁrmaretur
1317 210 1403 242 fama;
1419 210 1461 237 vel
1486 212 1567 237 etiam
1584 216 1611 236 ιιι
1634 212 1729 238 tnitte-

937 246 1008 282 Irent
1024 262 1056 282 ac
1074 255 1204 287 viderent,
1216 255 1238 283 si
1254 256 1363 290 quidem
1378 263 1441 284 vera
1461 256 1543 283 relata
1566 261 1668 284 essent.
1687 256 1729 283 ln-

948 305 1020 327 terea
1037 300 1118 336 igitur
1131 305 1238 334 tempus
1253 300 1401 327 terebatnr.
1418 301 1458 328 Ad
1475 301 1547 332 bare,
1564 301 1608 327 ubi
1633 308 1728 328 verunt

947 352 1006 373 esse
1019 345 1202 377 resciverunt;
1218 353 1280 373 cum
1294 354 1372 381 reges
1385 350 1485 378 essent,
1501 354 1532 373 ac
1547 354 1658 382 peregre
1667 355 1716 381 pro

947 389 1055 421 lecturi.
1069 397 1178 418 necesse
1195 390 1349 418 habuerunt
1365 391 1439 425 prius
1460 399 1504 419 res
1519 399 1582 419 snas
1600 393 1729 420 domesti-

946 441 993 462 cas
1011 440 1085 462 recte
1099 435 1252 470 disponere.
1266 443 1298 463 ac
1321 436 1460 472 pra-ﬁcere
1481 437 1596 466 subditis
1612 437 1729 465 vicarius

945 486 1020 507 suos.
1048 479 1112 508 Haec
1135 481 1226 508 omnia
1243 481 1316 515 ipsos
1331 487 1476 517 occupatos
1490 483 1626 515 tenebant,
1643 488 1670 511 et
1685 491 1728 510 rc-

947 525 1130 552 morabantur.
1149 527 1188 554 Ac
1205 527 1256 554 nisi
1274 527 1448 554 vehementer
1461 527 1551 554 dilecti
1571 528 1685 556 fuissent
1701 535 1729 556 et

944 569 1022 605 justi,
1040 579 1093 598 non
1110 572 1203 606 utique
1215 573 1310 600 domos
1322 580 1384 600 suas
1401 573 1593 608 relinquentes.
1607 575 1729 609 regiones

946 623 978 644 ac
1008 625 1101 652 regna,
1118 618 1259 646 venissem
1274 619 1307 645 ad
1323 619 1490 646 invisendntn
1514 620 1598 652 illum,
1613 621 1659 648 sed
1682 629 1730 655 per

946 663 1014 690 alios
1030 663 1081 690 ltoc
1096 663 1211 690 oilicintn
1233 664 1428 701 implevissent,
1445 664 1622 699 Cogitnndnm
1639 670 1727 692 nntcm

946 714 998 742 est,
1015 709 1154 744 cujusdam
1170 711 1252 737 etiam
1282 710 1380 738 divina:
1405 710 1616 745 dispensationis
1633 711 1728 745 fuisse,

947 761 976 782 ut
992 757 1124 783 adventus
1136 763 1229 782 eorum
1244 756 1406 784 differretur.
1425 756 1492 790 Quia
1506 758 1577 784 enitn
1595 765 1645 784 una
1660 765 1720 785 cum

947 800 1097 828 amicorum
1115 801 1297 836 disputatione
1315 801 1396 828 etiam
1423 807 1559 829 ccrtamcn
1574 802 1728 830 nttivcrsum

911 841 932 868 Β
946 845 1110 880 diremptum
1123 850 1174 877 est,
1189 846 1368 880 respondente
1393 846 1463 878 Deo,
1486 853 1511 873 et
1529 847 1630 881 justum
1658 848 1729 875 httnc

948 892 1054 918 t'ovente
1069 895 1098 918 et
1112 896 1277 924 coronante;
1293 892 1382 918 divina
1406 892 1540 927 qntnpintn
1561 894 1728 926 providentia

947 936 1007 969 fuit,
1027 940 1057 963 ut
1074 943 1163 964 moras
1186 938 1329 964 traherent
1352 938 1443 968 amici.
1465 946 1519 972 quo
1545 938 1729 966 intenderetur

947 982 1068 1015 morbus,
1084 983 1217 1016 etjnstus
1243 983 1286 1009 vir
1315 983 1447 1010 illustrius
1469 991 1604 1018 pugnans,
1630 985 1727 1019 potiori

943 1027 1005 1062 jure
1018 1035 1032 1054 a
1051 1027 1106 1054 Deo
1125 1028 1212 1055 victor
1226 1027 1451 1063 proclatnaretur.

946 1074 979 1102 ν.
998 1074 1041 1102 ll.
1063 1075 1098 1102 Et
1118 1081 1240 1102 venerum
1255 1075 1289 1101 ad
1307 1075 1383 1101 illum
1398 1076 1571 1110 concorditer,
1587 1082 1615 1104 ut
1634 1085 1729 1104 cumo-

1129 1110 1246 1137 Iarentur
1256 1115 1280 1137 et
1294 1110 1433 1137 inviseret”
1448 1111 1535 1139 illum.

981 1184 1161 1220 Symmachus
1185 1185 1221 1211 ita
1233 1185 1336 1213 edidit:
1360 1185 1539 1214 Condia'erartt
1553 1188 1633 1221 enim,
1648 1194 1675 1215 ut
1690 1190 1731 1217 si-

946 1231 1002 1258 mul
1021 1233 1152 1258 uenientes
1166 1237 1378 1266 compatcrenlur
1387 1233 1421 1263 ei.
1444 1239 1469 1260 et
1483 1235 1684 1262 consolarentur
1697 1236 1730 1262 ll-

947 1277 1012 1305 lum.
1027 1277 1093 1305 Vide
1109 1284 1137 1306 et
1150 1279 1228 1311 hinc,
1243 1278 1289 1312 qtti
1304 1278 1376 1306 aliud
1393 1281 1473 1308 etiam
1488 1281 1648 1314 praeterierit
1662 1286 1729 1308 ιοιιι-

947 1330 1012 1358 pus;
1028 1324 1114 1351 donec
1128 1325 1161 1351 ad
1179 1332 1208 1351 se
1223 1325 1339 1352 invicem
1357 1326 1507 1360 mittentes,
1517 1334 1678 1355 concursum
1694 1328 1731 1355 si-

947 1370 1001 1397 mul
1014 1374 1041 1397 et
1054 1371 1200 1398 adventum
1219 1371 1352 1400 fecerunt.

984 1459 1016 1487 V.
1036 1460 1078 1487 12.
1096 1459 1129 1487 Ει
1145 1466 1296 1496 spargente:
1308 1466 1405 1487 terram
1420 1469 1499 1495 super
1511 1461 1598 1496 cupita
1613 1470 1661 1488 uta
1674 1481 1682 1488 .

920 1534 932 1545 ⁸
948 1536 980 1564 ν.
998 1538 1042 1566 1⁸5.
1060 1537 1188 1565 Sedertmt
1203 1544 1272 1571 apud
1294 1538 1377 1570 ipsum
1400 1544 1496 1573 septem
1515 1539 1582 1571 dies,
1595 1545 1619 1567 et
1634 1545 1729 1574 septem

1288 1580 1385 1600 nortee.

980 1619 1039 1647 Non
1055 1619 1121 1647 dixit
1136 1626 1200 1647 vero
1212 1619 1366 1653 Scriptura,
1377 1619 1448 1655 quod
1460 1620 1611 1648 assederint.
1625 1626 1729 1656 septem

947 1665 1017 1698 dies,
1031 1673 1045 1692 a
1061 1673 1140 1693 mane
1157 1673 1242 1700 usque
1257 1666 1290 1692 ad
1302 1673 1453 1700 vesperam,
1464 1674 1550 1700 neque
1561 1672 1663 1702 septem
1679 1675 1728 1694 tto-

946 1716 1041 1743 ctes.a
1057 1718 1168 1746 vespera
1190 1711 1223 1737 ad
1253 1718 1341 1738 mane.
1363 1711 1461 1746 Liquet
1475 1719 1550 1747 ergo,
1576 1713 1648 1747 quod
1667 1720 1731 1740 cum

947 1757 1091 1784 maximam
1107 1756 1158 1782 diei
1173 1759 1275 1790 partem
1299 1756 1483 1789 assedissent,
1498 1757 1661 1784 recedebant
1680 1765 1730 1783 ne-

945 1803 1071 1830 cessariis
1085 1802 1177 1829 usibus
1196 1802 1337 1834 explendis
1353 1809 1361 1828 :
1378 1808 1410 1828 ac
1427 1802 1527 1828 iterum
1551 1806 1729 1834 revertentes,

946 1856 1031 1883 usque
1063 1849 1095 1876 ad
1119 1849 1229 1876 multam
1259 1853 1363 1876 noctem
1389 1848 1558 1881 assidebam,
1580 1853 1608 1875 et
1630 1847 1729 1874 iterum

945 1893 1085 1926 abeuntes,
1111 1901 1206 1921 rursus
1229 1902 1307 1921 tuane
1332 1894 1476 1921 veniebant
1494 1893 1526 1920 ad
1550 1901 1624 1921 enm.
1652 1892 1731 1926 Quod

945 1947 1010 1967 sane
1021 1939 1221 1966 vcrissitnornm
1234 1939 1571 1973 aﬂ'ectuosissitnorumque
1581 1937 1731 1966 amicorum

945 1985 1082 2019 proprium
1097 1984 1297 2012 est.Cotmnuni
1314 1989 1403 2011 autem
1437 1984 1632 2010 consuetudine
1651 1987 1731 2010 utens

946 2029 1097 2064 Scriptura,
1121 2030 1155 2057 ita
1175 2030 1299 2058 absolute
1324 2031 1412 2057 locuta
1435 2028 1640 2056 est:Sederunt
1661 2028 1731 2063 apud

946 2077 1030 2111 ipsum
1045 2080 1142 2110 septem
1154 2076 1252 2109 dies,et
1264 2081 1360 2110 septem
1377 2079 1475 2102 noetet.
1494 2074 1627 2107 Quoniam
1648 2074 1729 2100 etiam

944 2120 1052 2155 quando
1068 2120 1146 2153 dicit,
1164 2119 1295 2147 Jacobutn
1311 2119 1517 2155 qnatuordecitn
1532 2126 1617 2146 annos
1630 2118 1731 2145 servis-

946 2174 985 2199 se,
1003 2171 1030 2193 et
1055 2171 1180 2193 exnstmn
1196 2166 1293 2200 {fuisse
1323 2171 1390 2193 :I‘Slu
1413 2165 1477 2197 'diei,
1502 2170 1529 2191 et
1547 2165 1608 2199 gelu
1624 2164 1729 2195 noctis;

947 2213 1066 2247 nunqttid
1082 2217 1181 2239 tectum
1199 2219 1336 2246 nunquam
1356 2211 1484 2238 subibat?
1496 2209 1615 2244 nunquid
1630 2209 1730 2237 nullam

946 2257 1042 2284 habuit
1054 2258 1177 2292 requiem
1193 2261 1249 2284 toto
1266 2256 1310 2283 illo
1326 2256 1466 2290 tempore?
1485 2255 1521 2283 De
1539 2255 1581 2282 itis
1595 2255 1732 2282 subtiliter

946 2307 1122 2337 pertractare,
1148 2301 1320 2337 nugatorium
1344 2306 1426 2329 esset.
1454 2300 1487 2328 Ut
1517 2301 1590 2327 enim
1616 2299 1731 2330 aiebam.

948 2348 1085 2383 Scriptura
1103 2348 1242 2376 communi
1260 2347 1455 2374 consuetudine
1483 2346 1577 2373 tttitur.
1598 2345 1732 2379 Quoniam

947 2402 1012 2421 vero
1024 2395 1134 2429 quidam
1161 2395 1338 2430 suggillantcs
1361 2393 1542 2427 Scripturatn,
1557 2391 1598 2418 vel
1615 2392 1678 2418 hittc
1692 2391 1732 2425 ip-

947 2447 1005 2467 satn
1018 2447 1066 2467 cett
1082 2441 1238 2466 mendacem
1257 2440 1401 2466 traducunt
1414 2446 1421 2464 :
1436 2437 1577 2470 Quomodo
1591 2437 1675 2468 enim,
1688 2436 1733 2462 di—

947 2489 1021 2517 cunt,
1045 2485 1104 2511 sine
1129 2484 1189 2511 cibo
1209 2486 1455 2519 perseveraverunt
1475 2486 1502 2509 et
1522 2482 1659 2509 insomnes
1685 2489 1734 2515 per

949 2534 989 2557 tot
1010 2529 1086 2557 dies?
1101 2529 1187 2556 coacti
1215 2537 1308 2557 sumus
1335 2535 1428 2556 eortttn
1454 2535 1504 2555 nos
1527 2526 1732 2555 accommodare

948 2575 1110 2610 importuna:
1122 2574 1277 2603 subtilitati.

1273 2619 1349 2647 CAP.
1367 2618 1411 2646 Ill.

983 2667 1021 2694 Ac
1035 2666 1061 2694 in
1079 2666 1121 2694 his
1136 2665 1244 2701 quidem
1261 2666 1410 2693 secundum
1425 2669 1506 2701 caput
1520 2663 1670 2691 absolutum
1679 2668 1730 2690 est.

947 2713 1033 2741 Tertii
1053 2720 1118 2740 vero
1132 2712 1275 2747 quemdam
1292 2712 1374 2741 veluti
1390 2716 1561 2747 prospectum
1585 2710 1730 2742 iacientes,

979 2780 1141 2816 (27')_Forte
1156 2779 1208 2815 leg.
1222 2780 1294 2812 Πῶς.

982 2814 1036 2852 (28)
1052 2814 1117 2844 Ibid.
1133 2814 1194 2843 eod.
1218 2816 1259 2844 tit.
