1918 3069
184 100 220 127 67

633 98 676 126 SU
681 96 914 125 PPLEMENTUM
934 95 962 122 Al

1014 94 1160 123 DRIGENIS
1180 93 1389 122 EXEGETICA.
1774 89 1807 117 68

183 159 315 192 dicimus,
341 159 412 194 quod
427 158 497 187 dolet
511 157 620 193 quidem
637 165 679 184 νιπ-
701 157 802 191 justus,
815 161 843 184 et
863 157 896 184 de
917 156 962 182 hct

1019 153 1056 184 ὠς
1075 153 1153 187 ἀλγεῖ
1171 153 1221 189 μὲν
1237 153 1252 179 ὁ
1269 153 1382 184 δίκαιος,
1406 151 1454 179 καὶ
1464 151 1515 178 οὐκ
1534 151 1566 179 ἀν
1585 158 1628 182 τις
1642 149 1806 185 ἀρνήσαιτο·

184 214 264 234 nemo
277 206 384 234 inlicias
395 207 446 233 iret
461 214 469 233 :
489 212 543 232 non
559 203 632 231 enim
645 205 844 232 insensatorum
855 207 898 231 est
911 204 968 230 vir-

184 253 299 284 tus,sed
314 260 409 280 eorum
430 252 475 285 qui
493 250 520 277 in
535 250 709 285 passionibus
722 251 755 277 ad
772 258 832 277 eam
849 249 970 277 studiose

183 298 363 325 contendunt.
381 296 460 323 Dolet
474 303 550 329 vero,
567 300 729 330 apparenter
739 295 860 329 quidem,
876 301 891 321 a
906 301 969 321 cor-

184 346 269 380 porali
284 345 361 380 plaga
375 343 532 371 acutissime
543 343 718 375 stimulatus;
737 346 765 369 at
782 339 969 369 intellectuali-

184 396 237 423 ter.
252 391 479 425 tanquamjustus
494 395 519 417 et
535 389 581 417 Dei
594 396 698 420 amans.
715 388 761 423 qui
774 388 885 416 videbat
901 394 968 414 non-

183 438 271 465 nuHos
287 437 486 465 scandalizatos
510 441 622 472 propter
644 436 785 471 passiones
805 441 881 466 suas,
901 437 931 460 ut
944 432 967 460 si

182 483 228 510 Dei
243 482 335 518 gloria:
349 483 376 509 in
394 483 452 518 ipso
465 481 747 515 detralierctur,justo
761 480 819 508 hzec
832 479 968 506 sustinen-

182 533 217 556 te.
235 528 302 556 Cum
317 529 389 556 enim
404 528 470 556 dicit
484 538 490 554 :
511 526 610 562 thuid
633 526 744 561 posuisti
766 534 806 552 me
822 525 966 552 obviantem

180 576 228 602 tibi
242 575 284 602 "'2
302 583 355 603 non
370 575 427 610 ipse
448 575 502 602 Deo
520 573 650 605 obviavit.
662 572 748 600 absit!
765 573 808 600 cui
827 572 899 600 enim
920 578 967 606 po-

181 627 253 649 terat
275 621 404 648 obviare?
426 620 481 648 Sed
504 620 575 655 quod
591 619 679 650 dicit,
697 618 763 645 illud
783 622 844 645 est:
866 616 967 651 thuid

180 673 292 702 propter
307 675 361 699 me.
386 666 508 700 Domine,
531 673 629 693 nomen
647 670 722 692 tuum
745 663 968 699 blasphematur?

180 712 318 739 Turbatur
346 716 434 739 tamen
460 711 638 738 nihilominus
662 715 690 738 et
710 715 817 743 aestuat,
834 717 868 737 ne
895 709 967 736 forte

179 757 291 784 omnino
306 765 322 784 a
347 757 401 784 Deo
418 757 542 784 desertus
558 755 664 784 fuisset.
680 755 752 783 Nihil
775 755 847 783 enim
873 759 966 782 tanto-

180 809 244 836 pere
255 802 394 830 excruciat
405 802 522 829 animam
535 802 580 829 Dei
593 806 779 834 amantem,ut
791 800 923 835 suspicari
936 807 966 827 se

179 855 194 874 a
211 848 264 875 Deo
284 855 343 875 esse
356 848 494 875 deSertam
511 857 518 875 :
534 848 598 882 quin
626 847 756 875 inlinities
780 847 846 874 mori
863 846 963 878 mallet,
981 839 1002 866 Β

178 902 259 928 quam
275 901 336 921 cum
350 893 500 928 angoribus
512 898 538 921 et
553 893 707 928 suspicione
722 892 875 927 huiusmodi
893 892 966 919 inter

177 940 252 967 vivos
278 940 423 966 recenseri.
447 939 538 974 Itaque
550 945 659 975 propter
674 939 861 974 jumentorum
881 940 966 967 amis-

177 985 292 1016 sionem.
303 989 331 1012 et
345 985 460 1012 lilioruin
475 984 626 1012 confertam
640 990 770 1018 mortem,
787 985 882 1019 quales
895 985 965 1013 emi-

177 1032 245 1060 serit
263 1032 356 1067 plenas
375 1031 526 1066 gratiarum
545 1031 662 1059 actionis
686 1039 768 1059 voces
790 1032 964 1059 audivimus:

176 1078 312 1112 quomodo
329 1077 412 1105 etiam
441 1085 554 1105 uxorem
568 1077 713 1108 erudierit,
735 1084 796 1112 quae
823 1077 964 1112 indignum

177 1123 268 1151 nescio
293 1124 365 1158 quod
378 1124 412 1151 de
435 1124 549 1151 Domino
566 1127 741 1157 reputaverat
759 1132 766 1150 :
784 1123 875 1157 qualia
899 1123 964 1151 item

175 1172 238 1201 post
253 1169 431 1196 tentationem
444 1173 471 1195 et
484 1167 699 1196 exinanitionem
711 1167 893 1203 acerbamque
906 1175 965 1203 pas-

175 1215 280 1242 sionem
301 1215 530 1248 pronuntiaverit,
548 1220 577 1242 et
600 1222 654 1250 quo
675 1219 753 1249 pacto
778 1214 854 1242 illum
873 1214 964 1243 nullus

176 1261 357 1289 humanorum
373 1266 518 1288 eventuum
539 1260 748 1296 perturbaverit.
770 1260 884 1294 Quando
898 1268 964 1288 vero

175 1307 255 1334 amici
271 1307 450 1339 advenerunt,
466 1306 590 1334 homines
610 1306 676 1340 justi
699 1311 727 1334 et
743 1305 894 1339 aﬂ'ectuosi.
913 1313 964 1340 op-

176 1358 321 1388 portunum
337 1353 486 1380 arbitratus
498 1357 551 1385 est,
568 1353 663 1380 videns
675 1360 769 1379 eorum
788 1351 962 1379 tolerantiam

174 1405 203 1427 et
230 1400 404 1428 dilectionem
421 1406 486 1434 erga
510 1406 553 1431 se,
572 1406 704 1426 enarrare
728 1402 811 1432 atque
826 1405 963 1433 exponere

174 1445 256 1473 animi
269 1446 309 1473 sui
325 1445 444 1476 dolores.
463 1445 578 1479 illosque
593 1444 726 1472 historice
740 1443 843 1471 referre
856 1443 963 1478 putavit

173 1499 234 1519 esse
247 1492 307 1519 sine
319 1491 448 1526 periculo.
463 1491 579 1519 Unicum
594 1498 711 1524 namque
725 1495 784 1517 erat
796 1490 894 1517 diaboli
906 1495 963 1517 stu-

174 1537 259 1569 dium,
273 1537 379 1564 eﬂicere
394 1541 423 1564 ut
436 1536 526 1571 justus
541 1536 592 1563 iste
605 1535 689 1562 Deum
704 1535 915 1570 blasphemaret.
928 1535 963 1562 At

172 1590 238 1610 vero
250 1582 403 1609 nullatenus
420 1585 532 1616 apparet
550 1587 612 1607 eum
631 1580 703 1607 istud
718 1580 825 1612 fecisse,
839 1581 903 1615 quin
916 1587 963 1615 po-

173 1628 227 1655 tius
241 1628 412 1655 benedixisse
425 1632 451 1654 et
468 1627 618 1662 gratiarum
634 1627 752 1654 actionis
767 1631 851 1654 testes
869 1631 963 1660 protu-

173 1673 237 1701 lisse
259 1681 351 1701 voces.
369 1673 508 1700 Maledicit
532 1677 622 1699 autem
652 1672 724 1699 diem
749 1672 909 1703 nativitatis,
935 1677 963 1700 et

173 1723 290 1746 mortetu
313 1719 469 1750 desiderat,
493 1722 604 1752 propter
624 1717 749 1751 superius
765 1718 862 1745 allatas
879 1718 963 1745 ratio-

172 1773 231 1794 nes.
243 1765 277 1792 At
292 1766 372 1792 rebus
394 1765 428 1791 ad
445 1769 564 1791 mentem
581 1763 685 1794 relatis.
707 1764 837 1799 mysteria
856 1763 960 1799 eloqui-

172 1817 237 1839 tur:
253 1816 281 1838 et
306 1811 339 1839 de
364 1811 397 1838 iis
414 1811 525 1845 quidem
546 1818 608 1844 quae
628 1810 683 1845 jam
707 1815 788 1837 antea
801 1815 959 1844 evenerant,

171 1858 395 1892 philosophatur;
421 1858 455 1884 de
481 1856 582 1883 futuris
611 1863 675 1883 vero
703 1856 837 1884 certiores
860 1856 958 1884 reddit.

172 1903 330 1938 llujusmodi
353 1903 425 1930 enim
442 1911 549 1937 setuper
561 1907 626 1930 sunt
640 1907 797 1930 sanctorum
812 1903 960 1938 propheta-

171 1957 231 1976 rum
250 1949 332 1976 dicta.
350 1949 390 1975 Ad
403 1949 460 1983 ipsa
481 1948 564 1983 igitur
583 1949 665 1976 verba
682 1949 856 1979 accedentes,
871 1949 961 1975 decla-

172 2003 263 2022 remus
280 2002 390 2023 sensum
412 2002 519 2026 eorum,
532 2001 565 2021 eo
588 1995 621 2021 ad
643 1994 893 2028 interpretationem
911 2003 960 2022 nos

171 2041 334 2074 deducente,
358 2041 404 2075 qui
431 2045 556 2067 sanctum
581 2039 663 2067 etiam
687 2038 738 2066 .lob
754 2039 789 2066 ad
809 2040 960 2068 certamina

170 2086 320 2115 roboravit.

290 2133 322 2160 ν.
342 2133 366 2160 Ι.
385 2132 449 2159 Pou
466 2133 514 2159 hoc
529 2131 633 2166 aperuit
648 2131 699 2159 Job
713 2140 741 2159 ot
754 2140 842 2158 suum.

205 2178 273 2213 Quia
285 2179 375 2214 justus
389 2187 420 2205 os
435 2178 534 2214 aperit,
557 2185 610 2205 non
630 2178 864 2205 inconsideranter
877 2185 958 2212 opor-
973 2185 996 2213 ι)

170 2229 209 2252 tet
224 2225 344 2251 animum
362 2224 394 2251 iis
409 2231 469 2258 quae
483 2225 612 2251 dicuntur
625 2224 780 2256 advertere,
796 2224 843 2250 sed
866 2223 957 2256 requi-

170 2277 231 2297 rere
243 2269 312 2304 quod
339 2277 372 2297 ex
398 2270 489 2297 verbis
510 2270 601 2304 prodit
625 2270 849 2297 emolumentum.
872 2269 955 2296 Plena

168 2316 241 2342 enim
258 2322 367 2349 semper
385 2320 448 2342 sunt
478 2315 605 2342 utilitatis
624 2314 778 2348 huiusmodi
799 2319 955 2341 sanctorum

169 2362 241 2389 dicta
255 2371 262 2388 :
276 2367 304 2389 et
315 2363 443 2396 aperiens
455 2361 544 2397 justus
559 2370 600 2394 os.
610 2362 731 2389 occultos
744 2361 882 2396 depromit
897 2361 956 2388 tlte-

168 2416 274 2436 sauros.
291 2409 383 2443 Itaque
400 2414 427 2435 et
443 2416 491 2435 vas
510 2409 651 2436 electionis
664 2408 763 2435 Paulus
778 2408 901 2435 scribens
913 2408 955 2434 di-

167 2454 205 2482 cit
222 2466 227 2482 :
243 2454 280 2481 Os
295 2462 381 2481 meum
400 2454 502 2488 aperui!
517 2462 544 2481 se
562 2455 596 2480 ad
614 2463 668 2486 vos,
680 2453 810 2480 Corinthii
822 2453 855 2480 ".
874 2453 906 2480 Et
921 2454 954 2481 de

168 2501 282 2528 Domino
297 2501 428 2535 scriptum
443 2505 484 2527 est
496 2509 504 2527 :
517 2500 642 2534 Aperiem
658 2508 686 2526 us
701 2508 787 2531 suum,
801 2500 909 2527 docebat
918 2499 948 2526 ⁵⁷.
963 2529 968 2534 ,

167 2548 206 2573 Ae
220 2547 380 2582 simpliciter
397 2546 431 2573 de
444 2553 477 2573 eo
495 2545 678 2573 testimonium
694 2545 866 2580 perhibetur,
880 2546 952 2580 quod

166 2601 198 2621 os
216 2595 332 2628 aperiat,
348 2593 395 2628 qui
420 2592 521 2620 silentii
539 2592 635 2618 modos
658 2597 737 2619 antea
759 2592 871 2619 edoctus
887 2587 950 2620 fuit.

167 2639 258 2674 Itaque
269 2647 298 2668 et
309 2640 360 2668 ,ιον
370 2647 401 2667 os
424 2640 511 2675 aperit
526 2644 618 2674 postea
630 2649 637 2667 :
651 2641 677 2667 id
697 2643 738 2667 est
751 2644 811 2673 post
827 2647 953 2674 maguum

200 2708 223 2724 "
238 2707 287 2734 Job
302 2716 351 2740 vii,
365 2707 411 2735 20.
448 2708 472 2724 ³⁸
487 2706 508 2735 ll
521 2707 584 2734 Cor.
601 2706 693 2741 vi,ll.
731 2706 752 2722 "’
768 2705 862 2734 Matth.
878 2714 904 2740 ν,
915 2705 941 2733 2.

202 2755 257 2790 (29)
276 2756 427 2789 Legendum
443 2755 580 2782 ὁδυνᾶται.

202 2792 258 2824 (50)
273 2790 351 2818 Forte
365 2790 458 2817 αὐτοῦ.

200 2827 257 2862 (51)
270 2827 485 2861 Κατεντευκτήν,

1019 200 1051 225 οὐ
1064 199 1118 235 γὰρ
1131 198 1185 226 τῶν
1208 198 1378 234 ἀναισθήτων
1397 198 1414 234 ἡ
1432 197 1529 234 ἀρετὴ,
1547 197 1616 224 ἀλλὰ
1630 196 1686 223 τῶν
1705 196 1734 222 ὲν
1753 195 1807 226 τοῖς

1020 245 1119 272 πάθεσι
1144 244 1370 280 φιλοσοφούντων.
1394 245 1433 271 Οὐ
1453 244 1565 271 δύναται
1589 242 1645 278 (29)
1670 242 1710 274 δὲ,
1739 242 1806 268 κατὰ

1021 291 1069 326 μὲν
1085 291 1116 318 τὺ
1131 291 1302 326 φαινόμενον⁷
1316 290 1369 317 ὑπὸ
1383 291 1432 326 τῆς
1447 291 1477 317 ὲν
1494 290 1576 326 σαρκὶ
1592 288 1699 324 πληγῆς
1712 287 1807 323 δριμυ-

1019 337 1106 370 τάτως
1123 337 1313 372 κεντούμενος’
1336 337 1407 364 κατὰ
1423 337 1452 363 δὲ
1471 336 1503 363 τὸ
1521 335 1675 371 νοούμενον,
1699 331 1743 361 οἷα
1766 333 1806 360 δί-

1019 393 1096 416 καιος
1108 384 1155 411 κα)⁵
1173 383 1294 419 φιλόθεος
1314 383 1384 419 ἀνὴρ
1404 383 1475 419 ὁρῶν
1496 391 1572 414 τινας
1594 380 1804 416 σκανδαλιζομέ-

1019 439 1080 462 νους
1105 430 1151 457 ἐπὶ
1168 432 1225 462 τοῖς
1247 429 1336 457 αὐτῶν
1356 429 1411 465 (50)
1436 429 1604 465 παθήμασιν,
1626 427 1664 459 ὡς
1684 427 1735 462 τῆς
1757 426 1805 454 τοῦ

1018 477 1086 504 Θεοῦ
1111 477 1190 512 δόξης
1223 476 1267 503 ἐπ’
1290 476 1365 511 αὑτῷ
1385 475 1593 511 διασυρομένης,
1621 475 1645 500 εἰ
1669 474 1683 501 ὁ
1704 473 1806 505 δίκαιος

1017 523 1104 551 ταῦτα
1116 522 1255 558 ὑπομένει.
1270 523 1326 549 Καὶ
1334 523 1388 558 γὰρ
1401 523 1445 549 ὅτε
1458 521 1546 555 λέγει·
1564 521 1626 548 ἰνα
1641 520 1670 547 τί
1684 520 1754 547 ἔθου
1765 527 1804 554 με

1017 571 1082 597 κατ’
1095 570 1259 604 ὲντευκτήν
1273 569 1328 605 (Si)
1345 577 1403 597 σου
1411 577 1420 601 ;
1430 569 1480 595 οὒκ
1493 567 1574 599 αὐτὸς
1590 566 1662 593 κατὰ
1677 566 1724 592 τοῦ
1736 564 1805 592 Θεοῦ

1017 617 1158 652 ἐτύγχανε,
1175 617 1212 653 μὴ
1234 617 1352 651 γένοιτοί
1374 615 1427 642 τίνι
1445 615 1499 651 γὰρ
1521 612 1594 649 εἶχεν
1613 613 1804 648 ὲντυγχάνεινς

1024 664 1103 691 Ἀλλά
1115 663 1195 690 τοῦτό
1208 665 1281 691 ἐστιν
1290 663 1305 689 ὅ
1319 670 1409 699 φησιν·
1429 662 1487 688 Ἴνα
1497 661 1523 687 τί
1537 660 1571 687 δι’
1589 659 1651 695 ἐμὲ,
1670 660 1803 692 Δέσποτα,

1016 710 1047 737 τδ
1067 710 1152 746 δνομά
1176 718 1222 737 σου
1245 709 1461 745 βλασφημεῖται;
1491 707 1652 743 Θορυὸεῖται
1677 706 1706 733 δὲ
1728 705 1805 732 οὐδὲν

1015 755 1096 792 ἧττον
1135 757 1182 784 καὶ
1210 756 1330 791 ίλιγγιᾷ,
1361 755 1457 791 μήπως
1482 753 1581 786 πλείως
1616 753 1806 787 ὲγκατάλειψιν

1017 803 1121 838 ὑπέστη
1138 802 1212 838 παρὰ
1224 802 1302 830 Θεοῦ.
1322 801 1390 828 Οὐδὲ
1403 800 1457 835 γὰρ
1472 799 1543 826 οὕτω
1554 800 1715 835 τιμωρεῖται
1730 798 1804 834 ψυχὴ

1017 849 1149 884 φιλόθεος,
1161 849 1200 880 ὡς
1209 847 1240 874 τδ
1253 847 1308 882 (52)
1322 845 1485 873 ὑποπτεύειν
1507 844 1716 879 καταλελεῖφθαι
1730 843 1805 880 παρὰ

1016 895 1100 922 Θεοῦ·
1126 895 1173 922 καὶ
1195 894 1324 930 μυριάκις
1344 893 1462 928 αἱρεῖται
1483 893 1529 920 τδν
1556 891 1679 924 θάνατον,
1700 891 1717 926 ἢ
1737 890 1806 926 μετὰ

1015 942 1170 978 ἀλγηδόνων
1181 942 1227 968 καὶ
1237 940 1365 976 τοιαύτης
1378 939 1497 975 ὑποψίας
1519 939 1575 970 τοῖς
1589 938 1672 971 ζῶσιν
1690 938 1806 972 ἐγκατα-

1015 987 1152 1023 λὲγεσθαι.
1174 987 1235 1014 Ἐπὶ
1258 987 1307 1022 μὲν
1327 984 1374 1013 οὖν
1388 987 1421 1022 τῇ
1439 985 1494 1012 τῶν
1515 984 1662 1020 κτημάτων
1682 982 1807 1019 ἀπωλείᾳ

1016 1035 1063 1061 καὶ
1082 1035 1115 1070 τῇ
1136 1034 1190 1061 τῶν
1205 1033 1308 1060 παίδων
1325 1032 1411 1068 ἀθρόᾳ
1428 1032 1540 1067 τελευτῇ
1559 1031 1616 1063 οἵας
1640 1030 1730 1065 ἀφῆκε
1754 1039 1806 1065 χα-

1017 1081 1170 1116 ριστηρίους
1183 1078 1274 1114 φωνὰς
1292 1078 1458 1114 ἠκούσαμεν,
1474 1078 1522 1105 καὶ
1539 1078 1613 1109 ὅπως
1627 1077 1674 1113 τὴν
1688 1077 1806 1112 γυναῖκα

1015 1125 1204 1158 ὲξεπαίδευσεν
1218 1124 1340 1161 ἀπρεπές
1352 1133 1378 1151 τι
1393 1124 1457 1160 περὶ
1472 1123 1519 1150 τοῦ
1546 1124 1682 1150 Δεσπότου
1697 1123 1808 1158 λογισα-

1017 1173 1112 1207 μένην,
1127 1171 1174 1198 καὶ
1186 1173 1249 1197 ποῖα
1267 1170 1336 1206 μετὰ
1350 1171 1447 1206 πεῖραν
1463 1170 1510 1197 καὶ
1527 1169 1699 1202 ὲξουδένωσιν
1715 1169 1764 1196 καὶ
1774 1169 1806 1196 τὸ

1014 1218 1096 1254 δριμὺ
1110 1217 1196 1248 πάθος
1208 1216 1368 1251 ἐφθέγξατο,
1386 1217 1432 1243 καὶ
1446 1216 1484 1248 ὡς
1502 1216 1578 1243 οὐδὲν
1594 1216 1674 1243 αὐτὸν
1691 1215 1746 1243 τῶν
1758 1216 1807 1243 άν-

1014 1263 1157 1300 θρωπίνων
1176 1263 1385 1298 συμπτωμάτων
1397 1262 1604 1298 διεθορύϐησεν·
1619 1262 1657 1294 ὡς
1672 1262 1701 1289 δὲ
1715 1262 1740 1289 οἱ
1759 1261 1805 1296 φί-
1830 1273 1833 1277 ~

1012 1308 1053 1335 λοι
1075 1308 1254 1344 παρεγένοντο
1271 1307 1367 1343 ἄνδρες
1385 1308 1484 1335 δίκαιοι
1505 1309 1553 1335 καὶ⁹
1573 1308 1736 1344 συμπαθεῖς,
1758 1306 1806 1334 εὗ-

1013 1361 1109 1388 καιρον
1129 1352 1217 1388 ᾠήθη,
1235 1351 1344 1388 θεωρῶν
1360 1352 1449 1379 αὐτῶν
1466 1352 1515 1388 τὴν
1530 1352 1669 1388 ὑπομονὴν
1689 1352 1735 1379 καὶ
1753 1352 1805 1387 τὴν

1012 1398 1122 1433 ἀγάπην
1136 1398 1179 1424 ἐπ’
1195 1398 1284 1424 αὐτῶν
1304 1397 1370 1432 (35),
1385 1399 1473 1425 εἰπεῖν
1491 1398 1539 1425 καὶ
1560 1398 1738 1434 δημοσιεῦσαι
1753 1398 1805 1430 τὰς

1012 1445 1084 1472 κατὰ
1092 1444 1180 1480 ψυχὴν
1193 1444 1353 1480 ἀλγηδόνας,
1367 1445 1414 1471 καὶ
1427 1444 1576 1479 φθέγγεται
1593 1445 1642 1480 μὲν
1658 1444 1718 1471 καθ’
1736 1445 1806 1471 ἱστο-

1014 1491 1074 1527 ρίαν
1097 1491 1245 1518 ἀκίνδυνον.
1273 1492 1320 1518 ’Ἑν
1337 1491 1392 1527 γὰρ
1405 1489 1438 1526 ἦν
1458 1492 1505 1518 τοῦ
1525 1491 1650 1518 διαϐόλου
1671 1491 1703 1517 τὺ
1717 1491 1805 1518 σπού-

1014 1536 1114 1572 δασμα,
1137 1537 1166 1564 τδ
1186 1537 1392 1572 παρασκευάσαι
1414 1537 1459 1564 τδν
1480 1537 1584 1564 δίκαιον
1606 1536 1804 1573 βλασφημῆσαι

1013 1582 1089 1610 Θεόν.
1108 1583 1136 1610 '0
1153 1583 1181 1610 δὲ
1194 1584 1320 1619 οὐδαμῶς
1333 1584 1457 1618 φαίνεται
1471 1583 1550 1609 τοῦτο
1571 1583 1804 1619 διαπραξάμενος,

1013 1629 1080 1657 ἀλλὰ
1091 1629 1139 1657 καὶ
1156 1630 1255 1665 μᾶλλον
1270 1630 1441 1665 εὐφημήσας.
1463 1630 1509 1656 καὶ
1525 1629 1717 1664 χαριστηρίους
1736 1629 1806 1656 ἁνα-

1013 1675 1124 1711 πέμψας
1148 1675 1250 1710 φωνάς.
1282 1675 1443 1710 Καταρᾶται
1476 1673 1503 1700 δὲ
1534 1673 1583 1708 τὴν
1616 1673 1724 1708 ἡμέραν
1750 1673 1806 1708 τῆς

1012 1722 1176 1757 γεννήσεως,
1195 1720 1301 1747 καὶτὸν
1317 1720 1429 1747 θάνατον
1447 1718 1582 1749 ἐπιποθεῖ,
1603 1718 1646 1744 διὰ
1665 1717 1715 1749 τὰς
1735 1718 1808 1744 ἀνω-

1011 1767 1083 1803 τέρω
1103 1767 1246 1802 λεχθείσας
1264 1766 1363 1798 αἰτίας.
1382 1765 1454 1801 Πρὸς
1477 1764 1505 1791 δὲ
1525 1764 1644 1791 διάνοιαν
1665 1763 1806 1799 μυστήρια

1011 1814 1104 1841 λαλεῖ·
1130 1814 1177 1841 καὶ
1196 1814 1260 1849 περὶ
1278 1812 1331 1839 τῶν
1353 1812 1403 1848 ήδη
1423 1811 1627 1847 προγεγονότων
1649 1809 1804 1844 φιλοσοφεῖ,

1011 1861 1058 1887 καὶ
1077 1860 1245 1895 πληροφορεῖ
1264 1859 1295 1885 τὸ
1320 1857 1427 1893 μέλλον.
1449 1856 1579 1884 Τοιαῦται
1604 1856 1658 1892 γὰρ
1683 1856 1727 1882 ἀεὶ
1746 1856 1805 1882 τῶν

1011 1905 1095 1940 ἁγίων
1108 1905 1256 1941 προφητῶν
1275 1905 1304 1931 αἱ
1325 1905 1426 1940 ῥήσεις.
1446 1903 1507 1930 Ἐπὶ
1523 1903 1552 1929 δὲ
1569 1902 1660 1930 αὐτῶν
1681 1902 1736 1929 τῶν
1753 1901 1803 1929 λέ-

1011 1951 1079 1984 ξεων
1101 1952 1252 1987 γενόμενοι,
1277 1951 1470 1986 σαφηνίσωμεν
1493 1949 1543 1986 τὴν
1567 1950 1697 1981 διάνοιαν,
1715 1948 1802 1976 αὑτοῦ

1010 1997 1191 2033 πώηγοῦντος
1205 1997 1272 2032 πρὸς
1287 1996 1336 2032 τὴν
1352 1995 1510 2031 ἑρμηνείαν,
1528 1994 1576 2021 τοῦ
1593 1995 1641 2022 καὶ
1655 1995 1701 2021 τὸν
1722 1994 1803 2029 ἅγιον

1016 2043 1076 2071 Ἰὼϐ
1093 2043 1161 2079 πρδς
1179 2043 1243 2075 τοὺς
1257 2042 1364 2077 ἀγῶνας
1385 2041 1586 2077 ὲνισχύσαντος.

1009 2132 1083 2168 Στίχ.
1095 2135 1127 2159 α’.
1140 2132 1221 2159 Μετὰ
1231 2131 1317 2158 τοῦτο
1329 2131 1451 2166 ἤνοιξεν
1469 2131 1529 2158 Ἰὼϐ
1537 2131 1571 2157 τὸ
1586 2131 1682 2164 στόμα
1693 2130 1800 2158 αὑτοῦ.

1047 2179 1107 2205 ’Ότι
1124 2178 1227 2209 δίκαιος
1240 2178 1342 2211 ἀνοίγει
1357 2177 1387 2204 τὸ
1403 2177 1501 2213 στόμα,
1519 2178 1568 2213 οὐχ
1586 2177 1679 2209 ἁπλῶς
1698 2176 1802 2203 οὑτωσὶ

1007 2225 1140 2261 προσήκει
1155 2223 1298 2260 προσέχειν
1314 2225 1370 2256 τοῖς
1387 2224 1553 2259 λεγομένοις,
1569 2224 1635 2250 ἀλλὰ
1649 2223 1683 2250 τὰ
1698 2223 1752 2258 (54)
1765 2224 1802 2250 ἐκ

1006 2271 1061 2297 τῶν
1078 2271 1165 2305 λόγων
1179 2270 1322 2306 ἀναζητεῖν
1336 2270 1479 2305 ὠφέλειαν.
1498 2270 1593 2297 Μεστά
1606 2269 1660 2305 γὰρ
1672 2269 1715 2296 ἀεὶ
1726 2269 1802 2303 ὠφε-

1007 2316 1081 2348 λείας
1097 2316 1130 2343 τὰ
1146 2315 1257 2342 τοιαῦτα
1275 2316 1386 2352 ῥήματα
1410 2316 1465 2342 τῶν
1488 2316 1589 2350 ἁγίων’
1612 2316 1659 2342 καὶ
1681 2315 1801 2349 ἀνοίγων

1005 2362 1037 2388 τὸ
1059 2362 1144 2397 στόμα
1159 2362 1271 2394 δίκαιος,
1293 2362 1503 2398 κεκρυμμένους
1524 2361 1681 2397 δημοσιεύει
1699 2361 1803 2396 θησαυ-

1007 2407 1080 2443 ρούς.
1099 2407 1144 2434 Διδ
1159 2407 1206 2434 καὶ
1224 2408 1254 2434 τὺ
1274 2408 1370 2439 σκεῦος
1387 2407 1436 2443 τῆς
1452 2407 1566 2442 ἐκλογῆς
1581 2408 1595 2434 ὁ
1608 2406 1713 2438 Παῦλος
1734 2407 1800 2432 ὲπιο

1005 2453 1122 2480 στέλλων
1138 2454 1216 2490 φησι·
1238 2454 1273 2481 Τὸ
1292 2454 1390 2488 στόμα
1410 2463 1470 2488 μου
1492 2452 1602 2488 ἀνέῳγε
1619 2452 1693 2486 πρὸς
1706 2452 1798 2487 ὑμᾶς,

1005 2500 1162 2534 Κορίνθιοι..
1193 2499 1249 2526 Καὶ
1276 2499 1340 2535 περὶ
1363 2499 1410 2526 τοῦ
1442 2499 1545 2535 Κυρίου
1573 2499 1729 2534 γέγραπται
1755 2499 1800 2526 ὅτι

1010 2545 1144 2579 Ἁνοίξας
1163 2546 1197 2573 τὸ
1213 2547 1312 2581 στόμα
1330 2545 1424 2572 αὑτοῦ
1447 2545 1598 2572 ἐδίδασκε.
1624 2545 1678 2571 Καὶ
1701 2544 1800 2576 ἁπλῶς

1004 2592 1107 2624 ἐκεῖνος
1124 2593 1300 2628 μαρτυρεῖται
1314 2592 1401 2627 στόμα
1417 2591 1544 2625 ἀνοίγειν,
1561 2591 1576 2617 ό
1589 2591 1693 2627 σιωπῆς
1709 2591 1799 2627 μέτρα

1007 2639 1138 2675 πρότερον
1149 2638 1291 2674 διδαχθείς.
1305 2638 1409 2666 Οὐκοῦν
1421 2638 1468 2665 καὶ
1486 2637 1546 2664 ’1ὼὸ
1554 2637 1657 2672 ἀνοίγει
1666 2637 1695 2664 τὸ
1707 2637 1798 2672 στόμα

1054 2751 1099 2780 52)
1117 2750 1171 2786 Τῷ.

1055 2787 1100 2817 35)
1119 2784 1201 2813 Forte
1219 2784 1289 2811 αὑτό

1045 2822 1100 2857 (5i)
1120 2821 1198 2849 Forte
1212 2821 1271 2856 τήν,
