1918 3069
75 92 110 120 G9
706 93 974 121 ENARRATIONES
994 94 1026 122 lN
1037 93 1115 122 .108.
1680 96 1714 123 70

76 153 149 189 μετά
162 152 256 179 τοῦτο·
277 152 406 179 τουτέστι
431 153 501 188 μετὰ.
517 153 546 179 τὺ
567 152 638 188 μέγα
656 153 794 189 τρόπαιον,
819 155 871 189 μετ

931 159 1072 188 iropznum,
1086 156 1148 188 post
1159 152 1298 187 passiones
1310 152 1382 184 illas,
1395 160 1448 180 non
1462 159 1523 180 sine
1538 152 1663 180 examine
1675 153 1715 180 Io-

73 200 173 226 ὲχεῖνα
183 199 218 226 τὰ
228 199 317 235 πάθη,
334 200 387 226 οὐκ
403 199 590 231 ἀϐασανίστως
604 199 753 234 φθέγγεται
765 200 878 236 περιαλ-

73 246 135 280 γῶν
149 244 319 281 τῷαῶματι,
332 246 384 281 τῆς
396 246 523 281 γλώσσης
535 245 687 281 φθανοῦσης
700 245 731 272 τὸ
746 246 797 280 τῆς
811 254 877 282 φρο-

73 293 185 327 νήσεως
208 291 356 326 ἔνθεσμον,
376 290 446 317 ἀλλὰ
470 289 615 325 σωφρονῶν
634 289 682 316 καὶ
700 290 761 322 ταῖς
776 291 878 325 φωναῖς

75 337 283 365 ὑποδείκνυται.
302 336 386 372 Δηλοῖ
400 336 431 363 δὲ
451 335 498 362 καὶ
513 335 561 370 τὴν
580 335 700 371 γαλήνην
724 335 774 371 τῆς
789 336 878 372 ψυχῆς

76 385 125 411 καὶ
134 383 192 410 τῶν
205 383 341 419 ῥημάτων
350 382 382 409 τὸ
393 381 534 418 ὲμπρεπὲς
547 381 565 417 ἡ
576 381 623 408 τοῦ
635 381 738 416 ἀνοῖξαι
750 382 780 409 τὸ
791 382 878 418 στόμα

75 429 165 456 αὑτοῦ
181 429 324 465 μαρτυρία
340 428 408 464 (55).

408 474 485 500 ΚΕΦ.
508 473 560 500 18’.

76 520 134 557 (3G)
149 520 228 556 Στίχ.
244 523 281 547 α’.
298 520 373 553 Ἕως
385 520 467 552 τίνος
480 519 612 554 Erizon
619 518 759 552 ποιήσετε
772 518 878 554 ψυχήν

441 563 519 589 μου;

113 602 225 637 Ὥσπερ
247 601 364 636 σώματα
388 601 473 638 βαρέα
491 600 670 636 ἐπιτιθέμενα
689 599 767 632 ζώων
788 598 878 635 σώμα-

79 657 133 680 σιν,
155 648 275 683 κάμνειν
296 648 383 674 ποιεῖν
404 646 438 673 τὰ
461 646 646 681 βαστάζοντα·
668 645 755 677 οὕτως
769 645 822 672 είσί
837 654 877 672 τι-

78 703 124 726 νες
142 694 219 728 λόγοι
238 693 346 729 βαρεῖς,
367 692 414 724 οὓς
429 693 549 724 ἀκούσας
562 701 605 724 τις
625 693 736 728 κάμνει.
762 691 806 724 Ὧς
824 691 877 718 ὑπδ

79 740 183 776 βάρους
196 739 372 775 πιεζόμενος,
387 739 436 774 τῆς
451 739 591 774 δυνάμεως
609 738 663 765 τῶν
679 738 765 773 λόγων
780 737 834 765 τῶν
845 737 875 764 οὐ

79 785 187 816 κακῶς,
207 785 256 812 καὶ
279 784 406 820 χαλεπῶς
421 785 520 821 (57),ἢ
543 785 589 812 ἐπὶ
613 784 745 820 λοιδορίας
763 783 876 820 εἰρημέ-

928 200 1023 235 quitur
1035 203 1090 226 toto
1104 206 1220 232 corpore
1231 198 1336 231 dolens,
1348 198 1532 233 przeveniente
1545 198 1635 233 lingua
1650 207 1700 233 pru

928 247 1028 274 demite
1040 246 1124 280 leges,
1137 245 1184 272 sed
1197 244 1239 272 vel
1253 245 1279 272 in
1296 245 1363 280 ipsis
1375 245 1489 272 vocibus
1498 244 1608 272 sobrius
1622 249 1712 272 θείειν)-
1744 248 1748 251 “

928 291 1012 319 ditur.
1035 290 1137 318 indicat
1157 290 1239 317 etiam
1258 290 1355 317 animae
1376 289 1614 324 tranquillitatem,
1640 289 1712 324 ipso-

927 344 1043 371 rumque
1060 337 1204 363 verborum
1225 335 1361 369 decorem,
1376 335 1449 371 quod
1461 336 1494 364 de
1506 335 1554 363 illo
1568 336 1714 371 perhibea-

928 387 971 410 tur
986 382 1127 417 aperuisse
1142 388 1184 409 os.

929 517 962 544 V.
982 517 1006 545 ί.
1025 517 1166 554 Quousque
1181 473 1460 554 labﬁiofamxlfaietis
1481 521 1596 547 animant
1609 521 1714 548 meam?

961 594 1195 628 Quemadmodum
1222 603 1336 630 corpora
1359 597 1452 631 gravia
1472 596 1598 631 imposita
1611 597 1711 624 anima-

926 641 992 668 lium
1006 641 1178 675 corporibus,
1189 643 1322 677 gestantia
1337 642 1552 678 defatigantzsic
1569 647 1633 671 sunt
1650 644 1711 679 qui-

926 687 988 715 dam
1000 695 1140 716 sermones
1159 696 1267 723 graves,
1281 696 1349 723 quos
1367 689 1483 716 audiens
1495 689 1557 724 quis
1572 689 1713 724 fatigatur.

927 733 1068 768 Tanquam
1086 741 1100 760 a
1125 734 1232 761 sarcina
1258 741 1420 769 oppressus,
1434 735 1459 762 vi
1484 742 1640 762 sermonum
1657 742 1710 762 non

926 780 998 808 male
1009 787 1041 807 ac
1054 779 1176 811 moleste,
1190 779 1232 806 vel
1244 781 1278 807 ad
1293 780 1445 807 convicium
1457 780 1592 808 dictorum
1605 781 1639 808 ab
1651 781 1712 807 aliis

79 840 132 857 νων
150 830 202 858 ὑπὸ
217 830 273 856 τῶν
294 829 383 857 ἄλλων
408 830 456 857 δύο
480 830 548 865 μετὰ
575 830 678 857 saxeas
699 830 871 865 ἐληλυθότων,

928 827 1044 858 duobus,
1060 827 1106 861 qui
1122 834 1183 854 cum
1196 826 1316 853 Baldado
1328 833 1470 860 venerant,
1481 832 1609 862 tanquam
1621 827 1713 855 oneris

79 874 162 901 οἱονεὶ
182 874 297 910 φορτίου
321 874 448 910 αἴσθησις
464 874 520 910 (58)
544 874 656 910 βαρέος,
680 875 695 901 6
723 873 782 900 Ἰώδ
808 882 874 909 φησι

81 919 179 955 καμὼν
206 908 249 955 τῇ.
268 919 342 955 ψυχῇ
371 908 414 954 ἐφ’
444 908 486 952 οἷς
511 908 669 956 εἰρήδιασιψ
695 920 769 952 Ἕως
793 908 875 952 τίπος

80 966 212 1000 ἓγκοπον
222 966 365 999 ποιήσετε
377 965 481 1000 ψυχήν
487 975 546 1001 μου
554 974 603 998 ,'-—
611 966 665 993 Kal
676 966 739 1000 μετ’
755 966 873 1001 ὀλίγον’

86 1012 169 1047 Ὁρᾷς
192 1012 232 1043 ὡς
256 1011 468 1047 προγέγραπται
481 1012 495 1037 ὁ
510 1011 651 1047 Σαυχαιων
670 1011 808 1046 τύραννος.
823 1010 875 1036 Τυ-

83 1058 205 1094 ραννικοὶ
217 1057 300 1084 αὑτοῦ
313 1059 382 1084 εἰσιν
394 1059 420 1084 oi.
433 1057 517 1092 λόγοι,
528 1057 574 1090 οὓς
591 1057 710 1089 ἀκούσας
719 1058 732 1084 ὁ
752 1057 822 1090 Ἰὼΰ,
834 1057 875 1084 λέ-

81 1105 201 1138 γει-Ἕω
228 1103 313 1136 τινος
321 1104 451 1139 ἓγ-κοπον
462 1103 603 1136 ποιήσετε
618 1103 676 1137 τὴν
683 1102 789 1137 ψυχήν
798 1111 874 1138 μου;

82 1150 136 1185 οὐχ
150 1149 240 1181 οὕτως
259 1149 429 1176 καθικνεῖται
444 1150 533 1185 ψυχῆς
551 1149 693 1185 ὰνῧρώπου
711 1149 775 1177 ἄλλο
788 1158 824 1181 τι,
837 1149 875 1181 ὡς

82 1196 158 1229 λόγος
182 1195 315 1231 σκληρός.
343 1195 479 1226 Πολλάκις
501 1195 649 1231 ὑπομείνας
670 1195 719 1227 τὰς
741 1195 874 1230 βασάνους

83 1241 188 1276 σώματι
215 1241 454 1277 προσφερομένας,
473 1240 569 1275 λόγους
595 1241 644 1275 οὐχ
665 1240 820 1276 ὑπέμεινεν.
845 1240 875 1267 '0

82 1287 207 1322 μέντοιγε
219 1287 324 1318 τέλειος
337 1286 467 1322 ἀθλητὴς,
489 1288 513 1313 εἰ
530 1287 576 1313 καὶ
591 1287 713 1322 κάμνων,
732 1286 790 1313 ἀλλ’
807 1286 874 1313 ὑπο-

81 1333 155 1368 μένει
173 1334 240 1364 τοὺς
262 1333 397 1368 χαλεποὺς
414 1332 518 1366 λόγους.
536 1333 634 1368 Ὕϐριν
655 1333 708 1369 γὰρ
731 1333 875 1368 ὑπομένειν

82 1380 203 1415 μεγάλου
218 1380 317 1415 ἀνδρὸς
329 1380 412 1406 ἐστιν.
429 1379 528 1415 Διόπερ
548 1380 577 1406 ἐν
590 1380 646 1412 τοῖς
665 1378 876 1414 ἀνδραγαθήμα-

82 1434 121 1452 σιν
132 1425 232 1452 ἑαυτοῦ
245 1426 261 1452 ὁ
282 1425 443 1458 ’Δπόστολος
453 1425 526 1460 λέγει
535 1433 543 1441 ο
555 1425 780 1459 Λοιΰορούμενοι
793 1425 876 1452 εὐλο-

79 1471 202 1506 γοῦμεν,
228 1470 405 1506 διωκόμενοι
432 1471 613 1505 ἀνεχόμεθα,
631 1470 876 1504 δυσφημούμενοι

925 881 1006 902 sensu
1033 874 1135 909 gravis,
1156 874 1221 901 dicit
1235 873 1286 901 .lob
1301 873 1466 909 defatigatus
1490 875 1583 902 animo
1599 879 1712 910 propter

924 928 955 948 ea
972 927 1032 955 quae
1048 920 1194 948 dixerant:
1209 921 1349 956 Quousque
1360 921 1518 948 laboriosam
1536 921 1638 955 facietis
1652 922 1712 947 oni-

924 975 994 993 mam
1005 975 1088 994 meam
1098 968 1110 995 .’
1122 981 1158 987 σ-
1173 968 1206 994 Ει
1219 975 1275 1002 post
1288 976 1375 1002 pauca
1391 974 1401 994 :
1420 967 1500 995 Vides
1512 967 1583 1001 quod
1606 967 1693 994 deseri
1704 981 1710 986 ς

924 1015 987 1046 ptns
1012 1012 1095 1039 fuerit
1112 1012 1304 1041 Sauclneorum
1319 1019 1460 1048 tyrannus.
1478 1013 1625 1048 Tyrannici
1647 1016 1711 1040 sunt

924 1057 982 1092 eius
999 1065 1149 1090 sermones,
1163 1066 1232 1092 quos
1251 1059 1364 1087 audiens
1377 1058 1428 1086 Job
1443 1059 1500 1086 ait:
1515 1059 1659 1093 Quousque
1673 1058 1711 1084 la-

925 1104 1055 1131 boriosam
1071 1104 1174 1138 facietis
1185 1105 1301 1132 animant
1317 1113 1401 1132 meum
1411 1105 1424 1131 7
1434 1104 1492 1132 Νοη
1507 1105 1545 1132 ita
1559 1104 1641 1132 allicit
1655 1105 1711 1131 ani-

925 1156 997 1176 mam
1014 1149 1132 1176 hominis
1147 1149 1218 1176 aliud
1231 1149 1308 1184 quid,
1324 1153 1353 1177 ut
1365 1157 1457 1177 sermo
1469 1150 1619 1184 praeduros.
1632 1150 1710 1185 Saepe

925 1195 970 1228 qui
986 1195 1115 1222 sustinuit
1131 1199 1266 1222 tormenta
1285 1196 1394 1230 corpori
1418 1195 1539 1222 adhibita
1549 1216 1556 1228 ,
1569 1202 1710 1223 sermones

925 1247 979 1267 non
995 1241 1136 1268 sustinuit.
1154 1241 1295 1269 Perfectus
1309 1246 1397 1269 tamen
1413 1241 1458 1269 hic
1473 1241 1589 1278 athleta,
1603 1241 1654 1269 etsi
1663 1242 1710 1268 de-

925 1285 1064 1321 fatigatus,
1083 1286 1200 1314 sustinet
1215 1287 1396 1315 nihilominus
1412 1287 1541 1315 molestos
1559 1294 1708 1314 sermones.

925 1329 1120 1358 Contumeliam
1135 1331 1207 1359 enim
1221 1331 1344 1364 sulferre,
1355 1333 1443 1368 magni
1459 1337 1500 1360 est
1512 1333 1573 1360 viri.
1584 1332 1710 1367 Propter-

924 1382 956 1402 ea
978 1375 1004 1402 in
1022 1376 1077 1403 suis
1093 1376 1240 1404 virtutibus
1256 1377 1403 1411 Apostolus
1420 1383 1546 1405 recenset
1559 1387 1565 1405 :
1577 1376 1709 1404 Conviriis

925 1420 1053 1453 lacessiti,
1071 1422 1266 1454 benedicimus;
1280 1423 1485 1453 persecutionem
1497 1424 1634 1458 patientes,
1649 1424 1711 1450 tole-

926 1475 1035 1500 ramus;
1052 1468 1220 1503 blasphemiis
1235 1470 1562 1504 proscissi,deprecamur.
1572 1469 1707 1505 Tanquam

79 1515 328 1550 παρακαλοῦμεν.
355 1515 467 1549 Ὥσπερ
491 1514 661 1549 καθάρματα
681 1514 734 1541 τοῦ
756 1514 871 1548 κόσμον

928 1518 1098 1549 purgamenta
1110 1515 1201 1542 mundi
1215 1516 1300 1550 effecti
1315 1524 1415 1548 sumus,
1436 1517 1552 1542 omnium
1563 1516 1711 1551 peripsemc

77 1561 278 1596 ἐγενήθημεν,
290 1561 412 1588 πάντων
426 1561 579 1595 περίψημα
589 1560 645 1593 ἕως
654 1560 728 1594 ἄρτι.
741 1560 797 1587 Καὶ
813 1560 873 1596 μετ’

77 1607 168 1641 ὀλίγον
186 1607 273 1642 φησὶν
284 1604 353 1639 εἶτα,
364 1605 409 1633 διὰ
417 1606 458 1638 τὸ,
474 1606 548 1638 Ἕως
557 1606 639 1638 τινος
648 1606 776 1641 ἓγκοπον
788 1604 873 1639 ποιή-

78 1661 147 1680 σετε
160 1653 272 1687 ψυχήν
285 1662 346 1687 μου
355 1660 364 1684 ;
386 1652 483 1688 Ὀρᾷςς
507 1651 566 1679 Ἰώὸ
582 1652 666 1684 ἐστιν,
681 1648 712 1678 οὗ
729 1651 819 1678 καὶτὸ
833 1651 873 1686 βι-

78 1700 151 1726 Elim
167 1699 248 1726 οὐδὲν
276 1699 340 1726 ἄλλο
353 1699 500 1734 ἐξαιρέτως
515 1698 637 1734 περιέχει
659 1698 676 1734 ἢ
696 1698 747 1734 τὴν
762 1698 873 1734 ἀνδρίαν

78 1745 161 1771 αὑτοῦ
189 1745 239 1771 καὶ
261 1745 312 1780 τὴν
341 1745 488 1780 ὑπομονήν.
524 1744 593 1770 Ἀλλ’
613 1744 687 1779 ὅμως
715 1744 872 1771 αἰσθάνεται

79 1791 132 1817 τῶν
140 1791 290 1825 καμάτων,
305 1787 343 1817 ὧν
354 1792 490 1826 κεκμήκει
503 1790 557 1816 ἀπὸ
567 1789 613 1816 τοῦ
627 1789 708 1824 λόγου
726 1789 773 1817 τοῦ
787 1790 871 1826 σκλη-

81 1836 128 1871 ροῦ
153 1837 210 1863 τῶν
235 1835 405 1871 ἐληλυθότων
422 1835 502 1862 αὑτὸν
520 1835 713 1871 ὲπισκοτιῆσαι.

80 1882 134 1917 (59)
151 1882 229 1918 Στίχ.
246 1885 282 1916 γ’.
298 1880 398 1908 Γνῶτε
409 1882 515 1943 μάν-ἓν,
532 1881 576 1908 ὅτι
595 1883 611 1908 ό
622 1882 731 1916 Κύριος
746 1882 872 1918 ἐποίησέ

401 1925 436 1943 ue
451 1925 467 1943 ο
488 1925 554 1943 τωο.

398 1925 436 1951 με
451 1925 554 1950 ουτως.

118 1963 153 1988 Ἀ
168 1961 284 1996 Bkssz
296 1961 361 1997 scapi.
373 1961 434 1996 ἐμὲ,
453 1961 490 1996 μὴ
502 1961 632 1997 νομίσητε
648 1961 760 1989 ἄλλοθεν
776 1962 872 1999 ἐληλυ-

82 2006 156 2033 θέναι
175 2015 220 2041 μοι
236 2005 253 2041 ἢ
269 2005 324 2032 ἀπὸ
334 2005 380 2032 τοῦ
394 2005 471 2033 Θεοῦ.
492 2005 630 2041 Φοϐήθητε
646 2006 745 2033 τοίνυν.
774 2006 803 2033 Ὁ
819 2007 871 2043 γὰρ

82 2051 142 2086 ἐμοὶ
156 2051 246 2078 ταῦτα
258 2051 369 2084 ἐπάγων
383 2050 494 2077 δύναται
509 2050 558 2077 καὶ
572 2050 636 2085 ὑμῖν
647 2050 807 2084 ὲπαγαγεῖν.

83 2098 156 2131 Στίχ,
172 2097 208 2132 γ’.
222 2095 424 2132 Καταλαλεῖτέ
434 2104 493 2131 μου
503 2104 516 2132 ’ν
525 2097 580 2123 οὐκ
596 2096 810 2131 αἰσχυνόμενοι
821 2105 870 2131 με,

367 2131 518 2158 ἐπίκεισθέ
530 2140 591 2165 μοι.

923 1568 1004 1595 usque
1015 1561 1092 1588 modo
1106 1561 1141 1588 ".
1156 1562 1189 1589 Et
1205 1562 1285 1596 paulo
1297 1569 1357 1597 post
1369 1562 1498 1598 deinceps
1509 1563 1585 1596 dicit,
1600 1567 1710 1597 propter

923 1606 987 1634 illud
1002 1615 1009 1633 :
1028 1606 1167 1642 Usquequo
1182 1607 1340 1634 laboriosam
1358 1608 1458 1642 facietis
1475 1609 1589 1635 animum
1605 1609 1711 1636 meum?

925 1651 1040 1679 Viden'?
1053 1652 1102 1679 Job
1115 1657 1157 1680 est
1170 1661 1177 1680 :
1188 1653 1265 1688 cujus
1277 1653 1434 1680 etiamliber
1444 1653 1510 1680 nihil
1527 1653 1598 1680 aliud
1615 1655 1710 1688 praeci-

922 1705 974 1733 pue
997 1699 1129 1733 continet,
1154 1706 1235 1733 quam
1262 1699 1347 1727 robur
1368 1705 1396 1726 et
1419 1699 1589 1727 tolerantiam
1625 1699 1707 1726 illius.

922 1743 1106 1772 Nihilominus
1120 1744 1203 1772 sentit
1215 1745 1333 1777 labores,
1349 1744 1446 1779 quibus
1459 1745 1629 1772 laboraverat
1642 1752 1708 1780 pro-

922 1791 983 1822 pter
1005 1788 1103 1815 dnrum
1121 1795 1273 1816 sermonem
1289 1795 1399 1822 eorum,
1412 1789 1458 1824 qui
1474 1793 1606 1816 venerant.
1618 1790 1652 1816 ad
1668 1790 1709 1817 in-

922 1833 1062 1861 visendum
1075 1834 1160 1861 illum.

922 1878 955 1907 γ.
968 1879 995 1906 3.
1009 1879 1148 1914 Agnoscile
1157 1881 1297 1914 duntaxat,
1309 1881 1378 1916 quod
1391 1881 1520 1908 Dominus
1532 1881 1594 1916 fecit
1608 1890 1647 1909 me
1659 1883 1707 1909 sit.

957 1969 1022 2003 Quae
1043 1970 1116 1998 circa
1137 1977 1182 1998 me
1208 1971 1332 2005 cernitis,
1354 1979 1389 1999 ne
1416 1973 1578 2008 putaveritis
1600 1973 1708 2002 aliunde

921 2015 1044 2043 evenisse
1057 2016 1134 2049 mihi,
1146 2024 1227 2052 quam
1241 2024 1256 2044 ο
1271 2018 1337 2045 Deo.
1356 2017 1468 2046 Metuite
1478 2027 1553 2054 ergo.
1569 2020 1620 2053 Qui
1635 2021 1707 2048 enim

922 2061 988 2088 mihi
1003 2061 1097 2089 isthaac
1108 2062 1228 2096 adducit,
1244 2068 1332 2098 potest
1350 2068 1377 2091 et
1392 2064 1470 2092 vobis
1482 2065 1625 2092 adducere.

924 2105 954 2133 V.
964 2105 992 2133 3.
1004 2104 1184 2140 Obloquimini
1195 2108 1227 2135 de
1241 2116 1282 2135 me
1293 2116 1367 2170 :_zon
1381 2109 1483 2136 reverilt'
1497 2118 1548 2143 me,
1558 2111 1709 2138 incumbilis

1139 2151 1141 2154 '
1279 2151 1313 2170 mi
1336 2153 1354 2170 ι.

1139 2151 1141 2154 ’
1279 2151 1354 2170 ηιυιι.

117 2178 176 2213 (40)
193 2177 326 2210 Πολλάκις
345 2178 394 2205 καὶ
418 2177 564 2204 καταλαλεῖ
581 2185 624 2208 τις
648 2177 742 2209 κακῶς
771 2177 866 2204 ποιῶν.

954 2186 1032 2222 Saepe
1042 2191 1069 2215 et
1079 2187 1236 2222 obloquitur
1250 2189 1311 2223 quis
1331 2196 1470 2224 perperam
1485 2197 1578 2224 agens.
1595 2190 1710 2223 Quando

85 2224 148 2250 Ὅτε
165 2225 200 2251 ἂν
223 2225 252 2251 δὲ
274 2225 325 2251 οὐκ
347 2223 549 2259 ἀπερυθριάσῃ,
575 2224 616 2254 εὶς
637 2223 782 2259 πρόσωπον
797 2223 871 2257 λέγει

85 2272 192 2307 ὲκείνῳ,
201 2271 263 2307 οὐχὶ
280 2271 409 2306 ἐλέγχων,
425 2270 486 2297 οὐδὲ
498 2269 601 2305 τάληθῆ
616 2269 713 2304 λέγων,
728 2269 784 2297 ἀλλ’
800 2270 871 2296 ὀνει-

85 2319 163 2351 δίζων
189 2319 239 2346 καὶ
261 2318 389 2354 ὑϐρίζων.
409 2318 471 2350 Τοῖς
497 2317 551 2354 γὰρ
572 2317 624 2344 ὑπὸ
642 2316 710 2344 Θεοῦ
732 2326 870 2353 τιμωρου-

89 2364 176 2398 μένοις
199 2362 377 2399 ἐπεμδαίνειν
398 2362 429 2389 οὺ
450 2361 513 2398 χρὴ,
536 2362 604 2389 ἀλλὰ
628 2361 738 2398 θρηνεῖν
762 2362 808 2388 καὶ
823 2370 872 2397 φο-

88 2407 199 2435 δεῖσθαι.

90 2453 140 2487 (ιι)
148 2453 223 2515 Στιῖ
238 2452 270 2480 δ’.
283 2453 339 2480 Nai
352 2451 391 2486 δὴ
399 2451 446 2478 ἐπ’
463 2452 605 2494 ἀληθείας
614 2451 672 2487 ἐγὼ
684 2451 870 2492 έίτλιινήρην,

121 2489 186 2515 παρ’
216 2488 265 2515 μοι
278 2488 312 2514 δὲ
325 2487 473 2515 αὐλίζεται
486 2489 601 2515 πλον-ος
611 2495 618 2502 ’
633 2489 766 2515 ulnam
776 2488 870 2515 ρτηια.

121 2489 186 2549 ἔπορ’
197 2487 265 2550 ἐςὲὶ
278 2488 312 2514 δὲ
325 2487 473 2517 αὐλίζεται
486 2487 601 2521 πλάνος
611 2495 618 2502 ·
633 2487 766 2522 λαλῆσαι
775 2487 870 2523 ῥῆμα,

149 2532 204 2550 ουκ
252 2532 288 2550 ει.

122 2567 186 2596 Ehe
199 2577 282 2604 φησιν
295 2568 358 2596 καθ’
381 2567 508 2595 ὑπόθεσιν
517 2575 526 2584 ·
548 2567 627 2604 Ὑμῖν
639 2567 746 2604 διδωμι,
759 2568 799 2601 ὡς
810 2568 871 2596 ὐπο-
899 2611 903 2615 γ

123 2626 162 2653 ¹⁸Ι
175 2627 237 2655 Cor.
253 2635 290 2662 sv,
309 2626 354 2660 12,
374 2628 418 2655 13.

126 2694 176 2728 (35)
190 2694 262 2722 Nihil
276 2694 408 2730 deinceps
422 2701 455 2722 ex
480 2695 532 2723 hoc
559 2694 683 2723 Naniano
704 2695 798 2724 codice
826 2697 871 2725 de-

100 2731 213 2765 scriptum
228 2730 339 2763 inveni,
359 2730 412 2757 nisi
432 2730 555 2764 qmedam
582 2731 608 2758 in
628 2730 739 2758 Venetis
759 2735 869 2759 exstan-

101 2766 137 2795 tia.
148 2773 203 2798 qua:
218 2766 243 2793 in
258 2773 292 2793 eo
305 2773 418 2800 quoque
430 2773 577 2800 occurrere
590 2766 728 2793 dicuntur.

128 2800 174 2833 156)
187 2801 222 2828 Er
240 2799 335 2834 utroq.
349 2799 413 2828 edd.
429 2799 522 2827 Venet.
536 2816 570 2821 —
582 2801 692 2830 Confer.
718 2806 782 2830 tom.
809 2801 866 2835 Xll,

103 2835 140 2863 col.
157 2836 229 2865 l032.
242 2852 278 2859 —
295 2836 380 2864 Enrr.
406 2835 491 2863 Pun.

924 2237 1015 2260 autem
1028 2241 1082 2261 non
1098 2235 1246 2267 erubescit,
1263 2235 1290 2262 in
1309 2234 1406 2263 faciem
1419 2236 1484 2263 dicit
1500 2236 1548 2268 illi,
1563 2245 1616 2264 non
1630 2238 1708 2264 evin—

924 2285 999 2312 cens,
1017 2286 1105 2314 neque
1129 2287 1195 2308 vere
1218 2280 1342 2315 loquens,
1356 2281 1404 2308 sed
1430 2282 1563 2309 conviciis
1587 2287 1665 2310 utens
1682 2287 1709 2310 et

923 2325 1105 2352 contumeliis.
1119 2324 1177 2353 Non
1200 2327 1273 2353 enim
1291 2334 1306 2353 a
1321 2327 1376 2354 Deo
1389 2326 1498 2354 alliiclis
1524 2328 1708 2356 lnsultandum

923 2375 975 2404 est,
989 2371 1036 2398 sed
1049 2371 1250 2400 lamentantium
1265 2373 1355 2408 petius
1367 2378 1395 2401 et
1407 2375 1593 2402 metuendum.

926 2455 957 2484 ν,
971 2456 998 2484 4.
1021 2456 1153 2496 Masone
1174 2467 1203 2485 ιη
1228 2460 1336 2496 veritate
1359 2469 1406 2496 ego
1430 2462 1562 2494 aberraui,
1578 2469 1646 2496 opim
1667 2470 1708 2489 me

959 2498 1047 2554 :ésilte’m
1065 2493 1135 2528 degit
1158 2501 1216 2521 erro
1236 2502 1246 2522 :
1264 2495 1336 2530 loqui
1352 2493 1458 2524 virbum
1475 2498 1545 2532 quod
1562 2493 1613 2524 non
1629 2505 1707 2532 opor-

995 2536 1018 2554 ια
1033 2548 1040 2554 .

995 2536 1040 2555 ἀι.

958 2572 1062 2604 Deinde
1077 2575 1144 2605 dicit
1162 2584 1197 2605 ex
1221 2577 1364 2613 hypothesi
1378 2588 1386 2608 :
1400 2579 1527 2608 Concedo
1540 2579 1618 2608 vobis
1633 2579 1706 2614 quod

960 2699 1016 2737 (ζῆ)
1027 2699 1093 2737 god.
1111 2700 1493 2737 ut.ﬁn‘slcidvet8tatmb;
1509 2703 1557 2729 καὶ
1568 2700 1705 2737 χαλεπῶς.

1028 2734 1107 2771 Forte
1124 2735 1258 2771 αἰσθήσει.

968 2770 1014 2799 39)
1034 2770 1104 2796 Idem
1120 2771 1146 2796 in
1166 2770 1281 2799 iitroone
1302 2772 1362 2799 cod.

956 2804 1013 2840 (40)
1030 2804 1139 2840 ςοιιῐειι.
1158 2811 1223 2834 tein.
1236 2804 1295 2840 XII,
1310 2807 1362 2836 col.
1377 2807 1455 2836 ιιδι.

956 2839 1011 2872 (lt)
1026 2839 1091 2868 Cod.
1105 2846 1227 2872 uterque.
