1918 3069
243 136 278 168 ἴῦ
685 132 963 162 SUPPLEMENTUM
980 132 1025 158 ΑΙ)
1044 132 1205 161 ORIGENIS
1221 131 1426 160 EXEGETICA.
1836 134 1873 162 76

392 194 426 223 ν.
447 197 492 222 22.
513 195 628 228 Niugere
641 193 668 219 in
684 202 743 220 eum
759 192 872 220 dolores.

273 243 348 273 Loco
362 243 432 270 nivis
446 242 555 269 dolores
569 241 677 267 venient
690 239 716 266 in
737 239 825 266 virum
843 237 1006 272 huiusmodi.

345 289 378 317 ν.
397 287 443 315 24.
465 287 498 314 Et
511 295 563 313 non
578 287 693 313 salvetur
709 293 722 312 ε
736 293 816 311 manu
832 284 909 319 ferri.

274 335 387 363 Ferrum
402 341 455 360 non
474 333 540 359 dicit
552 332 605 359 hoc
619 331 760 364 sensibile,
777 330 824 358 sed
836 329 1024 358 seindentissi-

237 389 311 409 mum
325 385 490 408 sermonem.

262 438 294 465 V.
314 436 359 463 25.
382 435 554 462 Pertranseat
567 438 654 461 autem
668 441 713 467 per
724 440 817 467 corpus
835 433 892 467 ejus
908 433 1001 460 telum.

273 503 338 532 Tela
355 502 510 537 huiusmodi
529 502 611 535 ignita
629 500 773 528 vulnerant
786 508 858 528 eum.

304 551 336 578 V.
358 550 403 577 ‘25.
425 549 567 577 Deeorabil
580 556 637 575 eum
650 548 717 582 ignis
727 556 778 575 non
791 549 957 576 comburens.

271 597 428 632 Mysterium
452 594 587 629 quoddqu
613 592 779 620 addiscimus
808 594 841 620 de
861 601 940 629 pmua
965 603 1024 630 qua:

236 646 376 671 reservata
389 645 441 673 est,
459 645 489 667 ul.
502 646 648 667 caveamus
662 646 720 665 eam
734 639 799 673 pati.
816 639 906 674 Ignem
922 641 959 667 ait
970 649 1023 669 non

235 689 442 718 eomburentem
461 687 653 714 devoraturum
668 685 725 712 fore
751 686 873 720 impium.
893 687 942 714 llic
954 687 1023 722 ignis

237 735 307 770 apud
327 742 376 762 nos
391 732 549 763 materialis,
570 739 622 759 non
635 736 676 758 est
691 732 760 766 ignis
775 740 826 759 non
846 733 1020 762 comburens:

236 779 358 807 videmus
389 779 459 806 enim
478 777 578 812 ipsum.
594 777 628 803 At
650 778 721 812 ignis
743 777 786 805 ille
805 778 949 806 invisibilis
969 783 1022 812 est,

234 827 282 862 qui
305 829 462 862 peccatores
485 825 597 857 invadit,
625 824 669 859 qui
686 824 756 851 intra
785 824 846 852 illos
862 826 961 852 exurit.
979 825 1022 853 ln-

1191 191 1265 226 Στίχ.
1279 191 1330 218 κ6’.
1356 191 1449 225 mea;
1460 191 1506 217 ἐπ’
1519 192 1612 218 αὐτὸν
1626 192 1747 226 ὀδύνας.

1120 238 1192 264 Ἀντὶ
1206 237 1315 272 νιφετοῦ
1330 237 1420 264 ὀδύναι
1434 237 1559 273 ἔρχονται
1575 239 1621 264 ὲπὶ
1640 239 1686 265 τὸν
1698 240 1832 266 τοιοῦτον.

1077 283 1122 319 (56
1125 295 1133 319 )
1146 284 1219 319 Στίχ.
1236 283 1285 310 κδ’.
1298 283 1353 311 Καὶ
1368 284 1404 310 οὐ
1417 283 1456 317 μὴ
1468 283 1551 317 σωθῇ
1562 285 1596 310 ἐκ
1610 284 1709 318 χειρὸς
1725 284 1870 319 σιδήρου.

1111 331 1223 366 Σίδηρον
1236 331 1266 357 οὺ
1283 330 1356 364 λέγει
1372 329 1466 356 τοῦτον
1485 330 1530 356 τὸν
1557 330 1695 365 αἰσθητὸν,
1712 331 1779 358 ἀλλὰ
1792 340 1871 366 τμη-

1075 375 1224 403 τικώτατον
1244 376 1333 410 λόγον.

1076 422 1131 458 (57)
1156 422 1231 458 Στίχ.
1255 426 1303 448 κε’.
1322 421 1477 489 Διεξέλὲἔέ
1497 422 1532 448 δὲ
1551 421 1600 449 διὰ
1619 422 1755 457 σώματος
1771 423 1870 450 αὑτοῦ

1459 477 1464 483 .
1481 466 1523 489 ος.

1459 466 1523 489 Ασς.

1111 503 1151 530 Τὰ
1164 503 1228 538 βέλη
1243 502 1329 529 ταῦτα
1352 502 1386 528 τὰ
1405 503 1591 538 πεπυρωμένα
1607 502 1753 539 τιτρώσκει
1771 503 1867 530 αὐτόν.

1075 548 1131 584 (58)
1153 549 1226 584 Στίχ.
1250 552 1298 575 κε’.
1323 548 1479 575 Κατέδεται
1503 549 1596 575 αὐτὸν
1622 549 1681 583 πῦρ
1698 549 1867 577 ἇκαυστον.

1109 594 1265 630 Μυστήριόν
1284 603 1311 620 τι
1328 594 1498 629 μανθάνομεν
1519 595 1583 630 περὶ
1597 595 1646 630 τῆς
1662 595 1802 627 κολάσεως
1818 596 1868 631 τῆς

1074 641 1269 676 ἀποκειμένης,
1287 640 1330 666 ἵνα
1350 639 1549 675 φυλασσώμεθα
1569 639 1653 675 αὐτὴν
1675 639 1782 667 παθεῖν.
1807 641 1869 676 Πῦρ

1075 685 1150 713 εἶπεν
1165 686 1299 713 ἄκαυστον
1315 685 1474 712 κατέδεσθαι
1488 685 1533 712 τὸν
1549 685 1649 720 ἀσεϐῆ·
1669 685 1748 712 τοῦτο
1762 685 1795 713 τὸ
1811 684 1868 721 πῦρ

1073 733 1104 760 τὺ
1119 733 1184 769 παρ’
1200 734 1264 768 ἡμῖν
1279 732 1368 759 ὑλικὸν
1385 732 1434 758 οὐκ
1448 731 1520 758 ἐστιν
1532 730 1666 758 ἄκαυστον
1682 730 1751 767 πῦρ·
1766 731 1869 766 βλεπὸ-

1076 788 1155 815 μενον
1164 778 1222 814 ’γὰρ
1242 778 1315 805 αὐτό.
1340 778 1442 804 Ἐκεῖνο
1454 777 1483 803 δὲ
1495 777 1610 812 ἀόρατόν
1627 777 1683 803 ἐστι
1701 777 1732 803 τὸ
1748 777 1818 813 πῦρ,
1837 777 1867 804 τὸ

1074 825 1119 850 ἐπὶ
1131 816 1192 855 robe
1207 824 1384 859 ἁμαρτωλοὺς
1394 822 1549 858 ἐρχόμενον,
1561 822 1575 848 ὃ
1585 822 1657 849 ἔνδον
1668 823 1766 854 αὐτοὺς
1780 823 1864 849 καίει.

235 872 397 901 tellectualis
415 877 458 899 est
469 875 496 898 et
508 870 631 906 puniens.
643 869 671 897 Si
688 870 729 896 vis
742 869 1017 905 imaginem‘accipert

1082 871 1178 906 \‘on-cov
1199 871 1256 897 ὲστι
1273 871 1319 897 καὶ
1340 869 1462 900 κολάζον.
1484 868 1546 895 Ἐὰν
1563 868 1643 905 θέλῃς
1658 869 1749 896 εἰκόνα
1771 878 1865 906 παρα-

235 918 308 946 illius
336 917 415 953 ignis,
443 915 532 951 cogita
553 915 617 941 mihi
636 914 775 942 hominem
802 914 958 942 immaniter
985 914 1022 942 fe-

233 964 381 996 brieutem,
399 969 426 991 et
456 963 490 990 ab
517 969 550 989 eo
575 961 638 996 igne
657 964 793 987 exustum.
819 958 878 987 Non
899 960 1022 987 invenies

235 1012 332 1038 obtutu
347 1011 435 1044 ignem
453 1009 479 1036 in
497 1009 544 1036 illo
558 1017 564 1035 :
581 1007 675 1034 subest
691 1011 796 1038 tamen.
810 1009 838 1033 et
855 1006 946 1034 exurit
962 1006 1022 1040 ejus

234 1058 349 1084 viscera.
364 1055 440 1082 Haud
456 1053 535 1081 aliter
555 1060 570 1079 a
592 1051 712 1087 peccatis
732 1051 850 1079 febriens
869 1050 930 1085 quis
954 1058 1022 1078 exu-

234 1103 315 1129 ritur.

266 1148 295 1175 ν.
311 1147 356 1175 25.
377 1145 457 1173 Malis
473 1149 561 1172 autem
573 1144 679 1179 afﬁciet
695 1144 795 1170 aduena
806 1143 912 1170 domum
928 1142 996 1177 ejus.

271 1194 322 1227 Qui
335 1198 429 1221 contra
445 1191 572 1227 populum
587 1191 661 1218 illum
674 1191 785 1226 gerebat
795 1189 906 1222 bellum,
918 1190 1022 1216 advena

232 1245 295 1266 erat
312 1242 340 1265 et
367 1245 420 1264 non
445 1236 608 1272 proselytus.
633 1235 682 1269 Qui
702 1235 781 1262 malis
804 1234 894 1262 atl'ecit
911 1234 1020 1261 domum

234 1284 309 1319 ejus,
332 1282 483 1310 dissolvens
495 1282 568 1317 quod
584 1282 653 1309 tanti
671 1281 753 1308 (lebat
775 1280 973 1313 sanctuarium,
994 1285 1023 1307 et

233 1331 387 1364 civitatem,
400 1338 482 1366 quam
499 1329 669 1364 appellabant
683 1333 815 1356 sanctam.

288 1377 322 1406 ν.
341 1378 386 1405 27.
410 1376 511 1404 Ret-elei
528 1380 616 1403 autent
631 1375 723 1402 uelum
740 1374 892 1408 iniquitates
903 1373 970 1408 ejus.

270 1459 334 1490 Pro,
350 1461 375 1484 et
395 1465 427 1483 ex
453 1455 506 1482 Deo
522 1458 546 1481 et
559 1461 591 1480 ex
611 1452 673 1480 caelo
692 1452 831 1479 sustinebit
857 1450 942 1478 mala.
960 1449 1023 1477 Haac

233 1510 325 1532 autem
341 1503 419 1536 dixit,
438 1502 500 1536 quia
517 1507 577 1527 cum
593 1499 709 1526 dixisset
721 1498 774 1526 Job
790 1505 805 1525 a
820 1497 875 1525 Deo
889 1503 919 1524 se
939 1496 1023 1524 fuisse

233 1551 415 1582 vulneratum,
432 1545 775 1580 commemoraveratquod
796 1549 824 1572 et
843 1544 876 1571 ab
901 1543 1016 1570 homini-
1033 1540 1053 1570 C

221 1598 286 1625 ‘bus
303 1595 399 1630 injuria
424 1593 538 1620 atl'ectus
554 1592 653 1619 fuerat.
669 1590 771 1618 Nititur
788 1590 868 1625 igitur
883 1588 1018 1619 evincere,

232 1642 297 1678 quia
316 1640 408 1668 omnia
425 1644 537 1673 propter
547 1641 655 1672 peccata
668 1636 695 1663 in
713 1643 774 1664 eum
788 1635 897 1662 inducta
909 1632 1018 1660 fuerint.

323 1682 354 1711 ν.
369 1681 414 1710 ετ.
430 1681 511 1708 Terra
522 1686 607 1708 autem
621 1681 741 1715 insurgat
756 1685 847 1706 contra
861 1685 929 1705 eum.

269 1732 326 1766 Ipsa
345 1735 416 1757 terra
436 1728 552 1763 insurgit
568 1727 697 1755 adversus
715 1725 841 1761 populum
855 1724 940 1752 illum.

238 1779 285 1810 Ὗ.
301 1780 398 1809 29.131
414 1779 542 1816 possessio
556 1778 715 1813 facullatum
729 1777 779 1812 ipsi
798 1776 829 1803 ab
845 1776 1001 1810 inspectore.

257 1861 475 1898 'lntélllgisquis
489 1861 627 1895 inspector
641 1859 685 1887 hic
705 1859 861 1886 nominatus
872 1857 933 1885 est?
950 1856 1020 1884 Deus

235 1912 374 1946 inspector
388 1908 479 1936 dictus
501 1911 553 1941 est,
579 1910 607 1934 et
630 1904 751 1940 episcopi
776 1903 848 1931 illius
872 1902 1020 1938 imaginem

224 1957 309 1985 ‘omni
322 1955 412 1988 modo,
426 1954 448 1981 si
467 1953 530 1980 boni
545 1951 675 1987 probique
690 1948 836 1982 sint,-ferre
847 1949 1019 1976 annituntur.

233 2004 268 2031 Et
284 2001 410 2036 sicutqul
425 2000 547 2027 imitatur
567 1997 713 2031 imaginem
731 1995 845 2029 regiam,
869 1995 1021 2022 honoratur

231 2056 266 2075 ex
290 2054 323 2074 eo
345 2044 419 2079 quod
445 2042 558 2077 pulchre
586 2041 709 2067 imitatus
735 2038 782 2071 sit,
802 2039 940 2072 etiamque
957 2037 1019 2071 quia

231 2099 294 2120 eam
308 2090 415 2118 ornavit
431 2096 437 2113 :
452 2089 489 2114 ita
518 2087 613 2114 beatus
640 2084 795 2117 episcopus,
818 2083 864 2117 qui
889 2082 1020 2116 recogitat

233 2145 328 2164 verum
343 2136 511 2169 episcopum,
526 2137 641 2164 eumque
659 2129 811 2161 aemulatur,
827 2133 854 2155 et
867 2127 958 2155 evadit
969 2135 1017 2154 ceu

233 2184 305 2211 inter
321 2180 442 2208 homines
458 2179 528 2206 Deus
541 2186 548 2204 :
563 2177 605 2203 vel
617 2175 665 2210 qui
679 2175 758 2202 habet
777 2175 933 2208 episcopum
943 2181 1015 2204 eum,

1073 916 1163 943 λαϐεῖν
1176 915 1279 942 ἐκείνου
1299 915 1344 942 τοῦ
1359 914 1453 950 πυρὸς,
1468 914 1522 941 νόει
1536 923 1580 949 μοι
1594 914 1639 941 τὸν
1653 915 1692 946 είς
1709 915 1867 951 ὑπερϐολὴν

1073 962 1251 998 πυρέσσοντα,
1268 961 1315 988 καὶ
1333 961 1385 987 ὑπὸ
1405 960 1491 996 πυρὸς
1515 960 1688 996 φλεγόμενον.
1707 961 1763 996 Οὐχ
1778 962 1865 997 εὑρή-

1074 1016 1130 1039 σεις
1146 1007 1206 1042 ὄψει
1221 1007 1251 1033 τὸ
1265 1006 1319 1042 πῦρ
1336 1007 1366 1033 ὲν
1378 1005 1469 1041 αὐτῷ,
1487 1005 1630 1033 ὑπόκειται
1643 1005 1683 1039 δὲ,
1698 1007 1745 1032 καὶ
1756 1007 1866 1034 ἐκκαίει

1073 1052 1154 1079 αὑτοῦ
1177 1052 1211 1079 τὰ
1231 1051 1382 1087 σπλάγχνα.
1407 1051 1500 1084 Οὕτως
1515 1051 1568 1078 ἀπὸ
1584 1051 1637 1078 τῶν
1656 1052 1866 1088 ἁμαρτημάτων

1074 1096 1214 1132 πυρέττων
1229 1105 1271 1129 τις
1285 1097 1434 1123 ὲκκαίεται.

1074 1142 1147 1178 Στίχ.
1164 1145 1210 1169 κε’.
1226 1142 1362 1170 Κακώσαι
1376 1142 1410 1169 δὲ
1424 1143 1518 1170 αὑτοῦ
1532 1142 1682 1176 ὲπήλυτος
1701 1143 1755 1170 τὸν
1767 1144 1864 1171 οἷκον.

1113 1188 1142 1215 '0
1158 1188 1312 1223 πολεμήσας
1329 1188 1374 1214 τὸν
1397 1187 1460 1214 λαὸν
1478 1189 1579 1215 ἐκεῖνον
1601 1189 1732 1225 ὲπήλυτος
1748 1188 1793 1225 ἦν,
1819 1191 1866 1217 καὶ

1072 1234 1103 1260 οὐ
1117 1233 1284 1269 προσήλυτος
1294 1242 1300 1248 ·
1316 1233 1345 1265 ὃς
1358 1233 1497 1261 ἐκάκωσεν
1510 1234 1593 1261 αὑτοῦ
1611 1235 1656 1262 τὸν
1675 1233 1760 1267 οἷκον,
1776 1244 1865 1263 κατα-

1073 1279 1143 1306 λύων
1159 1279 1189 1305 τὸ
1203 1279 1377 1315 νομιζόμενον
1392 1280 1525 1316 ἀγίασμα,
1543 1281 1589 1307 καὶ
1604 1281 1653 1317 τὴν
1670 1281 1745 1309 πόλιν
1757 1282 1792 1317 ἣν
1805 1282 1864 1308 ἔλε-

1073 1334 1120 1360 γον
1138 1323 1207 1352 εἷναι
1223 1325 1312 1360 ἁγίαν.

1074 1371 1130 1408 (59)
1149 1372 1222 1407 Στίχ.
1237 1372 1288 1405 κζ’.
1311 1373 1513 1408 Ἀνακαλὺψιιι
1529 1374 1563 1400 δὲ
1579 1374 1672 1402 αὐτοῦ
1695 1375 1711 1401 ὁ
1733 1375 1865 1409 οὐρανὸς

1363 1408 1417 1441 τὰς
1429 1409 1564 1444 ἀνομίας.

1116 1454 1188 1480 Ἀντὶ
1203 1452 1262 1485 τοῦ,
1274 1453 1329 1481 Καὶ
1339 1453 1373 1481 ἐκ
1386 1455 1459 1481 Θεοῦ
1476 1454 1525 1481 καὶ
1539 1455 1573 1487 ἐξ
1589 1455 1716 1489 οὐρανοῦ
1730 1456 1864 1490 ὑποστή-

1074 1508 1159 1528 σεται
1177 1500 1213 1527 τὰ
1224 1500 1316 1527 δεινά.
1332 1500 1424 1528 Ταῦτα
1435 1502 1462 1528 δὲ
1478 1502 1540 1537 ἔφη,
1552 1502 1644 1538 ἐπειδὴ
1658 1503 1672 1529 ὀ
1691 1502 1761 1535 Ἰὼϐ,
1774 1504 1865 1539 φήσας

1071 1547 1123 1574 ὑπὸ
1135 1547 1202 1574 Θεοῦ
1221 1547 1385 1582 πεπλῆχθαι,
1401 1548 1568 1583 ὲμνημόνευε
1581 1549 1628 1575 καὶ
1640 1549 1677 1580 ὼς
1690 1548 1742 1576 ὑπὸ
1756 1549 1865 1585 ἀνθρὼ-

1071 1602 1130 1620 πων
1154 1593 1328 1629 ὴδικημένος.
1350 1594 1557 1626 Κατασκευάζει
1573 1592 1630 1626 οὖν,
1654 1595 1696 1621 ὅτι
1714 1595 1805 1622 πάντα
1830 1594 1865 1620 δι¹

1071 1639 1209 1675 ἁμαρτίας
1224 1639 1304 1666 αὐτὸν
1320 1639 1465 1675 ἐπηνέχθη.

1146 1685 1200 1720 (60)
1218 1685 1290 1720 Στίχ.
1308 1685 1358 1717 κζ’.
1375 1685 1420 1719 Γῆ
1435 1685 1468 1711 δὲ
1482 1685 1667 1718 ἐπανασταίη
1684 1685 1775 1718 αὐτῷ.

1105 1731 1180 1766 Αὐτὴ
1195 1733 1211 1766 ἠ
1223 1731 1258 1766 γῆ
1277 1731 1453 1758 ἐπανίσταται
1472 1731 1567 1766 ἐκείνῳ
1584 1731 1622 1766 τῷ
1641 1730 1707 1766 λαῷ,

1108 1778 1164 1813 (61)
1181 1778 1255 1812 Στίχ.
1284 1777 1334 1805 κο’.
1359 1778 1412 1804 Kal
1437 1777 1534 1812 κτῆμα
1561 1777 1759 1812 ὑπαρχόντων
1780 1778 1862 1812 αὐτῷ

1299 1813 1378 1847 παρὰ
1395 1812 1446 1839 τοῦ
1457 1813 1634 1840 ἐπισκόπου.

1105 1859 1242 1886 Μανθάνει
1270 1858 1325 1894 (62)
1347 1859 1388 1891 τίς
1407 1859 1556 1891 ἐπίσκοπος
1581 1859 1675 1886 ἐνθάδε
1690 1858 1862 1895 ζώνομάσοης

1070 1904 1111 1931 ὅτι
1127 1904 1192 1936 Θεὸς
1219 1905 1370 1936 ἐπίσκοπος
1384 1905 1502 1941 εἴρηται,
1522 1905 1568 1932 καὶ
1589 1905 1614 1931 ol
1627 1904 1771 1931 ἐπίσκοποι
1786 1905 1861 1931 ὲκεί-

1071 1957 1116 1975 νου
1143 1950 1192 1985 τὴν
1214 1949 1306 1976 εἰκόνα
1321 1949 1402 1976 παντὶ
1427 1950 1465 1985 τῷ
1487 1950 1580 1985 τρόπῳ
1604 1949 1820 1985 φιλοτιμοῦνται,
1835 1949 1861 1976 οἱ

1070 1995 1146 2021 καλοὶ
1159 1995 1207 2022 καὶ
1223 1995 1330 2029 ἀγαθοὶ,
1346 1997 1447 2030 φορεῖν.
1463 1995 1518 2022 Καὶ
1526 1995 1620 2031 ὥσπερ
1634 1996 1648 2022 ὁ
1668 1996 1860 2031 μιμησάμενος

1071 2040 1163 2067 εἰκόνα
1179 2040 1321 2076 βασιλικὴν
1335 2042 1448 2076 τιμᾶται
1463 2041 1509 2067 ἐπὶ
1523 2041 1553 2067 τὸ
1566 2040 1655 2072 καλῶς
1673 2041 1858 2076 μιμήσασθαι,

1071 2087 1182 2121 τιμᾶται
1198 2086 1226 2112 δὲ
1243 2087 1289 2112 καὶ
1309 2086 1355 2112 ἐπὶ
1376 2086 1415 2122 τῷ
1432 2086 1515 2123 αὐτὴν
1529 2086 1729 2122 κεκοσμηκέναι
1740 2094 1746 2101 ·
1771 2085 1860 2117 οὕτως

1042 2127 1049 2131 ’
1072 2131 1205 2166 μακάριος
1223 2132 1383 2163 ἐπίσκοπος,
1403 2133 1417 2159 ὁ
1433 2133 1533 2168 νοήσας
1544 2132 1590 2159 τὸν
1602 2131 1726 2167 ἀληθινὸν
1745 2131 1858 2157 ἐπίσκο-

1071 2185 1130 2209 πον,
1147 2177 1194 2203 καὶ
1211 2177 1299 2212 ζηλῶν
1308 2177 1400 2208 αὑτὸν,
1409 2178 1455 2205 καὶ
1468 2178 1608 2212 γινόμενος
1619 2177 1657 2208 ὡς
1668 2178 1696 2203 ἐν
1704 2175 1859 2211 ἀνθρώποις

232 2229 279 2263 qui
299 2229 385 2261 ipsum
401 2225 464 2252 fecit
477 2231 572 2251 revera
589 2224 613 2250 in
628 2222 738 2249 Christo
757 2219 821 2248 Jcsu
836 2220 992 2254 episcopum
1009 2229 1016 2246 :

1082 2223 1150 2254 ἐός·
1166 2223 1183 2256 ἢ
1198 2223 1265 2258 ἔχων
1283 2222 1431 2249 ἐπίσκοπον
1448 2223 1493 2250 τὸν
1507 2223 1634 2250 ποιοῦντα
1653 2223 1733 2250 αὑτὸν
1750 2221 1858 2258 ἀληθῶς

231 2274 276 2301 cui
306 2272 389 2307 gloria
423 2276 450 2298 et
477 2270 620 2304 imperium
664 2269 691 2295 in
720 2265 818 2294 saacula
844 2265 1016 2293 seculorum.

232 2320 329 2347 Amen.

544 2358 621 2387 CAP.
636 2358 706 2386 XXI.

290 2409 320 2437 ν,
337 2408 363 2436 5.
379 2408 514 2435 [uiuentes
526 2407 552 2433 in
566 2414 616 2438 me,
634 2405 841 2431 admirationem
859 2403 962 2430 habete.

270 2455 367 2482 Dicitis
381 2461 439 2481 esse
452 2453 598 2487 sapientes,
615 2455 643 2478 et
653 2451 724 2478 scire
736 2450 829 2484 utquid
842 2451 897 2477 haec
917 2449 1015 2483 patior,

233 2505 361 2534 tanquam
376 2498 432 2526 Deo
449 2506 501 2525 uou
518 2496 698 2524 indormieute
723 2496 841 2530 peccatis
865 2495 1015 2522 hominum.

232 2546 267 2573 Et
286 2545 344 2572 ausi
362 2544 428 2572 estis
447 2544 537 2571 dicere
556 2551 598 2570 me
612 2547 781 2577 peccatorem
804 2549 875 2574 esse,
899 2547 926 2567 et
946 2541 1018 2574 juste

232 2592 260 2619 iu
276 2593 333 2619 luec
347 2590 512 2626 pervenisse.

322 2637 353 2665 V.
369 2637 396 2664 7.
411 2636 622 2663 Inveleruvenmt
639 2638 761 2662 autemet
777 2634 803 2660 in
821 2633 928 2661 divitiis.

268 2685 324 2712 Non
338 2689 401 2712 sunt
415 2690 499 2718 nuper
513 2682 612 2708 divites
631 2681 731 2713 eﬂccti,
757 2680 802 2707 sed
820 2679 918 2706 multos
934 2687 1017 2707 annos

269 2743 325 2777 (56)
336 2743 402 2770 Cod.
417 2747 540 2775 uterque.

268 2779 325 2811 (57)
342 2777 469 2811 Uterque.

267 2813 324 2847 (53)
338 2814 438 2840 (ioul'er
452 2818 479 2841 et
494 2813 600 2848 Olymp.

266 2849 324 2883 (59)
342 2848 416 2874 Unus
435 2849 495 2876 cod.
516 2846 610 2876 tribuit
624 2846 811 2882 Polychrouio.

266 2883 323 2918 (uc)
335 2884 398 2911 God.
414 2891 469 2910 ut.

1068 2270 1099 2295 ὲν
1113 2268 1222 2304 Χριστῷ
1238 2269 1325 2304 Ἰησοῦ
1343 2269 1505 2295 ἐπίσκοπον·
1523 2266 1575 2304 ᾦὴ
1595 2269 1658 2302 δόξα
1674 2270 1720 2295 καὶ
1740 2268 1771 2294 τὸ
1790 2268 1858 2303 κρά-

1070 2324 1115 2348 τος
1126 2316 1166 2348 εἱς
1179 2317 1241 2347 τοὺς
1254 2315 1354 2347 αιῶνας
1366 2315 1420 2341 τῶν
1430 2315 1549 2344 αἰώνων.
1568 2316 1663 2350 Ἀμήν.

1384 2361 1462 2388 ΚΕΦ.
1474 2361 1540 2388 KA’.

1071 2407 1126 2444 (65)
1144 2407 1217 2443 Στίχ.
1233 2407 1264 2434 ε’.
1277 2407 1501 2442 Εὶσϐλέψαντες
1518 2409 1561 2441 εἰς
1573 2406 1625 2441 ἐμὲ
1642 2405 1739 2441 θαῦμα
1753 2405 1855 2440 σχὲτε.

1105 2454 1175 2480 Φατὲ
1192 2453 1269 2488 σοφοὶ
1283 2451 1362 2487 εἶναι,
1387 2453 1433 2480 καὶ
1456 2453 1553 2481 εἰδέναι
1581 2452 1624 2479 διὰ
1648 2453 1675 2478 τί
1697 2451 1781 2478 ταῦτα
1806 2451 1857 2477 πα-

1073 2509 1138 2536 σχω,
1152 2500 1190 2532 ὡς
1210 2499 1257 2527 τοῦ
1273 2500 1341 2526 Θεοῦ
1366 2500 1403 2536 μὴ
1428 2499 1597 2535 κοιμωμένου
1621 2498 1666 2525 ἐπὶ
1687 2499 1745 2529 τοῖς
1766 2499 1856 2532 ἀμαρ-

1071 2547 1174 2581 τήμασι
1189 2545 1243 2572 τῶν
1265 2545 1426 2581 ἀνθρώπων.
1455 2545 1510 2571 Καὶ
1531 2544 1696 2580 ἐτολμήσατε
1719 2552 1752 2579 με
1769 2543 1856 2576 λέγειν

1073 2591 1231 2626 ἁμαρτωλὸν
1247 2588 1327 2623 εἶναι,
1344 2591 1391 2617 καὶ
1405 2591 1516 2623 δικαίως
1533 2591 1573 2622 εἰς
1592 2590 1678 2617 ταῦτα
1697 2588 1855 2624 ἐφθακέναι.

1090 2636 1145 2671 (64)
1161 2636 1235 2670 Στίχ.
1254 2635 1286 2667 ζ’.
1302 2637 1527 2662 Πεπαλαίωνται
1545 2635 1579 2662 δὲ
1595 2636 1642 2662 καὶ
1658 2635 1693 2661 ἑν
1708 2634 1837 2667 πλούτῳ.

1107 2681 1164 2708 Οὐκ
1193 2681 1246 2707 εἰσὶ
1270 2681 1435 2714 νεόπλουτοι,
1466 2681 1534 2709 ἀλλὰ
1567 2681 1651 2708 πολλὰ
1675 2680 1722 2716 ἐτη
1743 2679 1847 2714 πεποιή-

1107 2738 1163 2772 (th
1174 2738 1279 2774 Confer
1301 2738 1408 2774 Olymp.

1107 2773 1163 2806 (62)
1182 2773 1263 2801 Forte
1275 2773 1440 2805 Μανθάνεις.

1106 2808 1163 2843 (65)
1179 2809 1245 2835 Cod.
1260 2814 1385 2843 uterque.

1179 2839 1337 2881 Co_d._»x_r_l.'
1354 2845 1431 2873 Alius
1459 2843 1554 2876 tribuit
1575 2841 1682 2877 Joanui.
1697 2855 1732 2863 ——
1757 2839 1848 2868 Confel

1067 2884 1088 2906 ι.
1104 2877 1159 2911 XII,
1176 2878 1227 2906 cui.
1245 2878 1322 2905 1033.
