1918 3069
351 204 380 232 ν.
401 205 442 232 Η.
462 204 557 231 Filioli
574 209 660 232 autent
672 213 760 232 eorum
784 207 909 234 illuduut.
1039 210 1060 238 Α

311 249 343 278 ν.
357 250 399 277 12.
415 250 582 277 Assumentes
603 251 757 285 psalterium
774 257 797 278 et
812 252 949 279 citharam.

275 297 365 325 Nostri
377 301 517 324 assumunt
533 297 689 331 psalterium
706 302 733 325 et
746 299 891 330 citharam,
907 298 1021 326 laudan-

240 348 281 370 tes
306 343 400 375 Deum,
421 346 448 368 et
464 342 648 376 gloriﬁcantes
663 343 746 370 illum.
770 343 881 371 Illorum
904 352 964 371 vero
988 345 1023 378 ﬁ-

239 389 307 422 lioli,
323 388 368 422 qui
385 387 474 414 stolidi
490 393 552 415 sunt
569 389 594 415 in
607 388 850 424 seipsis,illudunt,
863 396 1022 417 assumemes

239 434 392 468 psalterium
421 439 444 460 et
471 433 609 460 citharam.
633 435 863 469 Quandocumque
889 439 1021 469 usurpant

239 482 310 508 dicta
324 480 430 508 Veteris
444 479 621 512 Testamenti,
636 480 761 513 illudunt,
774 486 801 508 et
823 481 938 509 irrident
957 489 1019 509 ora-

238 526 297 554 cula
312 526 378 560 legis
389 533 422 553 ac
437 526 641 561 prophetarum.
659 527 835 554 Assumenles
851 527 1018 560 harmonica,

240 572 398 607 psalterium
418 580 513 607 nempe
533 573 608 607 legis,
625 577 651 599 et
668 572 802 600 citharam
824 573 1019 608 propheticam,

240 619 355 646 illudunt
374 618 435 645 illis.

402 709 431 736 ν.
448 708 481 735 12
505 708 537 734 Et
553 707 675 735 lwtantur
687 716 746 734 vace
757 707 861 742 psalmi.

276 757 328 791 ipsi
355 763 462 790 quoque
480 755 573 782 dicunt
590 754 708 788 psalmos
733 753 879 786 Valentini,
903 757 931 779 et
955 753 1021 779 odas

240 803 375 832 Basilidis,
393 806 419 829 et
434 802 556 836 quaedam
575 800 729 834 huiusmodi
758 799 947 834 pronuntiant,
973 798 1021 825 lte-

240 853 327 875 tantes
343 855 407 874 voce
423 847 527 881 psalmi.

310 894 341 921 ν.
358 893 401 920 15.
417 893 448 920 In
465 893 551 928 requie
568 897 654 918 autent
667 892 763 926 inferni
777 891 947 918 dormierunt.

274 941 301 966 ln
321 940 413 973 requie
427 943 525 970 autem,
541 946 593 965 non
608 938 680 970 coeli,
709 938 755 966 sed
781 937 880 964 inferni
903 937 1019 963 dormie-

239 993 312 1013 runt.
339 985 393 1013 Nos
417 990 506 1013 autern
527 992 646 1017 oramus,
669 984 740 1011 haud
764 984 790 1010 in
809 984 903 1018 requie
922 982 1018 1010 inferni

237 1033 368 1064 dormire,
389 1032 436 1059 sed
453 1031 479 1058 in
496 1031 543 1059 Dei
561 1031 654 1065 requie
676 1031 701 1057 in
726 1030 830 1057 sanctis
852 1030 940 1059 caelis.
957 1036 1018 1055 cum

236 1078 347 1106 Christo
362 1085 423 1113 rege
436 1082 550 1109 nostro;
569 1077 611 1103 cui
629 1075 715 1110 gloria
732 1081 760 1102 et
777 1075 917 1110 imperium
930 1075 956 1101 in
969 1081 1019 1100 sae-

237 1125 296 1152 cula
314 1125 482 1152 saeculorum.
504 1124 597 1150 Amen.

524 1215 636 1242 CAPUT
650 1213 730 1241 XXII.

239 1263 270 1290 ν.
284 1263 310 1290 2.
331 1262 457 1297 Nunquid
482 1270 530 1289 non
552 1261 677 1288 Dominus
691 1265 740 1292 est,
758 1260 804 1297 qui
823 1259 895 1286 docet
921 1258 1019 1285 intelli—

462 1299 578 1332 gentiam
590 1303 612 1323 et
626 1296 782 1323 scientiam?

273 1345 339 1378 Quae
353 1344 577 1371 administrantur
588 1351 601 1369 ιι
616 1342 718 1377 Spiritu
734 1347 838 1374 sancto,
859 1341 938 1376 digna
956 1345 1019 1368 sunt

239 1395 268 1417 ut
284 1390 482 1418 describantur.
494 1388 642 1424 Propterea
664 1388 866 1421 describuntur,
881 1392 910 1414 ut
933 1387 1019 1414 lector

235 1437 346 1471 juvetur
361 1443 393 1463 ex
418 1435 450 1463 iis
474 1443 534 1470 qua:
548 1435 682 1470 leguntur.
704 1433 760 1461 Nisi
779 1434 861 1468 igitur
878 1434 958 1460 utiles
974 1441 1019 1460 es-

239 1487 299 1511 sent
314 1489 453 1510 sermones
471 1481 566 1508 horum
584 1481 676 1513 trium,
692 1480 736 1515 qui
750 1484 881 1507 venerunt
898 1480 930 1506 ad
955 1478 1016 1512 Job,

239 1529 277 1555 ita
298 1532 327 1555 ut
339 1527 424 1554 lector
436 1526 559 1560 accipere
572 1525 674 1560 aliquid
689 1525 772 1559 possit
787 1524 821 1551 ab
841 1525 874 1551 iis
891 1532 950 1559 quae
970 1532 1018 1559 per

239 1575 300 1602 illos
313 1574 346 1601 ad
365 1571 416 1601 Iob
432 1572 503 1600 dicta
524 1577 604 1602 sunt;
625 1579 677 1598 non
704 1570 795 1605 utique
811 1571 902 1598 divina
928 1570 1017 1605 provi-
1031 1563 1053 1594 C

233 1621 330 1649 identia
344 1620 371 1647 in
391 1619 490 1647 librum
506 1618 556 1646 Joh
564 1618 676 1646 describi
686 1617 792 1645 fecisset
808 1623 947 1644 sermones
972 1617 1018 1643 ho-

239 1675 299 1695 rum
317 1667 408 1694 trium.
426 1664 502 1692 Licet
518 1671 583 1698 ergo
599 1667 630 1690 ut
644 1662 705 1698 quis
722 1662 932 1690 emolumentum
959 1669 1019 1697 per-

238 1714 321 1748 cipiat
331 1720 347 1740 a
365 1711 534 1740 sermonibus
549 1717 655 1741 eorum,
671 1709 841 1744 dogmatibus
856 1709 1016 1736 intendens:

236 1762 363 1788 observet
375 1766 439 1786 vero
458 1758 553 1785 vitium
579 1763 736 1784 sermonum
757 1756 784 1783 in
806 1763 859 1783 uno
877 1762 939 1783 esse
951 1757 1018 1782 dun-

229 1812 325 1839 taxat,
336 1806 444 1841 quoties
460 1811 556 1840 nempe
567 1803 663 1832 Jobum
683 1802 851 1835 insimulant,
872 1802 924 1829 rati
945 1802 1017 1829 illum

237 1854 292 1890 pati
307 1859 416 1888 propter
430 1859 473 1883 ea,
488 1857 548 1885 quae
562 1849 715 1885 peccaverit
729 1858 735 1876 :
755 1856 808 1876 non
829 1847 950 1875 videntes
962 1867 969 1879 ,
991 1852 1019 1874 et

238 1900 305 1927 alias
323 1905 382 1927 esse
398 1897 494 1925 multas
513 1903 621 1929 causas,
635 1895 810 1930 quamobrem
837 1894 908 1921 istud
929 1894 1018 1921 homi-

239 1945 317 1973 nibus
332 1944 482 1978 contingat.
500 1941 578 1969 Talia
605 1945 668 1969 sunt
699 1948 757 1975 qua:
783 1940 959 1967 constitutum
976 1944 1018 1967 est

237 1992 308 2022 ﬁeri,
321 1991 390 2017 bona
412 1990 470 2016 sive
486 1987 610 2020 molesta,
634 1991 681 2014 aut
705 1994 876 2021 quocumque
902 1986 1018 2014 voluerit

238 2038 298 2071 quis
315 2043 346 2062 ea
359 2036 469 2062 nomine
485 2042 594 2062 vocare.
613 2033 648 2060 Et
664 2038 720 2065 post
736 2041 820 2067 pauca
833 2041 843 2059 :
855 2032 949 2060 Nonne
963 2032 1018 2060 Do-

236 2083 385 2113 minusest,
413 2081 458 2115 qui
489 2081 562 2107 docet
590 2079 789 2114 intelligentiam
805 2083 830 2106 et
855 2079 1018 2106 scientiam?

236 2128 337 2162 Dogma
357 2134 451 2154 sanum
470 2130 512 2154 est
528 2135 535 2153 :
555 2126 681 2161 quoniam
699 2133 781 2152 verus
801 2125 894 2153 doctor
909 2126 1018 2153 virtutis

236 2183 289 2203 non
306 2178 395 2209 potest
421 2180 480 2201 esse
507 2173 596 2200 homo.
625 2172 676 2205 Qui
699 2172 772 2199 docet
797 2172 868 2199 enirn
886 2173 1017 2199 hominem

235 2222 372 2248 scientiam
385 2221 419 2255 ¹⁹,
432 2221 511 2248 etiam
524 2221 549 2248 in
573 2219 687 2248 Psalmis
700 2218 837 2251 scribitur,
853 2227 906 2246 non
934 2219 1014 2246 alium

234 2274 306 2301 esse,
321 2273 401 2301 quam
414 2266 507 2293 Deum.
520 2265 638 2299 Et,Doce
645 2273 696 2298 me,
711 2263 945 2300 inquitPropheta,
950 2264 1015 2299 jura

229 2317 283 2340 tua
297 2312 342 2340 ":
371 2312 457 2340 scietis
471 2311 556 2339 Deum
573 2319 633 2339 esse
645 2311 784 2339 doctorem
797 2318 889 2338 verum
911 2316 937 2338 et
952 2319 1015 2346 per—

235 2358 345 2386 fectum.
361 2357 444 2385 Docet
455 2364 520 2385 vero
534 2356 613 2391 Deus,
629 2356 760 2392 aﬂulgens
775 2357 873 2384 anima:
886 2357 1015 2385 discentis

237 2404 271 2432 ab
284 2405 354 2439 ipso,
369 2409 397 2432 et
408 2407 525 2431 mentem
533 2403 688 2431 illuminans
698 2403 808 2436 lumine,
818 2403 907 2430 veraci
917 2410 1014 2438 nempe

234 2452 318 2479 verbo
335 2459 393 2478 suo.
413 2451 504 2484 Quare
519 2450 599 2477 etiam
615 2450 738 2477 homines
755 2449 822 2484 justi
835 2451 934 2477 docent
951 2456 1011 2483 nos,

228 2497 281 2533 qui
298 2497 412 2524 docendi
429 2499 544 2531 gratiam
557 2501 730 2530 acceperunt.

324 2579 356 2606 V.
370 2578 397 2605 4.
422 2578 455 2605 Et
471 2578 723 2613 ingredieturteeum
738 2578 764 2603 in
781 2578 921 2611 judicium.

268 2623 413 2650 Rationem
428 2622 530 2650 habens
552 2622 622 2649 Deus
636 2623 705 2657 ejus,
724 2623 766 2657 qui
788 2623 857 2649 illius
871 2623 1029 2654 ordinatur.

234 2668 414 2702 providentia,
426 2667 514 2701 arguit
527 2675 599 2694 eum.
615 2666 647 2692 Et
659 2668 818 2702 ingredietur
829 2672 914 2694 tecum
928 2668 954 2694 in
970 2668 1013 2701 iu-

232 2715 340 2740 dicium.
356 2713 432 2747 Saepe
446 2713 572 2745 diximus,
590 2712 612 2738 si
628 2714 735 2746 quando
755 2713 872 2739 occurrit
886 2713 936 2740 hoc
963 2713 1012 2741 do-

267 2761 290 2776 “
305 2760 377 2788 Psal.
394 2767 472 2791 xcm,
485 2760 529 2786 10.
582 2761 604 2776 ⁷⁰
618 2760 689 2787 Psal.
705 2769 800 2794 cxvm,
821 2761 862 2788 12.

268 2817 323 2855 ((ξρ.)
338 2817 408 2855 (led:
419 2823 541 2852 uterque.
556 2817 623 2846 Hinc
634 2819 723 2846 hausit
736 2818 887 2855 Olympiod.

266 2852 320 2885 (li?)
336 2852 438 2880 Αὐτῶν.

264 2887 320 2922 (68)
333 2887 373 2915 Ct.
393 2893 411 2916 ι.
424 2887 480 2922 Xll,‘
501 2889 552 2917 col.
572 2888 649 2916 1055.

688 144 970 173 SUPPLEMENTUM
989 145 1033 172 AD
1053 146 1213 174 ()‘RIGENIS
1233 147 1436 174 EXEGETICA.

1826 148 1868 176 80

1117 208 1190 242 Στίχ.
1209 207 1254 234 ια’.
1275 207 1312 234 Τὰ
1323 207 1356 233 δὲ
1371 206 1474 233 παιδία
1483 206 1582 234 αὐτῶν
1595 207 1823 241 προσπαίζουσι.

1075 253 1148 288 Στίχ.
1169 253 1211 279 ιϐ’.
1237 253 1444 285 Ἀναλαϐόντες
1468 253 1635 287 ’ψαλτήριον
1655 254 1703 280 καὶ
1722 253 1867 288 κιθάραν.

1107 299 1137 324 Οἰ
1153 298 1283 334 ἡμέτεροι
1302 298 1519 333 ἀναλαμὸάνουσι
1539 298 1686 334 ψαλτήριον
1708 299 1756 326 καὶ
1782 299 1869 325 κιθά-

1074 351 1133 379 ραν,
1161 343 1306 378 ὑμνοῦντες
1326 343 1371 370 τὸν
1384 344 1460 376 Θεὸν,
1475 344 1521 371 καὶ
1539 344 1741 378 δοξολογοῦντες
1765 345 1865 372 αὐτόν.

1079 390 1214 417 Ἐκείνων
1225 389 1258 417 δὲ
1271 391 1306 417 τὰ
1320 390 1432 423 παιδία,
1446 391 1470 417 οἰ
1485 391 1592 426 ἀνόητοι
1607 392 1636 418 ὲν
1652 392 1754 423 αὐτοῖς,
1763 399 1868 425 προσ-

1071 436 1245 470 παίζουσιν,
1267 436 1527 471 ἀναλαμϐάνοντες
1560 437 1727 472 ψαλτήριον
1746 438 1798 465 καὶ
1816 444 1867 464 κι-

1073 483 1175 516 θάραν.
1192 483 1250 509 Ὄτ⁴
1266 483 1299 510 ἂν
1320 483 1472 511 ἀναλάϐωσι
1484 485 1546 517 τοὺς
1567 485 1660 519 λόγους
1673 486 1722 520 τῆς
1737 485 1867 517 Παλαιᾶς

1072 528 1219 564 Διαθήκης,
1247 530 1454 564 προσπαίζουσι,
1476 531 1522 557 καὶ
1545 531 1642 564 γελῶσι
1659 531 1693 558 τὰ
1716 532 1794 565 λόγια
1809 531 1867 558 τοῦ

1072 575 1152 610 νόμου
1179 575 1226 602 καὶ
1242 575 1295 601 τῶν
1310 577 1465 612 προφητῶν,
1475 577 1720 612 Ἀναλαμϐάνοντες
1733 577 1768 604 τὰ
1778 578 1867 613 ἐναρ-

1075 620 1162 655 μόνια,
1180 620 1328 655 ψαλτήριον
1341 621 1371 647 τὺ
1387 621 1434 648 τοῦ
1447 622 1539 657 νόμου,
1557 622 1672 658 κιθάραν
1685 622 1734 657 τὴν
1749 630 1865 657 προφη-

1072 666 1159 702 τικὴν,
1178 667 1390 702 προσπαίζουσιν
1402 668 1502 700 αὐτοῖς.

1124 711 1196 746 Στίχ.
1223 711 1265 738 ιε’.
1281 712 1335 739 Kal
1350 714 1557 748 εὐφραίνονται
1571 714 1657 748 φωνῇ
1670 714 1803 749 ψαλμοῦ.

1107 758 1162 785 Καὶ
1174 759 1249 786 αὐτοὶ
1261 758 1384 793 λέγουσιν
1405 760 1528 796 ψαλμοὺς
1549 761 1736 794 οὺαλεντίνου,
1748 761 1795 788 καὶ
1819 762 1867 788 λέ-

1072 812 1162 838 γουσιν
1182 805 1254 840 ᾠδὰς
1275 806 1441 838 Βασιλειδου,
1460 807 1506 833 καὶ
1523 807 1634 834 τοιαῦτα
1646 816 1705 834 τινα
1725 807 1866 843 φθέγγοιν-

1071 859 1126 884 ται⁷
1141 852 1348 887 εὐφραινόμενοι
1364 855 1438 888 φωνῇ
1450 853 1567 888 ψαλμοῦ.

1036 885 1057 912 Β
1073 896 1148 931 Στῐχ.
1242 885 1290 924 Ἑιε
1307 898 1342 924 δὲ
1358 885 1526 926 araer-adest
1547 899 1620 932 ᾅδου
1642 899 1862 934 ἐκοιμήθησαν.

1115 942 1158 968 Ἐν
1174 943 1201 968 δὲ
1222 943 1372 970 ἀναπαύσει
1388 944 1437 970 οὐκ
1457 944 1583 979 οὐρανοῦ,
1600 945 1655 971 ἀλλ’
1672 945 1733 980 ᾅδου
1745 946 1865 981 ἐκοιμή-

1073 987 1167 1023 θησαν.
1189 989 1283 1023 Ἡμεῖς
1307 989 1334 1015 δὲ
1355 989 1489 1024 εὐχόμεθα
1510 990 1559 1016 οὐκ
1578 992 1606 1017 ἑν
1620 991 1770 1017 ἀναπαύσει
1792 991 1862 1027 ᾅδου

1073 1033 1246 1069 κοιμηθῆναι,
1267 1034 1323 1061 ἀλλ’
1338 1035 1366 1061 ὲν
1377 1035 1527 1063 ἀναπαύσει
1542 1036 1608 1063 Θεοῦ
1623 1037 1651 1063 ὲν
1664 1039 1720 1069 τοῖς
1731 1037 1862 1073 οὐρανοῖς

1072 1080 1128 1110 τοῖς
1139 1079 1226 1113 ἁγίοις
1251 1081 1319 1115 μετά
1339 1081 1457 1116 Χριστοῦ
1478 1082 1663 1117 βασιλεύοντος
1684 1083 1778 1118 ἡμῶν·
1800 1080 1823 1117 ᾦ
1842 1085 1860 1119 ἡ

1072 1124 1135 1156 δόξα
1156 1126 1201 1152 καὶ
1219 1126 1249 1152 τὸ
1276 1127 1376 1161 κράτος
1403 1128 1443 1159 εἰς
1465 1128 1526 1160 τοὺς
1548 1128 1649 1160 αἰῶνας
1670 1124 1723 1155 τῶν
1737 1129 1859 1156 αἰώνων.

1079 1169 1172 1205 ’Λμήν.

1384 1217 1463 1246 ΚΕΦ.
1483 1219 1547 1245 ΚΒ¹.

1073 1261 1128 1298 (66)
1146 1263 1220 1297 Στίχ.
1241 1263 1272 1297 β’.
1290 1264 1418 1297 Πότερον
1438 1264 1505 1298 οὐχὶ
1525 1264 1633 1298 Κύριός
1649 1264 1733 1291 ἐστιν
1745 1265 1762 1291 ὁ
1777 1263 1863 1291 διδά-

1173 1298 1180 1303 ”
1211 1305 1295 1324 σκων
1314 1299 1442 1326 σύνεσιν
1461 1299 1510 1326 καὶ
1527 1299 1714 1334 emorimur;

1108 1343 1147 1370 Τὰ
1166 1344 1380 1380 οἰκονομούμενα
1395 1344 1447 1371 ὑπὸ
1463 1344 1510 1371 τοῦ
1523 1345 1601 1379 ἁγίου
1616 1344 1777 1380 Πνεύματος
1791 1346 1861 1372 ἁνα-

1071 1389 1180 1424 γραφῆς
1194 1389 1341 1425 ἀξιωθῆναι
1358 1391 1420 1427 χρή.
1433 1391 1482 1418 Διὰ
1497 1391 1575 1418 τοῦτο
1588 1391 1772 1427 ἀναγράψεται
1787 1391 1862 1427 ὑπὲρ

1071 1435 1117 1461 τοῦ
1134 1436 1179 1462 τὸν
1204 1437 1401 1472 ἐντυγχάνοντα
1424 1437 1585 1471 ὠφελεῖσθαι
1602 1439 1634 1465 ὲκ
1650 1438 1703 1464 τῶν
1723 1438 1863 1472 ἀναγινω-

1072 1480 1221 1515 σκομένων.
1247 1481 1278 1508 Εἰ
1307 1482 1343 1517 μὴ
1367 1479 1413 1510 οὗν
1437 1481 1648 1519 χρήσιμοιῆσαν
1665 1485 1690 1510 οἰ
1713 1483 1786 1518 λόγοι
1801 1483 1862 1510 τῶν

1071 1526 1164 1562 τριῶν,
1180 1526 1239 1554 τῶν
1251 1528 1479 1564 παραγενομένων
1503 1529 1571 1564 πρὸς
1596 1530 1641 1557 τὸν
1660 1529 1730 1564 Ἰὼϐ,
1749 1530 1788 1562 ὡς
1811 1531 1862 1557 τὸν

1069 1572 1263 1608 ἐντυγχάνοντα
1277 1573 1368 1600 λαϐεῖν
1379 1583 1405 1600 τι
1418 1574 1471 1601 ἀπὸ
1481 1574 1534 1601 τῶν
1549 1576 1698 1611 εἰρημένων
1709 1576 1755 1602 ὐπ’
1766 1577 1862 1604 αὐτῶν

1069 1617 1137 1653 πρὸς
1147 1617 1192 1645 τὸν
1215 1617 1289 1644 Ἰώϐ·
1302 1618 1352 1645 οὐκ
1368 1618 1401 1645 ἂν
1417 1620 1434 1655 ἡ
1452 1620 1563 1655 πρόνοια
1580 1621 1619 1652 εἰς
1634 1620 1682 1657 τὴν
1703 1621 1794 1656 βίϐλον
1808 1622 1862 1649 τοῦ

1075 1662 1135 1689 ’1ὼό
1159 1663 1287 1699 ἐποίησεν
1310 1665 1501 1702 ἀναγραφῆναι
1521 1667 1568 1693 καὶ
1592 1667 1654 1698 τοὺς
1684 1667 1780 1701 λόγους
1802 1668 1862 1694 τῶν

1068 1709 1162 1744 τριῶν.
1182 1710 1277 1737 Ἔστιν
1293 1708 1339 1737 οὖν
1355 1711 1527 1746 ὠφεληθῆναι
1556 1712 1604 1748 μὲν
1626 1713 1680 1739 ἀπὸ
1699 1713 1754 1739 τῶν
1768 1713 1861 1748 λόγων

1068 1755 1150 1782 αὑτοῦ
1163 1756 1229 1793 (67),
1241 1757 1375 1792 ἐνορῶντα
1386 1760 1443 1790 τοῖς
1450 1758 1594 1794 δόγμασιν·
1609 1759 1675 1794 ὀρᾷν
1683 1759 1711 1785 δὲ
1722 1759 1753 1785 τὺ
1761 1759 1863 1796 ἐγκλη-

1067 1810 1113 1828 τον
1123 1801 1176 1829 τῶν
1192 1802 1278 1837 λόγων
1290 1804 1353 1838 περὶ
1364 1803 1392 1830 ἓν
1408 1805 1496 1839 μόνον,
1513 1805 1556 1831 ὅτε
1570 1805 1706 1832 αἰτιῶνται
1720 1805 1766 1832 τὸν
1785 1806 1861 1840 Ἰὼϐ,

1068 1847 1184 1883 οἰόμενοι
1205 1848 1286 1875 αὐτὸν
1306 1849 1420 1884 πάσχειν
1437 1850 1481 1877 διὰ
1498 1850 1533 1877 τὰ
1559 1851 1741 1887 ἡμαρτημένα
1761 1852 1859 1887 αὐτῷ’

1068 1893 1116 1928 οὐχ
1128 1893 1255 1929 ὁρῶντες,
1269 1895 1310 1921 ὅτι
1328 1895 1374 1922 καὶ
1388 1895 1455 1922 ἄλλα
1471 1896 1558 1922 πολλὰ
1571 1896 1644 1923 αἴτιά
1655 1898 1712 1923 ἐστι
1724 1897 1771 1924 τοῦ
1788 1906 1861 1934 συμ-

1068 1938 1169 1965 ϐαίνειν
1187 1939 1350 1976 ἀνθρώποις.
1371 1941 1490 1968 Τοιαῦτά
1502 1943 1560 1968 ἐστι
1578 1944 1761 1978 νενομισμένα
1785 1943 1860 1971 εἶναι

1068 1984 1138 2011 καλὰ
1160 1985 1175 2020 ἢ
1204 1985 1355 2021 χαλεπᾰ,ἣ
1382 1987 1455 2018 ὅπως
1483 1987 1547 2013 ποτὲ
1571 1987 1695 2022 βούλεταί
1716 1997 1759 2023 σις
1785 1990 1860 2016 αὐτὰ.

1068 2030 1217 2065 ὀνομάζειν.
1239 2032 1294 2058 Καὶ
1311 2032 1374 2067 μετ’
1395 2033 1495 2068 ὀλίγα·
1523 2033 1653 2068 Πότερον
1669 2035 1737 2068 οὺχί
1761 2037 1777 2061 ό
1800 2037 1858 2062 Κύ-

1063 2076 1129 2109 ριός
1156 2077 1240 2103 ἐστιν
1255 2079 1272 2104 ὀ
1293 2078 1443 2105 διδάσκων
1458 2079 1586 2106 σύνεσιν
1600 2080 1647 2107 καὶ
1667 2081 1858 2116 ἐπιστήμην;

1068 2121 1122 2156 (68)
1131 2121 1169 2148 Τὸ
1183 2122 1271 2158 δόγμα
1286 2123 1362 2158 ὑγιές
1391 2125 1464 2150 ἐστι·
1481 2124 1520 2151 ὃτι
1547 2124 1673 2160 ἀληθινὸς
1693 2126 1859 2160 διδάσκαλος

1067 2167 1167 2203 ἀρετῆς
1187 2168 1217 2194 οὐ
1241 2169 1352 2196 δύναται
1375 2168 1443 2196 εἶναι
1469 2170 1621 2205 ἄνθρωπος,
1650 2172 1681 2198 Ὀ
1702 2172 1859 2200 διδάσκω)-

1067 2212 1121 2247 γὰρ
1133 2214 1290 2248 ἄνθρωπον
1307 2215 1429 2251 γνῶσιν,
1447 2217 1493 2243 καὶ
1509 2217 1537 2243 ἐν
1548 2219 1604 2249 τοῖς
1618 2219 1743 2254 Ψαλμοῖς
1756 2219 1858 2254 ἀναγέ-

1067 2253 1197 2294 γραπταιξ
1217 2261 1257 2286 ὅτι
1273 2261 1323 2288 οὐκ
1336 2261 1414 2293 ἄλλος
1431 2263 1505 2288 ἐστὶν
1525 2262 1540 2298 ἢ
1555 2263 1630 2295 Θεός.
1646 2253 1711 2295 καὶ,
1723 2264 1857 2297 Δίὸαξώ·

1063 2314 1111 2340 με,
1128 2306 1446 2341 φησίν,τὰὸικαιώμίιτά
1457 2309 1547 2340 σου,ὁ
1561 2310 1801 2345 Προφήτης,εἰᾶὶ›ς
1813 2311 1856 2338 δι-

1065 2350 1197 2378 δάσκαλον
1216 2349 1286 2378 εἶναι
1309 2352 1395 2388 ἀληθῆ
1421 2354 1466 2380 καὶ
1484 2353 1587 2380 τέλειον
1605 2355 1650 2381 τὸν
1672 2355 1748 2381 Θεόν.
1776 2357 1856 2383 Διδά-

1065 2404 1124 2424 σκει
1135 2397 1163 2424 δὲ
1177 2398 1190 2424 ὁ
1208 2398 1274 2430 Θεὸς
1289 2399 1435 2434 ἐλλάμπων
1453 2401 1486 2435 τῇ
1504 2399 1575 2436 ψυχῇ
1597 2400 1644 2426 τοῦ
1671 2401 1856 2436 μανθάνοντος

1064 2443 1110 2469 ὑπ’
1126 2444 1219 2476 αὑτοῦ,
1237 2445 1284 2471 καὶ
1302 2446 1350 2482 τὴν
1374 2446 1491 2473 διάνοιαν
1516 2447 1639 2481 φωτίζων
1657 2447 1695 2483 τῷ
1715 2449 1796 2482 φωτὶ,
1815 2449 1856 2484 τῷ

1061 2489 1181 2526 ἀληθινῷ
1195 2490 1267 2526 λόγῳ
1283 2491 1375 2518 αὑτοῦ.
1389 2491 1444 2528 (69)
1456 2492 1560 2518 Οὐκοῦν
1576 2493 1622 2518 καὶ
1642 2492 1738 2527 ἄνδρες
1753 2493 1855 2521 δίκαιοι

1065 2535 1134 2570 ἡμᾶς
1152 2535 1307 2562 διδάσκουσι
1329 2537 1522 2572 διδασκαλικὴν
1532 2537 1673 2572 εἰληφότες
1688 2537 1770 2573 χάριν
1783 2537 1853 2573 (70).

1065 2578 1121 2615 (71)
1137 2580 1209 2615 Στίχ.
1221 2581 1251 2607 δ’.
1268 2582 1322 2608 Καὶ
1336 2582 1602 2608 συνιεισελεύσεταί
1615 2589 1662 2608 σοι
1676 2583 1720 2615 εἰς
1741 2584 1852 2617 κρίσιν.

1099 2625 1184 2659 Λόγον
1201 2626 1358 2662 ποιούμενος
1368 2628 1382 2653 ὀ
1396 2626 1461 2658 Θεὸς
1469 2626 1515 2653 τοῦ
1533 2627 1730 2663 προνοουμένου
1745 2628 1792 2655 ὑπ’
1804 2629 1855 2655 αὺ-

1064 2671 1122 2704 τοῦ,
1145 2672 1250 2708 ἐλέγχει
1265 2674 1356 2700 αὐτόν.
1375 2675 1430 2700 Καὶ
1447 2675 1714 2702 συνεισελεύσεταί
1735 2683 1785 2702 σοι
1809 2678 1855 2710 εἰς

1066 2718 1177 2751 κρίσιν.
1194 2719 1325 2751 Πολλάκις
1339 2719 1462 2755 εἴπομεν,
1478 2721 1567 2747 εἴποτε
1588 2722 1699 2748 ἐνέπεσε
1718 2722 1749 2749 τὸ
1763 2722 1854 2758 δόγμα

1102 2821 1156 2856 (69)
1172 2821 1199 2856 ln
1213 2821 1273 2848 cod.
1285 2821 1484 2850 Nani.additur.

1100 2855 1146 2886 (70
1172 2855 1283 2890 Reliqua
1302 2865 1387 2891 usque
1402 2859 1435 2885 ad
1450 2859 1484 2893 χά
1505 2867 1528 2884 ιν
1545 2859 1648 2894 γίνεται
1663 2863 1692 2886 ut
1717 2859 1743 2887 in
1758 2860 1850 2888 edilis.

1103 2857 1159 2926 (7i;
1177 2891 1275 2919 Conler
1293 2892 1388 2926 Chrys.
1408 2900 1468 2926 Dag.
1480 2867 1541 2921 ἔτι.

1103 2890 1159 2926 (71)
1177 2891 1275 2919 Conler
1293 2890 1388 2927 Chrys.
1408 2890 1541 2927 oaé1376.
