1918 3069
241 104 277 132 85

241 162 304 189 bus.
318 162 470 198 Aliquando
485 164 571 198 ipsam
597 164 745 193 buccellam
770 167 876 195 unicam
895 170 956 203 quis
973 170 1019 197 ha-

240 206 371 235 bet:etsi
391 208 524 244 integrum
540 216 635 244 panem
655 218 709 238 non
732 212 847 245 habeat,
873 214 1020 243 auferimus

240 252 276 283 ei,
294 252 415 281 dicentes
432 262 438 280 :
456 253 490 280 At
506 254 612 281 debitor
625 263 663 283 es.

346 299 379 327 Υ.
395 299 422 327 9.
443 299 544 328 Viduas
558 306 645 328 autem
666 303 793 332 dimisisti
807 313 912 334 uacuas.

281 344 469 377 Attendamus,
484 346 508 373 si
521 346 601 374 vidua
614 348 722 376 domum
737 355 859 379 nostram
884 353 1018 388 ingredia-

241 394 295 423 tur,
319 398 351 418 ne
365 399 484 426 unquam
498 400 611 422 vacuam
626 403 686 423 eam
704 397 883 427 dimittamus.
899 399 952 428 Pro
975 400 1016 428 la-

236 436 337 464 cultate
350 444 401 465 sua
415 437 529 474 quisque
543 447 576 467 ex
589 447 622 468 eo
629 442 700 476 quod
712 442 795 471 habet
805 445 915 480 impleat
926 446 1014 474 sinum

235 482 333 510 vidum.

393 530 426 557 V.
443 531 470 559 9.
485 530 623 566 Orphanos
641 539 727 561 autem
748 537 856 563 vexanti.

271 572 409 608 Ejusdem.
436 575 575 604 Neminem
607 585 705 607 vexare
728 585 852 615 oportet:
879 585 1014 620 pmipue

235 623 324 646 autem
342 627 453 649 necesse
468 627 509 649 est
520 630 633 657 parcere
645 625 786 660 orphanis.
800 627 853 655 Pro
871 629 1013 658 animabus

233 665 305 693 enim
319 666 422 694 auxilio
433 668 570 696 destitutis
580 671 754 704 pugnandum
766 673 851 700 edixit
860 673 940 702 Deus.
953 674 1013 705 Prze

231 711 335 738 caneris
342 718 407 740 vero
416 713 572 742 hominibus
584 733 593 747 ,
616 722 748 751 pauperes
761 737 769 750 ,
793 718 879 747 vidua:
889 740 898 752 ,
916 721 1011 756 pupilli

232 756 333 784 auxilio
349 757 481 794 indigent.

330 804 363 831 V.
378 804 421 834 l0.
441 805 507 833 Ideo
526 807 755 837 circumdederunt
771 817 796 838 te
811 812 907 848 laquei.

266 848 390 884 Laqueus
406 851 532 886 appellat,
545 860 577 880 ea
592 861 652 888 qua:
666 855 705 883 illi
720 863 866 885 evenerant
879 868 885 886 :
902 859 929 886 in
940 866 1008 894 quos
1025 849 1046 877 Β

230 894 338 928 incidit.
357 897 455 930 quibus
470 899 551 926 etiam
568 899 730 935 illaqueatur
744 902 815 931 illius
826 905 915 932 anima
926 912 959 933 ex
975 906 1008 933 iis

182 951 187 958 ι
214 932 289 974 ’ςυεε
307 940 343 967 illi
356 942 523 970 acciderant.

387 988 419 1016 V.
437 990 481 1016 Η.
499 990 558 1018 Lua:
570 992 616 1019 tibi
630 994 742 1021 teneam
752 996 845 1022 evasit.

262 1032 290 1059 ln
305 1033 366 1061 luce
380 1041 451 1067 eras,
467 1037 579 1069 quando
597 1045 662 1073 opes
680 1039 798 1067 habebas
812 1059 820 1073 ,
847 1042 955 1076 quando
971 1042 1005 1069 li-

225 1078 283 1106 beri
297 1079 335 1107 tui
353 1082 514 1115 superstites
529 1089 618 1115 erant,
642 1085 751 1120 quando
763 1094 858 1115 sanum
874 1094 933 1116 erat
944 1097 1006 1117 cor-

224 1132 275 1160 pus
289 1131 373 1154 tuum.
387 1128 463 1155 Nunc
470 1134 560 1157 autem
571 1131 648 1164 quasi
661 1132 686 1158 in
698 1132 822 1161 tenebras
830 1134 1003 1170 descendisti,

224 1173 252 1199 in
269 1173 424 1207 hujusmodi
440 1182 535 1210 nempe
546 1177 725 1206 calamitates.

259 1217 294 1246 In
310 1219 389 1246 idem.
404 1219 460 1248 Hoc
472 1226 524 1253 est,
540 1222 566 1249 in
577 1222 731 1258 solitudine,
750 1230 778 1252 et
805 1226 856 1254 sub
870 1227 915 1255 dio
931 1229 1002 1263 posi-

224 1268 278 1295 tus,
296 1265 478 1299 errabundus,
491 1269 619 1300 extorris,
635 1275 662 1296 et
678 1269 737 1297 sine
752 1271 821 1300 lare.

292 1311 324 1338 V.
343 1312 385 1340 Η.
401 1312 588 1341 Dormitantem
605 1319 691 1342 autent
706 1321 730 1344 te
746 1326 814 1353 aqua
826 1320 936 1353 operuit.

256 1355 324 1389 Hoc,
339 1358 525 1386 dormitantem
535 1364 634 1395 teaqua
646 1363 758 1395 operuit,
771 1363 923 1398 signiﬁcat:
935 1373 1001 1400 ope-

221 1402 276 1434 ruit
302 1407 328 1431 te
343 1404 482 1433 contraria
497 1406 594 1437 virtus.
621 1406 689 1440 Quia
707 1416 758 1436 non
776 1409 916 1444 vigilabas.
935 1413 999 1447 quia

221 1456 273 1476 non
302 1449 465 1479 dormiebas.
496 1451 577 1480 Novit
599 1457 689 1481 autem
709 1455 847 1490 Scriptura
872 1464 998 1486 somnum

219 1495 362 1529 quemdam
377 1497 492 1531 peccati.
506 1497 610 1527 Idcirco
626 1501 754 1536 praecepit
782 1502 860 1529 nobis
877 1503 971 1532 dicens
987 1515 993 1532 :

220 1541 261 1570 Ne
275 1543 319 1570 du
330 1551 449 1570 somnum
464 1544 545 1572 oculis
558 1545 619 1578 tuis,
628 1554 708 1582 neque
717 1547 926 1577 dormitatiauem
939 1552 998 1585 pal-

218 1589 314 1623 pebris,
328 1594 357 1617 ut
368 1591 439 1617 vivas
454 1596 578 1626 tanquam
595 1594 688 1621 dorcas
702 1601 716 1622 e
729 1593 838 1630 laqueis,
852 1601 878 1624 et
895 1602 922 1625 ut
941 1599 997 1626 aui-

217 1635 277 1665 cula
293 1645 325 1663 ex
337 1637 428 1672 laqueo
442 1637 476 1664 ⁷³.

276 1682 308 1710 ν.
325 1683 367 1710 12.
380 1683 475 1712 Nonne
486 1685 531 1720 qui
547 1686 669 1714 sublimia
683 1688 786 1722 incolit.
803 1689 940 1718 intuetur?

249 1728 285 1755 At
302 1729 374 1755 enim
395 1734 521 1764 reputas,
549 1738 720 1767 nequaquam
734 1734 828 1762 videre
846 1743 906 1770 quae
930 1736 998 1763 ﬁunt

215 1775 312 1807 Deum,
324 1775 370 1810 qui
390 1775 417 1803 in
442 1775 604 1806 sublimibus
627 1779 772 1807 inhabitat.
788 1780 823 1809 Ut
839 1781 920 1817 igitur
934 1784 995 1811 uni-

213 1827 293 1848 versa
307 1819 428 1855 intuens,
440 1829 487 1850 eos
506 1823 551 1857 qui
571 1832 606 1852 ex
621 1825 819 1855 contumelioso
841 1827 937 1855 habitu
947 1835 994 1857 co-

213 1865 372 1900 gitationem
391 1868 507 1902 superbe
528 1869 635 1904 tollunt,
647 1871 798 1906 praecipites
811 1873 875 1908 agit.

213 1910 245 1938 V.
259 1911 302 1940 19..
317 1911 371 1940 Eos
385 1921 443 1940 vero
460 1914 505 1949 qui
518 1915 677 1943 contumelia
690 1917 824 1952 feruntur,
836 1919 992 1947 humiliauit.

247 1981 278 2009 Si
293 1982 355 2016 quis
382 1983 484 2010 feratur
499 1984 673 2018 contumelia,
685 1989 713 2012 et
729 1985 930 2021 quodammodo
945 1989 992 2017 ab-

211 2025 329 2060 ripiatur
338 2026 373 2054 ab
388 2027 481 2055 habitu
497 2029 666 2057 conviciandi
684 2034 713 2058 et
727 2036 799 2065 actu,
824 2033 869 2061 hic
891 2041 906 2061 a
936 2035 991 2063 Deo

210 2072 381 2099 humiliatur.
394 2073 448 2100 Par
462 2080 503 2102 est
516 2075 607 2110 igitur,
620 2077 683 2112 quia
698 2082 725 2105 et
733 2083 760 2105 tu
773 2081 932 2108 contumelia
948 2082 991 2108 af—

210 2117 300 2145 fecisti
312 2118 406 2146 viduas
421 2124 448 2147 et
466 2121 594 2155 pupillos,
616 2127 643 2150 et
670 2125 783 2158 exegisti
802 2126 914 2161 pignora
931 2128 990 2155 ina-

209 2163 281 2191 niter
293 2171 308 2190 a
324 2164 454 2192 fratribus
470 2165 541 2199 tuis;
568 2171 598 2194 ut
625 2167 728 2196 idcirco
743 2169 801 2197 hmc
822 2171 947 2207 patiaris,
962 2178 989 2202 et

208 2209 364 2238 humiliatus
380 2210 391 2238 Ι·
392 2211 473 2239 ueris.

330 2256 363 2284 ν.
376 2257 419 2285 15.
438 2257 473 2286 Et
485 2259 588 2294 dixisti,
602 2260 672 2293 Quid
687 2263 757 2289 novit
776 2263 885 2292 Fortis?

241 2301 360 2330 Pareat:
375 2304 438 2339 quia
451 2308 478 2332 tu
497 2309 583 2333 tecum
599 2306 702 2340 dixisti,
717 2307 788 2341 Quid
799 2311 868 2337 nouit
875 2310 988 2345 Fortis?

205 2348 285 2382 quasi
301 2349 412 2383 dixeris,
430 2350 557 2379 Potestne
572 2354 663 2380 omnia
678 2355 787 2383 novisse
804 2355 893 2384 Deus?

349 2395 382 2423 V.
400 2396 443 2424 l3.
463 2398 515 2424 Aut
532 2398 559 2425 in
572 2398 842 2434 caligiuejudicabt't.’

241 2438 374 2473 Ejusdem.
402 2440 495 2470 Potest
524 2447 613 2470 autem
629 2443 752 2477 judicare
776 2445 847 2475 Deus
859 2448 941 2479 etiam
956 2449 985 2478 in

204 2486 322 2524 procella
334 2487 474 2516 exsistens.

351 2533 382 2560 ν.
398 2533 442 2560 16.
460 2533 494 2561 Et
506 2534 592 2561 orbem
602 2535 661 2562 ειειί
674 2536 834 2566 obambulat.

235 2577 328 2606 Ambit
338 2583 366 2609 et
380 2579 615 2615 circumplectitur
627 2581 674 2610 Dei
688 2584 868 2618 providentia.

236 2647 259 2663 ⁷³
274 2647 354 2675 Prov.
371 2655 410 2681 v1,
423 2649 450 2681 ι,
462 2648 489 2677 5.

355 2705 372 2732 8
384 2710 472 2743 exstat
491 2713 555 2736 tom.
571 2707 630 2740 ΧΠ,
643 2708 693 2737 col.
714 2709 793 2743 £038.

304 2741 339 2778 _ln
348 2740 411 2778 cod.
427 2739 681 2778 xerht-ysostomo
691 2741 831 2774 tribuitur.

235 2773 289 2810 (δῇ)
300 2774 365 2810 Cod.
379 2784 434 2803 nl.
451 2777 527 2805 Alius
543 2773 635 2806 tribuit
650 2779 757 2808 Joanni.

234 2808 290 2846 (85)
303 2809 369 2838 Cod.
386 2820 431 2839 ut
449 2813 541 2840 tribuit
557 2814 663 2852 (llymp.
677 2815 772 2852 Aquila
788 2822 815 2846 et
834 2818 977 2854 Thcodot.,_

674 107 953 137 SUPPLEMENTUM
969 111 1015 138 AD
1032 110 1192 140 ORIGENIS
1211 112 1418 142 EXEGETICA.

1817 121 1850 148 84

1033 172 1057 201 Α
1070 171 1258 207 ἀπαιτήσεσιν.
1279 173 1377 200 Ἐνίοτε
1394 175 1474 201 αὑτὸν
1487 175 1533 202 τὸν
1544 175 1638 211 ψωμὸν
1651 176 1706 212 ἔχει
1725 187 1768 210 τις
1785 179 1847 207 ἕνα·

1071 217 1123 243 κᾶν
1136 217 1172 253 μὴ
1185 217 1233 254 ἔχῃ
1250 217 1331 254 ἄρτον
1347 219 1501 255 ὀλόκληρον,
1521 221 1690 257 ἀφαιροῦμεν
1709 224 1758 250 ἀπ’
1770 225 1848 252 αὐτοῦ

1070 261 1193 296 λέγοντες
1204 272 1211 278 ·
1232 264 1302 290 Ἀλλ’
1314 265 1430 299 ὀφείλεις
1444 266 1510 301 (80).

1139 308 1212 344 Στίχ.
1234 309 1267 337 θ’.
1285 310 1385 345 Χήρας
1398 311 1432 338 δὲ
1447 312 1662 347 ἐξαπέστειλας
1676 315 1778 349 κενάς.

1103 354 1285 391 Προσέχωμεν
1294 356 1341 383 ἐὰν
1354 358 1426 393 χήρα
1437 359 1453 394 ἡ
1457 358 1515 393 μῶν
1522 359 1629 396 εἰσέλθῃ
1641 362 1681 393 εἰς
1690 361 1738 397 τὴν
1748 363 1846 397 οἰκίαν,

1069 401 1174 436 μήποτε
1191 402 1272 438 κενὴν
1286 403 1370 439 αὐτὴν
1393 404 1634 442 ὲξαποστείλωμεν.
1659 407 1739 434 Κατὰ
1766 408 1846 435 δύνα-

1067 455 1113 481 μιν
1129 446 1244 479 ἕκαστος
1258 447 1325 483 πρὸς
1335 448 1349 475 ὃ
1367 448 1423 484 έχει
1440 449 1609 486 πληρωσάτω
1622 451 1668 478 τὸν
1682 452 1782 481 κόλπον
1797 454 1845 490 τῆς

1066 491 1164 527 χήρας-

1146 536 1201 572 (8l)
1228 538 1301 574 Στιχ.
1322 539 1354 566 θ’.
1381 540 1539 574 ὀρφανοὺς
1556 541 1590 568 δὲ
1603 542 1768 577 ἐκάκωσας.

1101 582 1156 609 Τοῦ
1171 583 1275 611 αὐτοῦ.
1291 584 1394 612 Οὐδένα
1406 585 1455 620 μὲν
1467 586 1507 612 δεῖ
1526 586 1637 619 κακοῦν,
1657 588 1802 624 ἐξαιρέτως
1815 589 1842 616 δὲ

1063 627 1116 663 χρὴ
1132 627 1269 662 φείδεσθαι
1285 630 1339 656 τῶν
1352 631 1487 666 ὀρφανῶν.
1505 633 1572 668 Περὶ
1586 633 1640 669 γὰρ
1654 634 1708 660 τῶν
1727 634 1842 670 ἀϐοηθή-

1062 680 1116 699 των
1128 673 1222 709 ψυχῶν
1235 675 1365 711 πολεμεῖν
1390 677 1404 703 ὁ
1427 677 1494 710 Θεὸς
1511 679 1671 707 ἐνετείλατο.
1693 679 1803 707 Μᾶλλον
1814 681 1841 707 δὲ

1063 719 1138 754 παρὰ
1151 720 1214 752 τοὺς
1224 720 1319 751 ἄλλους
1331 722 1500 758 ἀνθρώπους,
1520 725 1633 760 πτωχοὶ,
1653 725 1748 761 χῆραι,
1761 726 1841 762 ὀρφα-

1060 764 1101 790 νοὶ
1116 764 1220 792 δέονται
1235 766 1370 802 βοηθείας.

1111 812 1186 847 Στιχ.
1202 811 1227 837 ι’.
1242 814 1400 848 Τοιγαροῦν
1414 815 1591 843 ὲκύκλωσάν
1604 822 1641 843 σε
1659 816 1791 852 παγίδος.

1096 856 1217 891 Παγίδας
1233 858 1306 893 λέγει
1327 860 1361 887 τὰ
1377 860 1570 896 συμϐεϐηκότα
1588 861 1672 897 αὐτῷ,
1690 863 1721 889 ὲν
1737 860 1781 894 αἷς
1793 864 1839 898 ἐμ-

1057 901 1213 935 πέπτωκεν,
1229 905 1269 936 εἰς
1280 904 1313 936 ἃς
1330 905 1377 932 καὶ
1385 906 1558 940 παγιδεύεται
1573 909 1655 935 αὐτοῦ
1667 910 1683 944 ἡ
1697 908 1772 945 ψυχὴ
1788 910 1840 937 ἀπὸ

1056 946 1111 973 τῶν
1122 947 1334 985 συμϐεϐηκότων
1344 951 1427 986 αὐτῷ.

1160 995 1235 1030 Στίχ.
1249 995 1294 1024 ια’,
1312 996 1348 1024 Τὸ
1364 997 1426 1032 ςρώς
1437 1005 1488 1026 σοι
1501 1001 1610 1034 σκότος
1626 1001 1735 1036 ἀπέϐη.

1096 1039 1140 1066 Ἐν
1164 1043 1234 1076 φωτὶ
1250 1040 1294 1078 ἧς,
1317 1043 1362 1070 ὅτε
1383 1044 1417 1071 τὰ
1443 1046 1600 1082 ὑπάρχοντά
1620 1055 1662 1074 σοι
1681 1046 1728 1083 ἦν,
1743 1049 1787 1075 ὅτε
1804 1048 1837 1076 τὰ

1055 1084 1136 1112 τέκνα
1152 1094 1198 1112 σου
1213 1088 1320 1123 περιῆν,
1334 1089 1379 1115 ὅτε
1395 1089 1500 1124 ὑγίαινέ
1514 1100 1559 1118 σου
1580 1092 1612 1119 τὺ
1625 1093 1717 1129 σῶμα.
1741 1093 1797 1120 Νῦν
1809 1093 1836 1121 δὲ

1053 1127 1110 1158 οἷον
1134 1133 1173 1164 εις
1196 1133 1291 1166 σκότος
1312 1136 1512 1172 καταϐέϐηκας,
1532 1139 1572 1170 εις
1594 1139 1643 1171 τὰς
1662 1127 1835 1175 περιστάσεις

1054 1177 1166 1210 ταύτας.

1088 1222 1145 1260 (82)
1157 1226 1208 1258 Εὶς
1228 1226 1260 1252 τὸ
1275 1227 1357 1253 αὐτό.
1379 1227 1522 1256 Τουτέστιν
1541 1230 1571 1257 ὲν
1587 1230 1701 1267 ἐρημίᾳ,
1725 1232 1772 1259 καὶ
1795 1233 1834 1259 ατ-

997 1289 1002 1295 .
1052 1268 1135 1304 θριος,
1148 1271 1258 1307 ἀλήτης,
1273 1274 1320 1300 καὶ
1334 1274 1431 1309 φυγὰς,
1445 1276 1492 1301 καὶ
1511 1276 1643 1308 ἀνέστιος.

1087 1314 1142 1352 (85)
1155 1317 1227 1353 Στιχ.
1242 1322 1284 1346 ια’.
1297 1320 1478 1354 Κοιμηθέντα
1491 1320 1525 1348 δὲ
1535 1321 1610 1356 ὕδωρ
1618 1330 1655 1349 σε
1668 1323 1830 1358 ἐκάλυψεν.

1089 1361 1140 1396 Τὸ,
1165 1365 1341 1398 κοιμηθέντο
1359 1373 1396 1392 σε
1419 1366 1497 1400 ὕδωρ
1517 1367 1690 1402 ἐκάλυψεν,
1716 1369 1832 1397 τοιοῦτόν

1049 1411 1132 1437 ἐστιν·
1155 1410 1287 1445 Ἐκάλυψέ
1313 1419 1342 1437 σε
1367 1412 1383 1447 ὴ
1406 1411 1581 1448 ἀντικειμένη
1598 1413 1735 1449 ἐνέργεια.
1758 1415 1832 1442 Ἐπεὶ

1048 1457 1098 1483 οὐκ
1112 1456 1282 1493 ὲγρηγὸρεις,
1297 1457 1358 1483 ἐπεὶ
1373 1457 1422 1493 οὐχ
1440 1457 1575 1490 ὕπνωσας.
1587 1457 1648 1486 Οἵδε
1661 1459 1689 1486 δὲ
1704 1461 1722 1496 ὴ
1738 1460 1829 1497 Γραφὴ

1049 1502 1133 1529 ὕπνον
1144 1503 1205 1530 τινὰ
1218 1503 1364 1539 ἁμαρτίας,
1385 1505 1430 1531 Διὸ
1443 1505 1596 1532 ἐντέταλται
1615 1507 1681 1542 ἡμῖν
1699 1506 1827 1541 λέγουσα·

1048 1547 1097 1582 Μὴ
1122 1547 1180 1581 δῷς
1203 1549 1301 1576 ὕπνον
1324 1549 1391 1583 σοῖς
1413 1550 1534 1585 ὄμμασι,
1557 1551 1636 1586 μηδὲ
1657 1554 1828 1589 ructarat}?

1047 1593 1109 1627 τοῖς
1120 1593 1297 1628 βλεφάροις,
1314 1595 1363 1622 Ira
1375 1594 1449 1630 ζήσῃ
1466 1596 1566 1631 ὥσπερ
1582 1597 1690 1631 δορκὰς
1707 1598 1743 1626 ἐκ
1758 1599 1828 1633 ,βρό-

1047 1647 1118 1672 χων,
1133 1639 1182 1666 καὶ
1196 1639 1296 1674 ὥσπερ
1307 1639 1411 1674 ὄρνεον
1424 1642 1459 1668 ἐκ
1470 1642 1604 1676 παγίδος.

1048 1683 1104 1719 (84)
1117 1684 1189 1720 Στίχ.
1206 1684 1248 1711 ιϐ’.
1263 1685 1311 1720 Μὴ
1326 1686 1393 1720 οὐχὶ
1412 1687 1429 1713 ὁ
1444 1687 1479 1714 τὰ
1495 1688 1600 1722 ὑψηλὰ
1613 1689 1704 1716 ναίων
1718 1688 1827 1724 ἐφορᾷ;

1088 1730 1167 1757 Ἀλλὰ
1187 1731 1317 1766 νομίζεις,
1340 1731 1381 1758 ὅτι
1405 1733 1454 1767 οὐχ
1470 1733 1520 1768 ὁρᾷ
1532 1733 1567 1760 τὰ
1581 1733 1753 1769 πραττόμενα
1768 1735 1782 1760 6
1798 1735 1826 1760 ὲν

1047 1775 1156 1812 ὑψηλοῖς
1179 1777 1311 1803 κατοικῶν
1327 1777 1401 1809 Θεὸς.
1422 1775 1474 1804 Οἷα
1495 1779 1583 1806 τοίνυν
1604 1780 1689 1807 πάντα
1709 1779 1824 1815 ἐφορῶν,

1045 1822 1107 1854 τοὺς
1125 1823 1176 1849 ὑπὸ
1192 1823 1240 1858 τῆς
1255 1822 1412 1860 ὑϐριστικῆς
1430 1824 1513 1857 ἕξεως
1532 1826 1702 1862 ἐπηρμένους
1716 1826 1747 1852 τὸ
1762 1825 1824 1861 φρό-

1044 1876 1118 1904 νημα
1133 1869 1290 1905 καταφέρει.

1045 1913 1100 1950 (85)
1114 1914 1186 1951 Στίχ.
1204 1915 1246 1943 ιϐ’.
1268 1916 1343 1950 Τοὺς
1362 1916 1396 1943 δὲ
1416 1917 1496 1951 ῡϐρει
1513 1917 1693 1952 φερομένους
1711 1917 1822 1944 ἐταπεί-

1382 1960 1490 1979 νωσεν.

1077 1997 1110 2023 Εἴ
1124 2005 1164 2028 τις
1181 1997 1290 2032 φέρεται
1313 1997 1398 2033 ὕϐρει,
1413 1999 1460 2025 καὶ
1476 1998 1556 2024 οἱονεὶ⁸
1577 1998 1757 2033 κατασύρεται
1771 1995 1822 2024 ὑπὸ

1042 2042 1200 2078 ὑϐριστικῆς
1225 2044 1307 2077 ἕξεως
1328 2045 1375 2071 καὶ
1396 2044 1530 2080 πράξεως,
1554 2043 1630 2077 οὗτος
1650 2045 1820 2072 ταπεινοῦται

1042 2089 1093 2115 ὑπὸ
1108 2089 1154 2116 τοῦ
1167 2089 1244 2116 Θεοῦ.
1259 2090 1338 2122 Εἰκὸς
1354 2089 1410 2122 οὖν,
1427 2090 1489 2117 ἐπεὶ
1503 2090 1549 2117 καὶ
1563 2091 1595 2117 σὺ
1612 2090 1725 2126 ὕϐρισας
1736 2091 1819 2126 χήρας

1040 2135 1087 2161 καὶ
1107 2135 1248 2170 ὀρφανοὺς,
1270 2137 1315 2162 καὶ
1332 2135 1502 2172 ἡνεχύρασας
1520 2136 1644 2171 διακενῆς
1667 2137 1730 2168 τοὺς
1744 2135 1818 2162 ἀδελ-

1002 2194 1028 2224 Β
1042 2181 1107 2216 φούς
1119 2189 1179 2208 σου·
1198 2181 1241 2208 διὰ
1256 2181 1334 2209 τοῦτο
1353 2182 1438 2209 ταῦτα
1460 2182 1606 2215 πέπονθας,
1631 2183 1678 2210 καὶ
1698 2181 1818 2209 τεταπεί-

1041 2234 1134 2253 νωσαι.

1012 1516 1033 1545 C

1105 2272 1178 2307 Στίχ.
1197 2275 1240 2307 ιγ’.
1257 2273 1312 2300 Καὶ
1331 2271 1427 2306 εἶπας,
1446 2274 1476 2301 Τί
1488 2274 1562 2309 ἔγνω
1581 2275 1598 2300 ὁ
1616 2274 1767 2309 “Ισχυρὸς;

1073 2318 1163 2351 Εἰκὸς,
1173 2319 1212 2346 ὅτι
1226 2320 1257 2346 σὺ
1270 2320 1361 2354 ἔλεγες
1372 2320 1441 2347 κατὰ
1453 2320 1559 2352 σαυτὸν,
1571 2321 1600 2348 Tl
1608 2320 1683 2355 ἔγνω
1694 2322 1714 2354 όλ
1723 2321 1816 2354 Ἰσχυ-

1034 2363 1108 2397 ρός;
1125 2361 1197 2396 Οἴον,
1215 2364 1332 2393 Δύναται
1345 2366 1432 2400 πάντα
1444 2367 1591 2401 ἐγνωκέναι
1605 2368 1619 2393 ὁ
1630 2367 1712 2400 Θεὸς;

1125 2409 1197 2446 Στίχ.
1214 2414 1256 2445 ιγ’.
1271 2412 1305 2439 Ἢ
1318 2412 1393 2439 κατὰ
1408 2412 1461 2439 τοῦ
1471 2413 1583 2448 γνόφου
1599 2413 1709 2447 κρινεῖ;

1073 2455 1128 2482 Τοῦ
1144 2457 1247 2484 αὑτοῦ.
1263 2457 1377 2485 Δύναται
1394 2458 1422 2485 δὲ
1436 2459 1538 2494 κρίνειν
1552 2460 1566 2485 ὸ
1578 2459 1643 2491 Θεὸς
1656 2459 1702 2486 καὶ
1718 2459 1748 2486 ὲν
1759 2465 1814 2495 χει-

1034 2501 1104 2537 μῶνι
1119 2502 1272 2538 γενόμενος.

1083 2547 1158 2582 Στίχ.
1174 2549 1214 2576 ιδ’.
1230 2549 1285 2576 Καὶ
1303 2550 1395 2584 γῦρον
1418 2551 1547 2585 οὐρανοῦ
1566 2552 1781 2586 διαπορεύεται.¹

1073 2594 1294 2631 Ἐκπεριὲρχεται
1307 2596 1324 2631 ἡ
1339 2596 1450 2631 πρόνοια
1461 2596 1508 2623 τοῦ
1524 2597 1601 2624 Θεοῦ.

1036 2716 1095 2755 Kal:
1104 2717 1204 2755 πλῆθος
1217 2718 1319 2745 ὑδάτων
1338 2721 1451 2755 καλύψει
1466 2730 1505 2748 σε.

1070 2752 1126 2789 (βτί)
1139 2753 1206 2789 Cod.
1223 2762 1278 2781 χχι.
1297 2755 1395 2782 Confer
1412 2752 1518 2789 Ulvmp.

1067 2787 1124 2822 (85)
1144 2788 1233 2816 Codex
1247 2794 1356 2824 uterque
1371 2790 1466 2819 tribuit
1480 2787 1605 2828 Origeui.
