1918 3069
188 102 218 131 9|
632 95 909 126 SliPI’LEMENTUM
929 94 975 122 AD
993 92 1153 122 ORIGENIS
1170 90 1373 118 EXEGETICA.
1783 85 1826 113 ΒΞ

192 161 236 190 lb'i
247 172 255 196 ς
266 170 346 199 super
360 163 488 198 pleraque
501 160 590 188 omnia
605 160 689 192 entia,
705 159 779 186 trahe
801 157 975 192 sapientiam.

1045 157 1062 181 ὰ
1082 154 1147 188 ἅγια
1160 152 1206 179 τοῦ
1220 152 1298 179 Θεοῦ·
1317 152 1386 188 ὑπὲρ
1402 150 1489 178 πάντα
1508 149 1592 176 πολλά
1605 148 1680 180 ὄντα,
1699 147 1825 174 ἕλκυσον

353 253 384 282 ν,
402 254 447 280 21.
470 252 556 279 Latuit
566 261 666 280 omnem
678 253 820 279 hominem.

230 301 323 329 Latuit
343 307 449 326 omnem
475 299 623 332 hominem,
636 299 694 326 sive
709 300 839 333 propheta
861 297 907 330 sit,
923 297 980 324 sive

196 347 342 381 apostolus.

489 391 566 418 CAP.
588 390 683 419 ΧΧΙΧ.

195 447 227 475 ν.
249 447 274 474 6.
297 447 409 480 Quando
422 448 624 482 eﬁ'undebantur
644 449 693 475 via:
707 456 770 475 mea:
784 443 904 482 butyrum
929 447 978 482 (9).

230 493 371 520 Pra|locuti
400 501 494 521 sumus
520 494 553 521 de
580 495 630 521 viis
646 493 707 526 Job,
724 502 790 528 quas
813 494 980 525 atllblllubul,

193 546 241 566 cas
259 540 374 567 virtutes
389 540 483 567 fuisse.
501 540 738 567 Perfundebantur
755 548 820 574 ergo
842 541 892 566 vite
909 539 980 566 illius

194 586 304 621 butyro.
321 585 483 612 Ambulabat
500 586 654 620 prudentia,
674 594 707 612 ac
720 585 919 620 quodammodo
941 584 979 611 ef-

195 631 356 658 fundebatur
394 631 549 666 prudentia,
565 638 649 665 usque
664 632 733 658 adeo
750 636 778 658 ut
798 631 872 658 Iindti
892 631 979 658 nutri-

195 682 292 704 rentur
305 677 388 704 etiam
406 685 442 704 ex
459 677 582 711 parvulis
595 677 629 704 ab
644 677 701 711 ipsa
718 677 860 712 prudentia
876 675 947 708 Jobi,
966 683 982 703 a

193 723 300 758 justiti-.1
315 722 386 755 .Iobi,
404 731 419 749 a
444 722 618 750 fortitudine.
649 723 723 750 Istud
740 723 812 750 enim
836 723 980 758 signiﬁcat,

196 768 312 802 Quando
325 769 528 803 c/fundebautur
543 769 589 796 ιιίιιι
608 777 672 796 mete
682 769 789 803 butyro.

243 815 274 843 V.
290 815 315 842 6.
333 815 436 842 Montes
454 821 540 842 autem
556 816 605 842 mei
621 815 850 849 perfundebantur
863 815 942 843 lacte.

229 861 402 896 Quaecunque
426 867 506 888 erant
530 861 658 889 sublimia
683 862 801 897 cogitata
813 867 839 889 et
853 862 978 897 grandia,

195 906 254 934 haec
271 910 351 933 erant
365 911 470 933 montes
489 906 551 938 Job.
568 907 594 934 in
610 914 678 942 quos
698 907 873 935 ascendebat.

249 952 279 980 V.
299 952 327 978 7.
350 952 462 984 Quando
477 952 631 980 incedebant
645 958 748 980 erectus
762 953 789 980 in
810 954 926 980 civitate.

231 998 366 1024 doctrina:
392 998 508 1025 vacabat
531 1003 558 1026 et
581 999 704 1031 utilitati,
721 1000 846 1034 loquens,
867 1007 921 1026 non
951 1004 981 1026 ut

194 1050 290 1070 amans
308 1043 361 1076 sui,
381 1044 427 1071 sed
453 1048 482 1070 ut
497 1045 651 1073 charitatem
669 1044 784 1079 babens,
803 1053 862 1080 qua.-
884 1045 981 1079 quaerit

194 1097 336 1119 comiiinne
349 1093 458 1120 bonum.

356 1137 386 1164 V.
403 1137 428 1165 9.
445 1136 563 1172 Digitum
587 1137 748 1172 imponentes
771 1139 820 1165 ori.

233 1183 346 1210 Videtur
361 1191 427 1209 sane
444 1189 472 1210 et
490 1183 621 1210 indicium
638 1191 698 1211 esse
718 1184 818 1212 silentii
830 1185 891 1218 hoc,
905 1184 981 1219 Digi-

197 1231 251 1254 tum
273 1229 433 1262 imponentes
456 1228 498 1255 ori
525 1237 584 1256 suo.
612 1229 705 1257 Facile
730 1235 819 1257 autem
848 1231 980 1264 declarat,

196 1274 258 1309 quia
283 1281 378 1301 manus
396 1282 445 1309 pro
461 1275 588 1309 operibus
605 1276 749 1310 accipitur,
763 1277 834 1311 quod
848 1285 918 1311 smpe
937 1284 983 1305 os-

198 1320 344 1353 tendimus,
371 1321 434 1354 quia
451 1328 519 1354 opus
543 1328 623 1347 suum
650 1322 690 1348 ori
714 1322 903 1356 imposuerint.
918 1330 981 1349 sene

198 1365 296 1393 tieules
322 1365 347 1392 in
372 1366 470 1401 exiguo
490 1374 581 1401 opere,
603 1367 673 1402 quod
691 1375 745 1394 non
759 1373 822 1395 sunt
845 1369 918 1401 digni
936 1369 982 1404 qui

198 1412 355 1446 loquantur,
376 1417 511 1447 praesente
535 1412 602 1446 Job,
627 1413 673 1448 qui
696 1421 777 1448 opera
806 1414 909 1450 majora
934 1423 981 1450 pa-

198 1458 289 1484 travit.

250 1503 282 1530 V.
302 1503 345 1530 10.
365 1503 409 1530 Illi
428 1512 488 1531 vero
506 1504 653 1537 audientes,
673 1505 856 1540 beatiﬁcabanl
877 1514 928 1535 me.

233 1549 373 1584 Ejusdem.
390 1549 482 1585 Usque
497 1550 565 1578 adeo
581 1559 697 1586 magnus
716 1557 848 1580 eratcum
867 1554 981 1581 necdum

196 1599 355 1625 vexaretur.
371 1600 399 1622 ut
413 1596 460 1630 qui
478 1603 538 1622 enm
552 1597 703 1630 audissent,
718 1598 828 1626 beatum
853 1599 983 1634 praedica-

196 1638 263 1667 bant
281 1640 376 1673 illum;
395 1647 420 1668 et
437 1642 655 1674 admirabantur,
672 1651 790 1678 quonam
808 1646 887 1673 modo
907 1650 982 1673 tanta

198 1685 325 1721 intelligit
341 1691 370 1713 et
387 1687 604 1723 comprehendit,
619 1695 651 1716 ac
671 1693 761 1724 potest
781 1690 924 1718 auditares
935 1690 982 1726 ju—

198 1739 230 1758 va
235 1740 273 1759 re.

288 1776 322 1806 ν.
340 1777 385 1804 10.
400 1777 468 1810 Quia
483 1779 573 1813 [inqua
588 1788 679 1807 eorum
692 1781 792 1815 gutturi
804 1789 896 1809 eorum

476 1816 643 1849 ayglutinata
655 1822 702 1843 est.

233 1858 407 1886 Andientinm
423 1868 477 1892 me,
491 1866 518 1886 et
535 1861 640 1888 beatum
655 1863 860 1897 prcedicantium
875 1870 985 1900 propter

199 1911 230 1931 ea
247 1913 307 1940 qute
324 1904 466 1940 loquebar,
483 1906 574 1941 lingua
589 1908 693 1941 gutturi
706 1909 872 1943 agglutinata
887 1915 939 1937 est.

217 1949 249 1977 V.
268 1952 308 1978 11.
326 1951 394 1983 Quia
415 1951 536 1978 auricula
560 1953 671 1985 audivit,
695 1959 718 1979 et
738 1955 896 1988 beatiﬁcauit
915 1963 966 1982 me.

236 1997 376 2030 Ejusdem.
398 1996 476 2024 Sicut
506 2000 538 2024 de
563 1998 656 2033 Moyse
678 1999 812 2033 scriptum
836 2005 887 2034 est,
913 2002 985 2038 quod

199 2044 366 2069 recerebatur
377 2044 492 2077 aspicere
504 2049 596 2070 contra
614 2044 696 2072 Deum
710 2046 743 2077 ⁷⁸,
761 2051 872 2081 propter
892 2055 987 2076 exces-

200 2096 259 2116 sum
274 2088 430 2122 splensoris
447 2089 532 2123 ipsius
546 2099 553 2117 :
569 2090 608 2116 sic
624 2091 729 2125 cogites
747 2093 837 2126 velim,
853 2094 923 2127 quod
938 2102 986 2122 ex-

201 2141 294 2160 cessus
308 2138 367 2160 erat
380 2133 439 2161 .Iobi
463 2134 601 2168 profectus
617 2136 643 2162 in
660 2136 795 2168 sapientia
810 2147 818 2171 ;
836 2139 872 2165 ita
891 2144 921 2166 ut
941 2141 985 2175 qui

1029 199 1079 234 τὴν
1103 198 1208 233 σοφίαν.

1135 243 1208 278 Στίχ.
1221 245 1273 269 κα¹,
1289 241 1402 274 Λέληθε
1427 238 1523 264 πάντα
1542 238 1708 271 ἂνθρωπον.

1066 289 1166 325 Λέληθε
1187 289 1274 315 πάντα
1297 286 1448 321 ἄνθρωπον,
1472 283 1522 311 κᾶν
1543 285 1684 319 προφήτης
1708 283 1742 321 ᾖ,
1762 286 1823 314 κᾶν

1030 335 1186 367 ἀπόστολος,

1340 378 1418 404 ΚΕΦ.
1439 377 1503 403 ΚΘ.

1066 439 1140 473 Στὶχ.
1161 440 1197 469 ς’.
1217 437 1281 462 Ὅτε
1295 435 1417 470 ἐχέοντό
1426 443 1486 469 μου
1499 435 1528 460 al
1543 432 1774 466 ὀδοὶβούτυρον.

1067 484 1272 519 Προειρήκαμεν
1291 481 1355 516 περὶ
1373 480 1427 506 τῶν
1449 479 1515 506 ὁδῶν
1533 479 1579 506 τοῦ
1600 478 1671 509 Ἰὼϐ,
1685 478 1718 509 ἃς
1730 477 1822 504 ὥδευ-

1032 540 1078 558 σεν
1094 531 1159 566 (10),
1177 531 1217 557 ὅτι
1231 529 1326 565 ἀρεταὶ
1335 526 1414 564 ἦσαν.
1434 528 1555 562 Ἐχὲοντο
1569 525 1650 554 οὖναὶ
1666 526 1720 553 ὁδοὶ
1732 525 1821 552 αὐτοῦ

1033 577 1164 613 βουτύρῳ,
1177 576 1259 602 ὥδευε
1274 575 1322 610 τὴν
1337 574 1524 610 σωφροσύνην,
1541 574 1587 600 καὶ
1603 573 1684 599 οἱονεὶ
1694 572 1784 607 ἐχεῖτο
1800 572 1820 606 ἡ

1033 622 1203 659 σωφροσύνη,
1223 622 1262 654 ὡς
1280 621 1393 653 πολλοὺς
1412 619 1558 656 τρέφεσθαι
1574 619 1621 645 καὶ
1641 618 1695 645 τῶν
1711 617 1823 653 νηπίων

1032 669 1087 696 ἀπὸ
1103 669 1150 704 τῆς
1166 666 1342 702 σωφροσύνης
1355 665 1402 692 τοῦ
1422 664 1493 696 Ἰὼϐ,
1513 663 1567 690 ἀπὸ
1581 663 1631 699 τῆς
1645 662 1826 697 δικαιοσύνης

1032 714 1078 742 τοῦ
1097 714 1167 746 Ἰὼϐ,
1188 713 1243 741 ἀπὸ
1260 712 1310 748 τῆς
1327 711 1462 747 ἀνδρείας.
1482 710 1567 737 Τοῦτο
1584 709 1638 745 γάρ
1651 710 1735 736 ἐστιν·
1748 709 1827 735 ’Ὅτε

1032 761 1153 796 ἐχέοντο
1164 761 1194 787 al
1211 759 1274 787 ὁδοί
1282 768 1342 794 μου
1357 758 1506 791 βουτύρῳ.
1649 758 1655 764 ¹

1062 807 1117 843 (11)
1130 806 1204 841 Στίχ.
1224 809 1260 838 ς’.
1283 805 1322 832 Τὰ
1335 804 1369 831 δὲ
1385 804 1439 838 ὅρη
1451 811 1511 838 μου
1529 801 1650 836 ἐχέοντο
1662 800 1802 836 γάλακτι.

997 845 1019 874 Β
1068 852 1138 879 Ὄσα
1152 849 1187 888 ἦν
1201 850 1289 886 ὑψηλὰ
1299 851 1421 885 νοήματα
1435 849 1481 875 καὶ
1494 847 1609 883 μεγάλα,
1619 846 1705 873 ταῦτα
1720 843 1754 881 ἦν
1767 845 1823 881 ὅρη

1030 898 1078 926 τοῦ
1093 898 1162 930 Ίὼϐ,
1180 898 1222 933 ἐφ’
1237 897 1254 925 a
1270 896 1420 924 ἀνέϐαινεν.

1032 952 1088 987 (I2)
1105 952 1178 987 Στίχ.
1195 952 1227 984 ζ’.
1245 952 1309 977 Ὅτε
1324 949 1546 984 ἐξεπορευόμην
1559 948 1656 983 ὄρθιος
1669 948 1704 974 ἐν
1717 948 1822 974 πόλει.

1065 998 1229 1034 Διδασκαλια
1251 996 1379 1032 ἐσχόλαζε
1402 997 1449 1023 καὶ
1468 996 1596 1031 ὠφελείᾳ,
1611 995 1697 1031 ἐρῶν,
1715 995 1766 1029 οὐχ
1782 995 1823 1026 ὠς

1031 1045 1168 1081 φίλαυτος,
1188 1044 1245 1072 ἀλλ’
1259 1043 1297 1075 ὡς
1311 1043 1422 1078 ἀγάπην
1443 1042 1511 1078 ἔχων
1530 1041 1663 1077 ζητοῦσαν
1687 1041 1717 1067 τὸ
1740 1042 1822 1076 κοινῇ

1032 1099 1063 1119 συ
1067 1092 1179 1127 μφέρον.

1050 1138 1106 1173 (15)
1122 1137 1199 1172 Στίχ.
1211 1130 1248 1163 θ’.
1264 1137 1416 1163 Δάκτυλον
1429 1134 1580 1167 ἐπιθέντες
1593 1133 1642 1160 ἐπὶ
1654 1134 1791 1168 στόματι.

1066 1183 1140 1216 Δόξει
1153 1184 1202 1218 μὲν
1214 1181 1261 1210 οὖν
1271 1183 1318 1209 καὶ
1332 1183 1443 1217 σημεῖον
1456 1179 1522 1207 εἶναι
1536 1180 1576 1212 τὸ,
1593 1179 1747 1206 Δάκτυλοι·
1758 1179 1823 1205 ἐπι-

1032 1229 1133 1262 θέντες
1142 1230 1190 1256 ὲπὶ
1204 1229 1327 1263 στόματι
1335 1227 1444 1259 αὐτῶν,
1461 1227 1576 1262 σιωπῆς.
1592 1226 1667 1261 Τάχα
1679 1226 1707 1252 δὲ
1722 1226 1800 1259 δηλοῖ
1811 1245 1820 1257 ,

1032 1275 1092 1302 ἐπεὶ
1107 1276 1192 1310 ὴχεὶρ
1199 1275 1258 1302 ἀντὶ
1266 1274 1354 1309 ἔργων
1368 1273 1545 1308 λαμϐάνεται,
1558 1273 1595 1304 ὼς
1610 1272 1739 1302 πολλάκις
1749 1271 1823 1297 ἐδεί-

1032 1321 1134 1356 ξαμεν,
1163 1322 1203 1348 ὅτι
1225 1320 1255 1346 τὸ
1277 1320 1357 1356 ἔργον
1377 1319 1466 1347 αὐτῶν
1488 1319 1625 1354 ἐπέθηκαν
1644 1319 1690 1345 ὲπὶ
1718 1319 1820 1354 στόμα,

1033 1368 1221 1399 αἰσθανθέντες
1239 1368 1268 1394 ὲν
1295 1367 1377 1401 ὀλίγῳ
1400 1366 1483 1402 ἔργῳ,
1509 1366 1549 1392 ὅτι
1575 1365 1625 1392 οὐκ
1650 1366 1719 1392 εἰσὶν
1747 1365 1823 1398 ἄξιοι

1031 1414 1079 1442 τοῦ
1100 1415 1198 1446 λαλεῖν,
1221 1414 1354 1450 παρόντος
1375 1412 1421 1439 τοῦ
1448 1411 1518 1443 Ἰὼϐ,
1543 1411 1653 1447 μείζονα
1677 1411 1745 1447 ἔργα
1770 1419 1822 1437 τιε-

1032 1460 1185 1496 ποιηκότος.

995 1517 1017 1545 C
1061 1507 1116 1542 (11)
1131 1506 1205 1542 Στίχ,
1221 1509 1248 1533 ι’.
1265 1507 1297 1532 Οἱ
1310 1505 1343 1532 δὲ
1356 1505 1542 1537 ἀκούσαντες
1552 1503 1790 1538 ἑμακάρισάνμε.

1070 1553 1125 1581 Τοῦ
1139 1552 1242 1580 αὑτοῦ.
1258 1551 1390 1578 Τοσοῦτον
1403 1549 1436 1587 ἦν
1449 1552 1493 1578 ὅτε
1507 1550 1613 1577 οὐδέπω
1633 1549 1821 1582 ἐϐασανίζετο,

1031 1601 1101 1628 ὥστε
1113 1601 1137 1626 οἱ
1148 1599 1290 1630 ἀκούοντες
1302 1598 1384 1624 αὐτοῦ
1397 1596 1563 1633 ἐμακάριζον
1579 1596 1669 1627 αὐτὸν,
1682 1596 1729 1622 καὶ
1738 1594 1824 1622 ἐθαύαι

1034 1645 1130 1682 μαζον,
1143 1645 1203 1672 τίνα
1215 1645 1316 1680 τρόπον
1326 1643 1362 1670 τὰ
1377 1642 1495 1670 τοσαῦτα
1511 1644 1565 1669 νοεῖ
1579 1643 1626 1669 καὶ
1639 1641 1819 1676 καταλαμϐά-

1032 1701 1082 1724 νει,
1099 1692 1148 1718 καὶ
1163 1690 1273 1718 δύναται
1290 1690 1353 1721 τοὺς
1365 1689 1512 1720 ἀκούοντας
1525 1688 1648 1723 ὠφελεῖν.

1034 1785 1108 1820 Στίχ.
1123 1787 1149 1810 ι’.
1168 1783 1231 1810 ὀτι
1249 1782 1376 1820 γλῶσσα
1393 1780 1493 1820 adtriti»
1510 1780 1550 1813 τῷ
1567 1780 1695 1815 λάρυγγι
1717 1778 1822 1806 αὐτῶν

1346 1816 1499 1850 ἐκολλήθη
1504 1836 1510 1842 .

1069 1865 1129 1891 Τῶν
1140 1863 1291 1891 ἀκουόντων
1307 1871 1357 1898 μου
1369 1862 1415 1888 καὶ
1430 1860 1634 1897 μακαριζόντων
1650 1861 1693 1894 ἐφ’
1708 1857 1749 1892 οἷς
1762 1859 1822 1887 ἐλε-

1034 1912 1118 1947 γον,ή
1131 1910 1242 1945 γλῶσσα
1250 1909 1290 1944 τῷ
1303 1908 1418 1944 λάρυγγι
1431 1906 1572 1942 ἐκολλήθη.

1035 1958 1092 1994 (15)
1104 1958 1178 1992 Στίχ.
1190 1960 1233 1983 ια’.
1248 1955 1307 1982 ’Ότι
1316 1955 1404 1981 ὠτίον
1410 1954 1533 1988 ἤκουσε,
1545 1952 1592 1979 καὶ
1598 1951 1759 1987 ὲμακάρισέ
1769 1960 1820 1986 με.

1075 2003 1131 2031 Τοῦ
1144 2001 1248 2030 αὐτοῦ.
1260 2002 1365 2035 ’Ὠσπερ
1376 1999 1528 2034 γέγραπται
1541 1997 1658 2034 περὶτοῦ
1671 1997 1821 2028 Μωῡσέως,

1039 2049 1080 2075 ὅτι
1094 2047 1251 2082 ηὑλαϐεῖτο
1268 2045 1467 2080 κατεμϐλέψαι
1487 2045 1668 2071 κατενώπιον
1679 2043 1731 2070 τοῦ
1744 2043 1821 2069 Θεοῦ

1038 2098 1082 2122 διὰ
1100 2094 1151 2129 τὴν
1171 2092 1323 2129 ὑπερϐολὴν
1343 2092 1392 2126 τῆς
1411 2091 1600 2126 λαμπρότητος
1623 2089 1703 2117 αὑτοῦ
1732 2089 1820 2120 οὕτως

1037 2141 1134 2177 νοήσας
1155 2139 1210 2175 (16)
1232 2139 1275 2171 ἂν,
1294 2139 1334 2165 ὅτι
1357 2136 1493 2173 ὑπερϐολὴ
1511 2133 1545 2172 ἦν
1568 2134 1708 2171 προκοπῆς
1728 2133 1778 2168 τῆς
1794 2134 1824 2160 ὲν

201 2179 251 2213 ipsi
268 2179 467 2210 auscultabunt.
485 2188 536 2207 non
553 2187 667 2216 possent
687 2182 773 2209 aciem
799 2184 940 2212 intendere
959 2186 980 2213 in

1043 2188 1119 2223 σοφίᾳ
1133 2186 1180 2213 τοῦ
1201 2185 1271 2218 Ἰὼϐ,
1290 2185 1360 2212 ὥστε
1381 2184 1443 2215 τοὺς
1460 2182 1608 2214 ἀκούοντας
1622 2180 1703 2208 αὑτοῦ
1724 2180 1761 2216 μὴ
1775 2179 1823 2206 δύ-

202 2226 335 2262 fulgorcm
354 2228 520 2262 cogitaturum
548 2229 630 2257 illius.
660 2230 737 2264 Quod
765 2238 826 2258 cum
854 2239 906 2259 non
924 2240 986 2266 pos-

200 2278 272 2305 sent,
288 2273 387 2300 idcirco
405 2275 577 2302 declinabant
592 2277 687 2304 oculos
702 2285 776 2308 suos.
797 2285 848 2305 non
867 2277 986 2306 valentes

200 2321 391 2349 obsecundare
407 2321 585 2356 profunditati
613 2324 789 2360 cogitationis
815 2324 896 2352 illius.
918 2323 985 2352 Pro-

201 2372 293 2403 pterea
311 2367 376 2394 dicit
390 2379 396 2395 :

267 2412 300 2441 V.
318 2413 361 2440 11.
380 2413 479 2441 Oculus
492 2419 580 2441 autem
594 2423 634 2442 me
649 2416 738 2443 ridens
753 2417 914 2444 declinabat.

238 2459 337 2494 Aquila
353 2465 380 2486 et
400 2459 591 2495 Symmachus,
610 2461 730 2489 Testatus
753 2469 790 2489 est
806 2465 837 2490 de
854 2472 904 2496 me,
926 2465 985 2492 θίιί-

202 2507 310 2534 derunt.
326 2506 376 2533 Alii
392 2514 467 2539 vero,
484 2505 583 2534 Oculus
603 2514 691 2534 autent
708 2510 798 2536 videns
815 2510 965 2538 declinabat
976 2519 986 2538 :

202 2553 274 2588 quod
290 2557 341 2582 est.
358 2560 410 2579 non
432 2552 520 2580 valeat
533 2553 730 2582 contradicere.

238 2609 261 2625 "
276 2609 360 2636 Exod.
381 2617 421 2641 Ill,
435 2610 461 2636 6.

240 2667 278 2702 (9)
293 2667 319 2694 Id
334 2673 374 2695 est
386 2667 454 2694 κατὰ
472 2667 608 2702 βούτυρον,
627 2667 730 2702 butyro.

243 2702 298 2734 (10)
315 2703 382 2730 Cod.
396 2711 451 2735 ut,
463 2702 613 2729 διώδευσεν.

243 2737 299 2772 (11)
318 2738 393 2765 Unus
413 2739 473 2765 cod.
493 2738 586 2764 tribuit
600 2737 805 2772 Ulirysostomo.

241 2773 298 2808 (1'2)
313 2773 390 2799 Deest
404 2774 430 2800 in
451 2774 511 2800 cod.
528 2781 583 2800 xxt.
598 2772 702 2808 Similia
719 2774 789 2808 apud
804 2773 908 2808 Olymp.

244 2807 298 2840 (I3)
315 2808 393 2834 IIccst
412 2808 438 2836 in
453 2816 507 2835 ut.
535 2822 554 2828 -
569 2807 667 2834 Confer
686 2812 751 2833 tom.
771 2807 827 2840 XII,
842 2810 894 2835 col.
913 2808 987 2836 1059.

242 2842 297 2877 (14)
312 2842 390 2870 Deest
405 2844 430 2870 in
452 2851 515 2870 uno.
531 2843 606 2870 Initio
620 2843 690 2876 legas
702 2842 836 2874 τοτοῦτος.

1036 2233 1133 2260 νασθαι
1153 2233 1249 2268 ὲνορᾷν
1270 2233 1303 2267 τῇ
1321 2231 1487 2267 μαρμαρυγῇ
1501 2229 1555 2256 τῶν
1566 2228 1707 2264 νοημάτων
1724 2225 1823 2257 αὐτοῦ,

1037 2280 1084 2307 καὶ
1100 2279 1137 2315 μὴ
1158 2277 1322 2314 δυναμένους
1336 2277 1379 2304 διὰ
1393 2276 1472 2303 τοῦτο
1484 2274 1617 2302 ἐκκλίνειν
1641 2274 1705 2305 τοὺς
1720 2271 1822 2307 ὀφθαλ-

1039 2326 1105 2361 μοὺς
1120 2324 1219 2357 αὐτῶν,
1237 2324 1273 2359 μὴ
1287 2321 1557 2359 παρακολουθοῦντας
1570 2321 1604 2356 τῇ
1615 2318 1751 2355 βαθυτάτῃ
1766 2317 1821 2353 (17)

1036 2372 1086 2407 τῆς
1100 2370 1218 2401 διανοίας
1229 2368 1321 2396 αὐτοῦ.
1337 2368 1386 2395 Διά
1399 2368 1476 2395 τοῦτο
1491 2367 1576 2401 λέγει·

1060 2417 1116 2452 (IS)
1130 2417 1203 2451 Στίχ.
1220 2419 1263 2442 ια’.
1286 2414 1451 2449 Ὀφθαλμὸς
1465 2412 1498 2440 δέ
1509 2420 1548 2447 με
1563 2411 1633 2438 ἰδὼν
1641 2410 1807 2443 ἐξέκλινεν.

1080 2464 1109 2490 '0
1123 2462 1172 2498 μὲν
1185 2461 1300 2492 Ἀκύλας
1313 2461 1361 2487 καὶ
1369 2460 1526 2495 Σύμμαχος.
1548 2458 1748 2492 Ἑμαρτύρησε
1756 2455 1823 2490 περὶ

1039 2509 1123 2545 ἐμοῦ,
1138 2506 1324 2534 ὲκδεδὼκασιν·
1343 2505 1432 2541 ἕτεροι
1445 2505 1482 2535 δὲ,
1509 2502 1676 2538 Ὀφθαλμὸς
1696 2501 1730 2528 δὲ
1754 2500 1825 2528 ἰδὼν

1039 2553 1202 2586 ἐξέκλινεν,
1214 2552 1272 2578 ἀντὶ
1288 2550 1345 2577 τοῦσ
1364 2551 1420 2577 Οὐκ
1434 2549 1516 2584 ἰσχύω
1525 2549 1591 2585 (18¹)
1605 2549 1750 2575 ἀντειπεῖν.

1079 2669 1135 2702 (I5)
1152 2667 1229 2695 Dcest
1248 2668 1273 2694 in
1287 2668 1346 2693 cmi.
1362 2675 1416 2693 χιιι.

1078 2703 1135 2739 (16)
1150 2703 1231 2730 Forte
1240 2703 1376 2763 νοίὸσειας,
1394 2702 1434 2728 vel
1450 2702 1568 2736 νοήσαις.

1078 2739 1133 2763 117)
1147 2738 1227 2763 Forte
1246 2738 1278 2763 Ba.
1297 2738 1385 2763 ύτητι.

1077 2740 1099 2772 (1
1107 2739 1133 2769 7)
1147 2738 1227 2765 Forte
1246 2738 1385 2773 βαθύτητι.

1077 2774 1133 2808 (18)
1149 2774 1175 2800 In
1190 2773 1248 2801 cod.
1266 2781 1321 2802 xu,
1342 2772 1447 2808 (Ilymp.

1077 2807 1144 2843 (18‘)
1159 2810 1199 2835 Ar.
1217 2809 1304 2844 ἴσχυε,
1318 2807 1440 2835 valebat?
