  <div class='ocr_page' id='page_1' title='image "/cluster/home/n/w/nwhite01/storage/ocr_20150623/17/njp.32101010944583/068.png"; bbox 0 0 1918 3069; ppageno 0'>
   <div class='ocr_carea' id='block_1_1' title="bbox 60 92 1722 132">
    <p class='ocr_par' dir='ltr' id='par_1_1' title="bbox 60 92 1722 132">
     <span class='ocr_line' id='line_1_1' title="bbox 60 92 1722 132; baseline 0.011 -14"><span class='ocrx_word' id='word_1_1' title='bbox 60 92 95 118; x_wconf 73' lang='lat'><strong>97</strong></span> <span class='ocrx_word' id='word_1_2' title='bbox 713 99 979 128; x_wconf 74' lang='lat' dir='ltr'><strong>ENARRATIONES</strong></span> <span class='ocrx_word' id='word_1_3' title='bbox 999 102 1031 129; x_wconf 89' lang='lat' dir='ltr'><strong>IN</strong></span> <span class='ocrx_word' id='word_1_4' title='bbox 1050 102 1120 130; x_wconf 82' lang='lat' dir='ltr'><strong>JOB.</strong></span> <span class='ocrx_word' id='word_1_5' title='bbox 1687 104 1722 132; x_wconf 71' lang='grc'><strong>98</strong></span> 
     </span>
    </p>
   </div>
   <div class='ocr_carea' id='block_1_2' title="bbox 62 151 875 196">
    <p class='ocr_par' dir='ltr' id='par_1_2' title="bbox 62 151 872 196">
     <span class='ocr_line' id='line_1_2' title="bbox 62 151 872 196; baseline 0.011 -19"><span class='ocrx_word' id='word_1_6' title='bbox 62 152 138 178; x_wconf 77' lang='grc' dir='ltr'>ἐστι</span> <span class='ocrx_word' id='word_1_7' title='bbox 147 151 402 196; x_wconf 42' lang='lat' dir='ltr'><strong>aziwma—Kal</strong></span> <span class='ocrx_word' id='word_1_8' title='bbox 408 156 471 191; x_wconf 84' lang='grc' dir='ltr'>μετ’</span> <span class='ocrx_word' id='word_1_9' title='bbox 481 157 574 192; x_wconf 61' lang='lat' dir='ltr'><strong>CUI-rw</strong></span> <span class='ocrx_word' id='word_1_10' title='bbox 584 157 646 184; x_wconf 82' lang='grc' dir='ltr'><strong>Ἐὰν</strong></span> <span class='ocrx_word' id='word_1_11' title='bbox 666 155 699 193; x_wconf 81' lang='grc' dir='ltr'><strong>ᾖς</strong></span> <span class='ocrx_word' id='word_1_12' title='bbox 714 158 872 195; x_wconf 71' lang='grc' dir='ltr'>ἁμαρτωλὸς</span> 
     </span>
    </p>
   </div>
   <div class='ocr_carea' id='block_1_3' title="bbox 931 151 1722 196">
    <p class='ocr_par' dir='ltr' id='par_1_3' title="bbox 935 159 1722 196">
     <span class='ocr_line' id='line_1_3' title="bbox 935 159 1722 196; baseline 0.001 -9"><span class='ocrx_word' id='word_1_13' title='bbox 935 161 1041 195; x_wconf 77' lang='lat' dir='ltr'><strong>ligrntia</strong></span> <span class='ocrx_word' id='word_1_14' title='bbox 1061 159 1167 188; x_wconf 71' lang='lat' dir='ltr'><strong>“.—-Et</strong></span> <span class='ocrx_word' id='word_1_15' title='bbox 1176 165 1233 196; x_wconf 75' lang='lat' dir='ltr'><strong>post</strong></span> <span class='ocrx_word' id='word_1_16' title='bbox 1245 168 1349 196; x_wconf 79' lang='lat' dir='ltr'><strong>pauca:</strong></span> <span class='ocrx_word' id='word_1_17' title='bbox 1362 160 1390 188; x_wconf 88' lang='lat' dir='ltr'><strong>Si</strong></span> <span class='ocrx_word' id='word_1_18' title='bbox 1417 161 1455 189; x_wconf 86' lang='lat' dir='ltr'><strong>sis</strong></span> <span class='ocrx_word' id='word_1_19' title='bbox 1475 164 1609 196; x_wconf 73' lang='lat' dir='ltr'><strong>peccator,</strong></span> <span class='ocrx_word' id='word_1_20' title='bbox 1631 161 1653 188; x_wconf 85' lang='lat' dir='ltr'><strong>si</strong></span> <span class='ocrx_word' id='word_1_21' title='bbox 1683 163 1722 189; x_wconf 79' lang='lat' dir='ltr'><strong>sis</strong></span> 
     </span>
    </p>
   </div>
   <div class='ocr_carea' id='block_1_4' title="bbox 66 194 875 242">
    <p class='ocr_par' dir='ltr' id='par_1_4' title="bbox 66 194 875 242">
     <span class='ocr_line' id='line_1_4' title="bbox 66 194 875 242; baseline 0.011 -20"><span class='ocrx_word' id='word_1_22' title='bbox 66 197 121 223; x_wconf 71' lang='grc' dir='ltr'><strong>ἐὰν</strong></span> <span class='ocrx_word' id='word_1_23' title='bbox 145 194 181 234; x_wconf 79' lang='grc' dir='ltr'><strong>ᾗς</strong></span> <span class='ocrx_word' id='word_1_24' title='bbox 204 199 326 235; x_wconf 81' lang='grc' dir='ltr'><strong>πόρνος,</strong></span> <span class='ocrx_word' id='word_1_25' title='bbox 349 201 398 228; x_wconf 78' lang='grc' dir='ltr'><strong>ἐὰν</strong></span> <span class='ocrx_word' id='word_1_26' title='bbox 424 203 589 239; x_wconf 81' lang='grc' dir='ltr'>καταφερὴς,</span> <span class='ocrx_word' id='word_1_27' title='bbox 606 205 636 230; x_wconf 88' lang='grc' dir='ltr'>οὺ</span> <span class='ocrx_word' id='word_1_28' title='bbox 661 194 817 242; x_wconf 76' lang='grc' dir='ltr'>διορισϐἧσῃ</span> <span class='ocrx_word' id='word_1_29' title='bbox 833 205 875 231; x_wconf 56' lang='grc' dir='ltr'>ἀπὶ</span> 
     </span>
    </p>
   </div>
   <div class='ocr_carea' id='block_1_5' title="bbox 931 194 1719 242">
    <p class='ocr_par' dir='ltr' id='par_1_5' title="bbox 938 206 1719 242">
     <span class='ocr_line' id='line_1_5' title="bbox 938 206 1719 242; baseline 0.001 -9"><span class='ocrx_word' id='word_1_30' title='bbox 938 206 1098 239; x_wconf 79' lang='lat' dir='ltr'><strong>fornicator,</strong></span> <span class='ocrx_word' id='word_1_31' title='bbox 1113 207 1135 233; x_wconf 85' lang='lat' dir='ltr'><strong>si</strong></span> <span class='ocrx_word' id='word_1_32' title='bbox 1152 215 1273 241; x_wconf 77' lang='lat' dir='ltr'><strong>praeceps</strong></span> <span class='ocrx_word' id='word_1_33' title='bbox 1286 227 1293 238; x_wconf 95' lang='lat'><strong>,</strong></span> <span class='ocrx_word' id='word_1_34' title='bbox 1313 215 1365 233; x_wconf 88' lang='lat' dir='ltr'><strong>non</strong></span> <span class='ocrx_word' id='word_1_35' title='bbox 1382 207 1558 242; x_wconf 75' lang='lat' dir='ltr'><strong>distingueris</strong></span> <span class='ocrx_word' id='word_1_36' title='bbox 1569 215 1583 234; x_wconf 89' lang='lat' dir='ltr'><strong>a</strong></span> <span class='ocrx_word' id='word_1_37' title='bbox 1602 207 1719 242; x_wconf 80' lang='lat' dir='ltr'><strong>quadru-</strong></span> 
     </span>
    </p>
   </div>
   <div class='ocr_carea' id='block_1_6' title="bbox 68 244 884 284">
    <p class='ocr_par' dir='ltr' id='par_1_6' title="bbox 68 244 884 284">
     <span class='ocr_line' id='line_1_6' title="bbox 68 244 884 284; baseline 0.01 -15"><span class='ocrx_word' id='word_1_38' title='bbox 68 244 132 270; x_wconf 79' lang='grc' dir='ltr'><strong>τῶν</strong></span> <span class='ocrx_word' id='word_1_39' title='bbox 145 246 341 280; x_wconf 78' lang='grc' dir='ltr'>τετραπόδων.</span> <span class='ocrx_word' id='word_1_40' title='bbox 359 248 457 274; x_wconf 83' lang='grc' dir='ltr'>Ἷπποι</span> <span class='ocrx_word' id='word_1_41' title='bbox 476 249 656 284; x_wconf 82' lang='grc' dir='ltr'><strong>θηλυμανεῖς</strong></span> <span class='ocrx_word' id='word_1_42' title='bbox 669 249 884 284; x_wconf 51' lang='grc' dir='ltr'><strong>ἐγεννήθησαν.</strong></span> 
     </span>
    </p>
   </div>
   <div class='ocr_carea' id='block_1_7' title="bbox 73 290 886 332">
    <p class='ocr_par' dir='ltr' id='par_1_7' title="bbox 73 290 886 332">
     <span class='ocr_line' id='line_1_7' title="bbox 73 290 886 332; baseline 0.01 -16"><span class='ocrx_word' id='word_1_43' title='bbox 73 290 131 317; x_wconf 76' lang='grc' dir='ltr'><strong>Διὰ</strong></span> <span class='ocrx_word' id='word_1_44' title='bbox 139 291 221 317; x_wconf 71' lang='grc' dir='ltr'>τοῦτο</span> <span class='ocrx_word' id='word_1_45' title='bbox 233 292 351 328; x_wconf 51' lang='lat' dir='ltr'><strong>nupera.</strong></span> <span class='ocrx_word' id='word_1_46' title='bbox 363 293 448 329; x_wconf 79' lang='grc' dir='ltr'>λέγει,</span> <span class='ocrx_word' id='word_1_47' title='bbox 461 295 501 321; x_wconf 78' lang='grc' dir='ltr'>ὅτι</span> <span class='ocrx_word' id='word_1_48' title='bbox 515 295 660 332; x_wconf 76' lang='grc' dir='ltr'><strong>ἐχωρίσθη·</strong></span> <span class='ocrx_word' id='word_1_49' title='bbox 670 296 701 322; x_wconf 88' lang='lat'><strong>&#39;0</strong></span> <span class='ocrx_word' id='word_1_50' title='bbox 713 296 886 332; x_wconf 76' lang='grc' dir='ltr'>διορίζωνμε</span> 
     </span>
    </p>
   </div>
   <div class='ocr_carea' id='block_1_8' title="bbox 74 338 439 375">
    <p class='ocr_par' dir='ltr' id='par_1_8' title="bbox 74 338 439 375">
     <span class='ocr_line' id='line_1_8' title="bbox 74 338 439 375; baseline 0.005 -11"><span class='ocrx_word' id='word_1_51' title='bbox 74 338 141 364; x_wconf 66' lang='grc' dir='ltr'><strong>ἀπὸ</strong></span> <span class='ocrx_word' id='word_1_52' title='bbox 159 339 362 372; x_wconf 74' lang='grc' dir='ltr'><strong>τετραπόδων</strong></span> <span class='ocrx_word' id='word_1_53' title='bbox 374 340 439 375; x_wconf 68' lang='grc' dir='ltr'>γῆς.</span> 
     </span>
    </p>
   </div>
   <div class='ocr_carea' id='block_1_9' title="bbox 418 387 558 413">
    <p class='ocr_par' dir='ltr' id='par_1_9' title="bbox 418 387 558 413">
     <span class='ocr_line' id='line_1_9' title="bbox 418 387 558 413; baseline 0 0"><span class='ocrx_word' id='word_1_54' title='bbox 418 387 496 413; x_wconf 79' lang='grc' dir='ltr'><strong>ΚΕΦ.</strong></span> <span class='ocrx_word' id='word_1_55' title='bbox 514 388 558 413; x_wconf 83' lang='grc' dir='ltr'><strong>Μ’.</strong></span> 
     </span>
    </p>
   </div>
   <div class='ocr_carea' id='block_1_10' title="bbox 78 430 137 447">
    <p class='ocr_par' dir='ltr' id='par_1_10' title="bbox 78 430 137 447">
     <span class='ocr_line' id='line_1_10' title="bbox 78 430 137 447; baseline -0.017 -3"><span class='ocrx_word' id='word_1_56' title='bbox 78 431 117 444; x_wconf 64' lang='grc' dir='ltr'>τι-</span> <span class='ocrx_word' id='word_1_57' title='bbox 121 430 137 447; x_wconf 67' lang='grc' dir='ltr'><em>ξ.</em></span> 
     </span>
    </p>
   </div>
   <div class='ocr_carea' id='block_1_11' title="bbox 133 431 884 468">
    <p class='ocr_par' dir='ltr' id='par_1_11' title="bbox 133 431 884 468">
     <span class='ocr_line' id='line_1_11' title="bbox 133 431 884 468; baseline 0.004 -11"><span class='ocrx_word' id='word_1_58' title='bbox 133 440 159 465; x_wconf 80' lang='grc' dir='ltr'><strong>χ.</strong></span> <span class='ocrx_word' id='word_1_59' title='bbox 177 434 214 464; x_wconf 78' lang='grc' dir='ltr'>γ’.</span> <span class='ocrx_word' id='word_1_60' title='bbox 234 431 297 468; x_wconf 55' lang='lat' dir='ltr'><strong>liii),</strong></span> <span class='ocrx_word' id='word_1_61' title='bbox 309 432 389 459; x_wconf 76' lang='grc' dir='ltr'>ἀλλὰ</span> <span class='ocrx_word' id='word_1_62' title='bbox 407 432 493 463; x_wconf 85' lang='grc' dir='ltr'><em>ζῶσαι</em></span> <span class='ocrx_word' id='word_1_63' title='bbox 509 433 608 468; x_wconf 76' lang='grc' dir='ltr'>ὥσπερ</span> <span class='ocrx_word' id='word_1_64' title='bbox 623 433 699 467; x_wconf 72' lang='grc' dir='ltr'>ἀνὴρ</span> <span class='ocrx_word' id='word_1_65' title='bbox 708 434 764 467; x_wconf 81' lang='grc' dir='ltr'>τὴν</span> <span class='ocrx_word' id='word_1_66' title='bbox 784 434 884 468; x_wconf 61' lang='grc' dir='ltr'>ϐαρύν</span> 
     </span>
    </p>
   </div>
   <div class='ocr_carea' id='block_1_12' title="bbox 117 466 882 504">
    <p class='ocr_par' dir='ltr' id='par_1_12' title="bbox 117 466 882 504">
     <span class='ocr_line' id='line_1_12' title="bbox 117 466 882 504; baseline 0 -8"><span class='ocrx_word' id='word_1_67' title='bbox 117 474 196 504; x_wconf 49' lang='grc' dir='ltr'><strong>σφι</strong></span> <span class='ocrx_word' id='word_1_68' title='bbox 210 466 325 504; x_wconf 56' lang='grc' dir='ltr'>ῥίδωμί</span> <span class='ocrx_word' id='word_1_69' title='bbox 340 469 577 502; x_wconf 68' lang='grc' dir='ltr'>σοιπιιριἷησίαν,</span> <span class='ocrx_word' id='word_1_70' title='bbox 589 466 719 503; x_wconf 58' lang='grc' dir='ltr'>’Ὲγώῖῖε</span> <span class='ocrx_word' id='word_1_71' title='bbox 734 466 882 504; x_wconf 69' lang='grc' dir='ltr'>ἐρωτήσω·</span> 
     </span>
    </p>
   </div>
   <div class='ocr_carea' id='block_1_13' title="bbox 112 501 460 537">
    <p class='ocr_par' dir='ltr' id='par_1_13' title="bbox 112 501 460 537">
     <span class='ocr_line' id='line_1_13' title="bbox 112 501 460 537; baseline 0.009 -10"><span class='ocrx_word' id='word_1_72' title='bbox 112 501 158 527; x_wconf 76' lang='grc' dir='ltr'>σὺ</span> <span class='ocrx_word' id='word_1_73' title='bbox 180 501 217 528; x_wconf 76' lang='grc' dir='ltr'><strong>δέ</strong></span> <span class='ocrx_word' id='word_1_74' title='bbox 224 511 277 536; x_wconf 82' lang='grc' dir='ltr'><strong>μοι</strong></span> <span class='ocrx_word' id='word_1_75' title='bbox 292 501 460 537; x_wconf 76' lang='grc' dir='ltr'>ἀπόκριναι.</span> 
     </span>
    </p>
   </div>
   <div class='ocr_carea' id='block_1_14' title="bbox 117 546 883 586">
    <p class='ocr_par' dir='ltr' id='par_1_14' title="bbox 117 546 883 586">
     <span class='ocr_line' id='line_1_14' title="bbox 117 546 883 586; baseline 0.005 -13"><span class='ocrx_word' id='word_1_76' title='bbox 117 547 182 582; x_wconf 56' lang='grc' dir='ltr'><strong>(ὢ)</strong></span> <span class='ocrx_word' id='word_1_77' title='bbox 201 547 275 583; x_wconf 83' lang='grc' dir='ltr'><strong>Ἤδη</strong></span> <span class='ocrx_word' id='word_1_78' title='bbox 293 546 376 575; x_wconf 78' lang='grc' dir='ltr'>ἆθλον</span> <span class='ocrx_word' id='word_1_79' title='bbox 399 549 473 584; x_wconf 85' lang='grc' dir='ltr'>αὐτῷ</span> <span class='ocrx_word' id='word_1_80' title='bbox 488 549 618 577; x_wconf 85' lang='grc' dir='ltr'>δίδωσινό</span> <span class='ocrx_word' id='word_1_81' title='bbox 631 550 706 582; x_wconf 83' lang='grc' dir='ltr'>Θεός.</span> <span class='ocrx_word' id='word_1_82' title='bbox 723 550 883 586; x_wconf 75' lang='grc' dir='ltr'><strong>’Ἄνθρωπον</strong></span> 
     </span>
    </p>
   </div>
   <div class='ocr_carea' id='block_1_15' title="bbox 75 594 882 630">
    <p class='ocr_par' dir='ltr' id='par_1_15' title="bbox 75 594 882 630">
     <span class='ocr_line' id='line_1_15' title="bbox 75 594 882 630; baseline 0.001 -10"><span class='ocrx_word' id='word_1_83' title='bbox 75 595 188 630; x_wconf 75' lang='grc' dir='ltr'>ἐρωτᾷ,</span> <span class='ocrx_word' id='word_1_84' title='bbox 211 595 254 621; x_wconf 82' lang='grc' dir='ltr'>ὅτι</span> <span class='ocrx_word' id='word_1_85' title='bbox 272 594 435 623; x_wconf 81' lang='grc' dir='ltr'>πυνθάνεται</span> <span class='ocrx_word' id='word_1_86' title='bbox 455 596 547 627; x_wconf 81' lang='grc' dir='ltr'>αὐτοῦ,</span> <span class='ocrx_word' id='word_1_87' title='bbox 566 596 606 623; x_wconf 81' lang='grc' dir='ltr'>ὅτι</span> <span class='ocrx_word' id='word_1_88' title='bbox 632 596 738 623; x_wconf 84' lang='grc' dir='ltr'>δίδωσιν</span> <span class='ocrx_word' id='word_1_89' title='bbox 759 596 882 629; x_wconf 72' lang='grc' dir='ltr'><strong>ἐξουσίαν</strong></span> 
     </span>
    </p>
   </div>
   <div class='ocr_carea' id='block_1_16' title="bbox 74 638 882 677">
    <p class='ocr_par' dir='ltr' id='par_1_16' title="bbox 74 638 882 677">
     <span class='ocr_line' id='line_1_16' title="bbox 74 638 882 677; baseline 0.001 -11"><span class='ocrx_word' id='word_1_90' title='bbox 74 639 132 674; x_wconf 78' lang='grc' dir='ltr'>’τῆς</span> <span class='ocrx_word' id='word_1_91' title='bbox 146 639 337 675; x_wconf 78' lang='grc' dir='ltr'><strong>ἀποκρίσεως.</strong></span> <span class='ocrx_word' id='word_1_92' title='bbox 347 641 378 666; x_wconf 84' lang='grc' dir='ltr'><strong>Εἰ</strong></span> <span class='ocrx_word' id='word_1_93' title='bbox 390 640 427 675; x_wconf 78' lang='grc' dir='ltr'>μὴ</span> <span class='ocrx_word' id='word_1_94' title='bbox 436 638 470 676; x_wconf 85' lang='grc' dir='ltr'>ἦν</span> <span class='ocrx_word' id='word_1_95' title='bbox 479 641 638 677; x_wconf 79' lang='grc' dir='ltr'>νενικηκὼς,</span> <span class='ocrx_word' id='word_1_96' title='bbox 653 642 703 667; x_wconf 79' lang='grc' dir='ltr'>οὐκ</span> <span class='ocrx_word' id='word_1_97' title='bbox 716 641 749 668; x_wconf 87' lang='grc' dir='ltr'><strong>ἂν</strong></span> <span class='ocrx_word' id='word_1_98' title='bbox 761 641 882 676; x_wconf 76' lang='grc' dir='ltr'>ἐλάμϐα-</span> 
     </span>
    </p>
   </div>
   <div class='ocr_carea' id='block_1_17' title="bbox 75 684 882 722">
    <p class='ocr_par' dir='ltr' id='par_1_17' title="bbox 75 684 882 722">
     <span class='ocr_line' id='line_1_17' title="bbox 75 684 882 722; baseline 0.001 -10"><span class='ocrx_word' id='word_1_99' title='bbox 75 695 137 712; x_wconf 79' lang='grc' dir='ltr'>νεν·</span> <span class='ocrx_word' id='word_1_100' title='bbox 156 687 183 712; x_wconf 85' lang='grc' dir='ltr'>εἰ</span> <span class='ocrx_word' id='word_1_101' title='bbox 211 687 251 722; x_wconf 83' lang='grc' dir='ltr'>μὴ</span> <span class='ocrx_word' id='word_1_102' title='bbox 277 684 313 722; x_wconf 76' lang='grc' dir='ltr'>ἦν</span> <span class='ocrx_word' id='word_1_103' title='bbox 339 687 498 722; x_wconf 74' lang='grc' dir='ltr'><strong>ὑπομείνας,</strong></span> <span class='ocrx_word' id='word_1_104' title='bbox 525 687 574 713; x_wconf 78' lang='grc' dir='ltr'><strong>οὐκ</strong></span> <span class='ocrx_word' id='word_1_105' title='bbox 595 687 627 713; x_wconf 81' lang='grc' dir='ltr'>ἂν</span> <span class='ocrx_word' id='word_1_106' title='bbox 651 688 760 722; x_wconf 71' lang='grc' dir='ltr'>ἣκουσεο</span> <span class='ocrx_word' id='word_1_107' title='bbox 783 686 882 713; x_wconf 82' lang='grc' dir='ltr'><strong>Ζῶσαι</strong></span> 
     </span>
    </p>
   </div>
   <div class='ocr_carea' id='block_1_18' title="bbox 74 733 881 767">
    <p class='ocr_par' dir='ltr' id='par_1_18' title="bbox 74 733 881 767">
     <span class='ocr_line' id='line_1_18' title="bbox 74 733 881 767; baseline 0 -8"><span class='ocrx_word' id='word_1_108' title='bbox 74 733 189 767; x_wconf 69' lang='grc' dir='ltr'>ὥσπερ</span> <span class='ocrx_word' id='word_1_109' title='bbox 198 733 280 767; x_wconf 69' lang='grc' dir='ltr'>ἀνὴρ</span> <span class='ocrx_word' id='word_1_110' title='bbox 293 733 351 767; x_wconf 80' lang='grc' dir='ltr'>τὴν</span> <span class='ocrx_word' id='word_1_111' title='bbox 363 734 462 767; x_wconf 53' lang='lat' dir='ltr'><strong>dog-or</strong></span> <span class='ocrx_word' id='word_1_112' title='bbox 477 741 544 760; x_wconf 82' lang='grc' dir='ltr'>σου.</span> <span class='ocrx_word' id='word_1_113' title='bbox 562 733 712 767; x_wconf 72' lang='grc' dir='ltr'>Ἐρωτήσω</span> <span class='ocrx_word' id='word_1_114' title='bbox 731 733 764 759; x_wconf 82' lang='grc' dir='ltr'><strong>δέ</strong></span> <span class='ocrx_word' id='word_1_115' title='bbox 775 741 820 760; x_wconf 86' lang='grc' dir='ltr'>σε·</span> <span class='ocrx_word' id='word_1_116' title='bbox 840 733 881 759; x_wconf 86' lang='grc' dir='ltr'><strong>σὺ</strong></span> 
     </span>
    </p>
   </div>
   <div class='ocr_carea' id='block_1_19' title="bbox 74 778 370 812">
    <p class='ocr_par' dir='ltr' id='par_1_19' title="bbox 74 778 370 812">
     <span class='ocr_line' id='line_1_19' title="bbox 74 778 370 812; baseline 0 -8"><span class='ocrx_word' id='word_1_117' title='bbox 74 778 113 805; x_wconf 74' lang='grc' dir='ltr'><strong>δέ</strong></span> <span class='ocrx_word' id='word_1_118' title='bbox 121 787 178 812; x_wconf 71' lang='grc' dir='ltr'><strong>μοι</strong></span> <span class='ocrx_word' id='word_1_119' title='bbox 197 779 370 812; x_wconf 73' lang='grc' dir='ltr'>ἀπόκριναι.</span> 
     </span>
    </p>
   </div>
   <div class='ocr_carea' id='block_1_20' title="bbox 936 251 1724 287">
    <p class='ocr_par' dir='ltr' id='par_1_20' title="bbox 936 251 1724 287">
     <span class='ocr_line' id='line_1_20' title="bbox 936 251 1724 287; baseline 0.001 -9"><span class='ocrx_word' id='word_1_120' title='bbox 936 252 1059 286; x_wconf 80' lang='lat' dir='ltr'><strong>pedibus.</strong></span> <span class='ocrx_word' id='word_1_121' title='bbox 1083 251 1153 287; x_wconf 80' lang='lat' dir='ltr'><strong>Equi</strong></span> <span class='ocrx_word' id='word_1_122' title='bbox 1180 252 1312 279; x_wconf 69' lang='lat' dir='ltr'><strong>luxuriosi</strong></span> <span class='ocrx_word' id='word_1_123' title='bbox 1340 253 1396 279; x_wconf 83' lang='lat' dir='ltr'><strong>mm&#39;</strong></span> <span class='ocrx_word' id='word_1_124' title='bbox 1423 258 1484 279; x_wconf 75' lang='lat' dir='ltr'><strong>sunt</strong></span> <span class='ocrx_word' id='word_1_125' title='bbox 1507 253 1540 279; x_wconf 83' lang='lat'><strong>&quot;.</strong></span> <span class='ocrx_word' id='word_1_126' title='bbox 1575 252 1724 287; x_wconf 75' lang='lat' dir='ltr'><strong>Propterea.</strong></span> 
     </span>
    </p>
   </div>
   <div class='ocr_carea' id='block_1_21' title="bbox 936 297 1724 335">
    <p class='ocr_par' dir='ltr' id='par_1_21' title="bbox 936 297 1724 335">
     <span class='ocr_line' id='line_1_21' title="bbox 936 297 1724 335; baseline 0.001 -11"><span class='ocrx_word' id='word_1_127' title='bbox 936 298 1066 325; x_wconf 85' lang='lat' dir='ltr'><strong>audacter</strong></span> <span class='ocrx_word' id='word_1_128' title='bbox 1079 299 1162 330; x_wconf 84' lang='lat' dir='ltr'><strong>dicit,</strong></span> <span class='ocrx_word' id='word_1_129' title='bbox 1186 299 1248 334; x_wconf 87' lang='lat' dir='ltr'><strong>quia</strong></span> <span class='ocrx_word' id='word_1_130' title='bbox 1266 305 1423 334; x_wconf 71' lang='lat' dir='ltr'><strong>segregatus</strong></span> <span class='ocrx_word' id='word_1_131' title='bbox 1442 298 1562 332; x_wconf 72' lang='lat' dir='ltr'><strong>estzout&#39;</strong></span> <span class='ocrx_word' id='word_1_132' title='bbox 1581 297 1724 335; x_wconf 62' lang='lat' dir='ltr'><strong>distingui?</strong></span> 
     </span>
    </p>
   </div>
   <div class='ocr_carea' id='block_1_22' title="bbox 934 344 1326 378">
    <p class='ocr_par' dir='ltr' id='par_1_22' title="bbox 934 344 1326 378">
     <span class='ocr_line' id='line_1_22' title="bbox 934 344 1326 378; baseline 0.005 -9"><span class='ocrx_word' id='word_1_133' title='bbox 934 351 975 370; x_wconf 86' lang='lat' dir='ltr'><strong>me</strong></span> <span class='ocrx_word' id='word_1_134' title='bbox 990 351 1006 369; x_wconf 85' lang='grc' dir='ltr'><strong>α</strong></span> <span class='ocrx_word' id='word_1_135' title='bbox 1019 344 1229 378; x_wconf 76' lang='lat' dir='ltr'><strong>quadrupedibus</strong></span> <span class='ocrx_word' id='word_1_136' title='bbox 1239 350 1326 371; x_wconf 66' lang='lat' dir='ltr'><strong>(ert-te.</strong></span> 
     </span>
    </p>
   </div>
   <div class='ocr_carea' id='block_1_23' title="bbox 1250 389 1399 418">
    <p class='ocr_par' dir='ltr' id='par_1_23' title="bbox 1250 389 1399 418">
     <span class='ocr_line' id='line_1_23' title="bbox 1250 389 1399 418; baseline 0 0"><span class='ocrx_word' id='word_1_137' title='bbox 1250 391 1326 418; x_wconf 77' lang='lat' dir='ltr'><strong>CAP.</strong></span> <span class='ocrx_word' id='word_1_138' title='bbox 1342 389 1399 418; x_wconf 82' lang='lat' dir='ltr'><strong>XL.</strong></span> 
     </span>
    </p>
   </div>
   <div class='ocr_carea' id='block_1_24' title="bbox 934 434 1717 471">
    <p class='ocr_par' dir='ltr' id='par_1_24' title="bbox 934 434 1717 471">
     <span class='ocr_line' id='line_1_24' title="bbox 934 434 1717 471; baseline 0.004 -10"><span class='ocrx_word' id='word_1_139' title='bbox 934 434 966 461; x_wconf 80' lang='grc' dir='ltr'>ν.</span> <span class='ocrx_word' id='word_1_140' title='bbox 981 434 1008 462; x_wconf 75' lang='lat'><strong>5.</strong></span> <span class='ocrx_word' id='word_1_141' title='bbox 1026 435 1209 470; x_wconf 73' lang='lat' dir='ltr'><strong>Nequaquam,</strong></span> <span class='ocrx_word' id='word_1_142' title='bbox 1224 437 1269 462; x_wconf 72' lang='lat' dir='ltr'><strong>sed</strong></span> <span class='ocrx_word' id='word_1_143' title='bbox 1284 437 1389 471; x_wconf 83' lang='lat' dir='ltr'><strong>arcinge</strong></span> <span class='ocrx_word' id='word_1_144' title='bbox 1410 442 1438 464; x_wconf 81' lang='lat' dir='ltr'><strong>ut</strong></span> <span class='ocrx_word' id='word_1_145' title='bbox 1455 438 1494 464; x_wconf 85' lang='lat' dir='ltr'><strong>vir</strong></span> <span class='ocrx_word' id='word_1_146' title='bbox 1505 437 1620 464; x_wconf 75' lang='lat' dir='ltr'><strong>lumbum</strong></span> <span class='ocrx_word' id='word_1_147' title='bbox 1633 443 1717 464; x_wconf 79' lang='lat' dir='ltr'><strong>tuum.</strong></span> 
     </span>
    </p>
   </div>
   <div class='ocr_carea' id='block_1_25' title="bbox 971 471 1718 508">
    <p class='ocr_par' dir='ltr' id='par_1_25' title="bbox 971 471 1718 508">
     <span class='ocr_line' id='line_1_25' title="bbox 971 471 1718 508; baseline 0.003 -11"><span class='ocrx_word' id='word_1_148' title='bbox 971 471 1010 498; x_wconf 87' lang='lat' dir='ltr'><strong>Do</strong></span> <span class='ocrx_word' id='word_1_149' title='bbox 1031 471 1078 497; x_wconf 82' lang='lat' dir='ltr'><strong>tibi</strong></span> <span class='ocrx_word' id='word_1_150' title='bbox 1094 472 1217 508; x_wconf 68' lang='lat' dir='ltr'><strong>loquendi</strong></span> <span class='ocrx_word' id='word_1_151' title='bbox 1231 473 1343 500; x_wconf 79' lang='lat' dir='ltr'><strong>veniam.</strong></span> <span class='ocrx_word' id='word_1_152' title='bbox 1366 471 1422 507; x_wconf 79' lang='lat' dir='ltr'><strong>Ego</strong></span> <span class='ocrx_word' id='word_1_153' title='bbox 1443 478 1467 500; x_wconf 82' lang='lat' dir='ltr'><strong>te</strong></span> <span class='ocrx_word' id='word_1_154' title='bbox 1488 473 1718 508; x_wconf 79' lang='lat' dir='ltr'><strong>interrogubo‘:&#39;tu</strong></span> 
     </span>
    </p>
   </div>
   <div class='ocr_carea' id='block_1_26' title="bbox 969 507 1287 540">
    <p class='ocr_par' dir='ltr' id='par_1_26' title="bbox 969 507 1287 540">
     <span class='ocr_line' id='line_1_26' title="bbox 969 507 1287 540; baseline 0.003 -8"><span class='ocrx_word' id='word_1_155' title='bbox 969 512 1056 533; x_wconf 78' lang='lat' dir='ltr'><strong>autent</strong></span> <span class='ocrx_word' id='word_1_156' title='bbox 1073 507 1136 533; x_wconf 84' lang='lat' dir='ltr'><strong>mihi</strong></span> <span class='ocrx_word' id='word_1_157' title='bbox 1150 508 1287 540; x_wconf 68' lang='lat' dir='ltr'><strong>responde.</strong></span> 
     </span>
    </p>
   </div>
   <div class='ocr_carea' id='block_1_27' title="bbox 968 550 1719 588">
    <p class='ocr_par' dir='ltr' id='par_1_27' title="bbox 968 550 1719 588">
     <span class='ocr_line' id='line_1_27' title="bbox 968 550 1719 588; baseline 0.003 -10"><span class='ocrx_word' id='word_1_158' title='bbox 968 550 1028 579; x_wconf 84' lang='lat' dir='ltr'><strong>Jam</strong></span> <span class='ocrx_word' id='word_1_159' title='bbox 1039 556 1176 579; x_wconf 82' lang='lat' dir='ltr'><strong>certamen</strong></span> <span class='ocrx_word' id='word_1_160' title='bbox 1192 552 1216 579; x_wconf 91' lang='lat' dir='ltr'><strong>ei</strong></span> <span class='ocrx_word' id='word_1_161' title='bbox 1233 553 1278 579; x_wconf 83' lang='lat' dir='ltr'><strong>dat</strong></span> <span class='ocrx_word' id='word_1_162' title='bbox 1297 552 1379 580; x_wconf 88' lang='lat' dir='ltr'><strong>Deus.</strong></span> <span class='ocrx_word' id='word_1_163' title='bbox 1398 553 1539 580; x_wconf 78' lang='lat' dir='ltr'><strong>Hominem</strong></span> <span class='ocrx_word' id='word_1_164' title='bbox 1556 554 1719 588; x_wconf 73' lang='lat' dir='ltr'><strong>interrogat,</strong></span> 
     </span>
    </p>
   </div>
   <div class='ocr_carea' id='block_1_28' title="bbox 933 598 1720 634">
    <p class='ocr_par' dir='ltr' id='par_1_28' title="bbox 933 598 1720 634">
     <span class='ocr_line' id='line_1_28' title="bbox 933 598 1720 634; baseline 0.003 -10"><span class='ocrx_word' id='word_1_165' title='bbox 933 598 996 633; x_wconf 85' lang='lat' dir='ltr'><strong>quia</strong></span> <span class='ocrx_word' id='word_1_166' title='bbox 1006 599 1140 633; x_wconf 77' lang='lat' dir='ltr'><strong>dignoscit</strong></span> <span class='ocrx_word' id='word_1_167' title='bbox 1152 598 1238 629; x_wconf 91' lang='lat' dir='ltr'><strong>illum,</strong></span> <span class='ocrx_word' id='word_1_168' title='bbox 1253 598 1314 632; x_wconf 84' lang='lat' dir='ltr'><strong>quia</strong></span> <span class='ocrx_word' id='word_1_169' title='bbox 1327 599 1420 626; x_wconf 78' lang='lat' dir='ltr'><strong>tribuit</strong></span> <span class='ocrx_word' id='word_1_170' title='bbox 1434 599 1591 627; x_wconf 69' lang='lat' dir='ltr'><strong>facultatem</strong></span> <span class='ocrx_word' id='word_1_171' title='bbox 1608 607 1720 634; x_wconf 74' lang='lat' dir='ltr'><strong>respon-</strong></span> 
     </span>
    </p>
   </div>
   <div class='ocr_carea' id='block_1_29' title="bbox 933 644 1720 680">
    <p class='ocr_par' dir='ltr' id='par_1_29' title="bbox 933 644 1720 680">
     <span class='ocr_line' id='line_1_29' title="bbox 933 644 1720 680; baseline 0.004 -10"><span class='ocrx_word' id='word_1_172' title='bbox 933 645 1023 671; x_wconf 83' lang='lat' dir='ltr'><strong>dendi.</strong></span> <span class='ocrx_word' id='word_1_173' title='bbox 1037 645 1065 671; x_wconf 87' lang='lat' dir='ltr'><strong>Si</strong></span> <span class='ocrx_word' id='word_1_174' title='bbox 1078 652 1132 672; x_wconf 89' lang='lat' dir='ltr'><strong>nou</strong></span> <span class='ocrx_word' id='word_1_175' title='bbox 1145 644 1262 676; x_wconf 80' lang='lat' dir='ltr'><strong>vicisset,</strong></span> <span class='ocrx_word' id='word_1_176' title='bbox 1275 646 1368 679; x_wconf 94' lang='lat' dir='ltr'><strong>utique</strong></span> <span class='ocrx_word' id='word_1_177' title='bbox 1379 654 1431 673; x_wconf 93' lang='lat' dir='ltr'><strong>non</strong></span> <span class='ocrx_word' id='word_1_178' title='bbox 1445 646 1591 680; x_wconf 73' lang='lat' dir='ltr'><strong>accepisset</strong></span> <span class='ocrx_word' id='word_1_179' title='bbox 1603 656 1610 672; x_wconf 90' lang='lat'>:</span> <span class='ocrx_word' id='word_1_180' title='bbox 1628 646 1650 672; x_wconf 88' lang='lat' dir='ltr'><strong>si</strong></span> <span class='ocrx_word' id='word_1_181' title='bbox 1665 652 1720 673; x_wconf 78' lang='lat' dir='ltr'><strong>non</strong></span> 
     </span>
    </p>
   </div>
   <div class='ocr_carea' id='block_1_30' title="bbox 934 691 1720 729">
    <p class='ocr_par' dir='ltr' id='par_1_30' title="bbox 934 691 1720 729">
     <span class='ocr_line' id='line_1_30' title="bbox 934 691 1720 729; baseline 0.003 -12"><span class='ocrx_word' id='word_1_182' title='bbox 934 691 1042 719; x_wconf 83' lang='lat' dir='ltr'><strong>tulisset</strong></span> <span class='ocrx_word' id='word_1_183' title='bbox 1059 693 1207 727; x_wconf 73' lang='lat' dir='ltr'><strong>patienter,</strong></span> <span class='ocrx_word' id='word_1_184' title='bbox 1231 701 1284 722; x_wconf 90' lang='lat' dir='ltr'><strong>non</strong></span> <span class='ocrx_word' id='word_1_185' title='bbox 1302 695 1396 729; x_wconf 87' lang='lat' dir='ltr'><strong>utique</strong></span> <span class='ocrx_word' id='word_1_186' title='bbox 1421 694 1589 721; x_wconf 79' lang='lat' dir='ltr'><strong>audivisset:</strong></span> <span class='ocrx_word' id='word_1_187' title='bbox 1607 693 1720 728; x_wconf 67' lang='lat' dir='ltr'><strong>Acciuge</strong></span> 
     </span>
    </p>
   </div>
   <div class='ocr_carea' id='block_1_31' title="bbox 933 738 1721 776">
    <p class='ocr_par' dir='ltr' id='par_1_31' title="bbox 933 738 1721 776">
     <span class='ocr_line' id='line_1_31' title="bbox 933 738 1721 776; baseline 0.004 -13"><span class='ocrx_word' id='word_1_188' title='bbox 933 744 960 763; x_wconf 89' lang='lat' dir='ltr'><strong>ul</strong></span> <span class='ocrx_word' id='word_1_189' title='bbox 973 738 1013 764; x_wconf 79' lang='lat' dir='ltr'><strong>vir</strong></span> <span class='ocrx_word' id='word_1_190' title='bbox 1034 739 1148 765; x_wconf 88' lang='lat' dir='ltr'><strong>lumbum</strong></span> <span class='ocrx_word' id='word_1_191' title='bbox 1162 745 1235 766; x_wconf 84' lang='lat' dir='ltr'><strong>tuum</strong></span> <span class='ocrx_word' id='word_1_192' title='bbox 1254 749 1262 768; x_wconf 91' lang='lat'><em>:</em></span> <span class='ocrx_word' id='word_1_193' title='bbox 1285 741 1455 776; x_wconf 81' lang='lat' dir='ltr'><strong>interrogabo</strong></span> <span class='ocrx_word' id='word_1_194' title='bbox 1470 744 1608 771; x_wconf 60' lang='lat' dir='ltr'><strong>autem“,</strong></span> <span class='ocrx_word' id='word_1_195' title='bbox 1622 744 1721 766; x_wconf 65' lang='lat' dir='ltr'><strong>tu&#39;vero</strong></span> 
     </span>
    </p>
   </div>
   <div class='ocr_carea' id='block_1_32' title="bbox 932 784 1145 817">
    <p class='ocr_par' dir='ltr' id='par_1_32' title="bbox 932 784 1145 817">
     <span class='ocr_line' id='line_1_32' title="bbox 932 784 1145 817; baseline 0.014 -9"><span class='ocrx_word' id='word_1_196' title='bbox 932 784 995 810; x_wconf 82' lang='lat' dir='ltr'><strong>mihi</strong></span> <span class='ocrx_word' id='word_1_197' title='bbox 1009 785 1145 817; x_wconf 76' lang='lat' dir='ltr'><strong>responde.</strong></span> 
     </span>
    </p>
   </div>
   <div class='ocr_carea' id='block_1_33' title="bbox 118 823 875 866">
    <p class='ocr_par' dir='ltr' id='par_1_33' title="bbox 118 823 875 861">
     <span class='ocr_line' id='line_1_33' title="bbox 118 823 875 861; baseline -0.001 -10"><span class='ocrx_word' id='word_1_198' title='bbox 118 825 180 851; x_wconf 85' lang='grc' dir='ltr'><strong>Τοῦ</strong></span> <span class='ocrx_word' id='word_1_199' title='bbox 205 825 312 852; x_wconf 73' lang='grc' dir='ltr'>αὐτοῦ.</span> <span class='ocrx_word' id='word_1_200' title='bbox 340 826 385 860; x_wconf 86' lang='grc' dir='ltr'><strong>Μὴ</strong></span> <span class='ocrx_word' id='word_1_201' title='bbox 407 825 537 861; x_wconf 76' lang='grc' dir='ltr'>πρότερον</span> <span class='ocrx_word' id='word_1_202' title='bbox 564 825 758 860; x_wconf 80' lang='grc' dir='ltr'>ἀποκρινάσθω</span> <span class='ocrx_word' id='word_1_203' title='bbox 775 833 817 856; x_wconf 83' lang='grc' dir='ltr'><strong>τις</strong></span> <span class='ocrx_word' id='word_1_204' title='bbox 842 823 875 859; x_wconf 66' lang='grc' dir='ltr'>τᾷ</span> 
     </span>
    </p>
   </div>
   <div class='ocr_carea' id='block_1_34' title="bbox 931 823 1719 866">
    <p class='ocr_par' dir='ltr' id='par_1_34' title="bbox 968 829 1719 866">
     <span class='ocr_line' id='line_1_34' title="bbox 968 829 1719 866; baseline 0.001 -11"><span class='ocrx_word' id='word_1_205' title='bbox 968 829 1105 864; x_wconf 73' lang='lat' dir='ltr'><strong>Ejusdem.</strong></span> <span class='ocrx_word' id='word_1_206' title='bbox 1132 829 1172 858; x_wconf 85' lang='lat' dir='ltr'><strong>Ne</strong></span> <span class='ocrx_word' id='word_1_207' title='bbox 1193 832 1270 865; x_wconf 82' lang='lat' dir='ltr'><strong>prius</strong></span> <span class='ocrx_word' id='word_1_208' title='bbox 1290 831 1453 866; x_wconf 84' lang='lat' dir='ltr'><strong>respondeat</strong></span> <span class='ocrx_word' id='word_1_209' title='bbox 1485 832 1547 866; x_wconf 81' lang='lat' dir='ltr'><strong>quis</strong></span> <span class='ocrx_word' id='word_1_210' title='bbox 1572 830 1637 862; x_wconf 75' lang='lat' dir='ltr'><strong>Deo,</strong></span> <span class='ocrx_word' id='word_1_211' title='bbox 1667 830 1719 857; x_wconf 91' lang='lat' dir='ltr'><strong>nisi</strong></span> 
     </span>
    </p>
   </div>
   <div class='ocr_carea' id='block_1_35' title="bbox 73 869 881 906">
    <p class='ocr_par' dir='ltr' id='par_1_35' title="bbox 73 869 881 906">
     <span class='ocr_line' id='line_1_35' title="bbox 73 869 881 906; baseline -0.001 -10"><span class='ocrx_word' id='word_1_212' title='bbox 73 870 152 905; x_wconf 76' lang='grc' dir='ltr'>Θεῷ,</span> <span class='ocrx_word' id='word_1_213' title='bbox 173 871 226 896; x_wconf 80' lang='grc' dir='ltr'><strong>ὲάν</strong></span> <span class='ocrx_word' id='word_1_214' title='bbox 246 871 295 906; x_wconf 83' lang='grc' dir='ltr'>μὴ,</span> <span class='ocrx_word' id='word_1_215' title='bbox 318 871 462 906; x_wconf 82' lang='grc' dir='ltr'>γενόμενος</span> <span class='ocrx_word' id='word_1_216' title='bbox 476 870 555 906; x_wconf 81' lang='grc' dir='ltr'>ἀνὴρ,</span> <span class='ocrx_word' id='word_1_217' title='bbox 573 869 693 906; x_wconf 57' lang='grc' dir='ltr'>ζώστιται</span> <span class='ocrx_word' id='word_1_218' title='bbox 704 869 797 905; x_wconf 82' lang='grc' dir='ltr'>ὥσπερ</span> <span class='ocrx_word' id='word_1_219' title='bbox 812 869 881 905; x_wconf 70' lang='grc' dir='ltr'>ἀνὴρ</span> 
     </span>
    </p>
   </div>
   <div class='ocr_carea' id='block_1_36' title="bbox 73 914 876 952">
    <p class='ocr_par' dir='ltr' id='par_1_36' title="bbox 73 914 876 952">
     <span class='ocr_line' id='line_1_36' title="bbox 73 914 876 952; baseline -0.001 -10"><span class='ocrx_word' id='word_1_220' title='bbox 73 917 129 952; x_wconf 78' lang='grc' dir='ltr'><strong>τὴν</strong></span> <span class='ocrx_word' id='word_1_221' title='bbox 148 917 243 951; x_wconf 58' lang='grc' dir='ltr'>ὀσφὺν</span> <span class='ocrx_word' id='word_1_222' title='bbox 259 915 437 944; x_wconf 48' lang='lat' dir='ltr'><strong>decimam</strong></span> <span class='ocrx_word' id='word_1_223' title='bbox 453 916 506 951; x_wconf 79' lang='grc' dir='ltr'>γὰρ</span> <span class='ocrx_word' id='word_1_224' title='bbox 520 917 536 951; x_wconf 79' lang='grc' dir='ltr'>ὴ</span> <span class='ocrx_word' id='word_1_225' title='bbox 549 916 633 950; x_wconf 79' lang='grc' dir='ltr'>ὀσφὺς</span> <span class='ocrx_word' id='word_1_226' title='bbox 648 916 729 942; x_wconf 74' lang='grc' dir='ltr'>αὑτοῦ</span> <span class='ocrx_word' id='word_1_227' title='bbox 743 916 792 942; x_wconf 82' lang='grc' dir='ltr'>οὑχ</span> <span class='ocrx_word' id='word_1_228' title='bbox 809 914 876 947; x_wconf 78' lang='grc' dir='ltr'><strong>ἔζω-</strong></span> 
     </span>
    </p>
   </div>
   <div class='ocr_carea' id='block_1_37' title="bbox 76 961 876 998">
    <p class='ocr_par' dir='ltr' id='par_1_37' title="bbox 76 961 876 998">
     <span class='ocr_line' id='line_1_37' title="bbox 76 961 876 998; baseline -0.004 -8"><span class='ocrx_word' id='word_1_229' title='bbox 76 971 155 995; x_wconf 76' lang='grc' dir='ltr'>σται,</span> <span class='ocrx_word' id='word_1_230' title='bbox 171 963 243 990; x_wconf 75' lang='grc' dir='ltr'>ἀλλὰ</span> <span class='ocrx_word' id='word_1_231' title='bbox 267 963 386 994; x_wconf 81' lang='grc' dir='ltr'>λέλυται,</span> <span class='ocrx_word' id='word_1_232' title='bbox 402 964 448 990; x_wconf 77' lang='grc' dir='ltr'>καὶ</span> <span class='ocrx_word' id='word_1_233' title='bbox 462 963 521 998; x_wconf 77' lang='grc' dir='ltr'>οὐχὶ</span> <span class='ocrx_word' id='word_1_234' title='bbox 543 962 721 998; x_wconf 84' lang='grc' dir='ltr'>περιδέδεται,</span> <span class='ocrx_word' id='word_1_235' title='bbox 739 961 799 988; x_wconf 76' lang='grc' dir='ltr'>οὐδὲ</span> <span class='ocrx_word' id='word_1_236' title='bbox 815 970 876 987; x_wconf 84' lang='grc' dir='ltr'>συν-</span> 
     </span>
    </p>
   </div>
   <div class='ocr_carea' id='block_1_38' title="bbox 76 1007 878 1044">
    <p class='ocr_par' dir='ltr' id='par_1_38' title="bbox 76 1007 878 1044">
     <span class='ocr_line' id='line_1_38' title="bbox 76 1007 878 1044; baseline -0.004 -9"><span class='ocrx_word' id='word_1_237' title='bbox 76 1009 244 1043; x_wconf 63' lang='grc' dir='ltr'>έσφιγκται,</span> <span class='ocrx_word' id='word_1_238' title='bbox 272 1010 303 1036; x_wconf 83' lang='grc' dir='ltr'>οὺ</span> <span class='ocrx_word' id='word_1_239' title='bbox 331 1009 440 1036; x_wconf 76' lang='grc' dir='ltr'>δύναται</span> <span class='ocrx_word' id='word_1_240' title='bbox 470 1009 585 1043; x_wconf 78' lang='grc' dir='ltr'><strong>εὐλόγως</strong></span> <span class='ocrx_word' id='word_1_241' title='bbox 613 1008 810 1044; x_wconf 61' lang='grc' dir='ltr'>ἀποκρίνασθαι</span> <span class='ocrx_word' id='word_1_242' title='bbox 839 1007 878 1041; x_wconf 83' lang='grc' dir='ltr'>τῷ</span> 
     </span>
    </p>
   </div>
   <div class='ocr_carea' id='block_1_39' title="bbox 75 1055 193 1091">
    <p class='ocr_par' dir='ltr' id='par_1_39' title="bbox 75 1055 193 1091">
     <span class='ocr_line' id='line_1_39' title="bbox 75 1055 193 1091; baseline 0 -10"><span class='ocrx_word' id='word_1_243' title='bbox 75 1055 193 1091; x_wconf 75' lang='grc' dir='ltr'>Κυρίῳ,</span> 
     </span>
    </p>
   </div>
   <div class='ocr_carea' id='block_1_40' title="bbox 77 1100 876 1136">
    <p class='ocr_par' dir='ltr' id='par_1_40' title="bbox 77 1100 876 1136">
     <span class='ocr_line' id='line_1_40' title="bbox 77 1100 876 1136; baseline -0.001 -10"><span class='ocrx_word' id='word_1_244' title='bbox 77 1101 159 1136; x_wconf 75' lang='grc' dir='ltr'>Στίχ.</span> <span class='ocrx_word' id='word_1_245' title='bbox 183 1104 218 1135; x_wconf 77' lang='grc' dir='ltr'><strong>γ’.</strong></span> <span class='ocrx_word' id='word_1_246' title='bbox 243 1101 396 1135; x_wconf 74' lang='grc' dir='ltr'>Ἐρωτήσω</span> <span class='ocrx_word' id='word_1_247' title='bbox 411 1101 444 1127; x_wconf 79' lang='grc' dir='ltr'><strong>δέ</strong></span> <span class='ocrx_word' id='word_1_248' title='bbox 462 1108 507 1128; x_wconf 89' lang='grc' dir='ltr'>σε·</span> <span class='ocrx_word' id='word_1_249' title='bbox 520 1101 559 1127; x_wconf 86' lang='grc' dir='ltr'><strong>σὺ</strong></span> <span class='ocrx_word' id='word_1_250' title='bbox 571 1100 604 1127; x_wconf 80' lang='grc' dir='ltr'><strong>δέ</strong></span> <span class='ocrx_word' id='word_1_251' title='bbox 625 1109 675 1135; x_wconf 81' lang='grc' dir='ltr'><strong>μοι</strong></span> <span class='ocrx_word' id='word_1_252' title='bbox 692 1100 876 1133; x_wconf 81' lang='grc' dir='ltr'>ἀποκρίθητι.</span> 
     </span>
    </p>
   </div>
   <div class='ocr_carea' id='block_1_41' title="bbox 116 1145 878 1183">
    <p class='ocr_par' dir='ltr' id='par_1_41' title="bbox 116 1145 878 1183">
     <span class='ocr_line' id='line_1_41' title="bbox 116 1145 878 1183; baseline -0.004 -9"><span class='ocrx_word' id='word_1_253' title='bbox 116 1147 162 1174; x_wconf 74' lang='grc' dir='ltr'><strong>Τὰ</strong></span> <span class='ocrx_word' id='word_1_254' title='bbox 179 1148 228 1183; x_wconf 78' lang='grc' dir='ltr'>μὲν</span> <span class='ocrx_word' id='word_1_255' title='bbox 242 1147 333 1174; x_wconf 80' lang='grc' dir='ltr'>τέλεια</span> <span class='ocrx_word' id='word_1_256' title='bbox 347 1147 400 1174; x_wconf 86' lang='grc' dir='ltr'><strong>τῶν</strong></span> <span class='ocrx_word' id='word_1_257' title='bbox 410 1147 606 1182; x_wconf 79' lang='grc' dir='ltr'><strong>ἀγωνισμάτων</strong></span> <span class='ocrx_word' id='word_1_258' title='bbox 625 1148 680 1178; x_wconf 82' lang='grc' dir='ltr'>τοῖς</span> <span class='ocrx_word' id='word_1_259' title='bbox 695 1146 784 1178; x_wconf 78' lang='grc' dir='ltr'>καλῶς</span> <span class='ocrx_word' id='word_1_260' title='bbox 795 1145 878 1181; x_wconf 77' lang='grc' dir='ltr'>ἀθλή-</span> 
     </span>
    </p>
   </div>
   <div class='ocr_carea' id='block_1_42' title="bbox 82 1190 878 1228">
    <p class='ocr_par' dir='ltr' id='par_1_42' title="bbox 82 1190 878 1228">
     <span class='ocr_line' id='line_1_42' title="bbox 82 1190 878 1228; baseline -0.003 -9"><span class='ocrx_word' id='word_1_261' title='bbox 82 1202 148 1219; x_wconf 75' lang='grc' dir='ltr'>σατι</span> <span class='ocrx_word' id='word_1_262' title='bbox 167 1193 239 1228; x_wconf 80' lang='grc' dir='ltr'><strong>μετά</strong></span> <span class='ocrx_word' id='word_1_263' title='bbox 250 1194 297 1220; x_wconf 71' lang='grc' dir='ltr'>τὸν</span> <span class='ocrx_word' id='word_1_264' title='bbox 312 1193 368 1228; x_wconf 81' lang='grc' dir='ltr'>βίον</span> <span class='ocrx_word' id='word_1_265' title='bbox 388 1193 531 1219; x_wconf 80' lang='grc' dir='ltr'>ἀπόκειται</span> <span class='ocrx_word' id='word_1_266' title='bbox 544 1193 648 1220; x_wconf 81' lang='grc' dir='ltr'>τοῦτον.</span> <span class='ocrx_word' id='word_1_267' title='bbox 665 1193 747 1219; x_wconf 74' lang='grc' dir='ltr'>Οὐδὲν</span> <span class='ocrx_word' id='word_1_268' title='bbox 760 1192 788 1218; x_wconf 80' lang='grc' dir='ltr'><strong>δὲ</strong></span> <span class='ocrx_word' id='word_1_269' title='bbox 798 1190 878 1228; x_wconf 77' lang='grc' dir='ltr'>ἦττον</span> 
     </span>
    </p>
   </div>
   <div class='ocr_carea' id='block_1_43' title="bbox 82 1238 878 1275">
    <p class='ocr_par' dir='ltr' id='par_1_43' title="bbox 82 1238 878 1275">
     <span class='ocr_line' id='line_1_43' title="bbox 82 1238 878 1275; baseline -0.003 -9"><span class='ocrx_word' id='word_1_270' title='bbox 82 1240 131 1267; x_wconf 72' lang='grc' dir='ltr'>καὶ</span> <span class='ocrx_word' id='word_1_271' title='bbox 154 1239 208 1275; x_wconf 69' lang='grc' dir='ltr'><strong>ἢδη</strong></span> <span class='ocrx_word' id='word_1_272' title='bbox 231 1241 248 1275; x_wconf 80' lang='grc' dir='ltr'><strong>ἡ</strong></span> <span class='ocrx_word' id='word_1_273' title='bbox 269 1239 349 1275; x_wconf 82' lang='grc' dir='ltr'>χάρις</span> <span class='ocrx_word' id='word_1_274' title='bbox 377 1240 393 1274; x_wconf 83' lang='grc' dir='ltr'><strong>ἡ</strong></span> <span class='ocrx_word' id='word_1_275' title='bbox 420 1239 466 1265; x_wconf 77' lang='grc' dir='ltr'>τοῦ</span> <span class='ocrx_word' id='word_1_276' title='bbox 488 1239 555 1265; x_wconf 80' lang='grc' dir='ltr'>Θεοῦ</span> <span class='ocrx_word' id='word_1_277' title='bbox 579 1238 792 1275; x_wconf 70' lang='grc' dir='ltr'>ἀρραϐωνίζεται</span> <span class='ocrx_word' id='word_1_278' title='bbox 817 1238 878 1270; x_wconf 79' lang='grc' dir='ltr'>τοὺς</span> 
     </span>
    </p>
   </div>
   <div class='ocr_carea' id='block_1_44' title="bbox 82 1283 876 1322">
    <p class='ocr_par' dir='ltr' id='par_1_44' title="bbox 82 1283 876 1322">
     <span class='ocr_line' id='line_1_44' title="bbox 82 1283 876 1322; baseline -0.003 -10"><span class='ocrx_word' id='word_1_279' title='bbox 82 1286 216 1322; x_wconf 76' lang='grc' dir='ltr'>ἀθλητάς.</span> <span class='ocrx_word' id='word_1_280' title='bbox 233 1286 283 1313; x_wconf 78' lang='grc' dir='ltr'><strong>Διὰ</strong></span> <span class='ocrx_word' id='word_1_281' title='bbox 290 1285 378 1318; x_wconf 80' lang='grc' dir='ltr'>τοῦτο,</span> <span class='ocrx_word' id='word_1_282' title='bbox 388 1286 432 1312; x_wconf 81' lang='grc' dir='ltr'><strong>ὅτε</strong></span> <span class='ocrx_word' id='word_1_283' title='bbox 446 1286 597 1320; x_wconf 74' lang='grc' dir='ltr'><strong>ἠγωνίσατο</strong></span> <span class='ocrx_word' id='word_1_284' title='bbox 610 1284 642 1312; x_wconf 83' lang='grc' dir='ltr'><strong>τά</strong></span> <span class='ocrx_word' id='word_1_285' title='bbox 658 1285 793 1320; x_wconf 84' lang='grc' dir='ltr'>μέγισταὸ</span> <span class='ocrx_word' id='word_1_286' title='bbox 807 1283 876 1310; x_wconf 78' lang='grc' dir='ltr'><strong>Ἰώὸ·</strong></span> 
     </span>
    </p>
   </div>
   <div class='ocr_carea' id='block_1_45' title="bbox 82 1331 876 1368">
    <p class='ocr_par' dir='ltr' id='par_1_45' title="bbox 82 1331 876 1368">
     <span class='ocr_line' id='line_1_45' title="bbox 82 1331 876 1368; baseline -0.003 -9"><span class='ocrx_word' id='word_1_287' title='bbox 82 1334 140 1364; x_wconf 76' lang='grc' dir='ltr'>ὅτε,</span> <span class='ocrx_word' id='word_1_288' title='bbox 157 1332 304 1359; x_wconf 81' lang='grc' dir='ltr'>ἀποὸαλὼν</span> <span class='ocrx_word' id='word_1_289' title='bbox 326 1332 361 1359; x_wconf 80' lang='grc' dir='ltr'>τὰ</span> <span class='ocrx_word' id='word_1_290' title='bbox 370 1332 535 1368; x_wconf 78' lang='grc' dir='ltr'>ὑπάρχοντα,</span> <span class='ocrx_word' id='word_1_291' title='bbox 553 1331 659 1364; x_wconf 77' lang='grc' dir='ltr'>ἑδόξασε</span> <span class='ocrx_word' id='word_1_292' title='bbox 676 1331 719 1358; x_wconf 80' lang='grc' dir='ltr'><strong>τὸν</strong></span> <span class='ocrx_word' id='word_1_293' title='bbox 735 1331 876 1357; x_wconf 60' lang='lat' dir='ltr'><strong>agamem-</strong></span> 
     </span>
    </p>
   </div>
   <div class='ocr_carea' id='block_1_46' title="bbox 84 1376 878 1415">
    <p class='ocr_par' dir='ltr' id='par_1_46' title="bbox 84 1376 878 1415">
     <span class='ocr_line' id='line_1_46' title="bbox 84 1376 878 1415; baseline -0.005 -9"><span class='ocrx_word' id='word_1_294' title='bbox 84 1380 140 1411; x_wconf 69' lang='grc' dir='ltr'>ὅτε,</span> <span class='ocrx_word' id='word_1_295' title='bbox 154 1379 324 1415; x_wconf 79' lang='grc' dir='ltr'><strong>ἀποθέμενος</strong></span> <span class='ocrx_word' id='word_1_296' title='bbox 339 1379 374 1405; x_wconf 86' lang='grc' dir='ltr'>τὰ</span> <span class='ocrx_word' id='word_1_297' title='bbox 384 1379 475 1410; x_wconf 81' lang='grc' dir='ltr'>τέκνα,</span> <span class='ocrx_word' id='word_1_298' title='bbox 489 1378 673 1414; x_wconf 83' lang='grc' dir='ltr'>ηὐχαρίστησε</span> <span class='ocrx_word' id='word_1_299' title='bbox 694 1377 733 1412; x_wconf 86' lang='grc' dir='ltr'><strong>τῷ</strong></span> <span class='ocrx_word' id='word_1_300' title='bbox 750 1376 878 1412; x_wconf 83' lang='grc' dir='ltr'>παρειλη-</span> 
     </span>
    </p>
   </div>
   <div class='ocr_carea' id='block_1_47' title="bbox 86 1423 879 1461">
    <p class='ocr_par' dir='ltr' id='par_1_47' title="bbox 86 1423 879 1461">
     <span class='ocr_line' id='line_1_47' title="bbox 86 1423 879 1461; baseline -0.003 -9"><span class='ocrx_word' id='word_1_301' title='bbox 86 1427 158 1461; x_wconf 72' lang='grc' dir='ltr'>φότι·</span> <span class='ocrx_word' id='word_1_302' title='bbox 174 1427 230 1458; x_wconf 73' lang='grc' dir='ltr'>ὅτε,</span> <span class='ocrx_word' id='word_1_303' title='bbox 254 1427 354 1461; x_wconf 82' lang='grc' dir='ltr'>νοήσας</span> <span class='ocrx_word' id='word_1_304' title='bbox 371 1426 408 1458; x_wconf 83' lang='grc' dir='ltr'>ὠς</span> <span class='ocrx_word' id='word_1_305' title='bbox 426 1425 567 1461; x_wconf 81' lang='grc' dir='ltr'><strong>σκώληκας</strong></span> <span class='ocrx_word' id='word_1_306' title='bbox 588 1426 698 1459; x_wconf 77' lang='grc' dir='ltr'>ἀνάγειν</span> <span class='ocrx_word' id='word_1_307' title='bbox 719 1424 800 1451; x_wconf 77' lang='grc' dir='ltr'>αὑτοῦ</span> <span class='ocrx_word' id='word_1_308' title='bbox 825 1423 879 1452; x_wconf 81' lang='grc' dir='ltr'>ἀπὸ</span> 
     </span>
    </p>
   </div>
   <div class='ocr_carea' id='block_1_48' title="bbox 86 1470 879 1507">
    <p class='ocr_par' dir='ltr' id='par_1_48' title="bbox 86 1470 879 1507">
     <span class='ocr_line' id='line_1_48' title="bbox 86 1470 879 1507; baseline -0.001 -9"><span class='ocrx_word' id='word_1_309' title='bbox 86 1472 133 1498; x_wconf 75' lang='grc' dir='ltr'>τοῦ</span> <span class='ocrx_word' id='word_1_310' title='bbox 152 1472 288 1507; x_wconf 80' lang='grc' dir='ltr'>σώματος,</span> <span class='ocrx_word' id='word_1_311' title='bbox 306 1471 336 1497; x_wconf 75' lang='grc' dir='ltr'>οὐ</span> <span class='ocrx_word' id='word_1_312' title='bbox 354 1471 492 1506; x_wconf 84' lang='grc' dir='ltr'>νενίκηται</span> <span class='ocrx_word' id='word_1_313' title='bbox 505 1471 559 1498; x_wconf 74' lang='grc' dir='ltr'><strong>ἀπὸ</strong></span> <span class='ocrx_word' id='word_1_314' title='bbox 570 1470 624 1497; x_wconf 87' lang='grc' dir='ltr'><strong>τῶν</strong></span> <span class='ocrx_word' id='word_1_315' title='bbox 637 1471 733 1496; x_wconf 86' lang='grc' dir='ltr'>πόνων·</span> <span class='ocrx_word' id='word_1_316' title='bbox 750 1470 879 1506; x_wconf 79' lang='grc' dir='ltr'>προοίμια</span> 
     </span>
    </p>
   </div>
   <div class='ocr_carea' id='block_1_49' title="bbox 86 1515 912 1563">
    <p class='ocr_par' dir='ltr' id='par_1_49' title="bbox 86 1515 912 1563">
     <span class='ocr_line' id='line_1_49' title="bbox 86 1515 912 1563; baseline -0.006 -18"><span class='ocrx_word' id='word_1_317' title='bbox 86 1518 134 1545; x_wconf 69' lang='grc' dir='ltr'>καὶ</span> <span class='ocrx_word' id='word_1_318' title='bbox 151 1517 299 1553; x_wconf 72' lang='grc' dir='ltr'>ἀρραϐῶνα</span> <span class='ocrx_word' id='word_1_319' title='bbox 327 1516 381 1544; x_wconf 83' lang='grc' dir='ltr'>τῶν</span> <span class='ocrx_word' id='word_1_320' title='bbox 403 1517 524 1552; x_wconf 85' lang='grc' dir='ltr'><strong>ἀθλητῶν</strong></span> <span class='ocrx_word' id='word_1_321' title='bbox 549 1516 656 1543; x_wconf 85' lang='grc' dir='ltr'>δίδωσιν</span> <span class='ocrx_word' id='word_1_322' title='bbox 678 1515 752 1563; x_wconf 69' lang='grc' dir='ltr'>αὐτῷ</span> <span class='ocrx_word' id='word_1_323' title='bbox 767 1516 781 1542; x_wconf 84' lang='grc' dir='ltr'><strong>ὁ</strong></span> <span class='ocrx_word' id='word_1_324' title='bbox 802 1515 876 1563; x_wconf 50' lang='grc' dir='ltr'>ᾷεὸς,</span> <span class='ocrx_word' id='word_1_325' title='bbox 891 1533 912 1563; x_wconf 72' lang='lat' dir='ltr'>c</span> 
     </span>
    </p>
   </div>
   <div class='ocr_carea' id='block_1_50' title="bbox 87 1559 877 1599">
    <p class='ocr_par' dir='ltr' id='par_1_50' title="bbox 87 1559 877 1599">
     <span class='ocr_line' id='line_1_50' title="bbox 87 1559 877 1599; baseline -0.005 -10"><span class='ocrx_word' id='word_1_326' title='bbox 87 1563 262 1599; x_wconf 79' lang='grc' dir='ltr'><strong>χρηματίσας</strong></span> <span class='ocrx_word' id='word_1_327' title='bbox 277 1562 353 1598; x_wconf 79' lang='grc' dir='ltr'>αὑτῷ</span> <span class='ocrx_word' id='word_1_328' title='bbox 367 1562 411 1588; x_wconf 79' lang='grc' dir='ltr'><strong>διὰ</strong></span> <span class='ocrx_word' id='word_1_329' title='bbox 420 1562 548 1594; x_wconf 80' lang='grc' dir='ltr'>λαίλαπος</span> <span class='ocrx_word' id='word_1_330' title='bbox 565 1562 611 1588; x_wconf 78' lang='grc' dir='ltr'>καὶ</span> <span class='ocrx_word' id='word_1_331' title='bbox 626 1560 725 1596; x_wconf 77' lang='grc' dir='ltr'>νεφῶν.</span> <span class='ocrx_word' id='word_1_332' title='bbox 746 1559 877 1592; x_wconf 79' lang='grc' dir='ltr'><strong>Ἀκούσας</strong></span> 
     </span>
    </p>
   </div>
   <div class='ocr_carea' id='block_1_51' title="bbox 88 1607 876 1646">
    <p class='ocr_par' dir='ltr' id='par_1_51' title="bbox 88 1607 876 1646">
     <span class='ocr_line' id='line_1_51' title="bbox 88 1607 876 1646; baseline -0.004 -10"><span class='ocrx_word' id='word_1_333' title='bbox 88 1608 133 1637; x_wconf 75' lang='grc' dir='ltr'><strong>οὖν</strong></span> <span class='ocrx_word' id='word_1_334' title='bbox 148 1611 287 1646; x_wconf 74' lang='grc' dir='ltr'>προτέρων</span> <span class='ocrx_word' id='word_1_335' title='bbox 310 1610 407 1644; x_wconf 81' lang='grc' dir='ltr'>λόγων,</span> <span class='ocrx_word' id='word_1_336' title='bbox 427 1609 485 1636; x_wconf 80' lang='grc' dir='ltr'>δέον</span> <span class='ocrx_word' id='word_1_337' title='bbox 499 1609 697 1645; x_wconf 83' lang='grc' dir='ltr'>ἀποκρίνασθαι</span> <span class='ocrx_word' id='word_1_338' title='bbox 715 1608 783 1644; x_wconf 80' lang='grc' dir='ltr'>πρὸς</span> <span class='ocrx_word' id='word_1_339' title='bbox 800 1607 876 1639; x_wconf 76' lang='grc' dir='ltr'>Θεὸν,</span> 
     </span>
    </p>
   </div>
   <div class='ocr_carea' id='block_1_52' title="bbox 89 1653 877 1692">
    <p class='ocr_par' dir='ltr' id='par_1_52' title="bbox 89 1653 877 1692">
     <span class='ocr_line' id='line_1_52' title="bbox 89 1653 877 1692; baseline -0.005 -9"><span class='ocrx_word' id='word_1_340' title='bbox 89 1657 188 1692; x_wconf 77' lang='grc' dir='ltr'>σιωπᾷ,</span> <span class='ocrx_word' id='word_1_341' title='bbox 204 1657 243 1688; x_wconf 84' lang='grc' dir='ltr'>ὡς</span> <span class='ocrx_word' id='word_1_342' title='bbox 259 1657 310 1683; x_wconf 76' lang='grc' dir='ltr'><strong>οὐκ</strong></span> <span class='ocrx_word' id='word_1_343' title='bbox 332 1656 401 1691; x_wconf 79' lang='grc' dir='ltr'>ἔχων</span> <span class='ocrx_word' id='word_1_344' title='bbox 420 1656 575 1692; x_wconf 74' lang='grc' dir='ltr'>παρρησίαν</span> <span class='ocrx_word' id='word_1_345' title='bbox 592 1655 790 1690; x_wconf 81' lang='grc' dir='ltr'>ἀποκρίνασθαι</span> <span class='ocrx_word' id='word_1_346' title='bbox 809 1653 877 1689; x_wconf 84' lang='grc' dir='ltr'>πρὸς</span> 
     </span>
    </p>
   </div>
   <div class='ocr_carea' id='block_1_53' title="bbox 90 1699 876 1738">
    <p class='ocr_par' dir='ltr' id='par_1_53' title="bbox 90 1699 876 1738">
     <span class='ocr_line' id='line_1_53' title="bbox 90 1699 876 1738; baseline -0.005 -9"><span class='ocrx_word' id='word_1_347' title='bbox 90 1703 178 1729; x_wconf 82' lang='grc' dir='ltr'>αὐτόν.</span> <span class='ocrx_word' id='word_1_348' title='bbox 195 1702 280 1729; x_wconf 70' lang='grc' dir='ltr'><strong>Οὔπω</strong></span> <span class='ocrx_word' id='word_1_349' title='bbox 295 1702 349 1738; x_wconf 82' lang='grc' dir='ltr'>γὰρ</span> <span class='ocrx_word' id='word_1_350' title='bbox 367 1702 424 1738; x_wconf 73' lang='grc' dir='ltr'>ᾔδει</span> <span class='ocrx_word' id='word_1_351' title='bbox 441 1702 470 1729; x_wconf 85' lang='grc' dir='ltr'>τὺ</span> <span class='ocrx_word' id='word_1_352' title='bbox 490 1702 602 1737; x_wconf 79' lang='grc' dir='ltr'>ὕστερον</span> <span class='ocrx_word' id='word_1_353' title='bbox 618 1701 809 1736; x_wconf 82' lang='grc' dir='ltr'>γεγραμμένον</span> <span class='ocrx_word' id='word_1_354' title='bbox 823 1699 876 1726; x_wconf 83' lang='grc' dir='ltr'><strong>ὑπὸ</strong></span> 
     </span>
    </p>
   </div>
   <div class='ocr_carea' id='block_1_54' title="bbox 90 1745 876 1782">
    <p class='ocr_par' dir='ltr' id='par_1_54' title="bbox 90 1745 876 1782">
     <span class='ocr_line' id='line_1_54' title="bbox 90 1745 876 1782; baseline -0.005 -7"><span class='ocrx_word' id='word_1_355' title='bbox 90 1749 237 1780; x_wconf 76' lang='grc' dir='ltr'>Μωῦσέως,</span> <span class='ocrx_word' id='word_1_356' title='bbox 255 1749 294 1779; x_wconf 80' lang='grc' dir='ltr'>ὡς</span> <span class='ocrx_word' id='word_1_357' title='bbox 310 1748 442 1782; x_wconf 79' lang='grc' dir='ltr'>Μωῢσῆς</span> <span class='ocrx_word' id='word_1_358' title='bbox 457 1747 568 1780; x_wconf 79' lang='grc' dir='ltr'><strong>ἐλάλει,</strong></span> <span class='ocrx_word' id='word_1_359' title='bbox 586 1749 601 1774; x_wconf 83' lang='grc' dir='ltr'><em>ὀ</em></span> <span class='ocrx_word' id='word_1_360' title='bbox 615 1747 649 1774; x_wconf 83' lang='grc' dir='ltr'><strong>δὲ</strong></span> <span class='ocrx_word' id='word_1_361' title='bbox 667 1746 738 1779; x_wconf 71' lang='grc' dir='ltr'><strong>Θεὸς</strong></span> <span class='ocrx_word' id='word_1_362' title='bbox 757 1745 876 1779; x_wconf 77' lang='grc' dir='ltr'><strong>ἀπεκρι-</strong></span> 
     </span>
    </p>
   </div>
   <div class='ocr_carea' id='block_1_55' title="bbox 90 1792 875 1830">
    <p class='ocr_par' dir='ltr' id='par_1_55' title="bbox 90 1792 875 1830">
     <span class='ocr_line' id='line_1_55' title="bbox 90 1792 875 1830; baseline -0.006 -8"><span class='ocrx_word' id='word_1_363' title='bbox 90 1804 158 1822; x_wconf 79' lang='lat' dir='ltr'><strong>rato</strong></span> <span class='ocrx_word' id='word_1_364' title='bbox 172 1795 253 1828; x_wconf 84' lang='grc' dir='ltr'>αὐτῷ</span> <span class='ocrx_word' id='word_1_365' title='bbox 267 1794 363 1829; x_wconf 67' lang='grc' dir='ltr'><strong>φωνῇ.</strong></span> <span class='ocrx_word' id='word_1_366' title='bbox 384 1794 427 1826; x_wconf 84' lang='grc' dir='ltr'>Ὦς</span> <span class='ocrx_word' id='word_1_367' title='bbox 441 1793 477 1830; x_wconf 85' lang='grc' dir='ltr'><strong>μὴ</strong></span> <span class='ocrx_word' id='word_1_368' title='bbox 497 1793 674 1828; x_wconf 78' lang='grc' dir='ltr'>ἐπιστάμενος</span> <span class='ocrx_word' id='word_1_369' title='bbox 685 1793 773 1819; x_wconf 81' lang='grc' dir='ltr'>τοίνυν</span> <span class='ocrx_word' id='word_1_370' title='bbox 787 1792 875 1821; x_wconf 82' lang='grc' dir='ltr'>τοῦτο,</span> 
     </span>
    </p>
   </div>
   <div class='ocr_carea' id='block_1_56' title="bbox 91 1837 876 1877">
    <p class='ocr_par' dir='ltr' id='par_1_56' title="bbox 91 1837 876 1877">
     <span class='ocr_line' id='line_1_56' title="bbox 91 1837 876 1877; baseline -0.006 -9"><span class='ocrx_word' id='word_1_371' title='bbox 91 1842 118 1868; x_wconf 82' lang='grc' dir='ltr'><strong>οὐ</strong></span> <span class='ocrx_word' id='word_1_372' title='bbox 132 1841 202 1867; x_wconf 79' lang='grc' dir='ltr'>θέλει</span> <span class='ocrx_word' id='word_1_373' title='bbox 213 1840 412 1877; x_wconf 84' lang='grc' dir='ltr'>ἀποκρίνασθαι</span> <span class='ocrx_word' id='word_1_374' title='bbox 434 1840 500 1876; x_wconf 84' lang='grc' dir='ltr'>πρὸς</span> <span class='ocrx_word' id='word_1_375' title='bbox 517 1840 562 1866; x_wconf 74' lang='grc' dir='ltr'>τὸν</span> <span class='ocrx_word' id='word_1_376' title='bbox 583 1839 659 1866; x_wconf 84' lang='grc' dir='ltr'>Θεόν.</span> <span class='ocrx_word' id='word_1_377' title='bbox 680 1840 708 1865; x_wconf 93' lang='lat'><strong>&#39;0</strong></span> <span class='ocrx_word' id='word_1_378' title='bbox 721 1838 748 1864; x_wconf 79' lang='grc' dir='ltr'>δὲ</span> <span class='ocrx_word' id='word_1_379' title='bbox 759 1838 824 1870; x_wconf 77' lang='grc' dir='ltr'>Θεὸς</span> <span class='ocrx_word' id='word_1_380' title='bbox 838 1837 876 1864; x_wconf 85' lang='grc' dir='ltr'><strong>δί-</strong></span> 
     </span>
    </p>
   </div>
   <div class='ocr_carea' id='block_1_57' title="bbox 91 1884 874 1925">
    <p class='ocr_par' dir='ltr' id='par_1_57' title="bbox 91 1884 874 1925">
     <span class='ocr_line' id='line_1_57' title="bbox 91 1884 874 1925; baseline -0.006 -11"><span class='ocrx_word' id='word_1_381' title='bbox 91 1887 167 1914; x_wconf 83' lang='grc' dir='ltr'>δωσιν</span> <span class='ocrx_word' id='word_1_382' title='bbox 183 1886 258 1922; x_wconf 76' lang='grc' dir='ltr'>αὐτῷ</span> <span class='ocrx_word' id='word_1_383' title='bbox 278 1886 433 1922; x_wconf 73' lang='grc' dir='ltr'>παρρησίαν</span> <span class='ocrx_word' id='word_1_384' title='bbox 449 1885 495 1912; x_wconf 79' lang='grc' dir='ltr'>τοῦ</span> <span class='ocrx_word' id='word_1_385' title='bbox 510 1886 610 1913; x_wconf 85' lang='grc' dir='ltr'>λαλεῖν.</span> <span class='ocrx_word' id='word_1_386' title='bbox 628 1885 683 1912; x_wconf 76' lang='grc' dir='ltr'><strong>Καὶ</strong></span> <span class='ocrx_word' id='word_1_387' title='bbox 698 1885 762 1920; x_wconf 83' lang='grc' dir='ltr'><strong>μεθ’</strong></span> <span class='ocrx_word' id='word_1_388' title='bbox 779 1884 874 1925; x_wconf 71' lang='grc' dir='ltr'>ἕτεραι</span> 
     </span>
    </p>
   </div>
   <div class='ocr_carea' id='block_1_58' title="bbox 92 1930 876 1968">
    <p class='ocr_par' dir='ltr' id='par_1_58' title="bbox 92 1930 876 1968">
     <span class='ocr_line' id='line_1_58' title="bbox 92 1930 876 1968; baseline -0.005 -8"><span class='ocrx_word' id='word_1_389' title='bbox 92 1933 212 1968; x_wconf 81' lang='grc' dir='ltr'>Τοσαύτη</span> <span class='ocrx_word' id='word_1_390' title='bbox 228 1933 303 1959; x_wconf 73' lang='grc' dir='ltr'>ἐστὶν</span> <span class='ocrx_word' id='word_1_391' title='bbox 320 1934 338 1968; x_wconf 83' lang='grc' dir='ltr'>ὴ</span> <span class='ocrx_word' id='word_1_392' title='bbox 357 1932 508 1968; x_wconf 83' lang='grc' dir='ltr'><strong>χρηστότης</strong></span> <span class='ocrx_word' id='word_1_393' title='bbox 534 1931 581 1958; x_wconf 78' lang='grc' dir='ltr'>τοῦ</span> <span class='ocrx_word' id='word_1_394' title='bbox 595 1931 673 1963; x_wconf 80' lang='grc' dir='ltr'>Θεοῦ,</span> <span class='ocrx_word' id='word_1_395' title='bbox 691 1931 761 1957; x_wconf 84' lang='grc' dir='ltr'>ὥστε</span> <span class='ocrx_word' id='word_1_396' title='bbox 778 1930 876 1957; x_wconf 85' lang='grc' dir='ltr'>ἀναλα-</span> 
     </span>
    </p>
   </div>
   <div class='ocr_carea' id='block_1_59' title="bbox 94 1977 875 2014">
    <p class='ocr_par' dir='ltr' id='par_1_59' title="bbox 94 1977 875 2014">
     <span class='ocr_line' id='line_1_59' title="bbox 94 1977 875 2014; baseline -0.004 -8"><span class='ocrx_word' id='word_1_397' title='bbox 94 1979 144 2006; x_wconf 70' lang='grc' dir='ltr'>ϐεῖν</span> <span class='ocrx_word' id='word_1_398' title='bbox 159 1979 241 2006; x_wconf 77' lang='grc' dir='ltr'>αὐτὸν</span> <span class='ocrx_word' id='word_1_399' title='bbox 258 1978 401 2014; x_wconf 70' lang='grc' dir='ltr'>πρόσωπον</span> <span class='ocrx_word' id='word_1_400' title='bbox 416 1979 446 2005; x_wconf 76' lang='grc' dir='ltr'>οὺ</span> <span class='ocrx_word' id='word_1_401' title='bbox 464 1977 610 2014; x_wconf 82' lang='grc' dir='ltr'>κρίνοντος,</span> <span class='ocrx_word' id='word_1_402' title='bbox 628 1977 694 2003; x_wconf 90' lang='grc' dir='ltr'><strong>ἀλλά</strong></span> <span class='ocrx_word' id='word_1_403' title='bbox 716 1977 875 2013; x_wconf 82' lang='grc' dir='ltr'>κρινομένου</span> 
     </span>
    </p>
   </div>
   <div class='ocr_carea' id='block_1_60' title="bbox 95 2021 876 2061">
    <p class='ocr_par' dir='ltr' id='par_1_60' title="bbox 95 2021 876 2061">
     <span class='ocr_line' id='line_1_60' title="bbox 95 2021 876 2061; baseline -0.005 -9"><span class='ocrx_word' id='word_1_404' title='bbox 95 2025 157 2061; x_wconf 85' lang='grc' dir='ltr'><strong>μετά</strong></span> <span class='ocrx_word' id='word_1_405' title='bbox 172 2024 220 2051; x_wconf 79' lang='grc' dir='ltr'>τοῦ</span> <span class='ocrx_word' id='word_1_406' title='bbox 237 2023 390 2059; x_wconf 83' lang='grc' dir='ltr'>ἀνθρώπου.</span> <span class='ocrx_word' id='word_1_407' title='bbox 407 2024 461 2050; x_wconf 75' lang='grc' dir='ltr'>Καὶ</span> <span class='ocrx_word' id='word_1_408' title='bbox 477 2023 571 2050; x_wconf 74' lang='grc' dir='ltr'>πολλαὶ</span> <span class='ocrx_word' id='word_1_409' title='bbox 583 2023 660 2049; x_wconf 82' lang='grc' dir='ltr'>τοῦτο</span> <span class='ocrx_word' id='word_1_410' title='bbox 676 2021 797 2055; x_wconf 78' lang='grc' dir='ltr'>ἐδίδαξαν</span> <span class='ocrx_word' id='word_1_411' title='bbox 806 2023 876 2057; x_wconf 87' lang='grc' dir='ltr'>Γρα-</span> 
     </span>
    </p>
   </div>
   <div class='ocr_carea' id='block_1_61' title="bbox 94 2067 874 2105">
    <p class='ocr_par' dir='ltr' id='par_1_61' title="bbox 94 2067 874 2105">
     <span class='ocr_line' id='line_1_61' title="bbox 94 2067 874 2105; baseline -0.005 -9"><span class='ocrx_word' id='word_1_412' title='bbox 94 2070 146 2105; x_wconf 78' lang='grc' dir='ltr'>φαί.</span> <span class='ocrx_word' id='word_1_413' title='bbox 161 2069 261 2101; x_wconf 81' lang='grc' dir='ltr'>Δεῦτε,</span> <span class='ocrx_word' id='word_1_414' title='bbox 284 2069 333 2095; x_wconf 78' lang='grc' dir='ltr'><strong>καὶ</strong></span> <span class='ocrx_word' id='word_1_415' title='bbox 344 2067 555 2103; x_wconf 72' lang='grc' dir='ltr'>διαλεχθῶμεν,</span> <span class='ocrx_word' id='word_1_416' title='bbox 576 2067 656 2102; x_wconf 79' lang='grc' dir='ltr'>λέγει</span> <span class='ocrx_word' id='word_1_417' title='bbox 672 2068 788 2101; x_wconf 80' lang='grc' dir='ltr'>Κύριος.</span> <span class='ocrx_word' id='word_1_418' title='bbox 809 2067 874 2099; x_wconf 70' lang='grc' dir='ltr'>Καὶ,</span> 
     </span>
    </p>
   </div>
   <div class='ocr_carea' id='block_1_62' title="bbox 95 2113 876 2152">
    <p class='ocr_par' dir='ltr' id='par_1_62' title="bbox 95 2113 876 2152">
     <span class='ocr_line' id='line_1_62' title="bbox 95 2113 876 2152; baseline -0.006 -8"><span class='ocrx_word' id='word_1_419' title='bbox 95 2117 240 2151; x_wconf 72' lang='grc' dir='ltr'>Δαόςμου,</span> <span class='ocrx_word' id='word_1_420' title='bbox 256 2116 354 2152; x_wconf 78' lang='grc' dir='ltr'>μᾶλλον</span> <span class='ocrx_word' id='word_1_421' title='bbox 371 2115 399 2141; x_wconf 77' lang='grc' dir='ltr'><strong>δὲ</strong></span> <span class='ocrx_word' id='word_1_422' title='bbox 411 2115 425 2141; x_wconf 85' lang='grc' dir='ltr'>ὁ</span> <span class='ocrx_word' id='word_1_423' title='bbox 439 2114 504 2146; x_wconf 81' lang='grc' dir='ltr'>Θεὸς</span> <span class='ocrx_word' id='word_1_424' title='bbox 518 2114 586 2150; x_wconf 82' lang='grc' dir='ltr'>μετὰ</span> <span class='ocrx_word' id='word_1_425' title='bbox 602 2113 648 2140; x_wconf 82' lang='grc' dir='ltr'>τοῦ</span> <span class='ocrx_word' id='word_1_426' title='bbox 659 2113 724 2140; x_wconf 75' lang='grc' dir='ltr'>λαοῦ</span> <span class='ocrx_word' id='word_1_427' title='bbox 739 2113 876 2149; x_wconf 76' lang='grc' dir='ltr'>διαλεχθή-</span> 
     </span>
    </p>
   </div>
   <div class='ocr_carea' id='block_1_63' title="bbox 95 2159 876 2196">
    <p class='ocr_par' dir='ltr' id='par_1_63' title="bbox 95 2159 876 2196">
     <span class='ocr_line' id='line_1_63' title="bbox 95 2159 876 2196; baseline -0.004 -7"><span class='ocrx_word' id='word_1_428' title='bbox 95 2171 174 2195; x_wconf 80' lang='grc' dir='ltr'>σεται,</span> <span class='ocrx_word' id='word_1_429' title='bbox 186 2163 261 2195; x_wconf 77' lang='grc' dir='ltr'><strong>λαός</strong></span> <span class='ocrx_word' id='word_1_430' title='bbox 267 2170 336 2196; x_wconf 84' lang='grc' dir='ltr'>μου,</span> <span class='ocrx_word' id='word_1_431' title='bbox 344 2161 373 2188; x_wconf 85' lang='grc' dir='ltr'><strong>τί</strong></span> <span class='ocrx_word' id='word_1_432' title='bbox 380 2159 509 2194; x_wconf 75' lang='grc' dir='ltr'>ἐποίησά</span> <span class='ocrx_word' id='word_1_433' title='bbox 525 2167 583 2192; x_wconf 81' lang='grc' dir='ltr'>σοι,</span> <span class='ocrx_word' id='word_1_434' title='bbox 591 2159 609 2193; x_wconf 79' lang='grc' dir='ltr'><strong>ἢ</strong></span> <span class='ocrx_word' id='word_1_435' title='bbox 618 2160 647 2186; x_wconf 88' lang='grc' dir='ltr'><strong>τί</strong></span> <span class='ocrx_word' id='word_1_436' title='bbox 657 2159 876 2194; x_wconf 75' lang='grc' dir='ltr'>παρηνόχλησά</span> 
     </span>
    </p>
   </div>
   <div class='ocr_carea' id='block_1_64' title="bbox 95 2206 592 2242">
    <p class='ocr_par' dir='ltr' id='par_1_64' title="bbox 95 2206 592 2242">
     <span class='ocr_line' id='line_1_64' title="bbox 95 2206 592 2242; baseline -0.01 -6"><span class='ocrx_word' id='word_1_437' title='bbox 95 2217 151 2241; x_wconf 61' lang='grc' dir='ltr'>σου</span> <span class='ocrx_word' id='word_1_438' title='bbox 163 2208 404 2242; x_wconf 71' lang='grc' dir='ltr'>ἀποκρίθητίμοι,</span> <span class='ocrx_word' id='word_1_439' title='bbox 421 2207 466 2232; x_wconf 77' lang='grc' dir='ltr'>καὶ</span> <span class='ocrx_word' id='word_1_440' title='bbox 477 2206 510 2233; x_wconf 86' lang='grc' dir='ltr'>τὰ</span> <span class='ocrx_word' id='word_1_441' title='bbox 520 2206 592 2241; x_wconf 78' lang='grc' dir='ltr'><strong>ἑξῆς.</strong></span> 
     </span>
    </p>
   </div>
   <div class='ocr_carea' id='block_1_65' title="bbox 190 2252 767 2290">
    <p class='ocr_par' dir='ltr' id='par_1_65' title="bbox 190 2252 767 2290">
     <span class='ocr_line' id='line_1_65' title="bbox 190 2252 767 2290; baseline -0.003 -9"><span class='ocrx_word' id='word_1_442' title='bbox 190 2255 263 2290; x_wconf 84' lang='grc' dir='ltr'>Στιχ.</span> <span class='ocrx_word' id='word_1_443' title='bbox 280 2257 314 2288; x_wconf 84' lang='grc' dir='ltr'><strong>γ’.</strong></span> <span class='ocrx_word' id='word_1_444' title='bbox 329 2253 377 2288; x_wconf 78' lang='grc' dir='ltr'><strong>Μὴ</strong></span> <span class='ocrx_word' id='word_1_445' title='bbox 392 2252 539 2280; x_wconf 78' lang='grc' dir='ltr'>ἁποποιοῦ</span> <span class='ocrx_word' id='word_1_446' title='bbox 551 2261 610 2287; x_wconf 83' lang='grc' dir='ltr'><strong>μου</strong></span> <span class='ocrx_word' id='word_1_447' title='bbox 624 2252 656 2279; x_wconf 85' lang='grc' dir='ltr'>τὸ</span> <span class='ocrx_word' id='word_1_448' title='bbox 669 2252 767 2287; x_wconf 81' lang='grc' dir='ltr'>κρῖμα.</span> 
     </span>
    </p>
   </div>
   <div class='ocr_carea' id='block_1_66' title="bbox 124 2298 870 2337">
    <p class='ocr_par' dir='ltr' id='par_1_66' title="bbox 124 2298 870 2337">
     <span class='ocr_line' id='line_1_66' title="bbox 124 2298 870 2337; baseline -0.004 -9"><span class='ocrx_word' id='word_1_449' title='bbox 124 2302 176 2337; x_wconf 77' lang='grc'><strong>(56)</strong></span> <span class='ocrx_word' id='word_1_450' title='bbox 191 2302 218 2328; x_wconf 85' lang='grc' dir='ltr'><em>Μ</em></span> <span class='ocrx_word' id='word_1_451' title='bbox 224 2301 240 2334; x_wconf 75' lang='grc' dir='ltr'>ὴ</span> <span class='ocrx_word' id='word_1_452' title='bbox 265 2300 412 2327; x_wconf 60' lang='lat' dir='ltr'><strong>datariam?)</strong></span> <span class='ocrx_word' id='word_1_453' title='bbox 422 2309 481 2334; x_wconf 84' lang='grc' dir='ltr'><strong>μου</strong></span> <span class='ocrx_word' id='word_1_454' title='bbox 492 2299 579 2326; x_wconf 83' lang='grc' dir='ltr'>τοῦτο</span> <span class='ocrx_word' id='word_1_455' title='bbox 597 2298 629 2325; x_wconf 81' lang='grc' dir='ltr'>τὸ</span> <span class='ocrx_word' id='word_1_456' title='bbox 651 2299 749 2333; x_wconf 78' lang='grc' dir='ltr'>κρῖμα.</span> <span class='ocrx_word' id='word_1_457' title='bbox 770 2299 870 2325; x_wconf 83' lang='grc' dir='ltr'>Τούτου</span> 
     </span>
    </p>
   </div>
   <div class='ocr_carea' id='block_1_67' title="bbox 97 2345 870 2383">
    <p class='ocr_par' dir='ltr' id='par_1_67' title="bbox 97 2345 870 2383">
     <span class='ocr_line' id='line_1_67' title="bbox 97 2345 870 2383; baseline -0.005 -8"><span class='ocrx_word' id='word_1_458' title='bbox 97 2348 134 2375; x_wconf 75' lang='grc' dir='ltr'>τοῦ</span> <span class='ocrx_word' id='word_1_459' title='bbox 149 2347 229 2383; x_wconf 77' lang='grc' dir='ltr'>ῥητοῦ</span> <span class='ocrx_word' id='word_1_460' title='bbox 241 2346 278 2378; x_wconf 79' lang='grc' dir='ltr'>ὡς</span> <span class='ocrx_word' id='word_1_461' title='bbox 291 2347 426 2382; x_wconf 76' lang='grc' dir='ltr'>χρησίμου</span> <span class='ocrx_word' id='word_1_462' title='bbox 443 2345 681 2381; x_wconf 80' lang='grc' dir='ltr'>μνημονεύσωμεν.</span> <span class='ocrx_word' id='word_1_463' title='bbox 705 2345 773 2371; x_wconf 75' lang='grc' dir='ltr'>Ἀλλ’</span> <span class='ocrx_word' id='word_1_464' title='bbox 787 2345 825 2372; x_wconf 78' lang='grc' dir='ltr'>ὅτ’</span> <span class='ocrx_word' id='word_1_465' title='bbox 837 2345 870 2372; x_wconf 82' lang='grc' dir='ltr'>ἂν</span> 
     </span>
    </p>
   </div>
   <div class='ocr_carea' id='block_1_68' title="bbox 98 2390 871 2429">
    <p class='ocr_par' dir='ltr' id='par_1_68' title="bbox 98 2390 871 2429">
     <span class='ocr_line' id='line_1_68' title="bbox 98 2390 871 2429; baseline -0.001 -10"><span class='ocrx_word' id='word_1_466' title='bbox 98 2393 166 2429; x_wconf 79' lang='grc' dir='ltr'>κρίνῃ</span> <span class='ocrx_word' id='word_1_467' title='bbox 177 2394 191 2419; x_wconf 75' lang='grc' dir='ltr'>ὁ</span> <span class='ocrx_word' id='word_1_468' title='bbox 204 2392 271 2424; x_wconf 74' lang='grc' dir='ltr'>Θεὸς</span> <span class='ocrx_word' id='word_1_469' title='bbox 291 2392 386 2418; x_wconf 78' lang='grc' dir='ltr'>παθεῖν</span> <span class='ocrx_word' id='word_1_470' title='bbox 398 2400 423 2417; x_wconf 86' lang='grc' dir='ltr'><strong>τι</strong></span> <span class='ocrx_word' id='word_1_471' title='bbox 438 2392 521 2426; x_wconf 81' lang='grc' dir='ltr'>ἡμᾶς,</span> <span class='ocrx_word' id='word_1_472' title='bbox 534 2390 627 2417; x_wconf 82' lang='grc' dir='ltr'>τέκνον</span> <span class='ocrx_word' id='word_1_473' title='bbox 642 2390 798 2422; x_wconf 77' lang='grc' dir='ltr'>ἀποϐαλεῖν,</span> <span class='ocrx_word' id='word_1_474' title='bbox 822 2391 871 2426; x_wconf 79' lang='grc' dir='ltr'><strong>ἆρ-</strong></span> 
     </span>
    </p>
   </div>
   <div class='ocr_carea' id='block_1_69' title="bbox 98 2436 872 2475">
    <p class='ocr_par' dir='ltr' id='par_1_69' title="bbox 98 2436 872 2475">
     <span class='ocr_line' id='line_1_69' title="bbox 98 2436 872 2475; baseline -0.005 -9"><span class='ocrx_word' id='word_1_475' title='bbox 98 2448 166 2475; x_wconf 82' lang='grc' dir='ltr'>χοντα</span> <span class='ocrx_word' id='word_1_476' title='bbox 178 2438 319 2470; x_wconf 79' lang='grc' dir='ltr'>ἀπολέσαι,</span> <span class='ocrx_word' id='word_1_477' title='bbox 331 2437 442 2472; x_wconf 85' lang='grc' dir='ltr'>νοσῆσαι</span> <span class='ocrx_word' id='word_1_478' title='bbox 454 2437 524 2463; x_wconf 73' lang='grc' dir='ltr'>κατὰ</span> <span class='ocrx_word' id='word_1_479' title='bbox 539 2437 569 2463; x_wconf 82' lang='grc' dir='ltr'><strong>τὸ</strong></span> <span class='ocrx_word' id='word_1_480' title='bbox 587 2436 675 2472; x_wconf 84' lang='grc' dir='ltr'>σῶμα,</span> <span class='ocrx_word' id='word_1_481' title='bbox 692 2436 706 2462; x_wconf 81' lang='grc' dir='ltr'><strong>ὅ</strong></span> <span class='ocrx_word' id='word_1_482' title='bbox 721 2445 748 2463; x_wconf 86' lang='grc' dir='ltr'><strong>τι</strong></span> <span class='ocrx_word' id='word_1_483' title='bbox 773 2436 872 2471; x_wconf 88' lang='grc' dir='ltr'>δήποτε</span> 
     </span>
    </p>
   </div>
   <div class='ocr_carea' id='block_1_70' title="bbox 97 2480 871 2519">
    <p class='ocr_par' dir='ltr' id='par_1_70' title="bbox 97 2480 871 2519">
     <span class='ocr_line' id='line_1_70' title="bbox 97 2480 871 2519; baseline -0.001 -9"><span class='ocrx_word' id='word_1_484' title='bbox 97 2485 185 2511; x_wconf 76' lang='grc' dir='ltr'>τούτων</span> <span class='ocrx_word' id='word_1_485' title='bbox 198 2484 353 2519; x_wconf 83' lang='grc' dir='ltr'>ὑπομεῖναι·</span> <span class='ocrx_word' id='word_1_486' title='bbox 369 2483 445 2510; x_wconf 68' lang='grc' dir='ltr'>οὐδὲν</span> <span class='ocrx_word' id='word_1_487' title='bbox 460 2483 562 2509; x_wconf 84' lang='grc' dir='ltr'>τούτων</span> <span class='ocrx_word' id='word_1_488' title='bbox 580 2480 634 2510; x_wconf 73' lang='grc' dir='ltr'>οἷόν</span> <span class='ocrx_word' id='word_1_489' title='bbox 650 2483 680 2509; x_wconf 83' lang='grc' dir='ltr'>τέ</span> <span class='ocrx_word' id='word_1_490' title='bbox 699 2483 772 2509; x_wconf 74' lang='grc' dir='ltr'>ἐστιν</span> <span class='ocrx_word' id='word_1_491' title='bbox 798 2483 871 2518; x_wconf 85' lang='grc' dir='ltr'>ἡμᾶς</span> 
     </span>
    </p>
   </div>
   <div class='ocr_carea' id='block_1_71' title="bbox 98 2529 871 2567">
    <p class='ocr_par' dir='ltr' id='par_1_71' title="bbox 98 2529 871 2567">
     <span class='ocr_line' id='line_1_71' title="bbox 98 2529 871 2567; baseline -0.003 -9"><span class='ocrx_word' id='word_1_492' title='bbox 98 2532 190 2563; x_wconf 79' lang='grc' dir='ltr'>παθεῖν,</span> <span class='ocrx_word' id='word_1_493' title='bbox 209 2531 247 2567; x_wconf 83' lang='grc' dir='ltr'>μὴ</span> <span class='ocrx_word' id='word_1_494' title='bbox 268 2531 404 2567; x_wconf 85' lang='grc' dir='ltr'>κρίνοντος</span> <span class='ocrx_word' id='word_1_495' title='bbox 420 2530 466 2557; x_wconf 83' lang='grc' dir='ltr'>τοῦ</span> <span class='ocrx_word' id='word_1_496' title='bbox 477 2530 554 2558; x_wconf 80' lang='grc' dir='ltr'>Θεοῦ.</span> <span class='ocrx_word' id='word_1_497' title='bbox 577 2530 643 2557; x_wconf 74' lang='grc' dir='ltr'><strong>Οὐδὲ</strong></span> <span class='ocrx_word' id='word_1_498' title='bbox 660 2530 715 2566; x_wconf 86' lang='grc' dir='ltr'><strong>γὰρ</strong></span> <span class='ocrx_word' id='word_1_499' title='bbox 732 2529 871 2566; x_wconf 82' lang='grc' dir='ltr'>στρουθίον</span> 
     </span>
    </p>
   </div>
   <div class='ocr_carea' id='block_1_72' title="bbox 99 2575 871 2612">
    <p class='ocr_par' dir='ltr' id='par_1_72' title="bbox 99 2575 871 2612">
     <span class='ocr_line' id='line_1_72' title="bbox 99 2575 871 2612; baseline -0.001 -9"><span class='ocrx_word' id='word_1_500' title='bbox 99 2578 177 2604; x_wconf 80' lang='grc' dir='ltr'>πίπτει</span> <span class='ocrx_word' id='word_1_501' title='bbox 191 2578 231 2609; x_wconf 82' lang='grc' dir='ltr'><strong>είς</strong></span> <span class='ocrx_word' id='word_1_502' title='bbox 243 2578 346 2611; x_wconf 78' lang='grc' dir='ltr'>παγίδα</span> <span class='ocrx_word' id='word_1_503' title='bbox 362 2578 423 2604; x_wconf 75' lang='grc' dir='ltr'>ἄνευ</span> <span class='ocrx_word' id='word_1_504' title='bbox 446 2577 615 2612; x_wconf 80' lang='grc' dir='ltr'>βουλήματος</span> <span class='ocrx_word' id='word_1_505' title='bbox 629 2576 676 2603; x_wconf 85' lang='grc' dir='ltr'>τοῦ</span> <span class='ocrx_word' id='word_1_506' title='bbox 693 2576 808 2612; x_wconf 84' lang='grc' dir='ltr'>Πατρὺς,</span> <span class='ocrx_word' id='word_1_507' title='bbox 825 2575 871 2602; x_wconf 81' lang='grc' dir='ltr'>τοῦ</span> 
     </span>
    </p>
   </div>
   <div class='ocr_carea' id='block_1_73' title="bbox 99 2621 872 2660">
    <p class='ocr_par' dir='ltr' id='par_1_73' title="bbox 99 2621 872 2660">
     <span class='ocr_line' id='line_1_73' title="bbox 99 2621 872 2660; baseline -0.003 -10"><span class='ocrx_word' id='word_1_508' title='bbox 99 2624 177 2655; x_wconf 78' lang='grc' dir='ltr'>ἐντοῖς</span> <span class='ocrx_word' id='word_1_509' title='bbox 189 2623 323 2660; x_wconf 74' lang='grc' dir='ltr'>οὐρανοῖς.</span> <span class='ocrx_word' id='word_1_510' title='bbox 343 2622 420 2649; x_wconf 81' lang='grc' dir='ltr'><strong>Ἐπεὶ</strong></span> <span class='ocrx_word' id='word_1_511' title='bbox 437 2621 482 2650; x_wconf 74' lang='grc' dir='ltr'><strong>οὖν</strong></span> <span class='ocrx_word' id='word_1_512' title='bbox 497 2623 571 2649; x_wconf 81' lang='grc' dir='ltr'>οὐδὲν</span> <span class='ocrx_word' id='word_1_513' title='bbox 587 2622 688 2649; x_wconf 80' lang='grc' dir='ltr'>τούτων</span> <span class='ocrx_word' id='word_1_514' title='bbox 701 2623 804 2656; x_wconf 81' lang='grc' dir='ltr'>γίνεται</span> <span class='ocrx_word' id='word_1_515' title='bbox 820 2631 872 2657; x_wconf 85' lang='grc' dir='ltr'><strong>χω-</strong></span> 
     </span>
    </p>
   </div>
   <div class='ocr_carea' id='block_1_74' title="bbox 101 2667 869 2705">
    <p class='ocr_par' dir='ltr' id='par_1_74' title="bbox 101 2667 869 2705">
     <span class='ocr_line' id='line_1_74' title="bbox 101 2667 869 2705; baseline -0.001 -9"><span class='ocrx_word' id='word_1_516' title='bbox 101 2670 133 2704; x_wconf 81' lang='grc' dir='ltr'>ρὶς</span> <span class='ocrx_word' id='word_1_517' title='bbox 149 2670 279 2705; x_wconf 84' lang='grc' dir='ltr'>κρίματος</span> <span class='ocrx_word' id='word_1_518' title='bbox 299 2667 348 2696; x_wconf 77' lang='grc' dir='ltr'>τοῦ</span> <span class='ocrx_word' id='word_1_519' title='bbox 373 2668 451 2701; x_wconf 83' lang='grc' dir='ltr'>Θεοῦ,</span> <span class='ocrx_word' id='word_1_520' title='bbox 473 2668 580 2704; x_wconf 78' lang='grc' dir='ltr'>λέγεται</span> <span class='ocrx_word' id='word_1_521' title='bbox 598 2669 666 2704; x_wconf 74' lang='grc' dir='ltr'>πρὸς</span> <span class='ocrx_word' id='word_1_522' title='bbox 680 2668 725 2695; x_wconf 86' lang='grc' dir='ltr'><strong>τὸν</strong></span> <span class='ocrx_word' id='word_1_523' title='bbox 741 2668 869 2695; x_wconf 84' lang='grc' dir='ltr'>παθόντα·</span> 
     </span>
    </p>
   </div>
   <div class='ocr_carea' id='block_1_75' title="bbox 928 875 1720 910">
    <p class='ocr_par' dir='ltr' id='par_1_75' title="bbox 928 875 1720 910">
     <span class='ocr_line' id='line_1_75' title="bbox 928 875 1720 910; baseline 0.003 -9"><span class='ocrx_word' id='word_1_524' title='bbox 928 875 1016 903; x_wconf 76' lang='lat' dir='ltr'><strong>factus</strong></span> <span class='ocrx_word' id='word_1_525' title='bbox 1029 877 1081 908; x_wconf 87' lang='lat' dir='ltr'><strong>vir,</strong></span> <span class='ocrx_word' id='word_1_526' title='bbox 1098 877 1267 904; x_wconf 83' lang='lat' dir='ltr'><strong>succinxerit</strong></span> <span class='ocrx_word' id='word_1_527' title='bbox 1282 883 1310 904; x_wconf 85' lang='lat' dir='ltr'><strong>ut</strong></span> <span class='ocrx_word' id='word_1_528' title='bbox 1326 879 1366 904; x_wconf 88' lang='lat' dir='ltr'><strong>vir</strong></span> <span class='ocrx_word' id='word_1_529' title='bbox 1380 877 1498 904; x_wconf 90' lang='lat' dir='ltr'><strong>lumbum</strong></span> <span class='ocrx_word' id='word_1_530' title='bbox 1511 883 1601 905; x_wconf 84' lang='lat' dir='ltr'><strong>suum.</strong></span> <span class='ocrx_word' id='word_1_531' title='bbox 1618 876 1720 910; x_wconf 70' lang='lat' dir='ltr'><strong>Quate-</strong></span> 
     </span>
    </p>
   </div>
   <div class='ocr_carea' id='block_1_76' title="bbox 929 922 1719 962">
    <p class='ocr_par' dir='ltr' id='par_1_76' title="bbox 929 922 1719 962">
     <span class='ocr_line' id='line_1_76' title="bbox 929 922 1719 962; baseline 0 -14"><span class='ocrx_word' id='word_1_532' title='bbox 929 929 978 948; x_wconf 87' lang='lat' dir='ltr'><strong>tms</strong></span> <span class='ocrx_word' id='word_1_533' title='bbox 989 922 1061 948; x_wconf 86' lang='lat' dir='ltr'><strong>enim</strong></span> <span class='ocrx_word' id='word_1_534' title='bbox 1077 922 1185 950; x_wconf 83' lang='lat' dir='ltr'><strong>lumbus</strong></span> <span class='ocrx_word' id='word_1_535' title='bbox 1199 923 1270 962; x_wconf 81' lang='lat' dir='ltr'><strong>illius</strong></span> <span class='ocrx_word' id='word_1_536' title='bbox 1286 931 1337 951; x_wconf 87' lang='lat' dir='ltr'><strong>non</strong></span> <span class='ocrx_word' id='word_1_537' title='bbox 1352 928 1394 950; x_wconf 88' lang='lat' dir='ltr'><strong>est</strong></span> <span class='ocrx_word' id='word_1_538' title='bbox 1408 924 1557 955; x_wconf 87' lang='lat' dir='ltr'><strong>accinctus,</strong></span> <span class='ocrx_word' id='word_1_539' title='bbox 1569 922 1616 950; x_wconf 86' lang='lat' dir='ltr'><strong>sed</strong></span> <span class='ocrx_word' id='word_1_540' title='bbox 1630 923 1719 950; x_wconf 91' lang='lat' dir='ltr'><strong>disso-</strong></span> 
     </span>
    </p>
   </div>
   <div class='ocr_carea' id='block_1_77' title="bbox 929 968 1719 1004">
    <p class='ocr_par' dir='ltr' id='par_1_77' title="bbox 929 968 1719 1004">
     <span class='ocr_line' id='line_1_77' title="bbox 929 968 1719 1004; baseline 0.003 -11"><span class='ocrx_word' id='word_1_541' title='bbox 929 968 1011 998; x_wconf 87' lang='lat' dir='ltr'><strong>lutus,</strong></span> <span class='ocrx_word' id='word_1_542' title='bbox 1024 975 1074 995; x_wconf 91' lang='lat' dir='ltr'><strong>nec</strong></span> <span class='ocrx_word' id='word_1_543' title='bbox 1089 969 1302 997; x_wconf 87' lang='lat' dir='ltr'><strong>circumcinctus</strong></span> <span class='ocrx_word' id='word_1_544' title='bbox 1313 990 1320 1002; x_wconf 88' lang='lat'><strong>,</strong></span> <span class='ocrx_word' id='word_1_545' title='bbox 1340 977 1429 1004; x_wconf 85' lang='lat' dir='ltr'><strong>neque</strong></span> <span class='ocrx_word' id='word_1_546' title='bbox 1444 970 1528 997; x_wconf 87' lang='lat' dir='ltr'><strong>etiam</strong></span> <span class='ocrx_word' id='word_1_547' title='bbox 1553 969 1719 996; x_wconf 81' lang='lat' dir='ltr'><strong>constrictus</strong></span> 
     </span>
    </p>
   </div>
   <div class='ocr_carea' id='block_1_78' title="bbox 929 1013 1716 1051">
    <p class='ocr_par' dir='ltr' id='par_1_78' title="bbox 929 1013 1716 1051">
     <span class='ocr_line' id='line_1_78' title="bbox 929 1013 1716 1051; baseline 0.004 -13"><span class='ocrx_word' id='word_1_548' title='bbox 929 1013 988 1045; x_wconf 83' lang='lat' dir='ltr'><strong>fuit,</strong></span> <span class='ocrx_word' id='word_1_549' title='bbox 1003 1021 1055 1039; x_wconf 85' lang='lat' dir='ltr'><strong>non</strong></span> <span class='ocrx_word' id='word_1_550' title='bbox 1073 1018 1163 1048; x_wconf 79' lang='lat' dir='ltr'><strong>potest</strong></span> <span class='ocrx_word' id='word_1_551' title='bbox 1187 1016 1386 1043; x_wconf 74' lang='lat' dir='ltr'><strong>rationabiliter</strong></span> <span class='ocrx_word' id='word_1_552' title='bbox 1407 1016 1573 1051; x_wconf 90' lang='lat' dir='ltr'><strong>respondere</strong></span> <span class='ocrx_word' id='word_1_553' title='bbox 1589 1014 1716 1042; x_wconf 86' lang='lat' dir='ltr'><strong>Domino.</strong></span> 
     </span>
    </p>
   </div>
   <div class='ocr_carea' id='block_1_79' title="bbox 931 1105 1716 1142">
    <p class='ocr_par' dir='ltr' id='par_1_79' title="bbox 931 1105 1716 1142">
     <span class='ocr_line' id='line_1_79' title="bbox 931 1105 1716 1142; baseline 0.003 -9"><span class='ocrx_word' id='word_1_554' title='bbox 931 1105 961 1133; x_wconf 83' lang='lat' dir='ltr'><strong>V.</strong></span> <span class='ocrx_word' id='word_1_555' title='bbox 986 1106 1012 1134; x_wconf 79' lang='lat'><strong>5.</strong></span> <span class='ocrx_word' id='word_1_556' title='bbox 1037 1107 1209 1142; x_wconf 67' lang='lat' dir='ltr'><strong>Interrogatio</strong></span> <span class='ocrx_word' id='word_1_557' title='bbox 1221 1113 1310 1134; x_wconf 80' lang='lat' dir='ltr'><strong>autem</strong></span> <span class='ocrx_word' id='word_1_558' title='bbox 1322 1113 1346 1134; x_wconf 81' lang='lat' dir='ltr'><strong>te</strong></span> <span class='ocrx_word' id='word_1_559' title='bbox 1360 1113 1406 1135; x_wconf 82' lang='lat' dir='ltr'><strong>:tu</strong></span> <span class='ocrx_word' id='word_1_560' title='bbox 1423 1115 1481 1134; x_wconf 84' lang='lat' dir='ltr'><strong>uera</strong></span> <span class='ocrx_word' id='word_1_561' title='bbox 1502 1109 1566 1135; x_wconf 81' lang='lat' dir='ltr'><strong>mihi</strong></span> <span class='ocrx_word' id='word_1_562' title='bbox 1574 1108 1716 1142; x_wconf 68' lang='lat' dir='ltr'><strong>responde.</strong></span> 
     </span>
    </p>
   </div>
   <div class='ocr_carea' id='block_1_80' title="bbox 964 1151 1716 1188">
    <p class='ocr_par' dir='ltr' id='par_1_80' title="bbox 964 1151 1716 1188">
     <span class='ocr_line' id='line_1_80' title="bbox 964 1151 1716 1188; baseline 0.001 -9"><span class='ocrx_word' id='word_1_563' title='bbox 964 1151 1084 1179; x_wconf 75' lang='lat' dir='ltr'><strong>Perfecta</strong></span> <span class='ocrx_word' id='word_1_564' title='bbox 1107 1153 1284 1180; x_wconf 85' lang='lat' dir='ltr'><strong>certaminum</strong></span> <span class='ocrx_word' id='word_1_565' title='bbox 1305 1153 1414 1188; x_wconf 77' lang='lat' dir='ltr'><strong>prazmia</strong></span> <span class='ocrx_word' id='word_1_566' title='bbox 1438 1154 1469 1181; x_wconf 87' lang='lat' dir='ltr'><strong>iis</strong></span> <span class='ocrx_word' id='word_1_567' title='bbox 1489 1154 1533 1188; x_wconf 90' lang='lat' dir='ltr'><strong>qui</strong></span> <span class='ocrx_word' id='word_1_568' title='bbox 1546 1153 1615 1181; x_wconf 86' lang='lat' dir='ltr'><strong>bene</strong></span> <span class='ocrx_word' id='word_1_569' title='bbox 1628 1158 1716 1180; x_wconf 72' lang='lat' dir='ltr'><strong>certa-</strong></span> 
     </span>
    </p>
   </div>
   <div class='ocr_carea' id='block_1_81' title="bbox 929 1198 1714 1233">
    <p class='ocr_par' dir='ltr' id='par_1_81' title="bbox 929 1198 1714 1233">
     <span class='ocr_line' id='line_1_81' title="bbox 929 1198 1714 1233; baseline 0.003 -9"><span class='ocrx_word' id='word_1_570' title='bbox 929 1203 1025 1225; x_wconf 81' lang='lat' dir='ltr'><strong>verunt</strong></span> <span class='ocrx_word' id='word_1_571' title='bbox 1037 1198 1180 1233; x_wconf 84' lang='lat' dir='ltr'><strong>posthanc</strong></span> <span class='ocrx_word' id='word_1_572' title='bbox 1193 1199 1275 1226; x_wconf 84' lang='lat' dir='ltr'><strong>vitam</strong></span> <span class='ocrx_word' id='word_1_573' title='bbox 1290 1204 1425 1226; x_wconf 79' lang='lat' dir='ltr'><strong>reservata</strong></span> <span class='ocrx_word' id='word_1_574' title='bbox 1436 1204 1509 1226; x_wconf 86' lang='lat' dir='ltr'><strong>sunt.</strong></span> <span class='ocrx_word' id='word_1_575' title='bbox 1523 1199 1612 1226; x_wconf 83' lang='lat' dir='ltr'><strong>Nihilo</strong></span> <span class='ocrx_word' id='word_1_576' title='bbox 1624 1202 1714 1226; x_wconf 84' lang='lat' dir='ltr'><strong>tamen</strong></span> 
     </span>
    </p>
   </div>
   <div class='ocr_carea' id='block_1_82' title="bbox 930 1244 1715 1279">
    <p class='ocr_par' dir='ltr' id='par_1_82' title="bbox 930 1244 1715 1279">
     <span class='ocr_line' id='line_1_82' title="bbox 930 1244 1715 1279; baseline 0.003 -9"><span class='ocrx_word' id='word_1_577' title='bbox 930 1245 1020 1271; x_wconf 90' lang='lat' dir='ltr'><strong>minus</strong></span> <span class='ocrx_word' id='word_1_578' title='bbox 1034 1244 1090 1278; x_wconf 83' lang='lat' dir='ltr'><strong>jam</strong></span> <span class='ocrx_word' id='word_1_579' title='bbox 1109 1245 1191 1271; x_wconf 83' lang='lat' dir='ltr'><strong>etiam</strong></span> <span class='ocrx_word' id='word_1_580' title='bbox 1207 1244 1293 1279; x_wconf 76' lang='lat' dir='ltr'><strong>gratia</strong></span> <span class='ocrx_word' id='word_1_581' title='bbox 1311 1244 1357 1271; x_wconf 87' lang='lat' dir='ltr'><strong>Dei</strong></span> <span class='ocrx_word' id='word_1_582' title='bbox 1379 1245 1456 1279; x_wconf 83' lang='lat' dir='ltr'><strong>quasi</strong></span> <span class='ocrx_word' id='word_1_583' title='bbox 1480 1245 1590 1271; x_wconf 87' lang='lat' dir='ltr'><strong>arrham</strong></span> <span class='ocrx_word' id='word_1_584' title='bbox 1613 1245 1715 1278; x_wconf 74' lang='lat' dir='ltr'><strong>pra&#39;het</strong></span> 
     </span>
    </p>
   </div>
   <div class='ocr_carea' id='block_1_83' title="bbox 929 1289 1717 1326">
    <p class='ocr_par' dir='ltr' id='par_1_83' title="bbox 929 1289 1717 1326">
     <span class='ocr_line' id='line_1_83' title="bbox 929 1289 1717 1326; baseline -0.001 -9"><span class='ocrx_word' id='word_1_585' title='bbox 929 1291 1048 1318; x_wconf 85' lang='lat' dir='ltr'><strong>athletis.</strong></span> <span class='ocrx_word' id='word_1_586' title='bbox 1065 1289 1212 1326; x_wconf 83' lang='lat' dir='ltr'><strong>Propterea</strong></span> <span class='ocrx_word' id='word_1_587' title='bbox 1225 1291 1332 1324; x_wconf 80' lang='lat' dir='ltr'><strong>quando</strong></span> <span class='ocrx_word' id='word_1_588' title='bbox 1344 1291 1461 1317; x_wconf 86' lang='lat' dir='ltr'><strong>maxima</strong></span> <span class='ocrx_word' id='word_1_589' title='bbox 1473 1290 1620 1318; x_wconf 87' lang='lat' dir='ltr'><strong>certamina</strong></span> <span class='ocrx_word' id='word_1_590' title='bbox 1634 1290 1717 1317; x_wconf 79' lang='lat' dir='ltr'><strong>susti-</strong></span> 
     </span>
    </p>
   </div>
   <div class='ocr_carea' id='block_1_84' title="bbox 930 1335 1712 1371">
    <p class='ocr_par' dir='ltr' id='par_1_84' title="bbox 930 1335 1712 1371">
     <span class='ocr_line' id='line_1_84' title="bbox 930 1335 1712 1371; baseline -0.001 -8"><span class='ocrx_word' id='word_1_591' title='bbox 930 1337 987 1363; x_wconf 89' lang='lat' dir='ltr'><strong>nuit</strong></span> <span class='ocrx_word' id='word_1_592' title='bbox 999 1335 1062 1367; x_wconf 81' lang='lat' dir='ltr'><strong>Job;</strong></span> <span class='ocrx_word' id='word_1_593' title='bbox 1080 1337 1188 1371; x_wconf 86' lang='lat' dir='ltr'><strong>quando</strong></span> <span class='ocrx_word' id='word_1_594' title='bbox 1202 1337 1331 1363; x_wconf 81' lang='lat' dir='ltr'><strong>amittens</strong></span> <span class='ocrx_word' id='word_1_595' title='bbox 1354 1336 1499 1363; x_wconf 82' lang='lat' dir='ltr'><strong>facultates</strong></span> <span class='ocrx_word' id='word_1_596' title='bbox 1514 1337 1637 1363; x_wconf 82' lang='lat' dir='ltr'><strong>datorem</strong></span> <span class='ocrx_word' id='word_1_597' title='bbox 1655 1336 1712 1362; x_wconf 83' lang='lat' dir='ltr'><strong>latt-</strong></span> 
     </span>
    </p>
   </div>
   <div class='ocr_carea' id='block_1_85' title="bbox 929 1381 1714 1417">
    <p class='ocr_par' dir='ltr' id='par_1_85' title="bbox 929 1381 1714 1417">
     <span class='ocr_line' id='line_1_85' title="bbox 929 1381 1714 1417; baseline 0 -8"><span class='ocrx_word' id='word_1_598' title='bbox 929 1382 1022 1413; x_wconf 73' lang='lat' dir='ltr'><strong>darit;</strong></span> <span class='ocrx_word' id='word_1_599' title='bbox 1050 1382 1159 1417; x_wconf 87' lang='lat' dir='ltr'><strong>quando</strong></span> <span class='ocrx_word' id='word_1_600' title='bbox 1174 1381 1284 1409; x_wconf 89' lang='lat' dir='ltr'><strong>atnissis</strong></span> <span class='ocrx_word' id='word_1_601' title='bbox 1305 1381 1398 1409; x_wconf 91' lang='lat' dir='ltr'><strong>liberis</strong></span> <span class='ocrx_word' id='word_1_602' title='bbox 1418 1382 1522 1417; x_wconf 77' lang='lat' dir='ltr'><strong>gratias</strong></span> <span class='ocrx_word' id='word_1_603' title='bbox 1544 1383 1600 1417; x_wconf 77' lang='lat' dir='ltr'><strong>egit</strong></span> <span class='ocrx_word' id='word_1_604' title='bbox 1623 1383 1646 1409; x_wconf 91' lang='lat' dir='ltr'><strong>ei</strong></span> <span class='ocrx_word' id='word_1_605' title='bbox 1670 1383 1714 1417; x_wconf 86' lang='lat' dir='ltr'><strong>qui</strong></span> 
     </span>
    </p>
   </div>
   <div class='ocr_carea' id='block_1_86' title="bbox 929 1428 1775 1463">
    <p class='ocr_par' dir='ltr' id='par_1_86' title="bbox 929 1428 1775 1463">
     <span class='ocr_line' id='line_1_86' title="bbox 929 1428 1775 1463; baseline 0 -8"><span class='ocrx_word' id='word_1_606' title='bbox 929 1428 1095 1461; x_wconf 82' lang='lat' dir='ltr'><strong>abstulerat;</strong></span> <span class='ocrx_word' id='word_1_607' title='bbox 1128 1429 1236 1463; x_wconf 86' lang='lat' dir='ltr'><strong>quando</strong></span> <span class='ocrx_word' id='word_1_608' title='bbox 1259 1429 1479 1456; x_wconf 86' lang='lat' dir='ltr'><strong>anitnadvertens</strong></span> <span class='ocrx_word' id='word_1_609' title='bbox 1500 1429 1578 1462; x_wconf 90' lang='lat' dir='ltr'><strong>quasi</strong></span> <span class='ocrx_word' id='word_1_610' title='bbox 1603 1434 1717 1456; x_wconf 76' lang='lat' dir='ltr'><strong>verruca</strong></span> <span class='ocrx_word' id='word_1_611' title='bbox 1772 1448 1775 1455; x_wconf 96' lang='lat'><strong>.</strong></span> 
     </span>
    </p>
   </div>
   <div class='ocr_carea' id='block_1_87' title="bbox 931 1473 1716 1510">
    <p class='ocr_par' dir='ltr' id='par_1_87' title="bbox 931 1473 1716 1510">
     <span class='ocr_line' id='line_1_87' title="bbox 931 1473 1716 1510; baseline 0 -11"><span class='ocrx_word' id='word_1_612' title='bbox 931 1481 1103 1501; x_wconf 88' lang='lat' dir='ltr'><strong>succrescere</strong></span> <span class='ocrx_word' id='word_1_613' title='bbox 1117 1475 1150 1501; x_wconf 89' lang='lat' dir='ltr'><strong>de</strong></span> <span class='ocrx_word' id='word_1_614' title='bbox 1162 1480 1277 1510; x_wconf 90' lang='lat' dir='ltr'><strong>corpore</strong></span> <span class='ocrx_word' id='word_1_615' title='bbox 1294 1473 1362 1508; x_wconf 84' lang='lat' dir='ltr'><strong>ejus,</strong></span> <span class='ocrx_word' id='word_1_616' title='bbox 1379 1481 1431 1500; x_wconf 92' lang='lat' dir='ltr'><strong>non</strong></span> <span class='ocrx_word' id='word_1_617' title='bbox 1452 1473 1502 1500; x_wconf 77' lang='lat' dir='ltr'><strong>fuit</strong></span> <span class='ocrx_word' id='word_1_618' title='bbox 1514 1473 1601 1500; x_wconf 87' lang='lat' dir='ltr'><strong>victus</strong></span> <span class='ocrx_word' id='word_1_619' title='bbox 1612 1481 1626 1500; x_wconf 89' lang='lat' dir='ltr'><strong>a</strong></span> <span class='ocrx_word' id='word_1_620' title='bbox 1641 1473 1716 1500; x_wconf 81' lang='lat' dir='ltr'><strong>labo-</strong></span> 
     </span>
    </p>
   </div>
   <div class='ocr_carea' id='block_1_88' title="bbox 931 1518 1714 1553">
    <p class='ocr_par' dir='ltr' id='par_1_88' title="bbox 931 1518 1714 1553">
     <span class='ocr_line' id='line_1_88' title="bbox 931 1518 1714 1553; baseline -0.003 -7"><span class='ocrx_word' id='word_1_621' title='bbox 931 1519 1025 1552; x_wconf 85' lang='lat' dir='ltr'><strong>ribus;</strong></span> <span class='ocrx_word' id='word_1_622' title='bbox 1049 1519 1185 1553; x_wconf 85' lang='lat' dir='ltr'><strong>primitias</strong></span> <span class='ocrx_word' id='word_1_623' title='bbox 1212 1518 1343 1553; x_wconf 86' lang='lat' dir='ltr'><strong>quasdam</strong></span> <span class='ocrx_word' id='word_1_624' title='bbox 1372 1524 1399 1546; x_wconf 93' lang='lat' dir='ltr'><strong>et</strong></span> <span class='ocrx_word' id='word_1_625' title='bbox 1416 1519 1525 1545; x_wconf 88' lang='lat' dir='ltr'><strong>arrham</strong></span> <span class='ocrx_word' id='word_1_626' title='bbox 1551 1519 1714 1546; x_wconf 85' lang='lat' dir='ltr'><strong>certantium</strong></span> 
     </span>
    </p>
   </div>
   <div class='ocr_carea' id='block_1_89' title="bbox 929 1563 1713 1599">
    <p class='ocr_par' dir='ltr' id='par_1_89' title="bbox 929 1563 1713 1599">
     <span class='ocr_line' id='line_1_89' title="bbox 929 1563 1713 1599; baseline 0 -8"><span class='ocrx_word' id='word_1_627' title='bbox 929 1564 1034 1591; x_wconf 76' lang='lat' dir='ltr'><strong>deditei</strong></span> <span class='ocrx_word' id='word_1_628' title='bbox 1050 1565 1130 1596; x_wconf 87' lang='lat' dir='ltr'><strong>Deus,</strong></span> <span class='ocrx_word' id='word_1_629' title='bbox 1144 1565 1280 1591; x_wconf 89' lang='lat' dir='ltr'><strong>allocnttts</strong></span> <span class='ocrx_word' id='word_1_630' title='bbox 1294 1571 1355 1590; x_wconf 87' lang='lat' dir='ltr'><strong>eum</strong></span> <span class='ocrx_word' id='word_1_631' title='bbox 1369 1572 1417 1599; x_wconf 88' lang='lat' dir='ltr'><strong>per</strong></span> <span class='ocrx_word' id='word_1_632' title='bbox 1428 1563 1560 1591; x_wconf 89' lang='lat' dir='ltr'><strong>turbinem</strong></span> <span class='ocrx_word' id='word_1_633' title='bbox 1575 1569 1602 1591; x_wconf 89' lang='lat' dir='ltr'><strong>et</strong></span> <span class='ocrx_word' id='word_1_634' title='bbox 1618 1565 1713 1592; x_wconf 78' lang='lat' dir='ltr'><strong>nubes.</strong></span> 
     </span>
    </p>
   </div>
   <div class='ocr_carea' id='block_1_90' title="bbox 928 1609 1715 1645">
    <p class='ocr_par' dir='ltr' id='par_1_90' title="bbox 928 1609 1715 1645">
     <span class='ocr_line' id='line_1_90' title="bbox 928 1609 1715 1645; baseline 0.001 -9"><span class='ocrx_word' id='word_1_635' title='bbox 928 1609 994 1636; x_wconf 90' lang='lat' dir='ltr'><strong>Cum</strong></span> <span class='ocrx_word' id='word_1_636' title='bbox 1011 1610 1093 1644; x_wconf 79' lang='lat' dir='ltr'><strong>igitur</strong></span> <span class='ocrx_word' id='word_1_637' title='bbox 1109 1611 1215 1644; x_wconf 86' lang='lat' dir='ltr'><strong>priores</strong></span> <span class='ocrx_word' id='word_1_638' title='bbox 1227 1617 1366 1637; x_wconf 85' lang='lat' dir='ltr'><strong>sermones</strong></span> <span class='ocrx_word' id='word_1_639' title='bbox 1381 1609 1510 1642; x_wconf 85' lang='lat' dir='ltr'><strong>audisset,</strong></span> <span class='ocrx_word' id='word_1_640' title='bbox 1527 1618 1586 1637; x_wconf 89' lang='lat' dir='ltr'><strong>cntn</strong></span> <span class='ocrx_word' id='word_1_641' title='bbox 1603 1616 1715 1645; x_wconf 86' lang='lat' dir='ltr'><strong>oporte-</strong></span> 
     </span>
    </p>
   </div>
   <div class='ocr_carea' id='block_1_91' title="bbox 929 1656 1712 1692">
    <p class='ocr_par' dir='ltr' id='par_1_91' title="bbox 929 1656 1712 1692">
     <span class='ocr_line' id='line_1_91' title="bbox 929 1656 1712 1692; baseline 0.003 -10"><span class='ocrx_word' id='word_1_642' title='bbox 929 1661 970 1683; x_wconf 88' lang='lat' dir='ltr'><strong>ret</strong></span> <span class='ocrx_word' id='word_1_643' title='bbox 989 1657 1152 1692; x_wconf 85' lang='lat' dir='ltr'><strong>respondere</strong></span> <span class='ocrx_word' id='word_1_644' title='bbox 1171 1657 1244 1688; x_wconf 90' lang='lat' dir='ltr'><strong>Deo,</strong></span> <span class='ocrx_word' id='word_1_645' title='bbox 1270 1656 1344 1689; x_wconf 87' lang='lat' dir='ltr'><strong>silet,</strong></span> <span class='ocrx_word' id='word_1_646' title='bbox 1370 1657 1446 1690; x_wconf 88' lang='lat' dir='ltr'><strong>quasi</strong></span> <span class='ocrx_word' id='word_1_647' title='bbox 1472 1656 1626 1683; x_wconf 81' lang='lat' dir='ltr'><strong>facultatem</strong></span> <span class='ocrx_word' id='word_1_648' title='bbox 1661 1665 1712 1684; x_wconf 89' lang='lat' dir='ltr'><strong>nou</strong></span> 
     </span>
    </p>
   </div>
   <div class='ocr_carea' id='block_1_92' title="bbox 928 1702 1714 1737">
    <p class='ocr_par' dir='ltr' id='par_1_92' title="bbox 928 1702 1714 1737">
     <span class='ocr_line' id='line_1_92' title="bbox 928 1702 1714 1737; baseline 0.004 -8"><span class='ocrx_word' id='word_1_649' title='bbox 928 1702 1029 1730; x_wconf 88' lang='lat' dir='ltr'><strong>habens</strong></span> <span class='ocrx_word' id='word_1_650' title='bbox 1057 1702 1182 1737; x_wconf 88' lang='lat' dir='ltr'><strong>loquendi</strong></span> <span class='ocrx_word' id='word_1_651' title='bbox 1215 1711 1277 1730; x_wconf 92' lang='lat' dir='ltr'><strong>cum</strong></span> <span class='ocrx_word' id='word_1_652' title='bbox 1305 1703 1361 1730; x_wconf 91' lang='lat' dir='ltr'><strong>illo.</strong></span> <span class='ocrx_word' id='word_1_653' title='bbox 1385 1702 1509 1730; x_wconf 81' lang='lat' dir='ltr'><strong>Nondum</strong></span> <span class='ocrx_word' id='word_1_654' title='bbox 1535 1705 1608 1730; x_wconf 90' lang='lat' dir='ltr'><strong>enim</strong></span> <span class='ocrx_word' id='word_1_655' title='bbox 1632 1711 1714 1732; x_wconf 89' lang='lat' dir='ltr'><strong>norat</strong></span> 
     </span>
    </p>
   </div>
   <div class='ocr_carea' id='block_1_93' title="bbox 927 1748 1712 1785">
    <p class='ocr_par' dir='ltr' id='par_1_93' title="bbox 927 1748 1712 1785">
     <span class='ocr_line' id='line_1_93' title="bbox 927 1748 1712 1785; baseline 0.004 -11"><span class='ocrx_word' id='word_1_656' title='bbox 927 1748 997 1781; x_wconf 85' lang='lat' dir='ltr'><strong>quod</strong></span> <span class='ocrx_word' id='word_1_657' title='bbox 1015 1753 1106 1782; x_wconf 86' lang='lat' dir='ltr'><strong>postea</strong></span> <span class='ocrx_word' id='word_1_658' title='bbox 1123 1748 1253 1782; x_wconf 88' lang='lat' dir='ltr'><strong>scriptum</strong></span> <span class='ocrx_word' id='word_1_659' title='bbox 1267 1754 1309 1776; x_wconf 89' lang='lat' dir='ltr'><strong>est</strong></span> <span class='ocrx_word' id='word_1_660' title='bbox 1331 1756 1345 1775; x_wconf 90' lang='lat' dir='ltr'><strong>a</strong></span> <span class='ocrx_word' id='word_1_661' title='bbox 1363 1748 1456 1784; x_wconf 83' lang='lat' dir='ltr'><strong>Moyse</strong></span> <span class='ocrx_word' id='word_1_662' title='bbox 1475 1760 1480 1776; x_wconf 87' lang='lat'>:</span> <span class='ocrx_word' id='word_1_663' title='bbox 1499 1749 1602 1784; x_wconf 77' lang='lat' dir='ltr'><strong>Moyses</strong></span> <span class='ocrx_word' id='word_1_664' title='bbox 1621 1750 1712 1785; x_wconf 79' lang='lat' dir='ltr'><strong>laque-</strong></span> 
     </span>
    </p>
   </div>
   <div class='ocr_carea' id='block_1_94' title="bbox 927 1793 1712 1828">
    <p class='ocr_par' dir='ltr' id='par_1_94' title="bbox 927 1793 1712 1828">
     <span class='ocr_line' id='line_1_94' title="bbox 927 1793 1712 1828; baseline 0 -8"><span class='ocrx_word' id='word_1_665' title='bbox 927 1793 1015 1826; x_wconf 84' lang='lat' dir='ltr'><strong>batttr,</strong></span> <span class='ocrx_word' id='word_1_666' title='bbox 1032 1793 1101 1820; x_wconf 81' lang='lat' dir='ltr'><strong>Deus</strong></span> <span class='ocrx_word' id='word_1_667' title='bbox 1119 1801 1177 1820; x_wconf 79' lang='lat' dir='ltr'><strong>vero</strong></span> <span class='ocrx_word' id='word_1_668' title='bbox 1196 1794 1369 1828; x_wconf 67' lang='lat' dir='ltr'><strong>respondebat</strong></span> <span class='ocrx_word' id='word_1_669' title='bbox 1386 1794 1409 1820; x_wconf 85' lang='lat' dir='ltr'><strong>ei</strong></span> <span class='ocrx_word' id='word_1_670' title='bbox 1426 1801 1488 1820; x_wconf 76' lang='lat' dir='ltr'><strong>uoce</strong></span> <span class='ocrx_word' id='word_1_671' title='bbox 1511 1793 1545 1820; x_wconf 83' lang='grc'><strong>⁸⁸.</strong></span> <span class='ocrx_word' id='word_1_672' title='bbox 1570 1793 1712 1828; x_wconf 85' lang='lat' dir='ltr'><strong>Tanquam</strong></span> 
     </span>
    </p>
   </div>
   <div class='ocr_carea' id='block_1_95' title="bbox 927 1839 1712 1874">
    <p class='ocr_par' dir='ltr' id='par_1_95' title="bbox 927 1839 1712 1874">
     <span class='ocr_line' id='line_1_95' title="bbox 927 1839 1712 1874; baseline 0.003 -9"><span class='ocrx_word' id='word_1_673' title='bbox 927 1839 1008 1874; x_wconf 79' lang='lat' dir='ltr'><strong>igitur</strong></span> <span class='ocrx_word' id='word_1_674' title='bbox 1023 1840 1068 1874; x_wconf 90' lang='lat' dir='ltr'><strong>qui</strong></span> <span class='ocrx_word' id='word_1_675' title='bbox 1085 1839 1135 1867; x_wconf 89' lang='lat' dir='ltr'><strong>hoc</strong></span> <span class='ocrx_word' id='word_1_676' title='bbox 1146 1839 1289 1872; x_wconf 80' lang='lat' dir='ltr'><strong>nesciret,</strong></span> <span class='ocrx_word' id='word_1_677' title='bbox 1317 1846 1370 1866; x_wconf 92' lang='lat' dir='ltr'><strong>non</strong></span> <span class='ocrx_word' id='word_1_678' title='bbox 1389 1839 1445 1866; x_wconf 86' lang='lat' dir='ltr'><strong>vult</strong></span> <span class='ocrx_word' id='word_1_679' title='bbox 1466 1840 1629 1874; x_wconf 87' lang='lat' dir='ltr'><strong>respondere</strong></span> <span class='ocrx_word' id='word_1_680' title='bbox 1646 1839 1712 1867; x_wconf 85' lang='lat' dir='ltr'><strong>Deo.</strong></span> 
     </span>
    </p>
   </div>
   <div class='ocr_carea' id='block_1_96' title="bbox 925 1883 1712 1920">
    <p class='ocr_par' dir='ltr' id='par_1_96' title="bbox 925 1883 1712 1920">
     <span class='ocr_line' id='line_1_96' title="bbox 925 1883 1712 1920; baseline 0.003 -8"><span class='ocrx_word' id='word_1_681' title='bbox 925 1886 961 1912; x_wconf 83' lang='lat' dir='ltr'><strong>At</strong></span> <span class='ocrx_word' id='word_1_682' title='bbox 973 1885 1043 1913; x_wconf 75' lang='lat' dir='ltr'><strong>Deus</strong></span> <span class='ocrx_word' id='word_1_683' title='bbox 1057 1883 1151 1913; x_wconf 86' lang='lat' dir='ltr'><strong>tribuit</strong></span> <span class='ocrx_word' id='word_1_684' title='bbox 1167 1885 1191 1912; x_wconf 90' lang='lat' dir='ltr'><strong>ei</strong></span> <span class='ocrx_word' id='word_1_685' title='bbox 1213 1885 1339 1920; x_wconf 89' lang='lat' dir='ltr'><strong>loquendi</strong></span> <span class='ocrx_word' id='word_1_686' title='bbox 1359 1886 1475 1913; x_wconf 89' lang='lat' dir='ltr'><strong>veniam.</strong></span> <span class='ocrx_word' id='word_1_687' title='bbox 1509 1885 1544 1912; x_wconf 83' lang='lat' dir='ltr'><strong>Et</strong></span> <span class='ocrx_word' id='word_1_688' title='bbox 1563 1892 1622 1920; x_wconf 76' lang='lat' dir='ltr'><strong>post</strong></span> <span class='ocrx_word' id='word_1_689' title='bbox 1639 1886 1712 1914; x_wconf 80' lang='lat' dir='ltr'><strong>altu:</strong></span> 
     </span>
    </p>
   </div>
   <div class='ocr_carea' id='block_1_97' title="bbox 927 1931 1710 1967">
    <p class='ocr_par' dir='ltr' id='par_1_97' title="bbox 927 1931 1710 1967">
     <span class='ocr_line' id='line_1_97' title="bbox 927 1931 1710 1967; baseline 0.001 -9"><span class='ocrx_word' id='word_1_690' title='bbox 927 1931 1012 1959; x_wconf 85' lang='lat' dir='ltr'><strong>Tanta</strong></span> <span class='ocrx_word' id='word_1_691' title='bbox 1028 1937 1070 1959; x_wconf 88' lang='lat' dir='ltr'><strong>est</strong></span> <span class='ocrx_word' id='word_1_692' title='bbox 1085 1931 1131 1959; x_wconf 88' lang='lat' dir='ltr'><strong>Dei</strong></span> <span class='ocrx_word' id='word_1_693' title='bbox 1146 1932 1312 1967; x_wconf 75' lang='lat' dir='ltr'><strong>benignitas,</strong></span> <span class='ocrx_word' id='word_1_694' title='bbox 1332 1936 1362 1958; x_wconf 89' lang='lat' dir='ltr'><strong>ut</strong></span> <span class='ocrx_word' id='word_1_695' title='bbox 1383 1931 1478 1958; x_wconf 84' lang='lat' dir='ltr'><strong>induat</strong></span> <span class='ocrx_word' id='word_1_696' title='bbox 1493 1939 1638 1967; x_wconf 86' lang='lat' dir='ltr'><strong>personam</strong></span> <span class='ocrx_word' id='word_1_697' title='bbox 1658 1940 1710 1959; x_wconf 94' lang='lat' dir='ltr'><strong>non</strong></span> 
     </span>
    </p>
   </div>
   <div class='ocr_carea' id='block_1_98' title="bbox 923 1973 1713 2011">
    <p class='ocr_par' dir='ltr' id='par_1_98' title="bbox 923 1973 1713 2011">
     <span class='ocr_line' id='line_1_98' title="bbox 923 1973 1713 2011; baseline 0.005 -11"><span class='ocrx_word' id='word_1_698' title='bbox 923 1973 1080 2008; x_wconf 74' lang='lat' dir='ltr'><strong>jutticantis,</strong></span> <span class='ocrx_word' id='word_1_699' title='bbox 1096 1975 1144 2002; x_wconf 88' lang='lat' dir='ltr'><strong>sed</strong></span> <span class='ocrx_word' id='word_1_700' title='bbox 1156 1983 1267 2003; x_wconf 86' lang='lat' dir='ltr'><strong>causam</strong></span> <span class='ocrx_word' id='word_1_701' title='bbox 1280 1975 1397 2003; x_wconf 89' lang='lat' dir='ltr'><strong>dicentis</strong></span> <span class='ocrx_word' id='word_1_702' title='bbox 1414 1983 1475 2003; x_wconf 90' lang='lat' dir='ltr'><strong>cum</strong></span> <span class='ocrx_word' id='word_1_703' title='bbox 1492 1976 1618 2010; x_wconf 88' lang='lat' dir='ltr'><strong>homine,</strong></span> <span class='ocrx_word' id='word_1_704' title='bbox 1631 1976 1713 2011; x_wconf 88' lang='lat' dir='ltr'><strong>idque</strong></span> 
     </span>
    </p>
   </div>
   <div class='ocr_carea' id='block_1_99' title="bbox 927 2020 1710 2056">
    <p class='ocr_par' dir='ltr' id='par_1_99' title="bbox 927 2020 1710 2056">
     <span class='ocr_line' id='line_1_99' title="bbox 927 2020 1710 2056; baseline 0.003 -10"><span class='ocrx_word' id='word_1_705' title='bbox 927 2020 1015 2047; x_wconf 68' lang='lat' dir='ltr'><strong>multa:</strong></span> <span class='ocrx_word' id='word_1_706' title='bbox 1031 2020 1178 2055; x_wconf 83' lang='lat' dir='ltr'><strong>Scripturae</strong></span> <span class='ocrx_word' id='word_1_707' title='bbox 1193 2020 1352 2048; x_wconf 88' lang='lat' dir='ltr'><strong>docuerunt.</strong></span> <span class='ocrx_word' id='word_1_708' title='bbox 1371 2020 1477 2053; x_wconf 80' lang='lat' dir='ltr'><strong>Venite,</strong></span> <span class='ocrx_word' id='word_1_709' title='bbox 1497 2025 1522 2048; x_wconf 78' lang='lat' dir='ltr'><strong>et</strong></span> <span class='ocrx_word' id='word_1_710' title='bbox 1538 2021 1710 2056; x_wconf 68' lang='lat' dir='ltr'><strong>disputentur,</strong></span> 
     </span>
    </p>
   </div>
   <div class='ocr_carea' id='block_1_100' title="bbox 926 2065 1712 2101">
    <p class='ocr_par' dir='ltr' id='par_1_100' title="bbox 926 2065 1712 2101">
     <span class='ocr_line' id='line_1_100' title="bbox 926 2065 1712 2101; baseline 0 -8"><span class='ocrx_word' id='word_1_711' title='bbox 926 2067 989 2094; x_wconf 82' lang='lat' dir='ltr'><strong>dicit</strong></span> <span class='ocrx_word' id='word_1_712' title='bbox 1010 2067 1136 2094; x_wconf 75' lang='lat' dir='ltr'><strong>Dominus</strong></span> <span class='ocrx_word' id='word_1_713' title='bbox 1164 2067 1197 2094; x_wconf 81' lang='grc'><strong>⁸⁷.</strong></span> <span class='ocrx_word' id='word_1_714' title='bbox 1221 2066 1271 2100; x_wconf 80' lang='lat' dir='ltr'><strong>Et,</strong></span> <span class='ocrx_word' id='word_1_715' title='bbox 1302 2065 1405 2101; x_wconf 82' lang='lat' dir='ltr'><strong>Popule</strong></span> <span class='ocrx_word' id='word_1_716' title='bbox 1427 2075 1512 2100; x_wconf 79' lang='lat' dir='ltr'><strong>utens,</strong></span> <span class='ocrx_word' id='word_1_717' title='bbox 1538 2072 1619 2101; x_wconf 86' lang='lat' dir='ltr'><strong>atque</strong></span> <span class='ocrx_word' id='word_1_718' title='bbox 1644 2068 1712 2095; x_wconf 88' lang='lat' dir='ltr'><strong>adeo</strong></span> 
     </span>
    </p>
   </div>
   <div class='ocr_carea' id='block_1_101' title="bbox 927 2112 1710 2149">
    <p class='ocr_par' dir='ltr' id='par_1_101' title="bbox 927 2112 1710 2149">
     <span class='ocr_line' id='line_1_101' title="bbox 927 2112 1710 2149; baseline -0.004 -7"><span class='ocrx_word' id='word_1_719' title='bbox 927 2115 998 2142; x_wconf 84' lang='lat' dir='ltr'><strong>Deus</strong></span> <span class='ocrx_word' id='word_1_720' title='bbox 1017 2122 1078 2141; x_wconf 89' lang='lat' dir='ltr'><strong>cutn</strong></span> <span class='ocrx_word' id='word_1_721' title='bbox 1105 2113 1203 2149; x_wconf 88' lang='lat' dir='ltr'><strong>populo</strong></span> <span class='ocrx_word' id='word_1_722' title='bbox 1228 2112 1387 2148; x_wconf 86' lang='lat' dir='ltr'><strong>disputabit,</strong></span> <span class='ocrx_word' id='word_1_723' title='bbox 1412 2113 1505 2147; x_wconf 72' lang='lat' dir='ltr'><strong>popula</strong></span> <span class='ocrx_word' id='word_1_724' title='bbox 1531 2121 1620 2144; x_wconf 77' lang='lat' dir='ltr'><strong>metut.</strong></span> <span class='ocrx_word' id='word_1_725' title='bbox 1645 2114 1710 2148; x_wconf 85' lang='lat' dir='ltr'><strong>quid</strong></span> 
     </span>
    </p>
   </div>
   <div class='ocr_carea' id='block_1_102' title="bbox 927 2159 1710 2194">
    <p class='ocr_par' dir='ltr' id='par_1_102' title="bbox 927 2159 1710 2194">
     <span class='ocr_line' id='line_1_102' title="bbox 927 2159 1710 2194; baseline -0.001 -8"><span class='ocrx_word' id='word_1_726' title='bbox 927 2161 977 2194; x_wconf 82' lang='lat' dir='ltr'><strong>[eri</strong></span> <span class='ocrx_word' id='word_1_727' title='bbox 990 2160 1048 2191; x_wconf 81' lang='lat' dir='ltr'><strong>tibi,</strong></span> <span class='ocrx_word' id='word_1_728' title='bbox 1062 2164 1106 2186; x_wconf 85' lang='lat' dir='ltr'><strong>aut</strong></span> <span class='ocrx_word' id='word_1_729' title='bbox 1121 2159 1184 2194; x_wconf 81' lang='lat' dir='ltr'><strong>quid</strong></span> <span class='ocrx_word' id='word_1_730' title='bbox 1199 2159 1351 2186; x_wconf 77' lang='lat' dir='ltr'><strong>conturbavi</strong></span> <span class='ocrx_word' id='word_1_731' title='bbox 1367 2159 1436 2185; x_wconf 70' lang='lat' dir='ltr'><strong>tibi?</strong></span> <span class='ocrx_word' id='word_1_732' title='bbox 1449 2159 1576 2192; x_wconf 80' lang='lat' dir='ltr'><strong>responde</strong></span> <span class='ocrx_word' id='word_1_733' title='bbox 1596 2159 1660 2185; x_wconf 88' lang='lat' dir='ltr'><strong>mihi</strong></span> <span class='ocrx_word' id='word_1_734' title='bbox 1675 2159 1710 2190; x_wconf 78' lang='lat'><strong>“‘,</strong></span> 
     </span>
    </p>
   </div>
   <div class='ocr_carea' id='block_1_103' title="bbox 891 2203 1077 2233">
    <p class='ocr_par' dir='ltr' id='par_1_103' title="bbox 891 2203 1077 2233">
     <span class='ocr_line' id='line_1_103' title="bbox 891 2203 1077 2233; baseline 0.011 -2"><span class='ocrx_word' id='word_1_735' title='bbox 891 2203 912 2231; x_wconf 92' lang='lat' dir='ltr'><strong>D</strong></span> <span class='ocrx_word' id='word_1_736' title='bbox 927 2211 952 2233; x_wconf 90' lang='lat' dir='ltr'><strong>et</strong></span> <span class='ocrx_word' id='word_1_737' title='bbox 969 2211 1077 2233; x_wconf 69' lang='lat' dir='ltr'><strong>czctera.</strong></span> 
     </span>
    </p>
   </div>
   <div class='ocr_carea' id='block_1_104' title="bbox 1033 2250 1602 2286">
    <p class='ocr_par' dir='ltr' id='par_1_104' title="bbox 1033 2250 1602 2286">
     <span class='ocr_line' id='line_1_104' title="bbox 1033 2250 1602 2286; baseline -0.004 -7"><span class='ocrx_word' id='word_1_738' title='bbox 1033 2252 1064 2279; x_wconf 85' lang='lat' dir='ltr'><strong>V.</strong></span> <span class='ocrx_word' id='word_1_739' title='bbox 1094 2252 1120 2279; x_wconf 77' lang='lat'><strong>3.</strong></span> <span class='ocrx_word' id='word_1_740' title='bbox 1148 2250 1189 2278; x_wconf 78' lang='lat' dir='ltr'><strong>Ne</strong></span> <span class='ocrx_word' id='word_1_741' title='bbox 1216 2251 1337 2286; x_wconf 80' lang='lat' dir='ltr'><strong>repudies</strong></span> <span class='ocrx_word' id='word_1_742' title='bbox 1352 2250 1484 2285; x_wconf 80' lang='lat' dir='ltr'><strong>judicium</strong></span> <span class='ocrx_word' id='word_1_743' title='bbox 1505 2258 1602 2277; x_wconf 86' lang='lat' dir='ltr'><strong>meum.</strong></span> 
     </span>
    </p>
   </div>
   <div class='ocr_carea' id='block_1_105' title="bbox 960 2296 1709 2332">
    <p class='ocr_par' dir='ltr' id='par_1_105' title="bbox 960 2296 1709 2332">
     <span class='ocr_line' id='line_1_105' title="bbox 960 2296 1709 2332; baseline -0.001 -7"><span class='ocrx_word' id='word_1_744' title='bbox 960 2298 1001 2326; x_wconf 89' lang='lat' dir='ltr'><strong>Ne</strong></span> <span class='ocrx_word' id='word_1_745' title='bbox 1021 2299 1141 2332; x_wconf 77' lang='lat' dir='ltr'><strong>repudies</strong></span> <span class='ocrx_word' id='word_1_746' title='bbox 1167 2298 1216 2324; x_wconf 86' lang='lat' dir='ltr'><strong>hoc</strong></span> <span class='ocrx_word' id='word_1_747' title='bbox 1240 2298 1375 2331; x_wconf 78' lang='lat' dir='ltr'><strong>judicium</strong></span> <span class='ocrx_word' id='word_1_748' title='bbox 1405 2305 1501 2324; x_wconf 89' lang='lat' dir='ltr'><strong>meum.</strong></span> <span class='ocrx_word' id='word_1_749' title='bbox 1531 2296 1614 2331; x_wconf 89' lang='lat' dir='ltr'><strong>llujus</strong></span> <span class='ocrx_word' id='word_1_750' title='bbox 1643 2297 1709 2325; x_wconf 87' lang='lat' dir='ltr'><strong>dicti</strong></span> 
     </span>
    </p>
   </div>
   <div class='ocr_carea' id='block_1_106' title="bbox 925 2342 1710 2380">
    <p class='ocr_par' dir='ltr' id='par_1_106' title="bbox 925 2342 1710 2380">
     <span class='ocr_line' id='line_1_106' title="bbox 925 2342 1710 2380; baseline -0.003 -8"><span class='ocrx_word' id='word_1_751' title='bbox 925 2350 1053 2380; x_wconf 86' lang='lat' dir='ltr'><strong>tanquam</strong></span> <span class='ocrx_word' id='word_1_752' title='bbox 1078 2344 1152 2371; x_wconf 88' lang='lat' dir='ltr'><strong>utilis</strong></span> <span class='ocrx_word' id='word_1_753' title='bbox 1179 2343 1393 2370; x_wconf 84' lang='lat' dir='ltr'><strong>meminerimus.</strong></span> <span class='ocrx_word' id='word_1_754' title='bbox 1416 2343 1452 2369; x_wconf 79' lang='lat' dir='ltr'><strong>At</strong></span> <span class='ocrx_word' id='word_1_755' title='bbox 1477 2343 1588 2377; x_wconf 84' lang='lat' dir='ltr'><strong>quando</strong></span> <span class='ocrx_word' id='word_1_756' title='bbox 1605 2342 1710 2376; x_wconf 75' lang='lat' dir='ltr'><strong>judicat</strong></span> 
     </span>
    </p>
   </div>
   <div class='ocr_carea' id='block_1_107' title="bbox 924 2387 1709 2424">
    <p class='ocr_par' dir='ltr' id='par_1_107' title="bbox 924 2387 1709 2424">
     <span class='ocr_line' id='line_1_107' title="bbox 924 2387 1709 2424; baseline -0.004 -5"><span class='ocrx_word' id='word_1_757' title='bbox 924 2391 994 2419; x_wconf 84' lang='lat' dir='ltr'><strong>Deus</strong></span> <span class='ocrx_word' id='word_1_758' title='bbox 1006 2395 1034 2418; x_wconf 93' lang='lat' dir='ltr'><strong>ut</strong></span> <span class='ocrx_word' id='word_1_759' title='bbox 1045 2390 1149 2424; x_wconf 90' lang='lat' dir='ltr'><strong>aliquid</strong></span> <span class='ocrx_word' id='word_1_760' title='bbox 1165 2390 1312 2424; x_wconf 84' lang='lat' dir='ltr'><strong>patiamur,</strong></span> <span class='ocrx_word' id='word_1_761' title='bbox 1332 2393 1361 2416; x_wconf 93' lang='lat' dir='ltr'><strong>ut</strong></span> <span class='ocrx_word' id='word_1_762' title='bbox 1380 2387 1463 2415; x_wconf 85' lang='lat' dir='ltr'><strong>lilium</strong></span> <span class='ocrx_word' id='word_1_763' title='bbox 1480 2389 1637 2416; x_wconf 80' lang='lat' dir='ltr'><strong>amittamus</strong></span> <span class='ocrx_word' id='word_1_764' title='bbox 1648 2411 1654 2422; x_wconf 89' lang='lat'><strong>,</strong></span> <span class='ocrx_word' id='word_1_765' title='bbox 1679 2393 1709 2416; x_wconf 82' lang='lat' dir='ltr'><strong>ut</strong></span> 
     </span>
    </p>
   </div>
   <div class='ocr_carea' id='block_1_108' title="bbox 923 2435 1709 2472">
    <p class='ocr_par' dir='ltr' id='par_1_108' title="bbox 923 2435 1709 2472">
     <span class='ocr_line' id='line_1_108' title="bbox 923 2435 1709 2472; baseline -0.001 -8"><span class='ocrx_word' id='word_1_766' title='bbox 923 2438 1049 2472; x_wconf 89' lang='lat' dir='ltr'><strong>princeps</strong></span> <span class='ocrx_word' id='word_1_767' title='bbox 1066 2437 1191 2470; x_wconf 86' lang='lat' dir='ltr'><strong>intereat,</strong></span> <span class='ocrx_word' id='word_1_768' title='bbox 1207 2441 1234 2462; x_wconf 89' lang='lat' dir='ltr'><strong>ut</strong></span> <span class='ocrx_word' id='word_1_769' title='bbox 1250 2443 1363 2470; x_wconf 87' lang='lat' dir='ltr'><strong>corpore</strong></span> <span class='ocrx_word' id='word_1_770' title='bbox 1373 2440 1548 2470; x_wconf 76' lang='lat' dir='ltr'><strong>:cgrotemus,</strong></span> <span class='ocrx_word' id='word_1_771' title='bbox 1567 2441 1611 2462; x_wconf 90' lang='lat' dir='ltr'><strong>aut</strong></span> <span class='ocrx_word' id='word_1_772' title='bbox 1623 2435 1709 2470; x_wconf 87' lang='lat' dir='ltr'><strong>quod-</strong></span> 
     </span>
    </p>
   </div>
   <div class='ocr_carea' id='block_1_109' title="bbox 924 2480 1708 2517">
    <p class='ocr_par' dir='ltr' id='par_1_109' title="bbox 924 2480 1708 2517">
     <span class='ocr_line' id='line_1_109' title="bbox 924 2480 1708 2517; baseline -0.001 -7"><span class='ocrx_word' id='word_1_773' title='bbox 924 2490 1032 2517; x_wconf 76' lang='lat' dir='ltr'><strong>cunque</strong></span> <span class='ocrx_word' id='word_1_774' title='bbox 1057 2482 1129 2509; x_wconf 88' lang='lat' dir='ltr'><strong>aliud</strong></span> <span class='ocrx_word' id='word_1_775' title='bbox 1159 2481 1312 2515; x_wconf 84' lang='lat' dir='ltr'><strong>hujusmodi</strong></span> <span class='ocrx_word' id='word_1_776' title='bbox 1346 2480 1627 2508; x_wconf 83' lang='lat' dir='ltr'><strong>sustineamuszﬂeri</strong></span> <span class='ocrx_word' id='word_1_777' title='bbox 1654 2488 1708 2509; x_wconf 78' lang='lat' dir='ltr'><strong>non</strong></span> 
     </span>
    </p>
   </div>
   <div class='ocr_carea' id='block_1_110' title="bbox 925 2527 1706 2564">
    <p class='ocr_par' dir='ltr' id='par_1_110' title="bbox 925 2527 1706 2564">
     <span class='ocr_line' id='line_1_110' title="bbox 925 2527 1706 2564; baseline -0.005 -7"><span class='ocrx_word' id='word_1_778' title='bbox 925 2534 1013 2564; x_wconf 84' lang='lat' dir='ltr'><strong>potest</strong></span> <span class='ocrx_word' id='word_1_779' title='bbox 1027 2533 1056 2556; x_wconf 86' lang='lat' dir='ltr'><strong>ut</strong></span> <span class='ocrx_word' id='word_1_780' title='bbox 1074 2529 1210 2563; x_wconf 87' lang='lat' dir='ltr'><strong>quidpiam</strong></span> <span class='ocrx_word' id='word_1_781' title='bbox 1233 2529 1329 2555; x_wconf 90' lang='lat' dir='ltr'><strong>horum</strong></span> <span class='ocrx_word' id='word_1_782' title='bbox 1351 2535 1400 2554; x_wconf 91' lang='lat' dir='ltr'><strong>nos</strong></span> <span class='ocrx_word' id='word_1_783' title='bbox 1414 2527 1561 2562; x_wconf 88' lang='lat' dir='ltr'><strong>patiamur,</strong></span> <span class='ocrx_word' id='word_1_784' title='bbox 1580 2527 1635 2554; x_wconf 89' lang='lat' dir='ltr'><strong>Deo</strong></span> <span class='ocrx_word' id='word_1_785' title='bbox 1654 2534 1706 2553; x_wconf 91' lang='lat' dir='ltr'><strong>non</strong></span> 
     </span>
    </p>
   </div>
   <div class='ocr_carea' id='block_1_111' title="bbox 921 2572 1707 2612">
    <p class='ocr_par' dir='ltr' id='par_1_111' title="bbox 921 2572 1707 2612">
     <span class='ocr_line' id='line_1_111' title="bbox 921 2572 1707 2612; baseline -0.006 -9"><span class='ocrx_word' id='word_1_786' title='bbox 921 2576 1070 2612; x_wconf 88' lang='lat' dir='ltr'><strong>judicante.</strong></span> <span class='ocrx_word' id='word_1_787' title='bbox 1095 2575 1187 2608; x_wconf 77' lang='lat' dir='ltr'><strong>Neque</strong></span> <span class='ocrx_word' id='word_1_788' title='bbox 1210 2574 1282 2601; x_wconf 88' lang='lat' dir='ltr'><strong>enim</strong></span> <span class='ocrx_word' id='word_1_789' title='bbox 1306 2573 1411 2600; x_wconf 81' lang='lat' dir='ltr'><strong>avicula</strong></span> <span class='ocrx_word' id='word_1_790' title='bbox 1435 2573 1560 2600; x_wconf 19' lang='lat' dir='ltr'><strong>caditein</strong></span> <span class='ocrx_word' id='word_1_791' title='bbox 1581 2572 1707 2607; x_wconf 89' lang='lat' dir='ltr'><strong>laqueum</strong></span> 
     </span>
    </p>
   </div>
   <div class='ocr_carea' id='block_1_112' title="bbox 924 2617 1708 2653">
    <p class='ocr_par' dir='ltr' id='par_1_112' title="bbox 924 2617 1708 2653">
     <span class='ocr_line' id='line_1_112' title="bbox 924 2617 1708 2653; baseline -0.008 -3"><span class='ocrx_word' id='word_1_792' title='bbox 924 2622 983 2650; x_wconf 86' lang='lat' dir='ltr'><strong>sine</strong></span> <span class='ocrx_word' id='word_1_793' title='bbox 997 2621 1136 2647; x_wconf 86' lang='lat' dir='ltr'><strong>voluntate</strong></span> <span class='ocrx_word' id='word_1_794' title='bbox 1154 2619 1253 2650; x_wconf 82' lang='lat' dir='ltr'><strong>Patris,</strong></span> <span class='ocrx_word' id='word_1_795' title='bbox 1267 2619 1311 2652; x_wconf 88' lang='lat' dir='ltr'><strong>qui</strong></span> <span class='ocrx_word' id='word_1_796' title='bbox 1330 2618 1357 2644; x_wconf 94' lang='lat' dir='ltr'><strong>in</strong></span> <span class='ocrx_word' id='word_1_797' title='bbox 1370 2618 1447 2645; x_wconf 62' lang='lat' dir='ltr'><strong>caelis</strong></span> <span class='ocrx_word' id='word_1_798' title='bbox 1462 2622 1514 2645; x_wconf 87' lang='lat' dir='ltr'><strong>est.</strong></span> <span class='ocrx_word' id='word_1_799' title='bbox 1537 2617 1603 2651; x_wconf 84' lang='lat' dir='ltr'><strong>Quia</strong></span> <span class='ocrx_word' id='word_1_800' title='bbox 1624 2618 1708 2653; x_wconf 75' lang='lat' dir='ltr'><strong>igitur</strong></span> 
     </span>
    </p>
   </div>
   <div class='ocr_carea' id='block_1_113' title="bbox 923 2662 1708 2697">
    <p class='ocr_par' dir='ltr' id='par_1_113' title="bbox 923 2662 1708 2697">
     <span class='ocr_line' id='line_1_113' title="bbox 923 2662 1708 2697; baseline -0.005 -2"><span class='ocrx_word' id='word_1_801' title='bbox 923 2667 989 2695; x_wconf 90' lang='lat' dir='ltr'><strong>nihil</strong></span> <span class='ocrx_word' id='word_1_802' title='bbox 1007 2667 1102 2694; x_wconf 86' lang='lat' dir='ltr'><strong>horum</strong></span> <span class='ocrx_word' id='word_1_803' title='bbox 1119 2664 1149 2691; x_wconf 82' lang='lat' dir='ltr'><strong>ﬁt</strong></span> <span class='ocrx_word' id='word_1_804' title='bbox 1174 2664 1232 2691; x_wconf 86' lang='lat' dir='ltr'><strong>sine</strong></span> <span class='ocrx_word' id='word_1_805' title='bbox 1254 2663 1358 2697; x_wconf 84' lang='lat' dir='ltr'><strong>judicio</strong></span> <span class='ocrx_word' id='word_1_806' title='bbox 1375 2663 1421 2690; x_wconf 89' lang='lat' dir='ltr'><strong>Dci</strong></span> <span class='ocrx_word' id='word_1_807' title='bbox 1435 2683 1442 2695; x_wconf 95' lang='lat'><strong>,</strong></span> <span class='ocrx_word' id='word_1_808' title='bbox 1465 2663 1563 2690; x_wconf 88' lang='lat' dir='ltr'><strong>dicitur</strong></span> <span class='ocrx_word' id='word_1_809' title='bbox 1590 2662 1624 2691; x_wconf 85' lang='lat' dir='ltr'><strong>ad</strong></span> <span class='ocrx_word' id='word_1_810' title='bbox 1644 2669 1708 2691; x_wconf 75' lang='lat' dir='ltr'><strong>eum</strong></span> 
     </span>
    </p>
   </div>
   <div class='ocr_carea' id='block_1_114' title="bbox 126 2754 875 2796">
    <p class='ocr_par' dir='ltr' id='par_1_114' title="bbox 126 2760 875 2796">
     <span class='ocr_line' id='line_1_114' title="bbox 126 2760 875 2796; baseline -0.001 -7"><span class='ocrx_word' id='word_1_811' title='bbox 126 2761 227 2790; x_wconf 74' lang='lat' dir='ltr'><strong>“Psal.</strong></span> <span class='ocrx_word' id='word_1_812' title='bbox 243 2768 322 2794; x_wconf 77' lang='lat' dir='ltr'><strong>nu,</strong></span> <span class='ocrx_word' id='word_1_813' title='bbox 347 2760 374 2787; x_wconf 86' lang='lat'><strong>9.</strong></span> <span class='ocrx_word' id='word_1_814' title='bbox 412 2761 544 2796; x_wconf 49' lang='lat' dir='ltr'><strong>&quot;ﬁerem.</strong></span> <span class='ocrx_word' id='word_1_815' title='bbox 563 2769 588 2796; x_wconf 90' lang='lat' dir='ltr'><strong>v,</strong></span> <span class='ocrx_word' id='word_1_816' title='bbox 610 2761 636 2790; x_wconf 86' lang='lat'><strong>8.</strong></span> <span class='ocrx_word' id='word_1_817' title='bbox 674 2761 696 2777; x_wconf 80' lang='grc'>⁸⁸</span> <span class='ocrx_word' id='word_1_818' title='bbox 717 2760 804 2789; x_wconf 80' lang='lat' dir='ltr'><strong>Exod.</strong></span> <span class='ocrx_word' id='word_1_819' title='bbox 821 2768 875 2794; x_wconf 68' lang='grc' dir='ltr'>ιιι,</span> 
     </span>
    </p>
   </div>
   <div class='ocr_carea' id='block_1_115' title="bbox 931 2754 1422 2796">
    <p class='ocr_par' dir='ltr' id='par_1_115' title="bbox 934 2754 1422 2788">
     <span class='ocr_line' id='line_1_115' title="bbox 934 2754 1422 2788; baseline -0.012 -2"><span class='ocrx_word' id='word_1_820' title='bbox 934 2781 939 2786; x_wconf 91' lang='grc'>.</span> <span class='ocrx_word' id='word_1_821' title='bbox 978 2758 999 2774; x_wconf 85' lang='grc'><strong>⁵⁷</strong></span> <span class='ocrx_word' id='word_1_822' title='bbox 1017 2756 1112 2786; x_wconf 52' lang='grc' dir='ltr'><strong>ἰςίιίηι.</strong></span> <span class='ocrx_word' id='word_1_823' title='bbox 1127 2755 1171 2784; x_wconf 78' lang='grc'><strong>18.</strong></span> <span class='ocrx_word' id='word_1_824' title='bbox 1208 2755 1231 2771; x_wconf 76' lang='grc'><strong>⁸⁸</strong></span> <span class='ocrx_word' id='word_1_825' title='bbox 1243 2754 1323 2783; x_wconf 82' lang='lat' dir='ltr'><strong>Micb.</strong></span> <span class='ocrx_word' id='word_1_826' title='bbox 1342 2762 1379 2788; x_wconf 69' lang='grc' dir='ltr'>γι,</span> <span class='ocrx_word' id='word_1_827' title='bbox 1395 2754 1422 2780; x_wconf 82' lang='grc'><strong>5.</strong></span> 
     </span>
    </p>
   </div>
   <div class='ocr_carea' id='block_1_116' title="bbox 127 2837 452 2876">
    <p class='ocr_par' dir='ltr' id='par_1_116' title="bbox 127 2837 452 2876">
     <span class='ocr_line' id='line_1_116' title="bbox 127 2837 452 2876; baseline -0.012 -7"><span class='ocrx_word' id='word_1_828' title='bbox 127 2839 174 2876; x_wconf 77' lang='lat'><strong>(35)</strong></span> <span class='ocrx_word' id='word_1_829' title='bbox 186 2838 289 2868; x_wconf 77' lang='lat' dir='ltr'><strong>Confer</strong></span> <span class='ocrx_word' id='word_1_830' title='bbox 300 2837 452 2873; x_wconf 83' lang='lat' dir='ltr'><strong>Olympiod.</strong></span> 
     </span>
    </p>
   </div>
   <div class='ocr_carea' id='block_1_117' title="bbox 960 2811 1444 2877">
    <p class='ocr_par' dir='ltr' id='par_1_117' title="bbox 960 2811 1444 2877">
     <span class='ocr_line' id='line_1_117' title="bbox 960 2811 1444 2877; baseline -0.006 -14"><span class='ocrx_word' id='word_1_831' title='bbox 960 2811 1018 2872; x_wconf 62' lang='lat' dir='ltr'><strong>isti)</strong></span> <span class='ocrx_word' id='word_1_832' title='bbox 1037 2832 1137 2864; x_wconf 74' lang='lat' dir='ltr'><strong>Confer</strong></span> <span class='ocrx_word' id='word_1_833' title='bbox 1153 2833 1280 2877; x_wconf 74' lang='lat' dir='ltr'><strong>eumdem</strong></span> <span class='ocrx_word' id='word_1_834' title='bbox 1291 2830 1444 2869; x_wconf 58' lang='lat' dir='ltr'><strong>Olympios.</strong></span> 
     </span>
    </p>
   </div>
  </div>
