1918 3069
228 83 277 109 105

666 84 946 114 SUPPLEMENTUM
966 87 1010 114 AD
1030 86 1191 115 ORIGENIS
1208 87 1412 131 EXEQETICA.

1804 89 1861 116 114

226 143 360 174 ostendat,
385 147 513 177 quantam
540 142 674 175 fraudem,
702 148 835 178 quantum
864 153 1007 179 venenum,

1065 145 1128 172 ὥστε
1141 144 1247 180 ἐλέγξαι
1259 145 1304 172 καὶ
1315 144 1397 177 δεῖξαι
1407 145 1468 172 ὅσον
1482 145 1565 179 δόλον,
1578 145 1640 173 ὅσον
1654 146 1704 179 ίδν,
1716 146 1768 174 ὅσα
1780 147 1864 174 κακὰ

227 195 327 226 quanta
341 189 408 216 mala
424 189 520 216 habeat
537 189 696 216 recondita?

392 233 424 260 V.
441 233 467 260 5.
489 232 565 260 Circa
581 234 670 261 dentes
688 234 744 270 ejus
760 236 849 263 timor.

261 280 298 307 De
321 280 418 314 quibus
434 279 556 307 dicitur:
582 280 675 307 Dentes
705 287 870 315 peccatorum
890 284 1009 311 contrivi-

225 327 258 354 διε
269 327 303 353 ’⁷,
322 325 363 358 Ει,
380 325 507 352 Dominus
518 330 630 353 conteret
642 327 724 354 molas
741 328 885 355 leonum".
896 328 952 356 Non
969 335 1009 357 est

225 372 277 399 iste
297 372 377 399 timor
404 371 450 398 Dei
469 379 477 398 ε
495 372 541 400 sed
560 372 640 400 timor
653 373 724 400 circa
745 374 834 401 dentes
854 374 920 409 ejus.
936 375 971 402 At
986 377 1007 403 si

224 418 350 445 liahueris
365 418 503 446 Christum
523 420 549 445 in
563 419 659 454 teipso,
677 428 710 447 ne
726 428 819 448 curam
835 429 912 456 geras
937 422 1008 450 illius

223 464 330 492 timoris
350 473 356 491 :
375 464 515 492 Dominum
538 467 607 493 enim
623 465 706 493 Deum
731 472 805 494 tuum
830 468 931 495 timebis
949 477 959 495 :
978 477 1008 496 ac

222 516 318 546 praeter
331 511 415 546 ipsum
429 520 461 538 ne
473 512 566 538 timeas
580 512 663 539 alium
679 513 711 540 Μ.

348 601 379 628 ν.
400 601 427 630 ϐ.
448 602 581 630 Interiora
601 602 657 637 ejus
674 604 777 638 aspides
799 613 884 634 wrea'.

260 648 434 680 Documcnla,
463 649 580 684 cogitata
608 650 724 677 occulta.
752 651 849 679 Omnia
875 660 1007 680 venenum

224 696 346 729 aspidunt
369 700 442 728 sunt,
459 696 585 723 universa
609 704 669 730 quze
696 702 758 724 sunt
782 699 853 725 intra
871 699 956 726 illum.
975 700 1009 727 Et

224 741 330 776 aspicies
346 746 425 774 sunt,
443 749 494 768 non
524 742 617 770 molles
634 744 767 778 quaedam,
793 745 840 772 sed
866 746 1006 780 praedura.

224 786 358 815 Prasduraa
371 788 443 815 enim
458 793 519 815 sntit
536 790 654 824 aspidas,

472 833 503 861 V.
517 834 560 861 10.
577 834 618 861 Fx
634 843 677 862 ore
694 834 764 870 ejus.

260 879 448 914 Blasphemite,
461 885 489 907 et
504 887 645 908 sermones
664 881 819 916 itnpiorum,
838 887 918 919 atque
941 883 1009 911 irre-

224 925 382 960 ligicsormn
394 926 548 953 doctorum.

225 970 257 998 ν.
272 970 315 1000 i0.
333 969 376 997 Ea:
390 979 433 998 ore
449 970 506 1006 ejus
521 971 665 1003 procedunt
687 971 821 1005 lampades
835 974 967 1006 ardentes,
983 978 1008 1001 et

451 1006 603 1032 evib‘rnmnr
621 1007 672 1040 {uci
690 1007 765 1041 ignis.

215 1084 218 1086 '
258 1083 383 1110 Arbitror
401 1083 525 1117 equidem
547 1083 688 1110 universos
712 1084 794 1111 etiam
820 1085 915 1118 impios
941 1087 1010 1113 irre-

224 1128 381 1163 ligiosorum
408 1128 563 1162 dogmatum
580 1127 719 1161 doctores,
740 1129 848 1163 proprie
862 1137 922 1158 esse
945 1132 1009 1158 dra-

224 1174 301 1202 conis
315 1174 435 1200 membra
451 1182 457 1199 :
481 1181 513 1200 ac
528 1175 714 1201 membrorum
737 1176 862 1203 draconis
900 1178 1008 1205 nomina

225 1219 247 1247 si
265 1219 307 1246 vis
328 1219 433 1249 audire.
456 1219 549 1253 quales
571 1224 634 1246 sunt
650 1220 711 1247 isti?
728 1219 765 1248 Os
780 1221 907 1249 draconis
926 1226 1011 1256 possit

223 1271 251 1293 et
266 1266 368 1300 tropice
387 1266 500 1299 intelligi
515 1271 644 1300 praeterea
663 1267 699 1298 id,
713 1268 783 1294 unde
798 1273 859 1295 sunt
870 1276 1010 1298 sermones

222 1312 380 1346 pemiciosi.
399 1311 453 1347 (Ea:
474 1320 518 1339 ore
536 1313 603 1339 enim
626 1313 683 1348 ejus
703 1315 838 1347 lampades
859 1316 1008 1349 dispereunt

223 1359 315 1394 ignis.)
335 1357 405 1391 Quia
425 1366 456 1385 ea:
471 1365 516 1385 ore
538 1358 594 1393 ejus
619 1359 671 1393 foci
693 1359 842 1394 dispereunt
871 1362 948 1396 ignis.
980 1361 1008 1389 Si

224 1403 333 1437 quando
356 1403 445 1429 audivi
469 1403 678 1431 calumniantem
704 1412 856 1432 sermonem
878 1411 1009 1441 praetequ

223 1447 442 1482 Christianismi,
470 1449 680 1477 calumnianlem
701 1450 879 1484 Creatorem,
902 1452 954 1485 vel,
980 1458 1010 1480 ut

1063 192 1118 227 ἔχει
1135 191 1304 226 ἀποκείμενα
1316 199 1323 224 ;

1149 237 1222 271 Στίχ.
1235 236 1266 262 ε’.
1277 237 1385 268 Κύκλφ
1402 235 1533 262 ὀδόντων
1549 235 1642 263 αὐτοῦ
1654 236 1759 270 φόϐος.

1096 282 1164 317 Περὶ
1180 279 1216 308 ὧν
1240 282 1366 316 λέγεται·
1392 281 1528 314 Ὀδόντίις
1549 281 1731 316 ἁμαρτωλῶν
1756 281 1858 308 συνέ-

1061 328 1178 362 τριψας,
1202 327 1268 359 Καὶ,
1283 328 1390 362 Κύριος
1414 328 1574 362 συντρίψει
1593 328 1647 361 τὰς
1668 329 1770 363 μύλας
1790 327 1859 355 τῶν

1061 373 1202 400 λεόντων.
1219 373 1276 399 Οὐκ
1292 372 1364 400 ἔστιν
1381 372 1459 405 οὗτος
1479 374 1493 400 ὁ
1508 373 1588 407 φόϐος
1610 373 1658 400 τοῦ
1684 373 1752 400 Θεοῦ
1764 382 1771 389 ·
1790 373 1856 401 ἀλλ’

1061 419 1078 444 ὀ
1091 418 1192 452 φόϐος,
1211 419 1227 444 ό
1247 410 1348 451 κύκλῴ
1364 417 1423 445 τῶν
1437 417 1567 445 ὀδόντων
1577 418 1679 446 αὐτοῦ.
1702 419 1773 446 Ἀλλ’
1800 419 1857 446 ἐὰν

1061 463 1125 499 ἔχῃς
1141 464 1186 490 τὸν
1201 463 1317 499 Χριστὸν
1328 464 1357 490 ὲν
1374 464 1488 500 σεαυτῷ,
1506 464 1542 501 μὴ
1555 465 1679 501 φρόντιζε
1692 466 1788 493 τούτου
1800 466 1854 493 τοῦ

1062 508 1152 543 φόϐου.
1175 510 1283 543 Κύριον
1301 510 1355 544 γὰρ
1368 509 1420 537 τὸν
1442 511 1515 537 Θεόν
1537 518 1596 538 σου
1611 511 1780 547 φοϐηθήσῃ,
1797 515 1853 542 καὶ

1061 554 1145 588 πλὴν
1163 553 1306 589 αὐτοῦμὴ
1323 555 1415 589 φοϐοῦ
1430 556 1482 583 τὸν
1498 557 1603 585 ἄλλον.

1096 600 1170 635 Στίχ.
1197 603 1233 632 ςλ.
1251 600 1288 628 Τὰ
1302 601 1412 635 ἔγκατα
1426 603 1518 630 αὐτοῦ
1534 604 1662 638 ἀσπίδες
1689 608 1811 641 χαλκαῖ.

1096 646 1136 673 Τὰ
1163 647 1296 682 δόγματα,
1325 647 1359 674 τὰ
1389 649 1512 684 νοήματα
1541 651 1575 678 τὰ
1600 652 1850 689 ἀποκεκρυμμένα.

1060 691 1152 718 Πάντα
1171 693 1209 724 ῑὸς
1224 693 1343 720 ἀσπίδων
1364 694 1432 727 ἐστὶ,
1448 695 1536 723 πάντα
1543 696 1577 723 τὰ
1592 697 1665 725 ἔνδον
1681 699 1774 726 αὐτοῦ.
1795 700 1854 727 Καὶ

1060 737 1171 770 ἀσπίδες
1181 738 1248 765 εἰσὶν
1265 739 1312 775 οὺχ
1325 740 1425 767 ἁπαλαί
1436 749 1516 775 τινες,
1530 743 1597 770 ἀλλὰ
1612 743 1738 781 σκληραί.
1756 745 1853 772 Ἀσπί-

1060 783 1104 816 δες
1120 785 1174 820 γάρ
1188 785 1240 811 εἶσι
1260 785 1386 822 σκληραί.

1221 831 1295 866 Στίχ.
1312 831 1337 860 ι’.
1356 833 1404 860 Ἐκ
1420 834 1570 869 στόματος
1590 835 1692 862 αὑτοῦ.

1093 878 1125 904 At
1145 877 1314 914 βλασφημίαι
1331 880 1377 906 καὶ
1390 881 1415 907 oi.
1426 881 1499 916 λόγοι
1513 881 1567 909 τῶν
1582 882 1687 909 ἀσεϐῶν
1697 883 1745 910 καὶ
1759 882 1851 911 ἀθέων

1058 923 1237 950 διδασκάλων.

1059 968 1134 1005 Στίχἶ
1144 967 1172 1005 ι’.
1194 969 1244 995 Ἐκ
1267 969 1415 1005 στόματος
1435 969 1528 997 αὐτοῦ
1540 969 1753 1004 ἐκπορεύονται
1774 972 1851 1005 λαμ-

1095 1003 1188 1065 me?
1210 1004 1372 1038 καιόμεναι,
1392 1004 1443 1032 καὶ
1471 1003 1693 1040 διαριπτοῧιται
1718 1003 1851 1040 ἐσχάραι

1095 1044 1155 1065 aruo
1174 1049 1200 1065 τε.

1094 1044 1200 1072 πυρός.

1095 1083 1150 1118 (46)
1170 1082 1253 1119 Οἶμαι
1268 1083 1318 1119 μὲν
1343 1083 1389 1110 καὶ
1405 1082 1509 1113 πάντας
1532 1081 1596 1113 τοὺς
1620 1080 1729 1111 ἀσεϐεῖς
1757 1081 1849 1108 ἀθέων

1057 1130 1200 1165 δογμάτων
1213 1130 1363 1165 εἰσηγητὰς
1374 1128 1477 1164 κυρίως
1491 1128 1525 1155 ἂν
1541 1127 1611 1154 εἶναι
1625 1127 1692 1164 μέλη
1709 1126 1758 1154 τοῦ
1782 1127 1850 1164 δρά-

1059 1182 1170 1206 κοντος·
1194 1174 1241 1202 καὶ
1267 1175 1320 1202 τῶν
1340 1173 1428 1210 μελῶν
1447 1173 1494 1200 τοῦ
1517 1173 1661 1208 δράκοντος
1685 1174 1808 1209 ὀνόματα
1823 1175 1848 1200 εἰ

1059 1219 1147 1252 θέλεις
1174 1219 1302 1252 ἀκοῦσαι,
1329 1220 1401 1246 ποῖοί
1421 1220 1491 1246 εἰσιν
1513 1215 1603 1252 οὖτοις
1627 1219 1665 1246 Τὸ
1690 1219 1779 1254 στόμα
1798 1219 1847 1246 τοῦ

1059 1265 1203 1301 δράκοντος
1225 1267 1266 1302 εἴη
1282 1266 1305 1293 δ’
1317 1266 1349 1293 ἄν
1363 1275 1390 1292 τι
1412 1266 1459 1293 καὶ
1479 1265 1616 1302 τροπικῶς
1627 1265 1783 1301 νοούμειων,
1798 1266 1847 1292 καὶ

1059 1311 1134 1347 παρὰ
1149 1310 1227 1337 τοῦτο
1240 1311 1303 1338 ὃθεν
1319 1312 1344 1338 ol.
1359 1311 1432 1345 λόγοι
1451 1311 1476 1338 οἱ
1496 1311 1668 1342 ἀπολλύντες.
1775 1312 1848 1338 στό-

1057 1364 1150 1390 ματος
1162 1355 1216 1391 γὰρ
1231 1356 1325 1383 αὐτοῦ
1339 1356 1493 1391 λαμπάδες
1504 1355 1708 1384 ἀπολλύοντα
1726 1356 1846 1392 πυρός]

1061 1402 1121 1428 ’Ὁτι
1143 1401 1177 1428 ἐκ
1202 1402 1351 1436 στόματος
1375 1402 1470 1429 αὑτοῦ
1492 1402 1618 1437 ἐσχάραι
1640 1403 1847 1430 ἀπολλύογῑηι

1060 1449 1164 1482 πυρός.
1183 1447 1217 1475 Εῐ
1241 1456 1306 1475 ποτε
1331 1449 1434 1484 ἤκουσα
1456 1449 1502 1475 τοῦ
1517 1448 1731 1485 κατηγοροῦντος
1754 1448 1846 1482 λόγου,

223 1493 307 1521 verbo
323 1495 421 1527 dicam,
435 1495 604 1530 proﬁtentem
623 1496 719 1531 placita
740 1496 895 1531 Marcionis,
909 1498 1006 1526 Valen-

1065 1494 1190 1529 τροφάσει
1197 1494 1418 1529 Χριπιανισμοῦ,
1428 1494 1643 1530 κατηγοροῦντος
1654 1494 1700 1521 τοῦ
1710 1496 1848 1530 Δημιουρ-

223 1539 338 1574 lentini,
368 1541 743 1577 Basilidiszquaudocnnque
773 1544 954 1578 obloquanlur
977 1546 1011 1573 de

223 1586 367 1614 Conditore
378 1587 439 1615 ωειὶ
452 1592 480 1615 et
492 1592 570 1615 terra:
579 1597 587 1620 ς
596 1589 812 1624 quandocumque
822 1591 913 1618 dicant
924 1593 1009 1627 ipsum

223 1640 278 1660 non
293 1633 422 1666 existere,
450 1642 501 1662 nec
515 1637 661 1663 essentiam
675 1637 843 1671 spiritualent
860 1639 970 1671 habere,
981 1644 1009 1666 ut

223 1678 268 1706 isti
284 1678 396 1712 dicunt;
415 1680 519 1708 videbis
532 1689 565 1708 ex
591 1689 638 1709 ore
656 1682 750 1710 talium
769 1685 918 1719 procedere
942 1685 1009 1712 lam-

222 1725 306 1759 pades
321 1726 457 1759 ardentes,
469 1731 497 1754 et
519 1727 638 1755 evibrari
664 1728 740 1757 focos
758 1729 840 1765 ignis.
862 1730 1008 1766 Propterea

223 1780 273 1801 nos
297 1774 415 1801 scientes
431 1774 499 1806 inec,
516 1775 701 1803 custodiamus
725 1784 775 1804 nos
798 1777 882 1812 ipsos,
897 1785 930 1805 ne
956 1786 1006 1804 un-

221 1826 304 1852 quam
329 1819 466 1854 lampades
487 1819 540 1848 illte
557 1828 606 1849 nos
621 1826 748 1856 exuram,
768 1830 803 1850 ne
818 1831 937 1858 unquam
954 1824 1008 1852 ioci

219 1863 293 1899 ignis
303 1871 353 1892 nos
368 1866 514 1900 attingant.

327 1991 361 2018 ν.
379 1992 421 2019 i3.
438 1991 473 2020 In
486 1993 556 2020 τοίίο
578 1999 664 2021 amem
680 1994 736 2028 ejus
754 1995 822 2030 degit
835 1997 883 2024 vis.

256 2066 306 2095 Eat
320 2069 441 2103 quaedam
454 2069 497 2097 vis
512 2070 593 2097 mala.
603 2071 637 2098 At
648 2071 792 2101 inﬁrmitas
807 2081 886 2108 quam
902 2083 1006 2104 assum-

221 2112 277 2147 psit
290 2118 400 2148 propter
414 2121 456 2141 me
464 2114 588 2142 Salvator
599 2123 674 2144 meus
686 2122 714 2144 et
732 2117 873 2151 Dominus,
894 2127 954 2154 quis
965 2121 1006 2148 di-

1061 1539 1120 1573 γοῦ,
1145 1539 1210 1575 φέρε
1221 1540 1319 1572 εἰπεῖν,
1336 1540 1532 1576 πρεσϐεύοντος
1546 1541 1581 1567 τὰ
1594 1540 1766 1576 Μαρκίωνος,
1779 1549 1848 1576 πρε-

1060 1585 1200 1617 σϐεύοντος
1223 1584 1258 1611 τὰ
1274 1585 1460 1618 οὖαλεντίνου,
1485 1586 1533 1613 καὶ
1554 1586 1589 1613 τὰ
1609 1586 1778 1613 Βασιλείδου·
1804 1586 1847 1614 ὅτ’

1059 1629 1092 1656 ἂν
1119 1629 1211 1660 κακῶς
1237 1629 1352 1664 λέγωσιν
1375 1630 1420 1657 τὸν
1446 1631 1563 1666 Ποιητὴν
1578 1630 1692 1666 οὐρανοῦ
1712 1632 1761 1657 καὶ
1782 1631 1846 1666 γῆς,

1058 1675 1096 1702 ὅτ’
1113 1674 1145 1701 ἂν
1170 1674 1285 1709 λέγωσιν
1300 1674 1380 1702 αὑτὸν
1398 1675 1436 1711 μὴ
1458 1674 1536 1708 εἶναι,
1563 1676 1633 1712 ,μηδὲ
1656 1677 1846 1712 πνευματικῆς

1057 1720 1162 1753 οὐσίας,
1185 1721 1265 1748 ὁποῖά
1282 1729 1364 1755 φασιν
1377 1719 1465 1749 οὗτοι·
1491 1722 1554 1758 ὄψῃ,
1578 1723 1610 1749 ὲκ
1632 1723 1765 1754 στόματος
1791 1723 1846 1749 τῶν

1056 1766 1184 1793 τοιούτων
1199 1766 1354 1801 ἐξέρχονται
1373 1767 1512 1803 λαμπάδες
1526 1767 1677 1803 καιόμεναι,
1698 1768 1745 1794 καὶ
1756 1768 1846 1804 διαρι-

1057 1811 1187 1838 πτοῦνται
1208 1811 1322 1847 ἐσχάραι
1338 1813 1432 1848 πυρός.
1457 1813 1507 1840 Διὰ
1528 1813 1606 1840 τοῦτο
1620 1814 1709 1849 ἡμεῖς,
1730 1813 1845 1847 ειδότες,

1056 1857 1183 1893 τηρῶμεν
1214 1857 1338 1889 ἑαυτοὺς,
1370 1858 1475 1893 μήποτε
1505 1859 1607 1886 ἐκεῖναι
1639 1859 1666 1885 αἱ
1702 1859 1845 1894 λαμπάδες

1056 1902 1131 1937 ἡμᾶς
1153 1900 1286 1933 καύσωσι,
1306 1901 1411 1936 μήποτε
1425 1903 1455 1929 αι
1472 1903 1585 1938 ἐσχάραι
1600 1902 1647 1929 τοῦ
1662 1903 1747 1938 πυρὸς
1762 1903 1844 1939 ἡμῶν

1065 1947 1188 1974 ἰώωνται.

1065 1948 1088 1961 ἰ

1218 1993 1268 2020 Ἑν
1291 1991 1326 2019 δὲ
1343 1990 1482 2025 τραχήλῳ
1499 1989 1593 2017 αὐτοῦ
1614 1989 1763 2020 αὐλίζεται
1789 1991 1844 2018 δύ·

1396 2034 1492 2060 ναμις.

1092 2073 1170 2099 Ἐστι
1190 2080 1232 2104 τις
1257 2071 1372 2106 δύναμις
1394 2069 1508 2106 πονηρά.
1529 2068 1630 2104 Ἀλλ’ή
1655 2069 1793 2102 ἀσθένεια,
1809 2070 1842 2106 ἢν

1056 2117 1168 2146 ἀνέλαϐε
1184 2117 1217 2143 δι’
1236 2117 1286 2152 ἐμὲ
1297 2116 1413 2152 ὸΣωτήρ
1435 2124 1485 2151 μου
1502 2115 1549 2142 καὶ
1559 2115 1670 2150 Κύριος,
1688 2115 1749 2150 ἦπις
1765 2115 1843 2151 λέγε-

217 2158 294 2186 .citur
319 2158 462 2187 inﬁrmitas
488 2160 546 2194 Dei,
574 2164 712 2196 superavit
735 2164 788 2191 vim
819 2165 901 2192 illius.
926 2167 1004 2201 I'nﬁr-

1065 2173 1099 2191 rat
1112 2163 1238 2190 ἀσθένεια
1249 2162 1327 2193 Θεοῦ,
1345 2162 1469 2198 ἐνίκησεν
1486 2161 1589 2188 ἐκείνου
1601 2161 1650 2196 τὴν
1660 2161 1785 2196 δύναμιν.
1804 2163 1842 2190 Τὸ

219 2213 292 2232 suum
305 2206 376 2233 enim
391 2206 447 2239 Dei,
463 2207 550 2243 inquit
560 2209 668 2243 quidem
680 2210 823 2244 Apostolus
835 2232 841 2243 ,
857 2213 951 2247 fortius
967 2219 1006 2242 est

217 2251 368 2279 hominibus
383 2252 390 2267 ‘
411 2261 418 2279 :
436 2260 486 2288 ego
504 2254 586 2281 etiam
595 2255 707 2282 dixerim
719 2256 814 2284 fortius
824 2258 848 2285 vi
865 2259 1005 2287 draconis.

258 2329 289 2357 V.
305 2330 348 2358 M.
362 2331 459 2359 Carnes
475 2338 562 2361 autem
584 2335 700 2368 corporis
719 2336 776 2371 ejus
794 2337 969 2366 adita-serunt.

256 2376 366 2404 Poterat
379 2378 479 2413 dicere,
487 2379 590 2408 Carnes
600 2386 689 2409 autem
700 2383 823 2418 corporis
834 2383 914 2410 unitze
927 2389 1004 2410 sunt:

220 2430 249 2451 at
267 2425 319 2452 hoc
334 2433 386 2453 non
398 2426 477 2454 dixit.
492 2427 549 2454 Non
562 2428 632 2454 enim
646 2430 727 2457 unita
736 2436 817 2464 sunt;
834 2439 886 2458 non
902 2431 937 2458 ita
951 2437 1000 2460 est.

222 2470 310 2498 Unum
328 2472 397 2506 apud
414 2472 486 2500 illum
509 2474 590 2501 multa
609 2480 682 2507 sunt,
699 2477 740 2503 vel
755 2485 836 2504 unum
851 2483 926 2509 sunt,
943 2486 1003 2513 qua:

220 2516 346 2544 videntur
361 2518 525 2552 adhaesisse;
541 2525 681 2554 propterea
706 2523 777 2556 quod
797 2523 863 2550 dicit
885 2524 1002 2551 adhaese-

219 2569 293 2595 runt,
311 2571 363 2590 non
383 2565 462 2592 unin
474 2570 544 2592 sunt.

220 2605 252 2635 ν.
267 2608 309 2635 15.
328 2608 381 2636 Cor
394 2609 450 2644 ejus
463 2612 589 2638 concrevit
606 2618 633 2638 ut
649 2613 716 2646 lapis
730 2622 739 2641 :
755 2614 822 2641 stetit
838 2620 923 2642 autem
933 2616 1000 2643 sicut

498 2646 571 2673 incus
582 2647 719 2676 indomita.

254 2688 312 2716 Non
329 2692 513 2726 exercitatus,
537 2702 588 2721 non
605 2694 758 2730 obsequens
771 2697 865 2728 verbo,
886 2697 996 2732 proprie

1057 2210 1112 2246 γὰρ
1132 2208 1259 2242 ἀσθενὲς
1283 2207 1336 2235 τοῦ
1365 2207 1451 2240 Θεοῦ,
1466 2207 1479 2234 ὁ
1506 2210 1554 2242 μὲν
1580 2206 1738 2238 ’Λπόστολος
1754 2207 1840 2242 λέγει,

1057 2254 1252 2289 ἰσχυρότερον
1272 2253 1331 2280 τῶν
1348 2253 1525 2286 ἀνθρώπων·
1553 2252 1608 2286 ἐγὼ
1630 2252 1659 2279 δὲ
1679 2252 1713 2279 ἂν
1735 2254 1842 2288 εἴποιμι

1058 2299 1229 2334 ἰσχυρότερον
1243 2298 1292 2334 τῆς
1304 2297 1444 2333 δυνάμεως
1454 2297 1500 2323 τοῦ
1516 2297 1668 2332 δράκοντος.

1057 2343 1130 2378 Στίχ.
1147 2343 1186 2370 ιδ’.
1199 2343 1311 2377 Σάρκες
1324 2342 1358 2369 δὲ
1370 2342 1506 2376 σώματος
1517 2341 1609 2368 αὑτοῦ
1627 2342 1839 2376 κεκόλληνται.

1100 2389 1224 2416 Ἐδύνατο
1236 2389 1374 2424 εἰρηκέναι
1385 2397 1391 2403 ·
1413 2388 1516 2423 Σάρκες
1529 2387 1557 2414 δὲ
1573 2387 1697 2422 σώματος
1710 2389 1839 2423 ήνωνται.

1064 2434 1091 2461 '0
1104 2435 1131 2460 δὲ
1148 2435 1198 2462 οὐκ
1220 2433 1312 2461 εἶπεν
1337 2435 1367 2461 οὺ
1391 2434 1444 2469 γάρ
1458 2435 1592 2469 ἧνωνται·
1610 2434 1660 2460 οὐκ
1677 2434 1746 2462 ἐστι,
1760 2435 1798 2461 Τὸ
1811 2435 1841 2462 ἐν

1056 2481 1120 2516 παρ’
1135 2482 1230 2517 ἐκείνῳ
1240 2481 1326 2508 πολλά
1339 2482 1412 2507 ἐστιν
1422 2489 1429 2496 ”
1444 2481 1460 2516 ἢ
1472 2481 1500 2507 ἓν
1507 2480 1636 2508 δοκοῦντα
1646 2481 1837 2517 κεκολλῆσθαι,

1054 2525 1096 2553 διὰ
1111 2527 1158 2554 τοῦ
1174 2527 1297 2562 λέγοντος
1311 2528 1518 2560 κεχόλληνται,
1533 2527 1581 2562 οὐχ
1599 2527 1737 2562 ῆνωνται.

1053 2619 1127 2654 Στίχ.
1151 2623 1191 2645 ιε’.
1211 2619 1242 2645 Ἠ
1267 2618 1375 2654 καρδιά
1391 2619 1484 2654 αὑτοῦ
1510 2618 1642 2653 πέπηγεν
1672 2620 1712 2652 ὡς
1741 2620 1835 2654 λίθος,

1157 2653 1267 2687 ἕστηκε
1284 2653 1318 2680 δὲ
1331 2653 1431 2687 ὥσπερ
1451 2653 1553 2687 ἄκμων
1567 2653 1729 2688 ἀνήλατος.

1084 2699 1143 2725 Οὐκ
1152 2699 1338 2734 ἐλαυνόμενος,
1348 2699 1398 2725 οὺχ
1411 2698 1562 2726 ἀκολουθῶν
1570 2699 1654 2736 λόγῳ,
1669 2701 1764 2728 οἰκεῖοι
1779 2700 1834 2738 (ιτ)

252 2763 354 2791 "Psal.
375 2773 415 2799 tn,
426 2766 454 2793 8.
491 2767 514 2783 "
529 2766 596 2796 Psal.
618 2776 687 2804 un,
699 2770 725 2797 7.
765 2771 787 2788 θ’
801 2771 932 2806 »Deut._t't,
958 2770 1000 2799 l5.

1065 2770 1072 2797 Ι
1087 2769 1152 2798 Cor.
1165 2778 1184 2803 ι,
1197 2769 1240 2797 25.

255 2821 310 2858 (ιϐ)
325 2823 429 2861 Confer,
437 2824 518 2853 edita.

1088 2826 1112 2862 (4
1118 2826 1142 2862 7)
1157 2827 1197 2854 An
1212 2826 1338 2859 οἱκείωςῗ
