1918 3069
109 88 159 116 109

709 97 891 128 EXCERPTA
909 100 943 127 ΙΝ
962 99 1134 129 PSALMOS.

1697 110 1749 140 “0

119 148 234 177 Ἐχεῗδὲ
248 149 279 178 ὲν
293 151 330 188 τῇ
355 153 493 191 μελλούσῃ
501 153 671 191 ’συστήσεται
691 159 782 194 γενεᾷ,
801 159 864 195 περὶ
877 158 880 176 λ

945 185 948 192 _
965 163 1030 192 tem,
1046 159 1072 186 in
1087 159 1176 187 futura
1196 161 1327 190 consistet
1346 163 1534 198 generatione,
1551 165 1584 194 de
1598 174 1650 202 qua
1663 168 1744 196 etiam

127 196 219 231 πάγει.

436 244 519 271 ΨΑΛ.
542 244 592 272 IE'.

232 285 311 323 ’Στίχ-
331 287 367 315 α’.
384 291 594 324 Στηλογραφία
609 290 655 326 ςτῷ
681 291 783 318 Δαϐίδ.

151 333 206 364 τοῦ
216 334 308 361 Δαϐὶδ
318 335 479 371 ἐπέγραψαν
490 337 514 362 οἱ
527 336 631 363 λοιποί·
642 334 867 373 στηλοῆιοαςρίαν
881 339 909 366 δὲ

108 382 212 417 ὁμοίως
226 383 375 416 ἐξέδωκαν,
391 384 432 420 τῷ
451 385 587 421 περιέχειν
608 386 777 422 προφητείαν
796 387 908 415 αἰωνίου

108 429 224 464 μνήμης
243 429 333 462 ἀξίαν.
352 430 458 466 Ὥσπερ
474 431 529 467 γὰρ
545 432 570 458 οι
595 432 718 467 μέγιστοι
735 432 789 460 τῶν
806 434 908 468 ἀγωνι-

105 474 231 509 ζομένων
247 475 277 500 ὲν
293 475 409 508 σταδίοις
425 476 539 512 ἀθληταὶ
561 477 679 511 στήλης
691 477 837 511 ἀξιοῦνται,
860 479 907 506 καὶ

103 521 161 547 τῶν
177 521 209 547 ἐν
223 521 353 557 πολέμοις
369 523 593 559 κατωρθωμένων
605 524 645 556 εἰς
658 524 708 559 τὴν
732 525 802 560 μετὰ
819 525 906 552 ταῦτα

104 567 222 602 μνήμην
238 567 346 595 ἵσταται
359 569 489 604 τρόπαια”
504 569 574 596 οὕτω
584 569 614 597 τὺ
628 571 698 606 μέγα
714 571 846 606 τρόπαιον
857 571 904 599 τοῦ

101 613 247 648 Σωτῆρος,
266 613 334 650 ὅπερ
343 614 438 650 ἦγειρε
453 615 574 642 καθελὼν
590 615 636 643 τὸν
649 617 680 643 τὺ
695 617 794 652 κράτος
809 617 905 653 ἔχοντα

101 657 151 684 τοῦ
170 657 302 690 θανάτου,
326 659 450 694 Γραφαίς
465 659 568 687 ἄνωθεν
583 660 779 695 ἐστηλιτεύθη
798 669 904 697 προφη-

100 705 206 735 τικαίς.
229 704 276 730 Διὸ
292 704 338 731 καὶ
361 705 474 740 Πέτρος,
483 704 536 731 τῶν
553 705 581 732 ἐν
601 705 677 740 αὐτῷ
700 705 901 742 μνημονεύσας,

100 750 249 785 ὲήγαγεν
261 758 269 764 ·
286 759 296 775 ι
316 750 427 786 Ἀνδρες
440 750 559 786 ἀδελφοὶ,
572 750 632 783 ἐξὸν
646 751 731 778 εἰπεῖν
747 751 816 788 μετὰ
832 753 902 788 παῤ-

962 209 1056 240 postea
1069 205 1200 240 loquitur.

1260 253 1357 282 PSAL.
1380 255 1439 284 XV.

1151 297 1182 323 V.
1206 298 1229 326 Ι.
1252 299 1438 335 Stelographia
1451 301 1556 330 Doridi.

997 342 1102 378 Reliqui
1118 343 1316 379 inscripserunt
1331 347 1451 380 Dauidis,
1465 349 1558 376 itidem
1572 357 1636 377 vero
1651 355 1744 378 trans-

961 389 1080 416 tulerunt
1097 391 1320 425 stelograp/tiam,
1336 400 1368 420 eo
1386 395 1457 428 quod
1473 396 1613 423 contineat
1627 397 1745 430 prophe-

959 435 1022 461 tiam
1033 439 1134 463 aeterna
1147 437 1277 464 memoria
1292 438 1410 472 dignam.
1424 439 1656 473 Quemadmodum
1670 443 1743 470 enim

956 481 1054 508 sumini
1085 481 1131 516 qui
1157 481 1183 508 in
1204 481 1301 510 stadiis
1321 487 1499 511 certaverunt
1525 486 1646 519 athletze,
1668 487 1743 520 stele,

957 533 1003 552 seu
1020 526 1145 554 columna
1161 527 1319 563 dignantur,
1334 533 1364 556 et
1379 535 1473 557 eorum
1487 530 1533 566 qui
1550 531 1576 558 in
1594 531 1670 559 bellis
1686 532 1742 560 for-

958 572 1020 599 titer
1040 572 1209 608 feliciterque
1235 580 1436 609 pugnaverunt,
1460 577 1494 604 ad
1519 578 1558 605 rei
1583 579 1741 606 memoriam

956 621 1058 652 tropaea
1073 618 1233 654 eriguntur:
1247 620 1318 647 haud
1338 620 1421 647 aliter
1443 628 1570 656 magnum
1591 622 1742 651 Salvatoris

956 667 1098 697 tropzzum,
1120 665 1192 698 quod
1208 666 1307 697 erexit,
1324 664 1468 700 proﬂigato
1484 673 1517 694 eo
1532 667 1578 702 qui
1599 668 1740 702 imperium

953 709 1072 737 habebat
1092 710 1199 744 mortis,
1220 711 1371 746 Scripturis
1397 716 1437 738 tot
1455 716 1520 740 ante
1540 713 1639 740 srecula
1662 713 1739 748 quasi

953 754 1042 781 stetai:
1078 754 1248 782 nobilitatum
1271 761 1313 783 est
1341 757 1519 791 propheticis.
1551 758 1739 792 Quamobrem

99 797 204 831 ρησίας
221 796 291 831 πρὸς
307 797 379 832 ὑμᾶς
402 797 466 832 περὶ
488 797 535 824 τοῦ
558 798 728 834 πατριάρχου
752 797 844 830 Δαϐὶδ,
859 798 880 824 6-

952 800 1034 828 etiam
1052 799 1247 831 Petrus,facta
1271 803 1411 831 mentione
1438 812 1533 832 eorum
1554 813 1615 840 quae
1633 805 1659 833 in
1681 805 1740 840 ipso
1796 842 1800 843 ν

98 843 148 869 καὶ
160 843 324 878 ἐτελεύτησε
339 843 386 869 καὶ
398 843 496 878 ἐτάφη,
513 844 560 870 καὶ
577 843 606 870 τὸ
622 843 716 879 μνῆμα
731 843 813 870 αὐτοῦ
826 843 880 870 ἐστι

952 845 1135 879 continentur,
1151 845 1273 880 adjunin
1289 856 1297 875 :
1314 856 1323 872 ι
1340 848 1394 875 Viri
1415 849 1523 880 fratres,
1537 838 1578 877 tas
1593 854 1634 878 est
1650 838 1740 879 dicere

97 890 127 915 ἐν
150 890 220 924 ἡμῖν
247 888 311 924 ἄχρι
341 888 393 924 τῆς
419 889 526 925 ἡμέρας
546 889 658 924 ταύτης.
687 890 833 926 Προφήτης
852 887 880 917 οὗ

954 896 1015 918 cum
1032 891 1156 919 libertate
1177 893 1246 927 apud
1265 900 1313 921 vos
1330 894 1362 921 de
1382 894 1537 929 patriarcha
1561 894 1655 928 David,
1667 896 1739 930 quod

96 936 247 971 ὑπάρχων,
263 936 309 962 καὶ
328 935 416 968 εἰδὼς,
433 936 474 962 ὅτι
490 936 564 972 ὅρκῳ
577 934 685 971 ὤμοσεν
701 935 775 971 αὐτῷ
790 936 804 961 ὁ
820 935 880 968 Θεὸς

952 941 980 964 et
1001 942 1124 965 mortuus
1143 943 1186 965 est
1207 943 1233 965 et
1251 939 1385 973 sepultus,
1399 944 1426 967 et
1440 945 1645 968 monumentum
1666 942 1739 969 illius

97 982 132 1008 ἐκ
145 981 257 1018 καρποῦ
271 981 321 1017 τῆς
332 981 432 1016 ὀσφύος
448 981 528 1008 αὐτοῦ
547 981 576 1008 τὸ
592 981 662 1008 κατὰ
677 981 766 1016 σάρκα
781 981 880 1017 ἀναστῇ

951 988 1042 1011 exstat
1059 984 1131 1012 inter
1156 992 1206 1012 nos
1227 992 1314 1020 usque
1337 985 1363 1012 in
1383 991 1542 1020 praesentem
1569 986 1652 1014 diem.
1668 987 1737 1015 Cum

95 1037 157 1056 σειν
187 1028 234 1056 τὸν
259 1027 378 1064 Χριστὸν
402 1027 512 1054 καθίσαι
535 1027 581 1054 ἐπὶ
610 1027 655 1054 τὸν
679 1026 775 1062 θρόνον
795 1026 878 1054 αὐτοῦ

951 1029 1037 1064 igitur
1055 1030 1187 1064 propheta
1206 1036 1289 1063 esset,
1312 1030 1449 1065 sciretque
1471 1032 1542 1066 quod
1559 1030 1736 1066 jurejurando

94 1075 220 1111 προϊδὼν
242 1075 269 1102 δὲ
287 1073 403 1110 ἐλάλησε
418 1074 481 1109 περὶ
499 1074 550 1109 τῆς
576 1073 748 1106 ἀναστάσεως
767 1073 814 1100 τοῦ
828 1073 880 1109 Χρι

946 1074 1088 1108 juraverat
1104 1075 1129 1102 ei
1150 1076 1233 1108 Deus,
1253 1083 1287 1103 ex
1306 1076 1396 1103 fructu
1410 1076 1493 1103 lumbi
1507 1075 1566 1110 ejus
1587 1077 1736 1105 secundum

96 1121 175 1153 στοῦ,
194 1121 237 1147 ἂτι
259 1119 320 1147 οὔτε
341 1119 537 1155 ἐγκατελείφθη
561 1120 600 1151 είς
621 1119 699 1155 ᾅδην,
716 1119 778 1147 οὔτε
794 1120 811 1155 ἡ
826 1118 878 1155 σὰρ

948 1127 1058 1146 carnem
1080 1125 1268 1148 surrecturum
1288 1120 1437 1152 Christum.
1451 1121 1496 1155 qui
1524 1122 1632 1149 sederet
1654 1129 1736 1157 super

93 1165 182 1193 αὑτοῦ
197 1164 253 1192 εἶδε
265 1165 424 1201 διαφθοράν.
440 1164 540 1191 Τοῦτον
555 1164 600 1191 τὸν
622 1164 726 1200 Ἰησοῦν
743 1164 880 1200 ἀνέστησε

947 1165 1045 1192 throno
1064 1165 1135 1193 illius
1152 1175 1159 1194 :
1174 1166 1324 1201 praevidens
1346 1169 1436 1193 autem
1457 1165 1563 1193 locutus
1587 1172 1629 1194 est
1645 1166 1679 1194 de
1693 1173 1736 1195 re-

96 1212 110 1238 ὸ
125 1212 204 1245 Θεὸς,
216 1208 248 1239 οὗ
261 1211 362 1243 πάντες
380 1212 460 1247 ἡμεῖς
473 1211 556 1246 ἐσμεν
569 1211 715 1246 μάρτυρες.
731 1220 740 1236 ι

946 1211 1117 1239 snrrectione
1133 1210 1246 1245 Christi,
1264 1211 1328 1246 quia
1359 1217 1448 1245 neque
1475 1211 1621 1238 derelictus
1640 1215 1682 1238 est
1706 1211 1733 1238 in

95 1257 216 1290 inferno,
231 1265 322 1294 neque
338 1265 405 1286 caro
424 1256 484 1292 ejus
513 1257 583 1284 vidit
602 1257 818 1292 corruptionem.
841 1256 920 1285 llnnc
943 1255 1035 1284 Iesum
1065 1257 1239 1286 resuscitavit
1261 1258 1341 1290 Deus,
1362 1257 1439 1292 cujus
1458 1264 1553 1285 omnes
1575 1264 1624 1285 nos
1641 1264 1736 1286 sumus

93 1308 181 1332 testes
191 1304 225 1331 ".
241 1313 252 1331 ›

414 1352 499 1379 ΨΑΛ.
520 1353 580 1386 ις’.

93 1398 170 1434 Στίχ.
181 1398 214 1425 δ’.
239 1399 291 1431 Διὰ
312 1399 384 1432 τοὺς
402 1400 514 1434 λόγους
532 1399 591 1426 τῶν
606 1399 731 1434 χειλέων
750 1406 819 1431 σου,
833 1398 890 1433 ἐγὼ

287 1435 425 1469 ἐφύλαξα
444 1435 534 1468 ὁδοὺς
547 1434 695 1469 σκληράς.

133 1479 337 1515 ’Υπογραμμὺν
352 1482 419 1516 ἡμῖν
433 1481 481 1507 καὶ
497 1480 541 1506 διὰ
561 1479 663 1507 τούτων
678 1479 786 1506 δίδωσιν
802 1480 816 1506 ὁ
831 1479 888 1506 Σω-

91 1525 154 1561 τὴρ,
171 1525 210 1561 μὴ
225 1528 333 1561 φρονεῖν
341 1527 383 1560 ἐφ’
398 1527 503 1558 ἑαυτοῖς
519 1526 656 1561 δεομένοις
668 1526 717 1561 τῆς
730 1525 807 1561 παρὰ
821 1525 888 1552 Θεοῦ

93 1571 230 1607 βοηθείας.
239 1572 334 1607 Τρίϐοι
350 1571 379 1598 δὲ
391 1571 493 1607 Κυρίου
505 1571 559 1597 τῶν
577 1571 690 1597 ἐντολῶν
703 1571 731 1597 αἱ
741 1570 872 1606 τηρήσεις
881 1578 888 1585 ·

94 1618 195 1653 μᾶλλον
209 1618 237 1644 δὲ
252 1618 280 1644 αἱ
295 1618 357 1645 κατ’
369 1617 469 1654 ἀρετὴν
485 1616 741 1653 ἐνέργειαι,ὸμαλαὶ
758 1616 806 1643 καὶ
818 1616 888 1643 λεῖαι

93 1665 239 1700 δειχθεῖσαι
255 1665 288 1691 ἐκ
312 1663 358 1690 τοῦ
373 1663 492 1699 συνεχῶς
508 1663 652 1690 πατεῖσθαι
669 1663 737 1698 πρὸς
752 1663 806 1690 τῶν
823 1663 889 1697 φθά-

95 1717 138 1736 σαι
163 1709 336 1736 σπευδόντων
352 1709 399 1736 ἐπὶ
410 1709 440 1735 τὸ
459 1709 534 1741 τέλος
560 1708 661 1741 αὐτῶν,
680 1708 748 1744 ὅπερ
773 1708 846 1735 ἐστὶν
870 1708 887 1743 ἡ

95 1756 276 1791 μακαριότης,
300 1755 348 1782 καὶ
364 1755 418 1782 τῶν
435 1754 604 1789 ἐπαγγελιῶν
625 1756 642 1790 ἡ
660 1754 798 1786 ἀπόδοσις.
815 1753 888 1789 Δρά-

96 1810 188 1836 μωμεν
205 1801 297 1828 τοίνυν
309 1802 369 1827 κατ’
384 1800 493 1833 αὐτοὺς,
505 1801 536 1827 οὐ
551 1800 743 1835 σφαλλομένων
757 1799 811 1825 τῶν
828 1799 886 1825 δια-

93 1847 222 1883 δημάτων
235 1847 326 1883 ἡμῶν,
341 1848 364 1874 εἰ
376 1847 478 1882 Κύριος
493 1846 563 1873 αὐτὰ
574 1845 763 1882 καταρτίσειεν
780 1846 809 1871 ἐν
823 1845 885 1877 ταῖς

92 1893 195 1928 τρίδοις
212 1893 307 1920 αὐτοῦ.
322 1893 431 1928 Ταύτης
442 1894 491 1929 τῆς
506 1895 640 1929 αἰτήσεως
652 1894 666 1919 ὁ
679 1892 766 1928 τυχών
784 1900 883 1928 φησιν’

95 1939 177 1965 Ἀνευ
194 1939 323 1974 ἀνομίας
342 1939 472 1974 ἔδραμον
491 1939 541 1966 καὶ
563 1939 752 1973 κατηύθυνα·
769 1939 817 1965 καὶ
838 1937 891 1975 τδ,,

99 1985 184 2011 Ὀδὸν
202 1984 336 2012 ἐντολῶν
349 1992 406 2012 σου
419 1984 561 2021 ἔδραμον,
584 1985 633 2012 ὅτε
657 1984 695 2012 ἂν
709 1983 883 2018 ὲκλάτυνας

94 2029 147 2064 τὴν
160 2030 291 2064 καρδίαν
305 2039 376 2064 μου.

226 2079 248 2101 ι
409 2079 493 2106 ΨΑΛ.
513 2078 561 2106 lz'.

92 2125 160 2161 Στίχ.
176 2128 215 2158 ς’.
238 2125 350 2161 Ὠδῖνες
367 2124 442 2158 ᾅδου
462 2123 708 2161 περιεκύκλσᾳάν
737 2131 790 2158 με’
810 2129 881 2157 προ-

244 2160 383 2195 έφθασάν
398 2168 436 2194 με
454 2160 576 2194 πατίδες
586 2159 726 2187 θανάτου.
812 2203 820 2208 Α
847 2203 852 2208 ἠ
895 2181 918 2208 D

125 2207 256 2242 ’Ᾱρμόσει
270 2206 299 2233 δὲ
311 2205 397 2233 ταῦτα
414 2207 460 2232 καὶ
476 2205 515 2241 τῷ
531 2205 649 2241 Σωτῆρι,
664 2205 760 2240 ἔχοντα
777 2203 877 2239 πολλὴν

91 2251 240 2286 οίκειὰτητα
255 2250 323 2286 πρὸς
338 2250 378 2282 τὸ,
394 2250 458 2277 Νῦν
475 2250 495 2284 ἠ
511 2249 597 2284 ψυχή
615 2258 675 2284 μου
685 2249 874 2283 τετάρακται”

92 2297 141 2327 καὶ,
158 2297 329 2330 Περίλυπός
339 2295 424 2324 ἐστιν
437 2297 456 2330 ἠ
477 2296 562 2330 ψυχή
578 2305 638 2330 μου
651 2296 706 2329 ἕως
729 2295 857 2322 θανάτου
868 2315 875 2322 .

91 2343 157 2382 Eri/‘5
170 2341 211 2382 ηςἱ
223 2342 278 2382 Καὶ
293 2342 467 2382 ἡὲᾳαλεῷθη,
485 2343 537 2382 atat
548 2342 691 2382 ἐντρομρς
712 2341 839 2382 ἐγενήθη
855 2342 875 2376 ἠ

121 2376 168 2412 γῆ.
185 2376 242 2404 Καὶ
269 2377 306 2404 τὰ
324 2377 445 2412 θεμέλια
461 2377 521 2404 τῶν
544 2377 636 2411 ὀρέων
653 2376 874 2412 ἐταράχθησαν,

119 2411 167 2440 και
183 2411 407 2446 ἐσαλεύθησίαν,
428 2412 473 2439 ὅτι
486 2412 616 2447 ὼργίὸνθη
632 2411 734 2444 αὐτοῖς
752 2413 768 2438 ό
791 2411 872 2444 Θεός.

120 2459 264 2495 Προδήλως
276 2459 396 2486 δείκνυσι
413 2459 459 2485 τοῦ
473 2458 541 2485 Θεοῦ
559 2459 608 2494 τὴν
625 2457 775 2484 κατάϐασιν
789 2457 832 2483 διὰ
840 2456 873 2483 τὰ

91 2505 281 2541 προειρημένα,
298 2505 345 2531 τόν
369 2513 398 2532 τε
420 2503 532 2531 θάνατον
556 2504 603 2531 καὶ
627 2503 676 2536 τὰς
700 2503 797 2534 ὠδῖνας
825 2502 873 2529 τοῦ

89 2551 154 2586 ᾅδου.
174 2550 220 2582 Ἐξ
232 2547 263 2576 οὗ
276 2550 305 2576 δὲ
318 2550 499 2582 καταϐάντος,
514 2549 585 2576 κατὰ
602 2549 649 2577 τὸν
669 2549 796 2581 Ἀκύλαν,
810 2549 871 2576 ἐκι-

89 2597 160 2630 νήθη
177 2596 227 2622 καὶ
244 2596 371 2629 ἐσείσθη
388 2596 405 2629 ἡ
422 2594 469 2630 γῆ.
483 2596 562 2622 nam
573 2595 627 2630 γὰρ
644 2595 713 2630 ἀκοὴ
730 2593 873 2630 Ἑλληνικὴ

89 2643 129 2669 καὶ
142 2642 276 2679 βάρϐαρος
289 2641 443 2677 ἐπληροῦτο
455 2642 503 2677 τῆς
516 2642 580 2677 περὶ
592 2640 674 2667 αὑτοῦ
689 2641 791 2675 φήμης.
807 2639 874 2674 Γῆν

90 2688 134 2723 γὰρ
157 2688 206 2724 ἔφη
235 2688 301 2719 τοὺς
334 2687 382 2714 ἐπὶ
409 2687 470 2722 γῆς.
488 2686 594 2721 Ὀρέων
615 2686 654 2717 δὲ,
678 2686 733 2712 τῶν
754 2686 873 2711 ἀντικει-

91 2733 164 2767 μένων
178 2734 322 2771 δυνάμεων
333 2741 340 2748 ·
359 2732 388 2759 αἳ
400 2733 434 2767 τῇ
451 2732 538 2767 πλάνῃ
554 2732 609 2759 τῶν
620 2731 736 2759 εἰδώλων
748 2731 812 2762 τοὺς
826 2731 872 2757 ἁν-

1241 1349 1338 1378 PSAL.
1361 1349 1430 1378 XVI.

944 1398 977 1426 V.
997 1398 1023 1425 4.
1047 1397 1160 1433 Propter
1172 1406 1303 1425 sermones
1318 1398 1449 1424 [abiaram
1464 1402 1582 1430 tuorum,
1599 1406 1645 1433 ego
1658 1405 1729 1433 pra!-

1219 1435 1276 1460 cam'
1292 1434 1349 1460 vias
1364 1433 1456 1460 duras.

979 1479 1174 1506 Documentum
1193 1478 1270 1506 nobis
1286 1479 1369 1506 etiam
1384 1487 1433 1514 per
1454 1479 1511 1506 haec
1527 1480 1575 1506 dat
1592 1479 1730 1512 Salvator,

942 1530 970 1552 ut
989 1525 1013 1552 in
1029 1524 1108 1552 nobis
1121 1524 1171 1559 ipsi
1185 1532 1239 1552 non
1255 1525 1308 1552 alte
1319 1525 1469 1559 sapiamus,
1485 1525 1586 1560 quippe
1600 1525 1645 1561 qui
1657 1525 1730 1553 indi-

941 1579 1053 1606 geamus
1079 1572 1172 1600 divino
1202 1573 1315 1600 auxilio.
1338 1573 1394 1601 Vite
1417 1580 1499 1608 porro
1529 1573 1635 1601 Domini
1665 1578 1730 1602 sunt

941 1619 1129 1645 mandatorum
1155 1619 1359 1646 observationes
1376 1628 1383 1645 :
1399 1623 1480 1653 atque
1507 1620 1574 1646 adeo
1600 1620 1729 1647 virtuosai

939 1664 1110 1699 operationes
1121 1685 1128 1698 ,
1144 1672 1204 1699 qum
1224 1664 1310 1698 planae
1338 1671 1370 1692 ac
1384 1664 1464 1692 laevas
1483 1665 1631 1692 redduntur
1645 1673 1678 1692 ex
1693 1671 1727 1692 eo

939 1710 1011 1744 quod
1025 1709 1126 1745 jngiter
1139 1710 1279 1738 calcentur
1296 1711 1330 1738 ab
1350 1711 1383 1738 iis
1406 1711 1452 1745 qui
1470 1710 1602 1738 festinant
1619 1711 1726 1745 pertin-

938 1763 1002 1790 gere
1019 1756 1052 1782 ad
1072 1756 1153 1782 linem
1173 1763 1263 1788 suum.
1277 1763 1337 1790 quae
1353 1761 1396 1783 est
1412 1756 1560 1788 beatitudo,
1575 1761 1601 1784 et
1612 1756 1727 1791 promis-

938 1801 1044 1828 sionum
1071 1801 1217 1828 assecutio.
1238 1800 1389 1828 Curramus
1402 1801 1486 1836 igitur
1504 1809 1565 1829 enm
1592 1802 1657 1836 illis,
1672 1809 1726 1830 non

938 1846 1131 1874 oberrantibus
1144 1846 1284 1881 gressibus
1296 1847 1407 1878 nostris,
1421 1847 1444 1874 si
1468 1847 1576 1882 quidem
1596 1847 1726 1876 Dominus

936 1900 982 1919 eos
995 1892 1128 1927 aplaverit
1141 1892 1168 1919 in
1194 1892 1299 1920 semitis
1314 1892 1381 1920 suis.
1403 1893 1454 1926 Qui
1472 1893 1553 1928 hujus
1567 1893 1725 1928 postulatio-

935 1939 977 1966 nis
994 1939 1022 1965 tit
1038 1945 1159 1973 compos,
1175 1938 1242 1965 dicit
1261 1946 1267 1964 :
1284 1937 1348 1966 Sine
1371 1939 1509 1973 iniquitate
1525 1939 1632 1966 cucurri
1646 1944 1670 1966 et
1681 1939 1725 1966 di-

934 1985 992 2012 rexi
1003 1985 1035 2010 ”.
1056 1984 1178 2019 Itemque
1199 1984 1264 2011 illud
1282 1992 1289 2010 :
1307 1984 1380 2011 Viam
1404 1986 1592 2012 mandatorum
1615 1990 1722 2012 tuorum

934 2031 1051 2064 cucurri,
1064 2032 1273 2066 quandocunque
1289 2030 1408 2058 dilatasti
1425 2039 1471 2058 cor
1486 2038 1572 2058 meum
1582 2032 1614 2058 ιτ.

1221 2076 1319 2105 PSAL.
1345 2076 1428 2105 XVII.

932 2121 964 2150 V.
986 2122 1012 2149 6.
1032 2121 1140 2150 Dolores
1156 2123 1256 2158 inferni
1271 2123 1499 2160 circumdederunt
1515 2132 1554 2152 me
1566 2133 1575 2151 :
1588 2133 1720 2160 praeoccu-

1127 2163 1253 2192 paverunt
1267 2166 1306 2185 me
1317 2159 1402 2192 laquei
1420 2160 1523 2186 mortis.

967 2203 1125 2238 Congruent
1144 2205 1202 2231 haec
1222 2205 1306 2231 etiam
1321 2204 1469 2237 Salvatori,
1486 2212 1547 2232 cum
1573 2205 1718 2240 plurimum

932 2250 1097 2285 conveniant
1126 2257 1188 2278 cum
1223 2249 1276 2277 illis
1293 2259 1298 2276 :
1318 2249 1398 2277 Num:
1419 2251 1508 2277 anima
1535 2259 1592 2277 mea
1612 2252 1719 2279 turbata

932 2301 968 2323 est
982 2295 1014 2321 ³⁸.
1028 2296 1060 2323 Ει.
1073 2305 1080 2323 :
1097 2295 1191 2323 Tristis
1205 2301 1243 2323 est
1258 2297 1346 2323 anima
1364 2304 1420 2323 mea
1430 2298 1553 2331 usquead
1565 2303 1673 2324 mortem
1683 2299 1716 2326 ".

933 2342 966 2371 V.
987 2343 1014 2370 8.
1035 2342 1068 2369 Et
1081 2343 1182 2378 agitata
1194 2348 1242 2374 est,
1258 2347 1282 2369 et
1298 2347 1408 2368 tremens
1423 2343 1515 2377 eﬂecta
1529 2347 1566 2370 est
1582 2347 1664 2370 terra.
1683 2343 1717 2370 Et

965 2377 1138 2412 fundamenta
1158 2379 1287 2404 montium
1311 2377 1417 2404 turbata
1442 2383 1513 2409 sunt,
1538 2382 1563 2404 et
1587 2386 1717 2405 concussu

965 2417 1036 2443 sunt,
1054 2413 1116 2448 quia
1134 2413 1217 2439 iratus
1232 2417 1270 2439 est
1290 2413 1326 2439 eis
1339 2412 1420 2439 Deus.

963 2457 1106 2484 Manifeste
1121 2457 1240 2484 ostendit
1255 2457 1303 2484 Dei
1324 2457 1487 2484 descensum
1507 2465 1556 2492 per
1569 2457 1714 2492 praedicta;

928 2507 1042 2530 mortem
1062 2503 1138 2534 item,
1156 2507 1183 2529 et
1198 2502 1305 2530 dolores
1328 2501 1438 2531 inferni.
1463 2503 1501 2528 Ex
1526 2510 1579 2537 quo
1605 2503 1715 2530 descen-

927 2548 1017 2579 dente,
1042 2548 1189 2574 secundum
1207 2546 1348 2581 Aquilam,
1364 2552 1494 2574 commota
1510 2552 1547 2574 est
1569 2553 1592 2574 et
1606 2548 1713 2574 tremuit

929 2595 998 2618 terra
1010 2592 1043 2618 ὀ.
1061 2591 1156 2619 Omnis
1171 2593 1241 2619 enim
1262 2593 1372 2620 auditus
1395 2592 1507 2620 Graicus
1529 2599 1557 2620 et
1580 2593 1713 2620 barbarus

927 2638 1081 2672 replebatur
1093 2638 1163 2665 fama
1177 2638 1210 2665 de
1228 2639 1286 2667 illo.
1306 2639 1394 2667 Porro
1409 2643 1507 2665 terram
1531 2639 1649 2674 appellat
1666 2645 1713 2666 eos

926 2685 971 2719 qni
993 2688 1057 2711 sunt
1078 2684 1105 2711 in
1133 2689 1215 2712 terra.
1235 2685 1339 2713 Monte:
1367 2689 1431 2712 sunt
1457 2685 1577 2711 adversm
1592 2689 1713 2720 potesta-

926 2735 975 2764 tes,
996 2738 1056 2766 quae
1080 2738 1175 2759 errore
1197 2731 1331 2759 idolorum
1359 2731 1484 2758 homines
1519 2730 1710 2763 conﬁciebant,

115 2794 242 2830 "Act.H,
261 2794 311 2828 29,
327 2791 374 2820 52.
415 2793 436 2809 "
451 2792 522 2820 Psal.
540 2800 617 2827 LVIII,
634 2792 661 2819 5.
697 2792 717 2807 ¹⁷
733 2791 806 2819 Psal.
824 2797 919 2824 CXVIII,
930 2791 974 2820 '59.
1009 2792 1032 2808 ¹⁸
1047 2792 1186 2825 Joan.xII,
1197 2791 1243 2819 27.
1282 2791 1303 2807 ¹⁹
1319 2791 1413 2819 Matth.
1429 2798 1504 2820 xxvi.
1517 2790 1561 2818 38.
1600 2790 1623 2806 '°
1636 2789 1716 2826 P531,

30 2827 32 2830 ’
84 2838 137 2865 xm,
149 2831 176 2860 8.
