1918 3069
202 110 264 137 "ill
638 105 914 134 SUPPLEMENTUM
936 105 980 132 AD
999 105 1160 134 OlilGENlS
1177 105 1384 134 EXEGETICA.
1785 111 1836 139 ιη

216 174 315 196 erectae
332 171 426 194 contra
447 166 493 193 Del
512 165 707 200 cognitionem.
729 164 924 196 Fundamenta,
942 173 968 199 qt

1027 171 1039 198 ι
1053 164 1178 201 θρώπους
1188 165 1325 198 ἐνέμοντο,
1335 166 1384 200 τῆς
1393 165 1440 192 τοῦ
1452 165 1518 193 Θεοῦ
1530 167 1765 203 κατεπαιρόμεναι
1773 169 1840 202 γνὼ-

217 218 280 241 sunt
295 212 434 248 profundae
453 211 630 246 cogitationes
643 231 650 243 ,
672 213 734 238 dum
758 212 879 238 sentiunt
894 211 969 238 Domi

1050 219 1128 242 σεως.
1144 211 1180 238 Τὰ
1192 209 1320 246 θεμέλια,
1337 212 1383 238 καὶ
1396 213 1421 238 οἰ
1434 212 1526 247 βαθεῖς
1541 213 1723 249 διαλογισμοὶ,
1740 215 1838 242 αισθα-

216 260 373 295 potentiam,
386 258 530 292 indignatae
543 257 696 284 turbantur.
706 256 809 291 Quibus
822 264 969 285 succensent

1049 258 1148 293 νόμενα
1173 257 1222 293 τῆς
1247 257 1295 284 τοῦ
1318 258 1420 294 Κυρίου
1454 259 1611 294 δυνάμεως,
1643 260 1839 297 ἐταράχθησαν

217 306 282 338 Deo.
292 304 412 333 ascendit
423 303 497 331 velut
509 303 599 331 fumus
613 304 645 330 de
663 308 752 335 torre;
769 304 911 331 exstinctis
924 311 969 330 ner

1047 303 1194 338 ἀχθόμενα.
1211 301 1259 336 Al;
1287 304 1344 338 (51)
1368 304 1539 340 ὀργισθέντος
1567 305 1613 333 τοῦ
1642 306 1731 338 Θεοῦ,
1753 308 1838 344 ἀνέϐη

215 358 249 387 pe
262 351 316 378 illis
335 355 362 377 et
375 358 389 376 a
404 349 590 376 combustione
603 349 782 383 cessantibus,
798 357 851 385 qua
875 349 969 376 homin.

1047 348 1150 380 καπνὸς
1172 348 1297 384 καθάπερ
1324 349 1371 376 ἐπὶ
1387 350 1483 377 δαλοῦ”
1511 351 1698 387 σὸεννυμένων
1722 353 1771 379 καὶ
1790 353 1838 380 τοῦ

214 396 371 424 exurebant.
391 394 469 422 llum:
490 402 556 422 vero
580 394 670 429 ignem
696 395 827 422 exstinxit
853 395 914 429 igne
936 402 967 422 su

1048 393 1133 428 πυρὸς
1148 393 1338 429 παυσαμένων,
1353 391 1376 429 ᾧ
1394 396 1456 428 τοὺς
1476 396 1636 432 ἀνθρώπους
1658 390 1845 433 κατέφλεγον]

214 442 351 476 Tanquam
374 442 441 476 ignis
458 443 610 468 consumens
624 440 646 456 ²¹
662 441 752 468 dictus
772 446 813 468 est
831 440 901 468 Deus
927 448 969 476 apt

1047 439 1084 465 Τὸ
1109 439 1164 476 πῦρ
1182 440 1210 466 δὲ
1230 440 1308 467 τοῦτο
1337 441 1484 468 κατέσϐεσε
1515 442 1554 478 τῷ
1578 443 1636 478 ἰδίῳ
1656 444 1735 480 πυρί.
1760 443 1839 471 Καθὺ

212 487 333 522 Moysen.
350 487 383 514 Et
398 488 425 514 in
438 487 553 515 Psalmis
567 495 575 513 ι
589 486 662 521 Ignis
679 495 768 513 coram
781 486 836 520 ipso
855 488 969 521 prwcede

1046 483 1105 517 πῦρ
1121 486 1342 512 καταναλίσκον
1353 486 1460 521 εἴρηται
1478 487 1544 520 Θεὸς
1562 487 1638 523 παρὰ
1655 488 1694 524 τῷ
1717 488 1836 524 Μωῦσῇ.

211 537 235 560 et
249 533 424 567 iuﬂamnmbit
442 533 469 560 in
483 541 548 568 gyro
564 533 685 560 inimicos
703 533 758 567 ejus
768 535 802 560 “.
821 533 855 560 Et
869 534 968 561 iterum

1046 528 1101 554 Καὶ
1122 529 1150 555 ὲν
1166 529 1288 564 Ψαλμοῖς
1307 538 1314 545 ·
1326 530 1389 564 Πῦρ
1401 531 1541 558 ἐναντίον
1564 532 1656 559 αὐτοῦ
1672 534 1839 567 προπορεύ-

210 579 281 607 Deus
296 580 435 614 conspicua
449 579 530 607 ueniet
548 587 557 606 :
579 579 650 606 Deus
667 583 764 612 noster,
777 584 801 606 et
817 587 869 607 non
891 580 967 607 silent

1045 580 1145 606 σεται,
1159 573 1207 600 καὶ
1227 574 1345 608 soloer
1365 576 1466 607 κύκλῳ
1488 576 1559 608 τοὺς
1581 576 1708 611 ἐχθροὺς
1728 576 1837 605 αὑτοῦ.

184 638 189 642 ο
210 625 364 659 pra-teribit.
378 625 453 660 Ignis
467 633 556 652 eorum
582 625 638 659 ipso
660 625 843 657 succendetur,
858 630 883 652 et
896 626 923 652 in
941 625 969 652 ci

1044 618 1099 645 Καὶ
1113 619 1193 646 πάλιν
1203 628 1209 634 ·
1233 621 1264 646 '0
1290 619 1361 653 Θεὸς
1376 621 1513 656 ἐμφανῶς
1527 622 1603 655 ἣξει,
1621 623 1637 649 ὁ
1650 623 1723 655 Θεὸς
1739 622 1836 657 ἡμῶν,

210 670 283 697 cuitu
303 670 360 704 ejus
379 669 493 704 procella
516 670 648 697 vehemens
672 671 706 698 ".
729 670 844 705 Ideoque
869 669 969 698 Salvalt

1043 664 1092 690 καὶ
1103 665 1138 692 οὺ
1150 667 1421 700 παρασιωπήσεται.
1438 667 1502 701 Πῦρ
1515 666 1643 694 ἐνώπιον
1657 668 1751 695 αὑτοῦ
1763 677 1838 696 καυ-

211 716 317 744 dicebat
336 725 343 744 :
367 716 456 751 Ignem
476 716 532 744 veni
554 716 682 750 projicere
702 717 729 743 in
747 722 854 744 terram.
877 717 910 743 Et
930 725 969 751 qut

1043 710 1178 744 θήσεται,
1197 712 1245 738 καὶ
1260 713 1361 746 κύκλῳ
1377 713 1469 740 αὑτοῦ
1483 714 1616 749 uaratqu
1637 714 1766 748 σφοδρά.
1788 714 1837 741 Διὸ

209 763 268 789 volo
281 782 289 795 ,
303 762 326 789 si
337 762 396 797 jam
434 770 558 789 accensus
571 767 608 789 est
629 762 651 778 "
664 763 674 789 ἳ
689 762 751 790 Πίεε
770 762 834 790 fecit
857 762 969 790 inclinat

1043 758 1089 783 καὶ
1104 757 1222 792 ἔφασκεν
1236 758 1249 784 6
1264 759 1359 794 Σωτήρ
1372 767 1379 774 θ
1400 759 1462 793 Πῦρ
1481 757 1576 794 ἦλθον
1583 759 1693 792 βαλεῖν
1708 760 1757 786 ἐπὶ
1774 759 1835 794 τὴν

210 812 239 835 et
256 808 433 841 descendens,
450 815 503 835 non
521 815 603 834 unum
620 808 700 835 modo
713 808 824 841 cmlum,
838 808 884 836 sed
897 816 969 835 0mm

1042 803 1110 838 γῆν.
1125 804 1180 831 Kal
1195 804 1223 831 τί
1237 804 1322 837 θέλω,
1337 806 1363 832 ει
1382 805 1442 839 ἤδη
1457 805 1598 841 ἀνήφθτυ
1612 805 1704 832 Ταῦτα
1721 806 1836 841 ἐποίησε

209 857 384 888 quotcunque
406 858 487 886 sunt;
503 853 648 881 inclinandi
666 854 750 881 verbo
764 854 923 881 ostendente
943 855 969 881 hl

1027 849 1134 881 .xllva;
1158 851 1204 876 καὶ
1225 849 1346 882 καταϐὰς
1370 851 1418 886 οὐχ
1444 851 1492 878 ἕνα
1507 851 1586 886 μόνον
1611 851 1744 886 οὐρανὸν,
1765 851 1837 878 ἀλλὰ

209 898 386 926 milialionem
400 899 568 926 celsitudinis
583 898 641 933 ejus
654 919 662 931 ,
678 903 705 926 et
726 899 936 928 exinanitionem
948 900 969 927 di

1043 895 1161 929 πάντας,
1184 896 1240 922 ὅσοι
1257 896 1321 922 ποτέ
1341 897 1410 922 εἰσιν
1422 906 1428 912 ·
1444 897 1490 924 τοῦ
1509 897 1598 924 κλῖναι
1613 897 1758 933 δηλοῦντος
1782 899 1836 934 τὴν

208 944 339 972 vinitatis.
354 944 534 972 Providentia:
548 952 612 972 vero
626 945 685 980 ejus
695 945 828 973 occultam
844 951 969 974 secretan

1040 941 1205 968 ταπείνωσιν
1223 941 1268 968 τοῦ
1284 941 1367 976 ὕψους
1388 942 1486 974 αὑτοῦ,
1505 943 1551 970 καὶ
1572 943 1619 979 τὴν
1644 944 1760 970 κένωσιν
1780 943 1835 980 τῆς

207 998 261 1026 que
285 992 416 1018 rationem
442 991 563 1019 tenebris
579 997 606 1020 et
620 992 718 1019 nebula
742 992 873 1020 declarat.
889 993 969 1020 Deind

1041 986 1176 1023 Θεότητος.
1189 988 1245 1024 Τῆς
1258 988 1286 1015 δὲ
1308 989 1465 1023 οἰκονομίας
1488 989 1571 1016 αὑτοῦ
1596 989 1626 1016 τὸ
1646 989 1758 1025 λεληθὸς
1785 991 1836 1018 καὶ

206 1043 288 1070 super
306 1037 448 1065 cherubim
466 1041 620 1072 assumptus
636 1043 679 1065 est
693 1057 702 1070 ,
719 1039 843 1072 quamvis
857 1046 918 1066 cum
935 1038 969 1066 illi

1039 1034 1205 1070 ἀπόκρυφον,
1219 1033 1257 1070 τῷ
1272 1034 1363 1070 γνόφῳ
1380 1035 1426 1061 καὶ
1441 1036 1476 1070 τῇ
1492 1035 1591 1071 ὁμίχλῃ
1600 1035 1684 1071 δηλοῖ.
1702 1034 1768 1062 Εἶτα.
1786 1036 1836 1063 ἰπὶ

206 1091 259 1111 non
272 1083 466 1112 descendisset.
481 1083 565 1116 Quem
581 1090 643 1110 cum
666 1091 781 1118 corpore
796 1084 969 1111 ascendente:

1039 1080 1085 1106 τοῦ
1100 1081 1232 1116 χερουϐὶμ
1246 1081 1382 1117 ἀνελήφθη
1393 1101 1401 1114 ,
1421 1082 1510 1108 καίτοι
1529 1081 1566 1117 μὴ
1587 1082 1636 1108 σὺν
1652 1081 1727 1118 αὑτῷ
1744 1091 1834 1109 κατα-

205 1131 303 1158 divina:
326 1129 430 1157 intuitae
459 1135 550 1157 essent
575 1134 740 1164 potestates,
768 1130 969 1164 agglomerante

1039 1126 1098 1158 ϐάς.
1114 1128 1162 1154 Ὂν
1180 1128 1247 1162 μετὰ
1270 1127 1395 1163 σώματος
1421 1129 1600 1157 ἀναϐαίνοντα
1619 1131 1647 1157 al
1674 1129 1745 1157 θεῖαι
1764 1130 1834 1157 Θεω-

204 1176 241 1203 illi
260 1176 396 1210 stipabant
418 1175 476 1209 eius
490 1175 604 1202 reditum
615 1195 622 1207 ,
638 1176 762 1203 dicentes
779 1185 785 1202 :
805 1175 899 1203 Tollite
922 1183 969 1210 por

1039 1173 1133 1208 ροῦσαι
1146 1173 1284 1209 δυνάμεις,
1298 1176 1435 1208 γεγονυῖαι
1449 1176 1513 1210 περὶ
1529 1175 1624 1208 αὑτὸν,
1646 1175 1832 1212 ἐδορυφόρουν

205 1227 246 1249 las
259 1242 266 1254 ,
278 1230 293 1248 ο
310 1222 439 1255 principes
450 1241 457 1253 ,
478 1226 577 1248 vestras
590 1227 632 1248 :et
644 1222 897 1256 extolliminimortae
911 1228 969 1250 teter

1037 1218 1119 1245 αὑτοῦ
1132 1219 1181 1254 τὴν
1201 1218 1307 1252 ἄνοδον,
1325 1220 1499 1254 ἑπιλέγουσαι
1511 1229 1518 1236 ·
1540 1221 1646 1254 Ἀρειτε
1665 1222 1785 1254 πύλας,
1803 1222 1832 1248 ol

204 1275 255 1299 me.
268 1272 292 1294 et
308 1267 472 1302 ingredietur
484 1265 540 1294 Rex
553 1267 646 1302 gloria:
656 1269 689 1294 ’³.
707 1267 773 1301 Qua:
788 1269 898 1303 quidem
915 1274 969 1296 tunt

1036 1263 1191 1298 ἄρχοντες,
1220 1265 1313 1300 ὑμῶν,
1334 1267 1381 1293 καὶ
1405 1266 1571 1301 ἐπάρθητε,
1589 1267 1681 1294 πύλαι
1703 1267 1830 1299 αἰώνια,

203 1311 275 1339 facta
289 1316 361 1343 sunt,
371 1312 527 1346 quando,'ut
544 1313 569 1340 in
583 1312 658 1340 Actis
672 1314 853 1348 apostolorum
871 1315 969 1342 relatut

1035 1311 1084 1337 καὶ
1106 1311 1311 1339 εἰσελεύσεται
1331 1314 1347 1339 ὁ
1373 1313 1524 1346 Βασιλεὺς
1540 1312 1595 1347 τῆς
1615 1313 1717 1347 δόξης.
1742 1314 1778 1340 Ἃ
1796 1313 1831 1349 δὴ

202 1362 260 1392 est,
279 1358 424 1385 videntibus
445 1358 499 1385 illis
513 1358 628 1386 elevatus
643 1365 701 1392 est,
724 1365 747 1387 et
766 1360 845 1388 nube:
870 1360 969 1395 suscepi

1028 1357 1163 1391 ,γέγονεν,
1189 1358 1287 1393 ἡνίκα,
1313 1358 1351 1390 ὡς
1373 1359 1402 1384 ὲν
1425 1360 1485 1390 ταῖς
1511 1359 1630 1395 Πράξεσι
1657 1361 1746 1386 κεῖται
1772 1359 1830 1386 τῶν

202 1410 260 1430 eum
273 1402 305 1430 ab
321 1403 403 1430 oculis
416 1411 508 1430 eorum
526 1403 560 1430 ’⁸.

1034 1403 1198 1436 ἀποστόλων,
1212 1402 1391 1436 βλεπόντων
1405 1403 1504 1431 αὐτῶν
1513 1404 1637 1438 ἐπήρθη,
1649 1405 1699 1432 καὶ
1708 1406 1828 1441 νεφέλη

1033 1447 1184 1475 ὑπέλαϐεν
1198 1448 1292 1475 αὑτὸν
1304 1449 1363 1475 ἀπὸ
1379 1448 1437 1475 τῶν
1453 1448 1614 1484 ὀφθαλμῶν
1628 1450 1738 1477 αὐτῶν.

205 1494 294 1523 v.12.
314 1493 348 1520 Et
371 1494 455 1528 posuit
471 1493 593 1530 tenebras
615 1493 811 1530 absconsionem
832 1501 906 1520 suam
925 1501 934 1520 :
954 1494 969 1521 ἰ]

1033 1493 1108 1529 Στίχ.
1125 1493 1170 1521 ιϐ’.
1188 1493 1242 1520 Kal
1263 1493 1346 1520 ἔθετο
1370 1495 1482 1530 σκότος
1498 1495 1680 1530 ἀποκρυφὴν
1709 1497 1806 1524 αὑτοῦ
1817 1505 1826 1514 σ

338 1526 450 1556 circuitu
467 1529 538 1555 illius
554 1528 750 1555 tabernaculum
766 1528 832 1563 ejus.

1081 1526 1097 1529 ’⁷
1190 1529 1291 1561 κύκλῳ
1301 1529 1394 1556 αὑτοῦ
1407 1530 1426 1563 ἡ
1440 1526 1539 1563 σκηνὴ
1552 1526 1657 1557 αὖτὸὗξ
1833 1544 1834 1547 η

239 1576 307 1603 Eum
321 1575 367 1610 qui
384 1575 410 1602 in
425 1574 599 1602 tabernaculo
613 1579 674 1609 est,
690 1575 751 1609 quis
764 1575 853 1602 vldeat
868 1575 919 1602 nisi
943 1576 969 1602 in

1071 1574 1122 1600 Τὸν
1138 1574 1167 1600 ὲν
1184 1575 1268 1609 σκηνῇ
1290 1574 1331 1605 τίς
1352 1574 1402 1600 οὐκ
1424 1574 1480 1608 (59.)
1504 1574 1597 1608 ὄψεται
1621 1575 1657 1610 μὴ
1677 1576 1828 1611 γενόμενος

203 1627 249 1649 tus
262 1621 367 1649 fuerit?
388 1621 433 1649 Sic
446 1628 535 1655 neque
551 1622 647 1654 Deum,
666 1621 717 1649 nisi
740 1621 801 1656 quis
817 1621 967 1656 ingrediatu

1034 1619 1124 1652 ἔνδον;
1140 1619 1232 1652 Οὖετως
1248 1620 1308 1646 οὐδὲ
1329 1619 1373 1646 τὸν
1398 1619 1463 1646 Θεὸν
1474 1640 1482 1653 ,
1499 1620 1523 1646 cl
1538 1620 1574 1655 μή
1587 1629 1629 1652 τις
1645 1621 1761 1648 είσέλοοι
1775 1622 1826 1649 τοῦ

201 1669 272 1696 intra
289 1667 378 1695 velum
391 1667 646 1702 incomprensionis.
663 1666 769 1702 Moyses
787 1674 904 1702 namque
917 1667 968 1694 cali

1033 1665 1081 1701 τῆς
1090 1665 1307 1700 δυσκαταληψίας
1317 1665 1389 1692 ἔνδον
1401 1665 1657 1700 παραπετάσματος.
1673 1667 1728 1692 Καὶ
1738 1667 1826 1694 Μωῠ-

201 1714 292 1749 ginem
306 1713 401 1746 subiit,
417 1713 464 1741 ubi
480 1718 540 1741 erat
561 1713 643 1741 Deus.
668 1713 801 1741 lnsistens
815 1713 887 1740 enim
902 1713 968 1740 mini

1034 1711 1083 1746 σῆς
1096 1710 1149 1746 γὰρ
1165 1711 1204 1742 είς
1214 1710 1258 1737 τὸν
1269 1710 1366 1745 γνόφον
1378 1710 1500 1746 εἰσῆλθεν
1509 1730 1516 1742 ,
1535 1707 1566 1737 οὗ
1579 1709 1613 1746 ἦν
1623 1712 1637 1737 6
1649 1711 1724 1743 Θεός.
1745 1713 1826 1739 Ἐπι-

200 1758 284 1786 sterio
305 1759 377 1785 circa
392 1758 474 1786 Deum
491 1758 604 1793 ejusque
627 1758 814 1793 providentia,
836 1759 907 1786 intra
925 1758 969 1785 hie

1033 1757 1133 1792 στήσας
1144 1756 1198 1792 γὰρ
1210 1757 1242 1792 τῇ
1256 1756 1318 1792 περὶ
1333 1755 1400 1782 Θεοῦ
1413 1755 1578 1792 δημιουργίᾳ
1592 1765 1621 1782 τε
1636 1758 1681 1783 καὶ
1695 1758 1823 1794 προνοίᾳ,

198 1804 334 1833 intellexit
347 1805 480 1832 contineri
499 1805 593 1832 Deum.
610 1805 752 1832 Paululum
771 1805 906 1840 siquidem
921 1813 969 1833 ean

1031 1801 1096 1828 εἵσω
1120 1802 1221 1829 τούτων
1249 1802 1319 1836 ἔγνω
1341 1802 1515 1838 περιέχεσθαι
1539 1802 1585 1828 τὸν
1605 1802 1682 1829 Θεόν.
1714 1803 1824 1838 Ὀλίγον

197 1850 356 1885 adopericns
368 1871 375 1883 ,
395 1850 470 1878 illum
484 1850 560 1884 cujus
580 1855 622 1878 est
644 1851 750 1885 imago,
765 1857 799 1878 ex
811 1857 842 1878 eo
858 1850 930 1885 quod
947 1858 969 1877 at

1031 1846 1084 1882 γὰρ
1098 1847 1182 1883 αὐτὴν
1192 1847 1336 1880 διανοίξας,
1354 1847 1400 1874 τὸν
1413 1844 1443 1874 οὗ
1459 1848 1532 1874 ἐστιν
1543 1846 1635 1880 εἰκὼν,
1650 1849 1682 1874 ὲκ
1695 1847 1742 1874 τοῦ
1759 1850 1822 1875 κατ’

195 1895 341 1930 imaginem
353 1901 422 1928 erat.
436 1896 569 1924 intellexit
588 1907 593 1924 :
613 1901 694 1931 atque
705 1903 737 1924 ex
752 1895 861 1932 opiﬁcio
875 1901 903 1924 et
917 1903 967 1931 pro

1030 1892 1121 1919 εἰκόνα
1138 1893 1294 1929 μεμάθηκεν
1306 1901 1312 1908 ·
1328 1893 1360 1919 ὲκ
1375 1893 1403 1920 δὲ
1424 1892 1474 1927 τῆς
1493 1893 1673 1929 δημιουργίας
1690 1893 1736 1920 καὶ
1753 1902 1824 1928 προ-

195 1941 325 1974 videatia,
341 1941 464 1976 opiﬁcem
477 1946 505 1970 et
520 1941 699 1976 provisorem.

1029 1938 1103 1970 νοίας
1116 1939 1160 1965 τὸν
1172 1938 1337 1975 δημιουργὸν
1353 1938 1400 1965 καὶ
1414 1939 1576 1974 προνοητήν.

489 1987 587 2015 PSAL.
605 1986 688 2014 XXII.

1326 1985 1411 2011 ΨΔΛ.
1435 1984 1498 2011 KB’.

385 2033 418 2061 γ.
433 2033 460 2060 5.
477 2033 591 2066 Propter
602 2040 695 2059 nomen
706 2040 793 2060 suum.

1134 2030 1179 2056 Στ.
1196 2033 1219 2064 γ’
1224 2049 1230 2058 .
1252 2030 1373 2060 Ἕνεκεν
1381 2029 1434 2057 τοῦ
1444 2031 1590 2064 ὀνόματος
1603 2030 1708 2058 αὐτοῦ.

195 2077 227 2105 V.
247 2077 274 2104 4.
290 2077 361 2105 Nam
376 2078 424 2104 etsi
438 2077 604 2104 ambulavero
619 2079 645 2103 in
657 2078 742 2104 medio
763 2077 862 2104 umbra:
874 2079 967 2105 mortis

1028 2076 1097 2112 Στίχν
1116 2076 1147 2104 δ’.
1165 2076 1234 2103 Ἐὰν
1250 2076 1304 2111 γὰρ
1317 2076 1370 2112 καί
1379 2075 1510 2110 πορευθῶ
1526 2076 1568 2112 ἐνΔ
1572 2076 1656 2111 μέσῳ
1666 2076 1755 2109 σκιᾶς
1766 2078 1820 2112 θατ

300 2120 352 2139 non
372 2113 466 2139 timebo
481 2112 563 2144 mala,
586 2113 646 2146 quia
661 2117 689 2138 tu
712 2120 812 2139 mecum
832 2121 871 2140 es.

1061 2111 1179 2173 ἵάτουὶ
1195 2112 1230 2138 οὐ
1255 2110 1464 2146 φοϐηθήσομαι
1492 2110 1586 2138 κακά’
1611 2111 1656 2138 ὅτι
1682 2111 1723 2137 σὺ
1752 2110 1818 2146 μετ’

1078 2155 1135 2173 μου
1150 2154 1164 2172 ε
1179 2165 1185 2172 .

1075 2155 1135 2180 μου
1150 2154 1185 2173 ει.

226 2190 295 2218 Ilinc
321 2191 354 2218 ad
369 2190 453 2218 Deum
470 2191 607 2219 convertit
633 2192 795 2219 orationem.
820 2191 870 2226 Qui
893 2191 969 2227 igitur

1061 2191 1117 2226 (55)
1132 2191 1268 2218 Ἐντεῦθεν
1281 2191 1348 2227 πρὸς
1361 2191 1426 2218 Θεὸν
1441 2191 1604 2227 ἀποστρέφει
1620 2192 1664 2219 τὸν
1680 2192 1768 2226 λόγον.
1788 2193 1819 2220 '0

194 2237 269 2264 sedet
289 2237 315 2264 in
333 2238 426 2264 umbra
443 2238 550 2270 mortis,
572 2237 667 2265 ﬁrmus
680 2242 721 2265 est
733 2237 758 2265 in
777 2237 835 2270 illa.
854 2238 969 2266 obdura-

1029 2236 1079 2271 μὲν
1086 2234 1131 2263 οὖν
1143 2235 1321 2272 καθεζόμενος
1333 2238 1363 2263 ἐν
1371 2238 1434 2272 σκιᾷ
1443 2237 1569 2269 θανάτου,
1580 2237 1684 2273 ἵδρυται
1695 2239 1723 2264 ὲν
1734 2238 1817 2274 αὐτῇ,

194 2288 237 2309 tus
244 2283 269 2309 in
278 2282 395 2317 ﬂagitiis,
405 2283 580 2318 indigensque
589 2283 690 2310 lumine
698 2283 768 2318 quod
777 2291 809 2311 ex
819 2283 969 2312 misericor-

1028 2281 1185 2316 βεὸαιωθεὶς
1199 2283 1227 2308 ἐν
1243 2282 1336 2317 κακίᾳ,
1353 2282 1400 2308 καὶ
1409 2281 1534 2317 δεόμενος
1545 2281 1597 2308 τοῦ
1608 2282 1637 2314 ἐξ
1648 2282 1739 2313 ἐλέους
1747 2283 1817 2309 ἀνα-

192 2327 235 2353 dia
252 2327 349 2354 oritur.
367 2329 401 2354 At
416 2327 463 2362 qui
485 2328 625 2360 ambulat,
640 2329 884 2363 prmtcrgreditur;
902 2337 969 2364 quo-

1027 2326 1165 2358 τέλλοντος
1179 2326 1276 2361 φωτός·
1293 2327 1308 2353 6
1323 2326 1546 2362 δὲ·πορευόμενος
1558 2326 1737 2362 παρατρέχει·
1755 2327 1816 2362 μεθ’

190 2379 253 2399 cum
275 2373 357 2399 etiam
384 2373 483 2400 incedit
506 2373 644 2401 Dominus.
666 2374 704 2401 De
724 2375 848 2402 sessione
870 2375 969 2402 dictum

1027 2369 1056 2398 οἶ)
1073 2373 1120 2399 καὶ
1134 2372 1267 2399 συνοδεύει
1281 2373 1295 2399 6
1309 2372 1420 2408 Κύριος.
1436 2372 1502 2407 Περὶ
1517 2372 1545 2398 δὲ
1558 2372 1608 2406 τῆς
1625 2372 1760 2404 καθίσεως
1777 2373 1816 2400 sl.

190 2423 231 2445 cst
248 2429 254 2446 ε
270 2418 423 2446 Sedentibus
436 2420 462 2446 in
475 2421 578 2455 regione
589 2425 614 2447 et
630 2421 722 2448 umbra
739 2422 840 2456 mortis,
855 2421 903 2448 lux
913 2425 969 2448 orta

1028 2427 1105 2454 ρηται
1117 2427 1123 2433 ”
1144 2418 1327 2453 Καθημένοις
1346 2418 1381 2444 ἐν
1404 2417 1483 2452 χώρᾳ
1503 2418 1551 2444 καὶ
1578 2417 1650 2451 σκιᾷ
1669 2418 1814 2451 θανάτου,

187 2469 225 2490 est
243 2465 280 2491 eis
295 2465 329 2492 ¹⁷.

1027 2464 1089 2498 φῶς
1103 2464 1255 2492 ἀνέτειλεν
1267 2463 1377 2496 αὐτοῖς.

1027 2509 1100 2544 Στίχ.
1113 2509 1144 2535 δ’.
1158 2509 1188 2537 Ἠ
1199 2509 1310 2542 ῥάϐδος
1322 2517 1390 2541 σου,
1404 2508 1451 2535 καὶ
1462 2508 1635 2543 ήβακτηρία
1647 2516 1716 2543 σου,
1723 2507 1816 2537 αὗταί

1057 2553 1096 2578 με
1110 2544 1330 2578 παρεκάιεσαν.

224 2586 345 2622 Utraque
358 2588 384 2615 in
403 2588 526 2624 ﬂagellis,
541 2588 623 2624 'juxta
648 2588 712 2616 illud
730 2598 736 2616 :
755 2587 784 2616 Si
804 2588 969 2616 deseruerint

1066 2589 1219 2625 ’Δμφότερα
1232 2589 1278 2616 ἐπὶ
1290 2589 1437 2625 μαστίγων,
1454 2589 1525 2617 κατὰ
1541 2589 1571 2616 τό
1581 2598 1587 2604 ·
1608 2590 1680 2617 Ἐὰν
1689 2590 1814 2624 ἐγκατα-

185 2631 235 2665 ﬁlii
249 2634 287 2660 tui
304 2634 386 2669 legem
403 2643 498 2667 meam,
516 2639 540 2663 et
558 2635 750 2670 judiciismei:
764 2643 815 2662 non
835 2635 969 2668 incedant,

1027 2637 1153 2663 λίπωσιν
1166 2637 1192 2663 οι
1202 2635 1261 2662 υἱοί
1273 2643 1331 2662 σου
1345 2635 1398 2662 τὸν
1411 2635 1504 2669 νόμον
1511 2643 1581 2670 μου,
1597 2636 1646 2662 καὶ
1669 2636 1732 2670 τοῖς
1749 2637 1806 2671 κρι-

188 2521 220 2548 γ.
236 2521 262 2548 ι.
279 2520 361 2557 Virga
369 2527 426 2556 tua,
434 2527 458 2549 et
473 2522 580 2550 baculus
592 2527 662 2555 tuus,
672 2523 727 2550 haec
736 2530 776 2549 me
788 2517 969 2550 evocaverunt.

225 2698 247 2712 “
265 2698 343 2726 Deut.
356 2707 394 2732 ιν,
408 2700 453 2728 24.
494 2701 516 2716 ’⁸
532 2701 601 2729 Psal.
617 2709 687 2734 πίονι,
703 2702 730 2728 5.
771 2702 794 2718 ³³
808 2701 879 2729 Psal.
893 2709 968 2735 χιιι,

188 2738 208 2763 I,
221 2732 247 2759 9.
292 2734 314 2749 ²⁷
334 2735 396 2762 Isai.
411 2744 450 2769 ιι,
464 2736 490 2764 2.

1039 2702 1062 2718 ⁸⁸
1078 2701 1141 2730 Luc.
1159 2710 1213 2736 xu,
1226 2703 1260 2730 49
1310 2703 1334 2719 ³⁸
1347 2702 1418 2730 Psal.
1437 2710 1526 2735 unt,
1540 2703 1567 2736 7,
1585 2703 1612 2730 9.
1631 2707 1641 2732 ε
1686 2704 1710 2720 ³³
1744 2705 1804 2733 Act.

221 2789 354 2830 (ἓϋίὶῖςη
405 2828 409 2830 .
476 2829 480 2830 ,
564 2828 606 2830 _,
790 2829 794 2830 ,

1061 2795 1117 2830 (53)
1132 2794 1180 2823 llic
1195 2800 1221 2823 et
1235 2794 1307 2822 infra
1329 2793 1421 2822 confer
1447 2799 1512 2823 tom.
1528 2795 1584 2830 ΧΗ,
1610 2797 1662 2825 col.
1684 2798 1754 2826 1259
1781 2801 1810 2826 et

222 2825 279 2861 (521
298 2825 440 2871 Reduudat
456 2828 570 2869 οὺκριει
583 2829 612 2856 οὐ
626 2829 842 2865 postponendum
859 2834 913 2858 est.
1021 2837 1078 2859 Sed.
