1918 3069
110 141 162 168 Il?)

706 132 889 170 EXCERPTA
908 141 941 169 IN
958 141 1127 170 PSALMOS.

1690 141 1755 169 ιη’

101 198 177 234 μασί
190 207 249 233 μου
258 198 302 233 μὴ
316 198 525 234 πορευθῶσιν
537 199 592 227 ἐὰν
601 199 638 227 τὰ
657 199 837 235 δικαιώματά
847 209 895 236 μοι

959 201 982 227 si
994 201 1060 235 jura
1079 208 1136 227 mea
1151 207 1202 227 non
1219 198 1389 227 curtodierint
1405 206 1415 226 :
1431 198 1542 226 visitabo
1558 197 1586 226 in
1601 198 1673 233 uirga
1690 198 1742 224 ini-

100 245 146 280 μὴ
161 244 343 279 φυλάξωσιν
353 254 359 261 ·
379 246 581 280 ἐπισκέψομαι
597 246 632 272 ἐν
648 246 748 280 ῥάϐδῳ
764 247 817 280 τὰς
840 248 907 275 ἀνο-

102 292 175 326 μίας
188 290 290 317 αὐτῶν
300 311 307 322 ,
322 291 373 317 καὶ
389 291 425 317 ἐν
436 291 557 325 μάστιγι
572 291 626 325 τὰς
637 292 781 326 ἁμαρτίας
794 293 902 320 αὐτῶν.

107 337 144 364 Τὸ
162 336 198 362 δὲ
211 336 300 370 ἔλεός
322 346 384 371 μου
409 338 444 364 οὐ
456 337 499 372 μὴ
515 337 703 365 διασκεδάσω
722 339 772 366 ἀπ’
795 339 903 367 αὐτῶν.

103 383 142 408 Οὐ
153 382 348 410 διεσκέδασται
365 383 421 420 γὰρ
432 383 462 410 τὸ
476 384 546 410 Θεῖον
555 383 629 416 ἕλεος
642 384 697 410 ἀπὸ
710 384 756 411 τοῦ
771 385 805 412 δι’
816 386 905 421 ἀμαρ-

102 428 165 459 τίας
191 428 405 464 μαπιζομένου.
435 430 471 456 Οὺ
489 429 545 465 (54)
568 430 622 465 γὰρ
652 431 842 466 ἁμαρτάνοντα
867 431 904 467 μὴ

103 473 270 509 μαστίξειε,
299 475 329 502 οὐ
358 475 557 511 παραδέχεται·
585 477 738 512 μαστιγῶν⁴¹
773 477 840 504 υἱὸν
868 478 904 505 ὃν

100 520 318 554 παραδέχεται,
330 521 400 557 Περὶ
412 518 449 548 ὧν
464 521 491 548 δὲ
509 522 547 557 μὴ
565 521 689 557 μαστίζει
700 541 708 554 ,
725 521 834 557 λέγεται
854 523 885 549 τό
895 532 901 538 ·

107 566 201 601 Έμοῦ
211 566 246 592 δὲ
257 567 337 601 παρὰ
342 568 452 601 μικρὸν
461 567 671 602 ἐσαλεύθησαν-
679 570 706 596 ot
717 568 807 602 πόδες
816 577 823 583 ·
835 569 902 603 παρ’

99 612 213 647 ὀλίγον
227 612 358 647 ἐξεχύθη
373 613 409 640 τὰ
421 613 585 648 διαδήματά
592 623 662 648 μου.
674 615 737 641 Ὀτι
753 615 808 642 οὐκ
819 614 903 641 ἐστιν

99 656 275 691 ἀνάνευσις
292 658 328 684 ὲν
348 658 389 691 τῷ
408 657 522 690 θανάτῳ
543 657 651 691 αὐτῶν,
680 659 729 686 καὶ
752 659 902 694 στερέωμα

97 702 137 729 ἂν
154 703 197 738 τῇ
208 704 335 739 μάστιγι
352 704 462 731 αὐτῶν.
491 704 542 732 Διὰ
561 704 649 732 τοῦτο
667 705 834 740 ἐκράτησεν
853 706 902 732 αὐ-

98 749 178 782 τοὺς
204 750 225 783 ἠ
242 750 447 785 ὑπερηφανία·
473 751 683 785 περιεϐάλοντο
712 752 829 779 ἀδικίαν
851 751 901 778 καὶ

98 794 251 822 ἀσέϐειαν
266 795 392 823 ἑαυτῶν.
419 796 481 823 Ἐὰν
508 797 557 832 μὲν
581 794 628 824 οὖν
695 806 736 830 τις
766 797 901 832 πρόϐατον

97 841 288 877 ἁμαρτωλὸν,
317 842 408 878 passo
434 842 598 878 πλήσσεται·
625 843 672 869 ἐὰν
695 843 724 870 δὲ
747 834 898 879 ἄνθρωᾶτος,

959 246 1069 280 quitum
1088 253 1187 277 eorum,
1204 249 1229 272 et
1241 245 1269 271 in
1284 244 1397 279 flagellis
1418 250 1523 279 peccata
1540 252 1641 272 eorum.
1663 243 1742 270 Mise-

959 291 1101 317 ricordiam
1130 295 1217 317 autent
1243 297 1327 317 meam
1357 299 1522 326 nequaquam
1547 290 1681 322 dissipabo
1708 291 1740 317 ab

958 337 995 362 ei:
1014 336 1046 362 “.
1064 336 1122 363 Non
1138 341 1180 364 est.
1194 337 1268 363 enim
1291 337 1420 372 dissipata
1437 337 1527 364 divina
1552 335 1741 364 misericordia

957 383 991 409 ab
1009 389 1042 410 eo
1064 383 1110 418 qul
1135 389 1246 419 propter
1269 388 1379 419 peccata
1403 383 1564 418 ﬂagellatur.
1581 383 1740 410 Peccantem

958 427 1029 455 enim
1061 436 1114 455 non
1146 429 1280 463 suscipit,
1309 429 1360 457 nisi
1389 429 1561 463 ﬂagellaverit
1579 437 1586 456 :
1605 429 1740 464 ﬂagellant

957 473 1040 508 ﬁlium
1053 483 1127 508 quem
1145 476 1253 510 suscipit
1265 476 1298 503 ".
1314 476 1351 504 De
1364 476 1397 503 iis
1411 483 1477 503 vero
1491 483 1559 510 quos
1579 482 1631 502 non
1645 475 1739 510 ﬂagel-

957 519 994 547 lat
1006 520 1103 547 dicitur
1117 519 1181 547 illud
1199 529 1206 547 :
1227 520 1280 548 Mei
1291 525 1378 548 autem
1389 529 1453 555 pene
1471 522 1560 556 quani
1572 525 1632 548 sunt
1648 520 1739 554 pedes,

955 566 1141 600 propemodum
1157 567 1234 601 effusi
1248 573 1424 602 suntgressu:
1447 567 1507 594 mei.
1530 567 1599 600 Quia
1623 575 1676 593 non
1701 570 1739 593 eu

956 612 1067 638 arrectio
1084 612 1110 638 in
1127 617 1209 640 marte
1227 621 1329 646 eorum,
1343 619 1366 642 et
1380 614 1576 647 ﬁrmamentum
1590 613 1618 640 in
1633 613 1738 648 ﬂagello

955 664 1057 686 eorum.
1079 656 1222 692 Propterea
1253 658 1367 685 obtinuit
1389 666 1432 686 eos
1451 657 1738 685 insolentia:circum-

950 702 1044 738 amicti
1063 708 1125 730 sunt
1146 703 1286 738 iniquitate
1297 709 1320 730 et
1343 704 1475 738 impietate
1487 711 1535 730 sua
1556 703 1589 729 ³⁰.
1607 702 1636 729 Si
1658 702 1739 728 fuerit

954 755 1019 783 ergo
1032 749 1094 784 quis
1109 749 1169 776 ovis
1184 757 1312 783 peccans,
1329 749 1405 784 virga
1421 749 1578 783 vapulabit;
1596 753 1624 775 at
1641 748 1663 775 si
1678 747 1738 774 fue-

955 794 988 822 rit
1004 794 1095 827 homo,
1109 795 1217 827 baculo,
1233 796 1378 822 secundum
1398 794 1571 822 Salomonem
1588 803 1595 821 :
1613 793 1664 826 Qui
1674 802 1736 827 par-

953 839 990 867 cit
1010 840 1114 874 baculo,
1131 841 1185 868 odit
1201 841 1285 874 ﬁlium
1304 849 1382 868 suum
1399 841 1433 868 ³⁸,
1448 840 1510 868 Ilaec
1527 848 1608 876 porro
1624 844 1738 867 evocant

99 885 247 922 βακτηρίᾳ
256 907 264 918 ,
276 887 346 914 κατὰ
358 887 391 913 τὸ
401 887 572 923 Σολομῶντος
583 896 589 903 ·
614 889 645 915 '0
658 888 834 923 φειδόμενος
848 887 895 922 τῆς

955 887 1126 922 vapulantem
1152 896 1159 914 :
1180 894 1329 922 persuasus
1353 891 1394 914 est
1417 888 1510 921 enim,
1534 887 1597 922 quia
1620 887 1737 922 ﬂagellat

96 931 276 965 βακτηρίας
285 932 371 967 μισεῖ
379 932 434 959 τὸν
446 933 553 960 ἑαυτοῦ
566 934 642 961 υίόν.
663 933 754 960 Ταῦτα
773 934 801 960 δὲ
816 942 904 969 παρα-

99 977 188 1003 καλεῖ
203 977 250 1004 τὸν
266 978 449 1013 τυπτόμενον·
466 979 611 1006 πέπεισται
631 979 684 1015 γὰρ
695 1001 701 1013 ,
717 980 755 1012 ὠς
763 980 907 1016 μαστιγοῖ

101 1024 207 1050 πάντα
221 1024 291 1051 υἱὸν
302 1024 339 1052 ὃν
352 1025 560 1061 παραδέχεται.

435 1072 520 1099 ΨΑΛ.
537 1073 603 1100 KI".

137 1115 220 1149 Στίχ.
237 1114 270 1150 β’.
285 1115 340 1142 Καὶ
358 1115 407 1142 ἐπὶ
428 1116 567 1152 ποταμῶν
582 1119 746 1154 ἡτοίμασεν
759 1120 864 1154 αὑτήν.

139 1160 200 1195 (55)
226 1161 282 1187 Καὶ
296 1161 384 1193 ἄλλως
402 1162 430 1189 δέ
456 1163 510 1198 πρὸ
539 1163 589 1198 τῆς
616 1164 761 1200 ἐπιδημίας
784 1165 900 1201 Χριστοῦ

100 1205 242 1239 γνωστὸς
255 1205 338 1240 ἐντῇ
359 1207 482 1241 Ἰουδαίᾳ
501 1208 582 1244 μόνον
598 1207 632 1245 ἦν
648 1213 664 1237 ό
677 1211 765 1244 Θεός·
780 1213 840 1246 μετ’
853 1212 901 1238 αὒ-

102 1250 154 1285 τὴν
177 1251 217 1283 δὲ,
238 1252 293 1278 τοῦ
307 1252 419 1286 Κυρίου
432 1253 513 1288 ἡγῆ-
542 1254 678 1282 ’Δλλ¹οὐδὲ
686 1256 822 1292 πλήρωμα
847 1257 900 1293 πρὸ

100 1296 211 1332 ταύτης
225 1295 260 1332 ἦν
276 1298 306 1326 ὲν
323 1298 398 1336 πάσῃ
413 1301 446 1335 τῇ
469 1301 520 1336 γῇο
545 1301 631 1336 μεστὰ
652 1302 681 1329 δὲ
701 1300 735 1338 ἦν
759 1303 844 1339 αὐτῆς
866 1303 899 1331 τὰ

101 1342 220 1369 πλεῖστα
240 1344 400 1379 κακότητος.
426 1346 493 1372 Μετ’
508 1346 591 1382 αὐτὴν
614 1347 642 1374 δὲ
661 1348 753 1375 πολλοὶ
774 1349 828 1376 τῶν
849 1359 898 1377 πε-

102 1390 293 1416 πιστευκότων
309 1390 423 1417 ἐθνικῶν
441 1390 541 1419 εῐποιεν
559 1393 592 1420 ἄν
603 1402 610 1408 ·
642 1394 692 1421 Ἐκ
711 1395 764 1422 τοῦ
783 1396 900 1430 πληρώ-

101 1443 199 1469 ματος
210 1436 306 1462 αὺτοῦ
324 1436 409 1471 ἡμεῖς
425 1437 536 1471 πάντες
558 1438 713 1473 ἐλάϐομεν.
737 1441 834 1477 Διόπερ
851 1442 900 1468 αὺ-

103 1479 153 1506 τοῦ
171 1480 220 1506 καὶ
241 1480 378 1517 πλήρωμα
400 1482 529 1517 λέγοιντο.
558 1484 627 1510 Ἀλλ’
641 1485 690 1520 οὑχ
713 1486 738 1512 οἱ
759 1486 832 1512 κενοὶ
850 1487 899 1522 τῆς

103 1526 289 1562 εὖαγγελικῆς
304 1527 450 1560 πολιτείας.
467 1529 546 1556 ’Λλλὰ
563 1530 608 1556 καὶ
626 1531 654 1557 ἐν
669 1531 764 1566 ἐρήμῳ
777 1532 791 1558 ὁ
808 1532 898 1568 ἁμαρ-

103 1572 190 1603 τωλὸς
211 1575 350 1599 κατοικεῖ·
377 1574 540 1610 οἰκουμένην
566 1575 605 1608 δὲ,
623 1577 637 1603 6
658 1576 707 1612 τὴν
737 1577 898 1609 Ἐκκλησίαν

104 1617 188 1644 οἰκῶν
209 1619 431 1654 πεπληρωμένην
458 1622 507 1655 τῆς
530 1622 610 1656 ἁγίας
623 1622 751 1658 Τριάδος·
770 1624 817 1649 καὶ
842 1623 898 1651 ἐστι

105 1663 152 1690 τοῦ
170 1665 285 1699 Κυρίου.
308 1665 377 1691 Ἀλλ’
393 1665 441 1701 οὐχ
454 1666 468 1692 6
481 1667 677 1703 γεγεννημένος
695 1668 727 1694 ἐκ
746 1668 792 1695 τοῦ
809 1669 899 1696 διαϐό-

105 1708 164 1742 λου,
180 1710 230 1736 κα)⁵
242 1710 323 1746 μερὶς
339 1711 444 1738 ἐκείνου
461 1713 614 1748 γενόμενος.

105 1753 179 1816 Στίξ.
193 1758 228 1788 γ’.
241 1756 289 1788 Τίς
300 1756 480 1790 ἀναϐήσεται
492 1759 534 1791 εὶς
544 1759 576 1785 τὸ
595 1758 663 1793 ὄρος
672 1760 725 1787 τοῦ
734 1761 844 1794 Κυρίου
855 1769 864 1793 ;
878 1760 896 1795 ἢ

141 1797 158 1815 τ
171 1800 187 1816 (-
201 1789 347 1816 στήσεται
363 1791 397 1816 ἐν
409 1792 488 1816 τόπω
501 1793 574 1816 ἀφίει)
588 1794 681 1816 αὐτοῦ
694 1803 699 1808 -

141 1789 187 1822 τίς
201 1789 347 1823 στήσεται
363 1791 397 1818 ἐν
409 1792 488 1824 τόπῳ
501 1789 574 1827 ἀῖγίῳ
588 1789 699 1827 aurei);

142 1834 199 1869 (56)
216 1836 252 1862 Ἦ
267 1836 314 1863 καὶ
328 1837 391 1872 ὅρος
405 1838 505 1874 Κυρίου
516 1839 546 1865 τὸ
556 1839 661 1867 τελικὸν
678 1841 778 1876 ἀγαθὸν
791 1842 838 1869 καὶ
853 1843 897 1870 τὸν

106 1879 170 1906 Θεὸν
183 1881 280 1915 Λόγον.
299 1881 415 1914 Σπάνιος
430 1883 483 1918 γὰρ
496 1885 510 1910 6
526 1885 595 1919 πρὸς
616 1886 665 1922 τὴν
681 1886 834 1922 ἀκρώρειαν
848 1888 897 1914 αὑ-

106 1926 152 1953 τοῦ
165 1926 210 1953 διὰ
227 1928 369 1964 προκοπῆς
383 1929 515 1964 ἀναῦῆναι
535 1930 691 1967 δυνάμενος.

135 2012 191 2048 (57)
200 2013 229 2040 '0
236 2013 292 2049 γὰρ
298 2014 461 2048 τελειωθεὶς,
471 2017 569 2052 μηκέτι
578 2019 730 2057 περαιτέρω
738 2023 835 2057 χωρεῖν
842 2021 898 2056 οἷός

105 2068 133 2085 τε
150 2059 200 2091 ὢν,
214 2059 321 2087 ἵσταται
337 2060 454 2095 βέϐαιος,
467 2063 513 2090 καὶ
525 2065 700 2100 χρηματίζων
721 2067 798 2101 ἆγιος
815 2068 897 2100 τόπος

107 2104 183 2131 Θεοῦ.
208 2105 312 2132 Ὀπίσω
331 2106 386 2142 γὰρ
406 2107 508 2142 Κυρίου
531 2111 727 2146 πορευόμενος,
742 2113 895 2142 ἀναϐαίνει·

106 2150 163 2176 τῶν
179 2150 239 2185 μὲν
258 2150 384 2178 ὄπισθεν
406 2152 695 2189 ἐπιλανθανόμενος,
724 2158 786 2191 τοῖς
798 2158 832 2185 δὲ
844 2159 896 2194 ἕμο

106 2197 238 2229 προσθεν-
265 2196 525 2232 ἐπεκτεινόμενος,
551 2200 628 2232 τέλος
652 2202 722 2238 ἔχων
753 2203 784 2230 τὸ
801 2205 896 2240 στῆναι

108 2240 174 2274 μετὰ
188 2240 257 2267 Θεοῦ
269 2242 299 2268 ἐν
313 2241 388 2277 τόπῳ
403 2243 472 2278 ἁγίῳ
489 2244 571 2271 αὐτοῦ
582 2255 588 2261 -
601 2247 644 2281 ἐφ’
657 2247 686 2274 ὃν
705 2248 746 2274 δεῖ
762 2249 895 2284 ἀναϐῆναι
911 2244 933 2271 Ῑ)

107 2287 150 2312 καὶ
168 2286 266 2321 στῆναι
285 2287 330 2314 τὸν
352 2288 593 2326 εὐαγγελιζόμενον
609 2293 642 2327 τῇ
667 2294 750 2326 Σιὼν,
770 2295 839 2331 πρὸς
865 2295 894 2323 ὃν

107 2335 233 2369 ἐφθακότι
256 2337 296 2372 τῷ
319 2339 422 2374 Μωῡσῇ
444 2348 525 2375 φησιν
551 2341 565 2366 6
591 2340 676 2372 Θεός·
693 2341 735 2368 Σὺ
751 2332 788 2367 δὲ’
801 2341 894 2369 αὐτοῦ

107 2380 193 2415 στῆθι
208 2383 274 2416 μετ’
292 2383 375 2417 ἐμοῦ.
397 2384 478 2411 Ἀλλὰ
492 2385 537 2412 καὶ
552 2386 706 2420 Ἕστησεν
719 2387 769 2413 ἐπὶ
783 2387 895 2421 πέτραν

108 2427 175 2461 τοὺς
189 2428 287 2462 πόδας
308 2439 383 2464 μου,
397 2430 437 2462 ὼς
454 2432 496 2466 ἐφ’
512 2430 606 2467 ἕτερον
626 2432 752 2468 ἀγίασμά
767 2441 849 2467 φασιν
869 2434 894 2460 oi

109 2473 252 2508 προφῆται.
278 2474 357 2501 Ἐπεὶ
369 2474 463 2510 πέτρα
475 2474 515 2511 ἦν
528 2478 545 2503 ό
561 2477 698 2511 Χριστός.
726 2477 805 2504 Ἀλλὰ
825 2478 866 2509 τις
879 2479 893 2504 6

109 2518 158 2545 τῶν
171 2519 342 2554 ἐπαγγελιῶν
358 2521 460 2548 τούτων
467 2522 637 2558 τευξόμενος,
649 2524 754 2559 εἴρηται
766 2524 894 2551 τελεώτε-

112 2574 152 2600 ρον
167 2567 196 2592 ἐν
212 2566 253 2601 τῷ
268 2568 557 2605 τεσσαρεσκαιδεκάτῳ
567 2569 677 2605 ψαλμῷ.

955 942 1056 961 omnem
1069 934 1154 968 ﬁlium
1168 942 1244 968 quem
1254 934 1361 968 suscipit
1377 933 1421 969 ".3

1234 1069 1331 1096 PSAL.
1352 1068 1449 1096 XXIII.

1050 1114 1080 1142 V.
1096 1115 1123 1141 ‘2.
1141 1114 1173 1142 Et
1187 1116 1214 1142 in
1228 1115 1381 1150 ﬂuminibus
1395 1116 1552 1150 prreparaoit
1571 1122 1640 1141 eam.

987 1159 1073 1188 Aliter
1092 1170 1097 1188 :
1113 1165 1176 1188 ante
1200 1161 1344 1189 adventum
1366 1161 1465 1189 Christi
1494 1166 1570 1188 notus
1585 1161 1612 1188 in
1635 1160 1733 1188 Judtea

952 1207 1085 1235 duntaxat
1103 1213 1161 1235 erat
1184 1207 1252 1235 Deus
1267 1208 1290 1224 ⁸³
1307 1217 1314 1235 :
1335 1212 1363 1234 at
1379 1213 1440 1241 post
1454 1207 1611 1239 adventum,
1629 1206 1735 1232 Domini

950 1258 988 1280 est
1001 1259 1072 1281 terra
1088 1254 1118 1282 ".
1136 1253 1188 1281 Sed
1205 1261 1293 1289 neque
1306 1254 1445 1289 plenitudo
1459 1256 1522 1280 ante
1535 1253 1611 1280 illum
1631 1259 1690 1280 erat
1709 1255 1734 1281 in

950 1300 1077 1328 universa
1102 1304 1176 1327 terra
1198 1309 1205 1327 :
1230 1299 1351 1334 quinimo
1376 1300 1456 1335 plena
1481 1304 1540 1327 erat
1563 1307 1613 1334 pro
1640 1300 1734 1335 majori

949 1350 1028 1381 parte
1044 1345 1218 1381 ﬂagitiorum.
1235 1346 1298 1373 Post
1315 1346 1391 1373 illum
1408 1352 1473 1373 vero
1486 1365 1493 1378 ,
1510 1345 1587 1372 multi
1611 1345 1736 1374 ethnico-

951 1398 1010 1418 rum
1024 1391 1069 1425 qui
1083 1391 1280 1423 crediderunt,
1302 1391 1393 1418 dicere
1415 1396 1548 1424 passum:
1566 1390 1604 1418 De
1623 1390 1736 1423 plenitu-

949 1436 1010 1463 dine
1030 1436 1087 1470 ejt‘u
1107 1444 1153 1463 nos
1172 1444 1262 1464 omnes
1281 1436 1428 1470 accepimus
1444 1436 1477 1462 ³⁵.
1503 1435 1592 1469 Quare
1608 1436 1689 1463 etiam
1709 1440 1736 1463 et

948 1481 1051 1510 Christi
1077 1482 1216 1517 plenitudo
1240 1482 1292 1510 dici
1318 1486 1432 1517 queunt.
1451 1481 1504 1509 Sed
1522 1489 1575 1509 non
1592 1482 1638 1517 qui
1653 1483 1733 1509 vacui

949 1532 1013 1556 sunt
1028 1529 1184 1564 evangelica
1200 1528 1307 1556 vivendi
1324 1529 1439 1556 ratione.
1458 1528 1527 1562 Quin
1541 1529 1630 1563 potius
1646 1529 1672 1555 in
1686 1529 1734 1555 de-

949 1578 1023 1601 serto
1035 1579 1160 1609 peccator
1173 1574 1287 1602 habitat.
1311 1573 1412 1602 Contra
1432 1580 1521 1602 autem
1534 1575 1626 1601 orbem
1647 1579 1736 1602 terra-

951 1628 1009 1647 rum
1024 1621 1129 1654 incolit,
1141 1621 1188 1656 qui
1210 1621 1305 1648 incolit
1326 1620 1474 1648 Ecclesium
1493 1620 1621 1655 repletam
1639 1625 1734 1647 sancta

950 1664 1094 1700 Trinitate,
1113 1671 1208 1701 estque
1222 1666 1338 1693 Domini.
1357 1666 1416 1694 Non
1432 1667 1495 1694 item
1509 1666 1554 1702 qui
1574 1674 1608 1693 ex
1627 1665 1736 1693 diabolo

950 1716 1029 1739 natus
1046 1716 1098 1743 est,
1114 1716 1160 1740 aut
1175 1719 1240 1746 pars
1256 1712 1328 1739 illius
1341 1712 1453 1740 eﬂectus
1470 1711 1532 1739 fuit.

976 1757 1009 1784 V.
1025 1758 1052 1784 5.
1069 1757 1133 1790 Quis
1148 1758 1268 1784 ascendet
1283 1758 1309 1783 in
1325 1764 1438 1784 utentem
1457 1757 1578 1784 Domini?
1599 1758 1706 1792 velquie

1143 1793 1220 1819 stabit
1234 1794 1261 1819 in
1276 1794 1332 1818 loco
1349 1798 1440 1819 sancto
1462 1793 1541 1827 ejus?

985 1837 1031 1864 Vol
1049 1837 1130 1864 etiam
1149 1838 1336 1873 interpreteris
1350 1842 1467 1865 montem
1489 1838 1594 1865 Domini
1609 1838 1734 1872 perfecti-

948 1890 1012 1910 vum
1026 1883 1137 1915 bonum,
1155 1888 1180 1911 el
1197 1884 1341 1918 ipsummet
1352 1884 1435 1912 Deum
1451 1883 1578 1910 Verbum.
1593 1883 1681 1911 Rarus
1691 1888 1734 1911 est

949 1929 1023 1956 enim
1045 1929 1092 1964 qui
1113 1929 1146 1956 ad
1168 1929 1297 1956 verticem
1313 1929 1371 1964 ejus
1385 1937 1419 1956 ex
1442 1928 1563 1964 profectu
1587 1929 1734 1957 ascendere

948 1980 1041 2010 queat.

984 2021 1036 2054 Qui
1050 2021 1122 2049 enim
1135 2026 1340 2049 consummatus
1352 2025 1401 2052 est,
1418 2029 1470 2048 non
1487 2021 1603 2056 amplius
1621 2020 1734 2048 ulterius

948 2068 1075 2103 progredi
1089 2068 1193 2099 valens,
1207 2073 1260 2096 stat
1276 2068 1381 2102 ﬁrmus,
1397 2073 1425 2097 et
1440 2074 1554 2096 vocatur
1566 2073 1679 2096 euinctus
1691 2069 1733 2096 lo-

948 2122 997 2142 cus
1011 2115 1069 2142 Dei.
1087 2114 1160 2143 Pone
1179 2115 1251 2142 enim
1264 2115 1406 2142 Dominum
1428 2116 1567 2148 incedens,
1585 2115 1732 2143 ascendit:

948 2169 1037 2188 eorum
1049 2169 1106 2196 qua:
1118 2165 1188 2187 retro
1209 2166 1279 2192 sunt,
1296 2161 1412 2194 oblitus,-
1429 2161 1463 2188 ad
1479 2169 1509 2188 ea
1524 2169 1582 2188 vero
1601 2168 1658 2195 qua:
1672 2166 1733 2188 sunt

949 2210 1019 2237 ante,
1031 2206 1107 2232 enixe
1122 2206 1282 2232 contendent
1294 2206 1326 2238 '°,
1340 2205 1419 2233 linem
1433 2205 1483 2233 sibi
1497 2211 1649 2241 proponens
1659 2209 1735 2232 stare

949 2258 1011 2278 cum
1034 2250 1089 2278 Deo
1114 2252 1140 2278 in
1164 2251 1224 2277 loco
1246 2255 1340 2278 sancto
1362 2252 1442 2285 ejus:
1460 2251 1494 2278 ad
1518 2258 1598 2285 quem
1624 2255 1733 2285 oportet

950 2297 1080 2324 ascendat
1098 2301 1124 2324 et
1138 2302 1192 2324 stet
1207 2297 1253 2331 qui
1277 2297 1447 2332 evangelizat
1469 2296 1545 2330 Sion,
1561 2301 1588 2324 et
1600 2296 1633 2323 ad
1651 2304 1731 2331 quem

949 2350 1032 2377 quum
1047 2344 1214 2378 pervenisset
1237 2343 1344 2378 Moyses
1354 2363 1362 2375 ,
1376 2343 1415 2370 ait
1430 2342 1467 2370 illi
1480 2342 1552 2370 Deus
1567 2351 1573 2369 :
1589 2341 1628 2369 Tu
1643 2347 1733 2369 autem

947 2388 983 2415 ibi
1000 2393 1040 2415 sta
1060 2396 1160 2415 mecum
1177 2389 1209 2415 ³⁷.
1225 2387 1295 2421 Quin
1315 2389 1396 2416 etiam
1407 2386 1524 2420 ,Statuit
1537 2395 1616 2422 super
1630 2391 1733 2420 petram

948 2435 1025 2469 pedes
1048 2442 1118 2461 meos
1139 2433 1174 2467 ³⁸,
1196 2440 1324 2469 tanquam
1346 2440 1427 2468 super
1452 2433 1524 2460 aliud
1547 2432 1731 2460 sanctuariutn

948 2480 1042 2506 dicunt
1069 2480 1221 2515 prophetas.
1254 2478 1336 2506 Petra
1360 2483 1446 2505 autem
1469 2483 1524 2504 erat
1551 2477 1671 2505 Christus
1697 2477 1731 2504 ".

946 2524 1005 2552 Jam
1024 2531 1088 2552 vero
1106 2525 1167 2559 quis
1185 2525 1281 2551 harum
1305 2524 1516 2559 promissionum
1540 2529 1650 2558 compos
1673 2522 1731 2555 ﬁat;

946 2571 1047 2598 dictum
1063 2576 1105 2598 est
1119 2570 1215 2597 melius
1232 2571 1258 2597 in
1275 2571 1379 2604 psalmo
1392 2571 1498 2598 decimo
1514 2574 1622 2605 quarto.

137 2679 159 2715 ’ἒ
171 2679 240 2708 Psal.
260 2688 381 2708 Lxxxvm
394 2701 401 2712 ,
419 2681 468 2714 5|,
488 2681 532 2709 δι.
563 2683 586 2699 ’⁸
602 2682 682 2710 Hebr.
701 2691 751 2714 ιιι,
771 2683 798 2710 6.
840 2683 863 2699 ”
877 2683 895 2710 Ρ

965 2691 1049 2714 mu.
1065 2684 1092 2712 2.
1111 2683 1138 2715 4,
1153 2683 1179 2710 6.
1223 2683 1242 2698 ³¹
1259 2683 1402 2713 ΡτονΛιιι,
1418 2682 1463 2709 24.
1495 2683 1517 2698 "
1539 2681 1620 2710 llebr.
1636 2689 1685 2715 xu.
1703 2682 1731 2710 6.

113 2713 132 2730 ³³
150 2714 221 2742 Psal.
242 2723 324 2746 LXXV,
342 2715 373 2742 ‘2.
414 2715 436 2731 ³⁸

114 2757 197 2783 nux,
209 2751 236 2778 5.
277 2751 300 2767 "
313 2751 397 2778 lCor.
410 2758 438 2784 ι,
451 2750 478 2779 4.

143 2829 196 2863 (54)
211 2829 295 2857 Forte
311 2830 336 2855 st
356 2837 405 2864 pro
416 2829 457 2856 οὺ.

142 2864 194 2900 (55)
215 2864 349 2901 Confert.
364 2863 422 2898 Xll,
435 2865 485 2892 loc.
499 2864 545 2891 cit.

491 2717 562 2746 Psul.
578 2726 656 2751 xxnt,
674 2719 698 2748 l.
746 2710 768 2734 ³⁵
785 2718 860 2746 .loan.
878 2726 895 2750 ι¹

968 2710 973 2711 ⁷
997 2719 1020 2734 ³ο
1035 2710 1150 2753 Philipp.
1165 2727 1206 2751 III,
1227 2718 1266 2747 93.
1310 2717 1331 2732 ³⁷
1351 2710 1436 2744 Exod.
1454 2725 1546 2750 nxtv,
1559 2717 1586 2744 2.
1616 2716 1639 2733 ⁸⁸
1659 2710 1733 2745 Ρὶδι.

1057 2827 1227 2865 Inscribitur.
1244 2827 1376 2865 Origems,
1395 2829 1509 2865 Didymi,
1525 2830 1642 2858 Eusebii.

983 2862 1039 2898 (57)
1052 2863 1187 2899 Origenis,
1204 2863 1319 2898 Didymi.
