1918 3069
197 108 247 136 “9

619 105 900 135 SL‘PPLEMENTUM
918 107 961 134 AD
977 105 1139 134 ORlGENlS
1157 104 1362 133 EXEGETICA.

1767 104 1824 133 ιεθ

193 168 321 203 jnsmodi,
339 167 431 196 felices
444 175 490 195 eos
502 167 606 194 videns.
623 167 772 202 Parumper
785 169 856 196 enim
877 168 975 195 ﬂoren-

1036 167 1122 203 ιάριζε
1135 167 1200 199 τοὺς
1216 166 1362 198 τοιούτους,
1380 165 1559 201 εὖθηνοῦντας
1574 164 1655 200 ὁρῶν.
1671 165 1744 200 Πρὸς
1760 165 1822 192 ολί-

195 220 247 247 tcs,
265 222 328 241 mox
342 220 477 241 arescunt.
493 211 585 239 Omnis
596 214 664 240 enim
675 221 747 246 caro,
762 214 850 248 fenum
864 215 896 241 ⁸⁷.
911 213 979 247 Quid

194 268 258 296 ergo
273 260 417 287 zelatorem
437 259 549 292 habent,
566 259 611 293 qui
629 259 662 286 ad
682 260 764 287 breve
778 261 887 295 aliquod
907 266 977 287 tem-

194 314 244 341 pus
258 309 411 338 vernantes,
427 311 489 331 cras
519 304 545 331 in
567 303 704 331 clibanum
727 306 890 333 mittuntur?
910 306 979 333 sicut

195 352 259 378 dicit
275 350 409 378 Salvator.
441 349 534 384 Neque
559 352 632 378 enim
659 351 701 379 fas
721 356 762 379 est
782 352 871 379 dicere
896 360 979 379 aemu-

195 398 299 425 landam
313 404 374 425 esse
389 397 540 425 volentibus
557 398 636 433 digne
649 398 751 432 vivere,
764 402 977 425 momenlaneam

193 443 398 478 malignantium
415 443 583 472 felicitatem.
603 444 671 478 Quin
686 445 777 480 potius
800 444 978 472 consideran-

194 491 267 523 dum,
284 497 365 525 quem
378 490 458 518 tinem
475 491 602 518 habitura
620 492 741 527 sitoptio
756 491 817 519 vita:
829 490 977 525 ﬂagitiosae.

192 535 231 564 Ne
249 535 330 572 igitur
345 536 415 570 zela,
437 536 535 571 inquit,
555 537 680 564 homines
704 535 868 570 huiusmodi,
893 542 979 570 neque

193 582 321 610 exciteris
346 583 379 610 ad
403 583 583 610 imitationem
609 590 704 610 eorum
727 582 772 617 qui
790 586 899 616 peccata
916 581 979 608 dili-

193 633 270 665 gunt,
291 629 397 657 tametsi
414 629 557 657 videantur
582 629 685 656 habere
710 628 790 662 hujus
805 630 866 655 vitae
885 627 978 655 ohlec-

194 679 325 703 lamenta.
342 675 413 710 Fuge
428 675 510 710 igitur
537 674 642 703 similes
662 674 746 701 animi
773 673 977 708 propensiones,

194 729 254 756 qua:
267 721 360 749 futura
374 726 437 748 sunt
452 722 638 749 considerans.
656 720 716 747 Non
734 719 806 747 enim
823 720 849 747 in
863 719 921 747 istis
935 727 979 746 res

194 773 327 803 perpetuo
345 772 434 795 erunt.
452 767 599 802 Propterea
612 765 750 802 subiungit
761 765 906 798 :annium
920 770 979 792 tan-

194 823 273 850 quam
287 815 374 849 fenum
400 814 452 840 cito
475 817 602 846 arescent,
629 818 700 841 etut
723 812 794 839 olera
810 811 907 848 (herbw
926 813 977 838 cito

194 861 314 888 excident
327 861 359 887 ⁵⁵.

195 918 227 946 γ.
241 918 268 946 5.
282 917 365 953 Spera
379 918 405 944 in
421 916 574 948 Dominum,
587 921 611 943 et
626 916 678 953 fac
685 915 842 953 bonitatem,
855 918 880 941 et
894 914 979 942 ineole

323 957 431 986 terram,
445 956 470 979 et
487 953 602 987 pasceris
622 952 648 978 in
661 951 760 978 divitiis
775 950 842 985 ejus.

227 1019 257 1047 Id
269 1024 320 1052 est,
336 1020 418 1055 dilige
431 1024 572 1055 acceptum
583 1020 750 1054 probumque
759 1019 843 1045 videri
857 1026 864 1050 ;
880 1019 923 1045 siti
937 1025 980 1045 sa-

193 1073 303 1093 crorum
318 1066 513 1093 charismatum
530 1064 728 1100 possessionem
744 1073 750 1091 :
769 1071 828 1090 ama
840 1071 899 1098 qu:e
911 1063 980 1097 apud

195 1117 304 1140 sanctos
328 1112 356 1139 in
378 1112 482 1139 honore
505 1116 579 1143 sunt,
597 1115 624 1138 et
649 1118 732 1144 penes
757 1110 840 1137 Deum
863 1110 936 1137 velut
953 1109 979 1136 in

196 1161 324 1186 thesauro
343 1158 494 1185 recondita.
510 1156 544 1183 Et
567 1157 609 1191 {ac
625 1156 766 1183 bonitatem
781 1163 789 1182 ;
804 1160 834 1182 ut
853 1155 874 1182 si
895 1155 980 1182 dixis-

193 1209 238 1232 set
251 1204 338 1232 telluri
354 1213 361 1232 :
377 1203 431 1231 Fac
451 1204 521 1230 hunc
540 1203 669 1230 fructum.
691 1202 736 1229 Sic
753 1202 798 1229 tibi
816 1201 981 1228 auditoridi-

194 1252 319 1278 vitiorum
332 1250 571 1282 documentorum,
595 1248 631 1275 Da
654 1255 736 1283 agro,
749 1247 815 1274 dicit
839 1246 956 1274 Verbum
972 1255 978 1273 :

195 1297 239 1324 l'ac
249 1296 410 1328 bonitatem,
432 1302 492 1330 quae
512 1302 582 1321 unus
596 1297 637 1321 est
651 1302 682 1321 ex
703 1293 835 1320 fructibus
850 1291 979 1327 Spiritus.

195 1343 328 1372 Bonitatis
344 1349 442 1370 nomen
456 1341 507 1369 hoc
524 1340 584 1367 loco
603 1339 738 1374 signiﬁcat
751 1346 859 1366 omnem
872 1338 980 1365 modum

194 1390 316 1418 virtutis.
332 1389 365 1416 Et
381 1387 465 1415 incole
480 1395 554 1414 secus
570 1392 667 1414 terram
684 1386 718 1418 l";
736 1385 866 1413 insistens
879 1384 982 1411 sollici~

196 1436 283 1464 tudini
296 1440 323 1463 et
336 1434 422 1462 cultui
433 1433 531 1461 anima:
548 1442 554 1459 :
568 1433 636 1465 Quia
651 1432 824 1467 quodcunque
836 1431 981 1458 seminave-

196 1484 230 1510 rit
245 1483 333 1515 homo,
350 1481 416 1508 illud
436 1485 459 1507 et
475 1484 551 1506 metet
570 1479 602 1506 °°.
619 1478 747 1506 Fortasse
768 1482 871 1504 terram
890 1477 981 1511 appel-

197 1526 236 1553 lat
246 1525 376 1553 divinitus
390 1524 551 1558 inspiratam
568 1522 749 1557 Scripturam,
770 1522 797 1549 in
810 1529 862 1557 qua
881 1522 981 1549 divitia;
996 1520 1016 1548 ϐ

197 1576 355 1600 sanctorum
370 1575 443 1604 sunt,
458 1571 486 1598 id
498 1568 981 1604 estpromissiones.Admonetetiam

197 1623 228 1646 ut
241 1618 343 1653 iugiter
356 1622 493 1645 sectemur
512 1616 602 1644 divina
614 1616 733 1650 eloquia,
746 1623 839 1642 amore
850 1615 982 1642 honorum

196 1672 258 1700 qute
284 1664 309 1692 in
329 1664 383 1691 illis
400 1664 518 1698 reposita
543 1667 605 1690 sunt
624 1669 674 1696 pro
697 1661 810 1689 sanctis.
827 1661 877 1689 Vel
894 1661 984 1696 posuit

197 1711 281 1738 incola
293 1718 342 1745 pro
351 1709 460 1737 insoles.
481 1709 593 1736 Terram
609 1716 673 1735 vero
689 1715 748 1735 eam
766 1707 911 1742 dicit,quze
930 1706 983 1733 mi-

199 1758 271 1785 tibus
285 1757 390 1785 scilicet
406 1755 539 1791 promissa
556 1760 618 1788 est;
637 1755 663 1781 in
678 1762 731 1789 qua
748 1761 809 1780 cum
826 1753 918 1785 fueris,
934 1760 983 1788 pa-

197 1804 292 1837 sceris,
305 1803 402 1838 inquit,
413 1803 439 1830 in
454 1801 555 1831 divitiis
565 1801 634 1836 ejus.
644 1800 749 1828 Divitiae
758 1807 838 1835 porro
852 1806 984 1833 supremae

199 1850 329 1882 civitatis,
343 1853 383 1877 est
404 1848 557 1876 divinorum
574 1847 709 1874 donorum
728 1846 847 1881 locuples
862 1845 982 1880 largitio.

198 1896 316 1924 Fortean
345 1894 522 1923 tabernaculo
543 1893 676 1921 assimilat
698 1892 891 1926 temporariam
915 1892 985 1919 hanc

200 1943 295 1976 vitam,
319 1942 428 1976 vultque
451 1945 481 1968 ut
502 1947 551 1968 nos
563 1947 596 1967 ea
611 1943 717 1966 utamur
729 1958 736 1969 ,
753 1937 836 1964 veluti
858 1938 985 1965 taberna-

200 1989 262 2017 culo
282 1989 309 2015 in
330 1987 456 2019 transitu,
479 1987 645 2020 imperantes
665 1984 719 2017 illi,
737 1990 906 2018 nequaquam
920 1991 986 2011 vero

199 2036 288 2064 eidem
306 2033 435 2068 subjecti,
449 2037 611 2065 utentesque
625 2038 657 2059 ea
671 2031 704 2058 ad
715 2031 742 2057 id
757 2029 829 2064 quod
843 2030 919 2062 utile,
932 2037 984 2056 non

200 2081 272 2115 quod
287 2080 382 2114 volupe
402 2079 493 2106 fuerit.
518 2077 574 2104 Hoc
587 2077 659 2104 enim
676 2081 757 2111 pacto
778 2083 918 2111 pascemur
936 2075 986 2103 sub

201 2127 316 2155 Pastore
335 2126 407 2153 bono
425 2134 432 2152 :
447 2125 468 2152 si
491 2132 551 2159 quae
572 2129 636 2151 sunt
657 2122 810 2149 divinorum
833 2122 985 2156 dogmatum

1031 223 1078 248 γον
1096 214 1148 248 γὰρ
1165 212 1321 245 ἀνθοῦντες,
1344 212 1525 248 ξηραίνονται.
1541 211 1628 240 Πᾶσα
1649 211 1704 247 γὰρ
1725 212 1808 246 σὰρξ
1811 231 1822 244 ,

1030 261 1146 294 χόρτος.
1165 259 1197 287 Τί
1213 257 1258 286 οὖν
1282 259 1372 294 ἔχουσι
1390 259 1519 294 ζηλωτὸν,
1541 258 1653 291 οἵτινες,
1672 258 1740 293 πρὸς
1759 258 1822 284 ὀλί-

1029 315 1077 340 γον
1097 306 1282 341 ἀνθήσαντες,
1309 305 1403 340 αὔριον
1429 305 1468 336 είς
1492 303 1617 330 κλίὸανον
1653 304 1820 339 βάλ).ονταῖ;

1030 352 1101 379 καθά
1116 361 1197 388 φησιν
1208 354 1222 379 ό
1236 353 1341 388 Σωτήρ.
1355 352 1391 378 Οὐ
1409 351 1463 387 γάρ
1478 359 1519 377 τοι
1537 350 1618 386 φαίην
1631 350 1664 377 ἂν
1675 349 1744 378 εἶναί
1756 360 1822 384 πως

1029 399 1208 434 ἀξιοζήλωτον
1228 399 1283 431 τοῖς
1299 398 1420 425 ἐθέλουσι
1440 397 1489 432 ζῇν
1510 396 1682 432 ἀξιοπρεπῶς
1700 398 1748 433 τὴν
1761 398 1822 424 τῶν

1029 446 1252 482 πονηρευομένων
1275 445 1442 480 πρόσκαιρον
1465 444 1625 480 εὐημερίαν.
1652 444 1767 471 Ἐννοεῖν
1789 445 1822 471 δὲ

1029 492 1080 528 χρὴ
1102 492 1200 527 μᾶλλον
1223 493 1263 525 είς
1285 489 1340 519 οἷον
1356 491 1501 527 ἐκϐήσεται
1528 490 1615 526 πέρας
1645 490 1676 516 τὺ
1695 489 1822 516 διαϐιοῦν

1029 537 1135 564 ἑλέσθαι
1160 538 1262 570 κακῶς.
1284 538 1330 573 Μὴ
1354 537 1444 564 τοίνυν
1472 535 1553 572 ζήλου
1577 537 1640 568 τοὺς
1664 535 1822 569 τοιούτους,

1029 584 1112 620 φησι,
1139 584 1207 620 μηδὲ
1231 584 1404 620 κατερεθίζου
1429 584 1497 619 πρὸς
1524 583 1639 619 μίμησιν
1661 583 1716 610 τῶν
1737 584 1823 618 φιλα-

1031 631 1221 666 μαρτημόνων,
1235 630 1287 657 κᾶν
1302 631 1326 657 εί
1341 630 1443 657 δοκοῖεν
1458 630 1529 665 ἔχειν
1545 629 1595 661 τὰς
1608 630 1637 656 ὲν
1650 629 1689 665 τῷ
1703 630 1822 666 παρόντι

1029 675 1079 712 βίῳ
1093 676 1207 712 τρυφάς.
1220 675 1306 709 Φεῦγε
1327 672 1373 702 οὖν
1395 675 1444 711 τὴν
1462 674 1629 711 ἰσορροπίαν,
1647 675 1686 706 είς
1704 674 1740 701 τὰ
1756 674 1822 701 €66-

1030 731 1097 758 μενα
1118 722 1240 756 βλέπων”
1259 723 1290 749 οὐ
1309 721 1363 758 γὰρ
1379 722 1408 748 ἐν
1424 721 1528 752 τούτοις
1545 721 1619 747 ἔσται
1634 721 1765 757 διηνεκῶς
1785 721 1824 747 τὰ

1028 768 1188 803 πράγματα.
1213 767 1258 794 Διὸ
1282 768 1395 801 ἐπάγειν
1422 767 1482 793 ’Ὁτι
1508 767 1579 793 ὡσεὶ
1603 768 1710 801 χόρτος
1741 767 1822 801 ταχὺ

1028 813 1340 847 ἁποξηρανθὴσονται,
1358 813 1406 840 καὶ
1419 813 1490 839 ὡσεὶ
1505 812 1623 847 λάχανα
1634 814 1729 848 χλόης
1741 812 1822 847 ταχὺ

995 851 1015 878 Β
1029 860 1263 888 ἀποπεσοῦνται.

1029 906 1103 941 Στίχ.
1115 909 1149 940 γ’.
1170 906 1316 932 ’Ἐλπισον
1329 905 1378 941 ἐπι
1395 906 1514 939 Κύριον,
1531 905 1578 941 καὶ
1596 905 1672 941 ποίει
1690 905 1825 939 χρηστό-

1063 939 1147 976 τητα,
1170 941 1219 976 καὶ
1238 939 1431 976 κατασκήνοιι
1457 941 1513 975 τὴν
1534 940 1601 976 γῆν,
1624 939 1674 967 καὶ
1691 948 1822 975 ποιμαν-

1064 975 1144 1010 θήσῃ
1161 975 1201 1008 τῷ
1221 977 1341 1007 πλούτῳ
1357 975 1462 1009 αὐτῆς.

1064 1021 1118 1057 (62)
1137 1022 1291 1054 Τουτέστιν,
1311 1021 1464 1058 Ἀγᾶπησον
1477 1022 1507 1048 τὸ
1524 1022 1689 1057 εὐδοκιμεῖν·
1705 1022 1821 1057 Siti/11309

1029 1067 1083 1094 τῶν
1097 1068 1176 1103 ἱερῶν
1188 1068 1363 1104 χαρισμάτων
1374 1069 1423 1104 τὴν
1434 1068 1528 1103 κτῆσιν
1537 1077 1543 1085 α
1558 1069 1699 1104 ἀγάπησον
1713 1068 1748 1095 τὰ
1763 1070 1822 1100 τοῖς

1030 1114 1118 1148 ἁγίοις
1140 1114 1312 1150 τετηρημένα
1335 1115 1381 1141 καὶ
1398 1115 1473 1150 παρὰ.
1488 1114 1548 1150 Θεῷ
1570 1115 1821 1151 τεθησαυρισμένα.

1032 1161 1084 1187 Καὶ
1108 1160 1185 1187 ποίει
1210 1162 1414 1195 χρηστότητα·
1443 1162 1479 1193 ὼς
1505 1163 1528 1188 εἰ
1555 1161 1630 1195 ἔλεγε
1723 1161 1822 1196 ἀγρῷ’

1031 1207 1105 1233 Ποίει
1124 1207 1198 1234 τόνδε
1214 1208 1260 1234 τὸν
1276 1208 1392 1243 καρπόν.
1409 1207 1502 1240 Οὕτως
1523 1217 1562 1235 σοι
1576 1207 1614 1243 τῷ
1629 1208 1749 1243 ἀκροατῇ
1766 1207 1824 1234 τῶν

1031 1252 1108 1279 θείων
1124 1253 1292 1288 μαθημάτων
1303 1262 1309 1269 ·
1331 1253 1380 1285 Δὶς
1394 1254 1486 1289 ἀγρῷ,
1501 1253 1582 1289 φησὶν
1595 1255 1609 1280 ὁ
1627 1254 1711 1287 Δλόγος
1722 1262 1729 1268 ·
1749 1253 1824 1280 ποίει

1031 1300 1212 1336 χρηστότητα,
1226 1301 1286 1335 ἣτις
1304 1301 1352 1336 μία
1365 1301 1424 1327 ἐστὶ
1438 1301 1491 1327 τῶν
1508 1301 1622 1336 καρπῶν
1634 1300 1680 1327 τοῦ
1694 1299 1825 1335 Πνεύμα-

1030 1355 1084 1378 τος.
1108 1346 1144 1372 Τὸ
1166 1345 1219 1380 τῆς
1242 1348 1449 1381 χρηστότητος
1470 1347 1554 1382 ὄνομα
1570 1347 1685 1374 ἐνταῦθα
1699 1355 1824 1382 καταση-

1033 1392 1122 1428 μαίνει
1147 1393 1236 1420 πάντα
1257 1393 1358 1428 τρόπον
1379 1393 1486 1428 ἀρετῆς.
1511 1393 1564 1420 Kal
1588 1394 1716 1420 κατοίκει
1741 1394 1826 1427 παρὰ

1032 1437 1088 1472 τὴν
1109 1438 1181 1473 γῆν·
1196 1438 1411 1474 προσ-διατρίϐων
1435 1441 1468 1475 τῇ
1494 1439 1544 1474 τῆς
1567 1439 1656 1474 ψυχῆς
1678 1439 1826 1474 ἐπιμελείᾳ

1032 1485 1080 1512 καὶ
1093 1485 1215 1521 γεωργίᾳ
1224 1493 1231 1500 ⁸
1250 1485 1313 1512 Ὅτι
1328 1484 1344 1512 ὃ
1354 1485 1408 1512 ἐὰν
1424 1486 1533 1519 σπείρῃ
1546 1486 1710 1519 ἅνθρωπος,
1725 1485 1826 1512 ἐκεῖνο

1033 1530 1082 1556 καὶ
1093 1530 1214 1564 θερίσει.
1229 1531 1308 1562 Ἴσως
1323 1530 1351 1557 δὲ
1365 1530 1428 1565 γῆν,
1441 1530 1489 1566 τὴν
1503 1531 1679 1557 θεόπνευστον
1695 1529 1826 1566 ὀνομάζει

1033 1576 1161 1611 Γραφὴν,
1176 1577 1204 1603 ὲν
1268 1577 1282 1603 ό
1303 1576 1415 1608 πλοῦτος
1437 1576 1491 1604 τῶν
1515 1576 1616 1610 ἁγίων,
1641 1577 1779 1604 τουτέστιν
1795 1577 1826 1604 al

1033 1620 1203 1654 ἐπαγγελίαι.
1220 1621 1274 1648 Καὶ
1289 1623 1417 1657 παραινεῖ
1437 1622 1583 1654 διαπιντδς
1602 1621 1657 1649 τῶν
1672 1621 1751 1648 θείων
1765 1622 1828 1658 ἔχεο

1035 1664 1095 1691 σθαι
1118 1664 1225 1699 λογίων⁹
1246 1665 1327 1701 ἔρωτι
1350 1665 1403 1692 τῶν
1418 1667 1446 1692 ὲν
1460 1666 1550 1701 αυτοῖς
1564 1667 1752 1701 ἀτωκειμένων
1768 1668 1827 1698 τοῖς

1035 1710 1120 1743 ἁγίοις
1135 1709 1255 1744 ἀγαθῶν.
1266 1710 1301 1736 Ἦ
1315 1710 1344 1736 τὺ
1360 1710 1409 1746 μὲν
1421 1710 1613 1743 κιιτασκὴνου
1627 1711 1749 1737 τέθεικεν
1762 1711 1827 1737 ἀντὶ⁹

1034 1756 1080 1782 τοῦ
1095 1755 1339 1789 κατασκηνώσεις
1349 1764 1356 1770 ·
1374 1757 1424 1792 γῆν
1443 1757 1471 1783 δὲ
1491 1757 1597 1792 ἐκείνην
1613 1756 1686 1791 λέγει
1703 1756 1752 1792 τὴν
1768 1758 1828 1788 τοῖς

1035 1803 1149 1839 πραὲσιν
1165 1803 1372 1839 ἐπηγγελμένην
1384 1803 1503 1838 δηλονότι
1513 1812 1520 1817 ·
1538 1804 1567 1830 ὲν
1622 1803 1750 1838 γεγονὼς,
1766 1813 1828 1831 ποι-

1037 1849 1171 1885 μανθὴσῃ.
1189 1849 1287 1884 φησιν,
1303 1850 1348 1876 ἐπὶ
1369 1849 1408 1885 τῷ
1424 1849 1530 1885 πλούτῳ
1549 1849 1642 1885 αὐτῆς.
1659 1850 1776 1882 Πλοῦτος
1797 1851 1826 1877 δὲ

1035 1896 1082 1931 τῆς
1098 1896 1153 1922 ἄνω
1166 1895 1303 1930 πόλεως,ή
1318 1895 1372 1922 τῶν
1387 1895 1465 1922 θείων
1481 1896 1656 1932 χαρισμάτων
1666 1897 1827 1932 ἀμφιλαφὴς

1036 1941 1161 1977 χορηγία.
1178 1942 1254 1976 Τάχα
1273 1941 1301 1968 δὲ
1324 1943 1409 1977 σκηνῇ
1434 1941 1576 1973 ἀπεικάζει
1592 1941 1637 1968 τὸν
1658 1942 1827 1978 πρόσκαιρον

1037 1985 1092 2021 βίον
1106 1994 1112 2001 ·
1128 1987 1174 2012 καὶ
1196 1985 1318 2021 βούλεται
1337 1987 1410 2021 ἡμᾶς
1430 1985 1546 2022 χρᾶσθαι
1570 1986 1659 2020 αὐτῷ,
1682 1987 1720 2017 ὡς
1739 1989 1826 2023 σκηνῇ

1037 2031 1106 2058 κατὰ
1118 2031 1243 2066 πάροδον,
1264 2030 1439 2066 κυριεύοντας
1454 2030 1546 2062 αὑτοῦ,
1567 2032 1597 2057 οὐ
1617 2031 1828 2066 κυριευομένους

1037 2078 1082 2104 ὑπ’
1104 2076 1203 2108 αὑτοῦ,
1219 2077 1266 2103 καὶ
1285 2077 1352 2112 πρὸς
1373 2076 1403 2103 τὸ
1418 2077 1573 2113 συμφέρον,
1595 2077 1625 2103 οὐ
1648 2077 1716 2112 πρὸς
1731 2076 1828 2111 ἡδονὰς

1038 2125 1260 2161 ἀποχρωμένους,
1277 2124 1355 2151 Οὕτω
1366 2124 1420 2160 γὰρ
1434 2124 1675 2160 ποιμανθησόμεθα
1696 2123 1748 2151 ὑπὸ
1762 2124 1826 2151 Ποι-

202 2173 312 2204 divitiae.
330 2171 462 2206 ejusmodi
478 2169 583 2197 fructus
598 2169 769 2204 colligentes,
790 2173 819 2195 ut
836 2168 959 2196 dicamus
977 2177 983 2194 :

1041 2172 1100 2207 μένι
1115 2170 1200 2206 καλῷ,
1213 2171 1240 2196 εἴ
1255 2179 1297 2202 τις
1311 2170 1425 2202 πλοῦτός
1439 2172 1498 2197 ἐστι
1510 2170 1564 2197 τῶν
1580 2170 1659 2197 θείων
1673 2170 1828 2205 δογμάτων,

202 2219 330 2247 Dominus
340 2217 424 2252 pascit
436 2225 487 2249 me,
500 2221 524 2243 et
539 2215 606 2244 nihil
617 2215 679 2243 mihi
691 2216 773 2243 deerit
787 2214 821 2243 υ.

225 2309 256 2338 ν.
273 2309 301 2337 ἃ.
331 2308 467 2337 Oblectare
481 2308 508 2335 in
523 2308 635 2370 Doztino
643 2328 658 2349 ,Ι
668 2312 692 2334 et
710 2308 754 2334 det
771 2306 817 2334 tibi
833 2307 970 2341 petitione:

521 2352 567 2370 cor
586 2349 669 2370 utut.

521 2349 607 2371 εοιάιε
620 2349 669 2370 tut.

239 2394 298 2422 Mos
309 2397 351 2421 est
368 2388 516 2426 Scriptura:
531 2388 703 2416 introducere
720 2387 788 2415 duos
804 2387 944 2419 homines;
961 2392 988 2415 et

203 2439 396 2476 propemodum
407 2437 497 2473 omnia
506 2443 566 2470 qua:
578 2439 641 2463 sunt
655 2434 799 2469 sequioris,
814 2434 895 2461 habet
907 2434 988 2460 etiam

204 2487 250 2523 qui
271 2483 445 2521 prastantior
465 2486 517 2510 est.
539 2481 586 2508 Est
604 2481 675 2508 enim
696 2480 803 2515 quidam
828 2480 906 2507 cibus
920 2479 990 2506 inte-

205 2535 288 2563 rioris
310 2539 421 2568 quoque
443 2528 581 2559 hominis,
603 2534 657 2561 quo
682 2526 713 2553 de
736 2526 857 2553 dicitur:
875 2524 938 2556 Non
959 2525 991 2552 de

205 2589 273 2616 pane
287 2579 343 2607 solo
360 2579 423 2606 vivet
437 2577 525 2609 homo,
544 2574 589 2601 sed
607 2573 634 2600 in
649 2572 720 2600 omni
740 2571 816 2599 verbo
835 2573 991 2605 procedente

206 2635 239 2654 es
256 2634 300 2654 ore
312 2625 360 2653 Dei
372 2625 405 2650 ".
418 2623 466 2650 Est
482 2627 508 2650 et
518 2621 628 2656 quidam
640 2623 718 2654 polus
733 2617 870 2645 :Bibimus
881 2617 948 2644 enim
959 2617 992 2644 de

205 2671 320 2706 spiritali
331 2672 453 2705 sequente
464 2672 538 2702 petra
551 2666 585 2693 ".
601 2664 695 2692 itidem
709 2663 910 2691 vestimentum.
922 2664 992 2695 Qua-
1008 2656 1012 2660 ”

208 2717 329 2744 tuohrem
349 2718 476 2750 peccator
500 2712 586 2739 induit
602 2710 812 2738 maledictionem
830 2708 898 2735 sicut
919 2707 992 2734 vesti-

243 2763 264 2780 "
277 2761 432 2792 lsai.xr..6.
470 2760 493 2776 ⁸⁸
511 2759 581 2788 Psal.
603 2766 697 2793 xxxvr,
713 2758 742 2787 2.
780 2757 803 2774 ¹⁹
817 2755 887 2784 Psal.
908 2763 989 2783 xxxvi

1038 2778 1045 2784 .
1083 2757 1106 2773 '°
1116 2757 1204 2785 Galat.
1218 2765 1257 2789 γι,
1270 2758 1298 2785 8.
1334 2755 1355 2771 ⁶¹
1367 2754 1438 2782 Psal.
1456 2763 1525 2789 xm,
1544 2756 1570 2782 Ι.

209 2799 232 2815 ω
247 2798 330 2826 iCor.
343 2805 369 2836 ξ.
383 2797 410 2824 ιι.

246 2845 302 2881 (6‘2)
317 2844 422 2881 Cyrilli,
444 2843 552 2878 Origen.

1038 2216 1132 2243 τοῦτον
1148 2216 1341 2251 καρπούμενοι,
1352 2216 1421 2242 ὥστε
1435 2215 1524 2250 λέγειν
1537 2225 1542 2231 ·
1556 2216 1664 2250 Κύριος·
1678 2216 1830 2251 ποιμαίνει

1041 2271 1084 2294 ιιε,
1103 2263 1153 2289 καὶ
1167 2261 1256 2288 οὐδέν
1271 2270 1309 2296 με
1320 2261 1492 2295 ὐστερήσει.

1040 2309 1111 2343 Στίχ.
1128 2308 1159 2334 δ’.
1182 2307 1486 2343 Κιιτατρύφιισοιίτοῡ
1509 2308 1627 2341 Κυρίου,
1641 2307 1691 2334 καί
1708 2307 1768 2342 δῴη
1779 2315 1830 2335 σοι

1192 2344 1228 2370 τὰ
1243 2342 1387 2377 αἰτήματα
1398 2342 1453 2376 τῆς
1467 2343 1589 2376 καρδίας
1608 2351 1675 2370 σου.

1076 2388 1131 2423 (65)
1147 2388 1225 2420 ’Ἑοος
1238 2390 1272 2423 τῇ
1285 2389 1380 2424 Γραφῇ
1397 2388 1442 2414 δύο
1457 2387 1617 2423 ἀνθρώπους
1629 2388 1749 2422 εἰσάγειν
1759 2395 1767 2403 ³
1784 2389 1832 2415 καὶ

1042 2435 1134 2470 σχεδὸν
1148 2435 1235 2461 πάντα
1251 2434 1285 2461 τὰ
1304 2434 1350 2460 τοῦ
1371 2434 1492 2470 χείρονος
1513 2434 1569 2468 ἔχει
1585 2434 1631 2460 καὶ
1653 2434 1667 2459 ὁ
1686 2433 1829 2469 κρείττων.

1043 2482 1120 2508 Ἐστι
1133 2481 1186 2516 γάρ
1199 2489 1240 2512 τις
1252 2480 1337 2516 τροφὴ
1351 2481 1398 2507 καὶ
1412 2480 1458 2507 τοῦ
1472 2480 1525 2507 ἔσω
1539 2479 1691 2516 ἀνθρώπου,
1706 2480 1772 2515 περὶ
1798 2477 1832 2515 ἦς

1041 2526 1164 2560 λέγεται·
1180 2526 1241 2552 Οὐκ
1262 2525 1307 2551 ἐπ’
1327 2525 1405 2559 ἄρτῳ
1425 2526 1510 2559 μόνῳ
1526 2523 1644 2557 ζήσεται
1665 2524 1831 2558 ἄνθρωπος,

1043 2572 1110 2599 ἀλλ’
1119 2572 1152 2597 ὲν
1161 2570 1250 2597 παντὶ
1260 2570 1370 2605 ῥήματι
1388 2569 1612 2604 ἐκπορευομένῳ
1622 2569 1670 2596 διὰ
1682 2570 1831 2604 στόματος

1045 2617 1128 2644 Θεοῦ.
1146 2617 1223 2643 Ἐστι
1234 2625 1261 2644 τι
1282 2617 1328 2643 καὶ
1344 2616 1424 2643 ποτόν
1437 2615 1640 2650 -Πίνομεντὰρ
1655 2615 1690 2641 ἐκ
1705 2623 1832 2647 πνευμα-

1043 2662 1129 2698 τικῆς
1148 2663 1377 2698 ἀκολουθούσης
1396 2662 1516 2696 πέτρας.
1533 2662 1587 2688 Καὶ
1607 2661 1707 2697 ἔνδυμα
1719 2670 1726 2676 ·
1743 2661 1805 2687 ὅθεν
1819 2663 1833 2688 ό

1046 2710 1095 2746 μὲν
1112 2709 1272 2746 ἁμαρτωλὸς
1294 2708 1456 2735 ἐνεδύσατο
1472 2707 1603 2742 κατάραν
1619 2708 1659 2741 ὼς
1678 2706 1803 2742 Ιμάτιον,
1816 2709 1832 2734 ό

1608 2755 1630 2771 θ’
1641 2753 1738 2781 Matth.
1754 2761 1792 2786 IV,
1803 2754 1829 2780 4.

1087 2837 1143 2870 (65)
1158 2837 1256 2866 Confer
1269 2837 1336 2864 edita
1349 2835 1453 2865 Latina.
