1918 3069
54 129 98 156 ιέὶ
633 129 819 158 EXCERPTA
838 129 848 156 Ι

903 129 1059 158 ’SALMOS.

1644 127 1696 155 122

93 188 198 220 δίκαιος
211 189 267 215 τὸν
287 190 404 224 Κύριον
420 176 541 226 ’ὶησοῦν
550 211 557 224 ,
571 192 620 219 καὶ
634 192 796 228 σπλάγχνα
815 194 850 220 ol-

907 197 1022 219 mentum
1035 190 1057 207 “
1071 201 1078 218 :
1094 191 1184 224 justus
1202 197 1268 218 vero
1290 189 1431 217 Dominum
1445 188 1537 216 Iesum
1561 190 1596 222 θ’,
1613 194 1639 216 et
1654 190 1695 215 vi-

54 234 193 268 κτιρμῶν,
212 235 261 261 καὶ
281 238 462 264 πανοπλίαν
481 239 564 266 Θεοῦ.
582 237 676 270 Οὕτως
699 240 712 265 ὁ
731 239 780 273 μὲν
800 239 854 265 τῶν

54 280 138 307 αὑτοῦ
158 281 238 315 μόνον
258 282 368 309 ἀκούων
384 284 472 318 λόγων
486 284 693 320 προτρεπτικῶν
706 285 834 320 τρέφεται
845 293 853 300 ⁵

53 325 69 351 ὁ
81 325 111 351 δὲ
127 326 265 358 ἐπιδιδοὺς
280 327 378 354 ἑαυτὸν
393 330 527 365 ἑρμηνείᾳ
542 330 635 365 νόμου,
646 329 775 365 διηγήσει
790 339 855 366 πρίν

53 372 160 407 ᾳητῶν,
177 373 256 400 λύσει
272 375 437 411 παραϐολῶν
453 376 647 410 εὐαγγελικῶν,
664 377 796 412 σαφηνείᾳ
810 376 854 403 λόο

53 427 111 452 ων
125 419 328 454 ἀποστολικῶν,
340 424 500 458 κατατρυφᾷ
512 422 558 450 τοῦ
575 423 692 458 Κυρίου·
707 423 755 450 καὶ
770 422 854 450 ὲσθίει

52 465 82 491 οὺ
102 465 174 500 πρὸς
186 466 327 502 ἀνάγκην,
343 468 404 495 οὐδὲ
420 468 488 504 πρὸς
501 469 584 505 μόνην
600 470 714 505 τροφήν.
729 469 854 496 Διδάσκει

53 508 100 537 οὖν
113 513 192 546 ἡμᾶς
206 515 418 549 κατατρυφῆσαι
433 515 479 542 τοῦ
494 515 606 551 Κυρίου.
622 516 677 543 Καὶ
688 515 742 552 γὰρ
753 517 767 542 ὁ
778 516 853 548 Θεὸς,

53 557 101 582 ἀπ’
119 557 213 593 ἀρχῆς
238 558 399 595 βουλόμενος
424 562 498 597 ήμᾶς
521 562 628 597 τρυφᾷν
650 561 853 597 πνευματικῶς.

53 603 191 636 ἐφύτευσε
206 605 253 631 τὸν
278 606 442 642 παράδεισον
458 608 509 643 τῆς
532 609 651 644 τρυφῆς,
666 609 714 635 καὶ
732 608 778 635 τὸν
799 616 855 643 χει-

56 648 183 684 μάρρουν
195 650 248 685 τῆς
260 651 367 687 τρυφῆς
381 652 536 688 ἐχαρίσατο.
547 653 642 684 Οὐδεὶς
650 653 678 680 δὲ
689 653 800 680 δύναται
809 654 854 680 καὶ

53 695 139 729 σαρκὶ
152 695 202 721 καὶ
213 696 350 732 πνεύματι
364 699 483 734 τρυφᾷν.
498 699 567 726 Ἀλλ’
578 700 602 726 εἰ
615 700 664 735 μὲν
678 700 759 735 σαρκὶ
773 699 854 736 ἐτρύ-

53 750 154 776 φησεν,
162 742 201 774 ὠς
211 744 226 769 ὁ
237 743 372 776 πλούσιος,
381 745 576 781 στερηθήσεται
587 746 637 781 τῆς
648 745 716 782 μετὰ
729 745 854 781 Ἀϐραὰμ

53 788 166 823 τρυφῆς
177 797 184 803 -
200 789 227 815 εἰ
241 789 269 815 δὲ
286 790 367 825 ἄρτον
383 791 531 824 κακώσεως
547 791 662 826 ἔφαγεν,
676 791 714 824 ὼς
729 793 743 819 ό
758 792 852 828 πένης,

54 833 114 860 ἐκεῖ
127 835 226 870 τρυφᾷ
241 836 290 862 καὶ
301 835 482 863 ἀναπαύεται.

90 970 147 997 Kal
169 970 274 1004 ἄλλως
287 971 331 997 δέ.
353 971 381 998 '0
394 971 496 1008 Κύριος
511 972 667 1008 δικαιοσύνη
683 973 767 1005 ἐστὶν,
787 973 852 1010 ἀλή-

56 1015 128 1047 θεια,
144 1016 236 1049 σοφία,
250 1016 387 1051 ἁγιασμός
398 1026 404 1032 ·
421 1016 468 1044 ἐὰν
481 1018 621 1054 τρυφήσῃς
636 1016 682 1045 οὖν
695 1019 742 1046 καὶ
755 1020 784 1045 ἐν
796 1021 852 1051 τοῖς

55 1062 104 1096 τῆς
122 1061 222 1096 mia;
237 1061 422 1098 θεωρήμασιν,
438 1064 467 1090 ὲν
483 1064 542 1095 ταῖς
557 1063 673 1099 πράξεσι
688 1064 738 1099 τῆς
751 1064 852 1091 δικαιο-

58 1107 150 1142 τὲνής,
166 1107 345 1143 πεπλήρωται
357 1108 386 1135 τό
396 1117 402 1124 ·
419 1110 655 1144 Κατατρύφησον
666 1110 719 1137 τοῦ
729 1110 849 1145 Κυρίου.

59 1153 154 1189 Τρυφὴ
174 1154 331 1190 τοιγαροῦν,
347 1155 377 1181 τὺ
390 1155 492 1182 ἑνοικον
502 1156 572 1192 ἔχειν
587 1157 632 1183 τὸν
652 1157 740 1184 πάντα
753 1157 852 1192 ζωογο-

60 1199 154 1226 νοῦντα
168 1200 236 1227 Θεὸν
251 1199 338 1234 Λόγον
348 1220 355 1232 ,
372 1201 418 1227 τὸν
439 1200 521 1237 ἄρτον
533 1202 582 1238 τῆς
596 1201 669 1238 ζωῆς
680 1212 686 1219 '
706 1204 753 1231 καὶ
771 1204 851 1231 αὑτὸν

61 1243 165 1280 ἔχοντες
181 1246 211 1272 ὲν
233 1246 341 1278 ἑαυτοῖς
353 1266 360 1278 ,
383 1246 523 1282 ληψόμεθα
541 1248 630 1275 πάντα
645 1248 681 1276 τὰ
700 1250 847 1285 αἰτήματα,

60 1292 104 1327 οὖν
115 1291 221 1324 ἁπλῶς,
236 1292 305 1319 ἀλλὰ
319 1292 353 1319 τὰ
366 1285 415 1329 τῆξ
425 1293 548 1329 καρδίας.
561 1295 679 1330 Νοήσεις
692 1295 720 1321 δὲ
733 1295 763 1322 τὺ
776 1295 852 1330 λεγό-

62 1347 148 1372 μενον,
164 1338 212 1364 ἐὰν
226 1340 473 1375 προσωποποιήσῃς
487 1339 602 1367 ἕκαστον
619 1340 673 1368 τῶν
689 1341 787 1377 μελῶν,
804 1342 851 1368 καὶ

61 1384 114 1420 ἴδῃς
135 1384 197 1416 πῶς
223 1385 294 1411 κατὰ
319 1385 400 1420 φύσιν
416 1386 495 1412 αίτεῖ.
515 1385 545 1413 Ὀ
564 1386 629 1421 γοῦν
643 1387 808 1422 ὀφθαλμὸς,
826 1389 850 1415 εἰ

61 1428 113 1465 εἶχε
126 1431 230 1466 φωνὴν,
242 1430 334 1465 ἔλεγεν
347 1431 380 1458 ἄν
395 1440 436 1458 σοι
445 1441 453 1447 ·
470 1432 544 1459 Λίτῶ
559 1433 625 1467 φῶς,
638 1433 706 1460 αῑτῶ
718 1434 851 1470 χρώματα

62 1476 166 1510 βλέπειν
183 1476 342 1512 κατάλληλα
353 1478 364 1503 ἐ
369 1477 423 1512 μοί.
446 1478 481 1505 ’11
493 1478 569 1513 ἀκοή
582 1487 589 1494 ·
603 1479 675 1506 Αίτῶ
695 1479 786 1515 φωνήν
799 1481 850 1515 ἑμ-

63 1523 145 1559 μελῆ,
168 1524 272 1559 ἡδεῖαν.
296 1524 330 1551 Ἡ
351 1525 463 1558 γεῦσις
480 1525 552 1552 Αἰτῶ
573 1525 686 1560 γλυκέα,
707 1526 802 1561 φεύγω
816 1527 851 1554 τὰ

62 1570 152 1605 πικρά.
173 1570 210 1597 Ἦ
227 1570 309 1605 ἁρή-
324 1570 396 1597 Δίτῶ
419 1571 552 1598 ἅπτεσθαι
575 1571 672 1604 λείων,
696 1573 849 1609 τρυφερῶν,

63 1615 218 1651 τροσηνῶν·
234 1617 265 1642 οὑ
282 1616 384 1652 πυρδς,
402 1617 431 1643 οὐ
446 1617 569 1652 τραχέων
579 1637 586 1649 ,
599 1618 659 1644 οὐδὲ
675 1618 848 1645 κεντούντων.

67 1661 106 1693 ’ὓς
117 1659 163 1688 οὖν
176 1662 295 1689 ἑκάστου
308 1663 362 1689 τῶν
379 1663 563 1700 αἰσθητηρίων
576 1665 650 1692 ἐστὶν
663 1665 771 1700 αἴτησις
784 1674 850 1692 κατ-

63 1707 169 1744 illa)»;
182 1709 230 1735 καὶ
248 1709 321 1744 φυγή
334 1717 341 1724 ·
358 1709 404 1736 καὶ
419 1709 557 1745 ὀφθαλμὸς
574 1710 624 1745 μὲν
645 1711 717 1738 αἰτεῖ
735 1711 766 1738 τὸ
782 1711 849 1746 φῶς,

65 1753 76 1788 ἡ
88 1752 222 1789 θσφρησις
232 1753 261 1779 δὲ
273 1753 305 1780 τὸ
319 1754 428 1787 εὐῶδες,
443 1755 459 1790 ή
471 1755 540 1791 ἀκοὴ
556 1755 586 1782 τὸ
605 1756 723 1791 ἐμμελὲς
733 1776 740 1788 ,
755 1757 801 1783 καὶ
816 1756 851 1782 τὰ

64 1799 136 1826 intui
148 1800 253 1836 ὁμοίως
262 1809 269 1816 ·
286 1801 372 1832 οὕτως
385 1802 402 1836 ή
415 1801 512 1837 καρδία
524 1801 559 1828 τὰ
573 1802 706 1837 νοήματα,
724 1802 796 1838 ἅπερ
806 1802 852 1838 λη-

64 1845 161 1880 Muell:
173 1846 251 1882 παρὰ
266 1846 381 1882 Κυρίου,
396 1846 443 1874 ἐὰν
458 1847 541 1883 μηδὲν
553 1847 691 1884 ἀλλότριον
706 1848 755 1884 τῆς
768 1848 850 1875 αὑτοῦ

64 1892 161 1927 τρυσῆς
186 1892 295 1928 ἔχωμεν
316 1893 345 1919 ἐν
365 1894 424 1924 ταῖς
443 1893 576 1929 καρδίαις.
593 1894 660 1921 Τότε
683 1894 852 1930 δυνησόμεθα

64 1937 260 1965 ἀποκαλύπτειν
281 1938 357 1974 αὐτῷ
370 1938 417 1975 τὴν
436 1939 495 1966 ὁδον
511 1939 599 1975 ἡμῶν.
623 1940 783 1967 Ἐποπτεύει
797 1940 851 1975 γὰρ

64 1983 140 2010 ὁτῶν
156 1984 228 2012 ὅλων
250 1985 317 2016 Θεὸς
339 1984 389 2020 τήν
411 1985 466 2012 τῶν
484 1985 636 2022 σεϐομένων
659 1986 742 2013 αὐτὸν
766 1986 851 2022 εὐαγῆ

65 2030 194 2058 πολιτείαν
206 2039 214 2046 ·
233 2031 435 2067 ἀποστρέφεται
454 2032 484 2058 δὲ
498 2031 547 2068 τὴν
566 2032 620 2059 τῶν
633 2032 683 2059 οὐκ
699 2031 786 2068 ὀρθῶς
801 2032 852 2068 ζῇν

66 2077 203 2113 ἑλομένων.
223 2077 305 2104 Ὅθεν
318 2078 426 2113 ἐπάγει·

905 245 978 263 acera
993 236 1180 263 misericorditc
1197 237 1230 270 ⁸⁵,
1243 240 1271 262 et.
1281 236 1411 269 integrum
1424 239 1590 261 armaturam
1604 234 1694 262 Dei".

905 283 1006 310 Eodem
1026 282 1117 314 modo,
1128 282 1172 316 qui
1185 281 1244 317 ejus
1258 282 1392 311 duntaxat
1406 281 1573 308 liortatorios
1590 288 1694 308 sermo-

905 337 953 357 nes
969 328 1060 360 audit,
1082 327 1201 354 nutritur
1218 332 1266 353 :at
1284 328 1330 361 qui
1349 327 1451 354 dedidit
1473 326 1592 360 seipsnm
1608 325 1694 352 inter-

905 375 1049 410 pretationi
1068 374 1145 410 legis,
1160 374 1330 401 enarrationi
1346 374 1554 408 prophetarum,
1571 372 1693 406 explica-

905 422 972 449 tioni
989 421 1180 457 parabolarum
1195 420 1416 453 evangelicarum
1427 440 1435 453 ,
1453 419 1617 454 expositioni
1635 426 1693 446 ser-

905 475 1014 495 monum
1027 465 1250 501 apostolicorum,
1260 465 1443 492 oblectaturin
1456 464 1570 492 Domino
1588 474 1594 492 2
1610 468 1636 492 et
1650 471 1695 491 co-

904 513 989 541 medit
1002 520 1055 540 non
1069 512 1104 540 ob
1122 511 1326 543 necessitatem,
1347 518 1439 545 neque
1452 510 1486 538 ob
1501 510 1589 537 solum
1606 510 1694 537 nutri-

905 563 1036 587 mentum.
1051 557 1225 593 Docetigitur
1235 564 1294 589 nos,
1309 561 1339 583 ut
1350 555 1520 583 oblectemnr
1532 557 1558 582 in
1568 555 1692 583 Domino.

905 605 976 633 Deus
991 605 1062 632 enim
1078 604 1113 632 ab
1129 604 1208 631 initio
1224 603 1318 631 volens
1336 610 1385 630 nos
1399 602 1551 637 spiritalem
1568 601 1692 635 volupta-

905 655 958 678 tem
977 650 1133 685 percipere,
1158 649 1307 684 voluptatis
1323 648 1481 684 paradisum
1502 648 1642 682 plantavit,
1665 652 1693 675 et

905 702 1053 725 torrentem
1078 696 1226 731 voluptatis
1245 695 1389 731 dilargitus
1416 699 1468 722 est.
1491 694 1576 722 Nemo
1602 699 1692 722 autem

905 749 994 778 potest
1007 749 1034 772 et
1049 751 1132 772 carne
1145 749 1172 772 et.
1186 743 1284 779 spiritu
1302 742 1467 777 voluptatem
1488 742 1640 777 percipere.
1661 741 1693 768 Et

904 791 926 818 si
944 791 1052 825 quidem
1076 797 1160 817 carne
1179 785 1344 823 voluptatem
1365 788 1498 823 percepit,
1527 787 1598 814 sicut
1617 786 1693 814 dives

904 835 960 868 ille,
973 835 1077 863 carebit
1090 835 1227 870 voluptate
1241 841 1302 862 cum
1324 833 1476 861 Abraham.
1492 832 1528 860 At
1551 833 1573 860 si
1594 839 1691 867 panem

870 871 891 899 Β
904 881 1058 910 aﬂlictionis
1077 882 1206 914 comedit,
1225 886 1254 908 ιιι
1272 888 1375 916 pauper
1392 880 1447 912 ille,
1466 879 1503 907 ibi
1522 879 1691 915 voluptatem

903 928 1017 963 percipit
1031 932 1057 955 et
1073 927 1230 962 requiescit.

938 973 998 1000 Alio
1024 973 1113 1001 modo.
1139 973 1267 1000 Dominus
1294 972 1400 1007 justitia
1430 977 1489 1004 est,
1510 971 1623 1004 veritas,
1648 979 1692 999 sa-

902 1020 1016 1056 pientia,
1037 1019 1230 1047 sanctiﬁcatio.
1249 1019 1277 1046 Si
1305 1019 1388 1054 igitur
1410 1019 1548 1046 delicieris
1567 1019 1648 1046 etiam
1664 1018 1690 1045 in

903 1065 1137 1101 speculationibus
1152 1065 1306 1099 sapientiae,
1318 1069 1346 1092 et
1360 1064 1386 1091 in
1402 1065 1555 1092 actionibus
1567 1064 1690 1098 iustitiae,

903 1112 1041 1146 impletum
1057 1115 1098 1138 est
1118 1110 1182 1138 illud
1206 1119 1212 1137 :
1233 1109 1372 1137 Oblectare
1390 1110 1417 1137 in
1438 1110 1563 1137 Domina.
1582 1109 1690 1136 Deliciae

903 1157 982 1192 igitur
990 1163 1064 1188 sunt,
1079 1156 1281 1183 inhabitantem
1295 1156 1396 1183 habere
1409 1157 1498 1183 omnia
1509 1156 1689 1183 viviﬁcantem

902 1203 985 1230 Deum
1002 1201 1133 1234 Verbum,
1150 1202 1195 1237 qni
1219 1202 1297 1237 panis
1318 1205 1359 1230 est
1379 1202 1441 1230 vitae
1459 1209 1558 1236 :quem
1579 1210 1640 1229 cum
1661 1203 1688 1229 in

902 1249 980 1277 nobis
987 1248 1176 1282 habuerimus,
1186 1249 1354 1283 accipiemus
1364 1256 1458 1276 omnes
1472 1248 1668 1284 postulationes
1681 1267 1689 1280 ,

902 1305 955 1324 non
980 1295 1151 1330 simpliciter,
1173 1297 1219 1324 sed
1239 1295 1340 1324 cordis.
1363 1296 1500 1331 lntelliges
1518 1303 1600 1331 porro
1618 1295 1690 1329 quod

902 1342 1014 1374 dicitur,
1035 1342 1058 1368 si
1086 1342 1279 1377 prosopopwia
1305 1342 1393 1369 utaris
1419 1342 1540 1369 omnium
1567 1344 1691 1376 corporis

901 1387 1094 1418 membrorum.
1114 1388 1259 1422 Videasque
1279 1387 1415 1422 quomodo
1436 1388 1586 1415 secundant
1611 1393 1691 1414 natu-

901 1440 959 1460 ram
978 1433 1082 1468 aliquid
1107 1433 1256 1468 postulent.
1282 1433 1383 1461 Oculus
1414 1434 1498 1468 igitur
1522 1434 1543 1461 si
1574 1433 1690 1461 haberet

901 1485 1005 1510 vocem,
1023 1478 1125 1505 diceret
1139 1479 1232 1513 utique
1250 1479 1298 1506 tibi
1320 1488 1326 1506 :
1346 1478 1457 1506 Postulo
1478 1479 1579 1511 lumen,
1597 1485 1690 1514 postu-

902 1523 927 1551 lo
942 1524 1049 1551 colores
1064 1524 1157 1552 videre
1182 1530 1361 1560 congruentes
1388 1526 1464 1554 mihi.
1486 1527 1611 1558 Auditus,
1636 1525 1690 1554 Po-

902 1570 973 1598 stulo
986 1578 1079 1598 vocem
1093 1571 1266 1604 concinnam,
1291 1579 1413 1599 suavem.
1440 1571 1549 1604 Gustur,
1580 1572 1690 1600 Postulo

902 1611 1000 1647 dulcia,
1031 1615 1115 1652 fugito
1132 1624 1236 1644 amara.
1263 1616 1373 1649 Tactus,
1390 1616 1499 1645 Postulo
1517 1623 1690 1646 contrectare

902 1662 1001 1696 mollia,
1019 1662 1129 1696 blanda,
1146 1663 1235 1691 lenia:
1253 1671 1307 1691 non
1323 1664 1424 1699 ignem,
1439 1673 1492 1692 non
1508 1672 1616 1700 aspera,
1635 1673 1688 1693 non

901 1709 1059 1743 pungentia.
1085 1708 1317 1742 Quemadmodum
1336 1710 1418 1744 igitur
1429 1710 1540 1738 cuilibet
1554 1711 1689 1738 sentiendi

900 1761 1004 1788 organo
1022 1758 1063 1781 est
1078 1755 1148 1789 quod
1166 1755 1217 1782 sibi
1236 1762 1387 1790 congruum
1414 1756 1532 1790 postulet
1555 1758 1597 1784 vel
1620 1757 1689 1791 lngi-

902 1803 939 1826 tet
953 1808 959 1825 :
976 1803 1002 1826 et
1015 1799 1108 1827 oculus
1126 1800 1233 1833 quidem
1246 1801 1366 1835 postulat
1382 1801 1484 1834 lueetn,
1500 1801 1614 1828 olfactus
1629 1809 1690 1828 sua-

900 1845 1046 1877 veolentia,
1074 1845 1181 1874 auditus
1197 1849 1343 1881 concinna,
1369 1853 1397 1875 et
1423 1848 1526 1882 reliqua
1542 1848 1687 1876 similiter:

901 1891 937 1918 ita
951 1899 999 1919 cor
1015 1892 1204 1927 cogitationes.
1222 1901 1291 1928 quas
1309 1902 1323 1921 a
1337 1894 1452 1921 Domino
1470 1895 1648 1929 accipiemus,
1664 1895 1687 1922 si

901 1936 968 1964 nihil
984 1937 1103 1964 alienum
1120 1946 1135 1965 a
1152 1939 1292 1974 voluptate
1307 1939 1378 1967 illius
1393 1940 1418 1967 in
1439 1932 1568 1967 cordibus
1583 1940 1687 1968 habea-

902 1990 972 2010 mus.
998 1983 1075 2011 Tunc
1095 1986 1246 2020 poterimus
1262 1986 1385 2013 revelare
1409 1986 1433 2013 ei
1461 1987 1532 2013 viam
1555 1992 1686 2015 nostram.

901 2025 1013 2063 Inspicit
1031 2028 1102 2056 enim
1130 2030 1319 2057 universorum
1341 2031 1412 2058 Deus
1427 2031 1561 2058 cultorum
1575 2039 1687 2059 suorum

901 2078 1021 2100 sanctam
1056 2077 1305 2113 conversationem,
1333 2077 1405 2105 sicut
1429 2083 1573 2105 aversatur
1599 2085 1688 2105 “IOI'CS

900 2125 995 2146 eorum
1012 2120 1057 2155 qui
1085 2128 1140 2149 non
1157 2127 1233 2150 recte
1248 2123 1343 2150 vivere
1360 2123 1547 2150 instituerunt.
1564 2123 1688 2159 Quapro-

900 2170 960 2200 pter
973 2167 1085 2195 subdit:

65 2212 131 2248 Στῐχ.
148 2211 189 2252 εἰ
195 2211 496 2252 ᾉποκάλρψον-πρὸς
506 2214 616 2252 Κύριον
627 2214 684 2252 τὴν
698 2215 769 2252 ὀδόν
782 2223 850 2249 σου,

905 2211 938 2239 ν.
953 2213 979 2240 5.
997 2213 1091 2241 Revela
1103 2217 1174 2250 apud
1189 2215 1331 2252 Dominum
1347 2215 1416 2252 viam
1435 2222 1521 2249 tuam,
1534 2221 1558 2244 et
1570 2224 1646 2252 spera
1661 2217 1689 2245 in

110 2247 158 2274 καὶ
173 2248 305 2274 tax/dor
320 2248 367 2274 ἐπ’
381 2247 484 2281 αὑτὸν,
500 2247 796 2283 καῖανὺτὸςποιήσει.

66 2294 132 2330 Στίχ.
144 2295 247 2332 ς’.Κᾳῑ
261 2294 425 2332 ἐξεοίεζειὼς
440 2295 501 2331 φῶς
513 2297 571 2331 τὴν
580 2297 776 2332 δικαιοσύνην
783 2306 851 2331 σου,

181 2330 234 2357 καὶ
249 2330 284 2356 τὸ
297 2330 387 2365 κρῖμά
405 2330 462 2358 σοι)
473 2332 514 2364 ὼς
528 2333 726 2367 μεσημϐρίαν.

97 2375 150 2411 (64)
164 2377 244 2409 Ἔσο,
262 2376 356 2411 φησιν,
375 2378 499 2414 φανερῶς
520 2378 570 2414 τὴν
590 2378 759 2415 ἁρέσκουσαν
778 2379 852 2415 αὐτῷ

66 2422 172 2457 βαδίζων
183 2423 244 2450 ὁδὸν
256 2442 264 2454 ,
277 2423 414 2456 τουτέστι,
432 2433 465 2459 γυ
470 2424 538 2460 μνὴν
551 2425 598 2452 καὶ
611 2425 799 2461 ἀναμφίαστον
812 2425 852 2461 τῷ

65 2467 116 2503 θεῷ
131 2467 181 2503 τὴν
198 2467 316 2494 σεαυτοῦ
332 2468 437 2501 δεικνὺς
452 2469 605 2498 πολιτείαν·
620 2471 667 2497 καὶ
678 2471 788 2498 ἐλπισον
804 2471 848 2497 ἐπ’

64 2513 147 2547 αὐτὸν,
167 2514 250 2547 αὐτὸς
265 2515 294 2542 δὲ
311 2516 427 2552 ποιήσει.
452 2516 497 2544 Ἑν
512 2516 551 2552 τῷ
568 2517 691 2552 μέλλοντι
705 2517 783 2544 αἰῶνι
798 2517 849 2553 ἐμ.-

65 2561 148 2595 φανῶς
163 2562 341 2596 καταστήσει,
354 2562 401 2589 καὶ
416 2560 471 2590 οἷον
486 2562 631 2599 περίοπτον
644 2564 786 2599 ἀποφανεῖ,
803 2564 849 2590 λα-

65 2605 113 2632 θεῖν
128 2606 176 2633 οὐκ
193 2605 248 2633 ἑῶν
260 2607 313 2642 τῆς
328 2607 378 2643 σῆς
392 2608 508 2641 εὑζωῖας
519 2609 550 2636 τὺ
565 2609 671 2641 κάλλος.
687 2610 783 2636 Ἔσται
794 2609 849 2646 γὰρ

66 2649 156 2679 ἅπασιν
170 2653 292 2688 ἐναργὴς
305 2654 322 2689 ή
345 2654 500 2691 δικαιοσύνη
511 2664 569 2688 σου,
584 2655 661 2692 δίκην
675 2655 763 2691 φωτὸς
781 2656 847 2683 ἀνα-

67 2697 201 2732 λὰμπουσα
219 2699 418 2735 μεσημϐρινοῦ.

1154 2259 1223 2281 eum,
1241 2256 1264 2276 et
1281 2251 1336 2284 ipse
1353 2250 1442 2284 faciet.

904 2293 934 2321 V.
956 2294 984 2322 6.
1009 2295 1043 2324 Et
1062 2296 1150 2331 e/feret
1169 2303 1196 2322 ιιι
1213 2297 1301 2333 lumen
1324 2296 1459 2330 justitiam
1475 2302 1560 2331 tuam,
1575 2303 1599 2326 et
1611 2298 1688 2333 judi-

1097 2332 1167 2358 cium
1180 2337 1254 2357 tuum
1267 2332 1334 2357 sicut
1348 2333 1496 2359 meridiem.

936 2374 1011 2408 Esto,
1032 2376 1131 2411 inquit,
1149 2375 1293 2403 manifeste
1318 2377 1462 2405 ambulans
1491 2377 1644 2412 placentem
1661 2378 1688 2406 ei

900 2419 983 2454 viam,
1002 2420 1028 2448 id
1040 2426 1091 2454 est,
1107 2422 1206 2449 nudam
1218 2428 1246 2450 et
1262 2428 1383 2458 apertam
1395 2423 1449 2451 Deo
1464 2425 1611 2452 ostendens
1622 2432 1688 2453 con-

901 2468 1083 2495 versationem
1102 2472 1178 2495 tuam
1195 2477 1202 2495 :
1217 2472 1245 2495 et
1259 2476 1338 2503 spera
1354 2470 1381 2496 in
1397 2477 1470 2502 eum,
1488 2470 1547 2504 ipse
1563 2478 1629 2498 vero
1645 2470 1687 2498 l'a-

901 2518 966 2546 ciet.
991 2515 1020 2543 In
1044 2515 1137 2542 futuro
1158 2515 1258 2543 saeculo
1283 2516 1458 2544 manifestum
1483 2517 1640 2550 constituet,
1659 2523 1684 2545 et

901 2560 1101 2599 quodammodo
1122 2560 1302 2595 conspicuum
1326 2561 1453 2590 omnibus
1477 2562 1683 2597 demonstrabit,

902 2616 956 2635 non
973 2607 1077 2643 patiens
1089 2606 1175 2633 latere
1191 2606 1281 2640 probae
1299 2606 1360 2634 vita:
1376 2611 1429 2634 tute
1441 2603 1684 2642 pulchritudinem.

902 2653 1039 2681 Eritenim
1051 2652 1157 2680 cunctis
1169 2652 1394 2689 evidensjustitia
1409 2657 1466 2688 tua,
1477 2654 1562 2682 instar
1575 2653 1685 2683 luminis

901 2699 1043 2727 meridiani
1062 2698 1209 2734 refulgens.

95 2801 115 2817 “
132 2802 203 2831 Psal.
222 2810 303 2835 cvm,
322 2801 366 2828 l8.
404 2803 426 2819 ⁸⁵
439 2803 516 2832 Rom.
529 2811 588 2838 xm,
607 2804 650 2833 ιι.
690 2804 712 2820 ⁸⁸
726 2803 885 2845 (ζοιοεειιιι,
901 2803 944 2832 12.
984 2805 1005 2823 ⁸⁷
1030 2807 1184 2842 Eph.v1,tt.

97 2861 146 2895 (6i)
159 2862 255 2895 Cyl-ill.
275 2866 302 2889 et
316 2861 392 2894 Orig.
