1918 3069
258 131 309 160 123

701 125 984 166 ΒυΪΨιιΕΜΕΝΤυΜ
1005 138 1048 165 AD
1066 138 1227 167 ORIGENIS
1243 137 1450 167 EXEGETICA.

1834 141 1884 169 1‘2}

289 191 415 220 Meridies
440 198 513 221 certe
535 194 693 223 nominatur
715 196 768 224 diei
802 198 889 234 ipsum
913 200 1022 227 meditul

1069 216 1076 230 ι
1125 199 1179 235 (65)
1190 199 1355 235 Mso'quﬁpta
1362 208 1393 234 γε
1407 199 1459 236 μὴν
1469 199 1630 235 ὀνομάζεται
1640 199 1689 235 τῆς
1698 199 1806 236 ἡμέρας
1815 202 1882 228 αὐτὸ

251 237 337 265 linm:
359 243 439 273 teque
462 240 596 274 judicabit
627 241 663 269 ibi
692 243 804 279 dignum
836 251 898 272 esse
923 245 1036 274 lumine.

250 283 383 316 Quoniam
401 284 484 317 igitur
497 286 647 321 quicunque
662 289 733 316 male
746 290 812 324 agit,
829 295 894 325 puta
917 290 1037 320 fornica-

250 334 303 362 tor,
321 329 376 358 odit
394 331 478 357 lucem
499 332 533 364 ⁸³,
557 337 585 360 et
608 340 740 368 quantum
757 336 784 363 in
804 343 834 363 se
847 344 899 369 est,
916 339 1037 366 occultat

248 381 308 409 quas
323 376 387 410 agit,
413 381 440 402 ut
464 385 516 404 non
535 386 682 414 arguantur
703 382 747 409 °’:
766 383 822 410 vult
841 384 913 412 enim
935 387 1034 414 nesciri

246 421 455 450 fornicatimiem
483 429 840 462 suam:propterea,etiam
864 430 933 459 celat
959 432 1032 459 viam

245 474 334 498 suam.
352 469 394 495 cui
410 469 520 497 institit.
535 471 630 507 Atqui
645 473 711 501 facit
726 475 881 509 veritatem,
899 482 962 511 puta
987 486 1034 505 ca-

244 512 380 541 stimonia:
399 520 528 549 sectator,
545 517 603 545 vult
627 519 715 554 ipsam
731 522 903 550 manifestam
921 524 1030 557 facere;

243 565 296 586 non
317 559 473 589 hominibus
492 563 614 598 quidem,
634 571 664 593 ut
680 575 735 594 non
754 568 854 596 habeat
866 571 899 597 ab
914 570 1031 597 homini-

241 605 293 632 bus
313 608 476 643 mercedem,
491 611 538 638 sed
569 612 623 640 Deo
649 622 656 640 :
674 618 818 649 propterea
837 615 939 644 dictum
968 623 1028 645 est:

240 649 335 679 Revela
358 655 429 687 apud
444 655 586 685 Dominum
603 660 671 686 viam
694 664 779 694 tuam,
800 661 826 689 id
845 667 897 696 est,
913 664 1029 692 ostende

241 696 280 724 illi
297 697 380 726 vitam
406 705 477 728 tuam
495 703 714 739 vituperabilem,
730 712 758 734 et
774 707 832 742 ipse
846 709 953 736 curabit
967 714 993 737 te
1011 718 1026 738 a

1088 245 1119 272 τδ
1132 245 1301 280 μεσαίτατον.
1310 246 1365 273 Καί
1378 254 1408 272 σε
1425 247 1513 282 κρινεῖ
1528 246 1602 278 ἄξιον
1619 243 1689 273 εἶναι
1705 245 1794 280 φωτὸς
1811 248 1879 274 ἐκεῖ.

1094 292 1202 328 Ἐπειδὴ
1220 290 1268 319 οὖν
1282 292 1341 326 πᾶς
1366 294 1383 319 ό
1397 293 1500 328 φαῦλα
1519 292 1680 326 πράσσων,
1701 290 1758 320 οἷον
1774 294 1788 320 ὁ
1811 303 1877 329 ποργ

1086 338 1183 371 νεύων,
1196 339 1283 374 μισεῖ
1301 339 1334 366 τὸ
1343 337 1466 373 φῶς-,καὶ
1480 339 1510 365 τὸ
1521 339 1583 365 ὅσον
1596 339 1638 373 ἐφ’
1650 338 1748 374 ἐαυτῷ,
1761 339 1878 375 κρύπτει

1085 385 1103 412 ἃ
1120 387 1201 419 ποιεῖ,
1224 385 1326 421 Ζνιίμὴ
1340 385 1484 421 ἐλεγχθῇ·
1505 386 1576 412 Θέλει
1598 385 1653 422 γὰρ
1669 386 1705 422 μὴ
1722 386 1878 422 γνωσθῆναι

1084 432 1132 467 τὴν
1146 431 1275 467 πορνείαν
1291 432 1374 459 αὑτοῦ
1384 441 1390 447 ·
1408 432 1447 459 διὸ
1461 433 1508 459 καὶ
1519 432 1682 468 ἐπικρύπτει
1694 433 1744 468 τὴν
1754 433 1815 460 ὁδὸν
1831 434 1878 460 αὑ-

1082 477 1143 509 τοῦ,
1165 477 1199 513 ἢν
1213 477 1343 505 ὦδευσεν·
1361 479 1375 505 ὁ
1390 478 1418 505 δὲ
1434 478 1518 505 ποιῶν
1540 479 1589 514 τὴν
1613 479 1743 514 ἀλήθειαν
1755 500 1763 511 ,
1781 476 1838 506 οἷον
1863 481 1878 507 ὀ

1083 523 1238 559 σωφρονῶν,
1256 523 1327 550 θέλει
1344 524 1428 559 αὐτὴν
1452 523 1619 559 φανερῶσαι,
1641 524 1691 551 οὐκ
1706 524 1874 560 ἀνθρώποις,

1081 568 1124 596 ἵνα
1140 568 1176 604 μὴ
1193 569 1283 606 ἀπέχῃ
1299 569 1344 596 τὸν
1364 569 1458 605 μισθὸν
1477 569 1530 596 ἀπὺ
1550 570 1605 596 τῶν
1621 569 1789 606 ἀνθρώπων,
1807 571 1875 598 ἀλλὰ

1079 615 1118 651 τῷ
1128 615 1202 651 Θεῷ·
1219 616 1263 642 διὰ
1274 615 1352 643 τοῦτο
1363 616 1469 652 εἴρηται
1479 625 1486 631 ·
1506 616 1717 651 Ἀποκάλυψον
1731 617 1809 651 πρὸς
1821 618 1876 644 Κύ-

1074 671 1143 696 ριον
1157 662 1216 697 τὴν
1230 662 1302 690 ὀδόν
1321 670 1379 690 σου
1391 684 1399 697 ,
1416 663 1555 695 τουτέστι,
1577 662 1662 695 δεῖξον
1675 663 1751 698 αὐτῷ
1765 663 1814 689 τὸν
1829 663 1874 690 σὺν

1077 708 1220 744 ἐπίμωμον
1246 708 1303 743 βίον
1315 729 1322 740 ,
1338 708 1386 735 καὶ
1410 708 1491 740 αὐτὸς
1513 708 1677 744 Θεραπεύσει
1698 717 1729 734 σε
1749 708 1806 735 ἀπὺ
1818 708 1873 735 τῶν

239 744 409 781 vulneribus,
433 753 460 775 et
480 748 576 777 efﬁciet
595 753 711 780 mundas
729 754 825 782 sordes
849 760 920 783 tuas.
949 757 982 784 Et
1003 757 1022 785 si

241 788 325 809 funi-ia
341 792 440 809 nrnlum
467 794 628 809 -ln-:..l.:..._
644 797 674 809 ,1-
691 802 714 809 .Δ
731 807 736 809 .
768 803 789 809 ,.
811 807 830 809 _,
845 800 865 809 ον
970 801 977 809 .

1076 755 1251 790 τραυμάτων,
1268 755 1315 782 καὶ
1331 755 1439 791 ποιήσει
1453 755 1499 781 τὸν
1523 754 1644 809 ῥυπαρὸν
1660 754 1793 809 καθαρόνὶ
1812 755 1872 809 ξζᾶν

241 788 326 817 fueris
341 792 452 826 limbus,
467 794 628 830 gloriabitur
641 797 674 824 de
691 802 716 825 te
730 807 737 825 :
764 803 792 826 et
807 800 870 834 quia
889 809 950 829 cum
965 801 1022 837 jac-

241 835 375 863 tabundus
389 846 440 863 non
451 847 536 863 esses,
551 843 707 863 nm.th
718 845 849 863 :....:.:....
967 850 1022 863 ευ,

1075 788 1140 836 γένῃ
1149 788 1236 833 ’καλὸς
1251 802 1298 828 καὶ
1314 788 1425 836 ἀγαϐδς,
1444 788 1644 837 ἐγκανχήσεταὶ
1658 810 1700 828 σοι
1713 811 1719 816 ·
1747 802 1797 829 καὶ
1811 802 1871 828 Emi

1077 846 1113 863 "At
1127 846 1165 863 Eu.
1179 847 1316 863 uoulknﬁn-
1330 847 1461 863 κυρίως--.μ
1474 847 1522 863 οι...
1532 847 1704 863 Rau-"uni..."
1717 856 1763 863 ρ-..
1790 847 1871 863 -Ῐῖο-λρ

240 835 375 864 tabtmdus
389 846 440 866 non
451 847 537 874 esses,
551 843 707 872 occultabas
716 845 849 880 justitiam
866 854 951 881 tuam,
967 850 1022 884 ipse

240 882 411 901 manifmunm
440 886 517 901 r...:,..
554 893 579 901 λ.
601 897 685 901 ..--..-
706 899 714 901 ,
732 893 738 901 .
761 900 767 901 ,
874 894 880 900 .

1077 846 1113 882 μὴ
1127 835 1165 873 ὢν
1179 847 1316 879 κενόδοξος
1329 835 1522 884 ἕκρυπτεςντὴν
1532 835 1871 901 δικαιοσύνηνησου,.αὒτδς

239 882 411 912 manifestam
438 886 530 921 faciet,
553 893 580 916 et
601 897 687 924 usque
703 893 772 920 adeo
788 894 975 929 conspicuam,
994 902 1022 924 ut

1075 893 1192 928 φανερὸν
1214 894 1336 929 ποιήσει,
1359 882 1407 921 καὶ¹
1432 882 1518 926 οὕτως
1540 895 1658 930 ἐπιφανῇ
1677 893 1750 929 (66),
1773 894 1870 930 ὥσπερ

237 928 278 955 sol
291 935 334 956 est
353 931 379 957 in
396 933 518 962 meridie.
536 935 582 963 Ait
598 936 670 964 enim
685 947 691 965 :
708 937 782 966 Tum:
798 928 867 975 justi
886 941 1022 977 fulgebunt

1075 938 1150 974 ἥλιον
1169 939 1199 966 ὲν
1217 928 1384 976 μεῄμὸρίᾳ.
1405 942 1473 968 Τότε
1509 941 1581 976 γὰρ,
1598 928 1698 976 φησὶν,
1713 943 1741 968 οὶ
1758 928 1869 969 δίκαιοι

235 975 303 1002 sicut
315 977 356 1003 to!
370 977 403 1005 ⁷⁸.
928 975 936 977 -

1074 985 1250 1020 λάμψουσιν
1260 987 1300 1019 ὡς
1313 975 1410 1020 ἧλὼς.

289 1053 320 1081 ν.
339 1055 366 1082 7.
378 1056 526 1091 Subjicitor
545 1060 671 1094 Domino,
692 1066 716 1089 et
732 1063 873 1097 deprecare
897 1073 968 1094 eum.

269 1120 473 1155 Subjectionem
493 1125 576 1160 igitur
594 1127 646 1154 hoc
668 1128 730 1156 loco
747 1131 865 1165 appellat
881 1139 1020 1161 recessum

233 1173 248 1193 a
262 1167 350 1196 malis.
366 1168 449 1197 Nemo
464 1171 564 1206 quippe
589 1180 706 1207 peccans
726 1176 870 1211 subjicitur
895 1179 1017 1207 Domino.

231 1211 308 1245 Esto,
323 1214 371 1245 ait,
386 1215 450 1249 quia
464 1216 520 1250 jam
537 1217 674 1251 subjectus
696 1220 805 1248 fuerim.
831 1222 901 1255 Quid
918 1224 1018 1252 faciam

230 1258 263 1285 de
278 1260 466 1293 superioribus
481 1263 493 1289 ?
510 1263 663 1299 Deprecare
678 1267 765 1300 illum,
783 1269 878 1298 dicens
893 1279 901 1297 τ
923 1271 963 1298 Ne
975 1281 1016 1299 re-

230 1304 348 1331 corderis
366 1305 536 1341 iniquitatum
554 1315 704 1339 nostrarum
723 1314 894 1349 antiquarunt
910 1316 944 1343 "'.
963 1317 1017 1344 [ta-

229 1357 282 1383 que
300 1358 352 1378 non
370 1358 476 1386 oportet
494 1355 569 1388 prius
586 1364 635 1390 pro
653 1360 774 1392 peccatis
795 1368 922 1396 exorare,
936 1371 1016 1398 quam

228 1395 290 1430 quis
306 1396 468 1432 subjiciatur
481 1400 607 1434 Domino,
624 1403 652 1430 id
664 1409 706 1431 est
728 1412 743 1432 a
759 1407 881 1440 peccatis
895 1410 1014 1437 recedat.

229 1440 305 1474 Quod
327 1444 399 1470 enim
421 1446 526 1473 veniam
545 1454 718 1482 peccatorum
732 1453 852 1486 petatis,
865 1455 912 1488 qui
926 1456 1016 1485 adhuc

227 1489 345 1521 peccatis
361 1490 492 1523 adhaeret,
507 1500 552 1520 res
568 1495 681 1522 omnino
693 1495 894 1527 irrationabilis
908 1505 960 1528 est.

227 1553 264 1594 ν..
276 1554 303 1580 7.
322 1554 365 1595 _1Vc
380 1557 558 1604 exstimuLlen's'
574 1561 656 1604 infeci
669 1564 715 1597 qui
736 1564 896 1604 fortunatus
913 1568 1013 1596 incedit
1025 1572 1049 1604 α

254 1589 283 1616 in
303 1590 346 1616 via
363 1599 422 1625 sua,
441 1593 469 1620 in
485 1593 589 1622 [tantine
602 1589 716 1631 faciente
729 1589 986 1634 prwvuricatianem.

258 1667 299 1696 Ne
313 1669 539 1708 imiteris.inqnit,
558 1674 717 1705 felicitatem
735 1686 769 1706 ex
786 1682 1012 1714 przcvarieatione

226 1716 431 1748 provenientem
452 1727 459 1745 :
484 1726 570 1755 neque
594 1722 628 1748 ad
656 1722 759 1758 ﬂagitia
784 1729 953 1761 provoceris,
968 1735 1010 1758 ta-

223 1761 302 1788 metsi
320 1762 410 1790 videas
428 1765 590 1798 pravitatem
608 1768 725 1797 feliciter
744 1772 887 1808 fausteque
904 1781 1011 1803 verten-

223 1810 292 1840 tem,
304 1808 438 1843 siquidem
450 1812 625 1846 cogitandum
638 1819 691 1848 est,
703 1818 775 1851 quod
794 1820 921 1847 sazculnm
940 1822 1010 1850 istud

221 1858 316 1879 eorum
331 1854 376 1887 sit,
394 1856 439 1889 qui
454 1856 534 1884 aliam
549 1866 624 1893 spem
651 1868 704 1888 non
729 1863 842 1891 habent.
866 1865 1010 1896 Fortunati

220 1897 249 1924 in
267 1905 300 1925 eo
314 1899 379 1932 sint,
398 1906 425 1928 et
446 1901 565 1931 habento
589 1913 650 1940 quae
673 1913 833 1941 reputantur
854 1911 937 1940 bona.
956 1913 1010 1942 Nos

221 1950 287 1972 vero
297 1944 323 1972 in
343 1946 416 1974 aliud
427 1949 556 1977 saeculum
573 1952 633 1978 vita;
648 1953 769 1980 animum
782 1955 947 1986 intendimus
960 1979 967 1992 ,
983 1965 1010 1987 et

221 1998 284 2025 spes
303 1997 394 2020 nostra
409 2000 472 2028 post
486 1996 536 2023 hoc
554 1998 682 2025 saeculum
700 2001 858 2036 porrigitur.
869 2003 940 2032 Fieri
956 2014 1008 2034 non

221 2041 310 2072 potest
337 2044 366 2066 ut
381 2044 409 2066 et
426 2040 452 2066 in
466 2042 518 2079 hoc
532 2047 560 2069 ct
585 2043 610 2070 in
633 2044 679 2071 illo
703 2046 802 2074 saeculo
823 2048 894 2076 bona
910 2050 1009 2079 habea-

213 2090 293 2109 1nus.
311 2083 338 2111 Si
352 2085 423 2111 enim
441 2086 485 2113 hic
499 2077 599 2114 habeat
614 2089 686 2123 quis,
710 2091 746 2118 ibi
768 2093 878 2127 punitus
892 2077 1007 2126 audiet“:

218 2126 350 2161 Accepiui
370 2128 438 2155 bona
454 2134 499 2156 tua
513 2131 541 2157 in
555 2132 608 2158 uita
629 2138 674 2160 tua
693 2135 725 2161 7'.
743 2126 902 2167 Necessario
918 2145 1008 2170 tamen

219 2171 348 2206 adjicitur
363 2172 427 2200 illud
445 2182 452 2201 :
466 2174 499 2202 In
513 2177 619 2205 homine
631 2179 744 2213 faciente
751 2185 1006 2216 pra’varicationem.

1090 1051 1164 1086 Στίχ.
1185 1051 1217 1084 ζ’.
1241 1052 1411 1088 Ὑποτάγηθι
1430 1054 1594 1117 -ιςῷόΚυρίῳ,
1616 1055 1667 1083 καὶ
1690 1054 1851 1082 ἱκέτευσον

1413 1098 1470 1116 αυτ
1488 1099 1516 1116 ν.

1413 1098 1516 1116 αυτον.

1112 1132 1265 1169 ’Υποταγὴν
1291 1133 1338 1162 οὖν
1370 1136 1486 1162 ἐνταῦθα
1510 1136 1584 1171 λέγει
1613 1137 1662 1172 τὴν
1689 1137 1745 1164 τῶν
1771 1138 1866 1165 κακῶν

1069 1178 1252 1216 ἀναχώρησιν.
1268 1181 1361 1214 Οὐδεὶς
1377 1182 1431 1218 γὰρ
1448 1183 1610 1218 ἁμαρτάνων
1628 1183 1814 1210 ὑποτέτακται
1827 1184 1865 1219 τῷ

1069 1225 1172 1261 Κυρίῳ.
1191 1226 1291 1258 Ἔστω,
1316 1227 1407 1263 φησὶν,
1426 1229 1467 1255 ὅτι
1485 1229 1535 1264 ἤδη
1556 1229 1712 1265 ὑπετάχθην
1725 1238 1731 1244 ·
1750 1230 1780 1259 τί
1795 1230 1864 1256 ποιῶ

1069 1271 1133 1306 περὶ
1149 1271 1202 1299 τῶν
1224 1273 1365 1308 προτέρων
1379 1282 1386 1306 ;
1408 1274 1556 1302 Ίκέτευσον
1576 1275 1668 1308 αὑτὸν,
1688 1275 1778 1310 λέγων
1792 1285 1799 1292 ’
1815 1276 1863 1310 Μὴ

1065 1316 1206 1351 μνησθῇς
1214 1317 1298 1352 ἡμῶν
1309 1318 1439 1353 ἀνομιῶν
1451 1319 1591 1354 ἀρχαίων.
1603 1320 1683 1347 Ὥστε
1695 1321 1725 1347 οὺ
1740 1321 1784 1347 δεῖ
1798 1320 1864 1357 πρό-

1067 1369 1144 1397 τερον
1158 1363 1221 1398 περὶ
1235 1363 1370 1399 ἁμαρτίας
1387 1365 1530 1398 ἱκετεύειν,
1542 1366 1557 1402 ἢ
1568 1366 1739 1400 ὑποταγέντα
1753 1367 1796 1402 τῷ
1808 1367 1863 1393 Κυ-

1068 1407 1135 1443 ρίῳ,
1160 1409 1297 1436 τουτέστιν
1319 1411 1454 1437 ἐκστάντα
1479 1412 1528 1446 τῆς
1552 1412 1696 1448 ἁμαρτίας.
1725 1413 1788 1439 Ἔτι
1809 1413 1863 1449 γὰρ

1065 1453 1129 1480 ὄντα
1145 1455 1174 1481 ἐν
1182 1455 1328 1491 ἁμαρτίαις
1341 1457 1436 1491 ἄφεσιν
1452 1458 1592 1494 ἁμαρτιῶν
1604 1459 1700 1492 αίτεῖν,
1716 1459 1790 1485 πάνυ
1804 1459 1862 1486 ἄλο-

1064 1499 1112 1534 γόν
1127 1501 1194 1527 ἐστι.

1063 1566 1138 1608 Στίχι
1159 1567 1540 1610 ςξ-Μὴ-παραᾷῖλρυξνιτῷ
1555 1570 1802 1610 κατευρδουμένῳ
1826 1571 1860 1598 ἐν

1099 1602 1138 1641 τῇ
1153 1602 1211 1636 ὀδῷ
1234 1602 1337 1637 αὐτοῦ,
1358 1605 1394 1632 ἐν
1409 1605 1552 1639 ἀνθρώπῳ
1569 1605 1705 1632 ποιοῦντι
1718 1602 1858 1641 ’παρανο-

1096 1638 1179 1671 μίαν.

1098 1684 1143 1719 Μὴ
1155 1685 1273 1720 μιμήσῃ,
1281 1685 1372 1721 φησὶν,
1380 1685 1552 1721 εὐδαιμονίαν
1563 1687 1595 1713 ὲκ
1606 1687 1781 1723 παρανομίας
1793 1696 1857 1722 συγ-

1063 1730 1265 1765 κροτουμένην·
1281 1731 1349 1767 μηδὲ
1376 1733 1415 1764 είς
1435 1732 1534 1759 κακίαν
1557 1733 1691 1768 ὲρεθίζου.
1716 1733 1768 1760 κᾶν
1789 1735 1857 1770 ὁρᾷς

1061 1775 1092 1801 τὸ
1108 1775 1192 1802 κακὸν
1213 1776 1403 1812 εὑοδούμενον,
1428 1778 1486 1805 δέον
1500 1778 1657 1812 λογίσασθαι
1670 1800 1677 1811 ,
1693 1780 1734 1806 ὅτι
1749 1781 1764 1806 ὁ
1788 1779 1856 1807 αἰὼν

1063 1817 1140 1852 οὗτος
1161 1820 1263 1848 τούτων
1287 1823 1345 1848 ἐστὶ
1369 1823 1423 1849 τῶν
1449 1823 1485 1859 μὴ
1507 1824 1625 1859 ἐχόντων
1647 1824 1730 1860 ἄλλην
1746 1826 1854 1853 ἐλπίδα.

1061 1868 1267 1903 Εὑτυχείτωσαν
1283 1869 1312 1895 ὲν
1325 1869 1409 1905 αὐτῷ,
1426 1870 1473 1896 καὶ
1483 1870 1620 1905 ἐχέτωσαν
1632 1872 1666 1898 τὰ
1681 1872 1853 1908 νομιζόμενα

1061 1913 1160 1947 ἀγαθά.
1178 1914 1274 1949 Ἡμεῖς
1292 1915 1321 1941 δὲ
1343 1916 1384 1947 εἰς
1399 1915 1478 1942 ἄλλον
1497 1916 1584 1943 αἰῶνα
1605 1917 1742 1953 βλέπομεν
1760 1919 1854 1954 ζωῆςο

1061 1960 1107 1986 καὶ
1123 1961 1140 1995 ἡ
1157 1960 1234 1992 ὲλπὶς
1247 1960 1336 1996 ἡμῶν,
1360 1961 1423 1997 ἑξῆς
1437 1962 1525 1997 τούτῳ
1541 1962 1579 1998 τῷ
1597 1963 1674 1990 αίῶνί
1692 1965 1776 1991 ἔστιν.
1798 1966 1855 2001 Οὐχ

1059 2003 1115 2032 οἶόν
1132 2006 1161 2032 τέ
1173 2007 1231 2032 ἐστι
1245 2006 1280 2033 τὰ
1291 2007 1381 2041 ἀγαθὰ
1396 2008 1426 2034 ὲν
1442 2009 1528 2044 τούτῳ
1537 2008 1576 2044 τῷ
1587 2009 1664 2036 αἰῶνι
1678 2009 1750 2045 ἔχειν
1762 2011 1812 2037 καὶ
1825 2013 1854 2038 ὲν

1060 2051 1157 2087 ἐκείνῳ
1166 2060 1172 2067 ·
1190 2053 1214 2078 εἰ
1230 2053 1284 2088 γὰρ
1299 2054 1328 2080 ὲν
1342 2053 1429 2089 τούτῳ
1441 2054 1496 2090 ἔχει
1514 2056 1588 2090 (τις),
1598 2057 1657 2082 ὲκεῖ
1670 2057 1853 2092 κολαζόμενος

1059 2097 1214 2124 ἀκούσεται·
1230 2098 1391 2132 Ἀπέλαῢες
1402 2100 1438 2127 τὰ
1448 2101 1543 2136 ἀγαθὰ
1550 2109 1608 2129 σου
1620 2103 1655 2129 ἐν
1665 2102 1703 2136 τῇ
1715 2102 1772 2137 ζωῇ
1780 2111 1851 2131 σου.

1066 2142 1234 2177 ’Δναγκαίως
1252 2144 1343 2178 μέντοι
1364 2145 1552 2180 προσ-τέθειται
1566 2147 1596 2173 τό
1609 2155 1615 2161 ·
1639 2148 1690 2174 Ἐν
1706 2148 1853 2182 ἀνθρώπῳ

1059 2187 1193 2215 ποιοῦντι
1209 2190 1404 2224 παρανομίαν.
1421 2190 1481 2217 Τῶν
1494 2193 1698 2229 τοιούτωνγὰρ,
1710 2195 1790 2228 φησὶ,
1801 2195 1854 2230 τὴν

217 2215 322 2245 Horum
337 2219 410 2246 enim
425 2220 513 2256 inquit
526 2223 706 2253 imitationem
733 2235 794 2256 esse
815 2234 1004 2268 respuendam,

217 2263 413 2276 _I.._:._..._._.,,
504 2270 510 2276 ι
616 2271 623 2276 .
649 2272 656 2276 .
714 2273 720 2276 .

1069 2234 1176 2270 ιίμησιν
1194 2215 1384 2270 παραιτεῖσθαι
1476 2237 1523 2263 καὶ
1535 2215 1790 2276 χρήσιμονΙ-σιὲὁδρα
1803 2215 1850 2266 τοῦ

217 2263 417 2301 plurimumque
444 2270 574 2303 prodesse
601 2271 623 2299 si
649 2272 755 2308 longius
781 2277 941 2307 recedamus
970 2282 1003 2308 ab

217 2310 377 2339 aamulandis
400 2313 462 2341 illis.
491 2314 625 2351 Prospere
652 2319 725 2347 enim
751 2321 894 2357 incedunt,
921 2331 1002 2362 atque

215 2355 284 2382 adeo
309 2356 336 2384 in
363 2358 420 2385 suis
435 2362 551 2395 negotiis
574 2365 783 2399 prosperitatem
804 2355 904 2398 habere
919 2355 1001 2407 repu-

215 2404 320 2435 tautur,
338 2411 420 2438 quum
437 2413 492 2434 non
508 2415 541 2435 ex
558 2409 648 2438 divina
674 2414 811 2442 sententia
832 2423 914 2452 opum
926 2425 1002 2446 com-

214 2447 312 2482 pendia
328 2447 440 2484 faciant,
458 2452 504 2479 sed
526 2460 559 2480 ex
583 2457 698 2484 avaritia
713 2478 720 2490 ,
739 2463 766 2486 et
791 2447 928 2495 rapientes
951 2463 1003 2490 aii-

214 2494 322 2528 quaudo
334 2502 393 2529 qua:
406 2497 494 2525 aliena
512 2506 586 2527 sunt.
597 2501 810 2538 Pr05peritatem
823 2494 906 2543 igitur
914 2511 1003 2538 nomi-

214 2544 263 2566 nat
283 2541 434 2575 profectum
463 2544 489 2572 in
515 2545 604 2580 pejus.
633 2548 768 2582 Quoniam
791 2541 855 2581 vero
876 2555 952 2582 multi
975 2557 1002 2584 in

212 2585 317 2620 iustitia
334 2588 468 2624 viventes,
488 2592 534 2619 ubi
549 2600 667 2622 cernunt
679 2597 784 2631 scipsos
808 2599 834 2626 in
849 2599 1001 2628 amictioni-

213 2632 274 2665 bus,
289 2640 460 2668 peceatorem
473 2643 567 2666 contra
579 2639 606 2667 in
616 2642 743 2670 omnibus
753 2649 904 2678 opportune
916 2646 1001 2674 felici-

214 2681 256 2705 ter
266 2686 402 2715 agentem,
417 2683 606 2719 indignatione
617 2689 738 2724 correpti
751 2689 900 2724 abjustitia
912 2692 1002 2720 desci-

1058 2281 1208 2316 ἀποφοιτᾷν
1221 2281 1259 2316 τῷ
1277 2282 1450 2318 παραζηλοῦν
1479 2283 1587 2316 αὐτούς.
1609 2285 1772 2312 Εὐοδοῦνται
1793 2286 1850 2320 (67)

1056 2326 1125 2362 γὰρ,
1141 2327 1200 2362 ἦτοι
1215 2327 1264 2363 τὴν
1278 2327 1307 2354 ὲν
1327 2329 1471 2364 πράγμασι
1487 2331 1543 2361 τοῖς
1563 2330 1637 2362 ἰδίοις
1657 2331 1760 2358 εὐοδίαν
1775 2332 1849 2367 ἔχειν

1056 2371 1300 2408 ὑπολαμϐάνονται,
1328 2374 1358 2400 οὐ
1382 2373 1483 2410 ψήφοις
1497 2377 1557 2407 ταῖς
1581 2376 1684 2404 ἄνωθεν
1706 2378 1736 2404 τὸ
1753 2379 1849 2413 χρῆμα

1054 2419 1255 2455 κερδαίνοντες,
1272 2420 1328 2447 ἀλλ’
1345 2421 1377 2447 ὲκ
1390 2420 1438 2447 τοῦ
1456 2421 1626 2450 πλεονεκτεῖν
1646 2425 1693 2451 καὶ
1710 2425 1848 2460 ἁρπάζειν

1053 2466 1088 2493 τὰ
1111 2467 1211 2502 ἑτέρων
1228 2466 1283 2493 ἐσθ’
1300 2468 1354 2495 ὅτε.
1371 2467 1425 2503 Τὴν
1450 2465 1497 2494 οὖν
1515 2468 1653 2502 εὑόδωσιν,
1670 2470 1719 2505 τὴν
1745 2471 1793 2498 ἐπὶ
1817 2471 1848 2497 τὸ

1051 2513 1141 2548 χεῖρον
1160 2513 1304 2548 προκοπὴν
1317 2512 1400 2546 λέγει.
1425 2513 1534 2548 Ἐπειδὴ
1546 2514 1574 2540 δὲ
1591 2515 1683 2542 πολλοὶ
1701 2516 1847 2543 ἐνμδικαιο-

1052 2557 1120 2594 σύνῃ
1131 2557 1241 2590 ζῶντες,
1262 2559 1326 2586 ὅταν
1346 2558 1439 2586 ἴδωσιν
1453 2561 1566 2593 ἑαυτοὺς
1586 2562 1614 2587 ἐν
1629 2561 1731 2594 πόνοις,
1751 2563 1799 2589 τὸν
1815 2563 1845 2590 δὲ

1052 2603 1215 2639 ἁμαρτωλὸν
1230 2605 1259 2631 ὲν
1278 2605 1344 2631 πᾶσι
1360 2604 1430 2640 πρὸς
1444 2605 1538 2641 καιρὸν
1555 2606 1746 2641 εὐοδούμενον,
1767 2608 1845 2643 ὀργι-

1053 2648 1226 2685 σθέντεςιτῆς
1238 2649 1410 2686 δικαιοσύνης
1423 2651 1601 2685 ἀφίστανται,
1619 2652 1699 2679 τοῦτο
1710 2653 1739 2679 δὲ
1750 2653 1844 2685 ἀνοίας

1050 2694 1099 2730 τῆς
1113 2695 1246 2730 ὲσχάτης²
1261 2695 1306 2722 διὰ
1321 2694 1400 2722 τοῦτο
1414 2695 1599 2732 μακροθυμεῖν
1613 2696 1747 2725 διδάσκων
1767 2700 1782 2725 ὀ
1797 2698 1843 2725 λό-

249 2738 273 2754 ⁴⁵
290 2739 367 2768 Joan.
389 2750 430 2777 Ill,
453 2743 498 2772 20.
536 2744 559 2761 "
580 2746 645 2774 ibid.
684 2748 708 2764 "°
731 2748 827 2777 Matth.
844 2758 904 2784 xui,
918 2751 962 2778 45.
995 2752 1016 2768 τί

1071 2752 1105 2780 al.
1122 2760 1235 2786 Lxxvm,
1249 2752 1275 2780 8.
1313 2753 1335 2769 "
1360 2752 1427 2780 Luc.
1456 2761 1512 2786 xvi,
1527 2754 1573 2782 ‘25.

216 2808 426 2874 ωθξξέυξῗιιεη
436 2813 461 2842 Μ
473 2815 556 2844 minio
566 2816 696 2853 pingitur,
708 2818 785 2854 quasi
794 2818 859 2848 hinc
869 2818 998 2856 Origenes

1161 2820 1304 2862 Ἐπαίξανῇ
1320 2822 1361 2848 vel
1373 2823 1519 2862 ἐπιτρεγγῆ,
1537 2829 1562 2852 ct
1579 2825 1636 2860 lege
1647 2824 1734 2860 ἥλως.

1083 2855 1140 2891 (67)
1160 2857 1200 2883 An
1216 2855 1255 2888 τό,
1274 2861 1301 2885 et
1315 2865 1388 2890 mox,
1400 2855 1467 2885 τοῖιῗ
