1918 3069
73 133 119 162 HS

692 136 875 165 EXCERPTA
895 136 928 164 IN
948 136 1116 165 PSALMOS.

1658 137 1709 164 196

76 203 131 229 τος,
143 194 190 222 καὶ
203 193 254 230 τῆς
270 195 460 234 δικαιοσύνης
472 197 518 224 τοῦ
534 195 601 223 Θεοῦ
617 196 664 223 τὸν
678 196 783 232 καρπον
792 204 862 231 προσ

927 201 1016 229 scunt,
1044 196 1116 231 quod
1139 199 1181 223 est
1209 199 1337 223 extremae
1360 195 1539 231 insipientia;
1563 200 1706 232 propterea

82 241 197 278 δέχεσθαι
212 249 294 277 φησι.

82 333 158 368 Στίχ.
165 335 199 368 η’.
208 331 329 359 Παῦσαι
337 331 400 359 ἀπὸ
408 330 510 366 ὀργῆς,
517 327 566 358 καὶ
574 328 754 364 ἐγκατάλιπε
768 330 872 364 θυμόν.

125 377 277 412 Ἐπωφελὲς
293 376 324 403 τὺ
337 377 530 412 παράδειγμα,
551 375 599 402 καὶ
612 375 667 407 τοῖς
686 374 872 409 ὑποτεταγμέ-

79 432 136 455 νοις
152 422 214 457 Θεῷ
229 422 468 458 πρεπωδέστατον.
486 421 545 458 Χρὴ
567 421 636 457 γὰρ,
661 421 743 455 φησι,
769 420 874 456 πράους

77 466 162 499 εἷναι,
176 468 223 495 καὶ
235 466 265 495 εὖ
280 468 352 503 μάλα
370 467 583 503 καθεστηκότας,
601 467 647 493 καὶ
665 465 788 498 εὐταξίαν
800 465 874 501 ἔχον-

74 522 127 545 τας
143 514 188 546 εἰς
202 513 276 546 νοῦν,
299 512 465 547 ἀγαπῶντάς
481 521 511 539 τε
527 511 673 543 διαπαντὸς
688 511 737 546 τὴν
757 511 811 538 ἀπὸ
824 511 872 546 τῆς

75 559 278 595 μακροθυμίας
300 559 416 592 εὐοδίαν,
440 558 487 585 καὶ
509 558 563 585 τῶν
583 558 613 592 ἐξ
634 558 718 594 ὀργῆς
742 558 871 593 κυμάτων

71 605 247 640 ἀποφοιτᾷν.
265 604 326 631 Τῶν
345 604 399 640 γὰρ
423 604 515 631 παθῶν
531 603 592 632 τινὰ
609 604 657 640 μὲν
674 604 704 630 οὺ
723 603 817 630 πίπτει
832 604 872 635 είς

72 651 208 682 πολλοὺς,
221 650 292 678 ἀλλὰ
309 652 357 678 καὶ¹
373 651 397 677 oi
417 651 544 686 τυχόντες
563 650 699 678 ἀπέϐαλον
722 650 790 677 αὐτὰ
806 658 872 685 προ-

74 696 242 728 adamas/rec.
254 696 292 722 Τὸ
301 695 356 731 γὰρ
372 696 468 732 μιαρὸν
488 696 566 723 τοῦτο
580 695 674 729 πάθος,
691 697 707 731 ἠ
723 696 802 732 ὀργὴ,
825 697 872 723 ὲκ-

74 742 151 768 καίει
165 742 215 768 καὶ
229 742 294 773 τοὺς
307 741 452 773 δοκοῦντας
463 739 532 768 εἶναι
545 741 702 777 φρονίμους,
711 742 757 768 καὶ
771 741 872 778 ταράσ-

75 795 118 813 σει
128 795 136 801 ·
158 787 190 813 οὺ
202 787 265 818 τινὰ
285 787 346 822 μὲν,
364 787 426 813 τινὰ
436 787 458 813 δ’
474 786 505 813 οὗ
519 796 525 803 ·
543 786 610 814 ἀλλὰ
624 787 769 814 κινδυνεύω
782 787 871 822 λέγειν

74 833 186 864 πάντας
202 832 364 868 ἀνθρώπους
380 831 466 868 παρὲξ
474 832 520 860 τοῦ
537 832 702 866 τελείου,ὲάν
712 841 763 860 που
771 833 869 869 εὑρεθῇ

72 886 115 909 τις
133 878 252 911 τέλειος.

74 969 153 1004 Στίχ.
173 969 206 997 θ’.
215 970 249 996 οι
268 968 304 996 δὲ
318 969 520 1005 ὑπομένοντες
531 969 585 1005 τόν
600 970 710 1004 Κύριον
723 970 868 1004 κληρονο-

369 1005 505 1040 μήσουσι
519 1004 587 1039 γῆν.

111 1050 172 1086 (68)
188 1048 302 1086 Ἐπειδὴ
313 1051 447 1086 εἰώθαμέν
466 1060 523 1082 πως
533 1051 575 1077 ἀεὶ
585 1050 638 1078 τῶν
647 1050 771 1086 πονηρῶν
785 1050 870 1078 ἀπαν-

76 1097 218 1130 ίστασθαι,
235 1097 274 1133 τῷ
284 1098 331 1125 τοῦ
348 1098 508 1130 κολάζεσθαι
518 1098 573 1125 δέει
586 1097 782 1133 συνωθούμενοι
801 1098 868 1134 πρὸς

74 1143 236 1178 τὺᾶμεινον,
249 1144 342 1179 ἐφέσει
356 1144 383 1170 δὲ
394 1144 447 1171 τῶν
461 1144 608 1180 παρὰθεοῦ
617 1144 794 1179 χαρισμάτων
807 1153 868 1170 συν-

74 1189 238 1216 ελαύνεσθαι
251 1190 292 1221 εἰς
304 1190 334 1216 τὸ
347 1190 442 1226 διαςῇν
453 1190 586 1225 εὐνόμως’
603 1190 648 1217 διὰ
659 1190 748 1222 τοῦτο,
756 1189 868 1222 δείξαςό

74 1235 184 1268 ψάλλων
213 1235 336 1270 ὀλέθριον
358 1235 414 1262 τῶν
439 1235 661 1271 πονηρευομένων
675 1236 705 1262 τὸ
716 1236 802 1268 τέλος,
817 1237 868 1262 ὲπ-

75 1279 151 1314 άγει,
171 1281 214 1307 ὅτι
225 1282 258 1307 οι
276 1280 330 1307 τὸν
343 1281 453 1315 Κύριον
468 1281 678 1316 ὑπομένοντες,
691 1282 828 1308 τουτέστιν
842 1282 867 1309 οἱ

75 1325 116 1352 διὰ
129 1325 281 1362 καρτερίας
289 1326 336 1352 καὶ
348 1326 486 1361 ὑπομονῆς
497 1327 542 1353 τὸν
552 1327 693 1362 εὐδόκιμον
703 1327 866 1362 κατορθοῦν-

75 1379 118 1402 τες
134 1371 204 1406 βίον,
222 1371 489 1406 κληρονομήσουσι
496 1372 565 1407 γῆν,
579 1373 640 1408 ἥτις
651 1373 700 1399 οὐκ
714 1373 770 1400 ἐστι
785 1373 867 1409 μέρος

77 1417 178 1452 ταύτης
205 1417 256 1452 τῆς
279 1417 331 1452 γῆς
347 1417 399 1444 ὑπὸ
422 1418 542 1454 κατάραν
564 1419 764 1454 γεγενημένης,
782 1419 815 1454 ῆν
837 1419 866 1446 ὲν

76 1463 174 1495 λύπαις
181 1462 269 1489 ἐσθίει
280 1463 369 1495 πάσας
379 1463 427 1495 τὰς
442 1464 548 1500 ἡμέρας
559 1464 643 1491 αὐτοῦ
657 1465 671 1491 ό
685 1464 866 1500 ἐργαζόμενος

75 1508 175 1544 αὑτήν·
194 1509 266 1535 ἀλλὰ
281 1509 334 1544 γῆν
349 1509 472 1544 ἐκείνην,
487 1510 536 1546 τὴν
549 1511 605 1542 τοῖς
625 1510 715 1544 ἁγίοις
738 1510 866 1546 ηὐτρεπι-

926 242 989 269 dum
1003 249 1093 270 sermo
1110 244 1187 269 docet
1206 246 1331 276 oportere
1347 249 1396 269 nos
1407 249 1468 270 esse
1480 242 1657 277 longanimos,
1668 243 1707 270 ait

925 294 1032 323 quoque
1054 287 1168 322 iustitiae
1189 287 1305 314 fructum
1319 295 1334 314 a
1349 288 1404 315 Deo
1417 295 1479 315 esse
1502 288 1705 316 attendendum.

980 333 1012 362 ν.
1040 333 1067 360 8.
1089 332 1185 360 Desine
1208 333 1239 359 ab
1258 333 1310 366 ira,
1328 338 1351 359 et
1371 334 1459 360 desere
1477 333 1652 361 iracundiam.

960 378 1033 407 Utile
1044 379 1189 410 monitum,
1203 382 1230 405 et
1242 377 1276 405 iis
1292 378 1338 412 qui
1357 379 1470 412 subjecti
1487 383 1551 406 sunt
1569 379 1623 406 Deo
1637 386 1704 406 con-

924 425 1156 461 gruentissimum.
1172 423 1286 458 0p0rtet
1300 424 1390 458 enim,
1413 425 1462 457 ait,
1487 431 1536 452 nos
1554 432 1616 453 esse
1627 432 1705 452 man-

924 475 1028 502 suetos,
1043 470 1144 506 optime
1157 469 1209 497 sibi
1225 474 1394 503 constantes,
1410 475 1438 497 et
1449 470 1660 497 moderationem
1677 471 1704 498 in

923 516 1015 543 animo
1031 515 1132 542 habere
1145 522 1152 541 :
1168 514 1281 549 diligere
1295 521 1402 549 quoque
1418 521 1525 549 semper
1544 515 1706 549 provenien-

923 566 977 590 tem
996 569 1029 590 ex
1045 561 1252 596 longanimitate
1267 567 1436 593 successum.
1461 565 1488 587 et
1508 561 1541 588 ab
1560 560 1705 588 iracundiae

923 612 990 637 aestu
1003 613 1166 642 temperare.
1182 606 1221 634 Ex
1235 605 1421 634 aﬂ‘ectionibus
1431 607 1504 634 enim
1516 607 1637 641 quaedam
1651 614 1703 634 non

922 654 1022 682 cadunt
1036 653 1062 680 in
1079 654 1190 684 multos,
1202 653 1333 686 quasdam
1348 653 1430 679 etiam
1441 652 1560 679 nonnulli
1579 653 1612 679 de
1625 652 1705 679 trivio

922 699 1047 726 homines
1062 698 1237 734 proﬁcientes
1264 703 1410 725 exuerunt.
1435 697 1618 725 Exsecrabilis
1641 705 1704 725 vero

922 745 974 772 ista
992 745 1198 779 passio,'iram,
1223 745 1345 779 inquam,
1370 743 1510 771 succendit
1531 747 1558 770 et
1582 750 1630 770 eos
1657 743 1704 778 qui

921 790 1049 817 videntur
1078 797 1139 818 esse
1171 790 1339 824 prudentes,
1367 792 1448 822 atque
1472 786 1703 822 perturbattnon

921 843 1004 863 unum
1017 835 1126 870 quidem
1137 835 1242 869 utique.
1266 834 1348 862 alium
1370 840 1435 860 vero
1454 840 1528 865 non;
1556 833 1602 860 sed
1618 833 1704 860 audeo

883 873 905 900 Β
920 881 1009 909 dicere
1027 888 1121 908 omnes
1147 888 1260 916 prorsus
1284 880 1406 908 homines
1430 883 1528 914 praeter
1542 878 1702 913 perfectum,

921 926 1008 954 sicubi
1025 926 1139 954 inveniri
1152 931 1241 961 potest
1257 926 1302 961 qtti
1316 926 1351 953 sit
1366 925 1512 960 perfectus.

921 972 952 1000 V.
982 972 1009 1000 9.
1035 972 1200 1001 Sustinenm
1216 977 1304 999 autent
1334 971 1489 1004 Dominum,
1511 970 1702 997 hareditabunt

1266 1013 1372 1034 terram.

954 1054 1087 1087 Quoniam
1130 1054 1322 1082 consuevimus
1363 1053 1562 1087 quodammodo
1595 1060 1703 1088 semper

918 1100 1047 1127 adversus
1063 1107 1160 1135 pravos
1171 1099 1323 1134 insurgere,
1339 1103 1411 1126 metu
1423 1105 1508 1133 poma:
1522 1098 1701 1133 propellentes

918 1153 965 1173 eos
980 1145 1012 1172 ad
1029 1146 1168 1174 meliorem
1187 1145 1304 1180 frugem.
1331 1151 1386 1178 quo
1410 1143 1546 1172 desiderio
1567 1144 1700 1171 donorum

918 1192 964 1220 Dei
984 1197 1116 1227 cogantur
1128 1192 1161 1218 ad
1177 1192 1246 1218 bene
1268 1191 1436 1224 honesteque
1451 1189 1596 1216 vivendum
1607 1209 1615 1220 ,
1641 1196 1703 1223 pro-

922 1242 1014 1272 pterea
1029 1236 1176 1264 ostendens
1189 1235 1327 1270 psalmista
1352 1234 1534 1269 perniciosum
1555 1241 1701 1268 pravorum

917 1281 1011 1314 ﬁnem,
1029 1280 1182 1308 subiniert:
1197 1279 1361 1307 Sustinenlet
1384 1278 1542 1312 Dominum,
1561 1279 1642 1306 idest
1657 1277 1702 1312 qtti

918 1334 952 1354 ex
968 1325 1130 1354 fortitudine
1145 1331 1171 1353 et
1181 1325 1309 1360 patientia
1322 1324 1484 1351 laudabilem
1496 1324 1578 1350 vitam
1591 1324 1700 1358 degunt,

916 1371 1108 1399 hcreditabunt
1134 1376 1241 1403 terram,
1272 1377 1332 1405 qum
1361 1377 1413 1396 tton
1439 1374 1482 1396 est
1511 1369 1599 1403 portio
1624 1374 1702 1396 terra:

917 1417 995 1444 istius
1007 1416 1136 1450 subjectae
1148 1416 1305 1447 maledicto,
1314 1416 1347 1443 de
1358 1423 1411 1449 qua
1426 1415 1453 1442 in
1465 1414 1603 1443 doloribus
1616 1422 1702 1442 come-

916 1463 956 1491 dit
980 1470 1074 1490 omnes
1094 1462 1151 1490 dies
1173 1470 1238 1490 suos
1268 1461 1313 1496 qui
1346 1462 1410 1488 colit
1424 1468 1483 1488 eam
1498 1470 1505 1488 :
1522 1460 1569 1488 sed
1600 1465 1700 1488 terram

916 1508 988 1535 illam
1004 1508 1106 1535 sanctis
1117 1512 1306 1543 pratparatatn.
1320 1506 1471 1534 Hereditas
1484 1506 1582 1541 quippe
1593 1513 1698 1540 eorum,

77 1554 188 1590 σμένην.
201 1554 312 1590 Κλῆρος
324 1554 377 1590 γὰρ
387 1555 503 1590 αὐτοϊςή
515 1555 568 1582 τῶν
577 1556 661 1590 ἁγίων
674 1555 838 1588 καλλίπολις,
849 1556 863 1592 ἡ

919 1558 958 1581 cst
970 1553 1152 1588 pulcherrima
1170 1553 1215 1580 illa
1232 1553 1338 1587 civitas,
1351 1560 1411 1587 qua:
1425 1557 1451 1580 et
1463 1558 1556 1580 sancta
1570 1557 1598 1580 et
1614 1560 1695 1587 supe-

77 1601 134 1635 ίερά
146 1609 177 1626 τε
189 1601 238 1627 καὶ
251 1601 317 1634 ἄνω,
334 1598 368 1636 ἦς
387 1601 551 1636 κληροδότης
559 1601 634 1633 Θεός.
648 1601 703 1637 (69)
719 1602 824 1637 Ὥσπερ
835 1601 863 1628 δέ

76 1645 147 1672 ἔστιν
159 1647 173 1672 ὁ
187 1646 285 1682 Σωτὴρ
302 1646 383 1679 σοφία
392 1666 400 1678 ,
415 1646 510 1680 Λόγος,
522 1647 616 1682 εἰρήνη
632 1648 678 1674 καὶ
690 1647 845 1682 δικαιοσύνη
854 1668 862 1680 ,

76 1689 158 1721 οὕτως
172 1691 222 1717 καὶ
241 1691 377 1726 ὑπομονή.
392 1691 548 1726 Γέγραπται
562 1692 625 1727 γάρ·
642 1693 695 1719 Καὶ
710 1692 768 1719 νῦν
784 1693 830 1726 τίς
842 1693 862 1727 ἠ

75 1736 211 1771 ὑπομονηὶ
220 1745 298 1771 μου;
313 1737 387 1771 οὐχὶ
397 1737 523 1771 Κύριος;
543 1738 601 1772 Ἀφ’
615 1734 646 1764 οὗ
659 1738 788 1774 ἀρύεσθαι
804 1739 863 1765 ἐστι

76 1781 119 1808 καὶ
132 1782 284 1817 λαμϐάνειν
297 1783 397 1815 πάντα,
415 1782 432 1810 a
445 1783 552 1817 λέγεται
563 1781 633 1810 εἶναι
643 1784 712 1811 κατὰ
728 1784 777 1816 τὰς
792 1785 863 1820 Γρα-

75 1827 126 1861 ea;
139 1829 153 1854 ὁ
165 1828 297 1863 Χριστός.
320 1828 363 1860 Ὠς
381 1828 436 1864 γὰρ
460 1829 557 1864 μετοκῇ
578 1829 660 1855 αὑτοῦ
678 1829 775 1856 δίκαιοι
789 1829 863 1864 γινό-

75 1873 142 1908 μεθα
156 1874 205 1900 καὶ
220 1875 309 1908 σοφοὶ,
322 1874 369 1900 καὶ
386 1874 561 1910 εἰρηνεύομεν
572 1883 578 1890 ·
593 1874 680 1906 οὕτως
694 1876 739 1902 καὶ
763 1877 862 1911 μετοχῇ

73 1919 152 1946 αὑτοῦ
167 1920 352 1955 ὑπομένομεν.
375 1919 508 1955 Ἦσύχαζε
531 1917 577 1946 οὖν
595 1921 736 1956 ὑπομένων
750 1921 797 1948 καὶ
819 1922 863 1948 ὲκ-

73 1964 217 2001 δεχόμενος
234 1965 280 1991 τὸν
296 1965 373 1998 Θεὸν,
395 1966 433 2000 μὴ
453 1965 651 2001 ταραττόμενος
671 1967 726 1998 τοῖς
736 1966 860 2002 παροῦσι.

104 2050 181 2085 Στίχ.
200 2053 247 2077 ια’.
259 2052 292 2077 Οἱ
302 2049 336 2077 δὲ
351 2050 454 2084 πραεῖς
469 2051 736 2086 κληρονομήσουσι
751 2052 818 2087 γῆν.

101 2096 132 2122 Οἱ
158 2096 216 2122 ἀπὸ
232 2095 410 2124 Οὐαλεντίνου
435 2096 480 2123 καί
501 2105 582 2124 τινων
599 2097 716 2134 ἐτέρων,
744 2098 862 2133 οἰόμενοι

67 2142 110 2168 τὸν
126 2142 247 2178 Σωτῆρα
258 2142 348 2176 λέγειν
362 2142 396 2169 τὰ
411 2142 448 2178 μὴ
469 2143 602 2179 εἰρημένα
620 2144 650 2171 ὲν
663 2145 719 2176 τοῖς
737 2145 863 2176 παλαιοῖς

68 2186 244 2221 Γράμμασιν,
258 2185 382 2213 ἐντεῦθεν
404 2186 618 2222 ὲλεγχέσθωσαν,
641 2188 797 2222 ἀκούοντες,
819 2190 860 2216 ὅτι

915 1599 972 1626 rior
984 1599 1069 1631 audit,
1085 1599 1163 1634 cujus
1180 1599 1341 1626 distributor
1355 1603 1396 1626 est
1417 1599 1497 1626 Deus.
1514 1598 1590 1626 Sicut
1603 1603 1694 1626 autem

916 1645 1041 1672 Salvator
1053 1649 1094 1673 est
1113 1644 1258 1678 sapientia,
1273 1644 1402 1677 Verbum,
1421 1652 1472 1679 pax
1486 1649 1514 1671 et
1524 1645 1645 1680 justitia,
1659 1644 1698 1670 ita

914 1689 994 1717 etiam
1014 1690 1154 1725 patientia.
1172 1689 1309 1724 Scriptum
1324 1695 1366 1717 est
1381 1690 1453 1717 enim
1467 1699 1473 1715 :
1489 1689 1522 1716 Et
1544 1698 1624 1722 nunc,
1640 1697 1699 1724 qua:

913 1742 950 1764 est
969 1737 1095 1771 patientia
1111 1738 1190 1765 mea?
1211 1737 1304 1764 Nonne
1323 1737 1453 1763 Dominus
1468 1736 1511 1762 "?
1526 1745 1540 1763 a
1561 1744 1614 1771 quo
1630 1737 1698 1762 hau—

913 1781 971 1809 rire
996 1786 1102 1815 oportet
1114 1786 1141 1808 et
1154 1782 1279 1815 accipere
1293 1781 1396 1812 oumia,
1419 1788 1480 1815 quae
1499 1780 1622 1807 Christus
1637 1787 1698 1807 esse

913 1827 1013 1855 dicitur
1024 1827 1172 1854 secundutn
1189 1826 1354 1862 Scripturas.
1366 1825 1452 1854 Sicuti
1465 1825 1537 1853 enitn
1551 1825 1698 1860 participa-

914 1874 987 1901 tione
1001 1873 1060 1907 ejus
1073 1873 1152 1900 ﬁmus
1163 1873 1241 1906 justi,
1262 1877 1290 1900 et
1309 1873 1457 1907 sapientes,
1470 1876 1497 1899 et
1511 1871 1637 1906 paciﬁci,
1658 1871 1696 1899 ita

912 1924 1018 1951 quoque
1035 1916 1245 1951 participatione
1260 1915 1320 1950 ejus
1332 1916 1410 1943 ﬁmus
1423 1916 1570 1951 patientes.
1581 1916 1697 1949 Quiesce

912 1962 995 1997 igitur
1008 1962 1148 1990 sustinens
1171 1969 1197 1989 et
1220 1967 1384 1997 exspectans
1408 1962 1501 1994 Deum,
1525 1969 1696 1996 nequaquam

912 2007 992 2034 rebus
1005 2008 1182 2042 praesentibus
1198 2008 1380 2042 perturbatus.

964 2053 996 2080 V.
1022 2053 1064 2080 ll.
1090 2053 1222 2081 Mansueti
1245 2062 1303 2081 vero
1319 2053 1512 2081 hcereditabunt
1534 2059 1641 2081 terram.

947 2099 1128 2127 Valentiniani
1150 2105 1179 2127 et
1208 2100 1254 2127 alii
1282 2100 1412 2135 quidam,
1442 2099 1493 2126 rati
1526 2099 1695 2128 Salvatorem

911 2144 1002 2172 dicere
1025 2152 1084 2180 quae
1102 2153 1272 2180 nequaquam
1289 2146 1314 2172 in
1334 2144 1432 2180 priscis
1455 2143 1604 2179 Scripturis
1625 2144 1696 2172 dicta

910 2195 986 2222 sunt,
1006 2198 1039 2218 ex
1056 2191 1106 2218 hoc
1123 2190 1181 2218 loco
1199 2195 1361 2226 arguantur,
1387 2190 1450 2217 dum
1468 2190 1582 2216 audiunt
1598 2199 1604 2217 :
1619 2189 1695 2216 Beati

67 2232 213 2267 Μακάριοι
228 2232 345 2267 πραεῖς,
360 2232 405 2260 ὅτι
425 2233 511 2260 αὐτοὶ
524 2233 789 2269 κληρονομήσουσι
804 2234 861 2269 τὴν

919 2236 1053 2268 uansuett',
1080 2237 1140 2272 quia
1157 2237 1210 2271 ipsi
1223 2236 1413 2263 hwreditabunt
1436 2241 1534 2263 terram
1561 2235 1605 2264 7‘:
1622 2237 1694 2271 quod

67 2279 130 2313 γῆν.
142 2279 250 2315 Εἷρητο
267 2279 317 2314 μὲν
331 2278 377 2305 καὶ
392 2279 523 2315 πρότερον
538 2279 582 2307 διὰ
597 2279 744 2311 Δαϐὶδξὺπὺ
753 2280 799 2307 τοῦ
811 2281 859 2307 αὺ-

65 2325 109 2352 τιῦ
122 2325 196 2352 Πνεύ
200 2334 298 2361 ματος.

98 2371 154 2406 (70)
168 2370 427 2406 Οἰκονομικώτερον
448 2371 476 2398 δὲ
491 2371 553 2398 λίαν
568 2372 582 2397 ὁ
603 2370 685 2397 Δαόὶδ
700 2371 861 2407 ἀντιπαρεξ-

63 2416 191 2451 άγειταὶς
196 2417 255 2444 τῶν
266 2417 433 2452 παρανόμων
445 2417 572 2444 κολάσεσι
579 2416 613 2443 τὰ
620 2417 674 2443 τῶν
686 2417 769 2451 ἁγίων
779 2417 858 2453 γέρα.

70 2462 164 2498 ’Δκονᾷ
186 2463 217 2489 δὲ
234 2462 280 2489 διὰ
297 2461 401 2488 τούτων
424 2462 522 2494 αὐτοὺς
540 2463 579 2494 εις
600 2462 693 2497 ἔφεσιν
715 2463 857 2498 εὐανδρίας

66 2509 263 2545 πνευματικῆς,
277 2508 311 2535 δι’
325 2505 360 2544 ἦς
373 2507 407 2534 ἂν
420 2508 524 2542 γένοιτο
533 2507 682 2543 κατορθοῦν
696 2509 784 2535 πάντα
795 2509 857 2544 τρό-

67 2562 110 2580 πον
128 2555 241 2590 ἀρετῆς.
269 2553 329 2589 (71)
352 2553 444 2589 Ταύτῃ
467 2553 508 2580 τοί
535 2561 632 2590 φησιν·
647 2555 680 2580 οι
700 2554 735 2580 δὲ
752 2554 856 2588 πραεῖς

68 2600 332 2636 κληρονομήσουσι
358 2599 427 2634 γῆν,
452 2599 502 2635 τὴν
525 2600 587 2626 ἄνωι
601 2599 711 2635 δηλαδή.
737 2600 770 2626 Εἰ
800 2600 855 2636 γάρ

71 2646 132 2674 ἐστιν
145 2648 172 2674 ἐν
183 2647 315 2683 οὐρανοῖς
330 2646 401 2673 κατὰ
417 2645 521 2672 Παῦλον
537 2645 714 2681 Ἰερουσαλὴμ
730 2646 776 2673 καὶ
787 2646 855 2673 Σιὼν

71 2688 129 2724 δρας,
145 2690 298 2718 ἀκόλουθον
312 2690 362 2717 καὶ
384 2689 437 2724 γῆν
453 2691 534 2722 νοεῖν,
556 2689 590 2725 ἣν
606 2689 854 2726 κληρονομήσουσιν

96 2736 196 2764 "Psal.
215 2742 341 2767 xxxvttt,
362 2734 390 2762 8.
430 2734 453 2751 ⁷⁸
479 2732 574 2774 Matth.
591 2742 618 2768 ν,
631 2734 659 2761 4.

94 2783 343 2822 (68)Με.ρ)ιι·ἱ1ξο“
361 2781 466 2822 tribuit.
594 2815 613 2822 κ
631 2815 637 2822 .
766 2816 772 2821 _

64 2815 260 2884 Cyrilli
278 2823 309 2848 et
323 2817 464 2852 Origenis.
496 2815 565 2844 iliuc
592 2815 724 2851 Origenes
747 2816 853 2845 videtur

912 2286 990 2308 antea
1017 2289 1125 2317 quoque
1142 2282 1242 2310 dictum
1257 2282 1347 2310 luerat
1368 2290 1416 2316 per
1444 2281 1529 2309 David
1549 2282 1582 2309 ab
1598 2284 1693 2310 eodem

913 2327 1025 2362 Spiritu.

947 2374 1051 2401 Eximia
1067 2375 1199 2409 sapientia
1224 2375 1300 2402 valde
1319 2374 1403 2401 David
1423 2374 1566 2409 impiorum
1591 2373 1693 2409 suppli-

912 2418 962 2446 ciis
989 2426 1005 2445 e
1023 2420 1136 2454 regione
1158 2420 1270 2455 opponit
1293 2425 1451 2447 sanctorum
1484 2420 1689 2446 retributiones.

909 2464 1023 2492 Exacuit
1034 2473 1099 2492 vero
1123 2473 1170 2500 per
1182 2467 1239 2493 haec
1249 2466 1310 2494 illos
1323 2467 1356 2494 ad
1377 2466 1542 2493 desiderium
1554 2465 1692 2500 generosi-

909 2509 974 2537 tatis
988 2510 1150 2544 spiritualis,
1162 2519 1215 2545 qua
1228 2512 1274 2538 ﬁat
1289 2517 1317 2538 ut
1338 2518 1443 2538 omnem
1463 2509 1571 2537 modum
1584 2509 1691 2537 virtutis

909 2556 1016 2590 assequi
1032 2555 1150 2583 valeant.
1170 2556 1315 2591 Propterea
1328 2557 1395 2584 dicit
1410 2565 1417 2584 :
1431 2555 1563 2582 Mansueti
1580 2555 1691 2583 fueredi-

908 2601 1000 2628 tabunt
1022 2606 1132 2636 terram,
1146 2610 1292 2638 supernam
1311 2604 1446 2631 videlicet.
1470 2602 1498 2629 Si
1515 2602 1590 2629 enim
1609 2601 1689 2628 estin

907 2647 996 2679 cmlis,
1010 2647 1088 2681 juxta
1107 2647 1233 2680 Paulum,
1256 2648 1419 2683 Jerusalem,
1446 2652 1474 2676 et
1500 2655 1578 2674 mons
1605 2645 1688 2677 Sion,

906 2700 1078 2728 consequens
1095 2700 1138 2722 est
1166 2701 1196 2722 ut
1218 2695 1254 2723 ibi
1277 2695 1359 2724 etiam
1384 2699 1485 2723 terram
1505 2692 1688 2728 concipiamus

941 2783 997 2854 ac;
1010 2784 1109 2820 Κύριλ.

942 2819 983 2854 (Ἠ
1018 2820 1109 2854 ἀριγέ·

942 2819 997 2854 (Ἠ)
1018 2819 1131 2855 Ὼριγέν·
