1918 3069
209 116 257 142 1‘27

652 109 935 138 SUPPLEMENTUM
952 109 998 136 AD
1017 107 1180 136 ORIGENIS
1198 105 1405 134 EXEGETlCA.

1831 97 1888 124 £28

209 173 314 204 animo.
335 179 417 207 quam
433 171 594 199 haereditate
613 170 728 198 adibunt
749 171 796 206 qui
819 171 1003 207 perniciosam

1073 168 1270 204 ίνενικηκότες
1288 167 1372 198 πάθος
1386 166 1517 202 ὀλέθριον,
1535 165 1586 201 τὴν
1602 164 1702 200 ὀργὴν,
1732 163 1812 197 ἥτις
1832 160 1886 186 καὶ

209 219 364 254 passionem
396 218 528 249 vicerint,
554 217 726 244 iracundiam
753 224 863 252 nempe,
887 224 948 252 qua
974 222 1002 244 et

211 265 357 298 prudentes
371 264 469 298 perdit,
489 264 553 290 dum
575 271 609 291 ne
621 271 654 290 ex
669 263 771 291 virtute
790 268 874 298 agant
888 263 1001 297 impedi-

212 315 304 338 mento
318 316 359 338 est
376 309 439 336 illis.
459 309 479 336 E
504 310 615 344 regione
636 314 728 337 autem
750 309 822 336 inter
839 316 900 337 sese
917 316 1003 344 oppo-

213 362 315 384 nuntur
328 356 510 383 mansuetudo
526 361 554 382 et
567 355 718 382 iracundia.
736 355 788 383 Ubi
801 355 874 395 enim
892 355 1002 382 iracun—

212 403 254 430 dia
268 407 320 434 est,
331 403 490 430 nullatenus
502 402 698 435 mansuetudo;
712 406 740 430 et
751 403 796 430 ubi
810 402 1002 436 mansuetudo,

211 449 368 476 nullatenus
384 448 422 476 ibi
435 448 576 476 iracundia
591 449 738 477 invenitur.

212 503 246 532 ν.
274 504 317 533 12.
348 504 502 532 Observabit
521 509 644 538 peccator
658 504 773 539 justum,
787 510 812 532 et
826 505 957 539 frendebit
977 506 1005 532 in

467 547 526 566 eum
541 540 663 567 dentibus
686 541 752 568 suis.

215 585 246 613 V.
276 586 318 614 l5.
347 586 380 613 At
402 585 530 613 Dominus
542 587 672 614 deridebit
705 595 776 619 eum,
790 586 852 622 quia
866 586 1003 622 prcuidet,

447 623 508 656 quia
528 622 608 648 veniet
633 622 688 648 dies
706 622 774 656 ejus.

250 678 290 705 Ex
315 679 366 706 hoc
390 678 450 706 loco
476 679 645 706 addiscimus
673 679 747 714 quia,
777 679 1005 714 quemadmodum

216 729 314 752 natura
330 725 475 753 contrariae
489 729 552 752 sunt
570 726 688 753 tenebrat
704 731 731 752 et
745 725 834 753 lumen
848 746 856 758 ,
873 726 910 753 ita
924 726 1005 753 etiam

218 774 348 804 peccator
362 770 500 805 etjustus.
529 769 558 797 Si
579 770 661 805 igitur
685 771 786 799 videris
807 779 925 806 unquam
945 773 1007 799 odio

217 815 341 843 habitum
353 816 467 850 justum,
491 823 526 843 ne
546 816 644 843 timeas
655 816 746 844 dicere
763 817 797 844 de
811 824 845 844 eo
863 817 910 852 qui
929 817 1005 844 illum

216 862 280 890 odio
297 862 391 894 habet,
405 869 466 890 eum
479 870 540 890 esse
554 868 738 897 peccatorem.
769 863 820 897 Qui
838 865 911 891 enim
927 872 1005 892 mun-

216 908 285 935 dana
301 909 421 943 sapiunt,
436 913 464 937 et
483 910 571 937 turbis
593 911 673 946 hujus
690 911 754 939 vitae
777 919 852 938 suam
883 911 1005 946 ipsorum

216 959 335 982 mentem
353 955 549 989 revinxeruut,
573 963 683 992 semper
702 957 905 992 quodammodo
932 957 1005 984 insa-

216 1000 296 1028 niunt
315 1002 447 1028 adversus
459 1009 507 1029 eos
527 1002 572 1036 qui
587 1002 730 1030 honestam
744 1009 771 1029 et
787 1003 902 1030 electam
923 1003 1005 1030 vitam

217 1051 312 1082 agunt,
327 1047 488 1083 hostemque
506 1053 633 1084 reputant
643 1056 703 1076 eum
715 1048 902 1083 quijustitiam
916 1056 1008 1076 amore

217 1094 404 1128 prosequitur.

218 1139 250 1167 V.
282 1139 326 1166 14.
348 1139 475 1166 Gladium
497 1144 669 1166 extraxerunt
697 1145 845 1173 peccatores
862 1149 871 1166 :
888 1140 1008 1166 intende-

253 1180 314 1201 runt
340 1183 430 1201 arcum
458 1183 550 1205 suum,
578 1179 605 1201 ut
627 1175 802 1210 proﬂigarent
827 1183 968 1209 pauperem
984 1179 1009 1201 et

253 1218 382 1245 egentius,
405 1215 432 1236 ut
451 1209 609 1244 jugularent
631 1216 714 1237 rectas
734 1210 823 1236 corde.

258 1278 336 1306 Sicut
350 1284 392 1306 est
406 1280 530 1313 quardam
546 1285 686 1307 armatura
704 1280 762 1312 Dei,
778 1280 818 1307 sic
832 1285 874 1308 est
884 1281 1009 1316 quaedam

221 1330 358 1352 armatura
377 1326 495 1359 diaboli,
517 1334 601 1361 quam
620 1327 698 1354 miles
715 1327 772 1362 ejus
791 1327 879 1355 induit
894 1337 903 1356 ι
917 1329 1010 1355 thora-

220 1381 280 1400 cem
304 1373 455 1407 injnstitiaa,
472 1375 576 1408 galeam
594 1374 737 1408 interitus,
761 1379 867 1403 scutum
893 1376 1010 1404 inﬁdeli-

223 1421 306 1451 tatis.
333 1421 451 1455 gladium
478 1421 591 1456 maligni
623 1421 748 1455 spiritus,
774 1430 853 1456 quem
885 1422 1012 1457 evagiuat

221 1470 362 1501 peccator,
376 1466 453 1500 cujus
466 1466 549 1500 pedes
573 1466 606 1492 ad
631 1465 794 1500 injustitiam
817 1472 943 1494 currunt.
962 1468 1012 1495 Est

1053 214 1201 250 φρονίμους
1215 213 1356 240 ἀπόλλυσι.
1367 214 1435 240 Κατ’
1451 212 1550 247 ἀρετὴν
1563 212 1618 247 γὰρ
1628 210 1771 247 ἐνεργεῖν
1786 209 1885 243 ἐμπο-

1051 260 1180 292 δίζονται.
1199 259 1278 286 Κατὰ
1293 260 1438 294 διάμετρον
1452 258 1481 285 δέ
1496 259 1564 284 εἰσιν
1578 257 1707 293 ἀλλήλοις
1733 255 1884 290 πραότης

1052 306 1100 333 καὶ
1116 306 1196 342 ὀργή.
1213 305 1300 332 Ὅπου
1316 305 1369 340 γὰρ
1390 304 1475 340 ὀργὴ,
1494 302 1620 338 οὐδαμῶς
1641 302 1787 338 πραότης
1799 308 1809 315 ν
1830 298 1882 325 καὶ

1053 352 1120 378 ὅπου
1137 351 1270 387 πραότης,
1283 349 1409 385 οὐδαμῶς
1425 350 1483 376 ἐκεῖ
1492 348 1570 385 ὀργή.

1055 501 1128 537 Στίχ.
1142 499 1436 537 ιδἰηαρατηρῄσετᾳι
1449 499 1465 526 ὁ
1475 497 1646 537 ἁμαρτωλὸς
1654 495 1883 537 τὸηδίλφιον,

1115 532 1164 563 ἓιαί
1177 532 1285 570 βρύξει
1296 532 1342 561 ἐπ’
1357 534 1451 562 αὐτὸν
1461 534 1531 567 τοὺς
1539 533 1665 565 ὀδόντας
1681 532 1810 559 αὐτοῦ.

1056 583 1131 619 Στιχ.
1145 586 1190 618 ιγ’.
1198 583 1230 609 '0
1240 582 1274 619 δὲ
1286 582 1396 619 Κύριος
1404 579 1709 619 ξκτελᾴσεταιεαὺτρν,
1726 577 1784 604 ὅτι
1796 583 1883 612 προ-

1195 617 1306 650 ϐλέπει,
1321 617 1365 644 ὅτι
1380 617 1445 651 ἣξει
1455 617 1476 651 ἠ
1487 615 1582 650 ἡμέρα
1592 615 1694 642 αὐτοῦ.

1099 673 1240 701 Ἐντεῦθεν
1253 672 1436 708 μανθάνομεν,
1452 671 1503 703 ὅτι,
1526 670 1620 705 ὥσπερ
1635 669 1773 704 πέφυκεν
1795 668 1881 694 ἐναν-

1056 720 1114 747 τίον
1139 718 1208 746 εἶναι
1232 718 1328 750 σκότος
1345 719 1393 745 καὶ
1409 717 1476 752 φῶς,
1495 716 1565 744 οὕτω
1585 717 1600 743 ὁ
1624 714 1809 752 ἀμαρτωλδς
1837 713 1880 748 τῷ

1056 766 1161 802 δικαίῳ.
1184 765 1248 792 Ἐὰν
1262 764 1309 793 οὖν
1327 764 1385 800 ἴδῃς
1402 764 1462 790 τότε
1487 763 1649 799 μισούμενον
1667 762 1714 789 τὸν
1733 761 1880 793 δίκαιον,

1060 810 1096 845 μὴ
1113 809 1186 836 ὄκνει
1198 809 1286 844 λέγειν
1299 809 1364 845 περὶ
1381 807 1427 835 τοῦ
1447 807 1591 843 μισοῦντος
1613 807 1710 839 αὑτὸν,
1723 807 1773 838 ὡς
1793 805 1880 832 ἐστιν

1023 843 1044 873 Β
1058 843 1278 892 άμαρτωλόςίοῑ
1297 843 1353 891 γὰρ
1375 853 1538 890 φρονοῦντες
1551 853 1587 880 τά
1602 853 1736 888 κοσμικὰ,
1763 852 1823 879 καὶ
1842 853 1879 886 τῇ

1056 901 1103 928 τοῦ
1117 901 1250 937 παρόντος
1263 901 1319 936 βίου
1334 899 1421 937 τύρϐῃ
1433 899 1479 926 τὸν
1489 899 1592 926 ἑαυτῶν
1604 899 1777 934 ἐνδήσαντες
1792 897 1876 930 νοῦν,

1056 949 1100 975 άει
1117 957 1176 980 πως
1197 948 1384 983 ὲπιμεμήνασι
1398 948 1453 978 τοῖς
1473 946 1519 973 τὸν
1540 946 1624 981 εὐαγῆ
1642 945 1688 972 καὶ
1700 945 1877 972 άπόλεκτον

1057 994 1190 1021 διαϐιοῦσι
1205 994 1271 1029 βίον,
1286 994 1332 1020 καὶ
1347 993 1443 1028 ἐχθρὸν
1462 992 1590 1028 ἡγοῦνται
1609 992 1659 1028 τῆς
1680 991 1878 1026 δικαιοσύνης

1058 1040 1105 1066 τὸν
1119 1041 1249 1076 ἐραστήν.

1059 1128 1132 1163 Στίλ.
1148 1128 1188 1165 ιδ’.
1204 1127 1366 1165 Ῥομςρριίαν
1378 1125 1555 1165 dandam-fa
1571 1127 1598 1153 οι
1610 1126 1799 1165 ἀμᾳρςωλοίι
1818 1126 1872 1165 ἑξ·-

1094 1161 1246 1190 ecetram-ro
1253 1163 1344 1194 τόξον
1350 1161 1460 1192 αὐτῶν,
1475 1161 1528 1188 τοῦ
1541 1161 1721 1188 καταϐαλεῖν·
1736 1161 1872 1195 πτωχόν

1096 1199 1145 1260 ἔῖιὶ
1166 1198 1296 1232 πένητα,
1317 1198 1371 1225 τοῦ
1394 1196 1510 1231 σφάξαι
1525 1197 1595 1230 τοὺς
1609 1196 1707 1230 εὐθεῖς
1726 1196 1769 1231 τῇ
1795 1198 1866 1231 καρ-

1127 1242 1157 1260 α.

1127 1242 1157 1267 ᾳ.

1096 1287 1203 1326 Ὠσπερ
1220 1290 1279 1317 ἐστὶ
1301 1290 1437 1317 πανοπλία
1457 1289 1525 1316 θεοῦ
1548 1298 1607 1322 τις,
1630 1289 1716 1321 οὕτως
1740 1289 1808 1315 ἐστι
1824 1297 1868 1320 τις

1062 1335 1199 1364 πανοπλία
1212 1335 1259 1362 τοῦ
1275 1335 1409 1366 διαϐόλου,
1423 1336 1457 1370 ἢν
1472 1336 1486 1362 ὁ
1498 1335 1581 1362 αὐτοῦ
1597 1334 1770 1371 στρατιώτης
1785 1334 1865 1361 ἐνδέ-

1061 1383 1148 1410 δυται⁸
1166 1383 1211 1409 τὸν
1232 1381 1344 1417 Θώρακα
1362 1382 1411 1417 τῆς
1428 1381 1543 1413 ἀδικίας,
1563 1381 1612 1416 τὴν
1637 1380 1868 1417 περικεφαλαίαν

1061 1429 1112 1463 τῆς
1127 1427 1275 1460 ἀπωλείας,
1293 1427 1339 1454 τὸν
1356 1427 1452 1463 θυρεὸν
1467 1428 1517 1463 τῆς
1536 1428 1675 1459 ἀπιστίας,
1689 1427 1740 1463 τὴν
1755 1428 1866 1463 μάχαιο

1064 1482 1115 1509 ραν
1125 1473 1172 1499 τοῦ
1186 1472 1304 1508 πονηροῦ
1320 1471 1474 1507 πνεύματος
1484 1491 1490 1502 ,
1507 1470 1540 1506 ἢν
1558 1473 1657 1499 σπᾶται
1675 1472 1847 1508 ἁμαρτωλὸς
1856 1491 1864 1504 ,

221 1513 343 1547 quaedam
359 1514 523 1547 praeparatio
540 1513 689 1548 Evangelii,
701 1519 744 1541 est
763 1519 790 1541 et
802 1514 1010 1542 calciamentum

1071 1514 1093 1545 ιῦ
1111 1519 1135 1545 οί
1153 1517 1231 1550 πόδες
1245 1517 1288 1544 ἐπ’
1302 1517 1408 1544 ἀδικίαν
1421 1517 1573 1553 τρέχουσιν.
1590 1517 1667 1543 Ἐστι
1682 1525 1725 1548 τις
1746 1518 1864 1551 ἑτοιμα-

224 1560 429 1594 paratissimum
458 1561 491 1588 ad
523 1566 675 1595 peccatum.
708 1561 757 1589 llic
784 1561 867 1596 igitur
891 1561 1010 1596 gladium

224 1611 404 1633 extraxerunt
422 1614 428 1632 :
443 1607 506 1642 quia
534 1607 560 1634 in
585 1613 711 1642 promptu
730 1607 831 1634 habent
856 1612 1011 1641 peccatum,

223 1657 250 1680 et
265 1653 354 1687 parati
370 1658 433 1680 sunt
448 1654 481 1680 ad
502 1655 714 1689 perpetrandum
743 1653 827 1680 illud:
845 1653 891 1688 qui
919 1653 1013 1681 occul-

226 1703 285 1726 tant
309 1699 334 1725 in
355 1699 451 1734 vagina
473 1700 577 1732 peccati
605 1700 724 1735 gladium
748 1699 860 1734 maligni
889 1700 1012 1735 spiritus.

223 1744 317 1773 Telum
334 1745 471 1779 justorum
487 1751 529 1773 est
550 1746 676 1774 Christus
705 1746 794 1774 Jesus.
818 1746 936 1774 Posuisti
955 1752 1014 1774 tan-

223 1799 302 1825 quam
316 1791 396 1818 telum
408 1791 526 1820 electum.
544 1791 640 1820 Sermo
655 1798 841 1827 peccatorum,
856 1793 938 1820 telum
956 1798 1012 1827 est;

223 1838 328 1872 peccati
358 1846 491 1866 venenum
519 1839 764 1867 habet:vulnerat
797 1847 859 1867 eum
887 1840 933 1875 qui
959 1847 1013 1867 non

224 1888 346 1910 armatur
361 1889 439 1912 scuto
452 1885 525 1912 ﬁdei.
544 1885 651 1918 Sciunt,
667 1886 731 1920 quia
750 1893 804 1912 non
818 1890 932 1920 possunt
947 1885 1015 1919 deji-

223 1936 286 1956 cere
298 1930 410 1958 divitem
424 1931 602 1958 ditescentem
619 1931 645 1958 in
657 1932 791 1965 sapientia
801 1951 808 1964 ,
835 1932 861 1958 in
885 1932 1014 1967 operibus

224 1976 313 2004 bonis.
355 1977 503 2012 Propterea
543 1978 657 2005 omnino
693 1985 783 2012 neque
820 1978 1015 2013 aggrediuntur

224 2021 311 2050 illum.
341 2023 394 2050 Sed
422 2027 484 2050 Ioue
510 2023 617 2050 insidiaa
643 2024 712 2050 ﬁunt
735 2027 830 2051 contra
855 2032 1012 2059 pauperem,

226 2069 292 2103 quia
323 2070 435 2103 pretium
465 2069 652 2103 redemptionis
676 2070 771 2097 anima:
795 2071 926 2105 hominis,
952 2077 1014 2098 sunt

227 2115 326 2143 divitia
353 2116 468 2149 propriae
483 2123 491 2141 :
505 2124 607 2150 pauper
631 2121 721 2143 autem
758 2124 810 2143 non
833 2117 943 2144 sustinet
965 2118 1014 2144 mi-

227 2168 276 2187 nas
293 2161 328 2187 '".
345 2160 449 2188 Bonum
465 2161 545 2196 igitur
556 2166 610 2193 est,
626 2169 679 2189 non
694 2161 796 2189 habere
818 2162 936 2197 gladium
951 2171 1015 2197 pec-

226 2206 297 2238 cati;
317 2206 412 2234 deinde
429 2207 450 2234 si
469 2208 530 2242 quis
545 2207 653 2238 habeat.
675 2216 709 2234 ne
723 2208 797 2234 illum
815 2209 951 2244 evaginet,
965 2210 1012 2238 sed

227 2252 310 2280 faciat
324 2259 385 2280 eum
401 2253 551 2287 quiescere.
579 2254 732 2288 Quiescens
758 2257 831 2283 enim
858 2263 910 2283 non
933 2257 1013 2283 modo

227 2297 374 2332 aeruginem
382 2299 530 2331 contrahit,
545 2304 571 2326 et
584 2301 643 2328 acie
654 2301 825 2334 obtenditur,
842 2302 890 2329 sed
901 2309 1012 2337 prorsus
1032 2321 1036 2328 .

228 2344 337 2371 tandem
355 2345 506 2372 evanescit.
537 2345 592 2374 Nec
619 2355 687 2382 opus
713 2348 845 2376 habemus
864 2349 943 2384 igne,
966 2349 1012 2376 ubi

225 2397 296 2425 opus
309 2389 442 2425 cujusque
454 2391 626 2420 examinatur
637 2402 644 2420 :
657 2393 702 2428 qui
715 2394 823 2422 Petrum
837 2395 945 2430 quidem
959 2402 1012 2422 non

227 2436 387 2472 tangit;sed
404 2437 490 2470 audit,
503 2437 563 2465 Etsi
583 2441 719 2468 transieris
732 2449 779 2475 per
792 2441 888 2476 ignem,
903 2442 1012 2475 ﬂamma

227 2490 281 2510 non
301 2482 396 2510 adurat
418 2488 442 2510 te
466 2484 490 2500 ⁷⁸
506 2492 513 2511 :
529 2490 687 2518 peccatores
713 2494 780 2514 vero
810 2487 898 2520 tangit
919 2487 1013 2522 utique

227 2531 353 2562 stagnum
368 2528 454 2562 ignis,
468 2528 540 2556 sicut
554 2529 723 2565 Erythraeam
745 2532 838 2560 obruit
856 2531 1012 2568 IEgyptios,

227 2576 254 2600 et
271 2580 326 2600 non
346 2572 486 2601 Hebraeos.
511 2574 743 2608 Quemadmodum
772 2582 862 2605 tamen
886 2577 1013 2605 Salvator

229 2620 312 2647 telum
331 2625 373 2648 est
387 2620 518 2655 electum,
535 2627 563 2649 et
582 2622 683 2650 similia
706 2622 840 2651 Salvatori
869 2623 922 2650 tela
950 2628 1013 2651 sunt

228 2665 316 2692 sancti
330 2665 375 2693 Dei
392 2666 566 2696 vulnerantes
579 2668 632 2696 telo
646 2669 745 2701 electo.
761 2669 798 2696 ita
815 2673 844 2696 ut
856 2669 1013 2696 vulneratus

230 2709 328 2744 dicam,
347 2710 489 2740 Vulnerata
502 2714 630 2742 clmritate
638 2723 684 2750 ego
695 2723 753 2742 sum
762 2715 796 2742 '".
808 2714 846 2742 ita
859 2714 941 2741 telum
955 2721 1012 2740 ma-

229 2754 294 2790 ligni
307 2761 348 2783 est
362 2757 556 2792 Antichristus,
571 2764 597 2786 et
610 2767 705 2788 omnes
714 2765 872 2795 peccatores
885 2759 936 2786 tela
948 2763 1012 2786 sunt

1065 1565 1110 1592 σία
1117 1564 1163 1590 τοῦ
1174 1563 1350 1598 Εὑαγγελίου,
1364 1563 1421 1590 ἐστι
1433 1564 1479 1590 καὶ
1492 1562 1617 1599 ὑπόδημα
1629 1563 1808 1597 ἑτοιμότατον
1821 1562 1865 1594 εἷς

1064 1611 1113 1646 τὴν
1133 1609 1279 1646 ἁμαρτίαν.
1306 1608 1437 1636 Ἐνταῦθα
1456 1606 1502 1636 οὖν
1528 1608 1664 1644 ῥομφαίαν
1680 1608 1860 1635 ἐσπάσαντο·

1064 1657 1105 1683 δτι
1117 1657 1261 1692 πρόχειρον
1276 1655 1367 1691 ἔχουσι
1384 1656 1434 1692 τὴν
1450 1655 1598 1690 ἁμαρτίαν,
1615 1655 1661 1681 καὶ
1672 1654 1777 1689 ἕτοιμοί
1789 1655 1863 1680 εἰσιν

1066 1704 1111 1730 ἐπὶ
1123 1703 1153 1730 τὸ
1169 1703 1255 1730 ποιεῖν
1265 1702 1363 1737 αὑτήνο
1376 1702 1401 1729 οἱ
1418 1701 1585 1738 κρύπτοντες
1597 1703 1626 1728 ὲν
1638 1702 1678 1737 τῷ
1689 1701 1796 1737 κουλεῷ
1809 1701 1862 1736 τῆς

1065 1739 1203 1785 ἁμαρτίας
1230 1749 1279 1783 τὴν
1305 1748 1442 1783 ῥομφαίαν
1470 1748 1517 1775 τοῦ
1545 1748 1663 1784 πονηροῦ
1688 1747 1860 1783 πνεύματος.

1065 1795 1146 1826 Βέλος
1160 1793 1215 1821 τῶν
1234 1793 1356 1827 δικαίων,
1377 1793 1493 1829 Χριστός
1502 1794 1574 1820 ἐστιν
1593 1793 1705 1829 Ἰησοῦς.
1723 1794 1860 1827 Ἔθηχας

1064 1840 1104 1873 ὡς
1115 1840 1209 1873 ,βέλος
1222 1840 1374 1867 ἐκλεκτόν.
1395 1839 1423 1866 ’0
1438 1839 1516 1873 λόγος
1526 1839 1580 1866 τῶν
1591 1838 1760 1874 ἁμαρτωλῶν
1779 1838 1860 1874 βέλος

1065 1887 1138 1913 ἐστιν
1151 1895 1157 1901 ·
1174 1886 1311 1922 ἁμαρτίας
1325 1886 1363 1912 ίδν
1388 1885 1454 1920 ἔχει’
1468 1884 1613 1920 τιτρώσκει
1637 1886 1683 1912 τὸν
1711 1885 1748 1921 μὴ
1789 1884 1860 1912 καθ-

1066 1931 1241 1967 ωπλισμένον
1256 1931 1295 1966 τῷ
1309 1932 1358 1967 τῆς
1374 1930 1490 1961 πίστεως
1506 1930 1604 1965 θυρεῷ.
1623 1928 1742 1963 Οῑδασιν,
1767 1930 1811 1957 ὅτι
1828 1929 1858 1956 οὗ

1065 1977 1190 2005 δύνανται
1207 1977 1369 2004 καταϐαλεῖν
1387 1976 1513 2003 πλούσιον
1529 1976 1696 2003 πλουτοῦντα
1713 1977 1741 2002 ἐν
1757 1977 1856 2011 σοφίᾳ,

1065 2023 1093 2049 ἐν
1108 2023 1197 2059 ἔργοις
1210 2022 1334 2057 ἀγαθοῖς.
1352 2022 1402 2050 Διὰ
1413 2022 1493 2049 τοῦτο
1508 2023 1557 2058 τὴν
1573 2023 1660 2059 ἀρχὴν
1670 2023 1731 2049 οὐδὲ
1743 2023 1858 2049 ἐπιϐάλ-

1065 2069 1154 2095 λουσιν
1167 2068 1250 2103 αὑτῷ.
1273 2068 1341 2094 Ἀλλ’
1359 2069 1375 2104 ή
1394 2070 1469 2095 πᾶσα
1493 2068 1621 2104 ἐπιϐουλή
1647 2068 1705 2095 ἐστι
1724 2068 1795 2095 κατὰ
1808 2068 1855 2095 τοῦ

1065 2114 1183 2149 πτωχοῦ·
1202 2114 1262 2140 ἐπεὶ
1276 2113 1387 2146 λύτρον
1402 2112 1506 2148 ψυχῆς
1522 2111 1630 2146 ἀνδρὸς
1645 2114 1661 2139 ό
1676 2112 1751 2145 ἴδιος
1762 2113 1858 2140 πλοῦ-

1066 2169 1125 2193 τος·
1139 2160 1256 2194 πτωχὸς
1266 2159 1300 2187 δὲ
1314 2161 1370 2194 οὐχ
1379 2161 1539 2195 ὑφίσταται
1548 2160 1686 2193 ἀπειλήν.
1698 2160 1788 2187 Καλὸν
1807 2159 1856 2195 μὲν

1066 2204 1112 2233 οὖν
1121 2206 1158 2241 μὴ
1174 2205 1245 2241 ἔχειν
1258 2207 1392 2242 ῥομφαίαν
1405 2206 1550 2242 ἁμαρτίας·
1558 2205 1681 2241 δεύτερον
1697 2205 1736 2238 δὲ,
1749 2206 1856 2240 ἔχοντα,

1068 2253 1104 2288 μὴ
1131 2252 1249 2279 σπᾶσοαι
1277 2252 1371 2288 αὐτὴν⁷
1390 2252 1458 2279 ἀλλὰ
1479 2253 1565 2279 ποιεῖν
1588 2252 1673 2287 αὐτὴν
1695 2252 1853 2287 ἡσυχάζειν.

1073 2297 1205 2333 ’Δργοῦσα
1220 2298 1289 2334 γὰρ,
1316 2299 1346 2325 οὐ
1375 2299 1454 2334 μόνον
1477 2297 1573 2330 [οὖται,
1591 2297 1651 2324 οὐδὲ
1677 2297 1854 2333 ἀμϐλύνεται,

1066 2341 1134 2370 άλλά
1149 2342 1240 2369 τέλεον
1257 2342 1456 2377 ὲξαφανίζεται.
1471 2343 1526 2369 Καὶ
1539 2343 1570 2369 οὐ
1581 2343 1676 2379 χρείαν
1692 2343 1790 2378 ἔχομεν
1803 2352 1855 2369 πυ-

1068 2387 1124 2424 ρὸς,
1136 2388 1202 2414 ὅπου
1210 2388 1325 2414 ἑκάστου
1334 2388 1364 2414 τὸ
1377 2387 1457 2424 ἔργον
1466 2387 1653 2423 δοκιμάζεται·
1668 2388 1682 2415 ὃ
1690 2388 1795 2424 Πέτρου
1806 2388 1854 2424 μὲν

1066 2434 1114 2470 οὐχ
1123 2434 1247 2467 ἅπτεται,
1254 2433 1311 2461 ἀλλ’
1319 2434 1422 2468 ἀκούει,
1431 2434 1494 2461 Κᾶν
1499 2434 1602 2468 διέλθῃ
1609 2434 1657 2461 διὰ
1662 2434 1767 2468 πυρὸς,
1776 2434 1854 2469 φλὸξ

1066 2482 1102 2508 οὐ
1108 2481 1288 2508 κατακαύσει
1294 2488 1341 2507 σε·
1349 2480 1520 2516 ἁμαρτωλῶν
1528 2480 1556 2507 δὲ
1565 2479 1680 2507 ἅπτεται
1690 2481 1706 2516 ἠ
1716 2480 1797 2516 λίμνη
1807 2479 1851 2507 τοῦ

1067 2526 1229 2562 πυρὸς,ώςὴ
1244 2526 1360 2562 Ἐρυθρὰ
1367 2525 1533 2560 Αἰγυπτίων,
1546 2526 1576 2552 οὐ
1588 2526 1640 2561 μὴν
1649 2526 1696 2553 καὶ
1710 2526 1849 2562 Ἐϐραίων.

1068 2572 1171 2608 Ὥσπερ
1185 2573 1276 2608 μέντοι
1291 2572 1305 2599 ὁ
1318 2571 1412 2608 Σωτὴρ
1426 2570 1500 2606 βέλος
1516 2571 1653 2606 ἐκλεκτὸν,
1673 2572 1719 2598 καὶ
1736 2571 1850 2605 ἀνάλογα

1067 2618 1106 2654 τῷ
1123 2618 1230 2653 Σωτῆρι
1243 2617 1307 2653 βέλη
1319 2617 1365 2644 τοῦ
1380 2617 1448 2644 Θεοῦ
1461 2618 1486 2644 oi
1510 2617 1582 2651 ἅγιοι
1600 2616 1797 2653 τιτρώσκοντες
1809 2617 1849 2652 βέ-

1066 2665 1106 2692 λει
1119 2665 1249 2700 ἐκλεκτῷ,
1264 2665 1307 2692 ἵνα
1318 2665 1332 2691 ὁ
1349 2664 1518 2701 τετρωμένος
1535 2664 1607 2698 λέγω
1616 2672 1624 2679 ⁸
1641 2663 1812 2698 Τετρωμέιυη
1824 2665 1851 2691 d-

1065 2712 1164 2746 γάπης
1176 2711 1233 2747 ἐγώ
1245 2720 1251 2726 ·
1268 2710 1354 2742 οὕτως
1367 2711 1382 2736 ὁ
1404 2710 1586 2745 Ἀντῐχριστος
1600 2709 1677 2744 βέλος
1694 2708 1742 2735 τοῦ
1771 2716 1850 2743 πονη-

1068 2757 1124 2793 ροῦ.
1140 2757 1196 2784 Καὶ
1209 2757 1308 2788 πάντες
1324 2757 1348 2783 οἱ
1362 2755 1519 2791 ἁμαρτωλοὶ
1532 2754 1595 2791 βέλη
1607 2755 1655 2782 τοῦ
1668 2752 1850 2787 διαὸόλου,οῐς

266 2836 288 2852 ⁷⁸
303 2835 383 2865 Prov.
401 2845 460 2873 xui,
475 2838 501 2867 8.
538 2837 636 2868 "lsai.
651 2847 727 2873 mn,
745 2840 771 2867 Ξ.
811 2840 832 2855 ⁷⁷
848 2839 925 2868 Cant.
943 2847 972 2873 ιι,
987 2839 1023 2874 5;
1039 2848 1065 2874 v,
1082 2838 1108 2865 8.
