1918 3069
56 81 106 108 ηε)

674 82 860 111 EXCERPTA
880 82 912 110 IN
930 82 1098 111 PSALMOS.

1648 88 1702 114 150

57 140 130 167 κατὰ.
159 139 214 166 τῶν
249 139 368 168 δικαίων
397 142 507 178 χρᾶται.
525 142 578 170 Ἴδε
607 143 732 176 γυναῖκα,
753 142 800 167 καὶ
821 142 858 167 ἐπ

919 141 1029 173 diaboli,
1045 141 1143 175 quibus
1159 141 1246 168 utitur
1260 141 1391 170 adversus
1407 143 1504 178 iustos.
1522 143 1589 172 Vide
1606 147 1701 173 mulie-

55 184 225 212 εὸούλευσάν
251 194 304 212 σοι.
318 186 352 213 Et
365 186 405 222 μὴ
420 187 495 222 βέλος
509 186 567 214 ἐστὶ.
577 186 784 222 πεπυρωμένον,
806 185 861 221 πῦρ

55 232 163 267 ἔχουσα
179 233 207 259 ἐν
222 232 350 267 στόματι,
368 233 414 260 ἵνα
427 233 532 270 λαλήσῃ
548 234 595 261 καὶ
611 232 701 268 καύσῃ
716 241 756 263 σε,
769 233 798 258 ἐν
809 240 862 267 χει-

57 277 98 313 ρὶ,
116 278 148 304 ἐν
165 278 219 313 ὅλῳ
231 278 272 314 τῷ
289 278 409 314 σώματι,
427 280 456 306 ὲν
475 279 523 315 ὅλῃ
538 281 571 315 τῇ
585 279 676 315 ψυχῆς
695 279 750 305 Καὶ
767 277 862 314 ὥσπερ

55 324 71 350 ὸ
102 323 173 355 Θεὸς
199 323 302 357 τίθησι
323 324 416 356 τόξον
439 325 475 351 ὲν
493 324 531 359 τῇ
557 323 682 359 νεφέλῃ,
704 324 747 350 ἵνα
769 323 862 359 παύσῃ

57 372 199 406 χειμῶνα,
213 371 263 398 καὶ
277 371 315 408 μὴ
327 372 436 408 γίνηται
459 373 664 408 κατακλυσμός·
692 372 773 405 οὕτω,
789 371 862 399 κατὰ

56 416 90 442 τὸ
103 417 309 452 ἀντικείμενον,
324 418 338 444 ὁ
350 418 467 453 πονηρὸς
481 418 670 454 χρᾶται-τόξῳ,
700 418 743 444 ἴνα
771 418 861 454 παύσῃ

58 462 187 498 γαλήνην
201 462 257 489 ἀπὸ
271 462 372 498 ψυχῆς,
386 463 434 489 καὶ
459 464 569 499 εἰρήνην
589 463 683 500 σὸἐσῃ,
714 463 760 490 καὶ
783 463 861 490 πόλε-

62 518 113 544 μον
123 508 238 544 ἐγείρῃ,
256 508 304 534 καὶ
316 508 439 543 χειμῶνα
454 508 564 544 ποιήσῃ.
578 509 689 544 Μήποτε
700 508 728 534 δὲ
742 510 769 534 ot
786 516 861 534 πτω-

61 555 109 589 χοὶ
128 553 183 579 καὶ
197 553 328 587 πένητες
343 553 452 588 ἀδελφοί
462 556 514 581 εισι
527 554 586 581 τῶν·
605 554 716 581 εὐθέων
734 553 771 588 τῇ
792 562 862 588 καρ-

60 600 111 633 δίᾳ
124 620 133 632 ,
152 601 182 626 cl
199 599 312 634 πτωχοὶ
329 599 369 632 τῷ
385 600 538 634 πνεύματι,
556 599 604 632 οὓς
615 600 724 636 ζητοῦσι
737 599 858 627 καταδα-

60 647 117 672 λεῖν
133 647 159 672 οἱ
173 645 313 680 δαίμονες.
332 645 395 671 Ἐὰν
410 646 468 681 ἴδῃς
484 646 733 682 σκανδαλιςόμενον,
749 646 795 673 καὶ
810 647 861 673 ὑπὸ

60 693 112 727 τῆς
123 692 268 727 ἁμαρτίας
285 692 499 728 κεκρατημένον,
515 692 607 727 βλέπε,
619 693 660 719 ὅτι
674 690 751 724 οὗτος
776 693 861 727 ἔσφα-

60 747 137 768 κται,
155 737 206 763 καὶ
220 737 252 763 τὸ
264 734 334 772 αἷμα
350 737 432 763 αὐτοῦ
457 738 507 772 per,
525 737 540 764 ὃ
564 737 674 773 ἐκζητεί
694 738 769 770 Θεός.
792 739 860 765 Ἀπ-

61 783 152 809 ὡλετο
169 782 226 818 γὰρ
242 783 258 818 ἡ
272 782 373 818 ζωτικὴ
382 781 495 818 δύναμις
511 783 605 810 αὐτοῦ*
620 783 735 818 ἐκζητεῖ
751 785 780 811 δὲ
796 785 862 812 αὐτὸ

915 194 982 219 rem,
1008 191 1035 214 et
1050 186 1170 213 insidiati
1185 192 1247 214 sunt
1261 188 1320 215 tibi.
1345 189 1386 215 Au
1405 197 1459 215 non
1476 190 1558 217 telum
1572 194 1614 217 est
1632 191 1702 225 igni-

912 237 983 265 tum,
1000 233 1088 268 ignem
1116 233 1221 260 habens
1245 234 1271 261 in
1299 241 1358 267 ore,
1374 239 1403 261 ut
1417 234 1545 270 loquatur
1561 240 1589 263 et
1603 242 1701 265 exurat

913 283 950 310 te,
967 278 993 306 in
1007 286 1098 311 manu,
1112 279 1138 306 in
1154 284 1210 306 toto
1224 287 1349 314 corpore,
1369 281 1395 306 in
1409 285 1464 308 tota
1485 281 1594 309 anima?
1609 282 1641 309 Et
1651 282 1700 308 sic-

910 330 939 352 ut
972 324 1044 352 Deus
1058 325 1130 359 ponit
1143 333 1234 351 arcum
1249 326 1276 352 in
1289 326 1358 352 nube
1366 326 1461 360 ",quo
1472 333 1627 361 compescat
1637 336 1698 362 pro-

911 369 1018 402 cellam,
1035 377 1084 397 ncc
1097 371 1143 397 ﬁat
1156 370 1288 398 diluvium
1303 382 1308 398 :
1326 372 1362 399 ita
1390 380 1423 399 ex
1449 373 1599 405 contrario,
1621 374 1699 400 mali-

911 422 980 449 gnus
996 415 1082 442 utitur
1099 423 1176 447 arcu.
1193 421 1222 442 ut
1237 423 1345 443 cessare
1366 417 1448 444 faciat
1469 418 1645 446 serenitatem
1664 419 1698 446 ab

911 460 1012 493 anima,
1027 465 1054 488 et
1071 469 1163 495 pacein
1173 462 1340 496 exstinguat,
1354 462 1450 489 bellum
1466 464 1574 496 excitet,
1589 469 1615 491 et
1631 469 1699 491 tem-

910 511 1043 538 peStatem
1061 505 1170 534 eniciat.
1197 506 1277 534 Forte
1294 512 1384 534 autem
1401 516 1528 541 paupere:
1549 514 1574 535 et
1596 510 1691 544 egeni,

911 555 973 578 sunt
991 551 1090 579 fratres
1102 557 1234 578 rectorum
1251 553 1341 584 corde,
1356 561 1483 586 pauperes
1506 554 1613 588 spiritu,
1629 561 1698 588 quos

911 601 1036 629 qumruut
1050 596 1193 630 proﬂigare
1209 597 1354 623 daztuoues.
1366 597 1394 624 Si
1409 605 1489 632 quem
1504 599 1605 625 videris
1618 607 1699 625 scatt-

911 641 1058 668 dalizatum
1075 646 1102 669 et
1119 647 1233 676 peccan
1247 643 1393 669 obnoxium
1410 663 1417 675 ,
1446 643 1555 670 attende
1582 645 1644 678 quia
1674 645 1698 671 is

908 686 1048 721 jugulatus
1058 692 1111 720 est,
1124 692 1151 715 et
1165 689 1275 723 sanguis
1289 688 1347 721 ejus
1360 688 1428 720 ﬂuit,
1442 693 1470 715 et
1483 689 1596 723 requirit
1613 688 1695 715 Deus.

911 731 1017 759 lnteriit
1032 734 1105 760 enim
1129 734 1221 762 vitalis
1238 734 1353 761 facultas
1368 734 1426 768 ejus
1441 743 1449 762 ι
1467 735 1579 770 requirit
1606 739 1698 761 autem

912 777 987 804 illum
1004 778 1074 806 Deus
1102 787 1118 805 α
1135 779 1220 813 fratre
1236 786 1260 806 et
1275 780 1357 807 bestia
1372 781 1414 812 '9;
1429 788 1444 807 a
1465 781 1545 808 ﬁdele
1561 780 1698 807 scandali-

60 829 120 855 ἀ.τό
139 828 279 862 ἀδελφοῦ
296 829 345 855 καὶ
365 828 424 855 ἀπὸ
441 829 544 862 θηρίου
557 837 563 844 ·
583 829 636 856 ἀπὸ
659 830 756 856 πιστοῦ
779 839 858 858 σκανα

912 828 991 851 zante
1008 825 1145 860 videlicet,
1158 831 1186 854 et
1200 827 1234 853 ab
1249 827 1337 854 alieno
1352 835 1368 854 a
1385 827 1448 858 lide,
1465 831 1492 854 et
1511 836 1526 854 a
1537 835 1617 853 manu
1637 835 1696 861 spe-

62 874 232 906 ὂαλίξοντος,
246 874 294 901 καὶ
305 874 359 901 ἀπδ
371 874 511 910 ἀλλοτρίου
526 875 577 910 τῆς
588 875 717 908 πίστεως,
734 876 780 902 καὶ
800 875 858 904 ἀπὸ

63 919 117 954 τῆς
130 920 235 954 χειρὸς
247 920 301 947 τοῦ
316 919 442 947 σκοποῦ.

101 964 159 998 (72)
184 963 266 990 Ἀλλὰ
279 963 364 990 ταῦτα
382 964 429 999 μὲν
442 964 506 996 ἴσως
522 964 729 1000 περιεργότερον
742 965 857 1000 εἴρηται.

69 1009 99 1035 ’0
117 1009 213 1045 μέντοι
232 1009 342 1044 ψάλλων
349 1009 527 1036 διαλευκαίνει
539 1011 592 1036 πᾶν
607 1010 638 1036 τὸ
652 1010 703 1045 ἤδη
717 1011 808 1046 ῥηθὲν,
818 1009 857 1038 τό·

66 1055 211 1082 Κατανοεῖ
227 1057 243 1082 ὁ
259 1055 433 1089 ἁμαρτωλὸς
446 1056 498 1083 τὸν
522 1055 648 1088 δίκαιον,
668 1056 748 1092 φημί.
768 1057 859 1083 Καθά-

66 1109 117 1136 περ
135 1101 192 1136 γὰρ
208 1101 238 1126 ἐν
256 1100 351 1127 πίνακι
363 1101 456 1135 σαφῶς
483 1100 620 1136 μηνιῶντα
645 1100 795 1137 ζωγραφεῖ,
813 1103 859 1129 xui.

67 1146 310 1181 παραταττόμενον
326 1146 456 1182 εἰσφέρει,
473 1147 519 1172 καὶ
531 1146 653 1181 φονῶντα
663 1147 790 1178 δεικνύει,
813 1148 859 1174 καὶ

62 1192 279 1227 ἁπογυμνοῦντα
290 1192 320 1218 τὸ
338 1192 423 1226 ξίφος,
439 1192 486 1219 καὶ
497 1192 545 1227 ἤδη
561 1191 705 1224 τοξεύοντα
715 1213 722 1225 ,
745 1193 790 1220 καὶ
809 1193 858 1229 τὴν

69 1238 173 1265 ἀδικίαν
192 1237 277 1265 αὑτοῦ
291 1237 451 1273 καθίστησιν
479 1238 592 1274 ἐναργῆ.
615 1239 714 1265 Σκοποὶ
742 1239 796 1275 γὰρ
819 1238 859 1274 τῷ

70 1284 224 1319 ἁμαρτωλῷ
241 1284 291 1319 οὐχ
305 1284 353 1311 ἕνα
377 1283 437 1310 τινὰ
453 1283 506 1310 τῶν
532 1284 718 1319 ἀδικησάντων
740 1284 824 1320 αὐτῷ,
841 1285 857 1321 ἢ

69 1330 137 1356 κατά
146 1338 174 1356 τι
187 1329 457 1365 προσκεκρουκότων,
473 1329 519 1356 καὶ
533 1329 683 1366 προφάσεις
696 1329 734 1365 τῷ
747 1330 858 1366 πολέμῳ

68 1374 222 1402 δεδωκότων
235 1375 363 1409 εὐλόγους
378 1375 545 1410 ἀμύνεσθαι·
573 1375 630 1402 ἀλλ’
649 1376 692 1402 ἵνα
718 1377 860 1414 καταϐάλῃ

70 1421 185 1456 πτωχὸν,
200 1422 325 1448 τουτέστι
342 1422 387 1448 τὸν
410 1421 516 1459 ἐπιεικῆ
535 1422 581 1449 καὶ
605 1423 796 1458 μετριόφρονα,
813 1425 859 1451 καὶ

69 1468 192 1494 ταπεινὸν
207 1468 241 1502 τῇ
259 1467 357 1503 καρδίᾳ.
370 1487 377 1499 ,
388 1467 417 1494 ὃν
427 1467 473 1494 καὶ
485 1469 498 1494 ὁ
511 1467 606 1503 Σωτὴρ
629 1469 736 1504 πτωχὸν
751 1469 801 1504 ἔφη
819 1470 858 1505 τῷ

71 1513 216 1548 πνεύματι,
231 1513 279 1540 καὶ
290 1513 340 1548 τῆς
356 1512 409 1540 τῶν
422 1513 543 1548 οὐρανῶν
554 1514 691 1549 βασιλείας
700 1515 774 1548 ἄξιον
790 1513 858 1542 εἷναί

71 1566 143 1593 φησι.
162 1558 213 1590 Τίς
233 1555 280 1585 οὖν
298 1560 354 1590 τοῖς
366 1559 537 1594 ἁμαρτωλοῖς
553 1559 631 1594 λόγος
646 1560 714 1596 πρὸς
727 1560 791 1592 τοὺς
815 1561 860 1588 εύ-

71 1602 168 1639 θεῖςτῇ
184 1603 295 1640 καρδίᾳ,
322 1605 369 1631 καὶ
399 1605 461 1637 τοὺς
489 1606 613 1641 πτωχοὺς
641 1605 679 1641 τῷ
704 1606 857 1641 πνεύματι;

71 1649 209 1680 παντελῶς
228 1649 328 1681 οὐδείς,
348 1649 509 1686 Ἦδικήκασι
519 1651 573 1686 γὰρ
585 1651 704 1683 ἐκείνους
720 1652 796 1678 οὐδὲν
809 1652 859 1684 τὰς

72 1694 171 1720 ἑαυτῶν
191 1694 271 1726 ὁδοὺς
292 1695 493 1728 ἀπευθύνοντας
507 1697 546 1728 εἰς
557 1696 739 1733 δικαιοσύνην.
763 1698 859 1734 Ἀκονᾷ

72 1739 108 1770 δὲ,
120 1739 209 1776 οἶμαι,
227 1741 289 1768 κατ’
304 1741 393 1768 αὐτῶν
410 1742 472 1774 τοὺς
499 1743 720 1779 ὠνομασμένους,
747 1744 860 1779 μάταιός

74 1794 111 1817 τις
122 1786 226 1819 ἁπλῶς,
243 1787 358 1814 καὶούκ
372 1787 526 1824 εὐάφορμος
542 1789 647 1824 φθόνος,
661 1790 694 1817 ἐκ
705 1789 859 1826 διαδολικῆς

75 1832 231 1868 σκαιότητος
244 1833 450 1869 ἐκκεκαυμένος
461 1835 490 1861 ἐν
509 1835 611 1868 αὐτοῖς.

75 1922 140 1961 Στςχ.
160 1926 202 1950 ιε’.
218 1923 399 1961 γἨ-ρομςεᾳία
416 1925 514 1953 αὐτῶν
526 1926 656 1953 εἰσέλθοι
667 1927 712 1959 είς
723 1926 776 1959 τὰς
790 1934 860 1961 καρ-

104 1958 169 1992 δίας
188 1959 306 1985 αὺτών”
320 1959 370 1986 καὶ
383 1961 419 1987 τὰ
432 1961 505 1993 τόξα
520 1961 619 1988 αὐτῶν
640 1958 823 1996 συῦτριϐείη.

105 2005 210 2041 Ὠσπερ
224 2005 253 2031 δὲ
265 2007 281 2042 ἡ
295 2006 388 2043 εἰρήνη
406 2007 452 2034 τοῦ
462 2007 566 2034 δικαίου
582 2008 622 2039 εἰς
635 2007 717 2034 αὐτὸν
735 2008 860 2043 ὰνακάμ-
887 2032 889 2034 .

73 2059 143 2077 πτει·
168 2050 258 2083 οὕτως
280 2052 298 2087 ἡ
325 2053 446 2088 ῥομφαία
471 2053 517 2080 τοῦ
545 2053 661 2085 ἀσεϐοῦς
680 2053 794 2080 εἰσέλθοι
820 2055 859 2086 είς

74 2096 182 2132 καρδίαν
203 2096 307 2130 αὑτοῦ,
329 2097 377 2124 ἐὰν
402 2100 472 2134 τηρῇ
499 2098 594 2126 ἑαυτὸν
616 2099 630 2125 ὁ
649 2098 729 2130 εὐθὺς
743 2100 775 2134 τῇ
794 2108 860 2134 καρ-

72 2149 119 2168 οια.

911 869 1036 897 culutoris
1050 871 1085 897 ⁸ο.

945 971 977 998 Et
995 971 1052 999 haec
1065 970 1173 1005 quidem
1188 970 1306 997 fortasse
1321 969 1429 997 curiose
1448 971 1529 998 nimis
1552 972 1623 999 dicta
1638 971 1695 999 fue-

910 1016 974 1043 rint.
992 1015 1133 1043 Psalmista
1149 1023 1214 1042 vero
1242 1015 1359 1042 illustrat
1373 1015 1505 1049 quidquid
1519 1015 1573 1050 jant
1592 1017 1694 1043 dictum

909 1066 960 1093 est,
978 1061 1104 1088 videlicet
1120 1069 1128 1088 :
1142 1061 1298 1088 Considera!
1312 1066 1433 1093 peccator
1455 1061 1560 1095 justum
1573 1061 1607 1088 ³¹.
1624 1061 1696 1090 Tan-

909 1115 988 1142 quam
1005 1108 1077 1134 enim
1091 1107 1117 1134 in
1136 1106 1225 1134 tabula
1238 1106 1312 1134 clare
1325 1106 1486 1133 irascentem
1502 1107 1634 1143 depingit,
1653 1109 1695 1136 in-

909 1152 1040 1187 ducitque
1054 1153 1130 1186 quasi
1147 1151 1174 1178 in
1191 1151 1249 1178 acie
1263 1152 1448 1184 constitutum,
1466 1155 1494 1178 et
1509 1153 1595 1179 caedes
1615 1153 1697 1180 mini-

910 1203 1011 1225 tantem
1027 1197 1156 1231 ostendit,
1172 1196 1319 1223 nudautem
1332 1195 1413 1223 ctiam
1428 1196 1558 1230 gladium,
1572 1197 1695 1231 jamjam-

909 1253 961 1281 que
985 1245 1098 1280 sagittas
1118 1251 1183 1271 arcu
1207 1242 1402 1276 ejaeulantem,
1415 1248 1442 1269 et
1456 1242 1623 1277 injustitiam
1637 1245 1697 1279 ejus

909 1291 1061 1318 evidentem
1071 1289 1169 1317 reddit.
1179 1289 1287 1323 Scopus
1299 1288 1370 1314 cuitu
1382 1289 1516 1322 peccaturi
1531 1290 1695 1324 propositus,

909 1343 949 1366 est
966 1344 1018 1363 non
1033 1343 1115 1363 unum
1128 1336 1281 1370 quempiam
1297 1341 1390 1361 eorum
1405 1334 1450 1368 qui
1468 1334 1565 1369 injuria
1578 1343 1639 1363 eum
1656 1336 1697 1363 af-

909 1384 1034 1415 fecerint,
1047 1382 1089 1409 vel
1103 1389 1136 1409 ex
1151 1387 1229 1416 parte
1242 1382 1414 1415 otl‘enderinl,
1430 1388 1457 1410 et
1470 1382 1608 1416 speciosos
1627 1390 1696 1417 prae-

911 1431 1000 1457 te‘xtus
1017 1428 1088 1456 bello
1113 1428 1252 1461 dederint,
1269 1429 1383 1456 ulcisci:
1411 1436 1507 1456 verum
1529 1428 1619 1455 studet
1631 1436 1695 1463 pro-

910 1479 1031 1501 sternere
1044 1480 1199 1508 pauperem,
1215 1472 1241 1500 id
1253 1477 1294 1499 est
1306 1473 1442 1500 hominem
1464 1477 1646 1504 mansuetum,
1666 1476 1694 1498 et

910 1517 1000 1544 sobrie
1016 1516 1181 1551 sapientem,
1201 1523 1234 1544 ac
1251 1516 1377 1543 humilem
1394 1516 1492 1544 corde:
1518 1523 1596 1550 quem
1612 1516 1695 1542 etiaut

911 1559 1035 1587 Salvator
1050 1566 1194 1594 pauperem
1218 1560 1286 1586 dixit
1301 1561 1397 1595 spiritu
1410 1580 1417 1592 ,
1444 1565 1473 1587 et
1490 1560 1601 1594 dignum
1618 1568 1696 1587 asse-

911 1606 964 1633 ruit
979 1613 1060 1641 regno
1076 1606 1216 1634 ccelorum.
1233 1606 1320 1639 Quam
1345 1606 1428 1641 igitur
1441 1607 1574 1634 rationem
1595 1608 1696 1635 habent

910 1658 1065 1686 peccatores
1081 1653 1223 1678 adversum
1239 1656 1329 1679 rectos
1343 1654 1426 1680 corde
1443 1657 1470 1680 et
1494 1659 1627 1687 pauperes
1638 1652 1697 1687 spi-

910 1697 983 1724 ritu?
996 1697 1102 1725 Nullam
1116 1699 1236 1725 omnino.
1251 1697 1411 1726 Nullatenus
1426 1698 1498 1725 enim
1515 1698 1646 1725 laeserunt
1661 1698 1695 1725 il-

910 1743 959 1776 los,
978 1744 1037 1771 vias
1047 1750 1110 1771 suas
1124 1744 1157 1771 ad
1173 1743 1309 1777 justitiam
1327 1744 1695 1779 dirigendo.Exacuitporro

911 1793 1004 1815 contra
1020 1796 1066 1816 eos
1077 1795 1146 1814 vana
1167 1788 1290 1822 quaedam
1308 1789 1418 1816 omnino
1432 1808 1439 1822 ,
1466 1796 1516 1816 nec
1540 1788 1694 1823 probabilis

910 1833 1012 1861 invidia
1026 1834 1145 1861 famosos
1160 1833 1244 1862 hosce
1257 1835 1390 1867 homines,
1405 1842 1439 1862 ex
1453 1834 1586 1862 diabolica
1604 1833 1694 1869 pravi-

910 1883 965 1906 tate
979 1880 1004 1906 in
1019 1879 1085 1913 ipsis
1101 1887 1246 1907 succensa.

913 1926 942 1954 ν.
957 1925 999 1954 15.
1012 1925 1123 1953 Gladius
1140 1935 1231 1954 eorum
1251 1926 1418 1961 ingrediatur
1441 1926 1468 1953 in
1482 1926 1564 1953 corda
1580 1934 1670 1953 eorum
1683 1945 1694 1960 ,

1084 1966 1108 1988 et
1130 1971 1208 1989 arcus
1230 1970 1318 1989 eorum
1334 1967 1517 1988 conterantur.

946 2005 1100 2042 Sicutjusti
1119 2015 1171 2042 pax
1193 2008 1220 2036 in
1237 2007 1312 2034 illum
1330 2007 1419 2038 redit,
1447 2007 1483 2034 ita
1497 2007 1604 2041 gladius
1617 2007 1694 2042 impii

910 2052 1077 2086 ingrediatur
1091 2053 1117 2080 in
1130 2061 1177 2081 cor
1188 2053 1260 2089 ejus,
1269 2053 1291 2080 si
1306 2053 1435 2080 observet
1448 2060 1521 2086 sese,
1538 2052 1585 2088 qui
1598 2057 1693 2080 rectus

910 2103 951 2126 est
966 2098 1058 2126 corde.

1144 2158 1149 2181 ί

73 2170 141 2222 Στίχ.
161 2191 211 2220 ις’.
225 2187 377 2225 Κρεῖσσον
389 2188 543 2225 exh-01:21;
553 2189 656 2223 δικαίῳ
669 2189 745 2225 ὑπὲρ
761 2190 856 2218 πλοῦ-

927 2188 960 2215 γ.
987 2188 1030 2216 ιϐ.
1061 2170 1158 2216 Μείὶυέ
1186 2193 1224 2215 est
1250 2187 1475 2225 modicum‘justa
1498 2194 1553 2221 pne
1577 2186 1674 2213 divitiis

273 2231 327 2249 τον
341 2223 522 2257 ἁμαρτωλῶν
545 2225 653 2252 πολύν-ι

104 2271 180 2305 Ἔχει
199 2268 251 2304 μὲν
273 2266 352 2304 οὖνὴ
380 2268 452 2302 ὶέξις
474 2269 584 2296 αὐτόθεν
600 2269 738 2305 ὠφέλιμόν
755 2279 780 2297 τι
804 2271 860 2301 τοῖς

73 2316 274 2352 ὰκεραιοτέροις
286 2324 293 2330 ·
311 2316 368 2351 ἔχει
381 2316 410 2342 δέ.
422 2325 448 2342 τι
468 2317 516 2343 καὶ
535 2317 733 2352 κεκρυμμένως
749 2317 859 2353 εἰρημέ-

73 2371 112 2388 νον
124 2364 180 2393 τοῖς
198 2361 351 2398 βαθύτερον
373 2362 481 2389 ἀκούειν
507 2362 556 2397 τῆς
580 2362 692 2398 Γραφῆς
711 2363 860 2398 ἐπισταμέ-

73 2416 131 2439 νοις.
144 2409 180 2434 Τὸ
204 2405 253 2434 οὖν
271 2407 457 2443 ἁπλούστερον
484 2407 603 2434 τοιοῦτόν
633 2408 704 2433 ἐστι·
733 2408 858 2443 Βιοπορι-

73 2455 158 2481 στοῦσι
173 2454 276 2481 δίκαιοι
288 2453 336 2479 καὶ
348 2453 444 2480 ἄδικοι.
468 2453 537 2480 Ἀλλ’
554 2454 578 2480 οἱ
597 2453 647 2489 μὲν
667 2452 794 2480 τοσοῦτον
811 2452 858 2488 ζη-

74 2501 140 2527 τοῦσι
154 2501 184 2527 τὸ
197 2500 249 2534 τῆς
262 2498 368 2534 χρείας,
381 2498 442 2525 ὅσον
456 2498 486 2524 τὸ
500 2499 548 2533 τῆς
559 2498 745 2533 δικ-..οσύνης-
772 2498 818 2525 καὶ
837 2497 855 2534 ἢ

1154 2227 1320 2257 peccatorum
1337 2222 1435 2248 multis.

945 2269 1032 2297 Habet
1047 2270 1103 2297 haec
1116 2269 1218 2297 locutio
1231 2276 1264 2296 ex
1294 2268 1389 2295 littera:
1407 2268 1492 2302 ipsius
1516 2275 1595 2295 sensu
1621 2268 1694 2302 quod

911 2315 1122 2349 simplicioribus
1137 2315 1266 2349 prodesse
1281 2314 1367 2348 possit
1382 2322 1390 2341 :
1411 2314 1492 2340 habet
1511 2318 1599 2340 tamen
1613 2314 1693 2340 etiam

911 2361 1013 2395 aliquid
1030 2361 1164 2388 secretius
1184 2361 1284 2388 dictum
1295 2360 1321 2387 in
1336 2360 1451 2395 gratiam
1462 2367 1556 2386 eorum
1569 2359 1615 2394 qui
1631 2367 1694 2394 pro-

909 2406 1020 2434 fundius
1035 2406 1186 2441 intelligere
1195 2406 1365 2440 Scripturaut
1381 2406 1481 2433 sciunt.
1498 2405 1574 2438 Quod
1589 2405 1693 2440 simpli-

909 2452 967 2479 cius
983 2452 1093 2485 dicitur,
1104 2452 1171 2480 illud
1188 2456 1244 2480 est:
1255 2451 1412 2479 Necessaria
1428 2451 1489 2478 vitae
1500 2456 1625 2486 quzeruut
1639 2457 1693 2478 tam

907 2498 974 2534 justi
990 2506 1071 2534 quam
1084 2498 1188 2534 injusti.
1201 2499 1236 2525 At
1249 2498 1285 2525 illi
1299 2503 1412 2525 eatenus
1425 2503 1550 2532 quierunt
1563 2505 1616 2532 quo
1626 2505 1693 2532 opus

74 2547 99 2572 οὐ
116 2545 283 2582 πρίζουσιν,
303 2544 321 2579 ἢ
335 2544 398 2571 ἄνευ
411 2543 527 2576 ἀδικίας,
544 2542 712 2579 χρωννύντες
731 2542 762 2569 τὸ
781 2551 858 2578 πορι-

912 2546 1028 2579 liabent,
1057 2550 1188 2580 quatenus
1204 2545 1229 2572 id
1246 2544 1352 2579 iustitia
1377 2543 1492 2571 tulerit;
1520 2548 1547 2571 et
1574 2543 1618 2571 vel
1641 2550 1693 2570 non

75 2593 174 2628 ζὸμενον
193 2593 227 2628 τῇ
243 2584 413 2626 δικαιοσύνῃ.
427 2589 494 2616 Οῐδὲ
505 2589 573 2621 ὅλως
587 2589 744 2616 νενεύκασιν
756 2589 802 2615 ἐπὶ
812 2589 858 2615 τὸν

912 2595 1069 2625 comparant
1081 2590 1145 2623 sibi,
1160 2589 1204 2616 vel
1225 2590 1284 2617 sine
1299 2590 1434 2624 iujustitia
1445 2589 1603 2624 acquirunt,
1620 2588 1694 2614 colo-

75 2639 208 2674 πορισμὸν,
234 2638 312 2669 ὅπως
335 2635 422 2662 πολλὰ
435 2636 582 2671 κτήσωσιν,
607 2636 638 2662 οὒ
669 2635 812 2670 ζητοῦντες
833 2636 858 2661 ει

912 2640 1005 2664 rantes
1032 2636 1104 2671 quod
1130 2635 1269 2663 lucrantur
1292 2634 1408 2669 justitiae
1426 2633 1539 2669 fulgore.
1567 2632 1613 2660 lsti
1628 2639 1694 2660 vero

74 2685 150 2717 καλῶς
167 2685 330 2721 κτήσονται.
347 2681 399 2709 Δύο
416 2679 462 2708 οὖν
473 2681 670 2717 προκειμένων,
695 2682 741 2709 τοῦ
755 2690 784 2708 τε
801 2681 856 2708 ὀλί-

912 2682 960 2710 toti
971 2682 1131 2710 incumbunt
1145 2683 1172 2710 in
1186 2682 1302 2714 lucrum,
1321 2684 1356 2715 ,ut
1371 2680 1486 2715 plurima
1511 2678 1666 2714 possideant
1683 2697 1692 2712 ,

102 2755 122 2771 ⁷⁸
134 2755 202 2783 Gen.
223 2762 266 2787 rx,
283 2753 331 2781 13.
363 2751 385 2768 ⁷³
407 2751 472 2779 ibid.
485 2750 511 2778 5.
534 2749 574 2775 .‘°
587 2749 687 2778 Etecb.
702 2756 799 2782 sunt,
819 2747 845 2775 6.
859 2777 866 2783 ,
886 2747 908 2764 ⁸¹
922 2747 993 2776 l’sal.
1008 2748 1157 2782 xxxvi,12.

103 2812 152 2849 (τε)
168 2810 270 2848 Κύριλ.
