1918 3069
237 97 287 126 151
684 97 966 126 SUPPLEMENTUM
987 98 1032 126 AD
1047 99 1212 128 ORIGENIS
1227 100 1432 130 EXEGETICA.
1818 107 1868 135 13%

235 163 288 184 non
303 155 471 192 inquirentes
487 163 552 183 num
569 155 653 191 probe
663 156 817 190 possessuri
832 156 897 184 sint.
913 156 1006 184 Dnobu

1073 167 1121 192 γου
1133 158 1278 194 λήμματος
1295 160 1365 196 μετὰ
1392 160 1568 197 δικαιοσύνης
1586 181 1594 194 ,
1624 162 1673 190 καὶ
1694 162 1742 190 τοῦ
1770 165 1868 193 πολλοῦ

235 201 318 237 igitur
332 202 487 237 propositis,
505 198 611 228 modico
627 209 725 236 nempe
747 202 932 230 emolumento
959 211 1006 230 cun

1075 205 1144 239 μετὰ
1157 205 1281 237 ἀδικίας·
1305 206 1458 240 Κρεῑσσον
1474 208 1578 242 ὀλίγον
1598 207 1638 241 τῷ
1659 208 1765 243 δικαίῳ
1794 212 1869 246 ὑπὲρ

231 247 349 283 iustitia,
366 252 393 275 et
408 253 505 282 magno
519 254 581 273 cntn
601 246 734 282 injustitia
745 254 753 274 :
766 245 860 274 Melius
881 253 918 274 est
933 248 1004 275 modi

1073 250 1208 277 πλοῦτον
1229 251 1412 285 ἁμαρτωλῶν
1438 254 1547 281 πολύν.
1571 255 1686 290 Ἰδωμεν
1708 255 1738 282 δὲ
1766 256 1815 283 καὶ

233 301 292 319 cum
302 293 375 328 justo
389 300 444 326 prae
456 292 554 318 divitiis
571 297 739 326 peccatorum
750 293 851 320 multis.
869 292 1006 321 Videamut

1074 295 1295 332 ἀνακεχωρηκός.
1313 298 1446 334 Κρείσσόν
1467 299 1524 325 ἐστι
1539 300 1635 327 πιστὸν
1656 300 1766 336 ἰδιώτην
1788 300 1867 334 εἶναι,

233 343 323 365 autem
339 342 365 364 et
374 337 446 372 quod
462 337 523 365 inde
536 338 668 365 remotius
680 338 831 365 derivatum
844 343 894 366 est.
907 339 1006 367 Przestzt

1075 341 1134 367 οὐδὲ
1145 342 1250 374 ἀνοῖξαι
1260 343 1291 370 τὸ
1303 344 1388 380 στόμα
1398 345 1556 380 δυνάμενον,
1567 345 1583 381 ἢ
1594 344 1718 373 πλουτεῖν
1738 347 1780 382 τῷ
1797 348 1867 383 λόγῳ

233 383 336 410 ﬁdelem
348 383 459 410 idiotam
472 389 543 417 esse,
562 390 611 411 nec
625 383 761 411 valentem
774 391 805 411 os
818 385 1021 420 aperire,quam

1076 388 1237 425 προφορικῷ
1253 389 1299 416 καὶ
1312 391 1367 422 τοῖς
1385 391 1543 427 μαθήμασιν
1554 393 1583 418 ὲν
1599 393 1682 428 κακίᾳ
1694 393 1710 428 ἢ
1724 393 1852 430 ἀπιστίᾳ.

230 430 363 458 ditescere
376 437 505 458 sermone
520 430 640 459 facundo
653 437 681 459 et
691 431 844 467 disciplinis
863 433 890 460 in
905 432 1015 468 ﬂagitiis
1029 439 1057 462 et
1079 435 1252 465 inﬁdelitate.

264 485 296 512 V.
313 487 356 513 17.
370 486 559 525 Quia_bracltia
580 492 746 525 peccatorum
760 489 959 525 confringcntur
973 498 982 517 :

400 522 516 556 suﬂ‘ulcit
531 531 590 550 vero
607 524 693 557 iustos
711 523 850 551 Dominus.

264 588 293 616 Si
312 589 404 617 videas
429 590 482 616 vim
506 595 533 618 et
555 589 713 617 facultatem
741 590 815 625 impii
844 592 992 619 contritam
1007 612 1015 624 ,

227 636 294 662 adeo
306 640 335 662 ut
350 640 467 671 nequeat
477 636 534 671 ipse
550 643 657 663 manum
676 637 815 672 porrigere
830 638 863 664 ad
879 638 1014 666 actionem

225 681 338 713 bonam,
354 682 472 708 contrita
484 681 557 708 enim
575 686 637 714 est;
654 681 759 709 videbis
778 682 918 717 impletum
936 683 1014 716 illud,

225 727 343 754 Brachia
357 732 523 762 peccatorum
546 732 723 755 conterentur.
749 728 836 756 Porro
847 729 893 764 qui
921 735 1015 758 conte-

227 773 273 805 rit,
290 773 411 800 diabolus
436 777 487 800 est.
511 772 643 807 Equidem
664 773 754 802 omnis
777 774 858 802 homo
889 775 1014 804 inﬁrmus

1070 481 1145 533 Στίὶς.
1166 481 1209 514 ιζ’.
1222 483 1297 533 ili“
1314 484 1867 533 ﬂpazllpreaLdpaptatlér-lavrem???-

1106 525 1230 545 vortar
1250 519 1441 554 ὐποστηρίζει
1464 521 1499 548 δὲ
1521 519 1591 555 τοὺς
1614 522 1752 556 δικαίους
1770 519 1789 550 ὁ
1809 519 1867 551 Kci-

1103 560 1180 586 ριος.

1112 598 1174 625 Ἐὰν
1192 599 1250 634 ἴδῃς
1261 599 1306 626 τὸν
1324 599 1399 626 τόνον
1416 601 1463 628 καὶ
1472 602 1521 637 τὴν
1532 602 1647 638 δύναμιν
1663 605 1866 640 συντετριμμέ-

1069 651 1118 678 νην
1132 643 1180 670 τοῦ
1196 644 1322 677 ἀσεϐοῦς,
1343 645 1413 672 ὥστε
1437 647 1473 682 μὴ
1489 647 1618 674 δύνασθαι
1643 649 1725 675 αὑτὸν
1745 650 1866 677 ἐκτεῖναι

1067 689 1117 725 τὴν
1133 691 1212 725 χεῖρα
1229 690 1275 716 ἐπὶ
1303 690 1401 726 πρᾶξιν
1419 691 1524 726 ἀγαθὴν
1542 693 1555 734 Ι(
1567 694 1788 730 συντετριμμένη
1812 695 1865 732 γάρ

1069 734 1174 769 ἐστιν),
1193 735 1264 770 ὄψει,
1280 735 1320 762 ὅτι
1337 735 1514 772 πεπλήρωται
1528 737 1573 763 τό⁸
1589 739 1753 772 Βραχίονες
1770 741 1865 775 ἀμαρ-

1066 780 1169 807 τωλῶν
1178 781 1442 816 συντριϐήσονται.
1468 783 1496 809 '0
1509 783 1538 809 δὲ
1550 784 1710 819 συντρίϐων,
1737 787 1751 812 ὁ
1772 785 1864 812 διάϐο-

225 824 268 846 est
285 839 293 851 .
308 824 335 847 et
353 825 483 854 quantum
510 818 537 845 in
563 826 592 846 se
606 824 647 846 est
675 821 849 853 succumbit,
877 822 1006 856 habetque

1072 827 1111 858 λός
1125 828 1192 853 ἐστι.
1226 828 1284 859 Πᾶς
1317 828 1406 859 μέντοι
1434 828 1576 864 ἄνθρωπος
1603 818 1736 866 ἀσθενὴς,
1762 833 1813 858 καὶ
1837 833 1865 859 τὸ

225 873 293 899 opus
308 864 481 892 sull‘ulciente
497 865 635 898 cadentes,
648 870 694 892 aut
707 867 866 894 restituente
881 868 1006 903 dejeclos.

1072 873 1126 899 Ξσον
1137 872 1179 906 ἐφ’
1194 872 1282 908 ἑαυτῴ
1299 873 1476 905 καταπίπτει,
1491 874 1537 900 καὶ
1561 874 1650 901 δέεται
1679 876 1727 902 τοῦ
1743 877 1865 913 ὑποπη-

224 997 258 1026 ν.
275 998 320 1026 21.
338 997 490 1025 Feueratttr
505 1003 637 1033 peccator,
654 1002 679 1024 et
702 1007 754 1025 non
770 999 869 1031 solvet;
884 1003 910 1025 at
923 998 1013 1033 justus

489 1034 628 1060 miseretur
651 1039 675 1060 et
691 1035 747 1060 dat.

257 1079 416 1107 Sublimiori
437 1079 664 1114 interpretatione
679 1088 686 1105 :
717 1079 831 1112 Quando
846 1079 926 1107 docet
942 1079 1014 1106 Pau-

223 1126 335 1158 lus,aut
347 1125 436 1160 quivis
452 1125 522 1151 alius
543 1132 683 1151 sacrorum
713 1124 913 1156 institutorutn,
931 1125 1014 1151 audi-

224 1177 296 1200 tores
312 1172 469 1198 fenerantnr
486 1176 627 1205 argentum
647 1170 790 1204 probatum
811 1178 859 1197 ore
874 1171 963 1198 Pauli.
979 1170 1011 1198 Et

221 1218 310 1253 justus
326 1217 436 1251 quidem
454 1216 542 1242 reddit
559 1223 667 1248 usuras,
681 1221 708 1242 et
726 1216 792 1242 dicit
806 1224 813 1242 :
829 1215 921 1242 Mnam
934 1217 1011 1243 dedi-

222 1263 255 1289 sti
270 1263 343 1295 milii,
362 1269 420 1288 ecce
434 1261 522 1288 decem
548 1269 623 1287 mna:
642 1260 692 1294 [cci
710 1260 744 1288 θ’.
764 1260 886 1296 Quinque
910 1263 1011 1289 talenta

222 1308 331 1339 dedisti,
346 1315 404 1333 ecce
417 1307 499 1333 habeo
515 1307 602 1333 decem
624 1306 657 1333 ⁵³.
673 1306 806 1334 Peccator
821 1314 887 1334 vero
903 1308 1010 1342 impen-

223 1354 262 1381 dit
276 1353 380 1380 omnia.
395 1352 453 1379 Non
470 1353 534 1380 licet
544 1353 670 1380 fenerare
684 1360 744 1386 sua,
760 1353 786 1380 id
807 1358 849 1380 est
863 1354 959 1381 docere
971 1355 1010 1381 si-

157 1426 166 1431 ,
222 1405 269 1427 cut
284 1399 405 1427 haeretici
420 1408 427 1426 :
443 1400 489 1426 sed
506 1400 550 1426 Dei
568 1405 711 1435 argentum
728 1400 887 1434 probatum,
915 1408 1011 1436 quent-

223 1445 369 1473 admodum
385 1445 431 1480 qui
447 1445 512 1472 dicit
526 1452 534 1472 :
563 1444 609 1472 Vel
624 1446 832 1480 experimentum
845 1447 965 1481 quwritis
981 1447 1009 1474 in

221 1501 261 1518 me
275 1492 405 1526 loquentis
430 1491 530 1518 Christi
545 1491 589 1518 ⁸δῖ
615 1491 792 1519 Restituenda
805 1499 870 1520 vero
883 1497 925 1520 est
949 1500 1008 1520 sors

220 1546 282 1565 eum
298 1545 379 1564 usura
395 1545 427 1564 ex
445 1537 501 1564 vita
516 1542 543 1564 et
557 1538 688 1566 moribus.
704 1538 841 1572 Alioquin,
854 1538 951 1566 melius
966 1544 1008 1566 est
1022 1527 1044 1557 (ἶ

221 1583 332 1610 omnino
344 1591 396 1610 non
421 1583 550 1617 fenerari,
571 1585 722 1618 prmsertitn
738 1592 799 1619 qua:
812 1592 876 1613 sunt
887 1587 921 1613 de
937 1593 1007 1620 penu

223 1629 373 1664 Dotninico,
387 1637 467 1665 quam
486 1635 517 1657 ut
531 1635 642 1665 pereant
658 1639 707 1666 per
726 1639 774 1659 nos
794 1632 865 1666 regis
877 1639 953 1666 opes.

220 1716 253 1744 ν.
271 1716 316 1744 ‘22.
335 1717 467 1749 Quoniam
492 1718 671 1746 benedicentes
704 1719 779 1746 illum
813 1721 1007 1748 Iurredt'tabunt

258 1757 380 1814 tertiam;
407 1753 452 1787 qui
478 1761 537 1781 vero
559 1754 634 1780 illum
648 1755 819 1788 maledicunt,
833 1764 942 1790 prorsus
966 1756 1008 1783 in-

254 1794 302 1814 teri
323 1793 380 1814 unt.

256 1833 351 1861 Simile
363 1838 405 1862 est
419 1835 443 1861 ei
457 1833 529 1869 quod
552 1834 669 1863 Abrahte
690 1835 792 1863 dictum
806 1841 870 1864 est:
893 1835 1007 1864 Benedi-

219 1885 304 1906 centes
335 1884 359 1906 te
384 1879 549 1912 benedicam,
578 1885 602 1906 ει
630 1880 813 1908 maledicentes
839 1886 864 1908 te
893 1881 1006 1909 maledi-

219 1933 276 1952 cam
291 1926 325 1952 ".
349 1925 442 1960 Itaque
458 1927 481 1953 si
509 1927 579 1954 Deus
606 1926 770 1953 misereatur
793 1931 821 1953 et
843 1927 937 1961 donet,
959 1927 1006 1962 qui

218 1975 328 2004 propter
346 1970 397 1998 hoc
410 1970 563 2004 gloriﬁcant
576 1971 728 2003 illutn,sive
741 1971 913 2004 benedicunt,
925 1978 1006 2000 erunt

219 2016 341 2044 hmredes
359 2017 500 2051 promissa
515 2017 616 2044 sanctis
635 2022 725 2049 terrae,
750 2017 941 2053 accipiantque
953 2023 1006 2046 ter-

219 2069 277 2089 ram
298 2062 398 2089 bonatn
412 2067 439 2089 et
457 2062 582 2094 multam,
597 2070 657 2097 qua:
676 2070 728 2090 non
746 2063 834 2090 centri
850 2067 897 2090 aut
913 2064 1006 2099 puncti

220 2108 356 2134 rationem
377 2107 486 2134 habeat.
515 2107 669 2135 Periculum
701 2112 745 2136 est
774 2116 836 2136 vero
851 2109 913 2136 dum
931 2110 1006 2145 justo

221 2153 421 2186 maledicimus,
435 2161 468 2180 ne
479 2159 630 2180 extremum
642 2154 789 2181 subeamus
802 2155 952 2182 interitntn.
961 2155 1006 2183 Ait

217 2199 320 2233 quippe
335 2198 368 2225 ad
389 2198 490 2233 justum
509 2199 658 2226 Dominus:
678 2199 800 2227 Hostiam
817 2199 902 2228 hostes
922 2206 980 2228 tuo:
994 2221 1002 2234 ,
1020 2208 1040 2234 ι)

217 2249 241 2271 ιι
255 2253 288 2271 ea:
311 2243 421 2271 adverso
439 2245 558 2272 resistant
575 2246 734 2272 adversariis
761 2247 813 2273 tuis
830 2246 863 2272 ⁸⁸.
881 2247 912 2274 Et.
931 2247 1002 2275 sicut

217 2288 293 2321 dicit,
315 2288 393 2316 llunc
406 2291 523 2323 nutriui,
545 2299 585 2317 me
597 2291 706 2318 nutristi
721 2291 759 2324 '7;
779 2291 815 2318 ita
832 2298 1002 2327 consequens

217 2338 276 2362 erat
293 2339 322 2361 ut
333 2335 437 2363 diceret
453 2345 460 2362 :
478 2335 546 2364 Huic
560 2337 731 2365 conviciatus
747 2345 787 2371 es,
804 2338 872 2365 tnihi
889 2346 919 2366 es
933 2346 1001 2365 con-

218 2380 343 2408 viciatus.
359 2380 521 2408 Maledicnnt
535 2389 599 2410 vero
619 2383 714 2416 Deum,
736 2384 781 2419 qui
799 2391 853 2411 non
867 2389 1001 2412 noverunt

217 2427 302 2459 illum,
317 2432 344 2453 et
355 2427 464 2462 quidem
479 2428 610 2456 adversus
627 2429 742 2464 gloriam
755 2430 816 2465 ejus
828 2430 1000 2465 blasphemas

217 2472 363 2500 identidem
379 2473 550 2506 prolerentes
561 2482 642 2502 voces
655 2496 662 2509 ,
681 2484 768 2511 usque
782 2477 850 2504 adeo
864 2481 892 2503 ut
906 2484 939 2504 tte
955 2484 1000 2504 su-

216 2520 334 2546 stineant
348 2519 456 2553 quidem
470 2527 518 2554 pro
529 2520 626 2554 quibus
638 2523 766 2549 cumulati
777 2528 840 2550 sunt
859 2523 1000 2550 beneflciis

215 2571 296 2599 agere
313 2564 351 2591 illi
376 2564 489 2599 gratias.
517 2566 655 2594 Christum
682 2568 765 2603 igitur
779 2573 873 2604 gentes
890 2569 1000 2596 benedi-

216 2614 292 2642 euut,
311 2615 454 2645 propterea
472 2612 634 2640 haereditant
649 2621 781 2649 regnum;
801 2619 828 2642 at
842 2614 927 2642 Judaei
942 2615 1000 2643 bla-

216 2656 387 2689 sphemanles
399 2657 484 2690 illum,
498 2658 525 2685 in
539 2663 669 2687 internum
689 2660 858 2695 dispereunt.

269 2742 292 2758 “
305 2743 371 2770 an.
388 2751 445 2775 xix,
463 2744 506 2771 16.

216 2776 239 2794 ι’
255 2777 418 2813 λ]ιιιι1ι.χιν,
436 2779 481 2813 57,
496 2779 540 2807 40.

252 2812 306 2846 (73)
321 2812 416 2847 Κύριλ.

252 2846 309 2881 (74)
329 2846 415 2882 Ὡριτ.

560 2745 583 2761 ⁸⁸
596 2745 689 2774 Matth.
711 2754 776 2780 xxv,
804 2746 850 2773 20.

903 2746 927 2762 ⁸⁵
945 2746 967 2774 ll
987 2745 1049 2778 Cor.
1071 2745 1130 2785 xiii.
1148 2745 1175 2781 3.

1065 919 1186 954 ρίζοντος
1202 919 1267 952 τοὺς
1281 920 1515 954 καταπίπτοντας,
1537 922 1584 948 καὶ
1602 922 1784 957 ἀνορθοῦντος
1801 924 1864 956 τοὺς

1063 966 1313 1001 κατερῤαγμένους.

1064 1011 1137 1046 Στίχ.
1154 1015 1207 1039 κα’.
1223 1013 1387 1048 Δανείζεται
1401 1015 1417 1040 ό
1434 1014 1617 1048 ἁμαρτωλὸς.
1629 1015 1679 1042 καὶ
1696 1015 1864 1043 vendamu-

1127 1054 1176 1073 σει
1188 1055 1195 1061 ·
1217 1049 1234 1074 ό
1248 1047 1282 1074 δὲ
1296 1048 1412 1082 δίκαιος
1432 1047 1570 1084 οὶκιγείρει
1589 1047 1639 1076 καὶ
1662 1050 1801 1077 δίδωσιν.

1104 1092 1233 1128 ’Υψηλότε
1239 1102 1284 1128 ρον
1297 1094 1326 1121 δέ
1335 1103 1341 1109 '
1356 1093 1440 1122 Ὀταν
1453 1095 1567 1132 διδάσκῃ
1578 1096 1695 1129 Παῦλος,
1709 1097 1727 1132 ἡ
1743 1106 1789 1129 τις
1802 1097 1862 1124 ἕτε-

1064 1147 1110 1173 ρος
1128 1138 1182 1165 τῶν
1197 1139 1279 1174 ίερῶν
1301 1141 1499 1176 μυσταγωγῶν,
1513 1143 1539 1169 ot
1565 1143 1699 1178 ἀκροαταὶ
1719 1143 1862 1175 δανείζον·

1062 1192 1107 1210 ται
1120 1183 1150 1210 τὸ
1162 1183 1272 1220 δόκιμον
1284 1185 1414 1223 ἀργύριον
1432 1188 1471 1224 τῷ
1488 1189 1603 1223 στόματι
1618 1188 1738 1217 Παύλου.
1763 1190 1824 1216 Καὶ
1848 1189 1862 1215 δ

1064 1229 1113 1264 μὲν
1134 1229 1236 1262 δίκαιος
1252 1230 1396 1259 ἀποδίδωσι
1407 1233 1470 1265 τοὺς
1486 1233 1591 1265 τόκους,
1606 1234 1653 1262 καὶ
1670 1234 1754 1269 λέγει·
1766 1234 1860 1262 Μνᾶν

1058 1285 1110 1310 μοι
1130 1276 1257 1310 ἔδωκας,
1277 1272 1340 1305 ιδοῦ
1354 1278 1427 1306 δέκα
1435 1279 1516 1315 μνᾶς
1534 1281 1674 1315 ἐποίησα.
1692 1281 1790 1308 Πέντε
1807 1281 1866 1309 τά·

1061 1324 1160 1349 λαντα
1175 1323 1299 1357 ἔδωκας.
1314 1324 1379 1351 ἰδοὺ
1397 1325 1456 1360 ἔχω
1482 1326 1563 1354 δέκα.
1583 1326 1614 1353 '0
1639 1327 1668 1353 δὲ
1693 1328 1861 1363 ἁμαρτωλὸς

1061 1368 1202 1395 ἀναλίσκει
1220 1370 1319 1396 πάντα.
1333 1371 1390 1398 Οὐκ
1412 1371 1499 1404 ἔξεστι
1525 1372 1657 1405 δανείζειν
1685 1373 1719 1400 τὰ
1745 1373 1859 1406 ἑαυτοῦ,

1060 1415 1120 1450 ἦτοι
1138 1415 1276 1443 διδάσκειν
1286 1417 1323 1449 ὡς
1336 1418 1360 1443 οἱ
1373 1418 1522 1453 αἱρετικοί·
1538 1419 1605 1445 ἀλλὰ
1618 1419 1647 1446 τὸ
1661 1419 1708 1446 τοῦ
1723 1420 1794 1446 Θεοῦ
1807 1421 1859 1455 ἀρ-

1059 1461 1154 1497 γύριον
1164 1462 1193 1488 τὸ
1205 1462 1327 1497 δόκιμον,
1345 1463 1382 1495 ὡς
1394 1465 1408 1490 ὁ
1417 1463 1503 1498 λέγων
1512 1472 1519 1480 ·
1536 1466 1570 1493 Ἢ
1591 1465 1722 1500 δοκιμὴν.
1746 1465 1860 1499 ζητεῖτε

1060 1507 1113 1533 τοῦ
1130 1507 1165 1534 ἐν
1196 1508 1260 1543 ἐμοὶ
1281 1509 1450 1543 λαλοῦντος
1475 1511 1622 1545 Χριστοῦ;
1651 1512 1812 1539 Ἀποδοτέον
1830 1513 1859 1539 δὲ

1061 1552 1131 1586 μετά
1142 1552 1222 1579 τόκου
1247 1554 1279 1579 ἐκ
1298 1554 1434 1586 πολιτείας
1448 1555 1495 1581 καὶ
1510 1555 1636 1591 πράξεως
1648 1556 1679 1582 τὸ
1694 1556 1858 1590 κεφάλαιον.

1060 1598 1092 1625 Et
1109 1598 1136 1625 δὲ
1155 1599 1204 1634 μὴ,
1219 1599 1342 1634 κρεῖττόν
1357 1600 1414 1627 ἐστι
1436 1601 1486 1637 τὴν
1500 1601 1586 1637 ἀρχὴν
1605 1601 1642 1637 μὴ
1665 1601 1858 1635 δανείσασθαι,

1062 1645 1179 1680 μάλιστα
1203 1645 1237 1672 τὰ
1253 1645 1299 1672 τοῦ
1320 1646 1433 1682 ταμείου
1450 1647 1497 1674 τοῦ
1521 1647 1672 1683 Κυριακοῦ,
1687 1648 1704 1683 ἢ
1720 1648 1859 1677 ἀπολέσαι

1059 1691 1094 1716 τὰ
1104 1690 1150 1716 τοῦ
1164 1690 1296 1725 βασιλέως
1318 1692 1454 1727 χρήματα.

1060 1735 1136 1769 Στίχ.
1148 1735 1200 1762 κδ’.
1219 1735 1282 1773 "Qu
1302 1737 1329 1762 cl
1339 1736 1538 1773 ερᾇογοῦντες
1560 1738 1653 1765 αὑτὸν
1666 1739 1858 1773 κληρονομή-

1095 1777 1201 1808 σουσι.
1213 1770 1288 1804 γῆν·
1308 1773 1335 1798 οὶ
1358 1771 1393 1798 δὲ
1415 1770 1615 1808 καταρώμενοι
1632 1770 1729 1800 aerei
1747 1770 1856 1805 ἐξοίὶό-

1095 1807 1145 1838 θρε
1150 1805 1320 1838 υθήσονται.

1096 1851 1153 1886 (73)
1169 1851 1282 1886 Ὅμοιον
1304 1851 1344 1887 τῷ
1358 1852 1496 1888 εἰρημένῳ
1515 1853 1584 1888 πρὸς
1607 1853 1749 1889 Ἀϐραὰμ·
1776 1855 1854 1888 Τοὺς

1059 1897 1311 1932 εὐλογοῦνται-σε
1325 1898 1493 1933 εὐλογήσω,
1511 1900 1560 1927 καὶ
1586 1900 1657 1933 τοὺς
1683 1901 1857 1936 καταρωμέ-

1059 1951 1133 1976 νους
1147 1951 1185 1970 σε
1200 1943 1412 1979 καταράσομαι.
1428 1944 1540 1976 Οὐκοῦν,
1553 1945 1577 1971 εἱ
1592 1946 1606 1972 ὁ
1622 1945 1688 1977 Θεὸς
1701 1947 1743 1982 ετη
1755 1947 1770 1974 ὁ
1785 1955 1856 1974 κατ·

1059 1989 1200 2025 οικτείρων
1223 1989 1271 2016 καὶ
1295 1990 1402 2023 διδοὺς,
1428 1991 1451 2017 οἱ
1478 1991 1679 2026 δοξοὶογοῦντες
1704 1991 1787 2018 αὐτὸν
1807 1992 1854 2019 διὰ

1058 2035 1146 2068 τοῦτο,
1166 2035 1249 2070 ἤγουν
1269 2036 1459 2071 εὐλογοῦντες,
1492 2037 1598 2064 ἔσονται
1616 2038 1782 2074 κληρονόμοι
1800 2038 1855 2073 τῆς

1059 2081 1265 2116 ἐπηγγελμένης
1278 2082 1333 2113 τοῖς
1351 2081 1437 2116 ἁγίοις
1448 2083 1510 2118 γῆς,
1524 2083 1571 2110 καὶ
1585 2083 1715 2119 λήψονται
1735 2083 1785 2118 τὴν
1798 2083 1855 2118 γῆν

1059 2127 1164 2162 ἀγαυὴν
1177 2127 1224 2153 καὶ
1235 2128 1286 2163 τὴν
1305 2128 1416 2164 πολλὴν,
1431 2129 1481 2165 τὴν
1493 2130 1524 2156 οὐ
1537 2130 1651 2165 κέντρου
1663 2130 1712 2157 καὶ
1732 2129 1853 2164 σημείου

1058 2172 1136 2207 λόγον
1148 2173 1272 2208 ἔχουσαν.
1289 2173 1345 2209 (74)
1362 2174 1491 2206 Κίνδυνος
1510 2175 1537 2201 δὲ
1554 2175 1629 2210 ἐντῷ
1639 2175 1762 2210 κατάραν
1773 2176 1852 2210 ἡμᾶς

1056 2218 1158 2245 τιθέναι
1168 2218 1206 2254 τῷ
1220 2219 1315 2255 δικαίῳ
1334 2220 1445 2256 ὀλέθρου
1465 2220 1512 2247 τοῦ
1536 2220 1662 2256 ἐσχάτου.
1690 2221 1773 2255 Λέγει
1793 2220 1851 2256 γὰρ

1056 2264 1124 2300 πρὸς
1138 2265 1183 2291 τὸν
1199 2264 1303 2292 δίκαιον
1314 2267 1327 2292 ὁ
1345 2266 1445 2302 Κύριος
1454 2276 1461 2283 ·
1481 2267 1646 2312 Ἐχθρειὶσω
1660 2266 1722 2300 τοῖς
1729 2266 1853 2301 ἐχθροῖς

1055 2316 1124 2339 σου,
1140 2308 1188 2334 καὶ
1200 2309 1468 2344 ἁντιΰήσομαιτοῒς
1479 2308 1693 2345 ἀντικείμένοις
1713 2319 1772 2338 σοι.
1793 2311 1852 2337 Καὶ

1055 2353 1129 2380 ὥσπε
1134 2363 1149 2389 ρ
1162 2354 1247 2389 λέγει’
1265 2356 1374 2383 Τοῦτον
1387 2357 1527 2391 ἔθρεψας,
1541 2357 1593 2392 ἐμὲ
1606 2358 1744 2392 ἔθρεψας·
1761 2357 1852 2389 οὕτως

1053 2399 1201 2426 ἀκόλουθον
1223 2401 1310 2428 εἰπεῖν
1324 2410 1331 2417 ο
1350 2403 1450 2429 Τοῦτον
1473 2403 1656 2439 ὲλοιδὸρησας,
1681 2403 1731 2438 ἐμὲ
1749 2403 1851 2430 ἐλοιδό-

1054 2453 1151 2480 ρησας.
1170 2447 1353 2483 Καταρῶνται
1365 2449 1394 2475 δὲ
1415 2448 1483 2475 Θεὸν
1509 2451 1533 2475 οἱ
1564 2449 1601 2484 μὴ
1621 2449 1722 2481 εἰδότες
1749 2449 1848 2481 αὑτὸν,

1054 2490 1198 2518 καὶταῦτα
1211 2494 1260 2527 τῆς
1280 2492 1362 2519 αὐτοῦ
1382 2492 1462 2527 δόξης
1482 2493 1562 2520 πάλιν
1584 2494 1692 2528 φήμους
1707 2492 1764 2528 (75)
1790 2493 1848 2520 ἐσθ’

1052 2536 1096 2562 ὅτε
1108 2536 1266 2571 ῥιπτοῦντες
1281 2538 1382 2572 φωνὰς,
1399 2539 1467 2574 πρὸς
1485 2539 1515 2565 τὸ
1538 2539 1604 2574 μηδὲ
1620 2539 1663 2573 ἐφ’
1685 2536 1726 2570 οἷς
1742 2536 1773 2565 εὖ
1799 2547 1848 2565 πε-

1053 2582 1183 2609 πόνθασιν
1206 2584 1349 2619 ἀνέχεσθαι
1374 2585 1522 2621 προσάγειν
1554 2585 1628 2621 αὺτῷ
1655 2585 1703 2617 τὰς
1733 2587 1847 2621 εὐχαρι-

1054 2627 1139 2659 στίας.
1156 2629 1271 2663 Χριστὸν
1284 2630 1332 2665 μὲν
1345 2628 1392 2657 οὖν
1407 2630 1547 2665 εὐλογοῦσι
1563 2631 1597 2658 τὰ
1613 2630 1687 2666 ἔθνη,
1713 2630 1755 2658 διὸ
1777 2631 1846 2665 κλη-

1054 2674 1196 2708 ρονομοῦσι
1210 2675 1258 2710 τὴν
1284 2675 1435 2710 βασιλείαν-
1455 2677 1575 2704 Ἰουδαῖοι
1592 2677 1631 2710 δὲ,
1654 2676 1847 2713 βλασφημοῦν-

1052 2726 1096 2749 τες
1111 2720 1200 2757 αὑτὸν,
1213 2721 1252 2757 είς
1264 2721 1339 2757 τέλος
1358 2721 1554 2757 ὀλοθρεύονται.

1230 2755 1252 2771 ⁸³
1265 2755 1332 2783 Gen.
1353 2765 1403 2790 xu,
1422 2755 1455 2785 ’5.
1510 2758 1533 2774 ⁸⁸
1546 2759 1617 2786 Psal.
1645 2766 1780 2791 Lxxxvnt,
1796 2757 1844 2785 26.

1092 2819 1147 2857 ('15)
1165 2821 1355 2857 Βλασφήμους,
