1918 3069
64 67 108 95 155

93 160 330 221 ωτὲἕιθύνεταν
359 161 411 188 καὶ
432 163 491 197 τὴν
518 163 590 190 ὁδὸν
610 160 708 190 αὐτοῦ
741 160 864 197 θελήσει

95 203 139 221 σε
156 210 159 212 -
182 203 231 221 ea.

95 203 231 229 σεεοορα.

95 241 155 277 (76)
165 241 276 278 Ὥσπερ
287 241 353 269 ἰδίου
363 244 470 275 παιδὸς,
482 244 558 280 φησι,
571 243 738 280 λαμϐάνεται
748 244 799 279 τῆς
809 253 864 280 χει-

62 288 107 322 ρὺς
124 288 140 314 ὁ
159 286 246 319 Θεὸς,
264 289 313 315 καὶ
333 288 467 324 ἀποφέρει
484 289 550 325 πρὸς
575 289 633 316 ὁδὸν
658 289 765 316 εὐθεῖαν
778 310 785 322 ,
813 290 863 316 οὐκ

58 334 154 368 ἀφιεὶς
177 333 263 360 αὐτὸν
292 334 511 370 σκολιοδρομεῑν,
538 335 599 362 οὔτε
630 336 683 371 μὴν
716 335 862 371 καμπύλας

57 381 203 408 ποιεῖσθαι
220 381 269 408 τοῦ
297 381 355 416 βίου
372 381 423 413 τὰς
442 381 570 417 τροχιὰς·
594 382 652 408 ἀλλ’
675 382 739 408 εὐθὺ
761 382 862 414 παντὸς

56 426 127 452 ἰέναι
148 425 317 462 πράγματος
331 426 451 461 ἀγαθοῦ,
469 427 603 454 διδάσκων
621 436 650 453 τε
667 427 716 454 καὶ
742 427 860 454 ἀπευθύ-

55 480 110 498 νων
124 472 243 504 αὐτοὺς,
251 473 322 499 κατά
335 481 367 506 γε
381 472 426 499 τό·
442 472 623 507 Ἐκριὶτησιις
631 473 686 507 τῆς
696 473 795 508 χειρὸς
804 472 860 507 τῆς

55 517 164 552 δεξιᾶς
173 527 248 553 μου,
263 519 313 546 καὶ
332 520 367 546 ἐν
381 519 419 553 τῇ
431 519 533 554 βουλῇ
556 527 614 547 σου
637 519 796 555 ὠδήγησάς
812 529 857 554 με.

57 565 145 592 ὀταν
167 565 261 601 μέντοι
283 566 328 592 τοῦ
347 566 490 602 ἀνθρώπου
508 566 542 593 τὰ
563 567 718 602 διαϐήματα
735 567 786 593 ὑπὸ
803 567 859 593 Κυ-

57 611 116 646 ρίου
134 611 323 648 κατευθυνθῇ,
346 613 406 639 τότε
423 612 473 648 τὴν
489 612 547 639 ὁδον
566 613 648 639 αὑτοῦ
669 613 787 649 θελήσει.
801 612 856 648 (77)

62 658 234 692 ’Δμφίόολος
248 659 265 694 ἡ
282 658 363 692 λέξις.
386 659 421 685 Ἦ
436 659 489 695 γὰρ
511 660 526 685 ό
545 659 647 695 Κύριος
662 659 708 686 τοῦ
725 659 856 686 κατευθυ-

55 704 176 739 νομένου
196 706 253 736 τοῖς
268 705 417 740 διαδήμασι
435 705 506 732 θέλει
516 706 566 742 τὴν
579 706 648 738 ὁδὸν,
668 706 715 733 καὶ
730 706 857 742 ἀποδέχε-

55 759 99 776 ται
114 750 152 786 ἢν
167 751 288 777 ποιεῖται
300 751 370 778 κατά
384 751 428 778 τὸν
447 751 528 787 νόμον
549 751 680 788 πορείαν,
695 751 739 787 μὴ
761 753 856 780 θέλων

56 795 130 823 ὁδὸν
153 795 287 829 ἀσεϐῶν,
308 797 324 832 ἢ
348 796 432 830 λοξῶς
449 797 652 833 πορευομένων·
676 797 692 833 ἢ
717 797 807 830 αὐτὸς,
824 795 855 825 οὗ
870 809 891 837 Β

57 844 87 869 τὰ
100 843 266 879 διαδήματα
288 844 340 870 ὑπὸ
361 843 464 880 Κυρίου
485 844 689 877 κατευθύνεται,
712 844 783 871 θέλει
806 845 855 880 τὴν

56 889 112 915 wn
131 890 182 916 τοῦ
200 889 317 925 Κυρίου,
333 890 511 925 γευσάμενος,
529 891 557 917 ἐν
578 889 616 924 τῷ
644 889 854 917 κατευθύνεσθαι

58 935 141 961 αὑτοῦ
155 935 195 967 ὡς
209 935 245 961 τὰ
268 935 435 971 διαδήματα,
458 936 507 970 τῆς
530 935 698 971 γλυκύτητος
720 936 768 971 τῆς
783 936 854 963 κατά

58 981 104 1016 τὴν
118 981 190 1013 ὁδὸν,
205 978 263 1018 ὲνῇ
279 981 471 1017 κατευθυνθείη
485 981 538 1008 ὑπὸ
552 982 665 1016 Κυρίου.
683 982 811 1018 Ἄμεινον
826 983 855 1010 δὲ

57 1029 122 1060 ἴσως
134 1029 218 1061 νοεῖν,
233 1028 276 1054 ὅτι
290 1029 304 1054 ὁ
315 1027 417 1064 Κύριος
430 1027 537 1063 θελήσει
550 1029 599 1063 τὴν
613 1028 671 1054 ὁδὸν
687 1028 735 1055 τοῦ
750 1028 855 1064 ἀνθρώ-

57 1083 118 1107 που,
145 1075 274 1101 τουτέστι
304 1075 446 1110 ποιήσεται
472 1073 587 1110 θελητήν
611 1074 658 1101 καὶ
683 1074 851 1108 ἀποδέξεται.

58 1121 166 1156 Ὠσπερ
188 1121 244 1156 γὰρ
268 1120 446 1156 ἀνεθελήτους
465 1119 520 1155 ἔχει
540 1120 589 1151 τὰς
611 1120 665 1146 τῶν
687 1121 853 1157 παρανόμων

58 1167 144 1198 ὁδοὺς,
159 1166 233 1193 οὕτω
248 1168 368 1194 ποιεῖται
385 1166 499 1201 θελητὰς
515 1166 564 1198 τὰς
578 1166 632 1193 τῶν
650 1166 853 1202 ἀγαθουργούν-

60 1224 122 1241 των.
137 1215 171 1240 ‘U
184 1214 214 1241 δὲ
227 1214 342 1250 ἀρέσκει
352 1213 420 1248 Θεῷ,
431 1212 510 1240 τοῦτο
524 1214 631 1244 πάντως
648 1213 706 1240 ἐστὶ
723 1214 768 1239 καὶ
780 1213 853 1246 ἐξαί-

63 1269 146 1296 ρετον,
160 1261 209 1287 καὶ
221 1260 323 1292 παντὸς
334 1259 445 1286 ἐπαίνου
458 1259 565 1294 μεστόν.
580 1259 617 1285 Οὺ
628 1258 681 1294 γὰρ
691 1258 724 1286 ἂν
737 1259 852 1294 ἠθέλησε

62 1305 124 1337 θεὸς
139 1305 170 1332 τὺ
186 1304 225 1341 μὴ
238 1305 326 1337 οὕτως
340 1305 411 1340 ἔχον.
428 1304 462 1331 Οἵ
471 1313 502 1339 γε
513 1304 566 1340 μὴν
583 1304 637 1330 ἀπὺ
651 1304 704 1331 τῶν
719 1305 851 1346 αἱρέσεσιν

62 1351 177 1385 γίνονται
205 1352 254 1386 μὲν
278 1352 308 1378 ὲν
324 1351 498 1386 διαδήμασιν,
514 1351 544 1377 οὺ
562 1350 615 1386 μὴν
637 1350 852 1386 κατευθυνουμέ-

62 1405 113 1428 νοις
130 1397 184 1423 ὑπὸ
205 1396 321 1430 Κυρίου,
339 1395 407 1422 ἀλλά
424 1395 614 1430 λελοξωμένοις
633 1394 685 1421 ὑπὸ
700 1394 746 1421 τοῦ
769 1403 852 1430 πονη-

64 1442 123 1477 ροῦ·
139 1442 298 1469 ἐκκλίνουσι
312 1442 386 1474 δεξιὰ
403 1442 450 1469 καὶ
463 1441 605 1477 ἀριστερὰ,
626 1441 662 1476 μὴ
686 1441 850 1476 ἀρκούμενοι

671 69 857 98 EXCERPTA
874 71 909 99 IN
926 71 1097 101 PSALMOS.

67 124 135 159 Σιὶχ.
155 125 314 164 ηιξ-,Παρὰ
337 126 504 164 Κυρίουγτὰ
525 127 863 164 ὃιαϐήματαγάνθρώπου
877 136 902 164 Α

1649 78 1702 107 134

916 129 947 157 ν.
964 131 1010 158 9.5.
1023 131 1043 157 Λ
1057 131 1169 169 Domino
1177 139 1280 166 gressus
1291 132 1404 160 hominis
1417 133 1583 169 diriguntur:
1595 140 1618 162 et
1633 137 1699 164 vium

1143 167 1201 201 ejus
1215 168 1282 194 valet
1301 169 1471 196 vehementer.

950 243 1090 279 Tanquam
1102 245 1206 279 proprii
1224 244 1282 278 ﬁlii,
1306 245 1364 278 ait,
1381 247 1560 282 apprehendit
1588 256 1699 276 manum

915 289 995 321 Dens,
1011 294 1038 316 et
1062 290 1171 317 deducit
1197 291 1230 318 ad
1247 291 1317 318 viam
1331 297 1446 325 rectam,
1460 300 1512 320 non
1529 293 1622 322 sinens
1637 302 1698 322 eum

912 334 1021 369 oblique
1035 335 1171 368 incedere,
1189 343 1278 370 neque
1294 337 1375 364 etiam
1392 337 1528 366 ﬂexuosas
1548 339 1639 368 facere
1655 342 1698 368 vi-

913 384 946 407 lze
961 381 1074 409 semitas
1087 391 1094 410 :
1108 382 1155 410 sed
1169 386 1243 410 recta
1257 390 1371 418 pergere
1383 384 1410 411 in
1427 385 1500 412 omni
1515 393 1598 419 opere
1611 387 1697 420 bono,

912 427 1011 455 docens
1035 432 1063 455 et
1085 428 1206 462 dirigens
1233 436 1280 456 cos
1295 449 1302 461 ,
1333 430 1411 464 juxta
1426 431 1490 458 illud
1508 440 1516 459 :
1549 433 1700 467 Apprelten-

910 471 973 498 dicti
990 480 1098 499 manum
1125 475 1263 501 dexteram
1282 482 1385 507 meam,
1404 480 1428 503 et
1454 477 1481 503 in
1497 476 1633 506 uoluntate
1651 484 1697 506 tua

910 517 1041 545 deduxisti
1054 526 1094 545 me
1110 519 1142 546 ⁸⁸.
1160 519 1384 556 Quandocunque
1407 529 1472 549 vero
1487 523 1605 552 hominis
1621 533 1698 559 gres-

910 570 956 591 sus
974 570 989 590 a
1016 563 1131 592 Domino
1157 565 1329 600 diriguntur,
1348 571 1412 594 tunc
1437 569 1508 595 viam
1531 569 1590 604 ejus
1615 571 1696 598 volet.

908 607 1060 643 Eqnivoca
1087 618 1150 638 vox.
1166 611 1215 639 Vel
1241 612 1312 639 enim
1343 613 1474 642 Dominus
1493 614 1550 649 ipse
1566 616 1635 650 ejus,
1649 617 1696 651 qui

909 655 1048 690 gressibus
1071 656 1207 692 dirigitur,
1230 658 1287 685 vult
1303 661 1388 693 viam,
1402 665 1599 696 acceptumque
1616 663 1698 691 habet

909 699 1043 728 incessum
1071 701 1142 729 illius
1152 724 1159 736 ,
1172 710 1226 735 quo
1242 704 1344 732 incedit
1357 705 1507 733 secundum
1522 706 1620 742 legem,
1645 717 1696 736 non

907 746 993 774 volens
1006 747 1074 774 viam
1088 748 1228 783 impiorum
1239 750 1273 782 ‘9,
1288 751 1345 778 sive
1360 751 1467 788 oblique
1484 752 1664 781 incedentium
1686 763 1694 782 :

908 791 948 818 vel
963 791 1101 827 ille,cujus
1111 801 1222 828 gressus
1231 803 1245 822 a
1259 795 1372 823 Domino
1381 797 1548 832 diriguntur,
1558 799 1615 826 vult
1624 800 1695 827 viam

908 838 1032 872 Domini,
1050 844 1161 875 gustans
1184 840 1247 868 dum
1271 841 1444 876 diriguntur,
1465 844 1537 871 sicut
1565 852 1692 879 gressus,

907 885 1075 913 dulcedinem
1099 886 1172 914 illius
1194 887 1245 914 via:
1264 888 1289 914 in
1314 895 1366 923 qua
1388 889 1520 925 dirigatur
1539 898 1553 917 a
1570 891 1694 919 Domino.

906 930 1020 959 Praestat
1041 936 1129 960 tamen
1154 932 1268 960 fortasse
1289 934 1450 969 intelligere,
1471 937 1534 970 quia
1561 936 1692 966 Dominus

907 978 978 1005 volet
1001 979 1071 1006 viam
1088 979 1217 1011 hominis,
1235 980 1262 1006 id
1282 983 1323 1008 est
1337 986 1442 1015 gratam
1455 981 1552 1009 elliciet
1569 988 1597 1010 et
1614 991 1693 1011 acce-

905 1029 979 1060 ptam
997 1024 1121 1054 habebit.
1140 1025 1217 1053 Sicut
1231 1026 1303 1052 enim
1320 1027 1453 1054 voluntati
1470 1036 1526 1056 sua:
1541 1029 1693 1058 contrarias

905 1071 986 1099 habet
998 1071 1056 1099 vias
1067 1072 1320 1106 prtevaricatorum,
1337 1072 1374 1099 ita
1387 1079 1513 1108 acceptas
1528 1083 1582 1102 sua:
1598 1075 1692 1102 volun<

905 1117 953 1144 tati
971 1117 1052 1146 efﬁcit
1062 1118 1174 1146 semitas
1190 1120 1327 1154 agentium
1342 1120 1421 1148 bona.
1436 1120 1512 1153 Quod
1525 1126 1615 1148 autem
1633 1121 1692 1156 pla-

904 1169 946 1190 cet
962 1164 1026 1197 Deo,
1042 1164 1095 1192 hoc
1114 1166 1225 1192 omnino
1239 1167 1322 1193 etiam
1346 1166 1482 1194 excellens
1497 1172 1555 1201 est,
1576 1172 1603 1196 et
1617 1168 1692 1196 omni

902 1208 981 1237 laude
993 1211 1170 1238 cumulatum.
1185 1211 1243 1240 Non
1272 1213 1344 1240 enim
1368 1218 1512 1248 acceptum
1525 1218 1598 1241 esset
1625 1214 1690 1248 Deo,

903 1256 974 1290 quod
991 1255 1042 1284 tale
1056 1264 1107 1284 non
1124 1262 1206 1286 esset.
1227 1257 1353 1286 Hteretici
1369 1267 1450 1293 porro
1464 1264 1527 1287 sunt
1539 1260 1647 1294 quidem
1663 1259 1691 1287 in

903 1302 1052 1337 gressibus,
1068 1311 1119 1330 non
1137 1308 1226 1332 tamen
1241 1305 1354 1333 directis
1369 1314 1383 1333 δ
1408 1306 1525 1333 Domino
1538 1326 1545 1338 ,
1564 1306 1611 1333 sed
1624 1313 1692 1334 con-

904 1347 983 1375 tortis
1005 1355 1020 1374 a
1038 1347 1174 1383 maligno;
1191 1349 1327 1377 declinant
1351 1350 1384 1387 ad
1404 1350 1544 1377 dexteram
1569 1355 1596 1378 et
1620 1350 1690 1378 sini-

903 1397 998 1425 stram,
1015 1401 1068 1421 non
1092 1395 1213 1422 contenti
1239 1396 1354 1430 simplici
1379 1395 1446 1435 (ide;
1465 1397 1615 1431 cogitantes
1627 1396 1690 1430 qui-

903 1440 962 1466 dem
981 1439 1152 1475 profundius,
1169 1448 1218 1468 nee
1233 1446 1322 1469 tamen
1348 1441 1449 1469 verius.
1470 1441 1591 1476 Quorum
1616 1442 1688 1471 viam

63 1487 120 1523 ψιλῇ
135 1490 168 1523 τῇ
189 1487 291 1520 πίστει,
304 1487 425 1520 νοοῦντες
443 1487 471 1514 δὲ
485 1486 631 1523 βαθύτερον
648 1487 709 1522 μὲν,
722 1487 772 1513 οὐκ
786 1487 846 1522 ἀλη-

903 1493 954 1512 non
970 1485 1026 1513 vult
1040 1486 1120 1518 Deus,
1134 1487 1267 1522 siquidem
1280 1495 1333 1515 non
1348 1488 1487 1516 hominum
1506 1493 1568 1515 sunt
1579 1495 1689 1523 gressus

64 1534 104 1566 θὲς
114 1535 150 1561 δέ.
165 1531 217 1560 Ὧν
228 1534 278 1570 τὴν
292 1534 351 1561 ὁδὸν
362 1534 393 1560 οὐ
408 1534 477 1560 θέλει
497 1533 609 1569 Κύριος,
625 1533 666 1560 ὅτι
680 1533 731 1559 οὐκ
745 1532 849 1568 ἀνθρὼ-

64 1589 115 1608 πων
128 1581 221 1608 αὐτῶν
235 1580 272 1607 τὰ
287 1580 451 1616 διαὸήματα,
467 1579 535 1607 ἀλλὰ
555 1579 637 1615 θηρὸς
660 1579 676 1615 ἢ
702 1579 818 1614 ἑρπετοῦ
831 1579 848 1614 ἢ

65 1629 182 1664 κτήνους.

64 1674 129 1709 Στίχ.
149 1673 323 1711 κδζῖ-Ὄταν.
337 1672 417 1706 πέσῃ
443 1672 483 1711 o_i‘_)_
497 1671 783 1711 καταῤῥαχβήιζεται,
803 1670 848 1697 ὅτι

177 1709 288 1743 Κύριος
307 1706 504 1741 ἀντιστηρίζει
524 1707 607 1741 χεῷα
621 1706 722 1733 αὑτοῦ.

93 1756 122 1782 οι
137 1756 167 1781 ὲν
183 1757 241 1787 τοῖς
257 1753 346 1789 ἀγῶσι
366 1753 525 1786 παλαίοντες
542 1753 702 1780 πεπτώκασι
718 1753 748 1779 τὺ
771 1751 848 1788 πρῶ-

63 1810 110 1833 τον,
123 1802 284 1837 νενικήκασι
297 1800 332 1827 τὰ
344 1800 418 1836 τρία.
436 1800 498 1826 Ἐπὶ
510 1800 615 1831 τούτοις
629 1800 714 1831 εἴποις
730 1798 763 1825 ἂν
777 1797 848 1825 κατὰ

62 1847 87 1873 τὸ
99 1846 263 1882 σωματικὸν,
272 1847 324 1872 ὃτι·
336 1846 493 1878 Πέπτωκεν,
506 1845 536 1872 οὐ
551 1845 708 1881 κατερράγη
722 1845 761 1877 δὲ,
778 1844 848 1872 νενί-

62 1902 121 1929 κηκε
133 1893 189 1929 γὰρ
216 1891 288 1928 μετά
304 1891 334 1918 τὸ
347 1893 449 1929 πεσεῖν.
469 1891 530 1918 Ἐὰν
549 1891 606 1928 ῐδῃς
621 1891 763 1927 ἀνορωπον
775 1898 846 1917 νενι-

61 1939 183 1974 κημένον,
204 1938 252 1965 καὶ
269 1937 339 1973 μετά
353 1938 383 1964 τὸ
400 1937 556 1972 νενικῆσθαι
572 1937 602 1963 οὺ
617 1936 771 1972 παραδόντα
783 1937 846 1963 ἑαυ-

59 1985 98 2011 τὸν
114 1986 146 2020 τῇ
169 1983 301 2019 ἀσελγείᾳ
323 1983 363 2014 εἱς
387 1982 517 2019 ἐργασίαν
543 1982 714 2018 ἀκαθαρσίας
742 1982 844 2018 πάσης,

57 2031 206 2057 ἀναστάντα
228 2029 267 2061 δὲ,
290 2028 499 2064 ὑπομνησθέντα
521 2028 571 2064 τῆς
594 2028 723 2064 Γραφῆς·
751 2027 801 2062 Μὴ
828 2029 845 2054 ό

57 2076 153 2103 πεσὼν
183 2076 241 2102 οὐκ
274 2074 448 2106 ἀνίσταται;
472 2074 492 2108 ἣ
523 2075 540 2100 ὀ
563 2072 760 2107 ἀποστρέφων
788 2073 844 2099 οὐκ

55 2119 240 2156 ἐπιστρέρεκ
263 2120 337 2155 λέγε,
362 2120 419 2152 ὅτι,
443 2119 533 2148 πεσὼν
546 2120 561 2146 ὁ
580 2119 709 2151 τοιοῦτος,
730 2119 760 2145 οὐ
776 2128 842 2146 κατ-

900 1538 1006 1564 eorum,
1025 1533 1072 1560 sed
1088 1532 1150 1560 ferae
1166 1534 1206 1560 vel
1221 1535 1366 1569 serpentis,
1380 1535 1562 1570 autjumenli.

899 1667 931 1695 V.
951 1667 996 1695 2L
1015 1667 1128 1701 Quando
1142 1669 1296 1706 cadegnon
1313 1669 1463 1702 collidelur,
1477 1671 1541 1706 quia
1559 1671 1686 1700 Dominus

1129 1704 1247 1739 stt/fulcit
1262 1713 1370 1732 manum
1383 1706 1451 1739 ejus.

933 1749 983 1783 Qui
996 1750 1022 1777 in
1037 1750 1169 1784 agonibus
1185 1751 1333 1783 luctantur,
1346 1751 1493 1786 aliquando
1513 1753 1615 1781 cadunt
1629 1755 1686 1788 pri-

898 1804 971 1824 mum
984 1816 991 1829 ,
1020 1801 1048 1824 at
1063 1797 1176 1824 vincunt
1190 1798 1241 1825 tria
1265 1798 1332 1834 (79).
1353 1798 1434 1825 Juxta
1453 1799 1509 1826 hmo
1525 1800 1598 1827 dicat
1612 1801 1684 1835 quis,

897 1842 1046 1870 secundum
1061 1843 1132 1878 quod
1156 1842 1189 1869 ad
1213 1850 1255 1870 res
1273 1843 1369 1870 attinet
1383 1851 1529 1878 corporeus
1544 1855 1550 1871 :
1567 1844 1683 1878 Cecidit,

897 1895 947 1915 nec
960 1893 1049 1915 tamen
1078 1887 1191 1916 collisus
1208 1893 1260 1922 est,
1277 1889 1340 1916 vicit
1357 1889 1430 1916 enim
1457 1894 1600 1924 postquam
1612 1891 1684 1918 ceci-

898 1934 946 1960 dil.
964 1933 992 1960 Si
1006 1934 1181 1968 conspexeris
1209 1934 1349 1962 hominem
1367 1935 1481 1967 victum,
1497 1940 1524 1962 et
1540 1940 1683 1970 postquam

895 1980 983 2007 victus
997 1984 1049 2014 est,
1062 1987 1114 2007 non
1132 1980 1273 2008 dedentem
1297 1988 1326 2008 se
1341 1980 1555 2015 intemperantiae
1567 1981 1600 2008 ad
1617 1988 1683 2016 ope-

896 2026 1027 2054 rationem
1055 2026 1143 2053 omnis
1168 2026 1345 2053 immunditiae
1363 2034 1371 2058 ;
1386 2027 1450 2060 quin
1479 2026 1569 2061 potius
1593 2034 1684 2053 resur-

895 2075 1014 2104 gentem,
1030 2071 1092 2098 dum
1108 2070 1266 2098 recordatur
1281 2070 1354 2098 illius
1375 2070 1538 2105 Scripturte:
1552 2069 1623 2098 Num
1637 2071 1682 2106 qtu‘

898 2116 1001 2147 cecidit,
1015 2124 1066 2143 non
1078 2117 1189 2152 resurgit
1201 2121 1213 2148 ?
1231 2116 1269 2144 vel
1279 2117 1325 2151 qui
1339 2121 1481 2149 aversatur,
1494 2125 1545 2144 non
1558 2117 1684 2144 conuerti-

56 2168 182 2204 εῤῥάχθη.
204 2167 268 2193 Ἐὰν
286 2167 314 2193 δὲ
341 2166 410 2201 μετά
432 2166 462 2192 τὺ
491 2166 585 2191 πεσεῖν
617 2164 769 2200 ἁπαυδήσῃ,
790 2174 840 2192 κα-

907 2170 937 2188 ur
951 2162 994 2189 θαι
1007 2162 1061 2194 dic,
1087 2163 1149 2197 quia
1163 2171 1222 2190 cum
1239 2163 1367 2190 ceciderit
1386 2163 1428 2189 vir
1443 2162 1596 2196 huiusmodi
1606 2183 1613 2195 ,
1627 2170 1681 2190 non

54 2213 196 2249 τερῤάχθη,
222 2212 313 2239 Καλὸν
338 2212 386 2247 μὲν
401 2209 447 2238 οὖν
471 2210 590 2246 ἀθλητὴς
612 2207 681 2236 εἶναι
705 2209 838 2243 ἄπτωτος,

55 2261 95 2286 καὶ
116 2261 161 2286 ἶνα
182 2258 272 2290 οὕτως
294 2257 421 2293 ὀνομάσω
444 2257 497 2284 ἀπὸ
519 2256 574 2283 τῶν
599 2256 838 2291 παραδειγμάτων,

55 2305 264 2340 ἀμεσολὰϐητος,
273 2303 468 2335 ἀσυνέζωστος.
480 2303 512 2330 Εἰ
525 2302 553 2329 δὲ
564 2302 716 2333 πέπτωκεν,
728 2302 841 2337 ἀναστή-

54 2360 96 2378 τω.
113 2350 280 2378 Πειιρθοῦνται
291 2349 346 2385 γὰρ
363 2350 388 2376 οἱ
403 2350 540 2382 πεσόντες,
552 2348 600 2375 καὶ
618 2348 686 2384 μετά
698 2348 730 2375 τὸ
749 2349 840 2384 ἀμαρ-

54 2398 126 2433 τῆσαι
141 2397 366 2431 ἀπαλγήσαντες,
387 2396 434 2422 καὶ
456 2395 622 2430 παραδόντες
638 2394 749 2425 ἑαυτοὺς
766 2394 840 2431 πάσῃ

55 2443 175 2479 ἁμαρτία.
198 2443 243 2469 Ἐν
253 2441 386 2475 ἀγενείων
398 2441 464 2476 (78),
476 2442 504 2468 ὲν
516 2440 628 2476 ἀνδράσι
641 2439 837 2475 στεφανώθητι.

56 2489 197 2519 Πέπτωκας
220 2488 249 2513 ὲν
268 2486 361 2519 παισί;
377 2487 423 2512 τὸν
445 2486 569 2520 ἀγένειον¹
581 2484 723 2519 ἀγώνισαι,
738 2484 785 2511 καὶ
800 2484 839 2511 νί-

58 2542 126 2568 lno-av
143 2534 172 2560 ἐν
197 2530 284 2565 αὐτῷ.
311 2532 355 2558 Ἐν
380 2531 468 2567 κοιλίᾳ
489 2530 633 2566 ὲπτέρνισε
655 2530 700 2556 τὸν
722 2528 807 2555 Ἢσαῦ
823 2530 839 2555 ὁ

62 2579 161 2606 Ἰακώὸο
181 2579 214 2605 ὲκ
232 2577 332 2609 παιδὸς
355 2578 369 2604 ὁ
385 2577 482 2612 Δανιὴλ
499 2577 694 2612 προεφήτευσε,
712 2576 760 2603 καὶ
775 2576 838 2607 τοὺς

44 2664 46 2672 λ
85 2637 185 2665 “Psal.
204 2644 297 2669 Lxxtt,
315 2634 362 2662 23.
400 2634 421 2651 ⁸⁸
439 2634 510 2662 Psal.
523 2642 549 2666 ν,
565 2634 592 2662 5.
630 2635 653 2651 °°
667 2633 835 2667 Jerem.vut,
856 2633 883 2661 4.

95 2684 134 2721 76)
153 2684 257 2719 Κύριλ.

95 2720 132 2756 ⁷⁷)
151 2721 240 2756 Ἐριγ-

85 2752 131 2790 (78)
151 2752 235 2782 Forte
249 2753 281 2786 ἐξ
300 2752 442 2790 ὀιγενείων,
456 2752 497 2780 vel
512 2752 701 2790 éVﬁYE‘IEfmg.

84 2787 276 2827 (i9jlnﬁlucta
307 2787 479 2820 Graecorum,
508 2789 553 2822 qui
578 2788 763 2816 adversarium
791 2792 837 2815 iter

893 2213 935 2236 est
946 2208 1067 2236 collisus.
1082 2208 1115 2235 At
1126 2209 1148 2235 si
1162 2213 1304 2243 postquam
1320 2209 1434 2241 cecidit,
1452 2209 1556 2236 animos
1567 2211 1682 2244 despon-

894 2253 967 2286 deat,
979 2254 1036 2288 jam
1055 2254 1165 2282 collisus
1180 2259 1230 2282 est.
1245 2253 1359 2282 Praestat
1380 2255 1462 2289 igitur
1482 2254 1609 2283 athletam
1621 2263 1681 2283 esse

895 2299 1005 2326 minime
1020 2299 1166 2327 obnoxium
1184 2299 1282 2334 lapsui,
1297 2304 1325 2327 et
1341 2305 1371 2327 ut
1384 2300 1424 2328 sie
1437 2301 1470 2328 ab
1486 2301 1618 2335 exemplis
1632 2309 1680 2328 no—

895 2345 1005 2378 minem,
1022 2344 1068 2380 qui
1093 2353 1142 2373 nec
1157 2346 1227 2373 unde
1241 2346 1437 2380 prehendatur,
1453 2353 1503 2373 nec
1519 2347 1679 2375 vestimenta

895 2391 1001 2418 habeat.
1019 2390 1054 2418 At
1069 2391 1091 2418 si
1116 2391 1223 2423 cecidit,
1241 2396 1374 2426 resurgat.
1393 2391 1532 2419 Deﬂentur
1551 2393 1622 2420 enim
1634 2393 1678 2427 qui

893 2437 1060 2468 ceciderunt,
1069 2441 1102 2463 ἐι
1115 2443 1175 2471 post
1194 2442 1303 2472 peccata
1316 2437 1466 2465 indolentes
1480 2442 1552 2470 sunt,
1567 2439 1681 2466 dedunt-

892 2491 946 2519 que
961 2484 1065 2519 seipsos
1076 2484 1149 2510 omni
1166 2483 1278 2519 ﬂagitio.
1290 2484 1454 2512 Adolescens
1471 2492 1536 2519 ergo
1550 2485 1619 2512 inter
1632 2486 1680 2512 hos

893 2531 979 2557 mines
1000 2537 1143 2557 coronare.
1166 2529 1293 2557 Cecidisti
1318 2538 1333 2557 a
1356 2530 1677 2565 puero?Adolescentcm

893 2575 1010 2609 imitare,
1026 2579 1054 2602 et
1078 2576 1157 2603 vince
1172 2583 1220 2610 per
1246 2576 1320 2603 illam
1346 2581 1463 2604 atatem.
1479 2576 1506 2603 ln
1526 2581 1603 2604 utero
1616 2584 1678 2612 sup-

891 2687 1097 2723 pro-straverat,‘
1113 2682 1238 2723 palmam.
1253 2681 1378 2723 ferebat;
1392 2684 1462 2711 unde
1486 2683 1605 2723 τριόιξαιρ
1636 2684 1678 2710 vel

891 2717 1005 2781 ﬁlim
1021 2723 1062 2746 est
1071 2718 1192 2780 giincere.
1210 2717 1316 2746 Videsis
1331 2717 1467 2753 Poterum,
1484 2717 1563 2745 A'rclt.
1578 2718 1664 2746 Grec.

902 2762 909 2780 ι
932 2774 938 2782 .
954 2763 984 2789 ιι,
998 2761 1057 2789 mp.
1110 2773 1118 2780 .

932 2774 938 2782 ι
954 2772 984 2789 ιι,
998 2772 1057 2789 ψιη
1073 2772 1118 2780 -ι-
