1918 3069
229 86 281 114 I35

667 85 945 113 SUPPLEMENTUM
963 84 1009 112 AD
1028 84 1190 113 ORIGENIS
1208 84 1415 113 EXEGETICA.

1797 83 1847 112 ιδε

227 143 360 180 plantavit
383 143 483 170 Esaum
504 141 640 175 JacobUS;
658 150 673 170 a
691 151 775 178 puero
793 144 885 171 Daniel
901 144 1014 179 prophe-

1065 142 1267 178 πρεσϐυτέρους
1289 142 1410 178 ἤλεγξεν.
1431 142 1468 169 οὐ
1490 141 1602 168 δύνασαι
1626 139 1745 172 τοιοῦτος
1773 139 1839 175 γενέ

228 190 306 223 tavit,
323 194 350 218 et
374 189 494 217 seniores
517 189 650 224 coarguit.
673 188 731 217 Non
755 194 832 224 potes
856 190 1008 224 huiusmodi

227 237 343 264 evadere
357 236 369 263 τ
381 236 444 263 Esto
472 235 605 270 sequioris
618 235 722 264 ordinis
746 236 858 270 athleta,
871 241 900 263 ut
913 236 1008 271 virju-

227 288 301 314 stus,
329 282 373 316 qui
392 282 515 316 quamvis
541 283 622 310 cadat
643 283 668 310 in
685 283 755 310 lucta
777 283 820 310 vel
842 291 939 314 cursu,
958 291 1010 310 non

226 329 370 361 colliditur,
385 329 447 363 quia
463 328 590 356 Dominus
615 329 732 364 sulfulcit
748 337 854 356 manum
875 329 941 364 ejus.
956 329 1011 355 Du-

225 375 270 402 bia
295 374 410 405 locutio;
428 374 561 401 incertum
587 375 660 402 enim
680 379 769 402 utrutn
792 383 878 408 suam,
902 375 944 402 vel
970 375 1012 402 lu-

225 420 324 447 ctantis
349 428 380 448 ac
399 420 454 454 jam
471 420 628 453 coilidendi,
652 426 749 448 utnon
768 428 882 455 prorsus
899 425 961 448 ruat
983 420 1012 448 in

225 464 332 497 faciem,
351 470 377 492 et
395 465 566 499 totusjaceat
582 465 658 492 humi
673 470 836 499 prostratus.

224 510 256 538 ν.
272 511 317 538 ‘25.
334 510 431 538 Iunior
443 512 614 572 [unetjnini'
625 512 699 538 tenui
712 519 721 538 :
732 517 755 538 et
770 519 821 538 non
843 511 897 538 vidi
913 511 1011 546 iustum

551 555 593 572 ere
607 552 698 572 ictum.

551 552 698 573 erettctum.

260 591 344 618 Aliter
359 596 448 619 autem
476 597 633 626 rcputamus
655 595 764 619 aetatem
779 592 927 619 secundum
943 592 1012 620 inte-

223 638 324 664 riorem
341 637 489 668 hominem.
501 637 587 671 pueri,
602 636 723 670 juvenis,
740 637 824 664 senis.
841 637 913 664 Ante
928 637 1014 664 Abra-

224 683 287 710 ham
300 690 375 718 ergo.
386 683 562 718 longieviores
577 682 621 709 illo
640 691 694 711 non
708 688 773 710 sunt
790 683 855 710 dicti
869 684 1012 715 seniores;

224 730 270 757 sed
287 729 344 764 ipse
365 730 467 764 primus
480 735 590 764 propter
604 729 733 757 virtutem
750 729 842 757 senior
856 730 973 764 audivit,
988 734 1015 758 et

223 780 365 810 propterea
382 775 452 810 quod
467 776 581 802 interior
602 777 681 803 homo
694 775 752 809 ejus
767 781 938 803 evacuaverat
956 785 1014 810 qum

1061 189 1122 215 σθαι
1132 197 1139 221 ;
1150 187 1230 215 Γενοῦ
1242 188 1305 224 ἑξῆς
1318 188 1446 224 ἀθλητὴς,
1457 187 1495 219 ὡς
1508 188 1522 214 ὁ
1533 187 1645 220 δίκαιος,
1660 187 1700 219 ὃς,
1714 187 1767 214 κᾶν
1778 186 1850 222 πέσῃ

1060 234 1181 261 παλαίων
1197 233 1214 270 ἢ
1235 233 1349 269 τρέχων,
1365 235 1401 261 οὐ
1415 234 1662 268 καταρρήγνυται,
1678 233 1723 259 ὅτι
1740 232 1850 265 Κύριος

1060 279 1255 314 ἀντιστηρίζει
1270 279 1354 314 χεῖρα
1364 279 1467 306 αὑτοῦ.
1487 278 1647 314 Ἀμφίϐολος
1662 279 1678 314 ἡ
1695 277 1784 311 λέξις·
1798 274 1849 302 πό·

1059 335 1138 362 τερον
1153 326 1205 362 γὰρ
1218 326 1266 362 τὴν
1279 325 1383 359 ἑαυτοῦ,
1401 326 1418 361 ἢ
1434 325 1481 361 τὴν
1499 325 1545 352 τοῦ
1562 325 1720 356 παλαίοντος
1737 324 1784 351 καὶ
1795 323 1846 359 ἢδη

1062 373 1202 409 μέλλοντος
1229 373 1476 408 καταρρήγνυσθαι,
1502 372 1544 398 ἶνα
1569 371 1606 407 μὴ
1628 371 1695 402 ὅλως
1719 370 1783 406 ἔλθῃ
1800 369 1848 396 ἐπὶ

1061 419 1216 455 πρόσωπον,
1234 419 1280 445 καὶ
1296 419 1407 454 γένηται
1423 418 1509 454 χαμαὶ
1524 417 1582 449 ὅλος
1599 417 1734 452 κείμενος.

1062 506 1829 577 “ﬁtfit;ivii’éffoiifﬁf’iﬁifﬁsﬁfyiﬂi‘fa

1103 589 1218 624 Ἑτέρως
1231 589 1259 616 δὲ
1273 589 1351 623 ἴσμεν
1361 589 1467 624 ἠλικίαν
1483 589 1553 615 κατὰ
1567 588 1612 615 τὸν
1625 589 1678 615 ἔσω
1692 587 1846 623 ἄνθρωπον,

1063 635 1179 666 παιδίου,
1194 635 1345 667 νεανίσκου,
1361 637 1496 670 γέροντος.
1510 634 1567 670 Πρὸ
1579 634 1644 668 γοῦν
1656 633 1702 660 τοῦ
1722 634 1848 670 Ἀϐραὰμ

1062 683 1086 707 οἱ
1106 681 1345 717 πολυχρονιώτερα
1357 681 1438 708 αὑτοῦ
1451 681 1500 708 οὐκ
1513 681 1634 716 εἴρηνται
1649 680 1845 716 πρεσϐύτερον

1063 727 1120 754 ἀλλ’
1129 727 1209 759 αὐτὸς
1227 727 1332 763 πρῶτος
1347 727 1380 753 δι’
1394 726 1492 764 ἀρετὴν
1505 726 1687 762 πρεσϐύτερος
1698 725 1847 761 ἐχρημάτι-

1065 782 1104 805 σε,
1120 773 1167 800 καὶ
1182 773 1227 800 διὰ
1238 773 1268 799 τὸ
1281 772 1326 799 τὸν
1346 773 1399 800 ἔσω
1413 772 1494 799 αὑτοῦ
1509 772 1650 808 ἄνθρωπον
1664 770 1846 806 κατηργηκέ-

223 821 453 856 eranlparuuli“.
475 822 542 848 Audi
565 820 731 850 Jeremiam:
751 820 792 849 Ne
803 822 1004 857 dixeritis,quia

1062 828 1104 846 rat
1118 820 1154 847 τὰ
1179 819 1231 846 τοῦ
1256 819 1376 854 νηπίου.
1397 819 1451 846 Καὶ
1474 819 1606 854 Ἱερεμίου
1628 818 1722 845 ἄκουε·
1736 817 1787 852 Μὴ
1796 816 1847 844 .λέ-

219 867 313 902 juut'or
327 876 372 903 ego
386 876 444 894 sum
461 869 494 895 θ’.
508 867 575 895 Tale
585 868 649 902 quid
668 873 695 895 tu
715 868 781 895 mihi
807 869 894 903 cogita
909 869 940 895 de
956 868 1008 895 Da-

223 913 267 941 vid
282 921 390 948 qnoqtte
404 923 410 940 :
423 913 530 946 Iunior,
546 914 642 949 inquit,
657 914 695 948 fui
711 914 878 946 ;secundum
898 914 1008 941 interio-

222 967 279 987 rem
295 960 443 987 hominem.
462 960 580 988 Mutatus
596 965 686 988 autem
711 959 745 987 de
758 959 869 994 juvenili
890 967 964 986 more
980 964 1008 988 et

223 1005 353 1037 instabili,
372 1005 519 1032 secundum
531 1012 610 1040 quem
620 1005 783 1045 juvenilibus
797 1006 908 1033 studens
920 1005 1008 1040 iunior

222 1059 307 1084 eram,
324 1052 357 1078 ad
380 1057 548 1079 senectutem
566 1053 638 1083 veni,
652 1052 734 1078 vitam
759 1051 862 1078 habens
878 1052 1008 1080 immacu-

221 1097 317 1130 latum,
331 1100 358 1124 et
373 1103 468 1123 canam
484 1096 668 1130 prudentiam.
683 1096 772 1130 Atque
787 1100 817 1122 ut
831 1096 865 1122 ita
882 1095 1008 1130 profece-

222 1142 290 1174 ritu,
308 1150 360 1168 non
391 1141 444 1168 vidi
468 1146 573 1176 pistum
596 1141 758 1168 derelictum.
774 1141 802 1168 Si
830 1142 1008 1176 corporaliter

223 1187 373 1223 intelligas,
389 1187 487 1214 falsum
510 1191 561 1215 est.
580 1187 615 1214 At
636 1187 694 1214 dna:
710 1192 772 1214 sunt
791 1187 982 1215 derelictiones
998 1196 1005 1221 ;

221 1234 309 1260 altera
338 1232 500 1268 corporalis,
524 1240 584 1268 qua:
610 1233 676 1260 nihil
696 1233 773 1260 nobis
797 1232 895 1265 oilicit;
921 1233 1007 1260 altera

222 1278 382 1313 spiritualis,
399 1285 459 1313 qua:
477 1278 602 1306 interitus
621 1283 673 1306 est.
692 1278 825 1312 Quantum
841 1279 923 1314 igitur
937 1279 1006 1307 dite-

223 1325 325 1352 srimus
341 1324 368 1351 in
383 1325 510 1359 operibus
523 1324 616 1360 justis,
630 1329 704 1352 tanto
723 1325 808 1360 magis
821 1324 963 1359 juvamur,
977 1330 1007 1353 ut

224 1378 276 1397 non
295 1369 517 1405 derclinquamur
531 1373 615 1405 usque
633 1371 658 1397 in
678 1371 768 1398 linem.
781 1371 884 1398 Idcirco
898 1379 950 1398 non
963 1371 1006 1398 di-

223 1417 274 1449 xit,
287 1416 331 1452 qui
346 1416 552 1451 derelinquatur,
567 1417 612 1444 sed
636 1417 784 1444 derelictus.
802 1417 870 1450 Quia
890 1417 923 1444 ad
939 1421 1007 1445 tem-

222 1469 272 1495 pus
292 1461 516 1496 der'elinqutmtur
538 1460 619 1488 etiam
641 1461 716 1495 justi,
736 1462 815 1488 sicuti
835 1461 896 1494 Job,
914 1467 943 1490 ut
959 1469 1007 1497 ap-

223 1511 329 1541 pareret
340 1505 440 1541 justus.

521 1550 618 1579 PSAL.
636 1549 702 1577 XLI.

224 1596 255 1623 V.
272 1597 311 1624 10.
334 1597 425 1624 Dicam
442 1596 495 1632 [)eo
513 1597 683 1624 :Auziliator
699 1605 769 1623 nteus
788 1605 825 1625 es.
841 1596 874 1624 Ut
888 1597 950 1632 quid
959 1599 1008 1625 mei

258 1631 353 1668 oblitus
367 1640 393 1658 es
409 1633 421 1659 ?
436 1631 468 1668 Et
480 1640 560 1666 quare
571 1632 654 1659 tristis
668 1632 759 1659 incedo
773 1632 855 1665 vultu,
867 1633 928 1659 dum
941 1633 1007 1668 ami-

257 1667 292 1702 git
304 1667 426 1693 inimicus
441 1667 455 1693 2

225 1712 254 1739 ν.
272 1713 314 1739 11.
331 1711 397 1739 Cum
418 1712 651 1747 confringebantur
677 1720 737 1739 ossa
763 1721 831 1744 mea,
846 1714 1008 1747 impropera-

259 1747 319 1773 bunt
339 1747 404 1773 mihi
420 1748 531 1782 inimici
543 1747 603 1782 γνηρὶ
621 1755 630 1773 :
643 1756 701 1774 cum
729 1748 841 1775 dicerent
868 1748 917 1782 ipsi
943 1747 1007 1774 mihi

257 1781 374 1816 quotidie
389 1789 399 1808 :
417 1781 467 1808 Ubi
478 1786 515 1808 est
535 1781 605 1808 Deus
618 1788 678 1810 tuus
693 1783 706 1809 :7

258 1828 316 1854 Non
342 1828 465 1855 videmus
491 1835 586 1855 omnes
598 1829 735 1863 quomodo
750 1829 913 1856 misereatur
924 1828 1005 1856 Deus.

223 1874 292 1907 Quin
321 1874 402 1901 etiam
418 1881 489 1908 saepe
512 1875 539 1901 in
564 1873 597 1900 iis
615 1881 675 1908 qua:
693 1881 725 1901 ex
742 1866 928 1902 misericordia
950 1874 1007 1908 ejtu

222 1920 393 1954 proveniunt,
405 1925 549 1954 propterea
564 1920 635 1954 quod
652 1920 764 1947 molesta
778 1924 852 1952 sunt,
870 1920 942 1947 haud
958 1928 1006 1947 vo-

222 1965 444 2000 lupeltabenles,
462 1973 495 1992 ne
521 1966 632 1999 quidem
656 1972 716 1992 esse
739 1972 771 1991 ea
793 1965 1005 1992 miscricordiam

223 2012 420 2038 existimamus.
448 2011 594 2045 Propterea
641 2011 788 2038 dicimus:
822 2011 922 2046 thuid
955 2011 1005 2037 mei

223 2058 318 2085 oblitus
328 2065 354 2084 es
367 2057 380 2084 .9
393 2057 426 2083 At
444 2057 489 2091 qui
511 2057 637 2090 percipit,
654 2057 718 2091 quia
735 2063 815 2083 omne
832 2057 904 2091 quod
926 2057 1007 2084 indu-

223 2103 261 2130 cit
289 2103 358 2130 Deus
384 2102 486 2129 utiliter
510 2102 624 2134 inducit,
650 2102 716 2128 nthil
739 2101 792 2128 tale
807 2102 890 2134 dicet,
916 2103 1005 2130 sciens

223 2149 307 2177 Deum
334 2149 372 2176 ita
398 2155 487 2183 agere,
508 2147 570 2182 quia
586 2148 751 2182 ptenitentiat
776 2153 804 2176 et
818 2148 926 2175 utilitati
946 2148 1005 2182 ejus

223 2197 323 2223 studet.
337 2194 390 2221 Sed
403 2194 474 2229 quod
501 2193 665 2224 dicebamus.
684 2193 817 2228 ptenitens
835 2193 929 2228 vulgus
952 2193 1004 2221 sci-

223 2242 336 2269 scitatur
351 2248 365 2267 a
385 2241 449 2271 Deo,
467 2247 515 2266 cur
538 2240 625 2274 ipsum
642 2239 782 2274 reliquerit
795 2239 862 2266 adeo
875 2239 1004 2266 alllictum

223 2295 256 2315 ac
277 2286 385 2314 tristitia
401 2286 537 2313 obrutum.
552 2285 680 2319 Quaenam
696 2290 738 2312 est
758 2285 837 2319 hujus
851 2284 1005 2311 derelictio-

224 2334 266 2360 nis
280 2340 361 2360 causa
376 2331 388 2358 ’ἰ
402 2338 487 2365 neque
499 2332 570 2358 enim
584 2330 700 2366 vulgaris
713 2330 801 2365 aliqua
813 2337 872 2357 esse
888 2330 1003 2357 videtur.

224 2380 275 2413 Qui
302 2379 384 2413 igitur
399 2377 465 2405 dicit
479 2388 485 2404 :
508 2377 605 2412 thuid
621 2377 671 2403 mei
686 2377 783 2403 oblitus
799 2384 826 2402 es
841 2377 853 2403 ?
866 2375 1004 2402 confidere

223 2426 340 2457 videtur,
359 2425 429 2459 quod
457 2423 522 2450 nihil
543 2423 638 2450 fecerit
662 2430 766 2454 eorum,
792 2429 905 2456 quorum
924 2427 1004 2448 causa

223 2471 397 2498 obliviscatur
415 2471 494 2497 Deus.
511 2469 660 2495 Admodum
675 2475 739 2495 vero
751 2467 891 2495 contristat
901 2466 1002 2500 justuutI

224 2517 299 2547 illud,
317 2515 366 2543 Ubi
383 2520 419 2542 est
437 2516 449 2542 ?
466 2516 565 2542 dictum
581 2514 614 2541 de
630 2514 695 2547 Deo,
709 2513 779 2548 quod
795 2513 881 2540 locum
905 2511 1002 2538 innuit.

223 2563 271 2590 Est
286 2562 358 2589 enim
381 2566 508 2588 extremae
528 2559 672 2586 dementia:
686 2558 822 2590 arbitrari,
839 2557 923 2584 Deum
943 2564 1003 2584 esse

224 2608 250 2634 in
266 2608 335 2634 loco.
357 2606 541 2642 Magnitudine
559 2605 630 2632 enim
654 2605 729 2632 locus
742 2608 848 2631 constat
863 2612 869 2630 :
890 2608 918 2630 at
935 2603 1004 2630 Deus

224 2654 285 2681 talis
301 2654 492 2690 magnitudinis
516 2659 613 2688 expers
641 2655 693 2679 est.
723 2651 767 2678 Isti
793 2657 856 2677 vero
872 2649 1003 2678 orationis

257 2725 278 2740 "
295 2725 302 2751 I
316 2724 379 2752 Cor.
394 2731 453 2757 χιιι,
468 2724 512 2751 ll.
548 2723 571 2738 ⁹¹
582 2727 681 2750 Jerem.
701 2729 721 2754 ι,
732 2722 760 2747 7.

259 2793 314 2828 (80)
329 2793 425 2827 Κύριλ.
441 2793 494 2821 Sed
509 2794 595 2829 magis
608 2793 754 2828 Origenem
770 2779 887 2828 sapiuni.

1058 875 1138 902 τετε,
1156 866 1202 893 ὅτι
1221 866 1362 900 νεώτερος
1381 865 1439 901 ἐγώ
1451 867 1519 900 εἰμι.
1535 865 1661 891 Τοιοῦτόν
1681 864 1707 891 τί
1729 873 1776 900 μοι
1792 864 1846 891 νόει

1058 912 1105 939 καὶ
1121 913 1186 948 περὶ
1201 911 1248 938 τοῦ
1262 911 1342 938 Δαῦίδ
1352 920 1358 926 ·
1373 911 1499 946 Νήπιος,
1513 911 1605 946 φησὶν,
1618 911 1764 946 ἐγενόμην
1776 911 1847 937 κατὰ

1057 959 1101 986 τὸν
1124 958 1177 985 ἔσω
1203 967 1252 994 μου
1276 958 1427 994 ἄνθρωπον.
1454 957 1620 984 Ιιιεταόαλὼν
1644 957 1671 984 δὲ
1693 957 1725 984 ὲκ
1747 956 1846 992 νεαροῦ

1057 1005 1138 1040 ἦθους
1153 1004 1200 1031 καὶ
1224 1004 1374 1035 ἀϐεῦαίου,’
1388 1002 1448 1030 καθ’
1476 1003 1505 1030 ὃν
1528 1002 1694 1038 νεωτερίζων
1714 1002 1848 1036 νεώτερος

1058 1049 1141 1084 ἢμην,
1164 1049 1203 1080 είς
1222 1048 1311 1083 γῆρας
1333 1045 1424 1083 ἦλθον,
1445 1047 1502 1083 βίον
1523 1047 1688 1083 ἀκηλίδωτον
1709 1047 1779 1082 ἔχων
1799 1046 1849 1074 καὶ

1058 1094 1152 1121 πολιὰν
1168 1093 1308 1129 φρόνησιν.
1323 1093 1376 1119 Καὶ
1391 1092 1461 1120 οὕτω
1473 1093 1620 1128 προκόψας,
1636 1093 1691 1119 οὐκ
1701 1090 1785 1119 εἶδον
1800 1091 1848 1118 δι-

1057 1147 1143 1166 καιον
1152 1137 1464 1173 ἐγκαταλελειμμένον.
1483 1138 1544 1165 Ἐὰν
1555 1138 1718 1173 σωματικῶς
1730 1137 1847 1173 ἀκούῃς,

1057 1184 1152 1219 ψεῦδός
1168 1185 1235 1211 ἐστι.
1256 1184 1308 1211 Δύο
1323 1184 1352 1210 δέ
1367 1185 1435 1210 εἰσιν
1451 1183 1671 1218 ἐγκαταλείψεις·
1688 1185 1704 1219 ἡ
1725 1184 1775 1219 μὲν
1791 1192 1847 1210 σω-

1059 1231 1170 1266 ματικὴ,
1184 1231 1245 1266 ἥτις
1262 1231 1337 1257 οὐδὲν
1356 1231 1430 1267 ἡμᾶς
1454 1230 1581 1266 βλάπτει·
1601 1231 1618 1266 ἡ
1634 1230 1663 1257 δὲ
1679 1230 1728 1265 τῆς
1745 1228 1846 1265 ψυχῆς,

1057 1277 1117 1312 ἣτις
1140 1277 1259 1312 ὀλέθριός
1282 1279 1365 1304 ἐστιν.
1384 1278 1464 1304 Ὅσον
1484 1278 1532 1312 μὲν
1552 1275 1599 1304 οὖν
1623 1277 1790 1312 πλουτοῦμεν
1813 1278 1844 1303 ὲν

1057 1323 1147 1359 ἔργοις
1160 1323 1283 1355 δικαίοις,
1295 1323 1419 1351 τοσοῦτον
1433 1323 1532 1359 μᾶλλον
1545 1323 1714 1360 βοηθούμεθα
1726 1324 1795 1359 πρὸς
1811 1324 1843 1351 τὸ

1059 1369 1095 1404 μὴ
1128 1368 1370 1403 ὲγκαταλείπεσθαι
1404 1370 1487 1406 μέχρι
1516 1369 1619 1401 τέλους.
1652 1370 1698 1396 Διὸ
1727 1371 1779 1397 οὐκ
1801 1368 1845 1397 εἶ-

1057 1422 1118 1446 πεν,
1141 1414 1427 1450 ἐγκαταλειφθὲν-τα,
1452 1415 1509 1442 ἀλλ’
1524 1415 1846 1450 ἐγκαταλελειμμένον.

1063 1459 1149 1491 Ἐπεὶ,
1165 1460 1233 1496 πρὸς
1254 1460 1349 1496 καιρὸν
1367 1461 1413 1487 καὶ
1433 1461 1715 1496 ὲγκαταλιμπάνονται
1734 1462 1846 1495 δίκαιοι,

1020 1499 1041 1528 C
1058 1505 1096 1536 ὡς
1107 1505 1121 1531 ὀ
1144 1504 1212 1537 Ἰὼϐ,
1230 1505 1273 1532 ἵνα
1285 1506 1406 1541 ἀναφανῇ
1421 1506 1533 1538 δίκαιος.

1367 1551 1451 1578 ΨΑΛ.
1468 1552 1535 1579 MA’.

1059 1595 1132 1630 Στίχ.
1144 1599 1169 1622 ι’.
1179 1595 1252 1632 Ἐρῶ
1263 1596 1324 1632 Θεῷ
1333 1605 1339 1610 ·
1361 1595 1555 1630 Ἀντιλήπτοψ
1567 1605 1627 1630 μου
1639 1594 1668 1623 εἷ
1688 1597 1740 1624 Διὰ
1748 1597 1778 1624 τί
1784 1606 1847 1632 μου

1094 1630 1253 1668 ἐπελρᾂικ
1268 1631 1321 1668 Καὶ
1340 1631 1390 1668 ἵνα
1403 1632 1431 1668 τί
1443 1631 1658 1668 σκυθρωπάζων·
1670 1630 1847 1668 πορεύομαι,

1092 1667 1128 1693 ἐν
1139 1666 1179 1698 τῷ
1191 1666 1337 1693 ἐκθλίϐειν
1355 1666 1407 1693 τὸν
1419 1666 1545 1701 ἐχθρόν;

1059 1713 1131 1747 Στίχ.
1148 1716 1190 1738 ια’.
1212 1712 1262 1738 Ἐν
1275 1712 1314 1744 τῷ
1328 1712 1530 1739 καταθλᾶσθαι
1543 1712 1578 1739 τὰ
1591 1712 1666 1740 ὀστᾶ
1677 1721 1747 1747 μου,
1762 1713 1848 1740 ὠνεί-

1094 1747 1173 1778 διζόν
1186 1755 1224 1783 μεν
1235 1749 1261 1774 οι
1271 1748 1371 1781 ἐχθροί
1377 1781 1380 1783 Δ
1384 1756 1442 1781 μου
1456 1747 1491 1773 ἐν
1502 1747 1542 1783 τῷ
1558 1747 1658 1782 λέγειν
1669 1749 1781 1781 αὐτούς
1793 1757 1847 1783 μοι

1094 1783 1156 1810 καθ’
1172 1782 1306 1816 ἑκάστην
1325 1781 1454 1817 ἡμέραν·
1470 1782 1532 1809 Ποῦ
1548 1783 1633 1809 ἐστιν
1645 1785 1662 1809 ό
1677 1784 1745 1816 Θεός
1766 1781 1826 1810 σου
1836 1791 1848 1815 ;

1094 1828 1150 1863 Οὐχ
1163 1828 1268 1863 ὁρῶμεν
1281 1827 1309 1854 δὲ
1323 1828 1422 1860 πάντες
1441 1827 1499 1860 πῶς
1513 1827 1583 1854 ἐλεεῖ
1592 1829 1606 1855 ὁ
1618 1828 1693 1860 Θεύς.
1710 1830 1765 1856 Καὶ
1780 1830 1847 1856 πολ-

1058 1874 1135 1906 λάκις
1151 1874 1218 1909 πρὸς
1229 1873 1263 1900 τὰ
1277 1875 1337 1900 κατ’
1352 1873 1534 1909 ἐλεημοσύνην
1553 1874 1634 1901 αὖτοῦ
1651 1875 1790 1910 γινόμενα,
1805 1875 1846 1911 τῷ

1058 1921 1173 1948 ἐπίπονα
1196 1918 1273 1952 εἶναι,
1289 1920 1338 1956 οὺχ
1357 1920 1441 1956 ἡδέως
1462 1921 1577 1957 ἔχοντες,
1596 1922 1751 1950 οὐδὲ”ἐλεον
1774 1922 1845 1950 εἶναι

1057 1966 1213 2002 νομίζομεν.
1232 1967 1277 1994 Διὸ
1292 1967 1419 2002 λέγομεν·
1437 1967 1487 1994 Διὰ
1502 1967 1531 1994 τι
1545 1976 1604 2002 μου
1624 1968 1791 2001 ἐπελάθου;
1813 1970 1845 1997 '0

1057 2012 1084 2039 δὲ
1099 2013 1251 2048 διειληφὼς.
1266 2014 1305 2040 ὅτι
1327 2014 1381 2040 πᾶν
1401 2013 1415 2040 ὃ
1431 2014 1528 2048 ἐπάγει
1541 2015 1555 2040 ὁ
1569 2015 1635 2047 Θεὸς
1649 2016 1847 2052 συμφερόντως

1058 2059 1166 2093 ἐπάγει,
1177 2059 1253 2085 οὐδὲν
1267 2060 1325 2095 ὲρεῖ
1335 2059 1464 2092 τοιοῦτον,
1479 2057 1565 2093 εἰδὼς,
1579 2061 1620 2088 ὃτι
1633 2061 1681 2097 τὴν
1698 2062 1846 2097 μετάνοιαν

1057 2105 1150 2137 αὑτοῦ,
1170 2105 1216 2131 καὶ
1230 2105 1278 2141 τὴν
1295 2101 1428 2139 ὠφέλειαν
1452 2106 1712 2142 πραγματευόμενος
1726 2107 1741 2133 ὁ
1764 2108 1844 2140 Θεὸς,

1021 2166 1044 2194 D
1057 2150 1136 2177 τοῦτο
1149 2152 1229 2177 ποιεῖ.
1252 2150 1322 2177 Ἀλλ’
1345 2151 1413 2186 ὅπερ
1434 2151 1572 2187 ἐλέγομεν,
1593 2152 1606 2178 ὁ
1630 2153 1845 2186 μεταγινώσκων

1057 2196 1119 2227 tat,-
1131 2196 1291 2223 πυνθάνεται
1302 2197 1349 2223 τοῦ
1365 2196 1443 2229 Θεοῦ,
1456 2197 1499 2224 διὰ
1518 2197 1544 2224 τί
1561 2197 1641 2225 αὑτὸν
1655 2199 1846 2232 ἐγκαταλέλοι-

1058 2250 1107 2267 πεν
1121 2241 1204 2273 οὕτως
1217 2242 1407 2278 ὲκθλιϐόμενον
1426 2243 1473 2269 καὶ
1487 2243 1727 2278 σκυθρωπάζοντα.
1737 2245 1793 2279 (80)
1811 2244 1846 2272 Τί

1057 2287 1087 2314 τὸ
1103 2287 1187 2314 αἴτιον
1207 2288 1255 2323 τῆς
1268 2288 1394 2323 τοιαύτης
1408 2288 1642 2323 ὲγκαταλείψεως;
1660 2293 1690 2316 οὐ
1711 2290 1742 2316 τὸ
1762 2291 1845 2326 τυχὸν

1057 2332 1110 2367 γὰρ
1123 2332 1209 2359 ἔοικεν
1224 2331 1301 2361 εἶναι.
1324 2334 1353 2360 'U
1367 2334 1457 2369 μέντοι
1481 2334 1581 2368 λέγων’
1596 2334 1647 2361 Διὰ
1659 2335 1688 2361 τί
1703 2345 1762 2370 μου
1791 2336 1845 2363 ἑπ-

1057 2377 1183 2410 ελάθου;
1204 2378 1314 2415 θαρρεῖν
1329 2379 1426 2412 ἔοικεν,
1440 2380 1477 2412 ὡς
1495 2381 1577 2416 μηδὲν
1594 2380 1761 2416 πεποιηκὼς,
1778 2382 1811 2408 δι’
1825 2382 1845 2409 ἂ

1058 2423 1285 2451 ὲπιλανθέινεταιό
1298 2425 1372 2457 Θεός.
1388 2425 1462 2452 Πάνυ
1484 2426 1511 2452 δὲ
1528 2427 1606 2453 λυπεῖ
1619 2427 1663 2454 τὸν
1684 2427 1789 2454 δίκαιον
1800 2429 1843 2461 τὸ,

1058 2470 1136 2502 Ποῦ;
1159 2470 1206 2496 ἐπὶ
1226 2471 1293 2497 Θεοῦ
1316 2471 1478 2507 λεγόμενον,
1501 2472 1569 2508 ὅπερ
1593 2474 1651 2500 ἐστὶ
1675 2475 1845 2509 σημαντικὸν

1055 2515 1148 2542 τόπου.
1171 2516 1226 2552 Τῆς
1247 2517 1300 2552 γὰρ
1314 2517 1431 2553 ἐσχάτης
1443 2519 1534 2551 ἀνοίας
1547 2519 1576 2546 τὸ
1591 2520 1619 2546 ἐν
1631 2519 1706 2555 τόπῳ
1720 2520 1845 2555 νομίζειν

1056 2560 1122 2588 εἶναι
1130 2563 1174 2590 τὸν
1182 2563 1257 2591 Θεόν.
1267 2565 1360 2600 Ὀγκῳ
1369 2565 1422 2601 γὰρ
1438 2567 1630 2600 συνυφίσταται
1643 2567 1725 2599 τόπος
1735 2575 1742 2582 ·
1757 2567 1844 2601 ὄγκου

1055 2606 1083 2632 δὲ
1093 2606 1123 2632 τὸ
1132 2607 1208 2633 Θεῖον
1219 2608 1366 2645 ἐλεύθερον.
1381 2607 1460 2637 Οὗτοι
1472 2610 1500 2637 δὲ
1511 2611 1561 2646 τῆς
1572 2611 1654 2647 εὐχῆς
1669 2612 1693 2638 οἱ
1707 2612 1780 2647 λόγοι
1793 2612 1844 2638 καὶ

1054 2649 1094 2686 τῷ
1114 2653 1142 2678 ὲν
1164 2653 1301 2681 Βαϐυλῶνι
1318 2655 1375 2690 λαῷ
1398 2655 1570 2691 ἁρμόζουσιν.
1599 2658 1654 2684 Ἀεὶ
1675 2658 1739 2693 γὰρ,
1762 2658 1842 2692 φησὶ,
