1918 3069
69 150 114 179 ΙΞἿ

676 147 858 176 ΕΧΟΕΠΡΤᾹ
876 147 908 174 IN
930 146 1100 174 PSALMOS.

1650 148 1699 175 158

70 212 115 248 ῆς
129 211 177 248 σῆς
190 211 325 248 προνοίας
337 212 440 248 τυχὼν,
456 212 501 238 καὶ
515 210 562 237 νῦν
577 210 740 245 γυμνωθεὶς,
763 209 858 236 ἀποδύ-

914 214 1055 235 sermoncs
1070 206 1152 233 etiam
1164 205 1261 240 popqu
1278 211 1432 242 congruunt
1452 207 1588 243 Babylone
1601 209 1700 244 posito.

72 267 161 294 ρομαι,
176 257 214 292 μὴ
237 257 333 292 φέρων
352 258 416 288 τοὺς
439 256 582 291 πολεμίους
607 256 653 282 ἐπὶ
676 255 793 291 πληγαῖς
815 256 861 282 καὶ

71 301 176 339 δεσμοῖς
188 303 236 330 καὶ
248 303 305 329 τῶν
321 302 398 338 ὲμὶῦν
411 302 510 329 ὀστέων
524 304 557 338 τῇ
573 302 700 337 συντριϐῇ
712 302 841 336 λέγοντας
852 310 858 317 ·

73 350 133 378 Ποῦ
146 350 233 376 ἐστιν
249 351 265 376 ὁ
283 350 358 382 Θεός
372 357 445 380 σου;
459 348 502 375 διὰ
514 348 563 384 τὴν
575 348 715 375 ἀσθένειαν
727 348 812 375 ταῦτά
827 357 860 383 με

76 397 185 432 πάσχειν
208 395 460 432 ὑπολαμϐάνοντας.
480 395 659 431 Ἠθικώτερον
677 394 716 421 δέ·
733 395 816 422 Ὅταν
836 396 860 421 οἱ

74 444 163 479 ἐχθροὶ
190 444 272 479 ἡμῶν
295 443 422 478 δαίμονες
444 442 489 470 διὰ
512 443 563 478 τῆς
581 442 718 478 ἁμαρτίας
740 442 773 469 τὰ
795 443 862 469 ὀστᾶ

75 490 148 526 ἡμῶν
162 489 343 524 συντρίψωσι,
355 488 478 515 τουτέστι
493 487 542 520 τὰς
555 488 604 523 τῆς
614 488 704 523 ψυχῆς
715 487 844 523 δυνάμεις
852 496 858 502 “

76 535 129 561 τότε
143 534 191 560 τδν
203 534 272 560 Θεὸν
285 534 411 568 ὲπίτηδες
422 533 489 569 πρὸς
504 534 577 568 ἡμᾶς
589 533 626 565 ὼς
640 532 739 568 ἀσθενῆ
753 532 861 560 διαϐάλ-

73 586 172 613 λουσιν,
187 581 243 612 ἵνα,
262 582 314 616 τῆς
328 581 396 616 πρὸς
418 580 498 606 αὑτὸν
519 580 625 611 ἐλπίδος
647 570 860 614 ἀποστήσαντες,

74 627 262 663 ιίχμαλώτους
288 628 335 654 καὶ
356 626 464 658 δούλους
491 626 679 662 παραλάὗωσι.
706 626 761 652 Καὶ
782 625 861 652 τοῦτο

73 673 134 700 καθ’
150 673 288 707 ἑκάστην
304 672 427 708 ἡμέραν,
442 672 565 698 τουτέστι
584 671 724 707 διηνεκῶς,
744 671 859 701 ποιοῦσι.

73 719 103 746 τι
113 717 161 746 οὖν
171 719 226 755 χρὴ
239 720 343 751 ποιεῑν;
356 719 402 754 Μὴ
414 718 555 745 ἐκπίπτειν
568 719 607 749 είς
618 718 772 752 ἀπόγνωσιν
781 726 788 733 ·
803 717 860 747 ἀλλ’

73 764 190 796 ἐλπίζειν
205 765 254 791 ἐπὶ
275 765 304 791 τὸ
321 764 394 796 ἔλεος
407 765 452 791 τοῦ
473 763 552 797 Θεοῦ,
573 762 664 796 καθὼς
682 764 710 790 ὲν
723 764 779 795 τοῖς
797 763 861 799 ἑξῆς

72 810 262 845 διδασκόμεθα.

398 920 481 947 ΨᾹΛ.
501 919 542 947 N'.

106 980 179 1016 Στίχ.
196 980 230 1012 ζ’.
252 979 331 1007 Ἰδοὺ
347 979 401 1015 γὰρ
416 980 451 1007 ἐν
463 980 600 1015 ἁνομίαις
614 971 822 1015 σι’νελῆςρθην.

105 1072 162 1098 Οὐκ
179 1072 210 1098 ὲν
232 1072 266 1107 τῇ
289 1072 389 1108 γαστρὶ
405 1071 494 1107 μόνον,
517 1071 573 1098 ἀλλ’
595 1071 687 1107 ἐπειδὴ
709 1071 860 1107 παρέλαϐον

75 1128 106 1153 με
122 1119 157 1145 τὰ
180 1118 250 1154 ἔργα
273 1119 323 1154 τῆς
338 1119 461 1153 ἀνομίας,
478 1118 511 1145 τὰ
526 1118 572 1144 τοῦ
595 1119 686 1152 φόνου,
701 1119 747 1145 καὶ
764 1118 797 1144 τὰ
812 1119 860 1154 τῆς

73 1165 213 1200 ἀλλοτρίας
226 1164 321 1200 κοίτης
337 1164 370 1200 ἦν
386 1165 550 1200 παρανόμως
563 1165 690 1199 ἐσύλησα.

150 1233 225 1269 Στίχ.
240 1233 275 1268 η’.
299 1228 377 1260 Ἰδοὺ
393 1232 447 1268 γὰρ
459 1233 601 1266 ἀλήθειαν
615 1234 782 1268 ἠγάπησας.

109 1290 139 1315 ὐ
161 1290 225 1322 νοῦς
242 1287 334 1322 οὗτος·
354 1292 402 1323 Σὺ,
426 1292 506 1328 φησι,
520 1292 618 1334 Κύριε,
637 1293 737 1334 ἀληθὴς
753 1293 792 1320 ὢν
812 1293 866 1333 καὶ¹

71 1334 200 1370 ἀλήθειαν
221 1336 348 1370 ἀγαπῶν,
366 1337 524 1377 βουλόμενος
545 1332 619 1375 ἡμᾶς
633 1340 661 1365 ὲν
673 1332 786 1375 ἀληθείᾳ
801 1339 860 1367 διά-

71 1389 137 1414 γειν,
157 1381 355 1418 ἁποκαθαριεῖς
371 1384 443 1417 ἡμᾶς
459 1384 507 1418 τῆς
519 1383 634 1418 ἀρχαίας
650 1385 800 1420 ἁμαρτίας·
815 1386 861 1412 καὶ

71 1425 156 1458 οὔτως
179 1427 395 1463 ἀποκαθαρίσεις
407 1428 445 1460 ὡς
469 1429 540 1464 ὑπὲρ
562 1429 638 1464 χιόνα
662 1429 859 1466 λευκανθῇναι·

72 1474 89 1508 ἡ
114 1474 143 1500 δὲ
175 1473 365 1511 ἀποκάθαρσις
391 1472 456 1510 ἡμῖν
480 1475 512 1501 δι’
538 1475 663 1502 ὑσσώπου
700 1477 860 1511 γενήσεται·

73 1519 192 1555 ὑσσώπῳ
208 1520 237 1546 δὲ
259 1522 275 1556 ἡ
293 1521 340 1547 τοῦ
365 1521 443 1555 ἁγίου
463 1521 619 1556 Πνεύματος
644 1521 767 1556 ἐνέργεια
793 1522 860 1556 ἀφο-

74 1564 208 1599 μοιοῦται,
226 1565 409 1600 ϐερμαίνουσα
422 1560 576 1592 καῖ’πάντα
596 1565 641 1592 τὸν
657 1567 685 1593 ὲν
699 1567 764 1601 ἡμῖν
777 1566 861 1602 ῥύπον

913 253 1025 287 Semper
1037 251 1120 283 enim,
1136 251 1234 286 inquit,
1258 255 1301 278 tua
1319 251 1487 285 providentia
1508 252 1616 284 fruitus,
1630 260 1700 279 nunc

912 306 976 325 vero
990 298 1123 333 privatus,
1140 303 1300 330 conqueror,
1317 304 1347 324 ac
1368 297 1477 324 vixdum
1507 297 1628 325 sustinto
1651 299 1701 324 ad.

912 345 1048 372 versarios
1075 343 1100 370 in
1115 342 1201 378 plagis
1223 347 1251 369 et
1270 339 1386 369 vinculis
1404 346 1431 370 et
1447 343 1636 370 contractione
1657 351 1701 370 os-

911 390 981 418 sium
1010 396 1131 418 meorum
1149 388 1270 422 dicentes
1287 396 1294 414 :
1313 386 1363 415 Ubi
1383 392 1421 414 est
1444 389 1514 415 Deus
1539 389 1626 417 mus?
1639 395 1701 423 prn-

912 442 970 471 pter
989 435 1200 463 imbecillitatem
1218 434 1277 468 haec
1296 440 1338 461 me
1361 434 1416 468 pati
1439 434 1638 462 existimantes.
1656 434 1701 462 Vel

912 480 998 515 magis
1015 479 1156 509 moraliter
1173 479 1308 512 :Quando
1322 479 1460 506 daemones
1482 480 1584 507 initnici
1601 480 1699 514 nostri,

911 529 1021 561 propter
1047 529 1157 559 peccata
1182 531 1243 552 ossa
1269 528 1361 551 nostra
1390 523 1583 559 confringunt,
1607 526 1633 552 id
1659 530 1701 553 est

911 572 1008 599 anima:
1034 571 1199 604 facultates;
1215 576 1278 599 tunc
1297 571 1380 598 Deum
1401 570 1492 598 dedita
1510 579 1591 606 opera
1617 579 1700 606 penes

911 625 962 646 nos
989 622 1116 652 tauquam
1134 617 1293 645 imbecillum
1315 617 1471 648 traducunt,
1505 623 1535 644 ut
1564 625 1578 644 a
1597 624 1643 652 spe
1673 619 1699 647 in

911 664 985 695 illum
999 663 1166 696 deﬁcientes,
1185 664 1317 698 mancipia
1335 671 1385 691 nos
1400 669 1427 692 et
1451 671 1546 692 servos
1570 665 1699 698 habeant,

911 711 945 739 Et
974 711 999 738 id
1023 710 1150 746 quotidie,
1165 710 1191 738 id
1210 715 1252 738 est
1270 709 1380 745 iugiter.
1396 710 1596 743 faciunt..Quid
1616 711 1699 746 igitur

911 757 1045 792 agendum
1058 756 1070 783 Ἰ
1086 756 1126 784 Ne
1141 756 1168 787 in
1186 756 1404 790 desperationem
1416 756 1539 784 labantur
1555 765 1568 785 τ,
1579 757 1627 786 sed
1642 764 1699 792 spe.

911 810 1002 830 remus
1011 802 1043 833 in
1059 801 1275 830 misericordiam
1293 802 1350 834 Dei,
1365 802 1434 830 sicut
1444 807 1472 829 et
1482 802 1508 829 in
1523 802 1697 837 sequentibus

911 850 1052 878 docentur.

1226 912 1323 952 asin.
1343 924 1372 952 L.

912 983 942 1011 V.
960 982 983 1010 7.
1003 972 1071 1010 Ecce
1080 983 1149 1010 enim
1161 982 1187 1009 in
1200 968 1383 1017 iniquitatibus
1392 967 1693 1017 conceptussum.(Mut,

959 1017 1125 1056 Bibliotheca
1141 1025 1205 1044 nova
1223 1015 1347 1050 Palmm,
1363 1018 1416 1051 νη,
1433 1017 1460 1049 6,
1480 1015 1555 1051 prtuf.
1570 1024 1595 1051 p.
1621 1017 1660 1050 6.)

946 1073 1006 1111 Non
1019 1074 1045 1101 in
1062 1079 1140 1101 utero
1153 1078 1255 1100 tantum
1269 1094 1276 1106 ,
1293 1073 1342 1101 sed
1367 1081 1428 1101 eum
1454 1071 1695 1108 apprehendissent

911 1127 965 1158 me“
981 1126 1064 1157 opera
1075 1118 1232 1154 iniquitatis
1244 1137 1251 1149 ,
1268 1122 1419 1155 tenuerunt
1439 1125 1482 1146 me
1503 1118 1642 1145 homicidii
1667 1122 1694 1146 et

911 1166 989 1192 alieni
1006 1164 1124 1191 facinora
1145 1165 1255 1192 thalami
1271 1171 1351 1199 quem
1369 1164 1468 1198 injuste
1479 1163 1586 1191 violavi.

1037 1233 1067 1259 V.
1081 1232 1106 1259 8.
1126 1232 1190 1259 Erce
1205 1233 1274 1259 enim
1289 1233 1422 1259 veritatem
1436 1231 1563 1259 dilexisti.

948 1288 1050 1316 Sensus
1064 1294 1105 1316 est
1122 1288 1166 1315 hic
1183 1297 1189 1315 :
1205 1288 1256 1321 Tu,
1273 1289 1371 1323 inquit,
1389 1288 1520 1320 Domine,
1538 1295 1696 1319 cumverus

913 1335 961 1368 sis,
978 1334 1157 1368 veritatisque
1177 1329 1293 1366 amator,
1308 1334 1401 1361 volens
1417 1343 1466 1361 nos
1481 1335 1507 1361 in
1522 1334 1636 1361 veritate
1650 1334 1693 1361 vi--

911 1389 985 1414 vere,
1001 1381 1151 1415 puriﬁcasti
1166 1389 1215 1408 nos
1228 1382 1262 1408 ab
1274 1379 1398 1416 originali
1413 1388 1536 1416 peccato,
1551 1386 1579 1408 et
1594 1382 1633 1409 sic
1646 1388 1697 1416 pu-

911 1426 1030 1465 riﬁcubis
1046 1427 1083 1453 ita
1096 1431 1126 1453 ut
1139 1434 1219 1461 super
1242 1427 1330 1454 nivem
1347 1425 1522 1465 dealbentur;
1541 1426 1695 1465 puriﬁcatio

912 1463 1005 1500 autem
1030 1478 1124 1500 nostra
1147 1470 1194 1508 per
1210 1472 1363 1508 hyssopum,
1377 1463 1440 1505 ﬁet;
1466 1463 1584 1508 hyssopo
1604 1477 1693 1499 autem

912 1519 999 1546 sancti
1024 1518 1142 1553 Spiritus
1165 1519 1252 1555 virtus
1273 1518 1647 1553 comparatumcalefaciens,
1668 1523 1695 1557 et

912 1571 1019 1592 omnem
1046 1565 1073 1591 in
1100 1565 1178 1591 nobis
1199 1564 1397 1592 immunditiam
1421 1565 1579 1598 abstergens
1600 1572 1609 1591 :
1631 1571 1694 1592 ecce

73 1610 287 1645 ἀποσμήχουσαε
312 1610 366 1636 ἰδοὺ
385 1610 440 1646 γὰρ
459 1610 662 1646 ἀποταξαμένου
681 1619 731 1646 μου
751 1611 790 1646 τῷ
812 1612 858 1638 Σα-

914 1610 987 1637 enim
1014 1610 1176 1638 renuntiavi,
1193 1610 1310 1638 Satanae}
1334 1625 1369 1631 —-
1392 1609 1526 1637 Dilen‘sti.
1555 1610 1694 1646 Sapientia

72 1656 146 1690 τανᾷ.
162 1670 199 1675 —
214 1655 395 1689 Ἠγάπησας.
425 1656 508 1690 Σοφία
535 1657 585 1692 μὲν
607 1656 653 1682 τοῦ
681 1657 786 1691 Ila-cpe;
811 1657 860 1693 δη-

72 1701 156 1728 λονάτι
179 1702 194 1727 ὁ
210 1702 312 1736 Λόγος·
331 1701 415 1736 ἄδηλα
431 1701 459 1727 δὲ
475 1701 522 1728 καὶ
541 1702 642 1736 κρύφια
665 1701 712 1727 τοῦ
729 1701 825 1736 Λόγου,
846 1702 860 1729 ὁ

72 1747 118 1782 τῆς
135 1746 370 1782 ὲνανθρωπήσεως
397 1747 497 1781 Λόγος·
515 1747 563 1773 καὶ
584 1747 630 1773 ἐπὶ
649 1747 752 1779 τούτοις
779 1748 860 1774 πᾶσιν

72 1791 210 1828 ἀμελήσας
230 1792 369 1827 ὠλίσθησα
384 1792 431 1819 καὶ
452 1783 609 1819 κατέπεσον.
629 1791 707 1818 Οὕτω
724 1791 762 1824 δὲ,
782 1792 858 1827 φησὶ,

71 1839 189 1873 κρινεῖς·
204 1837 252 1864 καὶ
274 1838 338 1870 τοὺς
357 1838 405 1873 μὲν
428 1838 561 1870 κολάσεις,
585 1838 648 1869 τοὺς
669 1837 698 1864 δὲ
723 1837 860 1872 στεφανώ-

72 1891 142 1915 σεις,
164 1883 260 1918 ἐπειδὴ
282 1883 331 1919 τὴν
354 1883 481 1919 ἀλήθειαν
506 1883 644 1919 στέργεις’
667 1884 715 1920 τὴν
745 1883 773 1909 δὲ
794 1883 860 1919 ἀλή-

72 1927 143 1954 θειαν
172 1928 306 1964 στέργων,
326 1929 374 1955 καὶ
396 1929 446 1964 τῆς
468 1929 575 1963 φύσεως
602 1929 680 1960 εἰδὼς
700 1929 749 1966 τὴν
777 1928 858 1966 ἀσθέ-

72 1983 151 2005 νειαν,
168 1973 283 2008 μετάδος
298 1974 354 2009 (81)
373 1973 535 2010 συγγνώμην
553 1975 608 2006 τοῖς
617 1974 720 2001 αἰτοῦσι
737 1974 770 2001 τὰ
790 1974 858 2010 φάρ-

71 2018 159 2054 μακαέ
175 2021 217 2046 ὅτι
239 2020 401 2054 σοφιστικῶς
417 2020 473 2054 ἕξει
491 2021 713 2056 γεγυμνασμένος
731 2020 777 2046 ἐπὶ
795 2019 858 2047 θεω-

71 2066 114 2101 ρίᾳ
129 2066 181 2101 τῆς
202 2065 334 2100 ἀληθείας
346 2074 352 2081 ·
372 2066 402 2092 τὺ
418 2066 529 2101 μέγεθος
542 2067 625 2102 αὐτῆς
638 2065 729 2100 γνοὺς,
748 2066 858 2101 ἀγάπην

70 2107 143 2147 πρὸς
157 2111 258 2147 ἑαυτὴν
270 2108 338 2147 ’ἔσχε
360 2112 479 2139 τελείαν·
495 2113 518 2138 οἱ
541 2111 577 2147 μὴ
592 2113 645 2148 γὰρ
663 2113 719 2144 τοῖς
733 2112 857 2147 ψεύδεσιν

71 2158 323 2194 ὲγγυμνασάμενοι,
345 2158 563 2194 διορατικώτεροι
586 2158 761 2193 γεγενημένοι
778 2158 862 2196 καθο-¹

69 2202 132 2236 ρῶσι
149 2203 201 2238 τῆς
222 2202 352 2238 ἀληοείας
373 2203 403 2228 τὸ
417 2203 579 2237 ἀξιάγαστον
596 2203 706 2234 κάλλος
726 2201 856 2243 οίόςγέστι

66 2246 186 2284 Μωῦσῆς
206 2247 256 2276 καὶ
276 2247 388 2283 Δανιήλ·
412 2250 480 2283 μετὰ
503 2248 558 2284 γὰρ
581 2248 611 2275 τὸ
632 2248 794 2284 πειραθῆναι
813 2257 855 2275 σο-

66 2294 198 2328 φιστικῶν
216 2293 315 2329 λόγων,
335 2295 378 2320 ἐπ’
397 2294 481 2330 αὐτὴν
500 2294 549 2330 τὴν
571 2293 656 2330 ἀληθῆ
674 2294 770 2328 σοφίαν
789 2295 855 2321 ἀνα-
871 2286 892 2313 Ῑ)

66 2339 175 2372 ϐάντες,
197 2340 252 2366 ὑπὸ
271 2336 318 2366 τοῦ
345 2340 411 2366 Θεοῦ
436 2340 586 2376 μαρτυρίαν
613 2340 701 2375 ἔσχον,
721 2340 758 2372 ὡς
779 2340 855 2371 ὅντες

65 2386 158 2412 τέλειοι
179 2386 274 2420 σοφοί⁶
290 2382 458 2422 δηλώσαντος
470 2387 560 2418 αὐτοῖς
572 2386 618 2413 τοῦ
638 2386 705 2413 Θεοῦ
724 2386 757 2412 τὰ
771 2386 855 2422 ἄδηλα

66 2433 108 2459 καὶ
132 2432 240 2468 κρύφια
261 2432 312 2467 τῆς
340 2433 435 2466 σοφίας
459 2431 559 2464 αὑτοῦ,
587 2432 624 2464 ὡς
649 2429 732 2468 μηδὲν
764 2432 855 2464 αὐτοῖς

65 2477 164 2511 ἀσαφὲς
190 2476 208 2512 ἦ
234 2477 455 2512 ἀπεσκιασμένον
478 2476 562 2504 εἶναι’
584 2478 685 2514 ταύτης
702 2467 757 2512 τῆς,
772 2477 854 2511 ἕξεως

65 2522 109 2548 καὶ
121 2523 136 2548 ὁ
149 2522 233 2549 Δαυῖδ
248 2523 408 2557 τυγχάνειν.
423 2544 428 2550 .
443 2543 450 2549 .
464 2523 509 2549 διὰ
526 2523 572 2549 τοῦ
588 2523 768 2559 προκειμένου
785 2523 856 2549 στοί-

66 2575 122 2600 χου·
140 2568 178 2594 Οὐ
194 2567 250 2602 γὰρ
271 2568 351 2604 μόνον
367 2577 401 2603 με
419 2569 475 2600 τοῖς
490 2568 625 2603 βιωτικοῖς
645 2568 784 2604 ἐνίδρυσας
800 2567 854 2594 θὼ-

68 2621 135 2645 κοις,
157 2612 227 2640 ἀλλὰ
251 2614 298 2640 καὶ
319 2615 490 2649 προφητικῆς
511 2614 629 2649 ἠξίωσας
656 2615 783 2650 χάριτος,
808 2613 855 2640 καὶ

68 2658 98 2685 τὰ
112 2660 209 2695 μικρὸν
224 2660 343 2695 ἐσόμενα
353 2660 579 2696 *προδεδήλωκαῇ
591 2660 638 2687 καὶ
649 2660 683 2687 τὰ
693 2662 749 2692 τοῖς
765 2659 856 2697 ἄλλοις

911 1656 1019 1690 quidem
1035 1655 1126 1683 Patris
1137 1655 1224 1683 Filius
1239 1661 1283 1694 est
1300 1665 1306 1683 :
1323 1657 1427 1683 incerta
1441 1660 1468 1683 et.
1483 1656 1587 1683 occulta
1601 1655 1692 1687 Verbi,

913 1702 1028 1742 Verbum
1057 1703 1245 1743 incarnatum;
1266 1708 1292 1730 et
1308 1703 1365 1730 haec
1383 1703 1474 1729 omnia
1494 1698 1651 1738 negligens,
1667 1703 1692 1730 in

910 1749 1016 1776 lubrico
1043 1749 1135 1786 lapsus
1149 1756 1210 1776 sum
1234 1753 1261 1776 et
1286 1747 1384 1776 cecidi.
1409 1747 1577 1783 Sic_autem,
1593 1748 1692 1782 inquit,

906 1786 1033 1830 iudicas:
1047 1795 1116 1822 alios
1127 1795 1257 1830 castigas,
1278 1791 1345 1830 alios
1359 1802 1484 1827 coronas,
1501 1793 1629 1828 quoniam
1645 1801 1692 1820 vc-

911 1841 1018 1868 ritatem
1040 1841 1129 1876 diligis
1143 1849 1151 1868 :
1168 1848 1230 1868 eum
1247 1845 1336 1867 autem
1353 1840 1496 1867 veritatem
1511 1847 1597 1871 amas,
1612 1844 1690 1865 natu-

911 1895 947 1913 rae
960 1886 1150 1913 inﬁrmitatem
1168 1886 1263 1913 videns
1275 1905 1283 1921 ,
1296 1885 1403 1912 veniam
1429 1883 1526 1911 tribuis
1539 1884 1692 1918 petentibus

909 1932 1029 1959 remedia
1048 1943 1052 1960 :
1071 1932 1134 1967 quia
1152 1931 1273 1969 sophista
1291 1935 1413 1958 versatus
1425 1930 1469 1957 ﬁet
1481 1930 1506 1957 in
1525 1930 1628 1957 theoria
1643 1936 1692 1958 ve-

908 1980 1008 2013 ritatis,
1026 1978 1218 2006 sublimitatem
1234 1978 1292 2012 ejus
1307 1985 1368 2004 cum
1390 1976 1557 2012 cognoverit,
1570 1982 1690 2001 antorem

907 2032 957 2059 pro
980 2033 1010 2052 ea
1029 2023 1137 2052 habebit
1159 2024 1308 2058 perlectum
1327 2031 1333 2050 :
1352 2023 1396 2057 qui
1419 2030 1473 2049 non
1499 2021 1525 2048 in
1543 2020 1691 2050 mendaciis

908 2070 1006 2097 versati
1024 2070 1133 2101 fuerint,
1152 2068 1366 2103 perspicaciores
1387 2067 1461 2099 facti,
1478 2065 1692 2100 contemplantes

908 2116 1032 2144 veritatis
1048 2115 1235 2143 admirabilem
1247 2111 1490 2151 pulchritudinem,
1511 2111 1604 2151 quales
1614 2110 1703 2142 fuere.

908 2163 1012 2197 Moyses
1031 2167 1058 2190 et
1074 2162 1167 2199 Daniel
1181 2170 1188 2194 ;
1211 2167 1353 2196 postquam
1368 2160 1441 2187 enim
1467 2157 1632 2185 tentaverint
1646 2164 1690 2184 so-

906 2196 1020 2241 phistica
1036 2196 1131 2240 verba,
1153 2213 1238 2241 usque
1259 2206 1292 2232 ad
1308 2212 1400 2231 veram
1420 2203 1580 2237 sapientiam
1596 2196 1705 2228 ascen?

907 2252 1024 2286 dentes,
1045 2259 1060 2277 a
1077 2251 1130 2278 Deo
1150 2250 1336 2278 testimonium
1350 2253 1512 2283 acceperunt
1529 2247 1599 2282 quod
1614 2249 1691 2274 erant

907 2295 1045 2332 sapientes
1069 2295 1181 2330 perfecti
1197 2296 1288 2323 :Deus
1305 2295 1358 2322 illis
1382 2294 1566 2321 manifestavit
1588 2293 1691 2320 incerta

906 2347 933 2370 et
948 2342 1054 2369 occulta
1067 2342 1209 2377 sapientia:
1223 2341 1319 2377 ipsius,
1329 2346 1358 2368 ut
1374 2340 1440 2367 nihil
1455 2340 1520 2374 ipsis
1532 2340 1689 2368 obscurum.

908 2386 1093 2415 nec'tenebris
1107 2392 1229 2422 opertum
1244 2391 1364 2413 maneret
1379 2395 1386 2413 :
1401 2386 1485 2413 David
1502 2385 1606 2412 invenit
1619 2384 1690 2411 hanc

908 2433 1035 2460 eximiam
1051 2424 1240 2460 facultatem...
1261 2433 1286 2459 in
1301 2433 1347 2459 vili
1363 2432 1521 2459 conditione
1537 2440 1544 2458 :
1559 2430 1617 2457 Non
1631 2434 1690 2456 tan‘

909 2483 965 2505 tum
983 2478 1009 2506 in
1024 2478 1120 2505 throno
1135 2478 1226 2505 szeculi
1243 2486 1286 2505 me
1300 2477 1449 2509 collocasti,
1464 2477 1512 2504 sed
1526 2476 1607 2503 etiam
1624 2482 1687 2510 pro-

904 2524 1013 2558 phetico
1029 2531 1139 2550 tnunere
1151 2524 1292 2551 honorasli
1310 2531 1364 2556 me,
1376 2527 1404 2550 et
1421 2530 1480 2557 quae
1494 2529 1556 2549 mox
1574 2524 1688 2547 ventura

905 2573 969 2595 sunt
981 2567 1171 2601 manifestasti,
1189 2573 1217 2595 et
1234 2575 1293 2602 qua:
1308 2567 1368 2595 aliis
1386 2568 1489 2603 ignota,
1504 2566 1638 2594 evidentia
1651 2565 1689 2591 l'e-

906 2614 978 2647 cisti,
997 2613 1103 2641 scilicet
1115 2613 1256 2651 VUnigeniti
1273 2615 1311 2641 tui
1334 2614 1551 2641 Incarnationem
1563 2632 1570 2644 ,
1585 2617 1611 2638 et
1627 2611 1689 2638 inde

909 2666 1045 2687 terrarum
1058 2661 1132 2688 orbis
1148 2660 1336 2688 salvationem.

70 2705 204 2742 ἀπόρρητα
227 2706 289 2741 ἐμοὶ
305 2706 373 2741 δῆλα
389 2706 547 2742 πεποίηκας,
566 2707 615 2742 τήν
640 2715 668 2733 τε
695 2705 742 2732 τοῦ
756 2704 923 2739 Μονογενοῦς
943 2715 989 2733 σου
1017 2706 1231 2750 ἐνανθρώπησιν,
1251 2707 1298 2734 καὶ
1323 2706 1372 2742 τῆς
1400 2706 1561 2742 οἰκουμένης
1585 2703 1692 2733 ἐκεῖθεν

70 2753 112 2787 Th»
126 2753 274 2790 σωτηρίαν.

102 2846 155 2882 (81)
167 2846 249 2875 Forte
270 2847 433 2883 μεταδίδως,

197 2903 340 2933 Parnm“
357 2901 420 2934 Gn.
437 2900 535 2932 XVII.
