1918 3069
213 126 264 157 139
654 129 729 157 SUPI

484 176 581 203 PSAL.
602 176 729 204 LXXVII.

283 222 313 250 Υ.
330 222 374 249 '50.
390 222 480 248 Adhuc
500 222 638 250 exsislente
655 231 714 250 esca
730 223 758 250 in
772 232 818 251 ore
830 233 930 252 eorum.

210 299 244 329 ν.
255 300 300 328 5|.
318 299 369 339 _Ira
384 299 432 326 Dei
445 299 562 339 ascendit
577 299 605 326 in
625 301 695 339 ἱιίοι,
711 306 735 339 et
746 303 848 339 occidit
868 303 894 330 in
907 303 994 339 pluri-

314 336 360 361 bus
371 342 481 366 eorum;
498 341 522 361 et
534 334 627 362 electos
643 334 728 364 Israel
742 337 886 372 impedivit.

244 408 370 436 Videntes
381 413 591 445 ortygometram
613 409 730 445 Hebraei,
752 420 805 441 non
818 415 991 445 crediderunt

208 454 444 487 pollicitationibus
456 454 565 489 divinis,
588 462 649 482 cum
665 458 839 491 promisisset
864 461 934 489 Deus
947 462 990 490 fo-

207 507 247 531 re,
260 504 290 526 ut
307 506 392 533 usque
404 499 432 525 in
448 506 568 526 mensem
588 502 702 530 nutriret
713 509 760 531 eos
771 505 804 532 ad
821 507 990 535 satietatem.

206 545 259 572 Sed
278 545 365 576 veriti,
386 552 419 572 ne
433 544 555 572 avolaret
569 546 612 573 vel
631 547 758 577 deﬁceret
774 550 884 585 iterum,
902 552 991 587 Refri-

203 595 372 626 geraverunt,
390 591 439 622 ait,
465 591 515 618 sibi
529 592 745 628 refrigeratione:
756 597 786 622 in
810 605 873 632 gyro
888 604 990 626 castro-

203 646 274 666 rum.
292 637 326 664 Et
342 645 435 665 carnes
446 638 532 666 adhuc
552 644 626 666 erant
639 641 667 667 in
684 641 804 670 dentibus
818 652 919 678 eorum,
940 654 989 673 an-

203 689 306 718 tequam
317 684 454 717 deﬁcerent
467 692 476 710 :
492 689 515 710 et
527 684 654 713 Dominus
668 687 751 714 iratus
761 693 799 715 est
815 689 843 717 in
852 690 987 724 populum.

202 731 238 758 Et
259 733 387 765 percussit
409 732 538 761 Dominus
556 734 681 768 populum
699 735 866 768 percussione
889 746 987 772 magna

201 779 276 806 ualde
289 778 322 806 ".
339 779 403 806 Haec
417 780 550 813 percussio
566 788 672 815 magna,
695 788 770 809 mors
787 782 838 809 fuit
855 782 987 817 plurimo-

201 832 273 858 rum,
285 825 363 860 juxta
383 825 453 860 quod
480 826 524 853 hic
540 826 664 854 dicitur:
682 827 786 854 Occidit
807 828 834 854 in
853 829 983 864 pluribus,

654 129 933 159 SUPPLEMENTUM
952 131 996 159 AD
1013 131 1174 161 ORIGENIS
1190 133 1394 164 EXEGETICA.

1009 190 1032 217 Α
1357 184 1439 211 ΨΔΛ.
1469 186 1524 212 οΖν.

1781 141 1835 171 HO

1047 227 1118 262 Στὶχ.
1131 228 1163 255 λ’.
1178 229 1239 255 Ἔτι
1255 228 1309 263 τῆς
1324 230 1466 275 ,βρώσεως
1481 232 1577 266 οὔσης
1595 232 1629 259 ἐν
1644 233 1684 266 τῷ
1703 235 1834 270 στόματι

1383 274 1422 292 av
1425 274 1482 292 των
1485 286 1492 292 .

1046 309 1118 348 Σιίχ.
1130 309 1185 348 λα’.
1208 309 1301 348 Ὀργὴ
1317 311 1374 348 top:
1381 346 1383 348 μ
1395 311 1468 338 Θεοῦ
1485 312 1575 347 ἀνέϐη
1585 313 1631 340 ἐπ’
1642 314 1764 348 αὐτοὺς,
1780 315 1840 343 καί.

1079 343 1388 384 (ingustata/3‘18?)
1405 348 1545 384 πλείοσιν
1560 343 1660 384 αὐτῶν
1670 358 1676 366 ·
1691 343 1749 377 καί
1758 343 1834 384 τοὺς

1077 379 1240 413 ἐκλεκτοὺς
1251 380 1303 409 τοῦ
1321 379 1668 416 Ἰσραὴλσυνεπόδισεπ

1085 423 1193 456 Ἰδόντες
1206 425 1254 460 τὴν
1268 426 1475 462 ὀρτυγομήτραν
1495 426 1622 462 Ἑϐραῖοι,
1636 428 1686 455 οὐκ
1703 428 1830 455 ἐπίστευ-

1043 477 1091 495 σαν
1103 470 1136 505 τῇ
1147 470 1194 497 τοῦ
1205 470 1272 497 Θεοῦ
1286 471 1444 508 ἐπαγγελίᾳ,
1456 472 1640 508 ὑποσχομένου
1652 473 1731 509 μέχρι
1744 473 1833 510 μηνὸς

1040 514 1182 552 διαθρέψαι
1197 515 1295 547 αὐτοὺς
1307 517 1346 548 είς
1360 516 1527 552 πλησμονήν.
1550 517 1638 549 Ἀλλά,
1661 517 1832 554 φοϐηθέντες

1042 561 1145 596 μήποτε
1161 562 1269 597 ἁποπτῇ
1291 561 1308 598 ἢ
1329 562 1453 598 ἀναλωθῇ
1470 563 1562 595 πάλιν,
1579 564 1726 598 Ἕψιυξαν,
1749 564 1830 599 φησι,

1039 606 1156 640 ἐαυτο”ς
1168 608 1307 642 ψυτμοὺς
1323 609 1425 642 κύκλῳ
1439 608 1494 643 τῆς
1505 609 1703 644 παρεμϐολῆς.
1716 610 1773 637 Καὶ
1791 610 1832 637 τὰ

1039 653 1111 688 κρέα
1121 653 1164 680 ἔτι
1175 652 1214 689 ἦν
1230 654 1266 680 ἑν
1276 654 1339 688 τοῖς
1356 654 1480 682 ὀδοῦσιν
1494 655 1601 688 αὐτῶν,
1620 656 1692 690 πρὶν
1707 656 1726 691 ἣ
1747 656 1831 683 tuo

1038 699 1120 726 πεῖν·
1136 700 1186 727 καὶ
1198 699 1306 735 Κύριος
1318 700 1451 735 ἐθυμώθη
1465 702 1509 734 εὶς
1522 701 1576 728 τὸν
1582 702 1668 729 λαόν.
1685 702 1742 729 Καὶ
1750 702 1830 729 ἐπά-

1039 744 1111 778 ταξε
1138 745 1246 780 Κύριος
1268 746 1323 772 τὸν
1341 746 1419 773 λαὸν
1439 746 1542 782 πληγῇ
1560 747 1676 783 μεγάλῃ
1696 748 1827 782 σφόδρα.

1036 790 1141 826 Hahn-i1
1171 790 1201 818 δὲ
1227 791 1354 826 μεγάλη,
1371 793 1385 819 ὁ
1406 793 1510 820 πολλῶν
1537 793 1666 826 θάνατος,
1697 794 1768 821 κατὰ
1795 793 1829 821 τὸ

1035 838 1178 874 εἰρημένον
1220 839 1352 866 ἐνταῦθα·
1387 840 1428 866 ὅτι
1470 840 1657 868 ’Δπέχτεινεν
1689 841 1724 868 ἐν
1761 842 1829 875 τοῖς

201 869 228 897 id
255 875 296 898 est
318 870 427 898 mullos.
451 870 504 898 Sed
521 879 537 899 ο
566 871 805 907 ingratitudineml
831 875 983 910 Antequam

1034 869 1164 913 πλείοσι.
1190 884 1313 911 τουτέστι
1335 884 1457 916 πολλούς.
1490 885 1560 912 Ἀλλ’
1580 885 1603 912 ὣ
1629 886 1677 922 τῆς
1698 869 1827 922 ἀγνωμοί

199 921 427 944 consumerentur
447 924 545 945 carnes
568 925 628 953 qua:
645 923 723 946 erant
747 919 774 947 in
795 920 920 949 dentibus
935 929 982 949 eo-

199 969 270 995 rum,
293 962 425 990 increduli
453 963 574 998 fuerunt,
598 965 674 993 obliti
698 967 824 1000 potentiae
842 967 898 997 Dei.
917 967 983 996 Pro-

196 1013 290 1043 pterea
306 1009 441 1037 desiderio
455 1010 563 1045 quidem
580 1018 630 1039 suo
653 1012 743 1039 satiati
758 1017 821 1040 sunt
840 1013 873 1041 ad
887 1020 981 1042 osten-

197 1055 300 1082 sionem
312 1055 490 1090 providentiae
502 1057 600 1085 divina:
613 1065 676 1092 erga
693 1059 754 1086 illos
766 1067 772 1085 :
789 1060 877 1087 evasit
893 1065 980 1089 tamen

196 1101 261 1134 illis,
271 1106 382 1136 propter
396 1102 581 1130 inﬁdelitatem
596 1109 624 1131 et
638 1105 794 1139 ingluviem,
812 1106 839 1133 in
857 1109 979 1135 marbum

196 1147 326 1180 cholerae,
346 1155 399 1183 qua
416 1147 493 1175 multi
510 1147 681 1177 interierunt.
696 1150 814 1183 Quorum
827 1152 979 1188 exemplum

195 1199 251 1221 tam
266 1194 318 1221 illis
336 1194 412 1229 ipsis,
424 1201 504 1229 quam
519 1195 563 1228 iis,
579 1195 626 1229 qui
641 1195 676 1223 ad
691 1203 739 1223 eos
752 1197 910 1231 respiciunt,
922 1198 981 1226 suf-

195 1240 290 1268 ﬁciens
303 1240 335 1267 ad
353 1240 450 1268 bonam
467 1241 569 1276 frugem
587 1241 646 1270 fuit.

230 1285 307 1317 Illud,
322 1285 349 1312 in
360 1285 460 1317 multis,
474 1285 569 1320 Aquila
584 1291 611 1313 et
625 1286 806 1321 Symmachus
823 1290 975 1324 ediderunt,

193 1332 222 1357 in
237 1331 375 1366 pinguibus
386 1336 410 1358 et
423 1331 584 1359 obesioribns
596 1332 636 1366 ἰς
655 1333 768 1362 ditiores
780 1335 868 1370 populi
883 1342 910 1364 et
927 1337 978 1364 for-

193 1377 277 1404 tiores
293 1376 333 1404 sic
346 1376 520 1413 appellantes.
539 1377 697 1406 Verosimile
710 1380 784 1406 enim
797 1385 839 1407 est
852 1389 900 1409 eos
913 1390 977 1417 pro-

191 1427 285 1457 pterea
302 1422 483 1451 insatiabilius
498 1423 659 1451 comedisse.
684 1423 738 1452 Sed
753 1426 900 1453 secundum
910 1426 977 1453 LXX

191 1467 220 1493 in
235 1467 353 1499 pluribus
366 1468 472 1500 occidit,
500 1468 526 1495 id
540 1473 582 1496 est
606 1469 717 1502 multos,
737 1477 805 1504 quos
826 1470 908 1503 etiam
923 1471 977 1499 ele-

1035 927 1115 964 σύνης
1126 929 1132 955 !
1145 929 1239 965 Πρὶνῆ
1255 930 1442 966 δαπανηθῆναι
1454 930 1488 958 τὰ
1502 932 1531 957 ἐν
1544 933 1600 963 τοῖς
1614 931 1719 959 ὀδοῦσιν
1735 933 1827 960 αὐτῶν

1033 973 1113 1008 κρέα,
1127 975 1283 1010 ἠπίστησαν
1306 975 1494 1010 ἐπιλαθόμενοι
1515 976 1566 1011 τῆς
1581 975 1628 1003 τοῦ
1653 976 1720 1003 Θεοῦ
1743 977 1826 1004 δυνά-

1034 1028 1116 1055 μεως.
1137 1021 1182 1047 Διὸ
1196 1021 1245 1057 τῆς
1268 1022 1318 1057 μὲν
1337 1022 1484 1057 ἐπιθυμίας
1506 1022 1595 1049 αὐτῶν
1617 1023 1826 1059 ἐνεπλήσθησαν

1032 1065 1072 1096 εὶς
1086 1065 1195 1098 ἔνδειξιν
1211 1063 1261 1102 τῆς
1273 1067 1336 1103 περὶ
1355 1067 1453 1099 αὐτοὺς
1471 1066 1546 1100 θείας
1564 1067 1691 1103 προνοίας
1703 1077 1709 1083 ·
1729 1069 1823 1104 ἀπέϐη

1032 1110 1060 1137 δὲ
1075 1111 1177 1144 αὐτοῖς,
1191 1111 1234 1139 διὰ
1247 1112 1295 1149 τὴν
1308 1113 1434 1140 ἀπιστίαν
1450 1113 1498 1140 καὶ
1512 1114 1671 1149 ἀπληστίαν,
1687 1115 1726 1146 είς
1744 1114 1825 1142 νόσον

1033 1156 1156 1192 χολέρας,
1179 1158 1224 1192 ὑφ’
1250 1156 1284 1194 ἧς
1312 1159 1404 1185 πολλοὶ
1427 1159 1624 1195 διεφθάρησαν·
1645 1156 1682 1187 ὧν
1708 1160 1739 1186 τὸ
1754 1159 1824 1187 ὑπό-

1033 1201 1132 1237 δειγμα
1148 1202 1239 1234 αὐτοῖς
1261 1212 1290 1230 τε
1315 1204 1439 1237 ἐκείνοις,
1462 1204 1511 1231 καὶ
1529 1207 1585 1237 τοῖς
1607 1206 1675 1242 πρὸς
1698 1206 1822 1239 ἐκείνους

1034 1248 1143 1284 ὁρῶσιν,
1160 1249 1251 1276 ἱκανὸν
1270 1249 1338 1284 πρὸς
1353 1250 1530 1286 σωφροσύνην
1546 1251 1663 1286 ἐγένετο.

1067 1293 1102 1319 Τὸ
1115 1293 1154 1326 δὲ,
1171 1294 1205 1320 ἐν
1221 1293 1282 1327 τοῖς
1298 1295 1447 1326 πλείοσιν,
1471 1295 1585 1328 Ἀκύλας
1601 1297 1649 1324 καὶ
1660 1296 1819 1334 Σύμμαχος,

1032 1340 1067 1367 ἐν
1086 1339 1147 1373 τοῖς
1165 1340 1251 1367 πίοσί
1271 1340 1321 1367 καὶ
1343 1342 1560 1376 λιπαροτέροις,
1588 1341 1731 1376 ἐξέδωκαν,
1755 1344 1820 1376 τοὺς

1030 1385 1245 1422 πλουσιωτέρους
1273 1386 1320 1413 τοῦ
1348 1387 1413 1414 λαοῦ
1443 1388 1489 1415 καὶ
1521 1389 1709 1425 ἰσχυροτέρους
1730 1389 1820 1423 οὕτως

1029 1430 1219 1466 ὀνομάσαντες.
1239 1432 1319 1464 Εἰκὸς
1334 1433 1388 1469 γὰρ
1403 1434 1500 1466 αὐτοὺς
1519 1434 1563 1461 διὰ
1579 1435 1657 1461 τοῦτο
1680 1435 1818 1471 ἀπληστο-

1029 1475 1115 1511 τέρως
1140 1477 1325 1513 ἐμφορεῖσθαι.
1356 1479 1436 1506 Κατὰ
1460 1479 1489 1507 δὲ
1512 1481 1575 1513 τοὺς
1605 1481 1816 1517 Ἑϐδομήκοντα,

191 1516 251 1539 ctos
265 1512 372 1539 vocavit
386 1512 481 1543 David,
497 1517 588 1547 utpote
602 1513 756 1548 belligeros.
778 1515 810 1542 lii
827 1524 906 1550 porro
921 1517 976 1544 ine-

1030 1521 1062 1548 ἐν
1084 1522 1145 1555 τοῖς
1167 1512 1307 1553 πλείοσιν
1331 1524 1520 1559 ἀπέκτεινεν,
1541 1526 1662 1553 τουτέστι
1684 1527 1815 1561 πολλοὺς,

191 1563 256 1586 runt
279 1563 403 1586 sexcenta
429 1558 511 1585 millia
537 1559 677 1594 quingenti
703 1565 730 1588 et
753 1562 974 1598 quinquagintaa

190 1604 324 1632 vicennali
349 1607 428 1632 aetate
439 1609 466 1631 et
488 1612 580 1639 supra,
606 1611 718 1641 excepta
744 1607 866 1635 inferiori
884 1614 973 1644 attate,

189 1649 362 1682 mulieribus,
375 1653 403 1676 et
415 1650 542 1678 universa
560 1651 632 1679 tribu
648 1651 722 1679 Levi.
748 1651 802 1680 ilos
817 1661 911 1681 omnes
925 1663 975 1682 nu-

191 1695 265 1722 trivit
288 1695 360 1723 Deus
383 1691 463 1729 longo
484 1699 608 1731 tempore
629 1697 662 1724 ad
685 1690 862 1730 satietatem;
887 1698 975 1734 inquit

188 1742 261 1768 enim
278 1749 285 1768 :
305 1740 390 1776 thue
411 1742 446 1768 ad
465 1750 576 1770 mensem
599 1742 700 1770 dierum
718 1743 869 1777 comedetis,
893 1745 974 1772 donec

187 1793 259 1814 exeat
275 1794 307 1814 ea:
330 1788 440 1814 naribus
453 1788 545 1815 uestris
558 1788 592 1815 ".
611 1789 711 1817 Videns
727 1789 855 1824 populum
872 1798 972 1819 concu—

186 1835 345 1868 piscentem,
361 1839 387 1862 et
398 1841 514 1870 purgare
528 1841 590 1862 eum
605 1834 698 1862 volens
712 1843 726 1862 a
738 1837 972 1872 concupiscentia,

185 1879 295 1906 videbat
318 1879 389 1914 quod
407 1884 533 1907 sermone
556 1879 698 1907 doctrinali
725 1888 777 1908 non
798 1887 971 1918 purgaretur,

185 1924 233 1952 sed
259 1929 363 1952 tantum
389 1925 610 1961 concupiscentia
641 1926 667 1952 in
694 1927 846 1954 satietatem
881 1935 970 1955 versa.

185 1971 311 1998 Omnium
325 1971 395 1998 enim
409 1978 497 1999 rerum
511 1972 623 2000 satietas
638 1977 688 2005 est,
705 1980 758 2000 non
776 1974 862 2000 somni
881 1974 970 2006 modo,

184 2016 230 2043 sed
248 2020 275 2044 et
291 2017 422 2043 ciborum.
442 2015 588 2051 Propterea
611 2018 685 2044 misit
699 2018 732 2046 ad
748 2026 795 2046 eos
819 2024 971 2054 ortygome-

184 2066 254 2088 Iram
277 2061 311 2088 ad
329 2061 437 2096 triginta
462 2061 542 2089 dies:
566 2062 603 2088 illi
626 2069 701 2094 vero,
728 2063 838 2090 nimium
852 2065 970 2092 satietati

183 2106 366 2142 indulgentes,
384 2106 519 2133 cholcrica
537 2105 679 2134 aﬂ‘ectione
692 2108 862 2136 interierunt.

179 2158 182 2179 ;
218 2153 264 2182 Bis
279 2159 369 2181 autem
385 2153 493 2180 inventio
505 2154 631 2189 populum
645 2155 797 2182 comedisse
811 2156 969 2191 orty‘gome-

182 2206 263 2229 Iram.
284 2199 375 2227 Semel
391 2200 483 2227 statim
497 2205 577 2236 atque
599 2201 723 2227 exierunt
742 2201 774 2228 de
791 2205 862 2229 terra
881 2201 961 2238 Egy-

983 2232 1005 2260 D

1026 1569 1072 1601 οὒς
1081 1570 1128 1597 καὶ
1142 1571 1285 1604 ἐκλεκτοὺς
1299 1573 1427 1600 ἐκάλεσεν
1442 1574 1456 1600 ὁ
1472 1573 1563 1606 Δαυῒδ,
1583 1574 1621 1606 ὡς
1636 1575 1814 1610 πολεμιστάς.

1026 1616 1057 1641 Οἱ
1071 1615 1099 1641 δὲ
1120 1613 1189 1651 ἦσαν
1214 1616 1352 1650 ἑξακόσιαι
1374 1618 1490 1653 χιλιάδες
1512 1619 1560 1645 καὶ
1579 1620 1751 1647 πεντακόσιοι
1767 1621 1819 1648 καὶ

1025 1661 1192 1696 πεντήκοντα
1205 1662 1259 1688 ἀπὸ
1273 1663 1443 1695 εἰκοσαετοῦς
1453 1664 1501 1691 καὶ
1515 1665 1652 1701 ἀνωτέρω,
1667 1666 1751 1701 χωρὶς
1762 1667 1816 1702 τῆς

1024 1706 1180 1741 κατωτέρας
1192 1706 1308 1742 ἡλικίας,
1326 1709 1372 1735 καὶ
1386 1709 1439 1736 τῶν
1457 1710 1605 1743 γυναικῶν,
1622 1711 1669 1737 καὶ
1682 1711 1746 1746 ὅλης
1760 1711 1814 1746 τῆς

1025 1751 1111 1788 φυλῆς
1131 1751 1178 1778 τοῦ
1199 1753 1273 1780 Λευί.
1299 1754 1416 1787 Τούτους
1439 1755 1560 1788 ἅπαντας
1583 1755 1697 1792 ἔθρεψεν
1712 1758 1726 1783 ὁ
1745 1756 1816 1789 Θεὸς

1024 1800 1063 1830 είς
1080 1799 1160 1835 κόρον
1179 1800 1225 1826 ἐπὶ
1238 1799 1315 1827 πολύ.
1330 1801 1401 1836 Ἔφη
1413 1801 1466 1836 γάρ
1475 1810 1481 1817 '
1500 1802 1573 1835 Ἕως
1584 1802 1681 1836 μηνὸς
1693 1802 1815 1837 ἡμερῶν

1024 1844 1164 1880 φάγεσθε,
1179 1846 1233 1879 ἓως
1246 1846 1286 1873 ἃν
1294 1846 1403 1880 ἐξέλθῃ
1419 1847 1453 1873 ἐκ
1466 1846 1526 1874 τῶν
1536 1847 1696 1882 μυκτήρων
1714 1847 1812 1883 ὑμῶν,

1029 1890 1114 1925 Ὁρῶν
1134 1891 1198 1919 λαὸν
1225 1891 1411 1928 ἐπιθυμητὴν,
1434 1893 1481 1919 καὶ
1507 1892 1625 1928 καθᾶραι
1650 1892 1731 1919 αὑτὸν
1755 1891 1813 1919 ἀπὸ

1022 1937 1072 1972 τῆς
1103 1937 1248 1973 ἐπιθυμίας
1278 1938 1446 1974 βουλόμενος,
1469 1938 1543 1974 ἐώρα
1571 1939 1611 1965 ὅτι
1637 1938 1708 1974 λόγῳ
1735 1939 1812 1967 διδα-

1022 1983 1142 2019 σκαλικῷ
1164 1984 1194 2010 οὐ
1221 1984 1392 2020 καθαίρεται,
1421 1984 1479 2011 ἀλλ’
1509 1985 1576 2020 αὐτῇ
1607 1986 1640 2020 τῇ
1675 1985 1812 2023 ἐπιθυμίᾳ

1021 2032 1152 2066 γενομένῃ
1171 2032 1327 2067 προσκυρεῖ.
1346 2032 1458 2059 Πάντων
1479 2031 1533 2067 γὰρ
1551 2031 1631 2066 κόρος
1654 2032 1737 2065 ἐστὶν,
1758 2033 1811 2068 οὐχ

1021 2074 1105 2102 ὕπνου
1123 2075 1210 2111 μόνον,
1226 2075 1292 2102 ἀλλὰ
1312 2076 1358 2103 καὶ
1378 2076 1539 2111 βρωμάτων.
1559 2075 1604 2103 Διὸ
1623 2076 1743 2112 ἐπεμψεν
1756 2078 1808 2104 αὑ-

1020 2122 1075 2152 τοῖς
1087 2121 1292 2157 ὀρτυγομήτραν
1307 2122 1352 2148 ἐπὶ
1370 2122 1517 2158 τριάκοντα
1537 2122 1656 2158 ἡμέρας·
1674 2123 1698 2149 οἱ
1716 2123 1756 2155 δὲ,
1772 2125 1807 2159 τῇ

1020 2166 1157 2202 ἀπληστίᾳ
1171 2167 1346 2203 χρησάμενοι,
1361 2167 1496 2203 χολερικῷ
1508 2167 1588 2194 πάθει
1601 2167 1768 2204 ἐφθείροντο.

1054 2212 1100 2244 Δὶς
1114 2211 1142 2238 δὲ
1158 2212 1277 2247 εὑρίσκω
1293 2212 1337 2239 τόν
1356 2213 1419 2240 λαὸν
1438 2213 1558 2247 φαγόντα
1577 2213 1787 2249 ὀρτυγομήτραν
1797 2223 1804 2230 ·

181 2247 235 2280 pti;
268 2247 376 2278 iterum,
401 2246 470 2273 sicut
493 2247 519 2273 in
543 2245 668 2274 Numeris
693 2247 831 2280 scribitur,
856 2249 984 2283 quando‘

1030 2258 1091 2292 ιπαξ
1112 2259 1160 2294 μὲν
1174 2245 1255 2294 ἡνίκα
1275 2258 1375 2290 εὐθέως
1399 2245 1509 2294 έξῆλθὸν
1531 2260 1563 2285 ἐκ
1577 2245 1628 2295 γῆς
1649 2245 1804 2294 tuin...-

181 2292 299 2319 oblocuti
315 2291 422 2319 suntde
436 2299 504 2326 pane
521 2292 580 2324 Dei,
602 2297 629 2319 et
641 2292 745 2320 futilem
759 2293 834 2320 illum
848 2295 966 2330 appella-

180 2343 301 2364 verunt:
329 2344 382 2372 quo
408 2337 491 2365 etiam
518 2342 640 2372 tempore
667 2338 708 2364 ira
727 2339 844 2365 ascendit
869 2340 896 2365 in
910 2347 964 2372 eos,

180 2388 274 2417 utpote
287 2390 346 2418 qua:
361 2383 471 2410 omnino
484 2383 640 2412 subsidebat
651 2388 795 2418 antequam
809 2389 963 2419 peccarent.

179 2429 246 2456 Cum
261 2428 331 2455 enim
356 2428 401 2455 diu
420 2429 589 2463 multumque
607 2429 711 2462 cxpcrti
732 2429 850 2456 divinam
871 2435 965 2464 poten-

179 2476 256 2508 tiam,
274 2481 326 2501 non
341 2472 521 2501 credidissent
537 2474 759 2509 benignissimum
786 2475 870 2502 Deum
885 2483 964 2509 posse

179 2521 353 2556 suppeditare
367 2527 458 2547 escam
474 2520 556 2554 ipsis;
571 2525 598 2548 et
615 2520 684 2548 hanc
699 2521 802 2554 tribuit,
820 2526 847 2548 et
862 2521 961 2552 docuit,

178 2568 251 2602 quod
266 2571 410 2601 utrumque
421 2565 511 2592 facere
526 2567 597 2600 potis
611 2572 688 2599 erat;
712 2573 740 2594 et
753 2567 822 2595 bona
839 2566 963 2595 videlicet

177 2614 317 2646 exhibere,
340 2618 367 2641 et
391 2621 497 2641 sumere
514 2613 654 2641 ultionem.
679 2613 793 2642 Vitanda
819 2618 860 2641 est
881 2614 963 2648 igitur

176 2662 331 2694 voracitas,
351 2661 490 2696 gulositas,
515 2661 667 2696 ingluvies:
688 2661 739 2689 boc
771 2666 823 2694 est,
845 2661 959 2688 immen—

175 2713 222 2734 sus
239 2707 345 2740 opsonii
362 2714 437 2742 usus,
470 2709 539 2741 gula:
565 2707 649 2740 furor,
668 2707 721 2734 cibi
754 2707 959 2743 intemperantia

214 2793 236 2808 ν³
263 2792 342 2820 Num.
368 2801 406 2825 ιι,
436 2793 480 2826 5‘2,
508 2793 552 2821 55.
591 2794 703 2823 "Psal.
731 2802 833 2828 Lxxvn,
860 2794 904 2822 51.

170 2889 174 2895 ,
209 2862 313 2898 (82)Ὲν
328 2864 391 2894 τοῖς.

1014 2304 1044 2330 τὸ
1058 2304 1086 2330 δὲ
1096 2303 1230 2339 δεύτερον,
1245 2304 1282 2335 ὡς
1301 2305 1329 2331 ἐν
1347 2306 1402 2336 τοῖς
1428 2305 1567 2340 Ἀριθμοῒς
1587 2306 1804 2341 ἀναγέγραπται,

1014 2349 1094 2384 ἡνίκα
1117 2349 1209 2381 κακῶς
1228 2347 1304 2376 εἶπον
1318 2350 1363 2377 τὸν
1386 2350 1467 2385 ἄρτον
1483 2349 1530 2376 τοῦ
1549 2350 1628 2382 Θεοῦ,
1646 2351 1693 2377 καὶ
1713 2350 1805 2376 διάκε-

1013 2401 1057 2420 νον
1072 2393 1151 2421 αὐτὺν
1169 2394 1330 2430 ὠνόμασανι
1350 2395 1394 2420 ὅτε
1413 2395 1459 2421 καὶ
1481 2395 1553 2429 ὁρτὴ
1570 2395 1661 2428 ἀνέϐη
1683 2395 1729 2421 ἐπ’
1750 2396 1804 2422 αὺ-

1013 2439 1093 2473 τοὺς,
1114 2439 1151 2471 ὠς
1169 2440 1238 2476 τάχα
1254 2441 1329 2467 κάτω
1349 2449 1400 2467 που
1421 2438 1487 2467 οὖσα
1509 2441 1573 2476 πρὶν
1594 2441 1610 2476 ἢ
1630 2441 1802 2476 ἁμάρτωσιν.

1020 2483 1128 2519 Ἐπειδὴ
1140 2484 1204 2520 γὰρ,
1223 2486 1320 2520 πεῖραν
1342 2485 1442 2520 πολλὴν
1455 2485 1582 2517 λαϐόντες
1598 2486 1647 2521 τῆς
1663 2486 1737 2518 θείας
1755 2486 1803 2513 δυ-

1012 2529 1130 2564 νάμεως,
1150 2530 1200 2557 οὐκ
1213 2530 1377 2558 ἐπίστευσαν
1394 2531 1439 2557 τὸν
1460 2531 1649 2567 φιλάνθρωπον
1671 2532 1803 2559 δύνασθαι

1012 2575 1163 2610 χορηγῆσαι
1184 2576 1276 2608 αὐτοῖς
1301 2577 1415 2612 τροφὴν,
1443 2577 1490 2604 καὶ
1510 2576 1611 2612 ταύτην
1631 2577 1726 2610 ἔδωκε,
1753 2578 1801 2604 καὶ

1011 2620 1060 2654 τὴν
1076 2619 1198 2647 παιδείαν
1216 2622 1364 2657 ἐπήγαγεν,
1378 2622 1415 2654 ὡς
1431 2622 1572 2658 ἀμφότερα
1593 2624 1679 2649 ποιεῖν
1699 2623 1800 2654 ἱκανὸς,

1014 2666 1061 2692 καὶ
1077 2666 1111 2693 τὰ
1125 2667 1215 2702 ἀγαθὰ
1233 2669 1371 2704 παρέχειν,
1391 2669 1438 2695 καὶ
1457 2668 1506 2700 τὰς
1525 2668 1658 2704 τιμωρίας
1677 2669 1798 2703 ἐπάγειν.

1014 2712 1143 2740 Φευκτέον
1157 2713 1245 2741 τοίνυν
1262 2714 1422 2749 ὀψοφαγίαν,
1439 2714 1614 2750 λαιμαργίαν,
1628 2723 1800 2751 γαστριμαρ-

991 2795 1014 2811 ⁹¹
1033 2796 1112 2824 Num.
1129 2804 1166 2833 ιι,
1180 2798 1224 2826 20.
