1918 3069
86 123 134 150 ιιι

706 129 888 158 EXCERPTA
911 129 943 157 IN
961 130 1129 161 PSALMOS.

1683 138 1734 166 ΗΞ

93 183 171 219 χίαν·
188 183 317 212 τουτέστι
330 185 387 223 τὴν
406 187 469 223 περὶ
483 187 579 224 χρῆσιν
593 187 658 222 ὄψου
677 189 822 224 ἀμετρίαν,
842 188 868 215 τὶ

927 195 973 216 λοι
999 188 1074 217 furor
1102 191 1224 223 ventris,
1253 194 1283 218 ut
1300 199 1354 220 non
1378 192 1526 221 obruamus
1564 199 1731 223 mentem...

96 232 161 268 περὶ
177 231 221 258 τον
238 231 340 268 λαιμὸν
359 235 473 270 μανίαν,
495 236 545 272 τὴν
560 236 624 272 περὶ
644 235 694 272 τὴν
715 236 818 272 τροφὴν
836 235 995 269 ἀκολασίαν,
1021 237 1067 264 καὶ
1094 238 1157 273 περὶ
1170 239 1291 275 γαστέρα
1304 240 1413 275 μανίαν,
1430 240 1474 268 ἵνα
1488 241 1525 277 μὴ
1536 241 1582 269 τὸν
1603 242 1666 270 νοῦν
1685 244 1732 278 ἔτι

95 277 289 314 ιατορύξωμεν
306 279 344 306 τὰ
365 289 427 308 κου.

131 326 219 353 Λυτεεῖ
233 325 263 352 δὲ
280 326 359 354 οὐδὲν
383 327 512 355 καὶκατὰ
539 329 684 365 ἀναγωγὴν
701 330 750 362 τὰς
770 331 868 368 ἱστορία

927 350 932 360 ι
982 330 1041 358 Νοη
1058 336 1128 366 piget
1144 332 1225 359 etiam
1241 339 1386 368 anagogtce
1399 334 1448 361 has
1466 333 1593 362 historias
1606 339 1731 363 contem-

92 371 200 405 ταύτας
213 371 367 409 θεωρῆσαι.
388 374 495 401 Ῥύεται
513 383 554 402 τοι
572 375 586 401 ὁ
604 375 670 408 Θεὸς
687 376 734 403 καὶ
754 377 828 412 ἡμᾶς
846 378 892 405 ἀεὶ

90 419 125 445 ἐκ
137 418 194 453 γῆς
206 418 358 454 Αἰγύπτου,
376 420 409 447 ὲκ
425 419 474 456 τῆς
492 420 608 456 καμίνου
626 421 677 457 τῆς
701 421 823 459 σιδηρᾶς,
842 423 892 459 τῆς

88 465 168 492 κατὰ
192 465 243 502 τὴν
259 466 409 502 ἁμαρτίαν,
434 467 476 495 ἵνα
494 467 628 504 εἰσαγάγῃ
650 468 695 496 διὰ
715 469 820 496 πολλῶν
837 475 889 505 γυ-

87 510 228 547 μνασίων,
244 511 288 539 διὰ
304 512 409 540 πολλῶν
427 513 593 549 θαυμασίων,
616 515 650 541 δι’
670 515 753 550 ἄρτου
776 517 890 553 ἐπουρα-

86 556 162 589 νίου,
185 557 221 584 δι’
244 556 340 589 ὓδατος
366 557 422 585 ἀπὸ
446 558 497 594 τῆς
524 559 637 596 πέτρας,
659 560 680 595 ἠ
709 561 802 596 πέτρα
822 562 857 589 δὲ
871 564 889 590 ὁ

83 603 236 637 Χριστὸς,
249 604 296 630 ἐπὶ
311 604 360 641 τὴν
373 605 453 639 ἁγίαν
466 605 641 640 ἐπαγγελίαν.
657 607 738 641 Μέγα
755 606 801 635 οὖν
813 609 885 644 ἐμοὶ,

83 649 148 680 ἑὰν,
167 650 268 686 νοήσας
280 650 329 686 τὴν
346 650 483 679 θάλασσαν
509 652 556 679 τοῦ
573 652 631 688 βίου
653 654 701 681 καὶ
723 654 757 682 τὰ
771 655 882 691 κύματα

82 694 121 721 τὰ
133 696 167 722 ὲν
178 695 217 730 τῷ
230 695 291 731 βίῳ,
304 696 351 723 καὶ
366 699 397 724 τὸ
411 697 508 734 πικρὸν
522 698 570 725 καὶ
586 699 707 736 ἁλμυρὸν
723 701 778 728 τῶν
794 701 887 737 βιωτι-

83 740 148 767 κῶν
176 741 349 776 πραγμάτων
375 742 530 776 κλυδώνιον,
553 744 669 780 δυνηθῶ,
695 746 887 784 εὖεργετηθεὶς

83 787 143 814 ὑπὸ
159 786 209 814 τοῦ
229 786 308 821 Θεοῦ,
328 788 391 815 ἰδεῖν
412 790 676 824 καταποντισθέντας
690 793 754 825 τοὺς
775 794 886 830 νοεροὺς

82 833 269 867 Δίγυπτίους,
292 834 341 862 καὶ
355 834 401 862 τὸν
418 837 512 871 νοητδν
532 836 646 873 Φαραὼ’
665 830 747 871 αὐτὸς
759 839 788 866 δὲ
801 840 839 867 ὢν
857 841 885 867 ἐν

81 879 125 915 τῷ
150 880 225 914 φωτὶ
245 880 295 916 τῆς
316 881 423 917 ἡμέρας
449 882 601 919 σκεποίμην
620 883 674 911 ὑπὸ
697 885 813 922 νεφέλης
835 884 886 921 τῆς

82 925 206 962 κούφης,
220 926 268 953 καὶ
280 927 334 953 ὑπὸ
347 928 487 963 φωτισμοῦ
503 929 598 965 πυρὸς,
620 930 667 957 ἐάν
683 931 748 958 ποτέ
771 938 803 966 γε
822 938 885 959 σκο-

82 972 166 999 τεινὰ
181 973 230 999 καὶ
248 973 434 1001 δύσκολα......
451 975 498 1002 καὶ
512 975 527 1002 ὑ
542 976 644 1012 κόσμος
661 978 710 1013 μὲν
725 978 881 1014 ὲσκότηται,

942 374 1021 409 piari.
1040 375 1181 404 Liberabit
1198 384 1263 405 sane
1285 378 1357 406 Deus
1381 387 1430 408 nos
1445 387 1557 416 quoque
1575 388 1682 416 semper
1696 381 1732 410 de

943 425 1015 448 terra
1037 419 1161 457 Egypti,
1179 423 1213 451 de
1230 422 1340 452 fornace
1353 424 1452 458 ferrea,
1467 427 1574 461 peccati
1591 427 1729 460 videlicet.

941 471 970 495 ut
985 466 1140 496 introdueat
1156 475 1205 503 per
1227 469 1311 497 multa
1325 471 1550 504 exercitamenta.
1577 480 1628 508 per
1643 473 1730 500 mira-

940 511 1004 540 bilia
1021 512 1116 545 multa,
1134 520 1184 548 per
1203 521 1302 548 panem
1324 515 1476 550 caelestem,
1501 524 1551 552 per
1574 524 1672 553 squam
1693 518 1729 545 de

939 561 1028 591 petra,
1045 561 1120 592 petra
1136 563 1223 586 autem
1236 564 1275 587 est
1289 559 1410 588 Christus
1424 561 1460 596 ",
1476 562 1510 589 ad
1528 568 1650 590 sanctam
1663 570 1728 598 pro-

939 603 1107 631 missionem.
1125 603 1252 640 Magnum
1276 610 1319 634 est
1341 613 1407 642 ergo
1430 607 1507 642 mihi,
1532 609 1554 636 si
1579 609 1670 638 animo
1683 617 1727 637 rev

938 653 1036 684 putans
1062 649 1143 685 hujus
1170 651 1235 679 vitae
1263 660 1350 686 mare,
1376 658 1404 681 et
1429 654 1493 682 vita
1521 654 1602 682 etiam
1618 654 1725 687 ﬂuctus,

938 702 1016 723 acres
1029 701 1139 731 quoque
1152 700 1180 724 et
1197 696 1383 732 salsuginosas
1398 699 1485 727 undas
1503 705 1594 727 rerum
1611 699 1725 726 mundi»

937 747 1045 774 narum,
1058 742 1172 776 possim,
1193 743 1334 771 beneficiis
1354 745 1507 773 cumulatus
1519 752 1535 772 a
1552 745 1618 780 Deo,
1633 746 1727 772 videre

937 785 1094 815 submersos
1120 787 1276 823 spirituales
1301 789 1465 826 Egyptios,
1499 796 1528 818 et
1553 791 1724 827 spiritualem

935 830 1105 861 Pharaonem
1121 842 1129 861 :
1144 834 1208 862 dum
1220 835 1328 863 interim
1343 842 1395 870 ego
1414 837 1440 864 in
1464 836 1568 864 lumine
1585 837 1639 865 diei
1653 837 1724 872 posi-

937 882 989 910 tus,
1004 882 1131 915 protegar
1145 887 1160 907 a
1181 879 1331 915 nube'levi,
1356 885 1385 909 et
1397 881 1431 909 ab
1443 882 1625 910 illustrations
1641 883 1723 919 ignis.

935 924 958 952 si
973 926 1083 960 quando
1106 926 1177 955 forte
1195 927 1345 955 tenebrosae
1364 935 1408 956 res
1430 932 1458 956 et
1475 928 1598 956 dilllciles
1617 930 1724 957 contin-

935 975 1011 1006 gant,
1026 972 1089 1000 dum
1113 973 1229 1001 mundus
1254 973 1373 1002 tenebris
1398 973 1558 1007 oﬂ'unditur,
1582 979 1610 1002 et
1628 977 1720 1002 omnia

83 1018 136 1044 καὶ
151 1018 242 1045 πάντα
264 1019 388 1053 ἀγνοίαις
413 1020 605 1057 πεπλήρωται·
626 1022 681 1058 ἐγὼ
707 1024 734 1051 δὲ
757 1025 827 1060 πρὸς
848 1034 868 1052 τι

934 1017 1084 1053 ignorantia
1099 1023 1163 1046 sunt
1178 1018 1277 1047 referta
1292 1028 1300 1048 :
1314 1027 1365 1054 ego
1380 1027 1444 1048 vero
1458 1026 1554 1048 contra
1567 1021 1720 1056 spiritualia

84 1064 264 1099 πνευματικά
277 1065 328 1100 τῆς
343 1066 475 1102 πονηρίας
496 1076 579 1095 πα....
598 1068 654 1105 (83)
673 1070 702 1097 ὲν
715 1070 784 1105 φωτὶ
802 1068 825 1098 ὧ
838 1071 868 1098 δι(

933 1064 1059 1099 nequitia:
1076 1072 1171 1092 rursus
1193 1065 1219 1092 in
1236 1065 1340 1094 lumine
1368 1065 1431 1100 sim,
1455 1070 1568 1101 propter
1582 1066 1720 1094 Christum

84 1108 116 1135 ἰδ
132 1109 262 1145 ἀληθινὸν
284 1110 342 1145 φῶς
364 1110 410 1137 τὸν
434 1111 561 1148 Χριστὸν,
582 1113 629 1141 διὰ
648 1113 698 1150 τὴν
718 1115 842 1151 νεφέλην,

932 1110 1020 1137 lucem
1035 1117 1143 1143 veram;
1165 1115 1279 1146 propter
1300 1111 1409 1143 nubem,
1434 1111 1478 1139 cui
1500 1119 1552 1139 non
1569 1119 1602 1140 ex
1615 1112 1721 1146 vapori-

85 1154 137 1181 οῠκ
152 1154 183 1187 ἐξ
193 1155 290 1191 ἀτμῶν
304 1165 383 1183 τινων
400 1157 470 1185 κατά
482 1158 530 1194 τὴν
545 1159 636 1195 κοινὴν
655 1159 736 1195 φύσιν
754 1162 771 1196 ἡ
786 1161 868 1189 στάσις

931 1156 982 1184 bus
996 1156 1157 1190 quibusdam
1167 1157 1314 1184 secundum
1327 1163 1496 1185 communem
1513 1162 1639 1185 naturam
1652 1165 1721 1185 con-

85 1198 130 1236 ἧν,
147 1200 333 1237 βαθυνομένου
348 1205 404 1236 τοῖς
420 1204 516 1240 ἀτμοῖς
530 1204 578 1232 τοῦ
599 1205 679 1242 ἀέρος
697 1205 740 1233 διὰ
753 1207 803 1243 τῆς
822 1208 868 1244 όμι

931 1201 1054 1229 sisteutia
1068 1207 1138 1235 erat,
1153 1207 1282 1231 concreto
1295 1203 1441 1238 vaporibus
1455 1211 1518 1231 aere
1532 1211 1565 1232 ex
1587 1204 1718 1232 nebulosa

87 1247 204 1282 χλώδους
227 1249 394 1282 συστάσεως,
417 1252 464 1277 καὶ
480 1251 548 1287 πρὸς
568 1251 663 1279 ἑαυτὸν
678 1252 868 1289 ὲμπιλουμένοι

931 1248 1119 1281 crassitudine,
1140 1252 1167 1275 et
1188 1248 1215 1275 in
1236 1249 1326 1284 seipse
1349 1256 1365 1276 a
1394 1249 1483 1278 ventis
1499 1254 1655 1285 compacto;
1670 1252 1719 1279 sed

87 1293 142 1324 τοῖς
160 1293 333 1329 πνεύμασιν·
351 1295 419 1322 ἀλλά
444 1297 567 1332 κρεῖττόν
589 1305 616 1324 τι
641 1298 688 1325 καὶ
712 1298 868 1336 ὑψηλότεροι

929 1293 1106 1321 excellentius
1121 1294 1185 1329 quid
1199 1298 1228 1322 et
1247 1294 1391 1323 sublimius
1406 1296 1524 1325 humana
1538 1297 1719 1333 comprehen-

87 1338 134 1373 τῆς
148 1339 327 1376 ἀνθρωπίνης
349 1342 538 1377 καταλήψεως,
556 1342 605 1375 ὡς,
626 1344 672 1370 καὶ
693 1344 744 1380 τῆς
760 1345 868 1382 ήλιακῆι

930 1336 1027 1364 sione:
1046 1344 1132 1372 usque
1153 1337 1233 1370 adeo,
1259 1342 1299 1370 ut,
1317 1338 1453 1367 solaribus
1476 1340 1562 1368 radiis
1586 1341 1718 1369 fervidius

87 1384 195 1416 ἀκτῖνος
218 1385 328 1421 θερμῶς
355 1387 573 1425 ὲπιλαμπούσης,
595 1389 769 1427 διατείχισμα
795 1392 867 1429 ἔχειν

929 1384 1149 1418 coruscantibus,
1177 1383 1312 1418 interiecti
1328 1385 1406 1420 quasi
1434 1386 1506 1413 muri
1523 1387 1657 1415 rationem
1672 1388 1718 1415 ha-

89 1431 253 1463 σκιάζουσάν
265 1441 296 1459 τε
312 1433 343 1460 τὸ
363 1433 553 1470 ὑποκείμενον,
573 1437 620 1463 καὶ
641 1436 726 1474 λεπτῇ
742 1438 830 1475 δρόσῳ
848 1440 868 1467 τί

929 1428 1017 1462 heret,
1039 1429 1209 1457 obumbrans
1234 1429 1364 1464 quidquid
1382 1429 1407 1457 ei
1434 1431 1554 1465 suberat,
1581 1440 1615 1460 ac
1641 1434 1715 1460 tenui

88 1477 224 1511 φλογῶδες
243 1478 291 1505 τοῦ
305 1478 384 1514 ἀέρος
399 1480 624 1513 ὑπονοτίζουσαν·
640 1483 687 1510 καὶ
702 1483 746 1511 διὰ
766 1485 815 1521 τῆς
833 1495 868 1513 νυ-

928 1482 991 1503 rore
1006 1475 1136 1503 ardentes
1159 1476 1232 1503 aeris
1253 1480 1336 1503 aestus
1354 1480 1537 1511 temperaret:
1556 1482 1637 1505 noctu
1651 1485 1716 1506 vero

89 1523 148 1555 κτὸς
165 1523 222 1560 πῦρ
238 1524 361 1558 γίνεσθαι
375 1526 421 1561 ἀφ’
445 1526 565 1563 ἑσπέρας
581 1529 621 1561 είς
638 1528 746 1566 ὄρθρον,
766 1531 804 1567 τῷ
819 1531 868 1568 ἰδίη

927 1520 999 1555 ignis
1019 1520 1096 1548 ﬂeret
1112 1528 1127 1548 a
1151 1529 1264 1557 vespera
1291 1522 1320 1549 in
1342 1521 1502 1555 diluculum,
1522 1523 1633 1558 propria
1653 1523 1714 1552 luce

89 1569 155 1603 φωτὶ
174 1571 231 1602 τοῖς
248 1571 430 1607 Ἰσραηλίταις
449 1572 629 1609 δᾳδουχοῦσαν
649 1575 680 1602 τὸ
702 1576 803 1611 φέγγος
827 1578 872 1613 μέ-

89 1624 132 1650 γα.
157 1616 222 1643 Ἐὰν
244 1617 273 1644 ὲν
299 1618 331 1653 τῇ
359 1618 455 1654 ἐρήμῳ
480 1620 527 1646 τοῦ
552 1620 622 1655 βίου,
645 1621 708 1649 ἔνθα
730 1623 877 1660 ἐπικρατεῖ

927 1565 1056 1594 lsraelitis
1067 1566 1154 1594 facem
1169 1567 1316 1602 praeferens
1330 1567 1455 1595 immensi
1469 1567 1630 1602 splendoris.
1643 1569 1672 1598 Si
1685 1570 1712 1598 in

926 1613 1006 1648 hujus
1020 1612 1084 1640 vitae
1099 1620 1205 1646 eremo,
1220 1614 1266 1641 ubi
1283 1614 1368 1642 multa
1384 1615 1489 1643 obtinet
1505 1614 1640 1643 dementia
1671 1623 1716 1644 re-

87 1661 168 1698 πολλὴ
178 1662 256 1689 ἄνοια
269 1662 323 1689 τῶν
333 1665 512 1699 πραγμάτων,
525 1665 619 1693 διελὼν
635 1668 680 1695 τὸν
696 1658 868 1705 στερρότατω

927 1667 998 1692 rum,
1015 1659 1118 1687 dividat
1130 1658 1315 1688 ﬁrmissimum
1328 1668 1408 1688 suum
1423 1667 1576 1689 sermonem
1585 1681 1593 1695 ,
1606 1666 1713 1696 petram

86 1707 165 1733 αὐτοῦ
177 1707 258 1742 λόγον
277 1708 380 1744 πέτραν
400 1709 608 1746 ὀνομαζόμενον,
624 1713 746 1748 ἀφθόνως
764 1715 811 1742 καὶ
831 1717 872 1748 είς

86 1754 162 1790 κόρον
189 1755 290 1792 ποτίσῃ
318 1765 363 1791 με,
381 1757 418 1791 ὡς
441 1759 647 1796 παραϐληθῆναι
665 1760 697 1787 τὸ
721 1761 781 1797 ρέον
803 1761 875 1797 ὕδωρ

85 1801 204 1837 ἀϐύσσῳ,
230 1803 359 1834 καὶτοὺς
374 1805 422 1840 τῆς
445 1803 632 1842 πνευματικῆς
654 1807 758 1840 κοιλίας
788 1817 874 1835 ποτα-

87 1858 161 1884 μους.

122 1896 192 1931 Ὲγὼ
216 1897 246 1924 δὲ
267 1899 491 1934 παραπικραίνω
514 1901 568 1928 τὸν
584 1901 729 1936 Ὕψιστον
750 1900 784 1928 ἐν
803 1901 874 1929 ἀνύ-

82 1942 148 1977 δμρ,
164 1943 214 1970 ὲὰν
240 1943 310 1979 μετά
338 1944 387 1980 τὴν
413 1944 583 1974 διδασκαλίαν
606 1945 685 1974 πάλιν
713 1947 872 1983 ἁμαρτάνω,

81 1987 325 2024 ἐπιλανθανόμενος
339 1990 393 2017 τῶν
409 1989 496 2025 λόγων
514 1989 568 2018 τῶν
585 1990 742 2028 θρεψάντων
764 2002 809 2029 με,
823 1993 870 2020 καὶ

81 2034 125 2060 τοῦ
138 2034 248 2067 ὓδατος,
262 2035 310 2062 τοῦ
324 2035 378 2062 ἀπὸ
395 2036 445 2072 τῆς
467 2037 579 2073 πέτρας,
601 2039 668 2073 ἥτις
679 2039 765 2067 ἐστίν
778 2041 795 2067 ὀ
805 2040 872 2074 Χρι-

78 2077 155 2111 στός.
168 2081 263 2117 Πέτρᾳ.
275 2081 304 2108 δὲ
316 2082 494 2115 ἀπεικάζεται
507 2084 522 2110 ὁ
539 2083 654 2120 Χριστὸς
667 2084 711 2111 διὰ
723 2084 754 2111 τὸ
771 2084 870 2120 ἄθραυ-

80 2134 139 2153 στον
154 2127 204 2154 καὶ
216 2126 377 2161 ἀκλόνητον.
400 2129 573 2164 Ἐρήρεισται
590 2129 644 2166 γὰρ
663 2130 738 2162 ἰδίοις
756 2131 868 2166 ἀγαθοῖς

78 2174 93 2208 ἡ
109 2173 168 2200 θεία
181 2182 212 2200 τε
225 2174 273 2201 καὶ
289 2174 439 2211 ὑπέρτατος
451 2175 540 2210 φύσις.
558 2172 596 2203 Ob
607 2177 655 2204 καὶ
669 2175 866 2213 κατελάλησαν,

78 2219 114 2251 ὠς
137 2221 167 2246 ἔν
188 2219 330 2256 προσώπῳ
357 2221 498 2253 Μωσέως,
521 2221 539 2258 ἡ
565 2222 724 2258 συναγωγὴ,
753 2230 870 2259 κατηγο-

79 2261 186 2299 ροῦντες
206 2264 253 2291 ἐπὶ
268 2265 395 2297 Πιλάτου,
418 2266 465 2293 καὶ
487 2265 528 2298 τὸ,
545 2263 625 2300 Αἶρε,
643 2267 786 2302 σταύρου,
803 2266 869 2295 ἀνα-

78 2311 257 2346 κεκράγασιν.
281 2309 349 2339 Εἶτα
373 2312 401 2339 δὲ
418 2312 476 2340 δυσὶ
492 2313 661 2350 λελυπήκασι
686 2315 813 2351 πληγαῖς,
829 2316 867 2348 ὡς

77 2355 122 2391 τὴν
148 2356 255 2392 πέτραν
275 2357 396 2393 Μωῦσῆς
423 2358 463 2390 δὶς
485 2358 630 2392 ἐπάταξεν.
662 2360 864 2387 Ἀπεκτεινασι

78 2400 128 2436 γὰρ
140 2401 196 2427 τὸν
214 2401 348 2437 ἀρχηγὸν
362 2402 416 2436 τῆς
432 2400 515 2437 ζωῆς,
533 2401 582 2431 εἷθ’
600 2403 641 2431 ὅτι
657 2405 813 2441 μεμένηκεν
835 2406 864 2431 ὲν

79 2447 190 2482 νεκροῖς,
209 2447 366 2475 ἀναπείθειν
385 2448 488 2484 ἤθελον.
515 2450 595 2477 Ἀλλ’
609 2449 772 2477 ἐκδέδωκεν
783 2451 802 2485 ἡ
814 2450 866 2478 πέ-

80 2500 130 2526 τρα
145 2492 303 2527 πλουσίως
320 2494 352 2521 τὸ
367 2494 456 2530 νᾶμα,
471 2495 521 2522 καὶ
534 2496 675 2523 πεπότικε
690 2495 793 2524 πᾶσαν
806 2496 865 2531 τὴν

80 2538 265 2573 συναγωγήν.
285 2538 433 2566 Ἐπέκλυσε
447 2539 502 2576 γὰρ
510 2541 558 2576 τὴν
571 2541 733 2577 οἰκουμένην
746 2541 864 2577 Χριστὸς

82 2583 156 2618 ἱεροῖς
169 2593 200 2611 τε
222 2585 270 2613 καὶ
287 2583 369 2618 θείοις
388 2585 515 2622 νάμασιν.
541 2587 570 2614 ’0
587 2586 720 2623 πηγάξων
742 2587 773 2614 τὺ
794 2587 866 2614 θεῖον

82 2630 147 2665 νᾶμα
170 2631 227 2663 τοῖς
248 2630 356 2666 διψῶσι,
379 2632 424 2658 καὶ
449 2631 571 2668 προχέων
591 2633 622 2659 τὸ
648 2631 719 2668 ὕδωρ
759 2634 791 2659 ἐκ
816 2631 866 2668 τῆς

83 2676 202 2713 πλευρᾶς,
216 2677 265 2704 τοῦ
287 2677 397 2713 σιδήρου
415 2678 465 2714 τὴν
489 2679 574 2714 φλέϐα
595 2678 698 2714 ταύτην
719 2679 867 2714 ἀναστομί-

84 2730 178 2756 σαντος,
205 2724 254 2751 καὶ
274 2724 306 2750 τὸ
327 2724 425 2760 πικρὸν
445 2726 494 2761 τῆς
520 2724 644 2762 Μερῤἄς,
671 2725 716 2752 τοῦ
731 2725 864 2752 κολαστοῦ

126 2782 146 2797 ἐ
160 2781 167 2808 l
181 2780 246 2809 Cor.
276 2789 304 2813 ι,
322 2782 350 2810 4.
391 2782 414 2798 ’⁷
437 2780 509 2811 Psal.
523 2789 628 2817 uxvtt,
643 2782 687 2810 17.

83 2822 169 2850 tnvu,
190 2818 240 2849 15;
259 2818 346 2845 Exod.
362 2826 426 2852 xm,
440 2820 465 2846 6.

110 2866 158 2900 ζεῖ»)
178 2866 261 2895 Forte
277 2865 365 2900 πάθη-

717 2780 787 2821 ."l
811 2780 875 2808 Cor.
888 2787 917 2814 ι,
933 2779 959 2806 4.

925 1705 1037 1736 dictum,
1058 1705 1220 1740 abundeque
1236 1710 1263 1733 et
1278 1705 1313 1733 ad
1327 1706 1479 1735 satietatem
1492 1706 1586 1742 irriget
1601 1714 1645 1735 me
1659 1707 1713 1740 sic,

923 1756 954 1778 ut
966 1751 1124 1778 conferatur
1138 1751 1225 1778 ﬂuens
1240 1758 1309 1786 aqua
1335 1751 1433 1787 abysso
1447 1760 1502 1780 una
1513 1759 1575 1780 cum
1590 1751 1712 1780 ﬂumini—

924 1795 975 1823 bus
989 1796 1069 1824 vallis
1082 1797 1241 1832 spiritualis.

958 1898 1014 1933 Ego
1028 1905 1090 1925 vero
1110 1898 1186 1925 irrito
1202 1898 1369 1925 Attissimum
1386 1898 1415 1925 in
1426 1899 1553 1934 inuquoto
1565 1899 1599 1931 ’⁷,
1611 1899 1634 1926 si
1650 1904 1712 1933 p0st

921 1944 1084 1972 documenta
1111 1944 1209 1971 iterum
1239 1950 1334 1979 pecco,
1356 1943 1460 1971 oblitus
1483 1951 1639 1971 sermonum
1663 1945 1710 1979 qui

921 1989 1112 2017 enutriverunt
1127 1995 1181 2020 me,
1196 1992 1223 2014 et
1234 1995 1311 2022 aqua:
1328 1988 1361 2015 de
1374 1993 1461 2023 petra,
1483 1996 1543 2022 qua:
1562 1992 1602 2015 est
1629 1988 1710 2016 Chri-

920 2040 977 2062 situ
989 2035 1023 2064 ’⁸.
1037 2035 1124 2062 Petrae
1138 2041 1221 2069 porro
1237 2033 1402 2062 assimilatur
1413 2034 1549 2066 Christus.
1561 2040 1706 2075 propterea

920 2080 991 2115 quod
1019 2087 1068 2108 nec
1084 2080 1172 2116 frangi
1192 2087 1244 2108 nec
1266 2080 1374 2108 concuti
1397 2085 1496 2115 potest.
1515 2080 1637 2108 Firmata
1664 2086 1708 2108 est

919 2125 991 2154 enim
1018 2127 1044 2154 in
1069 2127 1149 2156 bonis
1172 2127 1229 2155 suis
1246 2126 1338 2154 divina
1351 2131 1379 2154 et
1390 2126 1584 2154 sublimissima
1599 2130 1707 2154 natura.

918 2173 1020 2201 Contra
1032 2181 1111 2209 quem
1125 2174 1265 2203 Christum
1286 2173 1405 2202 oblocuti
1427 2178 1508 2205 sunt,
1535 2177 1664 2207 tanquam
1680 2173 1707 2200 in

918 2226 1033 2254 persona
1048 2211 1158 2254 Moysis,
1174 2227 1323 2255 synagoga,
1338 2227 1399 2254 quae
1423 2219 1494 2253 apud
1511 2218 1629 2246 Pilatum
1642 2226 1706 2246 eum

919 2265 1057 2292 accusavit
1078 2269 1106 2293 et
1124 2264 1267 2292 clamavit:
1297 2264 1382 2297 Tolle,
1405 2263 1531 2299 cruciﬁge
1543 2263 1576 2290 ".
1604 2263 1707 2291 Deinde

918 2318 983 2339 vero
998 2311 1098 2347 duplici
1118 2311 1289 2340 oﬂ‘enderunt
1305 2311 1395 2346 plaga,
1421 2311 1492 2339 sicut
1507 2316 1614 2346 petram
1632 2309 1708 2345 Moy-

918 2362 963 2384 ses
981 2356 1023 2384 bis
1044 2356 1190 2391 percussit.
1205 2356 1400 2391 lnterfecerunt
1422 2357 1494 2383 enim
1517 2356 1655 2382 Auctore»:
1669 2356 1708 2382 vi-

918 2406 952 2429 ue
973 2402 1000 2434 ',
1030 2402 1127 2430 deinde
1151 2402 1231 2430 etiam
1257 2402 1420 2437 persuadere
1444 2401 1606 2433 voluerunt,
1633 2403 1704 2436 quod

919 2447 1048 2475 manserit
1061 2447 1131 2475 inter
1146 2452 1276 2475 mortuos.
1293 2446 1346 2475 Sed
1360 2447 1473 2474 reddidit
1487 2453 1561 2480 petra
1576 2447 1705 2481 ﬂuentum

918 2493 1067 2526 abundans,
1082 2498 1106 2519 et
1126 2493 1223 2526 potavit
1247 2497 1341 2520 ctztum
1365 2494 1512 2519 uniuersum
1526 2492 1547 2518 ⁸.
1562 2490 1706 2518 lnundavit

917 2539 989 2567 enim
1007 2539 1101 2566 orbem
1119 2544 1252 2566 terrarum
1274 2539 1401 2566 Christus
1423 2536 1527 2566 sanctis
1550 2537 1704 2571 divinisque

916 2585 1036 2613 ﬂuentis.
1051 2584 1112 2620 lpse
1127 2585 1172 2620 qui
1192 2585 1307 2613 scaturit
1329 2585 1459 2613 ﬂuentum
1475 2584 1597 2611 divinum
1610 2583 1703 2610 sitien-

917 2631 998 2663 tibus,
1022 2635 1050 2658 et
1065 2629 1206 2665 profundit
1222 2639 1320 2666 aquam
1347 2631 1380 2659 de
1410 2630 1507 2662 latere,
1537 2628 1611 2657 ferro
1630 2628 1702 2655 hanc

915 2683 1011 2703 venam
1024 2676 1162 2711 aperiente
1177 2684 1184 2702 :
1199 2680 1227 2703 et
1250 2675 1460 2703 amaritudinem
1490 2673 1593 2706 Merrae,
1633 2672 1702 2707 legis

916 2728 1012 2754 nempe
1035 2721 1155 2754 ultricis,
1175 2721 1289 2748 mutavit
1314 2721 1341 2748 in
1361 2720 1498 2748 dulcorem
1527 2717 1703 2752 susceptione

1013 2778 1126 2808 “Joan.
1143 2785 1200 2812 ιιι,
1213 2777 1256 2805 15.
1312 2777 1321 2792 ¹
1351 2777 1411 2804 Act.
1431 2784 1472 2810 ιιι,
1501 2775 1543 2803 l5.
1601 2773 1701 2802 'Psai.
