1918 3069
179 121 231 150 1ὶὸ

178 193 241 228 ligni
259 193 361 227 crucis,
384 198 411 222 et
427 194 549 230 mysterii
565 193 640 228 ejus.‘
661 181 762 222 Littera
783 197 858 224 enim
878 202 905 224 et
922 198 964 225 lex

170 240 284 281 "occidit,
301 241 411 275 spiritus
431 248 504 274 vero.
523 246 551 269 et
569 241 704 277 spiritalis
723 243 813 272 cultus
829 245 965 281 evangeli-

185 293 223 312 :us
237 286 347 320 viui/ica!
363 286 383 314 ³.

211 415 334 451 Magnam
358 423 423 443 vero
449 425 543 444 curam
566 425 664 453 gerens
691 419 761 446 Deus
780 419 813 447 de
839 420 960 455 homine,

175 463 256 490 etiam
273 462 372 490 caelum
391 463 441 498 ipsi
463 464 562 498 aperit,
587 469 614 491 et
639 464 780 494 caelestem
803 466 841 493 illi
869 473 959 494 escam

173 508 286 542 praebet,
310 508 422 544 ipseque
441 508 514 536 illum
544 517 623 537 manu
652 511 735 543 ducit,
756 510 868 539 eﬂ‘ectus
882 512 962 539 itine-

174 555 298 583 rantibus
317 556 420 589 lumen,
445 557 554 592 agitque
574 559 600 585 in
624 559 682 586 vias
709 566 776 594 quas
797 567 846 594 per
860 568 889 588 se
911 561 961 588 hu-

173 609 252 628 mana
277 601 387 637 ignorat
410 607 516 630 natura.
535 603 605 637 Quin
626 604 709 631 etiam
726 612 840 640 vespere
854 611 962 642 ortygo-

172 652 299 681 metram,
324 648 411 682 primo
439 653 528 676 autem
554 649 674 677 diluculo
703 658 802 678 manna
831 652 959 686 demittit,

170 693 281 728 oblique
299 694 378 721 nobis
392 694 516 730 exemplo
533 695 737 729 subindicante,
755 701 905 725 amatorem
922 706 960 726 rc-

172 748 233 767 rum
249 744 418 768 terrenarum
439 741 466 768 in
483 741 642 777 intelligibili
665 741 768 770 lumine
783 750 957 778 nequaquam

172 787 276 814 versari
291 796 298 813 :
315 794 376 821 qua:
390 793 439 821 per
457 791 672 822 ortygometram
699 789 860 822 innuuutur,
877 797 959 824 quam

172 831 428 866 concupiscentibus
442 833 558 868 porrigit
570 833 652 866 Deus,
668 842 720 861 non
736 835 847 862 trahens
862 835 919 870 ipse
933 836 958 862 in

170 878 428 913 concupiscentiam,
453 881 573 907 nondum
599 887 663 907 vero
688 880 807 916 largiens
831 881 958 910 virtutem

172 924 277 952 fortiter
302 924 456 952 debellandi
480 926 634 960 passiones.
662 926 760 954 Manna
791 927 886 955 umbra
908 928 959 956 fuit

171 971 392 998 documentorum
415 977 441 998 et
457 971 590 999 donorum
608 980 656 1007 per
678 973 816 1001 Christum
828 995 836 1006 ,
851 981 911 1008 quae
926 984 958 1002 ex

169 1016 224 1044 alto
239 1016 399 1052 ctelitusque
414 1017 590 1052 proveniunt,
608 1026 658 1046 nec
672 1024 810 1046 terrenum
835 1019 900 1053 quid
915 1021 960 1047 ad-

169 1064 277 1092 mistum
306 1065 421 1098 habent,
454 1069 605 1099 carentque
632 1065 722 1100 potius
749 1067 822 1094 omni
856 1067 958 1094 carnali

623 123 904 153 SUPPLEMENTUM
922 125 967 152 AD
987 125 1150 154 ORIGENIS
1168 127 1372 156 EXEGETICA.

1763 133 1818 160 LM

1019 198 1114 233 νόμου,
1137 199 1284 234 μετέϐαλεν
1302 201 1342 232 εἰς
1361 201 1516 236 γλυκύτητα
1541 203 1574 237 τῇ
1598 202 1741 239 παραδοχῇ
1762 203 1814 230 τοῦ

1019 244 1098 276 ξύλου
1111 245 1157 272 τοῦ
1172 246 1300 282 (ι’-ειιυροίἓ⁷
1319 248 1366 274 καὶ
1380 247 1427 274 τοῦ
1441 249 1483 274 ἐπ’
1500 248 1575 284 αὐτῷ
1592 249 1756 284 μυστηρίου.
1775 249 1814 279 Τὸ

1018 291 1073 326 γὰρ
1085 290 1201 326 γράμμα
1218 293 1265 319 καὶ
1279 293 1293 319 ὁ
1306 292 1387 328 νόμος
1400 293 1580 324 ἀποκτείνει,
1597 293 1629 320 τὸ
1643 293 1676 321 δὲ
1689 293 1815 328 πνεῦμα

1018 335 1066 362 καὶ
1093 337 1110 372 ἡ
1142 337 1171 363 ὲν
1198 337 1333 372 πνεύματι
1361 337 1474 373 λατρεία
1500 339 1518 373 ἠ
1547 338 1711 374 εὐαγγελικὴ
1737 338 1814 370 ξω(-

1017 386 1104 407 ποιεί.

1049 426 1178 464 Μεγάλην
1199 427 1228 454 δὲ
1248 428 1374 465 πρόνοιαν
1398 428 1557 464 ποιούμενος
1575 430 1590 456 ὁ
1609 429 1676 462 Θεὸς
1693 429 1741 456 τοῦ
1761 430 1813 457 ἀν-

1014 471 1133 508 θρώπου,
1156 473 1203 500 καὶ
1223 473 1336 510 οὐρανὸν
1356 474 1430 510 αὐτῷ
1449 475 1561 509 ἀνοίγει,
1580 476 1626 502 καὶ
1640 476 1745 513 τροφὴν
1761 476 1816 504 αὐ-

1012 519 1051 555 τῷ
1066 519 1172 546 δίδωσιν
1197 520 1333 555 οὐράνιον,
1356 521 1403 547 καὶ
1422 523 1588 557 χειραγωγεί
1611 522 1692 549 αὑτὸν
1715 523 1812 556 αὐτὸς,

1011 566 1153 600 γινόμενος
1166 567 1223 598 τοῖς
1238 566 1359 593 ὁδεύουσι
1380 566 1448 602 φῶς,
1463 567 1510 595 καὶ
1523 567 1598 602 ἄγων
1612 568 1658 594 ἐπὶ
1668 569 1757 601 ὁδοὺς.
1776 569 1812 602 ἃς

1012 611 1071 638 καθ’
1088 612 1186 648 ἑαυτὴν
1197 613 1213 648 ἠ
1226 612 1385 649 ἀνθρωπίνη
1400 613 1481 648 φύσις
1495 615 1545 640 οὐκ
1557 615 1712 642 ἐπίσταται.
1733 610 1812 653 Πλῆν

1011 657 1132 694 ἑσπέρας
1149 659 1198 694 μὲν
1221 659 1271 694 τὴν
1296 659 1514 696 ὀρτυγομήτραν,
1540 660 1648 701 ἃμα
1670 663 1703 698 τῇ
1721 662 1760 698 ἒῳ
1779 663 1812 690 τὸ

1013 705 1099 739 μάννα
1123 705 1243 742 καθίησι,
1275 706 1396 741 πλαγίως
1422 708 1487 742 ἡμῖν
1508 707 1555 734 τοῦ
1583 700 1811 745 παραδείγματος

1011 751 1236 786 ὑπεμφαίνοντος,
1258 752 1300 779 ὅτι
1323 753 1361 788 μή
1391 753 1464 780 ἐστιν
1489 753 1518 780 ὲν
1542 755 1614 789 φωτὶ
1640 755 1728 791 νοητῷ
1752 755 1811 783 τῶν

1010 796 1111 832 γηΐνων
1125 798 1139 824 ὁ
1158 798 1292 834 ἐραστήςσ
1308 798 1327 826 ἃ.
1342 799 1386 826 διὰ
1405 800 1453 836 τῆς
1475 800 1683 838 ὸρτυγομήτρας
1704 792 1810 838 σημαί-

1011 850 1095 875 νεται,
1117 843 1150 879 ἦν
1170 844 1261 880 ὀρέγει
1278 844 1437 881 ἐπιζητοῦσι
1457 845 1534 878 Θεὸς,
1553 847 1601 882 οὐχ
1618 847 1704 875 ἕλκων
1722 848 1809 881 αὐτὸς

1010 889 1049 920 εἰς
1071 889 1229 926 ἐπιθυμίαν,
1247 890 1324 918 οὔπω
1342 891 1370 918 δὲ
1388 892 1477 925 διδοὺς
1492 893 1523 920 τὸ
1544 886 1829 922 κατανεανιεύεειθαι¹

1010 934 1112 961 παθῶν.
1131 935 1167 962 Τὸ
1180 935 1209 962 δὲ
1224 936 1311 972 μάννα
1331 937 1394 964 σκιὰ
1408 938 1462 964 τῶν
1485 938 1529 966 διὰ
1551 939 1670 975 Χριστοῦ
1693 941 1809 968 παιδευ-

1011 980 1103 1015 μάτων
1121 990 1150 1007 τε
1175 982 1223 1009 καὶ
1242 984 1431 1019 χαρισμάτων,
1457 984 1474 1011 ἃ
1495 984 1598 1012 ἄνωθέν
1622 987 1680 1013 ἑστι
1703 987 1753 1013 καὶ
1775 988 1809 1021 ἐξ

1009 1025 1135 1061 οὐρανοῦ,
1150 1028 1241 1054 καὶτὸ
1254 1028 1354 1062 γεῶδες
1371 1030 1421 1056 οὐκ
1440 1030 1506 1066 ἔχει,
1526 1031 1637 1068 ἀμοιρεῖ
1657 1032 1685 1059 δὲ
1703 1033 1808 1069 μᾶλλον

1010 1071 1055 1098 καὶ
1071 1072 1211 1109 βδελυρίας
1234 1075 1378 1110 σαρκικῆς.
1397 1076 1452 1102 Καὶ
1468 1076 1554 1109 οὕτως
1572 1078 1659 1114 τροφὴ
1683 1079 1808 1115 πνευμά-

168 1110 382 1138 abominatione.
410 1110 500 1145 Atque
525 1110 566 1137 sic
592 1118 655 1138 esca
679 1111 803 1146 spiritus,
827 1118 869 1140 est
884 1118 956 1141 recta

1010 1127 1063 1144 των
1074 1119 1177 1155 ἐστὶνὴ
1196 1120 1225 1146 ἐν
1243 1120 1348 1153 τούτοις
1368 1122 1436 1158 ὀρθὴ
1459 1123 1507 1150 καὶ
1528 1110 1673 1160 ἀκίέδηλος
1690 1110 1806 1159 γνῶαις,

167 1156 330 1191 sinceraque
355 1164 450 1184 eorum
478 1156 609 1191 cognitio,
637 1156 715 1191 cujus
743 1157 959 1187 subministratio

168 1207 296 1236 tanquam
318 1202 344 1229 in
367 1202 426 1229 luce
437 1207 465 1229 et
481 1201 525 1229 die
544 1202 584 1234 ﬁt,
603 1202 746 1230 exoriente
763 1203 825 1232 Sole
845 1204 958 1239 justitiie

167 1249 282 1276 Domino
295 1252 400 1281 nostro,
424 1248 470 1282 qui
483 1247 578 1276 educat
605 1255 655 1276 nos
676 1249 703 1275 iu
720 1249 802 1276 vitam
816 1255 956 1279 aeternam.

201 1295 254 1328 Qui
283 1295 356 1322 enim
384 1302 480 1322 manna
515 1295 646 1326 comedit.
666 1297 788 1330 superior
814 1297 867 1324 erit
882 1298 955 1325 omni

167 1341 350 1375 corruptione,
369 1346 396 1368 et
426 1340 561 1368 transiliet
579 1345 705 1368 mortem.
731 1341 776 1368 Ait
800 1349 875 1375 vero,
896 1340 955 1370 Col-

166 1388 263 1423 ligetur
277 1395 293 1413 a
315 1386 559 1419 contubernalibus,
576 1391 600 1413 et
626 1394 678 1413 non
706 1386 860 1422 relinquetis
878 1395 910 1415 es:
925 1395 954 1415 eo

165 1440 247 1467 usque
269 1440 346 1459 mane
361 1431 383 1458 ⁸.
407 1431 594 1459 Necessarium
622 1435 664 1458 est
689 1432 761 1459 enim
787 1432 880 1466 nobis,
908 1434 954 1468 qui

165 1478 285 1511 ejusdem
300 1477 381 1504 simul
399 1484 492 1504 sumus
509 1477 572 1504 ﬁdei
595 1476 720 1511 idemque
747 1477 878 1505 habemus
893 1486 956 1506 con—

165 1525 330 1555 tuberuium,
346 1523 497 1552 Ecelesiam
526 1523 661 1555 videlicet,
686 1528 714 1550 ut
737 1523 840 1552 divinis
854 1525 955 1552 nostris

163 1572 297 1600 saticmur
305 1570 486 1602 sermonibus,
500 1577 549 1597 nec
559 1570 734 1597 observemus
746 1569 868 1597 umbram
882 1575 953 1604 post-

162 1625 243 1653 quam
260 1617 363 1644 veritas
378 1616 523 1644 manifeste
538 1616 673 1650 apparuit.
686 1614 738 1647 Qui
755 1615 837 1646 enini.
853 1615 902 1648 ait,
919 1617 946 1642 in

161 1663 217 1698 lege
228 1661 425 1696 iustiﬁcamim‘,
437 1669 452 1687 (ι
468 1661 551 1695 gratia
560 1659 695 1687 excidisti:
707 1659 727 1686 '.
744 1659 797 1686 Sed
812 1668 872 1687 cum
889 1667 950 1694 pcr-

160 1708 315 1736 venerimus
348 1715 398 1742 per
426 1707 506 1734 fidem
532 1705 565 1733 ad
588 1706 758 1741 spiritualem
791 1707 817 1734 in
841 1707 950 1734 Christo

159 1754 366 1785 sabbatismum,
383 1754 410 1781 id
427 1758 467 1781 est
481 1753 514 1780 ad
528 1753 698 1780 vacationem
720 1761 752 1781 ac
767 1753 948 1781 cessationem

159 1811 173 1828 a
187 1805 319 1836 peccato;
341 1807 393 1827 non
416 1804 545 1834 tanquam
564 1799 686 1826 inutilem
716 1800 892 1833 repudiamus
909 1805 948 1827 tot

158 1846 302 1883 praeceptis
319 1851 507 1873 coacervatam
518 1845 574 1880 jam
591 1844 658 1879 legis
674 1844 866 1878 eruditionem,
889 1852 948 1872 ma-

158 1894 341 1921 nuducentem
359 1900 407 1920 nos
422 1892 456 1919 ad
472 1891 623 1919 Christum.
645 1889 771 1925 Legimus
788 1891 860 1917 enim
887 1889 946 1916 Μο-

157 1942 246 1969 saicas
261 1940 383 1972 umbras,
407 1946 461 1973 quo
486 1939 511 1964 in
537 1937 591 1964 illis
616 1937 758 1964 veritatem
779 1943 945 1971 qnarramus,

156 1997 221 2016 nova
235 1992 259 2015 et
274 1991 359 2014 vetera
375 1987 407 2013 de
423 1985 545 2012 thesauro
559 1983 722 2017 proferente:
736 1982 756 2008 ⁸.
773 1983 825 2009 Aut
840 1983 862 2009 si
883 1990 941 2008 ma-

154 2035 208 2065 vis.
224 2041 284 2068 qua:
299 2033 343 2060 hic
359 2031 518 2066 collegimus
535 2029 560 2055 in
574 2034 722 2063 parasceve
743 2027 817 2064 (84),
836 2027 894 2055 haec
910 2028 945 2054 ibi

153 2081 297 2109 sabbatum
319 2082 432 2113 agentes
443 2075 624 2106 inveniemus,
641 2079 669 2101 ct
686 2075 871 2101 cnutriemur.

188 2126 259 2154 Olim
271 2124 381 2159 quidem
403 2129 498 2155 panem
521 2121 553 2147 de
576 2119 639 2147 etrlo
661 2119 733 2146 dedit
757 2119 828 2146 Deus
847 2119 943 2154 populo

152 2181 212 2206 suo,
229 2173 273 2208 qui
292 2171 364 2198 nullo
380 2169 498 2197 adhibito
519 2167 611 2195 labore
633 2168 668 2193 ad
692 2174 794 2193 omnem
819 2167 942 2201 volupta-

151 2218 309 2245 temvalebat
327 2224 336 2243 :
360 2216 393 2242 ad
409 2215 478 2250 quod
495 2213 565 2241 enim
591 2212 652 2247 quis
668 2212 755 2244 vellet,
779 2218 939 2247 atlempem-
958 2218 979 2246 Α

152 2267 230 2291 batur
239 2264 261 2290 ⁷.
273 2263 375 2290 Eadem
386 2265 428 2288 est
442 2260 518 2287 verbi
538 2259 657 2286 animam
673 2258 818 2285 nutrientis
830 2263 940 2290 natura,

152 2315 242 2346 aptata
259 2310 292 2336 ad
310 2308 465 2336 facultatem
480 2306 541 2340 eius
557 2305 604 2341 qui
616 2305 746 2332 nutritur.
763 2303 791 2331 Si
809 2303 939 2330 infantem

151 2358 197 2385 lex
211 2357 323 2388 nutriat,
339 2355 370 2383 fit
383 2355 444 2386 lac;
465 2353 488 2381 si
505 2353 679 2387 languentem
705 2351 836 2384 animam,
852 2350 912 2377 olus
930 2358 938 2383 ;

150 2405 173 2432 si
190 2404 276 2432 virum
291 2403 459 2438 perfectum,
476 2401 578 2429 solidus
590 2401 678 2428 cibus.
691 2398 750 2425 Non
767 2403 857 2424 tamen
873 2396 940 2423 resi—

150 2451 277 2478 dentibus
290 2449 367 2477 nobis
382 2448 457 2476 venit
472 2455 580 2478 manna.
596 2447 643 2474 sed
660 2450 741 2473 extra
764 2449 854 2472 castra
874 2450 939 2470 con-

151 2496 344 2528 tendentibus;
369 2502 467 2529 corpus
499 2493 636 2525 videlicet,
665 2493 692 2519 in
716 2498 770 2526 quo
803 2489 940 2518 clauditur

149 2544 238 2571 anima
252 2548 379 2577 tanquam
395 2542 420 2568 in
435 2548 557 2568 carcere.
585 2539 698 2574 Oportet
721 2538 794 2566 enim
818 2536 936 2563 animam

149 2598 201 2616 non
219 2589 333 2623 amplius
350 2588 377 2614 in
392 2595 475 2615 carne
490 2594 562 2620 esse,
580 2586 626 2614 sed
643 2586 668 2613 in
682 2585 791 2619 spiritu.
806 2583 842 2610 At
857 2589 936 2609 nemo

148 2636 193 2669 qui
207 2639 297 2669 portat
315 2634 455 2669 lnioginent
470 2633 569 2661 terreni
581 2633 602 2665 ⁸,
620 2635 710 2666 potest
726 2629 869 2658 coslcstem
885 2635 934 2677 pa.—

149 2688 209 2706 ucm
231 2680 394 2707 manducare
413 2688 420 2705 ι
440 2678 569 2706 Animalia
594 2678 664 2705 enim
684 2677 762 2703 homo
790 2682 842 2701 non
865 2678 934 2707 capit

183 2736 192 2751 '
204 2737 224 2763 ll
240 2737 302 2764 Cor.
317 2744 357 2769 Ill,
378 2737 404 2763 6.
424 2735 435 2751 ‘
451 2735 534 2763 Exod.
552 2734 659 2768 “1,48,
672 2733 716 2760 l9.

184 2796 240 2832 (8/4)
255 2783 289 2832 id
305 2800 352 2828 est,
370 2796 577 2832 pgeparationef
645 2829 657 2832 _
722 2828 728 2832 _
744 2829 750 2832 _
786 2827 798 2832 _

182 2831 237 2867 (85)
253 2828 375 2867 bacnna.
387 2828 468 2867 Forte
479 2831 553 2858 deest
571 2829 670 2866 Ἰησοῦ,
687 2828 829 2862 ιὀΙὴμῶν-

181 2865 236 2902 (8(5)
251 2866 296 2893 Vel
311 2865 453 2896 ἀνάδειξιν.

1007 1161 1041 1200 ἦς
1080 1165 1205 1202 χορηγία,
1215 1166 1252 1197 ὡς
1263 1168 1292 1193 ὲν
1305 1168 1374 1201 φωτὶ
1385 1169 1431 1194 καὶ
1445 1169 1536 1205 ἡμέρα
1552 1170 1666 1205 γίνεται,
1679 1171 1807 1207 ἀνίσχον-

1007 1218 1052 1241 τος
1065 1210 1111 1237 τοῦ
1127 1210 1214 1237 Ἠλίου
1221 1212 1272 1247 τῆς
1289 1212 1461 1250 δικαιοσύνης
1476 1216 1579 1251 Κυρίου
1599 1215 1668 1252 (85),
1685 1216 1715 1249 ὃς
1731 1218 1804 1244 ἀπο-

1006 1254 1102 1290 τρὲφει
1114 1254 1187 1290 ἡμᾶς
1199 1256 1239 1287 εἰς
1256 1256 1327 1292 ζωὴν
1344 1257 1495 1293 ἀμήρυτον.

1047 1301 1075 1327 '0
1089 1300 1143 1336 γὰρ
1155 1301 1186 1327 τὸ
1199 1301 1268 1328 θεῖον
1282 1303 1368 1338 μάννα
1384 1304 1572 1339 κατεδηδοκὼς
1585 1306 1706 1341 ἀμείνων
1723 1306 1804 1337 ἔσται

1006 1345 1109 1382 φθορᾶς
1120 1346 1167 1372 καὶ
1180 1347 1355 1382 ὑπεραλεῖται
1367 1349 1492 1377 θανάτου.
1505 1350 1689 1383 Συλλέξεται
1702 1344 1743 1384 δέ,
1753 1361 1805 1388 φη-

1006 1391 1043 1421 σὶ.
1055 1391 1116 1424 τοῖς
1130 1391 1309 1426 συσκήνοις,
1324 1393 1374 1421 καὶ
1384 1395 1420 1421 οὺ
1432 1395 1628 1430 καταλείψετε
1639 1396 1690 1424 ἀπ’
1705 1396 1804 1424 αὐτοῦ

1004 1437 1047 1469 είς
1058 1436 1091 1462 τὸ
1102 1438 1184 1471 πρωΐ.
1196 1438 1257 1474 Χρὴ
1268 1439 1322 1474 γὰρ
1338 1439 1406 1474 ὁμοῦ
1427 1441 1483 1472 τοῖς
1494 1441 1662 1476 ὁμοπίστοις,
1679 1443 1736 1474 τοῖς
1749 1443 1802 1478 τὴν

1004 1481 1108 1507 οἰκοῦσι
1131 1482 1244 1518 σκηνὴν,
1272 1484 1321 1519 τὴν
1349 1485 1522 1521 Ἐκκλησίαν,
1547 1486 1600 1512 τῶν
1623 1486 1703 1514 Θείων
1721 1487 1803 1522 ἡμῶν

1006 1527 1186 1564 ἐμφορεῖσθαι
1209 1529 1307 1564 λόγων,
1331 1531 1377 1557 καὶ
1398 1532 1435 1567 μὴ
1459 1533 1551 1568 τηρεῖν
1567 1533 1616 1568 τὴν
1637 1533 1716 1560 σκιὰν
1731 1534 1804 1569 μετὰ

1005 1573 1055 1608 τὴν
1067 1574 1115 1609 τῆς
1128 1574 1256 1610 ἀληθείας
1265 1569 1445 1612 ἔνδειξιν(86).
1458 1578 1572 1611 Οἵτινες
1583 1579 1757 1615 γὸργφησὶν,
1767 1581 1804 1607 ἐν

1005 1619 1086 1654 νόμῳ
1098 1619 1286 1654 δικαιοῦσθε,
1311 1622 1366 1656 τῆς
1387 1623 1507 1658 χάριτος
1534 1624 1703 1656 ἐξεπέσετε.
1725 1626 1803 1661 Πλὴν

1005 1665 1150 1701 ἀφιγμένοι
1162 1666 1205 1693 διὰ
1220 1668 1268 1703 τῆς
1288 1668 1405 1700 πίστεως
1421 1670 1460 1701 εἰς
1475 1669 1521 1696 τὸν
1542 1670 1572 1697 ὲν
1593 1670 1704 1706 Χριστῷ
1724 1671 1803 1699 νοού-

1006 1718 1085 1744 μενον
1102 1710 1296 1746 σαϐϐατισμὺν,
1313 1713 1450 1740 τουτέστιν
1468 1715 1507 1745 εἰς
1525 1714 1625 1750 ἀργίαν
1646 1716 1694 1742 καὶ
1715 1717 1802 1744 κατά-

1003 1754 1078 1791 ληξιν
1090 1756 1138 1791 τὴν
1155 1756 1184 1789 ἐξ
1198 1758 1335 1793 ἁμαρτίας
1346 1779 1353 1791 ,
1371 1759 1419 1794 οὐχ
1439 1760 1477 1792 ὡς
1497 1760 1634 1796 ἄχρηστον
1650 1763 1801 1798 παραιτού-

1004 1801 1073 1836 μεθα
1087 1802 1135 1838 τὴν
1148 1803 1369 1840 προσωρευθείαν
1394 1805 1450 1841 (87)
1477 1806 1523 1833 τοῦ
1541 1806 1624 1842 νόμου
1644 1807 1799 1840 παίδευσιν,

1002 1848 1224 1884 χειραγωγοῦσαν
1245 1851 1319 1885 ἡμᾶς
1341 1852 1381 1883 εἰς
1403 1851 1530 1887 Χριστόν.
1555 1852 1798 1890 Περιτυγχᾱνομεν

1001 1895 1055 1930 γὰρ
1071 1897 1131 1927 ταῖς
1142 1895 1185 1922 διὰ
1198 1896 1318 1929 Μωσέως
1332 1898 1438 1930 σκιαῖς,
1456 1897 1498 1924 ἵνα
1518 1899 1568 1934 τὴν
1587 1899 1615 1925 ὲν
1638 1900 1735 1932 αὑταῖς
1748 1899 1799 1936 ζη-

1000 1940 1090 1976 τῶμεν
1104 1941 1240 1977 ἀλήθειαν,
1254 1943 1342 1969 καινὰ
1352 1943 1399 1970 καὶ
1412 1943 1524 1971 παλαιὰ
1534 1945 1568 1971 ἐκ
1579 1946 1735 1979 θησαν,ψοῦ
1747 1947 1798 1973 ἐκ-

1000 1985 1173 2019 ϐάλλοντες.
1190 1987 1221 2013 Εἰ
1237 1987 1265 2014 δὲ
1282 1987 1388 2022 βούλει,
1406 1989 1476 2025 ἅπερ
1495 1989 1610 2016 ἐνταῦθα
1630 1990 1797 2026 συλλέξομεν

1000 2031 1028 2056 ὲν
1041 2033 1211 2067 παρασκευῇ,
1225 2032 1312 2059 ταῦτα
1331 2034 1419 2060 ἐκεῖσε
1439 2032 1651 2067 σαϐϐατίσαντες
1677 2036 1796 2071 εὑρήσο-

1000 2085 1049 2110 μεν
1067 2078 1113 2103 καὶ
1127 2078 1331 2113 τραφησόμεθα.
1377 2073 1379 2075 ’

1035 2121 1103 2157 (87')
1122 2122 1210 2149 Πάλαι
1225 2123 1274 2158 μὲν
1291 2121 1336 2150 οὖν
1350 2125 1442 2158 ἄρτον
1452 2125 1501 2152 ἀπ’
1509 2127 1639 2160 οὐρανοῦ
1650 2127 1767 2154 ἔδωκεν
1777 2130 1796 2155 ὁ

999 2168 1069 2200 Θεὸς
1092 2168 1132 2201 τῷ
1146 2168 1210 2201 λαῷ
1233 2169 1344 2202 αὑτοῦ,
1364 2170 1555 2204 duci/tiaram
1582 2174 1657 2206 πρὸς
1685 2172 1794 2201 πᾶσαν

995 2213 1111 2248 ἡδονὴν
1126 2215 1270 2248 ἰσχύοντα
1281 2224 1287 2230 ·
1301 2216 1375 2249 πρὲς
1390 2216 1405 2242 ὃ
1423 2216 1477 2251 γάρ
1492 2226 1536 2250 τις
1550 2218 1691 2246 ἐϐούλετο
1700 2228 1793 2253 μετε-

995 2261 1126 2294 κρίνατο.
1143 2262 1260 2298 Τοιαύτη
1277 2262 1304 2289 δὲ
1319 2265 1334 2299 ἡ
1350 2264 1396 2292 τοῦ
1413 2265 1559 2301 τρέφοντος
1579 2267 1628 2302 τὴν
1647 2266 1738 2306 ψυχὴν
1751 2267 1793 2294 λό-

994 2317 1043 2343 γου
1061 2308 1151 2343 φύσις,
1168 2310 1235 2345 πρὸς
1248 2310 1298 2346 τὴν
1316 2311 1429 2346 δύναμιν
1444 2312 1490 2338 τοῦ
1513 2313 1682 2349 τρεφομένου
1703 2323 1790 2349 μετα-

993 2353 1136 2381 ϐάλλουσα.
1160 2355 1221 2382 Ἐὰν
1233 2356 1329 2392 νήπιον
1346 2357 1433 2393 τρέφῃ
1447 2359 1460 2384 ὁ
1473 2358 1564 2393 νόμος,
1579 2359 1650 2393 γάλα
1661 2360 1767 2393 γίνεται
1780 2370 1787 2376 ·

993 2399 1040 2426 ἐὰν
1057 2401 1146 2437 ψυχὴν
1164 2401 1345 2433 ἀσθενοῦσαν.
1369 2403 1484 2438 λάχανον
1495 2413 1502 2420 δ
1519 2404 1567 2431 ἐὰν
1591 2405 1708 2437 τέλειον,
1725 2415 1791 2433 στε-

995 2445 1045 2481 ρεὰ
1069 2447 1165 2482 τροφή.
1194 2446 1231 2473 Οὐ
1264 2446 1455 2482 καθεζομένοις
1481 2447 1510 2474 δὲ
1533 2449 1599 2484 ἡμῖν
1627 2448 1738 2484 ἔρχεται
1755 2450 1789 2477 τὸ

995 2491 1091 2524 μάννα,
1109 2491 1167 2518 ἀλλ’
1184 2492 1342 2528 ἐρχομένοις
1367 2493 1419 2525 ἔξω
1434 2494 1483 2529 τῆς
1500 2494 1678 2530 παρεμϐολῆς
1689 2503 1695 2509 ⁸
1712 2495 1788 2530 λέγω

991 2536 1023 2572 δὴ
1049 2536 1096 2563 τοῦ
1122 2537 1263 2573 σώματος,
1281 2537 1309 2564 ἐν
1325 2534 1347 2572 ᾧ
1367 2539 1503 2574 ἑνεῖρκται
1527 2540 1544 2574 ἡ
1560 2539 1645 2575 ψυχή.
1672 2541 1719 2566 Δεῖ
1729 2541 1787 2578 γὰρ

990 2582 1038 2618 τὴν
1053 2582 1141 2619 ψυχὴν
1160 2583 1256 2619 μηκέτ’
1272 2581 1340 2611 εἶναι
1357 2585 1386 2611 ἐν
1402 2584 1504 2620 σαρκὶ,
1519 2585 1576 2611 ἀλλ’
1589 2585 1619 2611 ὲν
1632 2585 1783 2623 πνεύματι.

990 2626 1084 2660 Οὐδεὶς
1101 2627 1147 2660 δὲ,
1165 2627 1263 2662 φορῶν
1284 2628 1341 2663 τὴν
1356 2630 1458 2656 εἰκόνα
1476 2629 1527 2656 τοῦ
1541 2630 1656 2663 χοϊκοῦ,
1669 2631 1784 2658 δύναται

989 2673 1070 2708 ἄρτον
1096 2673 1221 2709 οὐράνιον
1250 2676 1362 2709 φαγεῖν·
1380 2674 1446 2701 διότι
1470 2676 1600 2710 ψυχικὸς
1625 2676 1784 2712 ἅνθρωπός

767 2731 779 2747 ⁵
791 2730 853 2758 Gal.
873 2736 900 2763 v,
913 2729 940 2756 4.

1009 2729 1083 2756 lattb.
1101 2737 1158 2761 xm,
1177 2728 1221 2756 52.
1241 2729 1325 2763 ’Sap.
1345 2737 1400 2760 xvr.
1420 2729 1466 2762 20,
1482 2728 1527 2756 2i.
1539 2728 1550 2744 '
1571 2728 1656 2758 lCor.
1672 2737 1719 2762 xv,
1734 2731 1782 2760 49.

1023 2788 1080 2825 (877)
1094 2787 1161 2825 Puto
1176 2789 1424 2825 προσωρευοεῑσαν.

1015 2823 1083 2859 (ετ)
1105 2823 1188 2858 Ὠρωί-
