  <div class='ocr_page' id='page_1' title='image "/cluster/home/n/w/nwhite01/storage/ocr_20150623/17/njp.32101010944583/092.png"; bbox 0 0 1918 3069; ppageno 0'>
   <div class='ocr_carea' id='block_1_1' title="bbox 103 127 156 156">
    <p class='ocr_par' dir='ltr' id='par_1_1' title="bbox 103 127 156 156">
     <span class='ocr_line' id='line_1_1' title="bbox 103 127 156 156; baseline 0 0"><span class='ocrx_word' id='word_1_1' title='bbox 103 127 156 156; x_wconf 66' lang='lat'><strong>“5</strong></span> 
     </span>
    </p>
   </div>
   <div class='ocr_carea' id='block_1_2' title="bbox 103 173 906 219">
    <p class='ocr_par' dir='ltr' id='par_1_2' title="bbox 103 173 906 219">
     <span class='ocr_line' id='line_1_2' title="bbox 103 173 906 219; baseline 0.014 -20"><span class='ocrx_word' id='word_1_2' title='bbox 103 174 140 201; x_wconf 84' lang='grc' dir='ltr'>οὐ</span> <span class='ocrx_word' id='word_1_3' title='bbox 164 173 284 209; x_wconf 76' lang='grc' dir='ltr'>δέχεται</span> <span class='ocrx_word' id='word_1_4' title='bbox 312 176 353 203; x_wconf 82' lang='grc' dir='ltr'>τὰ</span> <span class='ocrx_word' id='word_1_5' title='bbox 375 178 431 205; x_wconf 76' lang='grc' dir='ltr'>τοῦ</span> <span class='ocrx_word' id='word_1_6' title='bbox 459 180 637 214; x_wconf 79' lang='grc' dir='ltr'>πνεύματος.</span> <span class='ocrx_word' id='word_1_7' title='bbox 666 182 733 217; x_wconf 74' lang='grc' dir='ltr'>Περὶ</span> <span class='ocrx_word' id='word_1_8' title='bbox 748 180 784 218; x_wconf 60' lang='lat' dir='ltr'><strong>ﬁt:</strong></span> <span class='ocrx_word' id='word_1_9' title='bbox 804 183 906 219; x_wconf 73' lang='grc' dir='ltr'>τροφῆς</span> 
     </span>
    </p>
   </div>
   <div class='ocr_carea' id='block_1_3' title="bbox 104 221 906 259">
    <p class='ocr_par' dir='ltr' id='par_1_3' title="bbox 104 221 906 259">
     <span class='ocr_line' id='line_1_3' title="bbox 104 221 906 259; baseline 0.012 -13"><span class='ocrx_word' id='word_1_10' title='bbox 104 221 151 247; x_wconf 79' lang='grc' dir='ltr'>καὶ</span> <span class='ocrx_word' id='word_1_11' title='bbox 169 221 200 247; x_wconf 71' lang='grc' dir='ltr'>σὺ</span> <span class='ocrx_word' id='word_1_12' title='bbox 216 221 363 259; x_wconf 70' lang='grc' dir='ltr'><strong>ἐδιδάχθης</strong></span> <span class='ocrx_word' id='word_1_13' title='bbox 383 223 518 259; x_wconf 79' lang='grc' dir='ltr'>εὔχεσθαι.</span> <span class='ocrx_word' id='word_1_14' title='bbox 544 226 606 253; x_wconf 77' lang='grc' dir='ltr'>Ἐάν</span> <span class='ocrx_word' id='word_1_15' title='bbox 617 225 663 254; x_wconf 75' lang='grc' dir='ltr'>οὖν</span> <span class='ocrx_word' id='word_1_16' title='bbox 684 227 737 254; x_wconf 77' lang='grc' dir='ltr'><strong>τὸν</strong></span> <span class='ocrx_word' id='word_1_17' title='bbox 750 227 906 256; x_wconf 64' lang='grc' dir='ltr'>ἐπιούσιον</span> 
     </span>
    </p>
   </div>
   <div class='ocr_carea' id='block_1_4' title="bbox 105 266 903 310">
    <p class='ocr_par' dir='ltr' id='par_1_4' title="bbox 105 266 903 310">
     <span class='ocr_line' id='line_1_4' title="bbox 105 266 903 310; baseline 0.01 -17"><span class='ocrx_word' id='word_1_18' title='bbox 105 266 196 300; x_wconf 74' lang='grc' dir='ltr'>ἄρτον</span> <span class='ocrx_word' id='word_1_19' title='bbox 209 287 216 299; x_wconf 86' lang='grc'><strong>,</strong></span> <span class='ocrx_word' id='word_1_20' title='bbox 237 268 285 294; x_wconf 81' lang='grc' dir='ltr'><strong>τὸν</strong></span> <span class='ocrx_word' id='word_1_21' title='bbox 302 268 339 304; x_wconf 84' lang='grc' dir='ltr'>μὴ</span> <span class='ocrx_word' id='word_1_22' title='bbox 357 270 530 304; x_wconf 75' lang='grc' dir='ltr'>ἐκχωροῦντα</span> <span class='ocrx_word' id='word_1_23' title='bbox 541 290 548 302; x_wconf 94' lang='grc'><strong>,</strong></span> <span class='ocrx_word' id='word_1_24' title='bbox 565 271 610 298; x_wconf 83' lang='grc' dir='ltr'>τὸν</span> <span class='ocrx_word' id='word_1_25' title='bbox 626 272 664 307; x_wconf 79' lang='grc' dir='ltr'>μὴ</span> <span class='ocrx_word' id='word_1_26' title='bbox 678 273 903 310; x_wconf 77' lang='grc' dir='ltr'><strong>ἀποκρινόμενον,</strong></span> 
     </span>
    </p>
   </div>
   <div class='ocr_carea' id='block_1_5' title="bbox 105 313 903 354">
    <p class='ocr_par' dir='ltr' id='par_1_5' title="bbox 105 313 903 354">
     <span class='ocr_line' id='line_1_5' title="bbox 105 313 903 354; baseline 0.009 -15"><span class='ocrx_word' id='word_1_27' title='bbox 105 314 151 340; x_wconf 75' lang='grc' dir='ltr'>τὸν</span> <span class='ocrx_word' id='word_1_28' title='bbox 166 313 360 349; x_wconf 77' lang='grc' dir='ltr'><strong>ἀναδιδόμενον</strong></span> <span class='ocrx_word' id='word_1_29' title='bbox 389 316 429 347; x_wconf 82' lang='grc' dir='ltr'><strong>εις</strong></span> <span class='ocrx_word' id='word_1_30' title='bbox 453 315 502 350; x_wconf 71' lang='grc' dir='ltr'><strong>τὴν</strong></span> <span class='ocrx_word' id='word_1_31' title='bbox 525 316 618 344; x_wconf 79' lang='grc' dir='ltr'>οὐσίαν</span> <span class='ocrx_word' id='word_1_32' title='bbox 635 318 684 352; x_wconf 85' lang='grc' dir='ltr'>τῆς</span> <span class='ocrx_word' id='word_1_33' title='bbox 711 318 815 354; x_wconf 76' lang='grc' dir='ltr'>ψυχῆς,</span> <span class='ocrx_word' id='word_1_34' title='bbox 839 319 903 346; x_wconf 84' lang='grc' dir='ltr'>ὅταν</span> 
     </span>
    </p>
   </div>
   <div class='ocr_carea' id='block_1_6' title="bbox 104 359 902 401">
    <p class='ocr_par' dir='ltr' id='par_1_6' title="bbox 104 359 902 401">
     <span class='ocr_line' id='line_1_6' title="bbox 104 359 902 401; baseline 0.008 -15"><span class='ocrx_word' id='word_1_35' title='bbox 104 359 284 395; x_wconf 76' lang='grc' dir='ltr'>διαλαμϐάνω</span> <span class='ocrx_word' id='word_1_36' title='bbox 316 361 382 397; x_wconf 76' lang='grc' dir='ltr'>περὶ</span> <span class='ocrx_word' id='word_1_37' title='bbox 405 361 492 393; x_wconf 85' lang='grc' dir='ltr'>Θεοῦ,</span> <span class='ocrx_word' id='word_1_38' title='bbox 508 363 572 399; x_wconf 80' lang='grc' dir='ltr'>περὶ</span> <span class='ocrx_word' id='word_1_39' title='bbox 596 364 734 399; x_wconf 82' lang='grc' dir='ltr'><strong>Χριστοῦ,</strong></span> <span class='ocrx_word' id='word_1_40' title='bbox 764 365 828 401; x_wconf 82' lang='grc' dir='ltr'>περὶ</span> <span class='ocrx_word' id='word_1_41' title='bbox 852 365 902 401; x_wconf 79' lang='grc' dir='ltr'>τῆς</span> 
     </span>
    </p>
   </div>
   <div class='ocr_carea' id='block_1_7' title="bbox 709 129 1133 166">
    <p class='ocr_par' dir='ltr' id='par_1_7' title="bbox 709 129 1133 166">
     <span class='ocr_line' id='line_1_7' title="bbox 709 129 1133 166; baseline 0.014 -5"><span class='ocrx_word' id='word_1_42' title='bbox 709 129 893 163; x_wconf 69' lang='grc' dir='ltr'><strong>ΕΧΟΕΒΡΤΛ</strong></span> <span class='ocrx_word' id='word_1_43' title='bbox 915 137 947 164; x_wconf 87' lang='lat' dir='ltr'><strong>IN</strong></span> <span class='ocrx_word' id='word_1_44' title='bbox 966 138 1133 166; x_wconf 81' lang='lat' dir='ltr'><strong>PSALMOS.</strong></span> 
     </span>
    </p>
   </div>
   <div class='ocr_carea' id='block_1_8' title="bbox 1695 149 1745 175">
    <p class='ocr_par' dir='ltr' id='par_1_8' title="bbox 1695 149 1745 175">
     <span class='ocr_line' id='line_1_8' title="bbox 1695 149 1745 175; baseline 0 0"><span class='ocrx_word' id='word_1_45' title='bbox 1695 149 1745 175; x_wconf 63' lang='lat'><strong>1/36</strong></span> 
     </span>
    </p>
   </div>
   <div class='ocr_carea' id='block_1_9' title="bbox 962 186 1745 223">
    <p class='ocr_par' dir='ltr' id='par_1_9' title="bbox 962 186 1745 223">
     <span class='ocr_line' id='line_1_9' title="bbox 962 186 1745 223; baseline 0.015 -12"><span class='ocrx_word' id='word_1_46' title='bbox 962 193 1020 220; x_wconf 78' lang='lat' dir='ltr'><strong>qua:</strong></span> <span class='ocrx_word' id='word_1_47' title='bbox 1035 190 1098 212; x_wconf 78' lang='lat' dir='ltr'><strong>sunt</strong></span> <span class='ocrx_word' id='word_1_48' title='bbox 1114 186 1223 220; x_wconf 77' lang='lat' dir='ltr'><strong>spiritus</strong></span> <span class='ocrx_word' id='word_1_49' title='bbox 1240 188 1261 214; x_wconf 76' lang='lat'><strong>&#39;.</strong></span> <span class='ocrx_word' id='word_1_50' title='bbox 1279 187 1318 215; x_wconf 87' lang='lat' dir='ltr'><strong>De</strong></span> <span class='ocrx_word' id='word_1_51' title='bbox 1337 195 1390 223; x_wconf 88' lang='lat' dir='ltr'><strong>quo</strong></span> <span class='ocrx_word' id='word_1_52' title='bbox 1407 190 1467 218; x_wconf 88' lang='lat' dir='ltr'><strong>cibo</strong></span> <span class='ocrx_word' id='word_1_53' title='bbox 1481 194 1509 218; x_wconf 86' lang='lat' dir='ltr'><strong>et</strong></span> <span class='ocrx_word' id='word_1_54' title='bbox 1527 195 1553 218; x_wconf 90' lang='lat' dir='ltr'><strong>tu</strong></span> <span class='ocrx_word' id='word_1_55' title='bbox 1568 192 1679 222; x_wconf 85' lang='lat' dir='ltr'><strong>edoctus</strong></span> <span class='ocrx_word' id='word_1_56' title='bbox 1695 196 1745 222; x_wconf 83' lang='lat' dir='ltr'><strong>fui-</strong></span> 
     </span>
    </p>
   </div>
   <div class='ocr_carea' id='block_1_10' title="bbox 959 231 1746 276">
    <p class='ocr_par' dir='ltr' id='par_1_10' title="bbox 959 231 1746 276">
     <span class='ocr_line' id='line_1_10' title="bbox 959 231 1746 276; baseline 0.015 -20"><span class='ocrx_word' id='word_1_57' title='bbox 959 231 993 257; x_wconf 85' lang='lat' dir='ltr'><strong>sti</strong></span> <span class='ocrx_word' id='word_1_58' title='bbox 1011 235 1039 258; x_wconf 86' lang='lat' dir='ltr'><strong>ut</strong></span> <span class='ocrx_word' id='word_1_59' title='bbox 1058 237 1151 258; x_wconf 86' lang='lat' dir='ltr'><strong>votqu</strong></span> <span class='ocrx_word' id='word_1_60' title='bbox 1166 233 1292 261; x_wconf 82' lang='lat' dir='ltr'><strong>haberes.</strong></span> <span class='ocrx_word' id='word_1_61' title='bbox 1313 234 1341 261; x_wconf 90' lang='lat' dir='ltr'><strong>Si</strong></span> <span class='ocrx_word' id='word_1_62' title='bbox 1364 235 1447 270; x_wconf 77' lang='lat' dir='ltr'><strong>igitur</strong></span> <span class='ocrx_word' id='word_1_63' title='bbox 1469 238 1671 267; x_wconf 76' lang='lat' dir='ltr'><strong>subslantialem</strong></span> <span class='ocrx_word' id='word_1_64' title='bbox 1698 250 1746 276; x_wconf 79' lang='lat' dir='ltr'><strong>pa-</strong></span> 
     </span>
    </p>
   </div>
   <div class='ocr_carea' id='block_1_11' title="bbox 959 277 1744 319">
    <p class='ocr_par' dir='ltr' id='par_1_11' title="bbox 959 277 1744 319">
     <span class='ocr_line' id='line_1_11' title="bbox 959 277 1744 319; baseline 0.014 -16"><span class='ocrx_word' id='word_1_65' title='bbox 959 285 1016 304; x_wconf 86' lang='lat' dir='ltr'><strong>nem</strong></span> <span class='ocrx_word' id='word_1_66' title='bbox 1033 277 1066 309; x_wconf 81' lang='lat'><strong>&#39;°,</strong></span> <span class='ocrx_word' id='word_1_67' title='bbox 1082 278 1127 313; x_wconf 89' lang='lat' dir='ltr'><strong>qui</strong></span> <span class='ocrx_word' id='word_1_68' title='bbox 1153 286 1206 305; x_wconf 91' lang='lat' dir='ltr'><strong>non</strong></span> <span class='ocrx_word' id='word_1_69' title='bbox 1232 281 1362 314; x_wconf 79' lang='lat' dir='ltr'><strong>egeritur,</strong></span> <span class='ocrx_word' id='word_1_70' title='bbox 1381 282 1427 316; x_wconf 86' lang='lat' dir='ltr'><strong>qui</strong></span> <span class='ocrx_word' id='word_1_71' title='bbox 1443 290 1495 310; x_wconf 89' lang='lat' dir='ltr'><strong>non</strong></span> <span class='ocrx_word' id='word_1_72' title='bbox 1517 286 1680 319; x_wconf 73' lang='lat' dir='ltr'><strong>secernitur,</strong></span> <span class='ocrx_word' id='word_1_73' title='bbox 1697 290 1744 314; x_wconf 86' lang='lat' dir='ltr'><strong>sed</strong></span> 
     </span>
    </p>
   </div>
   <div class='ocr_carea' id='block_1_12' title="bbox 956 323 1744 367">
    <p class='ocr_par' dir='ltr' id='par_1_12' title="bbox 956 323 1744 367">
     <span class='ocr_line' id='line_1_12' title="bbox 956 323 1744 367; baseline 0.015 -18"><span class='ocrx_word' id='word_1_74' title='bbox 956 323 1001 358; x_wconf 84' lang='lat' dir='ltr'><strong>qui</strong></span> <span class='ocrx_word' id='word_1_75' title='bbox 1018 323 1117 350; x_wconf 88' lang='lat' dir='ltr'><strong>crescit</strong></span> <span class='ocrx_word' id='word_1_76' title='bbox 1138 323 1164 350; x_wconf 91' lang='lat' dir='ltr'><strong>in</strong></span> <span class='ocrx_word' id='word_1_77' title='bbox 1182 325 1330 352; x_wconf 74' lang='lat' dir='ltr'><strong>essentiam</strong></span> <span class='ocrx_word' id='word_1_78' title='bbox 1347 327 1455 358; x_wconf 63' lang='lat' dir='ltr'><strong>animm,</strong></span> <span class='ocrx_word' id='word_1_79' title='bbox 1473 331 1578 362; x_wconf 78' lang='lat' dir='ltr'><strong>quoties</strong></span> <span class='ocrx_word' id='word_1_80' title='bbox 1590 331 1699 367; x_wconf 81' lang='lat' dir='ltr'><strong>disputo</strong></span> <span class='ocrx_word' id='word_1_81' title='bbox 1711 335 1744 360; x_wconf 85' lang='lat' dir='ltr'><strong>de</strong></span> 
     </span>
    </p>
   </div>
   <div class='ocr_carea' id='block_1_13' title="bbox 958 368 1741 408">
    <p class='ocr_par' dir='ltr' id='par_1_13' title="bbox 958 368 1741 408">
     <span class='ocr_line' id='line_1_13' title="bbox 958 368 1741 408; baseline 0.015 -14"><span class='ocrx_word' id='word_1_82' title='bbox 958 368 1025 399; x_wconf 85' lang='lat' dir='ltr'><strong>Deo.</strong></span> <span class='ocrx_word' id='word_1_83' title='bbox 1055 370 1087 396; x_wconf 88' lang='lat' dir='ltr'><strong>de</strong></span> <span class='ocrx_word' id='word_1_84' title='bbox 1113 369 1233 402; x_wconf 83' lang='lat' dir='ltr'><strong>Christo,</strong></span> <span class='ocrx_word' id='word_1_85' title='bbox 1257 371 1290 397; x_wconf 84' lang='lat' dir='ltr'><strong>de</strong></span> <span class='ocrx_word' id='word_1_86' title='bbox 1312 371 1454 400; x_wconf 84' lang='lat' dir='ltr'><strong>divinitate</strong></span> <span class='ocrx_word' id='word_1_87' title='bbox 1471 374 1540 408; x_wconf 82' lang='lat' dir='ltr'><strong>ejus,</strong></span> <span class='ocrx_word' id='word_1_88' title='bbox 1563 377 1595 404; x_wconf 87' lang='lat' dir='ltr'><strong>de</strong></span> <span class='ocrx_word' id='word_1_89' title='bbox 1622 378 1741 406; x_wconf 89' lang='lat' dir='ltr'><strong>incolatu</strong></span> 
     </span>
    </p>
   </div>
   <div class='ocr_carea' id='block_1_14' title="bbox 103 405 877 455">
    <p class='ocr_par' dir='ltr' id='par_1_14' title="bbox 103 405 877 446">
     <span class='ocr_line' id='line_1_14' title="bbox 103 405 877 446; baseline 0.006 -14"><span class='ocrx_word' id='word_1_90' title='bbox 103 405 234 441; x_wconf 67' lang='grc' dir='ltr'>θεότητος</span> <span class='ocrx_word' id='word_1_91' title='bbox 248 406 334 433; x_wconf 82' lang='grc' dir='ltr'>αὐτοῦ</span> <span class='ocrx_word' id='word_1_92' title='bbox 344 427 351 438; x_wconf 95' lang='grc'><strong>,</strong></span> <span class='ocrx_word' id='word_1_93' title='bbox 365 407 429 443; x_wconf 80' lang='grc' dir='ltr'>περὶ</span> <span class='ocrx_word' id='word_1_94' title='bbox 446 408 495 443; x_wconf 85' lang='grc' dir='ltr'>τῆς</span> <span class='ocrx_word' id='word_1_95' title='bbox 514 409 543 434; x_wconf 79' lang='grc' dir='ltr'>ὲν</span> <span class='ocrx_word' id='word_1_96' title='bbox 554 409 717 444; x_wconf 77' lang='grc' dir='ltr'><strong>ἀνθρωπίνῳ</strong></span> <span class='ocrx_word' id='word_1_97' title='bbox 735 410 842 446; x_wconf 85' lang='grc' dir='ltr'>σώματι</span> <span class='ocrx_word' id='word_1_98' title='bbox 856 419 877 438; x_wconf 61' lang='grc' dir='ltr'>χι</span> 
     </span>
    </p>
   </div>
   <div class='ocr_carea' id='block_1_15' title="bbox 940 405 1740 455">
    <p class='ocr_par' dir='ltr' id='par_1_15' title="bbox 957 412 1740 455">
     <span class='ocr_line' id='line_1_15' title="bbox 957 412 1740 455; baseline 0.011 -16"><span class='ocrx_word' id='word_1_99' title='bbox 957 412 1063 440; x_wconf 90' lang='lat' dir='ltr'><strong>illiusin</strong></span> <span class='ocrx_word' id='word_1_100' title='bbox 1074 413 1190 440; x_wconf 86' lang='lat' dir='ltr'><strong>humano</strong></span> <span class='ocrx_word' id='word_1_101' title='bbox 1199 421 1313 447; x_wconf 81' lang='lat' dir='ltr'><strong>corpore</strong></span> <span class='ocrx_word' id='word_1_102' title='bbox 1326 420 1353 442; x_wconf 89' lang='lat' dir='ltr'><strong>et</strong></span> <span class='ocrx_word' id='word_1_103' title='bbox 1369 416 1456 443; x_wconf 86' lang='lat' dir='ltr'><strong>anima</strong></span> <span class='ocrx_word' id='word_1_104' title='bbox 1473 427 1479 450; x_wconf 85' lang='lat'><strong>;</strong></span> <span class='ocrx_word' id='word_1_105' title='bbox 1495 426 1603 452; x_wconf 82' lang='lat' dir='ltr'><strong>panem,</strong></span> <span class='ocrx_word' id='word_1_106' title='bbox 1620 420 1740 455; x_wconf 76' lang='lat' dir='ltr'><strong>inquam,</strong></span> 
     </span>
    </p>
   </div>
   <div class='ocr_carea' id='block_1_16' title="bbox 104 452 904 490">
    <p class='ocr_par' dir='ltr' id='par_1_16' title="bbox 104 452 904 490">
     <span class='ocr_line' id='line_1_16' title="bbox 104 452 904 490; baseline 0.01 -13"><span class='ocrx_word' id='word_1_107' title='bbox 104 453 175 488; x_wconf 74' lang='grc' dir='ltr'>ψυχῇ</span> <span class='ocrx_word' id='word_1_108' title='bbox 202 452 287 479; x_wconf 77' lang='grc' dir='ltr'>αὑτοῦ</span> <span class='ocrx_word' id='word_1_109' title='bbox 309 453 488 488; x_wconf 76' lang='grc' dir='ltr'>ἐνοικήσεως,</span> <span class='ocrx_word' id='word_1_110' title='bbox 510 455 591 490; x_wconf 75' lang='grc' dir='ltr'>ἄρτον</span> <span class='ocrx_word' id='word_1_111' title='bbox 612 455 736 489; x_wconf 84' lang='grc' dir='ltr'>ἀγγέλων</span> <span class='ocrx_word' id='word_1_112' title='bbox 763 453 858 489; x_wconf 73' lang='grc' dir='ltr'>ἐσθίω,</span> <span class='ocrx_word' id='word_1_113' title='bbox 874 459 904 485; x_wconf 86' lang='grc' dir='ltr'>τὸ</span> 
     </span>
    </p>
   </div>
   <div class='ocr_carea' id='block_1_17' title="bbox 105 499 902 538">
    <p class='ocr_par' dir='ltr' id='par_1_17' title="bbox 105 499 902 538">
     <span class='ocr_line' id='line_1_17' title="bbox 105 499 902 538; baseline 0.006 -13"><span class='ocrx_word' id='word_1_114' title='bbox 105 501 209 534; x_wconf 79' lang='grc' dir='ltr'>μάννα·</span> <span class='ocrx_word' id='word_1_115' title='bbox 231 500 300 535; x_wconf 75' lang='grc' dir='ltr'>ὅπερ</span> <span class='ocrx_word' id='word_1_116' title='bbox 330 499 419 535; x_wconf 84' lang='grc' dir='ltr'>εὑρὼν</span> <span class='ocrx_word' id='word_1_117' title='bbox 445 500 492 526; x_wconf 81' lang='grc' dir='ltr'>καὶ</span> <span class='ocrx_word' id='word_1_118' title='bbox 523 500 685 536; x_wconf 76' lang='grc' dir='ltr'><strong>θαυμάσας,</strong></span> <span class='ocrx_word' id='word_1_119' title='bbox 711 502 902 538; x_wconf 79' lang='grc' dir='ltr'>Θαυμαστικῶς</span> 
     </span>
    </p>
   </div>
   <div class='ocr_carea' id='block_1_18' title="bbox 102 546 901 582">
    <p class='ocr_par' dir='ltr' id='par_1_18' title="bbox 102 546 901 582">
     <span class='ocr_line' id='line_1_18' title="bbox 102 546 901 582; baseline 0.006 -10"><span class='ocrx_word' id='word_1_120' title='bbox 102 547 174 582; x_wconf 80' lang='grc' dir='ltr'><strong>ἐρῶ·</strong></span> <span class='ocrx_word' id='word_1_121' title='bbox 191 546 279 578; x_wconf 81' lang='lat' dir='ltr'><strong>Ma&#39;r;</strong></span> <span class='ocrx_word' id='word_1_122' title='bbox 292 547 321 572; x_wconf 82' lang='grc' dir='ltr'><strong>τι</strong></span> <span class='ocrx_word' id='word_1_123' title='bbox 333 547 399 573; x_wconf 81' lang='grc' dir='ltr'>ἐστι</span> <span class='ocrx_word' id='word_1_124' title='bbox 414 546 501 573; x_wconf 85' lang='grc' dir='ltr'>τοῦτο</span> <span class='ocrx_word' id='word_1_125' title='bbox 511 555 520 578; x_wconf 87' lang='grc'><em>;</em></span> <span class='ocrx_word' id='word_1_126' title='bbox 532 547 580 574; x_wconf 76' lang='grc' dir='ltr'>καὶ</span> <span class='ocrx_word' id='word_1_127' title='bbox 598 548 756 582; x_wconf 78' lang='grc' dir='ltr'>γενήσεται</span> <span class='ocrx_word' id='word_1_128' title='bbox 769 549 855 577; x_wconf 80' lang='grc' dir='ltr'>τοῦτο</span> <span class='ocrx_word' id='word_1_129' title='bbox 870 551 901 577; x_wconf 83' lang='grc' dir='ltr'>τὸ</span> 
     </span>
    </p>
   </div>
   <div class='ocr_carea' id='block_1_19' title="bbox 101 590 902 630">
    <p class='ocr_par' dir='ltr' id='par_1_19' title="bbox 101 590 902 630">
     <span class='ocr_line' id='line_1_19' title="bbox 101 590 902 630; baseline 0.004 -11"><span class='ocrx_word' id='word_1_130' title='bbox 101 592 220 627; x_wconf 60' lang='grc' dir='ltr'>φθέγμα</span> <span class='ocrx_word' id='word_1_131' title='bbox 241 592 282 625; x_wconf 84' lang='grc' dir='ltr'>τῷ</span> <span class='ocrx_word' id='word_1_132' title='bbox 301 590 380 626; x_wconf 74' lang='grc' dir='ltr'>ἄρτῳ</span> <span class='ocrx_word' id='word_1_133' title='bbox 400 592 510 627; x_wconf 75' lang='grc' dir='ltr'>ὄνομα·</span> <span class='ocrx_word' id='word_1_134' title='bbox 533 593 647 627; x_wconf 71' lang='grc' dir='ltr'>εὖξασθε</span> <span class='ocrx_word' id='word_1_135' title='bbox 663 594 708 621; x_wconf 80' lang='grc' dir='ltr'>ἵνα</span> <span class='ocrx_word' id='word_1_136' title='bbox 723 596 789 630; x_wconf 82' lang='grc' dir='ltr'>ἡμῖν</span> <span class='ocrx_word' id='word_1_137' title='bbox 807 597 821 622; x_wconf 78' lang='grc' dir='ltr'>ὁ</span> <span class='ocrx_word' id='word_1_138' title='bbox 836 597 902 629; x_wconf 73' lang='grc' dir='ltr'>Θεὸς</span> 
     </span>
    </p>
   </div>
   <div class='ocr_carea' id='block_1_20' title="bbox 102 638 900 676">
    <p class='ocr_par' dir='ltr' id='par_1_20' title="bbox 102 638 900 676">
     <span class='ocr_line' id='line_1_20' title="bbox 102 638 900 676; baseline 0.005 -12"><span class='ocrx_word' id='word_1_139' title='bbox 102 638 282 674; x_wconf 76' lang='grc' dir='ltr'>ἐπισιτισμὸν</span> <span class='ocrx_word' id='word_1_140' title='bbox 308 638 456 674; x_wconf 76' lang='grc' dir='ltr'><strong>ἀποστείλῃ</strong></span> <span class='ocrx_word' id='word_1_141' title='bbox 485 639 525 671; x_wconf 79' lang='grc' dir='ltr'><strong>εις</strong></span> <span class='ocrx_word' id='word_1_142' title='bbox 544 639 721 676; x_wconf 56' lang='grc' dir='ltr'>πλησμονήν</span> <span class='ocrx_word' id='word_1_143' title='bbox 753 641 803 676; x_wconf 77' lang='grc' dir='ltr'>οὐχ</span> <span class='ocrx_word' id='word_1_144' title='bbox 830 641 900 668; x_wconf 82' lang='grc' dir='ltr'>ὥστε</span> 
     </span>
    </p>
   </div>
   <div class='ocr_carea' id='block_1_21' title="bbox 100 683 899 722">
    <p class='ocr_par' dir='ltr' id='par_1_21' title="bbox 100 683 899 722">
     <span class='ocr_line' id='line_1_21' title="bbox 100 683 899 722; baseline 0.004 -12"><span class='ocrx_word' id='word_1_145' title='bbox 100 683 230 718; x_wconf 79' lang='grc' dir='ltr'>γεύεσθαι</span> <span class='ocrx_word' id='word_1_146' title='bbox 252 684 351 719; x_wconf 86' lang='grc' dir='ltr'>μόνον,</span> <span class='ocrx_word' id='word_1_147' title='bbox 369 684 439 711; x_wconf 81' lang='grc' dir='ltr'>ἀλλὰ</span> <span class='ocrx_word' id='word_1_148' title='bbox 455 685 502 711; x_wconf 77' lang='grc' dir='ltr'>καὶ</span> <span class='ocrx_word' id='word_1_149' title='bbox 525 684 702 722; x_wconf 82' lang='grc' dir='ltr'><strong>πληρωθῆναι</strong></span> <span class='ocrx_word' id='word_1_150' title='bbox 728 685 782 712; x_wconf 85' lang='grc' dir='ltr'>τῶν</span> <span class='ocrx_word' id='word_1_151' title='bbox 813 685 899 720; x_wconf 86' lang='grc' dir='ltr'>λόγων</span> 
     </span>
    </p>
   </div>
   <div class='ocr_carea' id='block_1_22' title="bbox 99 730 898 768">
    <p class='ocr_par' dir='ltr' id='par_1_22' title="bbox 99 730 898 768">
     <span class='ocr_line' id='line_1_22' title="bbox 99 730 898 768; baseline 0.004 -12"><span class='ocrx_word' id='word_1_152' title='bbox 99 730 148 765; x_wconf 77' lang='grc' dir='ltr'>τῆς</span> <span class='ocrx_word' id='word_1_153' title='bbox 165 730 258 765; x_wconf 82' lang='grc' dir='ltr'>ζωῆς,</span> <span class='ocrx_word' id='word_1_154' title='bbox 273 731 320 756; x_wconf 76' lang='grc' dir='ltr'>καὶ</span> <span class='ocrx_word' id='word_1_155' title='bbox 344 731 585 766; x_wconf 81' lang='grc' dir='ltr'>ἰσχυροποιηθῆναι</span> <span class='ocrx_word' id='word_1_156' title='bbox 604 732 633 757; x_wconf 78' lang='grc' dir='ltr'>ὲν</span> <span class='ocrx_word' id='word_1_157' title='bbox 654 732 758 764; x_wconf 79' lang='grc' dir='ltr'>αὐτοῖς.</span> <span class='ocrx_word' id='word_1_158' title='bbox 783 732 856 768; x_wconf 83' lang='grc' dir='ltr'>Πλὴν</span> <span class='ocrx_word' id='word_1_159' title='bbox 881 733 898 768; x_wconf 78' lang='grc' dir='ltr'>ἡ</span> 
     </span>
    </p>
   </div>
   <div class='ocr_carea' id='block_1_23' title="bbox 101 776 582 813">
    <p class='ocr_par' dir='ltr' id='par_1_23' title="bbox 101 776 582 813">
     <span class='ocr_line' id='line_1_23' title="bbox 101 776 582 813; baseline 0.004 -11"><span class='ocrx_word' id='word_1_160' title='bbox 101 777 297 813; x_wconf 76' lang='grc' dir='ltr'>προηγουμένη</span> <span class='ocrx_word' id='word_1_161' title='bbox 317 777 404 813; x_wconf 65' lang='grc' dir='ltr'>τροφὴ</span> <span class='ocrx_word' id='word_1_162' title='bbox 418 776 486 813; x_wconf 74' lang='grc' dir='ltr'>αὕτη</span> <span class='ocrx_word' id='word_1_163' title='bbox 499 778 582 805; x_wconf 83' lang='grc' dir='ltr'>ἐστίν.</span> 
     </span>
    </p>
   </div>
   <div class='ocr_carea' id='block_1_24' title="bbox 139 822 897 859">
    <p class='ocr_par' dir='ltr' id='par_1_24' title="bbox 139 822 897 859">
     <span class='ocr_line' id='line_1_24' title="bbox 139 822 897 859; baseline 0.001 -10"><span class='ocrx_word' id='word_1_164' title='bbox 139 822 196 858; x_wconf 83' lang='grc'><strong>(88)</strong></span> <span class='ocrx_word' id='word_1_165' title='bbox 217 822 380 850; x_wconf 81' lang='grc' dir='ltr'><strong>Ἐσθιόντων</strong></span> <span class='ocrx_word' id='word_1_166' title='bbox 397 823 426 849; x_wconf 77' lang='grc' dir='ltr'>δέ</span> <span class='ocrx_word' id='word_1_167' title='bbox 451 831 516 850; x_wconf 86' lang='grc' dir='ltr'>ποτε</span> <span class='ocrx_word' id='word_1_168' title='bbox 536 823 567 850; x_wconf 81' lang='grc' dir='ltr'>τὸ</span> <span class='ocrx_word' id='word_1_169' title='bbox 599 824 687 859; x_wconf 80' lang='grc' dir='ltr'>μάννα</span> <span class='ocrx_word' id='word_1_170' title='bbox 704 823 825 859; x_wconf 74' lang='grc' dir='ltr'>Ἑϐραῖοι</span> <span class='ocrx_word' id='word_1_171' title='bbox 840 824 897 850; x_wconf 79' lang='grc' dir='ltr'>ἔλε-</span> 
     </span>
    </p>
   </div>
   <div class='ocr_carea' id='block_1_25' title="bbox 96 868 894 905">
    <p class='ocr_par' dir='ltr' id='par_1_25' title="bbox 96 868 894 905">
     <span class='ocr_line' id='line_1_25' title="bbox 96 868 894 905; baseline 0.001 -9"><span class='ocrx_word' id='word_1_172' title='bbox 96 877 158 903; x_wconf 79' lang='grc' dir='ltr'>γον·</span> <span class='ocrx_word' id='word_1_173' title='bbox 172 868 282 901; x_wconf 77' lang='grc' dir='ltr'>οὐδὲν,</span> <span class='ocrx_word' id='word_1_174' title='bbox 294 869 380 903; x_wconf 74' lang='grc' dir='ltr'><strong>πλὴν</strong></span> <span class='ocrx_word' id='word_1_175' title='bbox 391 871 434 902; x_wconf 72' lang='grc' dir='ltr'>εἰς</span> <span class='ocrx_word' id='word_1_176' title='bbox 445 870 476 896; x_wconf 83' lang='grc' dir='ltr'>τὸ</span> <span class='ocrx_word' id='word_1_177' title='bbox 489 869 590 904; x_wconf 76' lang='grc' dir='ltr'>μάννα</span> <span class='ocrx_word' id='word_1_178' title='bbox 603 871 628 897; x_wconf 84' lang='lat' dir='ltr'><strong>ot</strong></span> <span class='ocrx_word' id='word_1_179' title='bbox 641 870 787 905; x_wconf 72' lang='grc' dir='ltr'><strong>ὀφθαλμοὶ</strong></span> <span class='ocrx_word' id='word_1_180' title='bbox 799 870 894 904; x_wconf 74' lang='grc' dir='ltr'><strong>ἡμῶν.</strong></span> 
     </span>
    </p>
   </div>
   <div class='ocr_carea' id='block_1_26' title="bbox 103 914 894 950">
    <p class='ocr_par' dir='ltr' id='par_1_26' title="bbox 103 914 894 950">
     <span class='ocr_line' id='line_1_26' title="bbox 103 914 894 950; baseline 0 -8"><span class='ocrx_word' id='word_1_181' title='bbox 103 915 316 949; x_wconf 68' lang='grc' dir='ltr'>Ἑμνήσθημεν</span> <span class='ocrx_word' id='word_1_182' title='bbox 330 917 395 950; x_wconf 72' lang='grc' dir='ltr'>ττὶρ,</span> <span class='ocrx_word' id='word_1_183' title='bbox 408 914 452 942; x_wconf 83' lang='grc' dir='ltr'>ὅτι</span> <span class='ocrx_word' id='word_1_184' title='bbox 463 915 668 950; x_wconf 69' lang='grc' dir='ltr'>ὲκαθέσθημενί</span> <span class='ocrx_word' id='word_1_185' title='bbox 678 915 795 942; x_wconf 77' lang='grc' dir='ltr'><strong>ἐπὶτῶν</strong></span> <span class='ocrx_word' id='word_1_186' title='bbox 806 916 894 950; x_wconf 57' lang='lat' dir='ltr'><strong>xeat—</strong></span> 
     </span>
    </p>
   </div>
   <div class='ocr_carea' id='block_1_27' title="bbox 97 959 893 996">
    <p class='ocr_par' dir='ltr' id='par_1_27' title="bbox 97 959 893 996">
     <span class='ocr_line' id='line_1_27' title="bbox 97 959 893 996; baseline 0.001 -10"><span class='ocrx_word' id='word_1_187' title='bbox 97 968 155 986; x_wconf 79' lang='grc' dir='ltr'>των</span> <span class='ocrx_word' id='word_1_188' title='bbox 169 959 230 986; x_wconf 74' lang='grc' dir='ltr'><strong>τῶν</strong></span> <span class='ocrx_word' id='word_1_189' title='bbox 243 959 341 994; x_wconf 73' lang='grc' dir='ltr'>κρεῶν</span> <span class='ocrx_word' id='word_1_190' title='bbox 357 960 392 986; x_wconf 76' lang='grc' dir='ltr'><strong>ἐν</strong></span> <span class='ocrx_word' id='word_1_191' title='bbox 412 961 568 995; x_wconf 79' lang='grc' dir='ltr'><strong>Αιτύπτῳ·</strong></span> <span class='ocrx_word' id='word_1_192' title='bbox 585 961 632 988; x_wconf 81' lang='grc' dir='ltr'>καὶ</span> <span class='ocrx_word' id='word_1_193' title='bbox 650 962 730 996; x_wconf 76' lang='grc' dir='ltr'>ἡμεῖς</span> <span class='ocrx_word' id='word_1_194' title='bbox 751 961 893 993; x_wconf 81' lang='grc' dir='ltr'>ταλανίζο-</span> 
     </span>
    </p>
   </div>
   <div class='ocr_carea' id='block_1_28' title="bbox 99 1004 892 1042">
    <p class='ocr_par' dir='ltr' id='par_1_28' title="bbox 99 1004 892 1042">
     <span class='ocr_line' id='line_1_28' title="bbox 99 1004 892 1042; baseline 0 -12"><span class='ocrx_word' id='word_1_195' title='bbox 99 1013 147 1040; x_wconf 79' lang='grc' dir='ltr'><strong>μεν</strong></span> <span class='ocrx_word' id='word_1_196' title='bbox 164 1005 299 1038; x_wconf 76' lang='grc' dir='ltr'><strong>ἐκείνους,</strong></span> <span class='ocrx_word' id='word_1_197' title='bbox 316 1005 354 1036; x_wconf 84' lang='grc' dir='ltr'>ὡς</span> <span class='ocrx_word' id='word_1_198' title='bbox 375 1004 435 1031; x_wconf 83' lang='grc' dir='ltr'>τότε</span> <span class='ocrx_word' id='word_1_199' title='bbox 456 1005 667 1042; x_wconf 82' lang='grc' dir='ltr'>ἡμαρτηκότας·</span> <span class='ocrx_word' id='word_1_200' title='bbox 692 1005 740 1040; x_wconf 81' lang='grc' dir='ltr'>οὐχ</span> <span class='ocrx_word' id='word_1_201' title='bbox 765 1005 892 1040; x_wconf 75' lang='grc' dir='ltr'>ὁρῶντες,</span> 
     </span>
    </p>
   </div>
   <div class='ocr_carea' id='block_1_29' title="bbox 95 1050 892 1086">
    <p class='ocr_par' dir='ltr' id='par_1_29' title="bbox 95 1050 892 1086">
     <span class='ocr_line' id='line_1_29' title="bbox 95 1050 892 1086; baseline 0 -10"><span class='ocrx_word' id='word_1_202' title='bbox 95 1050 135 1077; x_wconf 82' lang='grc' dir='ltr'>ὅτι</span> <span class='ocrx_word' id='word_1_203' title='bbox 148 1050 198 1076; x_wconf 76' lang='grc' dir='ltr'>καὶ</span> <span class='ocrx_word' id='word_1_204' title='bbox 215 1050 245 1076; x_wconf 76' lang='grc' dir='ltr'>ἐν</span> <span class='ocrx_word' id='word_1_205' title='bbox 264 1051 330 1085; x_wconf 78' lang='grc' dir='ltr'>ἡμῖν</span> <span class='ocrx_word' id='word_1_206' title='bbox 343 1050 431 1077; x_wconf 78' lang='grc' dir='ltr'>ταῦτα</span> <span class='ocrx_word' id='word_1_207' title='bbox 447 1051 481 1077; x_wconf 84' lang='grc' dir='ltr'><strong>τὰ</strong></span> <span class='ocrx_word' id='word_1_208' title='bbox 491 1051 680 1086; x_wconf 76' lang='grc' dir='ltr'>ἁμαρτήματα</span> <span class='ocrx_word' id='word_1_209' title='bbox 697 1050 819 1084; x_wconf 82' lang='grc' dir='ltr'>γίνεται·</span> <span class='ocrx_word' id='word_1_210' title='bbox 833 1051 892 1076; x_wconf 79' lang='grc' dir='ltr'>ἀντὶ</span> 
     </span>
    </p>
   </div>
   <div class='ocr_carea' id='block_1_30' title="bbox 955 459 1740 501">
    <p class='ocr_par' dir='ltr' id='par_1_30' title="bbox 955 459 1740 501">
     <span class='ocr_line' id='line_1_30' title="bbox 955 459 1740 501; baseline 0.01 -15"><span class='ocrx_word' id='word_1_211' title='bbox 955 459 1112 495; x_wconf 79' lang='lat' dir='ltr'><strong>angelorum</strong></span> <span class='ocrx_word' id='word_1_212' title='bbox 1137 461 1280 490; x_wconf 85' lang='lat' dir='ltr'><strong>manduco.</strong></span> <span class='ocrx_word' id='word_1_213' title='bbox 1308 470 1405 495; x_wconf 85' lang='lat' dir='ltr'><strong>nempe</strong></span> <span class='ocrx_word' id='word_1_214' title='bbox 1430 472 1549 491; x_wconf 78' lang='lat' dir='ltr'><strong>nianna:</strong></span> <span class='ocrx_word' id='word_1_215' title='bbox 1571 467 1642 501; x_wconf 85' lang='lat' dir='ltr'><strong>quod</strong></span> <span class='ocrx_word' id='word_1_216' title='bbox 1663 467 1740 494; x_wconf 55' lang='lat' dir='ltr'><strong>inve-</strong></span> 
     </span>
    </p>
   </div>
   <div class='ocr_carea' id='block_1_31' title="bbox 954 507 1742 548">
    <p class='ocr_par' dir='ltr' id='par_1_31' title="bbox 954 507 1742 548">
     <span class='ocr_line' id='line_1_31' title="bbox 954 507 1742 548; baseline 0.01 -15"><span class='ocrx_word' id='word_1_217' title='bbox 954 507 1032 534; x_wconf 88' lang='lat' dir='ltr'><strong>niens</strong></span> <span class='ocrx_word' id='word_1_218' title='bbox 1045 512 1072 534; x_wconf 86' lang='lat' dir='ltr'><strong>et</strong></span> <span class='ocrx_word' id='word_1_219' title='bbox 1087 507 1250 541; x_wconf 85' lang='lat' dir='ltr'><strong>admiratus,</strong></span> <span class='ocrx_word' id='word_1_220' title='bbox 1268 509 1466 537; x_wconf 82' lang='lat' dir='ltr'><strong>admirabunde</strong></span> <span class='ocrx_word' id='word_1_221' title='bbox 1485 511 1556 543; x_wconf 83' lang='lat' dir='ltr'><strong>dico,</strong></span> <span class='ocrx_word' id='word_1_222' title='bbox 1573 512 1636 539; x_wconf 77' lang='lat' dir='ltr'><strong>Man</strong></span> <span class='ocrx_word' id='word_1_223' title='bbox 1652 514 1742 548; x_wconf 77' lang='lat' dir='ltr'><strong>?quid</strong></span> 
     </span>
    </p>
   </div>
   <div class='ocr_carea' id='block_1_32' title="bbox 953 554 1740 589">
    <p class='ocr_par' dir='ltr' id='par_1_32' title="bbox 953 554 1740 589">
     <span class='ocr_line' id='line_1_32' title="bbox 953 554 1740 589; baseline 0.009 -9"><span class='ocrx_word' id='word_1_224' title='bbox 953 558 990 580; x_wconf 77' lang='lat' dir='ltr'><strong>est</strong></span> <span class='ocrx_word' id='word_1_225' title='bbox 1011 554 1115 580; x_wconf 84' lang='lat' dir='ltr'><strong>hoc“?</strong></span> <span class='ocrx_word' id='word_1_226' title='bbox 1136 560 1159 581; x_wconf 87' lang='lat' dir='ltr'><strong>et</strong></span> <span class='ocrx_word' id='word_1_227' title='bbox 1171 555 1216 588; x_wconf 80' lang='lat' dir='ltr'><strong>ﬁet</strong></span> <span class='ocrx_word' id='word_1_228' title='bbox 1228 556 1284 581; x_wconf 75' lang='lat' dir='ltr'><strong>luet:</strong></span> <span class='ocrx_word' id='word_1_229' title='bbox 1307 555 1388 582; x_wconf 79' lang='lat' dir='ltr'><strong>dictio</strong></span> <span class='ocrx_word' id='word_1_230' title='bbox 1409 557 1473 589; x_wconf 80' lang='lat' dir='ltr'><strong>pani</strong></span> <span class='ocrx_word' id='word_1_231' title='bbox 1494 565 1586 584; x_wconf 82' lang='lat' dir='ltr'><strong><em>nomen</em></strong></span> <span class='ocrx_word' id='word_1_232' title='bbox 1601 560 1642 586; x_wconf 80' lang='lat' dir='ltr'><strong>“z</strong></span> <span class='ocrx_word' id='word_1_233' title='bbox 1664 565 1740 588; x_wconf 82' lang='lat' dir='ltr'><strong>orate</strong></span> 
     </span>
    </p>
   </div>
   <div class='ocr_carea' id='block_1_33' title="bbox 952 598 1738 632">
    <p class='ocr_par' dir='ltr' id='par_1_33' title="bbox 952 598 1738 632">
     <span class='ocr_line' id='line_1_33' title="bbox 952 598 1738 632; baseline 0.008 -6"><span class='ocrx_word' id='word_1_234' title='bbox 952 604 981 626; x_wconf 91' lang='lat' dir='ltr'><strong>ut</strong></span> <span class='ocrx_word' id='word_1_235' title='bbox 996 599 1074 627; x_wconf 87' lang='lat' dir='ltr'><strong>nobis</strong></span> <span class='ocrx_word' id='word_1_236' title='bbox 1092 598 1163 627; x_wconf 88' lang='lat' dir='ltr'><strong>Deus</strong></span> <span class='ocrx_word' id='word_1_237' title='bbox 1180 607 1257 627; x_wconf 81' lang='lat' dir='ltr'><strong>escas</strong></span> <span class='ocrx_word' id='word_1_238' title='bbox 1285 601 1375 628; x_wconf 86' lang='lat' dir='ltr'><strong>mittat</strong></span> <span class='ocrx_word' id='word_1_239' title='bbox 1397 602 1430 628; x_wconf 88' lang='lat' dir='ltr'><strong>ad</strong></span> <span class='ocrx_word' id='word_1_240' title='bbox 1456 602 1620 631; x_wconf 71' lang='lat' dir='ltr'><strong>satietatem.</strong></span> <span class='ocrx_word' id='word_1_241' title='bbox 1638 604 1695 632; x_wconf 87' lang='lat' dir='ltr'><strong>Non</strong></span> <span class='ocrx_word' id='word_1_242' title='bbox 1713 606 1738 632; x_wconf 95' lang='lat' dir='ltr'><strong>in</strong></span> 
     </span>
    </p>
   </div>
   <div class='ocr_carea' id='block_1_34' title="bbox 952 647 1738 686">
    <p class='ocr_par' dir='ltr' id='par_1_34' title="bbox 952 647 1738 686">
     <span class='ocr_line' id='line_1_34' title="bbox 952 647 1738 686; baseline 0.009 -15"><span class='ocrx_word' id='word_1_243' title='bbox 952 649 1055 672; x_wconf 88' lang='lat' dir='ltr'><strong>tantum</strong></span> <span class='ocrx_word' id='word_1_244' title='bbox 1070 650 1098 672; x_wconf 91' lang='lat' dir='ltr'><strong>ut</strong></span> <span class='ocrx_word' id='word_1_245' title='bbox 1113 651 1252 681; x_wconf 81' lang='lat' dir='ltr'><strong>gustemns</strong></span> <span class='ocrx_word' id='word_1_246' title='bbox 1271 647 1422 681; x_wconf 72' lang='lat' dir='ltr'><strong>duntaxat;</strong></span> <span class='ocrx_word' id='word_1_247' title='bbox 1438 656 1532 675; x_wconf 84' lang='lat' dir='ltr'><strong>verum</strong></span> <span class='ocrx_word' id='word_1_248' title='bbox 1547 650 1628 676; x_wconf 87' lang='lat' dir='ltr'><strong>etiam</strong></span> <span class='ocrx_word' id='word_1_249' title='bbox 1651 651 1738 686; x_wconf 81' lang='lat' dir='ltr'><strong>reple-</strong></span> 
     </span>
    </p>
   </div>
   <div class='ocr_carea' id='block_1_35' title="bbox 951 693 1738 726">
    <p class='ocr_par' dir='ltr' id='par_1_35' title="bbox 951 693 1738 726">
     <span class='ocr_line' id='line_1_35' title="bbox 951 693 1738 726; baseline 0.009 -8"><span class='ocrx_word' id='word_1_250' title='bbox 951 699 1029 718; x_wconf 85' lang='lat' dir='ltr'><strong>arnur</strong></span> <span class='ocrx_word' id='word_1_251' title='bbox 1046 693 1221 719; x_wconf 78' lang='lat' dir='ltr'><strong>sermonibus</strong></span> <span class='ocrx_word' id='word_1_252' title='bbox 1244 693 1315 726; x_wconf 67' lang='lat' dir='ltr'><strong>vitm,</strong></span> <span class='ocrx_word' id='word_1_253' title='bbox 1333 698 1360 720; x_wconf 86' lang='lat' dir='ltr'><strong>et</strong></span> <span class='ocrx_word' id='word_1_254' title='bbox 1379 693 1542 722; x_wconf 79' lang='lat' dir='ltr'><strong>roborentur</strong></span> <span class='ocrx_word' id='word_1_255' title='bbox 1559 696 1585 723; x_wconf 92' lang='lat' dir='ltr'><strong>in</strong></span> <span class='ocrx_word' id='word_1_256' title='bbox 1603 697 1664 724; x_wconf 89' lang='lat' dir='ltr'><strong>illis.</strong></span> <span class='ocrx_word' id='word_1_257' title='bbox 1681 697 1738 725; x_wconf 74' lang='lat' dir='ltr'><strong>Ca:-</strong></span> 
     </span>
    </p>
   </div>
   <div class='ocr_carea' id='block_1_36' title="bbox 950 739 1523 775">
    <p class='ocr_par' dir='ltr' id='par_1_36' title="bbox 950 739 1523 775">
     <span class='ocr_line' id='line_1_36' title="bbox 950 739 1523 775; baseline 0.007 -11"><span class='ocrx_word' id='word_1_258' title='bbox 950 742 1036 765; x_wconf 89' lang='lat' dir='ltr'><strong>terum</strong></span> <span class='ocrx_word' id='word_1_259' title='bbox 1052 739 1197 774; x_wconf 83' lang='lat' dir='ltr'><strong>primarius</strong></span> <span class='ocrx_word' id='word_1_260' title='bbox 1211 739 1288 766; x_wconf 84' lang='lat' dir='ltr'><strong>cibus</strong></span> <span class='ocrx_word' id='word_1_261' title='bbox 1304 739 1456 775; x_wconf 82' lang='lat' dir='ltr'><strong>hujusrnodi</strong></span> <span class='ocrx_word' id='word_1_262' title='bbox 1471 746 1523 768; x_wconf 87' lang='lat' dir='ltr'><strong>est.</strong></span> 
     </span>
    </p>
   </div>
   <div class='ocr_carea' id='block_1_37' title="bbox 979 816 1736 852">
    <p class='ocr_par' dir='ltr' id='par_1_37' title="bbox 979 816 1736 852">
     <span class='ocr_line' id='line_1_37' title="bbox 979 816 1736 852; baseline 0.011 -10"><span class='ocrx_word' id='word_1_263' title='bbox 979 816 1160 843; x_wconf 86' lang='lat' dir='ltr'><strong>Comedentes</strong></span> <span class='ocrx_word' id='word_1_264' title='bbox 1189 821 1280 843; x_wconf 87' lang='lat' dir='ltr'><strong>autem</strong></span> <span class='ocrx_word' id='word_1_265' title='bbox 1305 818 1369 844; x_wconf 86' lang='lat' dir='ltr'><strong>olim</strong></span> <span class='ocrx_word' id='word_1_266' title='bbox 1395 826 1495 846; x_wconf 87' lang='lat' dir='ltr'><strong>manna</strong></span> <span class='ocrx_word' id='word_1_267' title='bbox 1521 819 1636 852; x_wconf 65' lang='lat' dir='ltr'><strong>Hebraei,</strong></span> <span class='ocrx_word' id='word_1_268' title='bbox 1664 823 1736 850; x_wconf 83' lang='lat' dir='ltr'><strong>dice-</strong></span> 
     </span>
    </p>
   </div>
   <div class='ocr_carea' id='block_1_38' title="bbox 947 863 1734 898">
    <p class='ocr_par' dir='ltr' id='par_1_38' title="bbox 947 863 1734 898">
     <span class='ocr_line' id='line_1_38' title="bbox 947 863 1734 898; baseline 0.01 -9"><span class='ocrx_word' id='word_1_269' title='bbox 947 864 1033 890; x_wconf 82' lang='lat' dir='ltr'><strong>bant:</strong></span> <span class='ocrx_word' id='word_1_270' title='bbox 1064 863 1155 896; x_wconf 70' lang='lat' dir='ltr'><strong>IVi/tit,_</strong></span> <span class='ocrx_word' id='word_1_271' title='bbox 1175 871 1350 898; x_wconf 73' lang='lat' dir='ltr'><strong>prwtcrquum</strong></span> <span class='ocrx_word' id='word_1_272' title='bbox 1378 866 1412 892; x_wconf 82' lang='lat' dir='ltr'><strong>ad</strong></span> <span class='ocrx_word' id='word_1_273' title='bbox 1435 875 1532 894; x_wconf 73' lang='lat' dir='ltr'><strong>manu:</strong></span> <span class='ocrx_word' id='word_1_274' title='bbox 1554 869 1624 895; x_wconf 75' lang='lat' dir='ltr'><strong>oculi</strong></span> <span class='ocrx_word' id='word_1_275' title='bbox 1641 871 1734 898; x_wconf 77' lang='lat' dir='ltr'><strong>nostri.</strong></span> 
     </span>
    </p>
   </div>
   <div class='ocr_carea' id='block_1_39' title="bbox 948 909 1735 946">
    <p class='ocr_par' dir='ltr' id='par_1_39' title="bbox 948 909 1735 946">
     <span class='ocr_line' id='line_1_39' title="bbox 948 909 1735 946; baseline 0.009 -9"><span class='ocrx_word' id='word_1_276' title='bbox 948 909 1089 937; x_wconf 76' lang='lat' dir='ltr'><strong>Recordati</strong></span> <span class='ocrx_word' id='word_1_277' title='bbox 1114 911 1183 937; x_wconf 85' lang='lat' dir='ltr'><strong>enim</strong></span> <span class='ocrx_word' id='word_1_278' title='bbox 1199 919 1302 942; x_wconf 73' lang='lat' dir='ltr'><strong>simius,</strong></span> <span class='ocrx_word' id='word_1_279' title='bbox 1325 912 1388 946; x_wconf 82' lang='lat' dir='ltr'><strong>quia</strong></span> <span class='ocrx_word' id='word_1_280' title='bbox 1403 914 1518 941; x_wconf 75' lang='lat' dir='ltr'><strong>sedimus</strong></span> <span class='ocrx_word' id='word_1_281' title='bbox 1533 916 1567 941; x_wconf 84' lang='lat' dir='ltr'><strong>ad</strong></span> <span class='ocrx_word' id='word_1_282' title='bbox 1583 916 1649 943; x_wconf 74' lang='lat' dir='ltr'><strong>ollas</strong></span> <span class='ocrx_word' id='word_1_283' title='bbox 1675 925 1735 944; x_wconf 80' lang='lat' dir='ltr'><strong>car-</strong></span> 
     </span>
    </p>
   </div>
   <div class='ocr_carea' id='block_1_40' title="bbox 945 955 1734 994">
    <p class='ocr_par' dir='ltr' id='par_1_40' title="bbox 945 955 1734 994">
     <span class='ocr_line' id='line_1_40' title="bbox 945 955 1734 994; baseline 0.011 -13"><span class='ocrx_word' id='word_1_284' title='bbox 945 957 1018 982; x_wconf 82' lang='lat' dir='ltr'><strong>nium</strong></span> <span class='ocrx_word' id='word_1_285' title='bbox 1049 956 1075 983; x_wconf 85' lang='lat' dir='ltr'><strong>in</strong></span> <span class='ocrx_word' id='word_1_286' title='bbox 1098 955 1215 991; x_wconf 72' lang='lat' dir='ltr'><strong>1Egypto</strong></span> <span class='ocrx_word' id='word_1_287' title='bbox 1232 957 1254 972; x_wconf 79' lang='lat'>”</span> <span class='ocrx_word' id='word_1_288' title='bbox 1269 966 1274 984; x_wconf 88' lang='lat'>:</span> <span class='ocrx_word' id='word_1_289' title='bbox 1303 963 1330 984; x_wconf 87' lang='lat' dir='ltr'><strong>et</strong></span> <span class='ocrx_word' id='word_1_290' title='bbox 1354 966 1402 986; x_wconf 88' lang='lat' dir='ltr'><strong>nos</strong></span> <span class='ocrx_word' id='word_1_291' title='bbox 1418 959 1590 993; x_wconf 82' lang='lat' dir='ltr'><strong>deploramus</strong></span> <span class='ocrx_word' id='word_1_292' title='bbox 1608 962 1678 994; x_wconf 84' lang='lat' dir='ltr'><strong>illos,</strong></span> <span class='ocrx_word' id='word_1_293' title='bbox 1693 970 1734 990; x_wconf 86' lang='lat' dir='ltr'><strong>ut-</strong></span> 
     </span>
    </p>
   </div>
   <div class='ocr_carea' id='block_1_41' title="bbox 945 1001 1733 1042">
    <p class='ocr_par' dir='ltr' id='par_1_41' title="bbox 945 1001 1733 1042">
     <span class='ocr_line' id='line_1_41' title="bbox 945 1001 1733 1042; baseline 0.01 -15"><span class='ocrx_word' id='word_1_294' title='bbox 945 1008 1006 1036; x_wconf 78' lang='lat' dir='ltr'><strong>pote</strong></span> <span class='ocrx_word' id='word_1_295' title='bbox 1026 1001 1070 1036; x_wconf 84' lang='lat' dir='ltr'><strong>qui</strong></span> <span class='ocrx_word' id='word_1_296' title='bbox 1093 1006 1156 1028; x_wconf 90' lang='lat' dir='ltr'><strong>tunc</strong></span> <span class='ocrx_word' id='word_1_297' title='bbox 1171 1002 1346 1036; x_wconf 80' lang='lat' dir='ltr'><strong>peccaVerint</strong></span> <span class='ocrx_word' id='word_1_298' title='bbox 1370 1012 1377 1035; x_wconf 88' lang='lat'><strong>;</strong></span> <span class='ocrx_word' id='word_1_299' title='bbox 1403 1011 1456 1031; x_wconf 91' lang='lat' dir='ltr'><strong>non</strong></span> <span class='ocrx_word' id='word_1_300' title='bbox 1475 1005 1609 1039; x_wconf 77' lang='lat' dir='ltr'><strong>videntes,</strong></span> <span class='ocrx_word' id='word_1_301' title='bbox 1625 1008 1687 1042; x_wconf 77' lang='lat' dir='ltr'><strong>quia</strong></span> <span class='ocrx_word' id='word_1_302' title='bbox 1705 1008 1733 1036; x_wconf 91' lang='lat' dir='ltr'><strong>in</strong></span> 
     </span>
    </p>
   </div>
   <div class='ocr_carea' id='block_1_42' title="bbox 944 1047 1732 1086">
    <p class='ocr_par' dir='ltr' id='par_1_42' title="bbox 944 1047 1732 1086">
     <span class='ocr_line' id='line_1_42' title="bbox 944 1047 1732 1086; baseline 0.008 -10"><span class='ocrx_word' id='word_1_303' title='bbox 944 1048 1022 1076; x_wconf 85' lang='lat' dir='ltr'><strong>nobis</strong></span> <span class='ocrx_word' id='word_1_304' title='bbox 1036 1049 1098 1076; x_wconf 88' lang='lat' dir='ltr'><strong>talia</strong></span> <span class='ocrx_word' id='word_1_305' title='bbox 1116 1053 1226 1084; x_wconf 83' lang='lat' dir='ltr'><strong>peccata</strong></span> <span class='ocrx_word' id='word_1_306' title='bbox 1242 1047 1309 1076; x_wconf 76' lang='lat' dir='ltr'><strong>liunt</strong></span> <span class='ocrx_word' id='word_1_307' title='bbox 1329 1059 1335 1077; x_wconf 91' lang='lat'><strong>:</strong></span> <span class='ocrx_word' id='word_1_308' title='bbox 1358 1055 1450 1078; x_wconf 84' lang='lat' dir='ltr'><strong>contra</strong></span> <span class='ocrx_word' id='word_1_309' title='bbox 1470 1053 1641 1086; x_wconf 79' lang='lat' dir='ltr'><strong>spiritualcnt</strong></span> <span class='ocrx_word' id='word_1_310' title='bbox 1658 1054 1732 1082; x_wconf 89' lang='lat' dir='ltr'><strong>Scri-</strong></span> 
     </span>
    </p>
   </div>
   <div class='ocr_carea' id='block_1_43' title="bbox 93 1095 877 1134">
    <p class='ocr_par' dir='ltr' id='par_1_43' title="bbox 93 1095 877 1132">
     <span class='ocr_line' id='line_1_43' title="bbox 93 1095 877 1132; baseline 0.001 -11"><span class='ocrx_word' id='word_1_311' title='bbox 93 1096 141 1131; x_wconf 77' lang='grc' dir='ltr'>τῆς</span> <span class='ocrx_word' id='word_1_312' title='bbox 152 1095 344 1131; x_wconf 74' lang='grc' dir='ltr'>πνευματικῆς</span> <span class='ocrx_word' id='word_1_313' title='bbox 358 1097 468 1132; x_wconf 77' lang='grc' dir='ltr'>Γραφῆς</span> <span class='ocrx_word' id='word_1_314' title='bbox 487 1096 521 1123; x_wconf 73' lang='grc' dir='ltr'><strong>τά</strong></span> <span class='ocrx_word' id='word_1_315' title='bbox 541 1097 632 1132; x_wconf 73' lang='grc' dir='ltr'>πράσα</span> <span class='ocrx_word' id='word_1_316' title='bbox 653 1096 687 1122; x_wconf 79' lang='grc' dir='ltr'><strong>τὰ</strong></span> <span class='ocrx_word' id='word_1_317' title='bbox 703 1095 808 1131; x_wconf 79' lang='grc' dir='ltr'>δυσώδη</span> <span class='ocrx_word' id='word_1_318' title='bbox 819 1116 826 1128; x_wconf 87' lang='grc'><strong>,</strong></span> <span class='ocrx_word' id='word_1_319' title='bbox 845 1105 877 1122; x_wconf 89' lang='grc' dir='ltr'><strong>κα</strong></span> 
     </span>
    </p>
   </div>
   <div class='ocr_carea' id='block_1_44' title="bbox 940 1095 1730 1134">
    <p class='ocr_par' dir='ltr' id='par_1_44' title="bbox 945 1096 1730 1134">
     <span class='ocr_line' id='line_1_44' title="bbox 945 1096 1730 1134; baseline 0.01 -12"><span class='ocrx_word' id='word_1_320' title='bbox 945 1102 1064 1130; x_wconf 87' lang='lat' dir='ltr'><strong>ptnram,</strong></span> <span class='ocrx_word' id='word_1_321' title='bbox 1079 1104 1174 1130; x_wconf 81' lang='lat' dir='ltr'><strong>porrOs</strong></span> <span class='ocrx_word' id='word_1_322' title='bbox 1188 1096 1388 1131; x_wconf 81' lang='lat' dir='ltr'><strong>graveoleutes,</strong></span> <span class='ocrx_word' id='word_1_323' title='bbox 1409 1102 1435 1124; x_wconf 85' lang='lat' dir='ltr'><strong>et</strong></span> <span class='ocrx_word' id='word_1_324' title='bbox 1452 1107 1539 1134; x_wconf 70' lang='lat' dir='ltr'><strong>czepas</strong></span> <span class='ocrx_word' id='word_1_325' title='bbox 1556 1101 1642 1128; x_wconf 86' lang='lat' dir='ltr'><strong>aciem</strong></span> <span class='ocrx_word' id='word_1_326' title='bbox 1662 1110 1730 1130; x_wconf 89' lang='lat' dir='ltr'><strong>ocu-</strong></span> 
     </span>
    </p>
   </div>
   <div class='ocr_carea' id='block_1_45' title="bbox 93 1141 889 1178">
    <p class='ocr_par' dir='ltr' id='par_1_45' title="bbox 93 1141 889 1178">
     <span class='ocr_line' id='line_1_45' title="bbox 93 1141 889 1178; baseline -0.003 -9"><span class='ocrx_word' id='word_1_327' title='bbox 93 1142 126 1169; x_wconf 69' lang='grc' dir='ltr'>τὰ</span> <span class='ocrx_word' id='word_1_328' title='bbox 139 1142 275 1178; x_wconf 78' lang='grc' dir='ltr'>κρόμμυα</span> <span class='ocrx_word' id='word_1_329' title='bbox 290 1141 325 1168; x_wconf 72' lang='grc' dir='ltr'><strong>τὰ</strong></span> <span class='ocrx_word' id='word_1_330' title='bbox 338 1141 492 1177; x_wconf 79' lang='grc' dir='ltr'>βλάπτοντα</span> <span class='ocrx_word' id='word_1_331' title='bbox 505 1142 568 1174; x_wconf 71' lang='grc' dir='ltr'>τοὺς</span> <span class='ocrx_word' id='word_1_332' title='bbox 595 1141 749 1177; x_wconf 56' lang='grc' dir='ltr'>ἐτέθαλμοὺς</span> <span class='ocrx_word' id='word_1_333' title='bbox 771 1141 820 1176; x_wconf 76' lang='grc' dir='ltr'>τῆς</span> <span class='ocrx_word' id='word_1_334' title='bbox 839 1141 889 1176; x_wconf 60' lang='lat' dir='ltr'><strong>ou-</strong></span> 
     </span>
    </p>
   </div>
   <div class='ocr_carea' id='block_1_46' title="bbox 94 1188 889 1225">
    <p class='ocr_par' dir='ltr' id='par_1_46' title="bbox 94 1188 889 1225">
     <span class='ocr_line' id='line_1_46' title="bbox 94 1188 889 1225; baseline -0.001 -10"><span class='ocrx_word' id='word_1_335' title='bbox 94 1189 158 1224; x_wconf 79' lang='grc' dir='ltr'>χῆς,</span> <span class='ocrx_word' id='word_1_336' title='bbox 178 1189 226 1215; x_wconf 73' lang='grc' dir='ltr'>καὶ</span> <span class='ocrx_word' id='word_1_337' title='bbox 249 1188 284 1215; x_wconf 83' lang='grc' dir='ltr'><strong>τὰ</strong></span> <span class='ocrx_word' id='word_1_338' title='bbox 299 1188 457 1225; x_wconf 73' lang='grc' dir='ltr'>πληροῦντα</span> <span class='ocrx_word' id='word_1_339' title='bbox 475 1188 604 1215; x_wconf 75' lang='grc' dir='ltr'><strong>δυσωδίαν</strong></span> <span class='ocrx_word' id='word_1_340' title='bbox 625 1189 810 1224; x_wconf 81' lang='grc' dir='ltr'>ἁμαρτήματα</span> <span class='ocrx_word' id='word_1_341' title='bbox 828 1188 889 1215; x_wconf 84' lang='grc' dir='ltr'>σκό-</span> 
     </span>
    </p>
   </div>
   <div class='ocr_carea' id='block_1_47' title="bbox 89 1232 888 1276">
    <p class='ocr_par' dir='ltr' id='par_1_47' title="bbox 89 1232 888 1276">
     <span class='ocr_line' id='line_1_47' title="bbox 89 1232 888 1276; baseline -0.003 -15"><span class='ocrx_word' id='word_1_342' title='bbox 89 1234 154 1276; x_wconf 67' lang='grc' dir='ltr'>ροδα</span> <span class='ocrx_word' id='word_1_343' title='bbox 171 1232 362 1270; x_wconf 78' lang='grc' dir='ltr'>ἑπιθυμοῦμεν</span> <span class='ocrx_word' id='word_1_344' title='bbox 378 1235 488 1269; x_wconf 75' lang='grc' dir='ltr'>φαγεῖν,</span> <span class='ocrx_word' id='word_1_345' title='bbox 510 1234 558 1260; x_wconf 68' lang='grc' dir='ltr'>καὶ</span> <span class='ocrx_word' id='word_1_346' title='bbox 582 1233 770 1269; x_wconf 68' lang='grc' dir='ltr'>ἐμφορηθῆναι</span> <span class='ocrx_word' id='word_1_347' title='bbox 787 1233 888 1268; x_wconf 81' lang='grc' dir='ltr'>ἡδονῶν</span> 
     </span>
    </p>
   </div>
   <div class='ocr_carea' id='block_1_48' title="bbox 88 1279 887 1315">
    <p class='ocr_par' dir='ltr' id='par_1_48' title="bbox 88 1279 887 1315">
     <span class='ocr_line' id='line_1_48' title="bbox 88 1279 887 1315; baseline -0.001 -9"><span class='ocrx_word' id='word_1_348' title='bbox 88 1280 249 1315; x_wconf 67' lang='grc' dir='ltr'>δυσοσμίας.</span> <span class='ocrx_word' id='word_1_349' title='bbox 267 1280 324 1306; x_wconf 73' lang='grc' dir='ltr'><strong>Καὶ</strong></span> <span class='ocrx_word' id='word_1_350' title='bbox 353 1279 402 1315; x_wconf 75' lang='grc' dir='ltr'>τὴν</span> <span class='ocrx_word' id='word_1_351' title='bbox 433 1279 543 1306; x_wconf 78' lang='grc' dir='ltr'>ἔκλυτον</span> <span class='ocrx_word' id='word_1_352' title='bbox 569 1279 616 1306; x_wconf 79' lang='grc' dir='ltr'>τοῦ</span> <span class='ocrx_word' id='word_1_353' title='bbox 644 1279 747 1314; x_wconf 78' lang='grc' dir='ltr'>κόσμου</span> <span class='ocrx_word' id='word_1_354' title='bbox 767 1279 813 1305; x_wconf 74' lang='grc' dir='ltr'>καὶ</span> <span class='ocrx_word' id='word_1_355' title='bbox 832 1279 887 1305; x_wconf 85' lang='grc' dir='ltr'>τῶν</span> 
     </span>
    </p>
   </div>
   <div class='ocr_carea' id='block_1_49' title="bbox 91 1325 885 1362">
    <p class='ocr_par' dir='ltr' id='par_1_49' title="bbox 91 1325 885 1362">
     <span class='ocr_line' id='line_1_49' title="bbox 91 1325 885 1362; baseline -0.003 -9"><span class='ocrx_word' id='word_1_356' title='bbox 91 1327 256 1362; x_wconf 80' lang='grc' dir='ltr'>σωματικῶν</span> <span class='ocrx_word' id='word_1_357' title='bbox 269 1326 350 1361; x_wconf 80' lang='grc' dir='ltr'>φύσιν</span> <span class='ocrx_word' id='word_1_358' title='bbox 367 1326 529 1359; x_wconf 80' lang='grc' dir='ltr'>ποθοῦντες,</span> <span class='ocrx_word' id='word_1_359' title='bbox 547 1325 672 1353; x_wconf 84' lang='grc' dir='ltr'>πεπόνων</span> <span class='ocrx_word' id='word_1_360' title='bbox 689 1325 885 1361; x_wconf 71' lang='grc' dir='ltr'>ἐπιθυμοῦμεν,</span> 
     </span>
    </p>
   </div>
   <div class='ocr_carea' id='block_1_50' title="bbox 88 1373 886 1410">
    <p class='ocr_par' dir='ltr' id='par_1_50' title="bbox 88 1373 886 1410">
     <span class='ocr_line' id='line_1_50' title="bbox 88 1373 886 1410; baseline -0.001 -10"><span class='ocrx_word' id='word_1_361' title='bbox 88 1375 133 1401; x_wconf 67' lang='grc' dir='ltr'>καὶ</span> <span class='ocrx_word' id='word_1_362' title='bbox 148 1374 180 1400; x_wconf 72' lang='grc' dir='ltr'>τὸ</span> <span class='ocrx_word' id='word_1_363' title='bbox 202 1373 241 1410; x_wconf 86' lang='grc' dir='ltr'>μὴ</span> <span class='ocrx_word' id='word_1_364' title='bbox 264 1373 455 1410; x_wconf 72' lang='grc' dir='ltr'>ἀναδιδόμενον</span> <span class='ocrx_word' id='word_1_365' title='bbox 478 1374 518 1406; x_wconf 69' lang='grc' dir='ltr'>εἰς</span> <span class='ocrx_word' id='word_1_366' title='bbox 540 1374 589 1409; x_wconf 80' lang='grc' dir='ltr'>τὴν</span> <span class='ocrx_word' id='word_1_367' title='bbox 613 1373 663 1408; x_wconf 77' lang='grc' dir='ltr'>τῆς</span> <span class='ocrx_word' id='word_1_368' title='bbox 680 1373 770 1408; x_wconf 75' lang='grc' dir='ltr'>ψυχῆς</span> <span class='ocrx_word' id='word_1_369' title='bbox 793 1373 886 1400; x_wconf 80' lang='grc' dir='ltr'>οὐσίαν</span> 
     </span>
    </p>
   </div>
   <div class='ocr_carea' id='block_1_51' title="bbox 89 1419 885 1456">
    <p class='ocr_par' dir='ltr' id='par_1_51' title="bbox 89 1419 885 1456">
     <span class='ocr_line' id='line_1_51' title="bbox 89 1419 885 1456; baseline 0 -10"><span class='ocrx_word' id='word_1_370' title='bbox 89 1419 250 1452; x_wconf 74' lang='grc' dir='ltr'>ἀνελόντες,</span> <span class='ocrx_word' id='word_1_371' title='bbox 288 1420 390 1447; x_wconf 72' lang='grc' dir='ltr'>σικύων</span> <span class='ocrx_word' id='word_1_372' title='bbox 428 1419 541 1455; x_wconf 77' lang='grc' dir='ltr'>Θέλομεν</span> <span class='ocrx_word' id='word_1_373' title='bbox 571 1419 798 1456; x_wconf 75' lang='grc' dir='ltr'>μεταλαμϐάνειν.</span> <span class='ocrx_word' id='word_1_374' title='bbox 831 1419 885 1446; x_wconf 76' lang='grc' dir='ltr'><strong>Καὶ</strong></span> 
     </span>
    </p>
   </div>
   <div class='ocr_carea' id='block_1_52' title="bbox 88 1462 884 1501">
    <p class='ocr_par' dir='ltr' id='par_1_52' title="bbox 88 1462 884 1501">
     <span class='ocr_line' id='line_1_52' title="bbox 88 1462 884 1501; baseline 0.001 -10"><span class='ocrx_word' id='word_1_375' title='bbox 88 1465 180 1501; x_wconf 70' lang='grc' dir='ltr'>ἐπειδὴ</span> <span class='ocrx_word' id='word_1_376' title='bbox 196 1466 227 1492; x_wconf 80' lang='grc' dir='ltr'>οὐ</span> <span class='ocrx_word' id='word_1_377' title='bbox 239 1466 354 1500; x_wconf 75' lang='grc' dir='ltr'>θέλομεν</span> <span class='ocrx_word' id='word_1_378' title='bbox 370 1465 415 1492; x_wconf 80' lang='grc' dir='ltr'><strong>τὸν</strong></span> <span class='ocrx_word' id='word_1_379' title='bbox 430 1465 521 1501; x_wconf 78' lang='grc' dir='ltr'>ἄρτον,</span> <span class='ocrx_word' id='word_1_380' title='bbox 535 1465 580 1492; x_wconf 73' lang='grc' dir='ltr'>τὴν</span> <span class='ocrx_word' id='word_1_381' title='bbox 598 1466 629 1492; x_wconf 84' lang='grc' dir='ltr'>ὲκ</span> <span class='ocrx_word' id='word_1_382' title='bbox 641 1465 687 1491; x_wconf 78' lang='grc' dir='ltr'>τοῦ</span> <span class='ocrx_word' id='word_1_383' title='bbox 703 1463 819 1500; x_wconf 77' lang='grc' dir='ltr'>οὐρανοῦ</span> <span class='ocrx_word' id='word_1_384' title='bbox 830 1485 837 1497; x_wconf 90' lang='grc'><strong>,</strong></span> <span class='ocrx_word' id='word_1_385' title='bbox 853 1462 884 1492; x_wconf 75' lang='grc' dir='ltr'><strong>οὗ</strong></span> 
     </span>
    </p>
   </div>
   <div class='ocr_carea' id='block_1_53' title="bbox 943 1142 1729 1184">
    <p class='ocr_par' dir='ltr' id='par_1_53' title="bbox 943 1142 1729 1184">
     <span class='ocr_line' id='line_1_53' title="bbox 943 1142 1729 1184; baseline 0.01 -16"><span class='ocrx_word' id='word_1_386' title='bbox 943 1142 1029 1169; x_wconf 87' lang='lat' dir='ltr'><strong>lorum</strong></span> <span class='ocrx_word' id='word_1_387' title='bbox 1051 1143 1148 1170; x_wconf 71' lang='lat' dir='ltr'><strong>anima:</strong></span> <span class='ocrx_word' id='word_1_388' title='bbox 1176 1143 1348 1174; x_wconf 83' lang='lat' dir='ltr'><strong>bebetantes,</strong></span> <span class='ocrx_word' id='word_1_389' title='bbox 1380 1148 1416 1176; x_wconf 88' lang='lat' dir='ltr'><strong>et,</strong></span> <span class='ocrx_word' id='word_1_390' title='bbox 1445 1152 1504 1178; x_wconf 65' lang='lat' dir='ltr'><strong>qua:</strong></span> <span class='ocrx_word' id='word_1_391' title='bbox 1526 1147 1630 1181; x_wconf 83' lang='lat' dir='ltr'><strong>replent</strong></span> <span class='ocrx_word' id='word_1_392' title='bbox 1654 1151 1729 1184; x_wconf 78' lang='lat' dir='ltr'><strong>gravi</strong></span> 
     </span>
    </p>
   </div>
   <div class='ocr_carea' id='block_1_54' title="bbox 941 1189 1729 1229">
    <p class='ocr_par' dir='ltr' id='par_1_54' title="bbox 941 1189 1729 1229">
     <span class='ocr_line' id='line_1_54' title="bbox 941 1189 1729 1229; baseline 0.009 -13"><span class='ocrx_word' id='word_1_393' title='bbox 941 1189 1026 1216; x_wconf 85' lang='lat' dir='ltr'><strong>odore</strong></span> <span class='ocrx_word' id='word_1_394' title='bbox 1042 1194 1164 1224; x_wconf 83' lang='lat' dir='ltr'><strong>peccata,</strong></span> <span class='ocrx_word' id='word_1_395' title='bbox 1182 1189 1244 1217; x_wconf 89' lang='lat' dir='ltr'><strong>allia</strong></span> <span class='ocrx_word' id='word_1_396' title='bbox 1267 1189 1411 1216; x_wconf 73' lang='lat' dir='ltr'><strong>coinedere</strong></span> <span class='ocrx_word' id='word_1_397' title='bbox 1439 1193 1668 1229; x_wconf 84' lang='lat' dir='ltr'><strong>concupiscimus,</strong></span> <span class='ocrx_word' id='word_1_398' title='bbox 1686 1204 1729 1224; x_wconf 86' lang='lat' dir='ltr'><strong>sa—</strong></span> 
     </span>
    </p>
   </div>
   <div class='ocr_carea' id='block_1_55' title="bbox 943 1235 1729 1271">
    <p class='ocr_par' dir='ltr' id='par_1_55' title="bbox 943 1235 1729 1271">
     <span class='ocr_line' id='line_1_55' title="bbox 943 1235 1729 1271; baseline 0.01 -9"><span class='ocrx_word' id='word_1_399' title='bbox 943 1235 1060 1270; x_wconf 82' lang='lat' dir='ltr'><strong>tiarique</strong></span> <span class='ocrx_word' id='word_1_400' title='bbox 1085 1235 1270 1270; x_wconf 84' lang='lat' dir='ltr'><strong>voluptatibus</strong></span> <span class='ocrx_word' id='word_1_401' title='bbox 1306 1238 1480 1271; x_wconf 86' lang='lat' dir='ltr'><strong>pudibundis.</strong></span> <span class='ocrx_word' id='word_1_402' title='bbox 1508 1240 1542 1268; x_wconf 85' lang='lat' dir='ltr'><strong>Et</strong></span> <span class='ocrx_word' id='word_1_403' title='bbox 1567 1241 1729 1270; x_wconf 84' lang='lat' dir='ltr'><strong>dissolutam</strong></span> 
     </span>
    </p>
   </div>
   <div class='ocr_carea' id='block_1_56' title="bbox 941 1282 1729 1318">
    <p class='ocr_par' dir='ltr' id='par_1_56' title="bbox 941 1282 1729 1318">
     <span class='ocr_line' id='line_1_56' title="bbox 941 1282 1729 1318; baseline 0.013 -12"><span class='ocrx_word' id='word_1_404' title='bbox 941 1282 1035 1308; x_wconf 90' lang='lat' dir='ltr'><strong>mundi</strong></span> <span class='ocrx_word' id='word_1_405' title='bbox 1050 1289 1081 1308; x_wconf 87' lang='lat' dir='ltr'><strong>ac</strong></span> <span class='ocrx_word' id='word_1_406' title='bbox 1099 1289 1190 1308; x_wconf 89' lang='lat' dir='ltr'><strong>rerum</strong></span> <span class='ocrx_word' id='word_1_407' title='bbox 1211 1290 1408 1318; x_wconf 87' lang='lat' dir='ltr'><strong>corporearnm</strong></span> <span class='ocrx_word' id='word_1_408' title='bbox 1428 1290 1554 1314; x_wconf 85' lang='lat' dir='ltr'><strong>naturam</strong></span> <span class='ocrx_word' id='word_1_409' title='bbox 1572 1287 1729 1317; x_wconf 82' lang='lat' dir='ltr'><strong>desideran-</strong></span> 
     </span>
    </p>
   </div>
   <div class='ocr_carea' id='block_1_57' title="bbox 943 1322 1727 1364">
    <p class='ocr_par' dir='ltr' id='par_1_57' title="bbox 943 1322 1727 1364">
     <span class='ocr_line' id='line_1_57' title="bbox 943 1322 1727 1364; baseline 0.011 -11"><span class='ocrx_word' id='word_1_410' title='bbox 943 1331 993 1359; x_wconf 82' lang='lat' dir='ltr'><strong>tes,</strong></span> <span class='ocrx_word' id='word_1_411' title='bbox 1013 1334 1132 1362; x_wconf 85' lang='lat' dir='ltr'><strong>pepones</strong></span> <span class='ocrx_word' id='word_1_412' title='bbox 1147 1337 1279 1362; x_wconf 88' lang='lat' dir='ltr'><strong>avemus;</strong></span> <span class='ocrx_word' id='word_1_413' title='bbox 1299 1335 1326 1357; x_wconf 83' lang='lat' dir='ltr'><strong>et</strong></span> <span class='ocrx_word' id='word_1_414' title='bbox 1345 1322 1416 1364; x_wconf 84' lang='lat' dir='ltr'><strong>quod</strong></span> <span class='ocrx_word' id='word_1_415' title='bbox 1431 1333 1544 1360; x_wconf 89' lang='lat' dir='ltr'><strong>minime</strong></span> <span class='ocrx_word' id='word_1_416' title='bbox 1558 1333 1688 1362; x_wconf 84' lang='lat' dir='ltr'><strong>adolescit</strong></span> <span class='ocrx_word' id='word_1_417' title='bbox 1700 1335 1727 1362; x_wconf 92' lang='lat' dir='ltr'><strong>in</strong></span> 
     </span>
    </p>
   </div>
   <div class='ocr_carea' id='block_1_58' title="bbox 941 1374 1730 1411">
    <p class='ocr_par' dir='ltr' id='par_1_58' title="bbox 941 1374 1730 1411">
     <span class='ocr_line' id='line_1_58' title="bbox 941 1374 1730 1411; baseline 0.014 -12"><span class='ocrx_word' id='word_1_418' title='bbox 941 1374 1087 1401; x_wconf 82' lang='lat' dir='ltr'><strong>essentiam</strong></span> <span class='ocrx_word' id='word_1_419' title='bbox 1103 1375 1201 1402; x_wconf 59' lang='lat' dir='ltr'><strong>animae</strong></span> <span class='ocrx_word' id='word_1_420' title='bbox 1217 1377 1416 1411; x_wconf 65' lang='lat' dir='ltr'><strong>prmeligentes,</strong></span> <span class='ocrx_word' id='word_1_421' title='bbox 1431 1385 1590 1406; x_wconf 83' lang='lat' dir='ltr'><strong>cucutneres</strong></span> <span class='ocrx_word' id='word_1_422' title='bbox 1606 1375 1730 1409; x_wconf 73' lang='lat' dir='ltr'><strong>volumus</strong></span> 
     </span>
    </p>
   </div>
   <div class='ocr_carea' id='block_1_59' title="bbox 939 1413 1727 1460">
    <p class='ocr_par' dir='ltr' id='par_1_59' title="bbox 939 1413 1727 1460">
     <span class='ocr_line' id='line_1_59' title="bbox 939 1413 1727 1460; baseline 0.01 -15"><span class='ocrx_word' id='word_1_423' title='bbox 939 1425 1073 1447; x_wconf 81' lang='lat' dir='ltr'><strong>cOmesse.</strong></span> <span class='ocrx_word' id='word_1_424' title='bbox 1087 1420 1120 1447; x_wconf 85' lang='lat' dir='ltr'><strong>Et</strong></span> <span class='ocrx_word' id='word_1_425' title='bbox 1133 1421 1195 1455; x_wconf 88' lang='lat' dir='ltr'><strong>quia</strong></span> <span class='ocrx_word' id='word_1_426' title='bbox 1209 1422 1383 1456; x_wconf 84' lang='lat' dir='ltr'><strong>repudiamus</strong></span> <span class='ocrx_word' id='word_1_427' title='bbox 1394 1430 1493 1457; x_wconf 87' lang='lat' dir='ltr'><strong>panem</strong></span> <span class='ocrx_word' id='word_1_428' title='bbox 1504 1413 1538 1451; x_wconf 76' lang='lat' dir='ltr'><strong>de</strong></span> <span class='ocrx_word' id='word_1_429' title='bbox 1553 1424 1632 1456; x_wconf 70' lang='lat' dir='ltr'><strong>cmlo,</strong></span> <span class='ocrx_word' id='word_1_430' title='bbox 1644 1433 1727 1460; x_wconf 87' lang='lat' dir='ltr'><strong>quem</strong></span> 
     </span>
    </p>
   </div>
   <div class='ocr_carea' id='block_1_60' title="bbox 938 1465 1726 1502">
    <p class='ocr_par' dir='ltr' id='par_1_60' title="bbox 938 1465 1726 1502">
     <span class='ocr_line' id='line_1_60' title="bbox 938 1465 1726 1502; baseline 0.006 -11"><span class='ocrx_word' id='word_1_431' title='bbox 938 1465 1086 1500; x_wconf 78' lang='lat' dir='ltr'><strong>praedicant</strong></span> <span class='ocrx_word' id='word_1_432' title='bbox 1120 1469 1194 1494; x_wconf 87' lang='lat' dir='ltr'><strong>vates</strong></span> <span class='ocrx_word' id='word_1_433' title='bbox 1218 1473 1245 1494; x_wconf 87' lang='lat' dir='ltr'><strong>et</strong></span> <span class='ocrx_word' id='word_1_434' title='bbox 1278 1466 1368 1501; x_wconf 80' lang='lat' dir='ltr'><strong>justi,</strong></span> <span class='ocrx_word' id='word_1_435' title='bbox 1401 1468 1447 1502; x_wconf 87' lang='lat' dir='ltr'><strong>qui</strong></span> <span class='ocrx_word' id='word_1_436' title='bbox 1476 1469 1562 1498; x_wconf 82' lang='lat' dir='ltr'><strong>nubes</strong></span> <span class='ocrx_word' id='word_1_437' title='bbox 1582 1474 1726 1502; x_wconf 85' lang='lat' dir='ltr'><strong>vocantur,</strong></span> 
     </span>
    </p>
   </div>
   <div class='ocr_carea' id='block_1_61' title="bbox 87 1507 877 1548">
    <p class='ocr_par' dir='ltr' id='par_1_61' title="bbox 87 1508 874 1548">
     <span class='ocr_line' id='line_1_61' title="bbox 87 1508 874 1548; baseline -0.001 -11"><span class='ocrx_word' id='word_1_438' title='bbox 87 1510 225 1548; x_wconf 62' lang='lat' dir='ltr'><strong>atpozpﬁrat</strong></span> <span class='ocrx_word' id='word_1_439' title='bbox 249 1513 370 1548; x_wconf 72' lang='grc' dir='ltr'>κήρυκες</span> <span class='ocrx_word' id='word_1_440' title='bbox 389 1508 437 1538; x_wconf 72' lang='grc' dir='ltr'>καὶ</span> <span class='ocrx_word' id='word_1_441' title='bbox 459 1510 572 1543; x_wconf 79' lang='grc' dir='ltr'>δίκαιοι,</span> <span class='ocrx_word' id='word_1_442' title='bbox 595 1510 704 1545; x_wconf 72' lang='grc' dir='ltr'>νεφέλαι</span> <span class='ocrx_word' id='word_1_443' title='bbox 722 1510 874 1546; x_wconf 79' lang='grc' dir='ltr'>καλούμενο</span> 
     </span>
    </p>
   </div>
   <div class='ocr_carea' id='block_1_62' title="bbox 940 1507 1725 1548">
    <p class='ocr_par' dir='ltr' id='par_1_62' title="bbox 940 1511 1725 1546">
     <span class='ocr_line' id='line_1_62' title="bbox 940 1511 1725 1546; baseline 0.003 -9"><span class='ocrx_word' id='word_1_444' title='bbox 940 1516 1079 1546; x_wconf 82' lang='lat' dir='ltr'><strong>propterea</strong></span> <span class='ocrx_word' id='word_1_445' title='bbox 1094 1511 1165 1546; x_wconf 87' lang='lat' dir='ltr'><strong>quod</strong></span> <span class='ocrx_word' id='word_1_446' title='bbox 1186 1513 1210 1538; x_wconf 92' lang='lat' dir='ltr'><strong>in</strong></span> <span class='ocrx_word' id='word_1_447' title='bbox 1234 1512 1350 1540; x_wconf 87' lang='lat' dir='ltr'><strong>sublime</strong></span> <span class='ocrx_word' id='word_1_448' title='bbox 1374 1520 1448 1540; x_wconf 89' lang='lat' dir='ltr'><strong>mens</strong></span> <span class='ocrx_word' id='word_1_449' title='bbox 1476 1513 1584 1541; x_wconf 91' lang='lat' dir='ltr'><strong>illorum</strong></span> <span class='ocrx_word' id='word_1_450' title='bbox 1605 1513 1725 1546; x_wconf 78' lang='lat' dir='ltr'><strong>feratur;</strong></span> 
     </span>
    </p>
   </div>
   <div class='ocr_carea' id='block_1_63' title="bbox 82 1554 884 1593">
    <p class='ocr_par' dir='ltr' id='par_1_63' title="bbox 82 1554 884 1593">
     <span class='ocr_line' id='line_1_63' title="bbox 82 1554 884 1593; baseline -0.002 -9"><span class='ocrx_word' id='word_1_451' title='bbox 82 1554 126 1585; x_wconf 71' lang='grc' dir='ltr'><strong>διά</strong></span> <span class='ocrx_word' id='word_1_452' title='bbox 150 1557 182 1584; x_wconf 73' lang='grc' dir='ltr'><strong>τδ</strong></span> <span class='ocrx_word' id='word_1_453' title='bbox 197 1557 267 1593; x_wconf 67' lang='grc' dir='ltr'>ὑψοῦ</span> <span class='ocrx_word' id='word_1_454' title='bbox 288 1558 419 1593; x_wconf 77' lang='grc' dir='ltr'>φέρεσθαι</span> <span class='ocrx_word' id='word_1_455' title='bbox 437 1557 527 1584; x_wconf 80' lang='grc' dir='ltr'>αὐτῶν</span> <span class='ocrx_word' id='word_1_456' title='bbox 549 1557 595 1584; x_wconf 81' lang='grc' dir='ltr'><strong>τὸν</strong></span> <span class='ocrx_word' id='word_1_457' title='bbox 625 1557 702 1584; x_wconf 76' lang='grc' dir='ltr'>νοῦν·</span> <span class='ocrx_word' id='word_1_458' title='bbox 723 1557 769 1583; x_wconf 84' lang='grc' dir='ltr'>καὶ</span> <span class='ocrx_word' id='word_1_459' title='bbox 790 1556 833 1583; x_wconf 78' lang='grc' dir='ltr'><strong>διὰ</strong></span> <span class='ocrx_word' id='word_1_460' title='bbox 855 1557 884 1583; x_wconf 82' lang='grc' dir='ltr'>τὸ</span> 
     </span>
    </p>
   </div>
   <div class='ocr_carea' id='block_1_64' title="bbox 85 1600 882 1639">
    <p class='ocr_par' dir='ltr' id='par_1_64' title="bbox 85 1600 882 1639">
     <span class='ocr_line' id='line_1_64' title="bbox 85 1600 882 1639; baseline -0.001 -9"><span class='ocrx_word' id='word_1_461' title='bbox 85 1600 202 1636; x_wconf 68' lang='grc' dir='ltr'>ἒπὲξειν</span> <span class='ocrx_word' id='word_1_462' title='bbox 220 1603 280 1639; x_wconf 86' lang='grc'><strong>(89)</strong></span> <span class='ocrx_word' id='word_1_463' title='bbox 295 1603 414 1638; x_wconf 81' lang='grc' dir='ltr'>νεφελῶν</span> <span class='ocrx_word' id='word_1_464' title='bbox 431 1605 486 1636; x_wconf 82' lang='grc' dir='ltr'>τοῖς</span> <span class='ocrx_word' id='word_1_465' title='bbox 500 1605 603 1639; x_wconf 80' lang='grc' dir='ltr'>νοητοῖς</span> <span class='ocrx_word' id='word_1_466' title='bbox 623 1603 710 1634; x_wconf 79' lang='grc' dir='ltr'>ὑετοῖς</span> <span class='ocrx_word' id='word_1_467' title='bbox 727 1603 882 1639; x_wconf 71' lang='grc' dir='ltr'>κατάρδειν,</span> 
     </span>
    </p>
   </div>
   <div class='ocr_carea' id='block_1_65' title="bbox 85 1649 879 1686">
    <p class='ocr_par' dir='ltr' id='par_1_65' title="bbox 85 1649 879 1686">
     <span class='ocr_line' id='line_1_65' title="bbox 85 1649 879 1686; baseline 0 -10"><span class='ocrx_word' id='word_1_468' title='bbox 85 1650 194 1686; x_wconf 77' lang='grc' dir='ltr'>ἑτέρους</span> <span class='ocrx_word' id='word_1_469' title='bbox 211 1649 389 1683; x_wconf 81' lang='grc' dir='ltr'>ὲξαποστελεῖ</span> <span class='ocrx_word' id='word_1_470' title='bbox 404 1651 471 1685; x_wconf 80' lang='grc' dir='ltr'>ἡμῖν</span> <span class='ocrx_word' id='word_1_471' title='bbox 487 1651 501 1676; x_wconf 83' lang='grc' dir='ltr'><strong>ό</strong></span> <span class='ocrx_word' id='word_1_472' title='bbox 517 1649 594 1682; x_wconf 80' lang='grc' dir='ltr'>θεὸς,</span> <span class='ocrx_word' id='word_1_473' title='bbox 623 1649 707 1685; x_wconf 80' lang='grc' dir='ltr'>κρέας</span> <span class='ocrx_word' id='word_1_474' title='bbox 721 1649 787 1676; x_wconf 72' lang='grc' dir='ltr'>ὡσεὶ</span> <span class='ocrx_word' id='word_1_475' title='bbox 805 1650 879 1685; x_wconf 83' lang='grc' dir='ltr'>χοῦν,</span> 
     </span>
    </p>
   </div>
   <div class='ocr_carea' id='block_1_66' title="bbox 82 1692 882 1730">
    <p class='ocr_par' dir='ltr' id='par_1_66' title="bbox 82 1692 882 1730">
     <span class='ocr_line' id='line_1_66' title="bbox 82 1692 882 1730; baseline 0 -9"><span class='ocrx_word' id='word_1_476' title='bbox 82 1694 136 1728; x_wconf 77' lang='grc' dir='ltr'>ἕως</span> <span class='ocrx_word' id='word_1_477' title='bbox 152 1693 190 1722; x_wconf 84' lang='grc' dir='ltr'>οὗ</span> <span class='ocrx_word' id='word_1_478' title='bbox 210 1694 321 1730; x_wconf 70' lang='grc' dir='ltr'><strong>ἐξέλθῃ</strong></span> <span class='ocrx_word' id='word_1_479' title='bbox 343 1695 378 1722; x_wconf 77' lang='grc' dir='ltr'>ἐκ</span> <span class='ocrx_word' id='word_1_480' title='bbox 393 1692 452 1722; x_wconf 53' lang='grc' dir='ltr'>τῶν</span> <span class='ocrx_word' id='word_1_481' title='bbox 467 1695 628 1730; x_wconf 77' lang='grc' dir='ltr'>μυκτήρων</span> <span class='ocrx_word' id='word_1_482' title='bbox 642 1694 742 1730; x_wconf 77' lang='grc' dir='ltr'>ἡμῶν,</span> <span class='ocrx_word' id='word_1_483' title='bbox 764 1695 811 1722; x_wconf 76' lang='grc' dir='ltr'>καὶ</span> <span class='ocrx_word' id='word_1_484' title='bbox 830 1694 882 1726; x_wconf 69' lang='grc' dir='ltr'>ἕως</span> 
     </span>
    </p>
   </div>
   <div class='ocr_carea' id='block_1_67' title="bbox 83 1740 878 1778">
    <p class='ocr_par' dir='ltr' id='par_1_67' title="bbox 83 1740 878 1778">
     <span class='ocr_line' id='line_1_67' title="bbox 83 1740 878 1778; baseline 0 -11"><span class='ocrx_word' id='word_1_485' title='bbox 83 1741 218 1778; x_wconf 71' lang='grc' dir='ltr'>πληρώσῃ</span> <span class='ocrx_word' id='word_1_486' title='bbox 234 1742 309 1777; x_wconf 79' lang='grc' dir='ltr'>ἡμᾶς</span> <span class='ocrx_word' id='word_1_487' title='bbox 321 1741 400 1768; x_wconf 84' lang='grc' dir='ltr'>νόσου</span> <span class='ocrx_word' id='word_1_488' title='bbox 417 1742 464 1769; x_wconf 73' lang='grc' dir='ltr'>καὶ</span> <span class='ocrx_word' id='word_1_489' title='bbox 479 1741 615 1777; x_wconf 83' lang='grc' dir='ltr'>μαλακίας</span> <span class='ocrx_word' id='word_1_490' title='bbox 626 1762 632 1774; x_wconf 89' lang='grc'><strong>,</strong></span> <span class='ocrx_word' id='word_1_491' title='bbox 647 1741 684 1772; x_wconf 83' lang='grc' dir='ltr'>ὡς</span> <span class='ocrx_word' id='word_1_492' title='bbox 705 1740 754 1777; x_wconf 89' lang='grc' dir='ltr'>τὴν</span> <span class='ocrx_word' id='word_1_493' title='bbox 775 1740 878 1776; x_wconf 80' lang='grc' dir='ltr'>δυσώδη</span> 
     </span>
    </p>
   </div>
   <div class='ocr_carea' id='block_1_68' title="bbox 82 1782 642 1825">
    <p class='ocr_par' dir='ltr' id='par_1_68' title="bbox 82 1782 642 1825">
     <span class='ocr_line' id='line_1_68' title="bbox 82 1782 642 1825; baseline -0.002 -9"><span class='ocrx_word' id='word_1_494' title='bbox 82 1789 128 1816; x_wconf 68' lang='grc' dir='ltr'>καὶ</span> <span class='ocrx_word' id='word_1_495' title='bbox 144 1789 320 1825; x_wconf 67' lang='grc' dir='ltr'>πολύδακρυν</span> <span class='ocrx_word' id='word_1_496' title='bbox 336 1782 472 1825; x_wconf 74' lang='grc' dir='ltr'>ἁμαρτίαν</span> <span class='ocrx_word' id='word_1_497' title='bbox 487 1788 642 1824; x_wconf 79' lang='grc' dir='ltr'>ζητοῦντες.</span> 
     </span>
    </p>
   </div>
   <div class='ocr_carea' id='block_1_69' title="bbox 115 1828 879 1874">
    <p class='ocr_par' dir='ltr' id='par_1_69' title="bbox 115 1828 879 1874">
     <span class='ocr_line' id='line_1_69' title="bbox 115 1828 879 1874; baseline -0.004 -12"><span class='ocrx_word' id='word_1_498' title='bbox 115 1836 147 1862; x_wconf 81' lang='grc' dir='ltr'><strong>Οἱ</strong></span> <span class='ocrx_word' id='word_1_499' title='bbox 161 1835 218 1871; x_wconf 78' lang='grc' dir='ltr'><strong>γὰρ</strong></span> <span class='ocrx_word' id='word_1_500' title='bbox 231 1835 286 1862; x_wconf 84' lang='grc' dir='ltr'>τῶν</span> <span class='ocrx_word' id='word_1_501' title='bbox 302 1834 442 1871; x_wconf 84' lang='grc' dir='ltr'>κοσμικῶν</span> <span class='ocrx_word' id='word_1_502' title='bbox 457 1828 628 1871; x_wconf 73' lang='grc' dir='ltr'>πραγμάτων</span> <span class='ocrx_word' id='word_1_503' title='bbox 642 1833 824 1874; x_wconf 79' lang='grc' dir='ltr'>ἀπολαύοντες</span> <span class='ocrx_word' id='word_1_504' title='bbox 835 1842 879 1860; x_wconf 84' lang='grc' dir='ltr'>νο-</span> 
     </span>
    </p>
   </div>
   <div class='ocr_carea' id='block_1_70' title="bbox 81 1874 879 1917">
    <p class='ocr_par' dir='ltr' id='par_1_70' title="bbox 81 1874 879 1917">
     <span class='ocr_line' id='line_1_70' title="bbox 81 1874 879 1917; baseline -0.004 -10"><span class='ocrx_word' id='word_1_505' title='bbox 81 1881 156 1907; x_wconf 74' lang='grc' dir='ltr'>σοῦσι</span> <span class='ocrx_word' id='word_1_506' title='bbox 169 1881 220 1916; x_wconf 82' lang='grc' dir='ltr'>τὴν</span> <span class='ocrx_word' id='word_1_507' title='bbox 238 1880 338 1917; x_wconf 74' lang='grc' dir='ltr'>ψυχὴν,</span> <span class='ocrx_word' id='word_1_508' title='bbox 355 1880 400 1908; x_wconf 80' lang='grc' dir='ltr'><strong>διὰ</strong></span> <span class='ocrx_word' id='word_1_509' title='bbox 415 1880 502 1908; x_wconf 81' lang='grc' dir='ltr'>ταῦτα</span> <span class='ocrx_word' id='word_1_510' title='bbox 521 1881 569 1907; x_wconf 76' lang='grc' dir='ltr'>καὶ</span> <span class='ocrx_word' id='word_1_511' title='bbox 586 1881 614 1907; x_wconf 78' lang='grc' dir='ltr'>ὲν</span> <span class='ocrx_word' id='word_1_512' title='bbox 633 1879 730 1916; x_wconf 70' lang='grc' dir='ltr'>χολέρᾳ</span> <span class='ocrx_word' id='word_1_513' title='bbox 747 1874 795 1905; x_wconf 79' lang='grc' dir='ltr'>καὶ</span> <span class='ocrx_word' id='word_1_514' title='bbox 809 1878 879 1914; x_wconf 85' lang='grc' dir='ltr'>νόσῳ</span> 
     </span>
    </p>
   </div>
   <div class='ocr_carea' id='block_1_71' title="bbox 81 1923 878 1966">
    <p class='ocr_par' dir='ltr' id='par_1_71' title="bbox 81 1923 878 1966">
     <span class='ocr_line' id='line_1_71' title="bbox 81 1923 878 1966; baseline -0.004 -12"><span class='ocrx_word' id='word_1_515' title='bbox 81 1923 143 1960; x_wconf 72' lang='grc' dir='ltr'>ὲισὶ,</span> <span class='ocrx_word' id='word_1_516' title='bbox 162 1928 212 1954; x_wconf 79' lang='grc' dir='ltr'>καὶ</span> <span class='ocrx_word' id='word_1_517' title='bbox 225 1928 295 1954; x_wconf 77' lang='grc' dir='ltr'>πᾶσι</span> <span class='ocrx_word' id='word_1_518' title='bbox 311 1928 406 1959; x_wconf 83' lang='grc' dir='ltr'>κακοῖς</span> <span class='ocrx_word' id='word_1_519' title='bbox 426 1926 471 1954; x_wconf 78' lang='grc' dir='ltr'><strong>διὰ</strong></span> <span class='ocrx_word' id='word_1_520' title='bbox 482 1927 530 1962; x_wconf 83' lang='grc' dir='ltr'>τὴν</span> <span class='ocrx_word' id='word_1_521' title='bbox 545 1924 785 1966; x_wconf 72' lang='grc' dir='ltr'>διψυχιαναύτῶν.</span> <span class='ocrx_word' id='word_1_522' title='bbox 810 1924 878 1951; x_wconf 79' lang='grc' dir='ltr'>Ἀλλ’</span> 
     </span>
    </p>
   </div>
   <div class='ocr_carea' id='block_1_72' title="bbox 81 1965 877 2009">
    <p class='ocr_par' dir='ltr' id='par_1_72' title="bbox 81 1965 877 2009">
     <span class='ocr_line' id='line_1_72' title="bbox 81 1965 877 2009; baseline -0.003 -10"><span class='ocrx_word' id='word_1_523' title='bbox 81 1965 152 2008; x_wconf 56' lang='grc' dir='ltr'><strong>ᾗμᾶς</strong></span> <span class='ocrx_word' id='word_1_524' title='bbox 169 1973 278 2007; x_wconf 81' lang='grc' dir='ltr'>γένοιτο</span> <span class='ocrx_word' id='word_1_525' title='bbox 293 1973 434 2008; x_wconf 74' lang='grc' dir='ltr'>νηστεύειν</span> <span class='ocrx_word' id='word_1_526' title='bbox 456 1973 584 2009; x_wconf 84' lang='grc' dir='ltr'>νηστείαν</span> <span class='ocrx_word' id='word_1_527' title='bbox 608 1971 723 2008; x_wconf 84' lang='grc' dir='ltr'>δεκτὴν,</span> <span class='ocrx_word' id='word_1_528' title='bbox 749 1971 780 1997; x_wconf 72' lang='grc' dir='ltr'>τὸ</span> <span class='ocrx_word' id='word_1_529' title='bbox 811 1970 877 2007; x_wconf 83' lang='grc' dir='ltr'>φρό-</span> 
     </span>
    </p>
   </div>
   <div class='ocr_carea' id='block_1_73' title="bbox 79 2016 878 2058">
    <p class='ocr_par' dir='ltr' id='par_1_73' title="bbox 79 2016 878 2058">
     <span class='ocr_line' id='line_1_73' title="bbox 79 2016 878 2058; baseline -0.004 -13"><span class='ocrx_word' id='word_1_530' title='bbox 79 2019 151 2055; x_wconf 60' lang='lat' dir='ltr'><strong>mea</strong></span> <span class='ocrx_word' id='word_1_531' title='bbox 168 2019 221 2054; x_wconf 81' lang='grc' dir='ltr'>τῆς</span> <span class='ocrx_word' id='word_1_532' title='bbox 238 2019 339 2054; x_wconf 86' lang='grc' dir='ltr'>σαρκὸς</span> <span class='ocrx_word' id='word_1_533' title='bbox 365 2018 402 2055; x_wconf 80' lang='grc' dir='ltr'>μὴ</span> <span class='ocrx_word' id='word_1_534' title='bbox 418 2019 566 2054; x_wconf 68' lang='grc' dir='ltr'>τρέφοντας</span> <span class='ocrx_word' id='word_1_535' title='bbox 578 2039 585 2051; x_wconf 91' lang='grc'><strong>,</strong></span> <span class='ocrx_word' id='word_1_536' title='bbox 599 2018 666 2054; x_wconf 67' lang='grc' dir='ltr'>μηδὲ</span> <span class='ocrx_word' id='word_1_537' title='bbox 680 2016 825 2052; x_wconf 76' lang='grc' dir='ltr'>γενοίμεθα</span> <span class='ocrx_word' id='word_1_538' title='bbox 849 2017 878 2058; x_wconf 80' lang='grc' dir='ltr'>ὲν</span> 
     </span>
    </p>
   </div>
   <div class='ocr_carea' id='block_1_74' title="bbox 75 2059 878 2101">
    <p class='ocr_par' dir='ltr' id='par_1_74' title="bbox 75 2059 878 2101">
     <span class='ocr_line' id='line_1_74' title="bbox 75 2059 878 2101; baseline -0.005 -9"><span class='ocrx_word' id='word_1_539' title='bbox 75 2063 200 2101; x_wconf 74' lang='grc' dir='ltr'>ἀνύδρῳ,</span> <span class='ocrx_word' id='word_1_540' title='bbox 216 2065 344 2100; x_wconf 81' lang='grc' dir='ltr'>στερήσει</span> <span class='ocrx_word' id='word_1_541' title='bbox 356 2065 411 2091; x_wconf 81' lang='grc' dir='ltr'>τῶν</span> <span class='ocrx_word' id='word_1_542' title='bbox 432 2065 626 2101; x_wconf 81' lang='grc' dir='ltr'>πνευματικῶν</span> <span class='ocrx_word' id='word_1_543' title='bbox 650 2059 753 2091; x_wconf 81' lang='grc' dir='ltr'>ὑδάτων</span> <span class='ocrx_word' id='word_1_544' title='bbox 764 2083 771 2095; x_wconf 96' lang='grc'><strong>,</strong></span> <span class='ocrx_word' id='word_1_545' title='bbox 788 2062 833 2088; x_wconf 80' lang='grc' dir='ltr'><strong>διὰ</strong></span> <span class='ocrx_word' id='word_1_546' title='bbox 848 2062 878 2089; x_wconf 84' lang='grc' dir='ltr'>τὸ</span> 
     </span>
    </p>
   </div>
   <div class='ocr_carea' id='block_1_75' title="bbox 77 2109 877 2148">
    <p class='ocr_par' dir='ltr' id='par_1_75' title="bbox 77 2109 877 2148">
     <span class='ocr_line' id='line_1_75' title="bbox 77 2109 877 2148; baseline -0.005 -10"><span class='ocrx_word' id='word_1_547' title='bbox 77 2112 162 2147; x_wconf 81' lang='grc' dir='ltr'>μηδὲν</span> <span class='ocrx_word' id='word_1_548' title='bbox 176 2111 245 2148; x_wconf 76' lang='grc' dir='ltr'><strong>δρᾷν</strong></span> <span class='ocrx_word' id='word_1_549' title='bbox 257 2111 311 2138; x_wconf 82' lang='grc' dir='ltr'>τῶν</span> <span class='ocrx_word' id='word_1_550' title='bbox 323 2111 522 2145; x_wconf 86' lang='grc' dir='ltr'>γλυκαινόντων</span> <span class='ocrx_word' id='word_1_551' title='bbox 535 2111 584 2147; x_wconf 83' lang='grc' dir='ltr'>τὴν</span> <span class='ocrx_word' id='word_1_552' title='bbox 596 2109 643 2137; x_wconf 76' lang='grc' dir='ltr'>τοῦ</span> <span class='ocrx_word' id='word_1_553' title='bbox 667 2109 794 2145; x_wconf 74' lang='grc' dir='ltr'>Ὑψίστου</span> <span class='ocrx_word' id='word_1_554' title='bbox 810 2117 877 2145; x_wconf 82' lang='grc' dir='ltr'>χρη-</span> 
     </span>
    </p>
   </div>
   <div class='ocr_carea' id='block_1_76' title="bbox 76 2153 875 2194">
    <p class='ocr_par' dir='ltr' id='par_1_76' title="bbox 76 2153 875 2194">
     <span class='ocr_line' id='line_1_76' title="bbox 76 2153 875 2194; baseline -0.008 -9"><span class='ocrx_word' id='word_1_555' title='bbox 76 2153 206 2194; x_wconf 69' lang='grc' dir='ltr'>στότητα.</span> <span class='ocrx_word' id='word_1_556' title='bbox 221 2155 366 2189; x_wconf 77' lang='grc' dir='ltr'>Γλυκαινει</span> <span class='ocrx_word' id='word_1_557' title='bbox 378 2157 407 2184; x_wconf 79' lang='grc' dir='ltr'>δὲ</span> <span class='ocrx_word' id='word_1_558' title='bbox 421 2157 504 2192; x_wconf 82' lang='grc' dir='ltr'>αὐτὴν</span> <span class='ocrx_word' id='word_1_559' title='bbox 520 2157 555 2184; x_wconf 80' lang='grc' dir='ltr'>τὰ</span> <span class='ocrx_word' id='word_1_560' title='bbox 577 2157 637 2183; x_wconf 85' lang='grc' dir='ltr'>κατ’</span> <span class='ocrx_word' id='word_1_561' title='bbox 654 2155 755 2191; x_wconf 82' lang='grc' dir='ltr'>ἀρετὴν</span> <span class='ocrx_word' id='word_1_562' title='bbox 769 2153 817 2180; x_wconf 74' lang='grc' dir='ltr'>καὶ</span> <span class='ocrx_word' id='word_1_563' title='bbox 832 2161 875 2179; x_wconf 83' lang='grc' dir='ltr'>σο-</span> 
     </span>
    </p>
   </div>
   <div class='ocr_carea' id='block_1_77' title="bbox 76 2199 874 2240">
    <p class='ocr_par' dir='ltr' id='par_1_77' title="bbox 76 2199 874 2240">
     <span class='ocr_line' id='line_1_77' title="bbox 76 2199 874 2240; baseline -0.008 -9"><span class='ocrx_word' id='word_1_564' title='bbox 76 2202 139 2239; x_wconf 62' lang='grc' dir='ltr'>φίαν</span> <span class='ocrx_word' id='word_1_565' title='bbox 164 2203 353 2240; x_wconf 75' lang='grc' dir='ltr'>ἐνεργούμενα</span> <span class='ocrx_word' id='word_1_566' title='bbox 372 2203 420 2231; x_wconf 71' lang='grc' dir='ltr'>καὶ</span> <span class='ocrx_word' id='word_1_567' title='bbox 442 2203 626 2240; x_wconf 79' lang='grc' dir='ltr'>θεωρούμενα.</span> <span class='ocrx_word' id='word_1_568' title='bbox 646 2201 721 2237; x_wconf 84' lang='grc' dir='ltr'>Μηδὲ</span> <span class='ocrx_word' id='word_1_569' title='bbox 744 2199 874 2235; x_wconf 76' lang='grc' dir='ltr'>ἐκπειρά-</span> 
     </span>
    </p>
   </div>
   <div class='ocr_carea' id='block_1_78' title="bbox 76 2246 871 2286">
    <p class='ocr_par' dir='ltr' id='par_1_78' title="bbox 76 2246 871 2286">
     <span class='ocr_line' id='line_1_78' title="bbox 76 2246 871 2286; baseline -0.009 -9"><span class='ocrx_word' id='word_1_570' title='bbox 76 2250 119 2277; x_wconf 69' lang='lat' dir='ltr'><strong>dat</strong></span> <span class='ocrx_word' id='word_1_571' title='bbox 134 2250 218 2277; x_wconf 78' lang='grc' dir='ltr'>αὑτὸν</span> <span class='ocrx_word' id='word_1_572' title='bbox 235 2251 264 2276; x_wconf 80' lang='grc' dir='ltr'>ὲν</span> <span class='ocrx_word' id='word_1_573' title='bbox 278 2251 338 2282; x_wconf 85' lang='grc' dir='ltr'>ταῖς</span> <span class='ocrx_word' id='word_1_574' title='bbox 352 2249 475 2286; x_wconf 84' lang='grc' dir='ltr'>καρδίαις</span> <span class='ocrx_word' id='word_1_575' title='bbox 491 2249 585 2285; x_wconf 81' lang='grc' dir='ltr'>ἡμῶν·</span> <span class='ocrx_word' id='word_1_576' title='bbox 604 2248 686 2285; x_wconf 74' lang='grc' dir='ltr'>ἧγουν</span> <span class='ocrx_word' id='word_1_577' title='bbox 701 2246 752 2273; x_wconf 77' lang='grc' dir='ltr'><strong>οὐκ</strong></span> <span class='ocrx_word' id='word_1_578' title='bbox 764 2246 793 2278; x_wconf 73' lang='grc' dir='ltr'>ἐξ</span> <span class='ocrx_word' id='word_1_579' title='bbox 810 2246 871 2271; x_wconf 83' lang='grc' dir='ltr'>ὲπι-</span> 
     </span>
    </p>
   </div>
   <div class='ocr_carea' id='block_1_79' title="bbox 75 2290 871 2332">
    <p class='ocr_par' dir='ltr' id='par_1_79' title="bbox 75 2290 871 2332">
     <span class='ocr_line' id='line_1_79' title="bbox 75 2290 871 2332; baseline -0.009 -9"><span class='ocrx_word' id='word_1_580' title='bbox 75 2290 169 2332; x_wconf 64' lang='grc' dir='ltr'>πολῆς,</span> <span class='ocrx_word' id='word_1_581' title='bbox 184 2296 243 2323; x_wconf 84' lang='grc' dir='ltr'>ἀλλ’</span> <span class='ocrx_word' id='word_1_582' title='bbox 255 2298 288 2323; x_wconf 84' lang='grc' dir='ltr'>ὲκ</span> <span class='ocrx_word' id='word_1_583' title='bbox 300 2295 399 2331; x_wconf 79' lang='grc' dir='ltr'>βάθους</span> <span class='ocrx_word' id='word_1_584' title='bbox 412 2295 461 2322; x_wconf 81' lang='grc' dir='ltr'><strong>τοῦ</strong></span> <span class='ocrx_word' id='word_1_585' title='bbox 476 2292 640 2331; x_wconf 73' lang='grc' dir='ltr'>ἡγεμονικοῦ</span> <span class='ocrx_word' id='word_1_586' title='bbox 655 2291 871 2329; x_wconf 71' lang='grc' dir='ltr'>ἀμφιϐάλλοντες</span> 
     </span>
    </p>
   </div>
   <div class='ocr_carea' id='block_1_80' title="bbox 76 2336 872 2378">
    <p class='ocr_par' dir='ltr' id='par_1_80' title="bbox 76 2336 872 2378">
     <span class='ocr_line' id='line_1_80' title="bbox 76 2336 872 2378; baseline -0.009 -9"><span class='ocrx_word' id='word_1_587' title='bbox 76 2342 138 2378; x_wconf 66' lang='grc' dir='ltr'>ἡερὶ</span> <span class='ocrx_word' id='word_1_588' title='bbox 153 2341 206 2377; x_wconf 78' lang='grc' dir='ltr'>τῆς</span> <span class='ocrx_word' id='word_1_589' title='bbox 222 2341 297 2374; x_wconf 81' lang='grc' dir='ltr'>θείας</span> <span class='ocrx_word' id='word_1_590' title='bbox 311 2341 471 2377; x_wconf 82' lang='grc' dir='ltr'>δυνάμεως·</span> <span class='ocrx_word' id='word_1_591' title='bbox 490 2340 549 2376; x_wconf 80' lang='grc' dir='ltr'>μηδ’</span> <span class='ocrx_word' id='word_1_592' title='bbox 561 2339 723 2375; x_wconf 79' lang='grc' dir='ltr'>αἱτήσαιμεν</span> <span class='ocrx_word' id='word_1_593' title='bbox 739 2336 872 2373; x_wconf 83' lang='grc' dir='ltr'>βρώματα</span> 
     </span>
    </p>
   </div>
   <div class='ocr_carea' id='block_1_81' title="bbox 73 2381 871 2423">
    <p class='ocr_par' dir='ltr' id='par_1_81' title="bbox 73 2381 871 2423">
     <span class='ocr_line' id='line_1_81' title="bbox 73 2381 871 2423; baseline -0.009 -8"><span class='ocrx_word' id='word_1_594' title='bbox 73 2382 132 2420; x_wconf 63' lang='grc' dir='ltr'>’ἑαῖς</span> <span class='ocrx_word' id='word_1_595' title='bbox 150 2388 253 2423; x_wconf 78' lang='grc' dir='ltr'>ψυχαῖς</span> <span class='ocrx_word' id='word_1_596' title='bbox 270 2386 365 2423; x_wconf 80' lang='grc' dir='ltr'>ἡμῶν·</span> <span class='ocrx_word' id='word_1_597' title='bbox 390 2387 421 2413; x_wconf 74' lang='grc' dir='ltr'>οὑ</span> <span class='ocrx_word' id='word_1_598' title='bbox 445 2388 505 2418; x_wconf 82' lang='grc' dir='ltr'>ταῖς</span> <span class='ocrx_word' id='word_1_599' title='bbox 532 2385 593 2412; x_wconf 84' lang='grc' dir='ltr'>κατ’</span> <span class='ocrx_word' id='word_1_600' title='bbox 619 2383 711 2411; x_wconf 78' lang='grc' dir='ltr'>εἰκόνα</span> <span class='ocrx_word' id='word_1_601' title='bbox 739 2382 828 2417; x_wconf 78' lang='grc' dir='ltr'>λέγω,</span> <span class='ocrx_word' id='word_1_602' title='bbox 843 2381 871 2408; x_wconf 83' lang='grc' dir='ltr'>αἳ</span> 
     </span>
    </p>
   </div>
   <div class='ocr_carea' id='block_1_82' title="bbox 76 2429 870 2469">
    <p class='ocr_par' dir='ltr' id='par_1_82' title="bbox 76 2429 870 2469">
     <span class='ocr_line' id='line_1_82' title="bbox 76 2429 870 2469; baseline -0.008 -10"><span class='ocrx_word' id='word_1_603' title='bbox 76 2434 220 2469; x_wconf 74' lang='grc' dir='ltr'>τρέφονται</span> <span class='ocrx_word' id='word_1_604' title='bbox 234 2435 268 2460; x_wconf 83' lang='grc' dir='ltr'>ὲκ</span> <span class='ocrx_word' id='word_1_605' title='bbox 289 2433 346 2460; x_wconf 82' lang='grc' dir='ltr'>τῶν</span> <span class='ocrx_word' id='word_1_606' title='bbox 363 2432 437 2467; x_wconf 77' lang='grc' dir='ltr'>ζωῆς</span> <span class='ocrx_word' id='word_1_607' title='bbox 450 2433 555 2468; x_wconf 81' lang='grc' dir='ltr'>ἄρτων,</span> <span class='ocrx_word' id='word_1_608' title='bbox 570 2430 638 2458; x_wconf 78' lang='grc' dir='ltr'>ἀλλὰ</span> <span class='ocrx_word' id='word_1_609' title='bbox 654 2431 713 2461; x_wconf 84' lang='grc' dir='ltr'>ταῖς</span> <span class='ocrx_word' id='word_1_610' title='bbox 728 2430 768 2460; x_wconf 89' lang='grc' dir='ltr'><strong>εἰς</strong></span> <span class='ocrx_word' id='word_1_611' title='bbox 782 2429 870 2464; x_wconf 77' lang='grc' dir='ltr'>σάρκα</span> 
     </span>
    </p>
   </div>
   <div class='ocr_carea' id='block_1_83' title="bbox 76 2471 868 2515">
    <p class='ocr_par' dir='ltr' id='par_1_83' title="bbox 76 2471 868 2515">
     <span class='ocr_line' id='line_1_83' title="bbox 76 2471 868 2515; baseline -0.009 -8"><span class='ocrx_word' id='word_1_612' title='bbox 76 2480 319 2514; x_wconf 72' lang='grc' dir='ltr'>μεταϐαλλούσαις,</span> <span class='ocrx_word' id='word_1_613' title='bbox 337 2479 382 2506; x_wconf 75' lang='grc' dir='ltr'><strong>διὰ</strong></span> <span class='ocrx_word' id='word_1_614' title='bbox 394 2479 425 2506; x_wconf 83' lang='grc' dir='ltr'>τὸ</span> <span class='ocrx_word' id='word_1_615' title='bbox 443 2481 499 2510; x_wconf 81' lang='grc' dir='ltr'>τοῖς</span> <span class='ocrx_word' id='word_1_616' title='bbox 510 2478 611 2510; x_wconf 83' lang='grc' dir='ltr'>ὑλικοῖς</span> <span class='ocrx_word' id='word_1_617' title='bbox 624 2471 868 2515; x_wconf 71' lang='grc' dir='ltr'>προσπεπονθέναι,</span> 
     </span>
    </p>
   </div>
   <div class='ocr_carea' id='block_1_84' title="bbox 73 2520 868 2562">
    <p class='ocr_par' dir='ltr' id='par_1_84' title="bbox 73 2520 868 2562">
     <span class='ocr_line' id='line_1_84' title="bbox 73 2520 868 2562; baseline -0.009 -9"><span class='ocrx_word' id='word_1_618' title='bbox 73 2526 250 2562; x_wconf 78' lang='grc' dir='ltr'>ὄρεγομέναις</span> <span class='ocrx_word' id='word_1_619' title='bbox 272 2526 325 2553; x_wconf 81' lang='grc' dir='ltr'>οὐκ</span> <span class='ocrx_word' id='word_1_620' title='bbox 347 2524 493 2560; x_wconf 81' lang='grc' dir='ltr'>ὠφελίμων</span> <span class='ocrx_word' id='word_1_621' title='bbox 508 2525 555 2552; x_wconf 79' lang='grc' dir='ltr'>καὶ</span> <span class='ocrx_word' id='word_1_622' title='bbox 575 2522 659 2558; x_wconf 81' lang='grc' dir='ltr'>ὑγιῶν</span> <span class='ocrx_word' id='word_1_623' title='bbox 673 2522 796 2557; x_wconf 82' lang='grc' dir='ltr'>τροφῶν,</span> <span class='ocrx_word' id='word_1_624' title='bbox 811 2520 868 2547; x_wconf 79' lang='grc' dir='ltr'>ἀλλ’</span> 
     </span>
    </p>
   </div>
   <div class='ocr_carea' id='block_1_85' title="bbox 74 2568 868 2608">
    <p class='ocr_par' dir='ltr' id='par_1_85' title="bbox 74 2568 868 2608">
     <span class='ocr_line' id='line_1_85' title="bbox 74 2568 868 2608; baseline -0.01 -7"><span class='ocrx_word' id='word_1_625' title='bbox 74 2572 153 2608; x_wconf 75' lang='grc' dir='ltr'>ήδέων</span> <span class='ocrx_word' id='word_1_626' title='bbox 173 2573 221 2600; x_wconf 77' lang='grc' dir='ltr'>καὶ</span> <span class='ocrx_word' id='word_1_627' title='bbox 243 2570 408 2600; x_wconf 73' lang='grc' dir='ltr'>νοσοποιιῖΝ.</span> <span class='ocrx_word' id='word_1_628' title='bbox 434 2569 503 2597; x_wconf 73' lang='grc' dir='ltr'>Ἀλλ’</span> <span class='ocrx_word' id='word_1_629' title='bbox 521 2569 695 2605; x_wconf 82' lang='grc' dir='ltr'>ὲτοιμασθείη</span> <span class='ocrx_word' id='word_1_630' title='bbox 715 2569 781 2604; x_wconf 78' lang='grc' dir='ltr'>ἡμῖν</span> <span class='ocrx_word' id='word_1_631' title='bbox 803 2568 868 2603; x_wconf 78' lang='grc' dir='ltr'>τρά-</span> 
     </span>
    </p>
   </div>
   <div class='ocr_carea' id='block_1_86' title="bbox 74 2612 866 2655">
    <p class='ocr_par' dir='ltr' id='par_1_86' title="bbox 74 2612 866 2655">
     <span class='ocr_line' id='line_1_86' title="bbox 74 2612 866 2655; baseline -0.006 -11"><span class='ocrx_word' id='word_1_632' title='bbox 74 2618 157 2652; x_wconf 79' lang='grc' dir='ltr'>πεζα,</span> <span class='ocrx_word' id='word_1_633' title='bbox 180 2621 223 2655; x_wconf 78' lang='grc' dir='ltr'><strong>ἐφ’</strong></span> <span class='ocrx_word' id='word_1_634' title='bbox 245 2619 280 2654; x_wconf 81' lang='grc' dir='ltr'>ἣν</span> <span class='ocrx_word' id='word_1_635' title='bbox 299 2619 319 2653; x_wconf 78' lang='grc' dir='ltr'>ἡ</span> <span class='ocrx_word' id='word_1_636' title='bbox 337 2617 433 2652; x_wconf 62' lang='grc' dir='ltr'>σοφία</span> <span class='ocrx_word' id='word_1_637' title='bbox 453 2617 489 2644; x_wconf 82' lang='grc' dir='ltr'>τὰ</span> <span class='ocrx_word' id='word_1_638' title='bbox 505 2615 616 2650; x_wconf 75' lang='grc' dir='ltr'>ἑαυτῆς</span> <span class='ocrx_word' id='word_1_639' title='bbox 639 2615 753 2650; x_wconf 76' lang='grc' dir='ltr'>θύματα</span> <span class='ocrx_word' id='word_1_640' title='bbox 773 2612 866 2640; x_wconf 80' lang='grc' dir='ltr'>ἐπιτί-</span> 
     </span>
    </p>
   </div>
   <div class='ocr_carea' id='block_1_87' title="bbox 72 2657 865 2699">
    <p class='ocr_par' dir='ltr' id='par_1_87' title="bbox 72 2657 865 2699">
     <span class='ocr_line' id='line_1_87' title="bbox 72 2657 865 2699; baseline -0.011 -6"><span class='ocrx_word' id='word_1_641' title='bbox 72 2665 148 2699; x_wconf 78' lang='grc' dir='ltr'>θησι,</span> <span class='ocrx_word' id='word_1_642' title='bbox 162 2666 212 2693; x_wconf 70' lang='grc' dir='ltr'>καὶ</span> <span class='ocrx_word' id='word_1_643' title='bbox 229 2665 287 2692; x_wconf 77' lang='grc' dir='ltr'><strong>τὸν</strong></span> <span class='ocrx_word' id='word_1_644' title='bbox 303 2662 419 2697; x_wconf 83' lang='grc' dir='ltr'>ἑαυτῆς</span> <span class='ocrx_word' id='word_1_645' title='bbox 437 2660 519 2689; x_wconf 76' lang='grc' dir='ltr'>οἶνον</span> <span class='ocrx_word' id='word_1_646' title='bbox 545 2663 588 2694; x_wconf 82' lang='grc' dir='ltr'>εὶς</span> <span class='ocrx_word' id='word_1_647' title='bbox 606 2660 740 2695; x_wconf 72' lang='grc' dir='ltr'>κρατῆρα</span> <span class='ocrx_word' id='word_1_648' title='bbox 770 2657 865 2693; x_wconf 81' lang='grc' dir='ltr'>κιρνᾷ.</span> 
     </span>
    </p>
   </div>
   <div class='ocr_carea' id='block_1_88' title="bbox 100 2731 320 2765">
    <p class='ocr_par' dir='ltr' id='par_1_88' title="bbox 100 2731 320 2765">
     <span class='ocr_line' id='line_1_88' title="bbox 100 2731 320 2765; baseline -0.014 -4"><span class='ocrx_word' id='word_1_649' title='bbox 100 2733 110 2748; x_wconf 86' lang='grc'><strong>⁹</strong></span> <span class='ocrx_word' id='word_1_650' title='bbox 123 2732 133 2761; x_wconf 91' lang='grc' dir='ltr'><strong>Ι</strong></span> <span class='ocrx_word' id='word_1_651' title='bbox 145 2733 208 2760; x_wconf 87' lang='lat' dir='ltr'><strong>Cor.</strong></span> <span class='ocrx_word' id='word_1_652' title='bbox 226 2741 256 2765; x_wconf 87' lang='grc' dir='ltr'><strong>ιι,</strong></span> <span class='ocrx_word' id='word_1_653' title='bbox 273 2731 320 2759; x_wconf 52' lang='lat' dir='ltr'><strong>id.</strong></span> 
     </span>
    </p>
   </div>
   <div class='ocr_carea' id='block_1_89' title="bbox 891 2188 912 2215">
    <p class='ocr_par' dir='ltr' id='par_1_89' title="bbox 891 2188 912 2215">
     <span class='ocr_line' id='line_1_89' title="bbox 891 2188 912 2215; baseline 0 0"><span class='ocrx_word' id='word_1_654' title='bbox 891 2188 912 2215; x_wconf 92' lang='grc' dir='ltr'><strong>Β</strong></span> 
     </span>
    </p>
   </div>
   <div class='ocr_carea' id='block_1_90' title="bbox 97 2798 718 2841">
    <p class='ocr_par' dir='ltr' id='par_1_90' title="bbox 97 2798 718 2841">
     <span class='ocr_line' id='line_1_90' title="bbox 97 2798 718 2841; baseline -0.013 -7"><span class='ocrx_word' id='word_1_655' title='bbox 97 2805 150 2841; x_wconf 85' lang='grc'>(88)</span> <span class='ocrx_word' id='word_1_656' title='bbox 173 2805 342 2836; x_wconf 71' lang='grc' dir='ltr'>Ἐσθξοντες,</span> <span class='ocrx_word' id='word_1_657' title='bbox 360 2801 403 2829; x_wconf 80' lang='lat' dir='ltr'><strong>vel</strong></span> <span class='ocrx_word' id='word_1_658' title='bbox 421 2809 482 2829; x_wconf 77' lang='lat' dir='ltr'><strong>mox</strong></span> <span class='ocrx_word' id='word_1_659' title='bbox 498 2801 555 2836; x_wconf 75' lang='lat' dir='ltr'><strong>lege</strong></span> <span class='ocrx_word' id='word_1_660' title='bbox 575 2798 718 2834; x_wconf 68' lang='grc' dir='ltr'>Ἐϐραίων.</span> 
     </span>
    </p>
   </div>
   <div class='ocr_carea' id='block_1_91' title="bbox 364 2723 877 2761">
    <p class='ocr_par' dir='ltr' id='par_1_91' title="bbox 364 2726 877 2761">
     <span class='ocr_line' id='line_1_91' title="bbox 364 2726 877 2761; baseline -0.006 -4"><span class='ocrx_word' id='word_1_661' title='bbox 364 2731 386 2746; x_wconf 83' lang='grc'><strong>¹⁰</strong></span> <span class='ocrx_word' id='word_1_662' title='bbox 401 2729 495 2757; x_wconf 73' lang='lat' dir='ltr'><strong>Matth.</strong></span> <span class='ocrx_word' id='word_1_663' title='bbox 516 2728 607 2761; x_wconf 58' lang='lat' dir='ltr'><strong>vn“;</strong></span> <span class='ocrx_word' id='word_1_664' title='bbox 625 2728 690 2755; x_wconf 88' lang='lat' dir='ltr'><strong>Luc.</strong></span> <span class='ocrx_word' id='word_1_665' title='bbox 705 2735 742 2760; x_wconf 61' lang='grc' dir='ltr'>χι,</span> <span class='ocrx_word' id='word_1_666' title='bbox 759 2727 785 2754; x_wconf 81' lang='grc'><strong>5.</strong></span> <span class='ocrx_word' id='word_1_667' title='bbox 826 2727 845 2742; x_wconf 81' lang='grc'><strong>¹¹</strong></span> <span class='ocrx_word' id='word_1_668' title='bbox 860 2726 877 2754; x_wconf 89' lang='grc' dir='ltr'>Ε</span> 
     </span>
    </p>
   </div>
   <div class='ocr_carea' id='block_1_92' title="bbox 940 2723 1261 2761">
    <p class='ocr_par' dir='ltr' id='par_1_92' title="bbox 940 2723 1261 2757">
     <span class='ocr_line' id='line_1_92' title="bbox 940 2723 1261 2757; baseline -0.006 -5"><span class='ocrx_word' id='word_1_669' title='bbox 940 2746 944 2752; x_wconf 96' lang='grc'>.</span> <span class='ocrx_word' id='word_1_670' title='bbox 961 2732 1018 2757; x_wconf 70' lang='lat' dir='ltr'><strong>XVI,</strong></span> <span class='ocrx_word' id='word_1_671' title='bbox 1032 2723 1071 2750; x_wconf 80' lang='lat' dir='ltr'><strong>l5.</strong></span> <span class='ocrx_word' id='word_1_672' title='bbox 1110 2723 1261 2750; x_wconf 74' lang='lat' dir='ltr'><strong>&quot;ibid.31.</strong></span> 
     </span>
    </p>
   </div>
   <div class='ocr_carea' id='block_1_93' title="bbox 936 1558 1725 1594">
    <p class='ocr_par' dir='ltr' id='par_1_93' title="bbox 936 1558 1725 1594">
     <span class='ocr_line' id='line_1_93' title="bbox 936 1558 1725 1594; baseline 0.006 -11"><span class='ocrx_word' id='word_1_673' title='bbox 936 1562 963 1584; x_wconf 88' lang='lat' dir='ltr'><strong>et</strong></span> <span class='ocrx_word' id='word_1_674' title='bbox 983 1558 1046 1591; x_wconf 89' lang='lat' dir='ltr'><strong>quia</strong></span> <span class='ocrx_word' id='word_1_675' title='bbox 1062 1564 1220 1585; x_wconf 85' lang='lat' dir='ltr'><strong>recusamus</strong></span> <span class='ocrx_word' id='word_1_676' title='bbox 1243 1558 1377 1586; x_wconf 84' lang='lat' dir='ltr'><strong>imbribus</strong></span> <span class='ocrx_word' id='word_1_677' title='bbox 1399 1559 1590 1594; x_wconf 86' lang='lat' dir='ltr'><strong>spiritualibus</strong></span> <span class='ocrx_word' id='word_1_678' title='bbox 1611 1560 1725 1588; x_wconf 87' lang='lat' dir='ltr'><strong>nubium</strong></span> 
     </span>
    </p>
   </div>
   <div class='ocr_carea' id='block_1_94' title="bbox 935 1603 1722 1640">
    <p class='ocr_par' dir='ltr' id='par_1_94' title="bbox 935 1603 1722 1640">
     <span class='ocr_line' id='line_1_94' title="bbox 935 1603 1722 1640; baseline 0.005 -10"><span class='ocrx_word' id='word_1_679' title='bbox 935 1603 1033 1630; x_wconf 89' lang='lat' dir='ltr'><strong>harum</strong></span> <span class='ocrx_word' id='word_1_680' title='bbox 1060 1603 1179 1637; x_wconf 76' lang='lat' dir='ltr'><strong>irrigari,</strong></span> <span class='ocrx_word' id='word_1_681' title='bbox 1196 1603 1264 1631; x_wconf 90' lang='lat' dir='ltr'><strong>alios</strong></span> <span class='ocrx_word' id='word_1_682' title='bbox 1287 1605 1377 1632; x_wconf 89' lang='lat' dir='ltr'><strong>mittet</strong></span> <span class='ocrx_word' id='word_1_683' title='bbox 1396 1606 1475 1633; x_wconf 90' lang='lat' dir='ltr'><strong>nobis</strong></span> <span class='ocrx_word' id='word_1_684' title='bbox 1493 1606 1584 1640; x_wconf 84' lang='lat' dir='ltr'><strong>Deus;</strong></span> <span class='ocrx_word' id='word_1_685' title='bbox 1611 1615 1722 1634; x_wconf 88' lang='lat' dir='ltr'><strong>carnem</strong></span> 
     </span>
    </p>
   </div>
   <div class='ocr_carea' id='block_1_95' title="bbox 937 1650 1724 1685">
    <p class='ocr_par' dir='ltr' id='par_1_95' title="bbox 937 1650 1724 1685">
     <span class='ocr_line' id='line_1_95' title="bbox 937 1650 1724 1685; baseline 0.006 -10"><span class='ocrx_word' id='word_1_686' title='bbox 937 1653 1066 1683; x_wconf 82' lang='lat' dir='ltr'><strong>tanquam</strong></span> <span class='ocrx_word' id='word_1_687' title='bbox 1082 1654 1195 1681; x_wconf 85' lang='lat' dir='ltr'><strong>terram,</strong></span> <span class='ocrx_word' id='word_1_688' title='bbox 1221 1650 1304 1677; x_wconf 76' lang='lat' dir='ltr'><strong>donec</strong></span> <span class='ocrx_word' id='word_1_689' title='bbox 1320 1652 1471 1685; x_wconf 79' lang='lat' dir='ltr'><strong>egrediatur</strong></span> <span class='ocrx_word' id='word_1_690' title='bbox 1489 1653 1522 1679; x_wconf 81' lang='lat' dir='ltr'><strong>de</strong></span> <span class='ocrx_word' id='word_1_691' title='bbox 1539 1653 1648 1680; x_wconf 68' lang='lat' dir='ltr'><strong>naribus</strong></span> <span class='ocrx_word' id='word_1_692' title='bbox 1675 1661 1724 1680; x_wconf 80' lang='lat' dir='ltr'><strong>no-</strong></span> 
     </span>
    </p>
   </div>
   <div class='ocr_carea' id='block_1_96' title="bbox 934 1694 1721 1735">
    <p class='ocr_par' dir='ltr' id='par_1_96' title="bbox 934 1694 1721 1735">
     <span class='ocr_line' id='line_1_96' title="bbox 934 1694 1721 1735; baseline 0.006 -14"><span class='ocrx_word' id='word_1_693' title='bbox 934 1695 998 1721; x_wconf 66' lang='lat' dir='ltr'><strong>stris</strong></span> <span class='ocrx_word' id='word_1_694' title='bbox 1015 1694 1047 1727; x_wconf 77' lang='lat'><strong>“,</strong></span> <span class='ocrx_word' id='word_1_695' title='bbox 1064 1698 1090 1722; x_wconf 84' lang='lat' dir='ltr'><strong>et</strong></span> <span class='ocrx_word' id='word_1_696' title='bbox 1107 1695 1192 1722; x_wconf 84' lang='lat' dir='ltr'><strong>donec</strong></span> <span class='ocrx_word' id='word_1_697' title='bbox 1204 1695 1313 1729; x_wconf 87' lang='lat' dir='ltr'><strong>impleat</strong></span> <span class='ocrx_word' id='word_1_698' title='bbox 1337 1704 1387 1724; x_wconf 92' lang='lat' dir='ltr'><strong>nos</strong></span> <span class='ocrx_word' id='word_1_699' title='bbox 1412 1698 1506 1726; x_wconf 90' lang='lat' dir='ltr'><strong>morbo</strong></span> <span class='ocrx_word' id='word_1_700' title='bbox 1532 1703 1559 1726; x_wconf 84' lang='lat' dir='ltr'><strong>et</strong></span> <span class='ocrx_word' id='word_1_701' title='bbox 1580 1698 1721 1735; x_wconf 78' lang='lat' dir='ltr'><strong>languore.</strong></span> 
     </span>
    </p>
   </div>
   <div class='ocr_carea' id='block_1_97' title="bbox 936 1739 1723 1778">
    <p class='ocr_par' dir='ltr' id='par_1_97' title="bbox 936 1739 1723 1778">
     <span class='ocr_line' id='line_1_97' title="bbox 936 1739 1723 1778; baseline 0.005 -12"><span class='ocrx_word' id='word_1_702' title='bbox 936 1744 1065 1775; x_wconf 86' lang='lat' dir='ltr'><strong>tanquam</strong></span> <span class='ocrx_word' id='word_1_703' title='bbox 1091 1739 1136 1774; x_wconf 88' lang='lat' dir='ltr'><strong>qui</strong></span> <span class='ocrx_word' id='word_1_704' title='bbox 1162 1740 1285 1774; x_wconf 89' lang='lat' dir='ltr'><strong>putidum</strong></span> <span class='ocrx_word' id='word_1_705' title='bbox 1315 1744 1343 1767; x_wconf 89' lang='lat' dir='ltr'><strong>et</strong></span> <span class='ocrx_word' id='word_1_706' title='bbox 1370 1740 1549 1777; x_wconf 82' lang='lat' dir='ltr'><strong>lacrymabile</strong></span> <span class='ocrx_word' id='word_1_707' title='bbox 1580 1747 1723 1778; x_wconf 77' lang='lat' dir='ltr'><strong>peccatum</strong></span> 
     </span>
    </p>
   </div>
   <div class='ocr_carea' id='block_1_98' title="bbox 931 1786 1091 1821">
    <p class='ocr_par' dir='ltr' id='par_1_98' title="bbox 931 1786 1091 1821">
     <span class='ocr_line' id='line_1_98' title="bbox 931 1786 1091 1821; baseline 0 -9"><span class='ocrx_word' id='word_1_708' title='bbox 931 1786 1091 1821; x_wconf 64' lang='lat' dir='ltr'><strong>quaerimus.</strong></span> 
     </span>
    </p>
   </div>
   <div class='ocr_carea' id='block_1_99' title="bbox 968 1832 1724 1869">
    <p class='ocr_par' dir='ltr' id='par_1_99' title="bbox 968 1832 1724 1869">
     <span class='ocr_line' id='line_1_99' title="bbox 968 1832 1724 1869; baseline 0.007 -11"><span class='ocrx_word' id='word_1_709' title='bbox 968 1832 1018 1866; x_wconf 83' lang='lat' dir='ltr'><strong>Qui</strong></span> <span class='ocrx_word' id='word_1_710' title='bbox 1033 1833 1117 1866; x_wconf 89' lang='lat' dir='ltr'><strong>enim,</strong></span> <span class='ocrx_word' id='word_1_711' title='bbox 1130 1833 1277 1861; x_wconf 87' lang='lat' dir='ltr'><strong>mundanis</strong></span> <span class='ocrx_word' id='word_1_712' title='bbox 1289 1833 1369 1861; x_wconf 84' lang='lat' dir='ltr'><strong>rebus</strong></span> <span class='ocrx_word' id='word_1_713' title='bbox 1381 1834 1512 1867; x_wconf 79' lang='lat' dir='ltr'><strong>fruentes,</strong></span> <span class='ocrx_word' id='word_1_714' title='bbox 1521 1839 1653 1869; x_wconf 71' lang='lat' dir='ltr'><strong>aegrotant</strong></span> <span class='ocrx_word' id='word_1_715' title='bbox 1664 1836 1724 1863; x_wconf 75' lang='lat' dir='ltr'><strong>ani-</strong></span> 
     </span>
    </p>
   </div>
   <div class='ocr_carea' id='block_1_100' title="bbox 931 1880 1722 1915">
    <p class='ocr_par' dir='ltr' id='par_1_100' title="bbox 931 1880 1722 1915">
     <span class='ocr_line' id='line_1_100' title="bbox 931 1880 1722 1915; baseline 0.005 -10"><span class='ocrx_word' id='word_1_716' title='bbox 931 1886 985 1911; x_wconf 85' lang='lat' dir='ltr'><strong>ma,</strong></span> <span class='ocrx_word' id='word_1_717' title='bbox 1005 1885 1149 1914; x_wconf 85' lang='lat' dir='ltr'><strong>propterea</strong></span> <span class='ocrx_word' id='word_1_718' title='bbox 1168 1880 1249 1908; x_wconf 88' lang='lat' dir='ltr'><strong>etiam</strong></span> <span class='ocrx_word' id='word_1_719' title='bbox 1272 1881 1298 1909; x_wconf 89' lang='lat' dir='ltr'><strong>in</strong></span> <span class='ocrx_word' id='word_1_720' title='bbox 1319 1881 1429 1908; x_wconf 83' lang='lat' dir='ltr'><strong>cholera</strong></span> <span class='ocrx_word' id='word_1_721' title='bbox 1451 1885 1479 1907; x_wconf 86' lang='lat' dir='ltr'><strong>et</strong></span> <span class='ocrx_word' id='word_1_722' title='bbox 1495 1882 1590 1908; x_wconf 87' lang='lat' dir='ltr'><strong>morbo</strong></span> <span class='ocrx_word' id='word_1_723' title='bbox 1605 1887 1679 1915; x_wconf 84' lang='lat' dir='ltr'><strong>sunt,</strong></span> <span class='ocrx_word' id='word_1_724' title='bbox 1693 1887 1722 1910; x_wconf 79' lang='lat' dir='ltr'><strong>et</strong></span> 
     </span>
    </p>
   </div>
   <div class='ocr_carea' id='block_1_101' title="bbox 930 1925 1722 1962">
    <p class='ocr_par' dir='ltr' id='par_1_101' title="bbox 930 1925 1722 1962">
     <span class='ocr_line' id='line_1_101' title="bbox 930 1925 1722 1962; baseline 0.003 -10"><span class='ocrx_word' id='word_1_725' title='bbox 930 1925 958 1953; x_wconf 87' lang='lat' dir='ltr'><strong>in</strong></span> <span class='ocrx_word' id='word_1_726' title='bbox 973 1926 1102 1953; x_wconf 89' lang='lat' dir='ltr'><strong>omnibus</strong></span> <span class='ocrx_word' id='word_1_727' title='bbox 1117 1927 1197 1954; x_wconf 87' lang='lat' dir='ltr'><strong>malis</strong></span> <span class='ocrx_word' id='word_1_728' title='bbox 1225 1932 1335 1962; x_wconf 87' lang='lat' dir='ltr'><strong>propter</strong></span> <span class='ocrx_word' id='word_1_729' title='bbox 1358 1927 1442 1954; x_wconf 89' lang='lat' dir='ltr'><strong>animi</strong></span> <span class='ocrx_word' id='word_1_730' title='bbox 1459 1935 1553 1954; x_wconf 87' lang='lat' dir='ltr'><strong>eorum</strong></span> <span class='ocrx_word' id='word_1_731' title='bbox 1578 1927 1722 1961; x_wconf 88' lang='lat' dir='ltr'><strong>duplicita-</strong></span> 
     </span>
    </p>
   </div>
   <div class='ocr_carea' id='block_1_102' title="bbox 931 1964 1721 2007">
    <p class='ocr_par' dir='ltr' id='par_1_102' title="bbox 931 1964 1721 2007">
     <span class='ocr_line' id='line_1_102' title="bbox 931 1964 1721 2007; baseline 0.001 -9"><span class='ocrx_word' id='word_1_732' title='bbox 931 1976 995 2000; x_wconf 89' lang='lat' dir='ltr'><strong>tem.</strong></span> <span class='ocrx_word' id='word_1_733' title='bbox 1013 1964 1048 2000; x_wconf 67' lang='lat' dir='ltr'><strong>At</strong></span> <span class='ocrx_word' id='word_1_734' title='bbox 1063 1971 1133 1999; x_wconf 76' lang='lat' dir='ltr'><strong>faxit</strong></span> <span class='ocrx_word' id='word_1_735' title='bbox 1145 1973 1225 2004; x_wconf 87' lang='lat' dir='ltr'><strong>Deus,</strong></span> <span class='ocrx_word' id='word_1_736' title='bbox 1240 1977 1269 1999; x_wconf 87' lang='lat' dir='ltr'><strong>ut</strong></span> <span class='ocrx_word' id='word_1_737' title='bbox 1287 1980 1337 2000; x_wconf 91' lang='lat' dir='ltr'><strong>nos</strong></span> <span class='ocrx_word' id='word_1_738' title='bbox 1349 1972 1506 2007; x_wconf 83' lang='lat' dir='ltr'><strong>jejunemus</strong></span> <span class='ocrx_word' id='word_1_739' title='bbox 1523 1978 1663 2007; x_wconf 87' lang='lat' dir='ltr'><strong>acceptum</strong></span> <span class='ocrx_word' id='word_1_740' title='bbox 1678 1973 1721 2007; x_wconf 84' lang='lat' dir='ltr'><strong>je-</strong></span> 
     </span>
    </p>
   </div>
   <div class='ocr_carea' id='block_1_103' title="bbox 926 2015 1718 2052">
    <p class='ocr_par' dir='ltr' id='par_1_103' title="bbox 926 2015 1718 2052">
     <span class='ocr_line' id='line_1_103' title="bbox 926 2015 1718 2052; baseline 0.003 -9"><span class='ocrx_word' id='word_1_741' title='bbox 926 2015 1048 2050; x_wconf 82' lang='lat' dir='ltr'><strong>junium,</strong></span> <span class='ocrx_word' id='word_1_742' title='bbox 1065 2017 1230 2044; x_wconf 82' lang='lat' dir='ltr'><strong>voluntatem</strong></span> <span class='ocrx_word' id='word_1_743' title='bbox 1249 2018 1341 2044; x_wconf 91' lang='lat' dir='ltr'><strong>carnis</strong></span> <span class='ocrx_word' id='word_1_744' title='bbox 1358 2025 1528 2052; x_wconf 83' lang='lat' dir='ltr'><strong>nequaquam</strong></span> <span class='ocrx_word' id='word_1_745' title='bbox 1555 2018 1718 2051; x_wconf 86' lang='lat' dir='ltr'><strong>nutrientes,</strong></span> 
     </span>
    </p>
   </div>
   <div class='ocr_carea' id='block_1_104' title="bbox 931 2062 1719 2098">
    <p class='ocr_par' dir='ltr' id='par_1_104' title="bbox 931 2062 1719 2098">
     <span class='ocr_line' id='line_1_104' title="bbox 931 2062 1719 2098; baseline 0.001 -9"><span class='ocrx_word' id='word_1_746' title='bbox 931 2070 1018 2098; x_wconf 86' lang='lat' dir='ltr'><strong>neque</strong></span> <span class='ocrx_word' id='word_1_747' title='bbox 1027 2063 1124 2091; x_wconf 86' lang='lat' dir='ltr'><strong>ﬁamus</strong></span> <span class='ocrx_word' id='word_1_748' title='bbox 1141 2065 1166 2090; x_wconf 94' lang='lat' dir='ltr'><strong>in</strong></span> <span class='ocrx_word' id='word_1_749' title='bbox 1183 2064 1326 2098; x_wconf 84' lang='lat' dir='ltr'><strong>inaquoso,</strong></span> <span class='ocrx_word' id='word_1_750' title='bbox 1338 2062 1491 2097; x_wconf 83' lang='lat' dir='ltr'><strong>privatione</strong></span> <span class='ocrx_word' id='word_1_751' title='bbox 1503 2064 1624 2091; x_wconf 81' lang='lat' dir='ltr'><strong>ornuium</strong></span> <span class='ocrx_word' id='word_1_752' title='bbox 1638 2071 1719 2098; x_wconf 68' lang='lat' dir='ltr'><strong>aquat-</strong></span> 
     </span>
    </p>
   </div>
   <div class='ocr_carea' id='block_1_105' title="bbox 930 2100 1719 2144">
    <p class='ocr_par' dir='ltr' id='par_1_105' title="bbox 930 2100 1719 2144">
     <span class='ocr_line' id='line_1_105' title="bbox 930 2100 1719 2144; baseline 0.004 -10"><span class='ocrx_word' id='word_1_753' title='bbox 930 2115 988 2141; x_wconf 88' lang='lat' dir='ltr'><strong>rum</strong></span> <span class='ocrx_word' id='word_1_754' title='bbox 1003 2100 1196 2143; x_wconf 72' lang='lat' dir='ltr'><strong>spiritualium,</strong></span> <span class='ocrx_word' id='word_1_755' title='bbox 1211 2117 1244 2136; x_wconf 78' lang='lat' dir='ltr'><strong>ex</strong></span> <span class='ocrx_word' id='word_1_756' title='bbox 1262 2116 1294 2136; x_wconf 87' lang='lat' dir='ltr'><strong>eo</strong></span> <span class='ocrx_word' id='word_1_757' title='bbox 1310 2109 1383 2144; x_wconf 91' lang='lat' dir='ltr'><strong>quod</strong></span> <span class='ocrx_word' id='word_1_758' title='bbox 1411 2109 1479 2137; x_wconf 87' lang='lat' dir='ltr'><strong>nihil</strong></span> <span class='ocrx_word' id='word_1_759' title='bbox 1503 2109 1629 2143; x_wconf 81' lang='lat' dir='ltr'><strong>facimus,</strong></span> <span class='ocrx_word' id='word_1_760' title='bbox 1643 2111 1719 2144; x_wconf 90' lang='lat' dir='ltr'><strong>quod</strong></span> 
     </span>
    </p>
   </div>
   <div class='ocr_carea' id='block_1_106' title="bbox 928 2146 1718 2190">
    <p class='ocr_par' dir='ltr' id='par_1_106' title="bbox 928 2146 1718 2190">
     <span class='ocr_line' id='line_1_106' title="bbox 928 2146 1718 2190; baseline 0.004 -10"><span class='ocrx_word' id='word_1_761' title='bbox 928 2146 1050 2182; x_wconf 84' lang='lat' dir='ltr'><strong>dulcoret</strong></span> <span class='ocrx_word' id='word_1_762' title='bbox 1065 2155 1196 2182; x_wconf 84' lang='lat' dir='ltr'><strong>Allissimi</strong></span> <span class='ocrx_word' id='word_1_763' title='bbox 1211 2155 1371 2182; x_wconf 81' lang='lat' dir='ltr'><strong>bonitatem.</strong></span> <span class='ocrx_word' id='word_1_764' title='bbox 1387 2155 1537 2183; x_wconf 79' lang='lat' dir='ltr'><strong>Dulcorant</strong></span> <span class='ocrx_word' id='word_1_765' title='bbox 1545 2163 1627 2190; x_wconf 87' lang='lat' dir='ltr'><strong>porro</strong></span> <span class='ocrx_word' id='word_1_766' title='bbox 1643 2156 1718 2183; x_wconf 91' lang='lat' dir='ltr'><strong>illam</strong></span> 
     </span>
    </p>
   </div>
   <div class='ocr_carea' id='block_1_107' title="bbox 927 2202 1717 2235">
    <p class='ocr_par' dir='ltr' id='par_1_107' title="bbox 927 2202 1717 2235">
     <span class='ocr_line' id='line_1_107' title="bbox 927 2202 1717 2235; baseline 0.004 -9"><span class='ocrx_word' id='word_1_767' title='bbox 927 2208 1096 2235; x_wconf 65' lang='lat' dir='ltr'><strong>quaecunque</strong></span> <span class='ocrx_word' id='word_1_768' title='bbox 1109 2202 1257 2228; x_wconf 80' lang='lat' dir='ltr'><strong>secundum</strong></span> <span class='ocrx_word' id='word_1_769' title='bbox 1269 2202 1396 2230; x_wconf 81' lang='lat' dir='ltr'><strong>virtutem</strong></span> <span class='ocrx_word' id='word_1_770' title='bbox 1410 2208 1456 2229; x_wconf 87' lang='lat' dir='ltr'><strong>aut</strong></span> <span class='ocrx_word' id='word_1_771' title='bbox 1470 2209 1534 2230; x_wconf 86' lang='lat' dir='ltr'><strong>actu</strong></span> <span class='ocrx_word' id='word_1_772' title='bbox 1546 2210 1717 2235; x_wconf 76' lang='lat' dir='ltr'><strong>exercemus,</strong></span> 
     </span>
    </p>
   </div>
   <div class='ocr_carea' id='block_1_108' title="bbox 927 2242 1717 2283">
    <p class='ocr_par' dir='ltr' id='par_1_108' title="bbox 927 2242 1717 2283">
     <span class='ocr_line' id='line_1_108' title="bbox 927 2242 1717 2283; baseline 0.005 -11"><span class='ocrx_word' id='word_1_773' title='bbox 927 2252 974 2273; x_wconf 89' lang='lat' dir='ltr'><strong>aut</strong></span> <span class='ocrx_word' id='word_1_774' title='bbox 989 2242 1174 2282; x_wconf 80' lang='lat' dir='ltr'><strong>speculatione</strong></span> <span class='ocrx_word' id='word_1_775' title='bbox 1190 2249 1417 2283; x_wconf 83' lang='lat' dir='ltr'><strong>contemplamur.</strong></span> <span class='ocrx_word' id='word_1_776' title='bbox 1433 2249 1524 2283; x_wconf 83' lang='lat' dir='ltr'><strong>Faxit,</strong></span> <span class='ocrx_word' id='word_1_777' title='bbox 1540 2255 1568 2276; x_wconf 85' lang='lat' dir='ltr'><strong>ut</strong></span> <span class='ocrx_word' id='word_1_778' title='bbox 1586 2257 1638 2276; x_wconf 93' lang='lat' dir='ltr'><strong>non</strong></span> <span class='ocrx_word' id='word_1_779' title='bbox 1653 2253 1717 2276; x_wconf 79' lang='lat' dir='ltr'><strong>teu~</strong></span> 
     </span>
    </p>
   </div>
   <div class='ocr_carea' id='block_1_109' title="bbox 928 2293 1715 2327">
    <p class='ocr_par' dir='ltr' id='par_1_109' title="bbox 928 2293 1715 2327">
     <span class='ocr_line' id='line_1_109' title="bbox 928 2293 1715 2327; baseline 0.005 -9"><span class='ocrx_word' id='word_1_780' title='bbox 928 2297 1015 2320; x_wconf 78' lang='lat' dir='ltr'><strong>tentus</strong></span> <span class='ocrx_word' id='word_1_781' title='bbox 1029 2300 1090 2320; x_wconf 83' lang='lat' dir='ltr'><strong>eum</strong></span> <span class='ocrx_word' id='word_1_782' title='bbox 1104 2293 1130 2320; x_wconf 89' lang='lat' dir='ltr'><strong>in</strong></span> <span class='ocrx_word' id='word_1_783' title='bbox 1152 2294 1280 2320; x_wconf 87' lang='lat' dir='ltr'><strong>cordibus</strong></span> <span class='ocrx_word' id='word_1_784' title='bbox 1293 2295 1394 2320; x_wconf 87' lang='lat' dir='ltr'><strong>nostris</strong></span> <span class='ocrx_word' id='word_1_785' title='bbox 1419 2303 1426 2327; x_wconf 87' lang='lat'><strong>;</strong></span> <span class='ocrx_word' id='word_1_786' title='bbox 1453 2295 1478 2321; x_wconf 92' lang='lat' dir='ltr'><strong>id</strong></span> <span class='ocrx_word' id='word_1_787' title='bbox 1496 2299 1537 2322; x_wconf 88' lang='lat' dir='ltr'><strong>est</strong></span> <span class='ocrx_word' id='word_1_788' title='bbox 1552 2303 1604 2322; x_wconf 91' lang='lat' dir='ltr'><strong>non</strong></span> <span class='ocrx_word' id='word_1_789' title='bbox 1620 2303 1653 2322; x_wconf 79' lang='lat' dir='ltr'><strong>ex</strong></span> <span class='ocrx_word' id='word_1_790' title='bbox 1668 2303 1715 2322; x_wconf 89' lang='lat' dir='ltr'><strong>su-</strong></span> 
     </span>
    </p>
   </div>
   <div class='ocr_carea' id='block_1_110' title="bbox 927 2337 1715 2377">
    <p class='ocr_par' dir='ltr' id='par_1_110' title="bbox 927 2337 1715 2377">
     <span class='ocr_line' id='line_1_110' title="bbox 927 2337 1715 2377; baseline 0.008 -14"><span class='ocrx_word' id='word_1_791' title='bbox 927 2337 1047 2377; x_wconf 82' lang='lat' dir='ltr'><strong>perlicie,</strong></span> <span class='ocrx_word' id='word_1_792' title='bbox 1070 2339 1117 2365; x_wconf 88' lang='lat' dir='ltr'><strong>sed</strong></span> <span class='ocrx_word' id='word_1_793' title='bbox 1136 2346 1169 2366; x_wconf 83' lang='lat' dir='ltr'><strong>ex</strong></span> <span class='ocrx_word' id='word_1_794' title='bbox 1188 2339 1242 2366; x_wconf 90' lang='lat' dir='ltr'><strong>imo</strong></span> <span class='ocrx_word' id='word_1_795' title='bbox 1260 2341 1357 2367; x_wconf 90' lang='lat' dir='ltr'><strong>mentis</strong></span> <span class='ocrx_word' id='word_1_796' title='bbox 1384 2341 1540 2369; x_wconf 87' lang='lat' dir='ltr'><strong>dubitantes</strong></span> <span class='ocrx_word' id='word_1_797' title='bbox 1566 2342 1599 2368; x_wconf 90' lang='lat' dir='ltr'><strong>de</strong></span> <span class='ocrx_word' id='word_1_798' title='bbox 1626 2341 1715 2369; x_wconf 84' lang='lat' dir='ltr'><strong>divina</strong></span> 
     </span>
    </p>
   </div>
   <div class='ocr_carea' id='block_1_111' title="bbox 926 2385 1715 2421">
    <p class='ocr_par' dir='ltr' id='par_1_111' title="bbox 926 2385 1715 2421">
     <span class='ocr_line' id='line_1_111' title="bbox 926 2385 1715 2421; baseline 0.005 -10"><span class='ocrx_word' id='word_1_799' title='bbox 926 2385 1066 2418; x_wconf 89' lang='lat' dir='ltr'><strong>potentia;</strong></span> <span class='ocrx_word' id='word_1_800' title='bbox 1085 2393 1175 2420; x_wconf 89' lang='lat' dir='ltr'><strong>neque</strong></span> <span class='ocrx_word' id='word_1_801' title='bbox 1198 2385 1366 2421; x_wconf 82' lang='lat' dir='ltr'><strong>postulentus</strong></span> <span class='ocrx_word' id='word_1_802' title='bbox 1393 2394 1472 2414; x_wconf 85' lang='lat' dir='ltr'><strong>escas</strong></span> <span class='ocrx_word' id='word_1_803' title='bbox 1499 2387 1641 2415; x_wconf 86' lang='lat' dir='ltr'><strong>animabus</strong></span> <span class='ocrx_word' id='word_1_804' title='bbox 1664 2396 1715 2415; x_wconf 86' lang='lat' dir='ltr'><strong>no-</strong></span> 
     </span>
    </p>
   </div>
   <div class='ocr_carea' id='block_1_112' title="bbox 926 2428 1714 2468">
    <p class='ocr_par' dir='ltr' id='par_1_112' title="bbox 926 2428 1714 2468">
     <span class='ocr_line' id='line_1_112' title="bbox 926 2428 1714 2468; baseline 0.005 -11"><span class='ocrx_word' id='word_1_805' title='bbox 926 2431 1013 2464; x_wconf 84' lang='lat' dir='ltr'><strong>stris;</strong></span> <span class='ocrx_word' id='word_1_806' title='bbox 1031 2439 1082 2459; x_wconf 93' lang='lat' dir='ltr'><strong>non</strong></span> <span class='ocrx_word' id='word_1_807' title='bbox 1107 2440 1153 2460; x_wconf 73' lang='lat' dir='ltr'><strong>cas</strong></span> <span class='ocrx_word' id='word_1_808' title='bbox 1171 2433 1232 2460; x_wconf 91' lang='lat' dir='ltr'><strong>dico</strong></span> <span class='ocrx_word' id='word_1_809' title='bbox 1257 2428 1445 2468; x_wconf 63' lang='lat' dir='ltr'><strong>aniinas&#39;qgne</strong></span> <span class='ocrx_word' id='word_1_810' title='bbox 1472 2439 1537 2461; x_wconf 85' lang='lat' dir='ltr'><strong>sunt</strong></span> <span class='ocrx_word' id='word_1_811' title='bbox 1563 2435 1714 2461; x_wconf 87' lang='lat' dir='ltr'><strong>secundum</strong></span> 
     </span>
    </p>
   </div>
   <div class='ocr_carea' id='block_1_113' title="bbox 928 2477 1714 2514">
    <p class='ocr_par' dir='ltr' id='par_1_113' title="bbox 928 2477 1714 2514">
     <span class='ocr_line' id='line_1_113' title="bbox 928 2477 1714 2514; baseline 0.006 -10"><span class='ocrx_word' id='word_1_812' title='bbox 928 2477 1083 2512; x_wconf 79' lang='lat' dir='ltr'><strong>imaginem,</strong></span> <span class='ocrx_word' id='word_1_813' title='bbox 1100 2487 1160 2514; x_wconf 70' lang='lat' dir='ltr'><strong>qna:</strong></span> <span class='ocrx_word' id='word_1_814' title='bbox 1174 2480 1333 2507; x_wconf 83' lang='lat' dir='ltr'><strong>nutriuntur</strong></span> <span class='ocrx_word' id='word_1_815' title='bbox 1362 2481 1478 2514; x_wconf 85' lang='lat' dir='ltr'><strong>panibus</strong></span> <span class='ocrx_word' id='word_1_816' title='bbox 1493 2481 1574 2514; x_wconf 71' lang='lat' dir='ltr'><strong>vitat;</strong></span> <span class='ocrx_word' id='word_1_817' title='bbox 1591 2481 1636 2508; x_wconf 83' lang='lat' dir='ltr'><strong>scd</strong></span> <span class='ocrx_word' id='word_1_818' title='bbox 1656 2481 1714 2509; x_wconf 89' lang='lat' dir='ltr'><strong>illas</strong></span> 
     </span>
    </p>
   </div>
   <div class='ocr_carea' id='block_1_114' title="bbox 926 2527 1712 2561">
    <p class='ocr_par' dir='ltr' id='par_1_114' title="bbox 926 2527 1712 2561">
     <span class='ocr_line' id='line_1_114' title="bbox 926 2527 1712 2561; baseline 0.003 -9"><span class='ocrx_word' id='word_1_819' title='bbox 926 2533 986 2560; x_wconf 80' lang='lat' dir='ltr'><strong>quae</strong></span> <span class='ocrx_word' id='word_1_820' title='bbox 1002 2531 1141 2553; x_wconf 83' lang='lat' dir='ltr'><strong>mutantur</strong></span> <span class='ocrx_word' id='word_1_821' title='bbox 1154 2527 1181 2553; x_wconf 93' lang='lat' dir='ltr'><strong>in</strong></span> <span class='ocrx_word' id='word_1_822' title='bbox 1195 2533 1315 2560; x_wconf 84' lang='lat' dir='ltr'><strong>carnem,</strong></span> <span class='ocrx_word' id='word_1_823' title='bbox 1332 2531 1478 2561; x_wconf 81' lang='lat' dir='ltr'><strong>propterea</strong></span> <span class='ocrx_word' id='word_1_824' title='bbox 1495 2529 1566 2561; x_wconf 84' lang='lat' dir='ltr'><strong>quod</strong></span> <span class='ocrx_word' id='word_1_825' title='bbox 1584 2528 1712 2554; x_wconf 78' lang='lat' dir='ltr'><strong>materia-</strong></span> 
     </span>
    </p>
   </div>
   <div class='ocr_carea' id='block_1_115' title="bbox 926 2572 1711 2608">
    <p class='ocr_par' dir='ltr' id='par_1_115' title="bbox 926 2572 1711 2608">
     <span class='ocr_line' id='line_1_115' title="bbox 926 2572 1711 2608; baseline 0 -8"><span class='ocrx_word' id='word_1_826' title='bbox 926 2573 997 2600; x_wconf 87' lang='lat' dir='ltr'><strong>libus</strong></span> <span class='ocrx_word' id='word_1_827' title='bbox 1010 2572 1247 2600; x_wconf 87' lang='lat' dir='ltr'><strong>succenturiantur</strong></span> <span class='ocrx_word' id='word_1_828' title='bbox 1261 2573 1467 2606; x_wconf 75' lang='lat' dir='ltr'><strong>aliectionibus;</strong></span> <span class='ocrx_word' id='word_1_829' title='bbox 1486 2579 1645 2608; x_wconf 88' lang='lat' dir='ltr'><strong>appetentes</strong></span> <span class='ocrx_word' id='word_1_830' title='bbox 1657 2582 1711 2601; x_wconf 91' lang='lat' dir='ltr'><strong>non</strong></span> 
     </span>
    </p>
   </div>
   <div class='ocr_carea' id='block_1_116' title="bbox 921 2619 1709 2654">
    <p class='ocr_par' dir='ltr' id='par_1_116' title="bbox 921 2619 1709 2654">
     <span class='ocr_line' id='line_1_116' title="bbox 921 2619 1709 2654; baseline 0.001 -9"><span class='ocrx_word' id='word_1_831' title='bbox 921 2626 980 2654; x_wconf 72' lang='lat' dir='ltr'><strong>qua:</strong></span> <span class='ocrx_word' id='word_1_832' title='bbox 1009 2619 1086 2646; x_wconf 86' lang='lat' dir='ltr'><strong>utilia</strong></span> <span class='ocrx_word' id='word_1_833' title='bbox 1115 2622 1177 2646; x_wconf 85' lang='lat' dir='ltr'><strong>sunt</strong></span> <span class='ocrx_word' id='word_1_834' title='bbox 1207 2624 1234 2647; x_wconf 87' lang='lat' dir='ltr'><strong>et</strong></span> <span class='ocrx_word' id='word_1_835' title='bbox 1248 2627 1313 2647; x_wconf 84' lang='lat' dir='ltr'><strong>sarta</strong></span> <span class='ocrx_word' id='word_1_836' title='bbox 1339 2620 1516 2652; x_wconf 82' lang='lat' dir='ltr'><strong>nutrimenta,</strong></span> <span class='ocrx_word' id='word_1_837' title='bbox 1552 2620 1598 2646; x_wconf 89' lang='lat' dir='ltr'><strong>sed</strong></span> <span class='ocrx_word' id='word_1_838' title='bbox 1636 2620 1709 2646; x_wconf 83' lang='lat' dir='ltr'><strong>volu-</strong></span> 
     </span>
    </p>
   </div>
   <div class='ocr_carea' id='block_1_117' title="bbox 921 2658 1710 2700">
    <p class='ocr_par' dir='ltr' id='par_1_117' title="bbox 921 2658 1710 2700">
     <span class='ocr_line' id='line_1_117' title="bbox 921 2658 1710 2700; baseline 0.001 -9"><span class='ocrx_word' id='word_1_839' title='bbox 921 2670 1015 2700; x_wconf 86' lang='lat' dir='ltr'><strong>ptuosa</strong></span> <span class='ocrx_word' id='word_1_840' title='bbox 1040 2669 1067 2691; x_wconf 86' lang='lat' dir='ltr'><strong>et</strong></span> <span class='ocrx_word' id='word_1_841' title='bbox 1090 2667 1200 2692; x_wconf 88' lang='lat' dir='ltr'><strong>morbos</strong></span> <span class='ocrx_word' id='word_1_842' title='bbox 1215 2658 1528 2700; x_wconf 65' lang='lat' dir='ltr'><strong>crcantiaJ’neparetur</strong></span> <span class='ocrx_word' id='word_1_843' title='bbox 1543 2672 1606 2692; x_wconf 84' lang='lat' dir='ltr'><strong>vero</strong></span> <span class='ocrx_word' id='word_1_844' title='bbox 1633 2667 1710 2692; x_wconf 78' lang='lat' dir='ltr'><strong>nobis</strong></span> 
     </span>
    </p>
   </div>
   <div class='ocr_carea' id='block_1_118' title="bbox 1300 2715 1755 2755">
    <p class='ocr_par' dir='ltr' id='par_1_118' title="bbox 1300 2715 1755 2755">
     <span class='ocr_line' id='line_1_118' title="bbox 1300 2715 1755 2755; baseline 0.002 -7"><span class='ocrx_word' id='word_1_845' title='bbox 1300 2723 1319 2737; x_wconf 74' lang='grc'><strong>’³</strong></span> <span class='ocrx_word' id='word_1_846' title='bbox 1332 2722 1409 2749; x_wconf 78' lang='lat' dir='ltr'><strong>Num.</strong></span> <span class='ocrx_word' id='word_1_847' title='bbox 1425 2730 1461 2755; x_wconf 57' lang='grc' dir='ltr'><strong>ιι,</strong></span> <span class='ocrx_word' id='word_1_848' title='bbox 1475 2722 1533 2754; x_wconf 80' lang='lat'><strong>5,6.</strong></span> <span class='ocrx_word' id='word_1_849' title='bbox 1557 2721 1652 2753; x_wconf 67' lang='lat' dir='ltr'><strong>“ibid.</strong></span> <span class='ocrx_word' id='word_1_850' title='bbox 1666 2726 1708 2752; x_wconf 53' lang='lat' dir='ltr'><strong>at.</strong></span> <span class='ocrx_word' id='word_1_851' title='bbox 1752 2715 1755 2720; x_wconf 56' lang='grc'><strong>”</strong></span> 
     </span>
    </p>
   </div>
   <div class='ocr_carea' id='block_1_119' title="bbox 952 2795 1256 2831">
    <p class='ocr_par' dir='ltr' id='par_1_119' title="bbox 952 2795 1256 2831">
     <span class='ocr_line' id='line_1_119' title="bbox 952 2795 1256 2831; baseline -0.01 -8"><span class='ocrx_word' id='word_1_852' title='bbox 952 2795 1009 2831; x_wconf 74' lang='lat'><strong>(89)</strong></span> <span class='ocrx_word' id='word_1_853' title='bbox 1027 2795 1106 2824; x_wconf 82' lang='lat' dir='ltr'><strong>Forte</strong></span> <span class='ocrx_word' id='word_1_854' title='bbox 1127 2795 1256 2829; x_wconf 77' lang='grc' dir='ltr'>ἀντέχειν.</span> 
     </span>
    </p>
   </div>
  </div>
