1918 3069
180 89 231 121 1ί7

181 147 257 183 Μηδὲ
271 146 339 182 ὀργὴ
357 146 400 181 ἐφ’
414 146 488 181 ἡμᾶς
499 142 615 179 ἀναϐαίη
625 161 633 174 ,
648 140 679 167 τδ
699 138 808 175 πνεῦμα
823 138 968 173 1:06}qu-

182 194 320 226 σιάζοντος
333 192 363 219 τὸ
376 189 525 226 ἀπατηλὸν,
540 188 570 215 τὸ
585 187 662 222 δίκην
681 186 834 222 προδρόμου
851 185 868 220 ἢ
887 193 970 212 κατα-

182 240 285 267 σκόπου
311 239 343 265 ἐκ
358 236 405 263 τοῦ
420 235 515 263 σκότου
530 234 559 263 ὲν
572 229 594 268 ᾧ
620 232 772 267 ἐκέκρυπτο
784 251 791 263 ,
805 232 846 262 είς
861 231 910 267 τὴν
922 230 972 266 ψυ-

182 286 233 324 χὴν
251 284 324 311 ἀνιὸν
340 282 384 309 διὰ
407 281 457 317 τῆς
474 279 652 324 ἐνθυμήσεως
661 287 677 324 ’μ
688 277 758 324 μηδε
771 277 813 324 ὡς
833 276 889 324 πξρ
900 276 971 324 Δἐξα.-

469 306 600 360 ρωμέίνων
613 306 698 358 βελῶν
712 306 759 349 τοῦ
771 306 817 358 ὲχθ
822 306 879 357 ροῦί
900 321 970 348 Ἀλλ*
984 306 1005 336 C

183 373 298 412 οὐρανοῦ
315 372 420 408 θυρίδες
434 373 501 407 ἡμῖν
527 370 677 404 ἀνοιγεῖεν,
689 369 717 395 al
729 368 784 396 τῶν
801 367 904 404 νοητῶν
925 368 972 395 καὶ

184 418 373 456 πνευματικῶν
388 418 496 452 ὲξαπλω
510 416 566 452 (90)
581 415 676 452 ἀρεταὶ
696 435 703 442 .
714 434 721 442 .
732 435 739 443 .
749 435 755 441 .
766 435 772 441 .
783 434 789 441 .
801 434 808 440 .
822 435 844 444 μ
857 434 864 441 .
877 413 972 441 κακίαι

184 467 245 507 ᾁδου
258 467 305 493 καὶ
321 465 450 497 θανάτου,
469 463 570 495 αἵτινες
590 462 620 488 οὐ
635 461 811 497 κατισχύουσι
826 460 890 493 τῶν,
902 459 974 487 κατὰ

184 505 298 547 Πέτρον,
314 509 478 537 ἀνελθόντων
497 508 544 535 ὲπὶ
560 507 646 539 πύλας
662 507 710 542 τῆς
730 506 877 542 θυγατέρος
893 505 972 532 Σιών.

185 558 240 584 Καὶ
256 557 270 583 ό
286 557 315 583 εν
328 555 369 589 τῷ
391 553 505 591 κρυπτῷ
518 554 567 589 τῆς
589 553 700 589 καρδίας
728 551 870 588 ἄνθρωπος
883 571 890 584 ,
913 552 973 578 κατ’

185 602 278 629 εἰκόνα
296 601 364 628 Θεοῦ
375 621 382 634 ,
398 601 538 636 ὁμοέστιος
552 598 676 633 ἀγγέλοις
689 597 804 632 γένοιτο,
821 597 868 624 τοῦ
881 597 975 633 ἀληθι-

185 647 231 674 νοῦ
247 647 335 682 μάννα
353 645 583 682 μεταλαμϐάνων,
599 644 645 671 καὶ
660 644 714 671 ἀπὺ
733 643 847 680 οὐρανοῦ
861 643 974 679 τροφὴν,

186 692 244 719 ἀλλ’
267 692 317 719 οὐκ
332 692 387 719 ἀπὺ
400 691 450 727 τῆς
466 690 668 726 ὲπικαταράτου
690 690 756 725 γῆς,
772 689 806 724 ἢν
821 690 836 715 ό
851 689 975 725 ἁμαρτά-

187 746 240 764 νων
258 738 287 764 ὲν
303 737 401 769 λύπαις
415 735 508 763 ἐσθίει.
527 736 558 762 Οἱ
573 734 675 762 τούτων
696 734 841 765 ἀκούοντες
858 734 975 769 πτερού-

189 783 297 810 σθωσαν
310 803 317 815 ,
332 780 540 817 ὲπαιρέσθωσαν
553 800 560 812 ,
578 779 675 816 μηκέτι
697 779 816 806 ἔστωσαν
834 780 864 806 ὲν
877 779 958 815 σαρκί
968 788 975 794 θ

188 828 358 863 γενέσθωσαν
371 828 400 854 ὲν
420 826 571 862 πνεύματι·
595 827 627 853 Ol
647 825 701 860 γὰρ
725 825 760 852 ἐν
781 825 872 859 σαρκὶ
892 824 978 858 ὄντες

190 875 251 908 Θεῷ
263 874 370 909 ἀρέσαι
384 874 420 901 οὐ
432 872 587 900 δύνανται.
619 872 688 902 Ἀλλ’
712 871 759 901 ἐπὶ
785 872 835 907 τὴν
858 871 978 907 ἱστορίαν

188 921 303 949 ἀνιτέον.

189 1008 330 1044 Στίχίμδκ
346 1007 401 1044 Καὶ
417 1006 622 1044 ﬁert-forpr
647 1007 690 1044 sic
708 1003 779 1040 αἷμα
793 1005 870 1044 Δτοῂς
888 1013 979 1044 ngra-

222 1037 299 1079 μ’ὂῦς
311 1037 427 1076 αὐτῶν,
444 1041 494 1069 καί
510 1037 546 1068 id
565 1037 745 1075 ὃμϐρήμὶιτιί
766 1037 882 1072 αὐτῶν,
902 1037 983 1072 ὅπως

222 1079 266 1114 μὴ
281 1079 403 1105 πίωσιν.

226 1123 292 1152 Οῐδα
322 1123 394 1151 κατὰ
421 1122 600 1160 τροπολογίαν
623 1122 738 1153 πολλοὺς
762 1121 901 1156 ποταμοὺς
930 1122 982 1148 Al-

190 1172 294 1207 γύπτου
315 1170 453 1201 ἐναντίους
471 1168 579 1205 Χριστῷ
594 1168 633 1203 τῷ
659 1167 779 1203 ἀληθινῷ
800 1167 933 1203 ποταμῷ,
954 1163 985 1194 οὗ

190 1217 225 1245 τὰ
245 1215 394 1252 όρμήματα
409 1214 459 1250 τὴν
478 1213 640 1248 Ἐκκλησίαν
648 1212 798 1248 εὐφραίνει.
808 1211 935 1238 navus:
948 1211 983 1238 τὰ

190 1264 241 1299 τῆς
253 1262 390 1298 σωτηρίας
405 1260 532 1296 ἀλλότρια
541 1259 664 1295 ῥεύματα
674 1278 680 1290 ,
695 1258 713 1286 ἃ
727 1259 740 1285 ὁ
753 1258 829 1291 Θεὸς,
839 1258 907 1294 (90')
920 1259 983 1285 ὅταν

193 1307 320 1344 βούληταί
338 1315 415 1339 τινας
440 1304 620 1340 ἐπιπρέψαι,
641 1305 685 1331 ἵνα
708 1303 860 1338 ἐξελθόντες
885 1303 983 1330 πίωσιν

192 1355 247 1382 ἀπὸ
268 1354 317 1390 τῆς
341 1353 463 1388 πέτρας,
479 1353 496 1388 ὴ
523 1352 552 1378 δὲ
573 1351 661 1387 πέτρα
677 1348 712 1386 ἦν
732 1352 746 1377 ὁ
767 1350 894 1386 Χριστὸς,
913 1350 984 1376 ποιεῖ

193 1400 345 1436 στραφῆναι
356 1400 397 1431 είς
412 1397 491 1434 αἷμα.
506 1398 590 1424 Ὅταν
600 1397 654 1432 γὰρ
667 1395 722 1431 ἐγὼ
732 1395 844 1430 καταγὼ
857 1395 904 1427 οὓς
929 1395 985 1431 (91)

191 1446 332 1482 ἀλλοτρίου
348 1445 444 1477 ὕδατος
461 1444 508 1471 καὶ
520 1443 702 1479 φρονήματος,
718 1442 765 1469 τοῦ
781 1442 849 1477 Θεοῦ
862 1441 900 1477 μὴ
916 1441 984 1478 (91“)

195 1492 439 1528 παραστήσαντοςη,
455 1491 495 1517 ὅτι
524 1487 595 1525 αἷμά
617 1490 708 1520 ἐστιν,
732 1488 823 1514 οὐκέτι
840 1488 925 1519 πίνω,
943 1487 986 1514 ἵνα

197 1538 235 1573 μὴ
249 1538 362 1573 μέτοχος
378 1536 497 1571 γίνωμαι
512 1535 627 1570 αἵματος
641 1533 830 1570 όμϐρήματος.
842 1533 873 1559 Ol
890 1532 918 1558 δὲ
931 1529 986 1558 εἷεν

195 1583 244 1615 ἂν,
260 1583 285 1609 οἱ
302 1582 405 1618 βραχέα
422 1581 470 1616 μὲν
486 1579 631 1614 λέγοντες,
658 1578 767 1613 ὀλέθρια
790 1577 829 1604 δέ.
843 1576 940 1609 ῙΚατὰ
958 1577 987 1603 δὲ

194 1630 245 1666 τὴν
261 1629 380 1665 ἱστορίαν
391 1647 398 1660 ,
415 1626 558 1661 Αἰγύπτιοι
576 1624 682 1653 ἄνωθεν
707 1624 779 1660 ὕδωρ
802 1624 852 1650 οὐκ
868 1623 986 1658 ἔχουσιν,

194 1676 256 1703 οὐδὲ
271 1675 376 1710 γίνεται
396 1673 473 1705 ὑετὸς
491 1673 520 1698 ὲν
535 1671 676 1707 Αἰγύπτῳ.
693 1670 847 1706 Ἱστορικῶς
863 1669 912 1705 μὲν
927 1667 985 1701 οὖν,

198 1722 289 1758 πάσης
312 1721 373 1748 τότε
389 1720 438 1756 τῆς
450 1718 506 1745 τῶν
526 1718 630 1745 ὑδάτων
657 1717 765 1752 φύσεως
783 1715 855 1743 κατὰ
875 1715 924 1751 τὴν
938 1714 987 1742 Al-

197 1777 299 1804 γυπτον
313 1767 352 1804 τῷ
371 1766 563 1804 προστάγματι
577 1764 624 1791 τοῦ
642 1764 764 1796 Μωσέως
777 1764 817 1795 είς
839 1759 909 1798 αἷμα
923 1769 989 1798 τρα-

197 1815 294 1850 πείσης
304 1834 311 1846 ,
323 1814 361 1846 ὡς
375 1813 422 1841 καὶ
433 1813 496 1843 τοὺς
512 1811 606 1847 ἰχθύας
616 1832 623 1843 ,
638 1811 678 1843 είς
696 1809 824 1847 σαρκώδη
844 1808 989 1844 παχύτητα

196 1862 244 1889 τοῦ
256 1862 351 1893 ὕδατος
363 1861 565 1898 μετατεθέντος,
576 1858 768 1894 διαφθαρῆναι,
780 1857 837 1888 τοῖς
853 1854 990 1891 Ἑϐραίοις

197 1908 365 1945 ἀρυομένοις
374 1905 444 1943 αἷμα
462 1908 513 1934 οὐκ
526 1904 571 1942 ἦν.
592 1904 675 1931 Ὅθεν
694 1903 757 1938 ἔσχε
775 1903 824 1929 καὶ
838 1902 855 1937 ἠ
882 1909 989 1937 μαγγα-

197 1955 257 1982 νεία
271 1954 367 1990 καιρὸν
381 1954 410 1981 ἐν
426 1953 465 1989 τῷ
478 1952 554 1988 παρὰ
569 1952 626 1982 τοῖς
650 1949 786 1984 Ἑϐραίοις
801 1947 990 1983 εὑρισκομένῳ

198 2001 286 2033 ὕδατι,
301 2000 332 2027 τὸ
345 1998 498 2035 αἱματῶδες
512 1996 585 2032 ὕδωρ
601 1992 849 2030 παρασοφίσασθαι.
865 1992 990 2026 Πνευμα-

199 2047 282 2079 τικῶς
299 2046 328 2072 δὲ
343 2045 390 2072 καὶ
402 2044 449 2071 νῦν
465 2043 494 2070 τὸ
509 2043 565 2069 ἴσον
586 2041 660 2068 ἐστιν
677 2040 741 2067 ιδεῖν
757 2038 908 2073 γινόμενον.
929 2036 989 2064 Τῶν

431 2087 555 2119 ἐναντίας
576 2086 655 2120 δόξας
673 2070 852 2119 διεστηκότων
868 2083 925 2114 τοῖς
943 2082 992 2128 μὲν
1006 2070 1030 2100 Β

199 2125 315 2173 ¹πότιμόν
329 2137 388 2162 ἔστι
402 2134 450 2161 καὶ
463 2132 591 2168 διαφανὲς
605 2131 636 2158 τδ
659 2130 733 2165 νᾶμα
754 2128 804 2164 τῆς
825 2128 944 2158 πίστεως
954 2146 962 2158 ,
977 2125 992 2152 δ

200 2193 244 2221 διὰ
256 2193 305 2228 τῆς
321 2192 395 2223 θείας
409 2189 583 2223 διδασκαλίας
599 2187 745 2224 ἀρύονταιο
766 2186 823 2229 τοῖς
836 2185 865 2212 δὲ
880 2183 931 2219 τῆς
944 2192 993 2210 πο-

200 2240 287 2276 νηρᾶς
305 2238 465 2274 ὑπολήψεως
484 2235 690 2271 αίγυπτιάζουσι
713 2232 855 2270 διεφθορὸς
874 2229 943 2267 αἷμα
961 2231 993 2258 τδ

201 2286 274 2323 ὕδωρ
282 2285 396 2320 γίνεται.
408 2285 463 2311 Καὶ
473 2283 602 2315 πολλάκις
613 2282 748 2318 ἐπιχειρεῖ
757 2282 772 2308 ὁ
783 2278 993 2316 παρασοφισμὺς

201 2332 251 2367 τῆς
268 2331 376 2366 ἀπάτης
394 2330 442 2358 καὶ
460 2330 491 2357 τὸ
512 2329 565 2356 τῶν
589 2328 765 2369 Ἰσραηλιτῶν
785 2327 867 2354 ποτὸν
889 2325 928 2361 τῷ
945 2333 994 2361 μο-

201 2377 298 2413 λυσμῷ
310 2377 358 2403 τοῦ
372 2376 487 2412 ψεύδους
499 2373 569 2412 αἷμα
583 2376 704 2412 ποιῆσαι,
715 2373 839 2401 τουτέστι
861 2371 906 2398 τὸν
929 2371 994 2407 ἡμέ-

201 2432 280 2460 τερον
294 2423 374 2457 λόγον
383 2443 391 2455 ,
406 2423 454 2450 καὶ
468 2423 535 2458 ἡμῖν
546 2421 631 2454 δεῖξαι
643 2441 650 2454 ,
667 2421 704 2457 μὴ
723 2419 843 2447 τοιοῦτον
861 2418 924 2445 ὅντα
937 2414 993 2444 οἷόν

203 2472 286 2498 ἐστιν.
313 2469 382 2496 Ἀλλ’
397 2470 448 2496 οὐκ
462 2468 622 2504 ἁχρειώσειε
646 2461 761 2494 καθόλου
776 2466 807 2492 τὸ
826 2464 908 2492 ποτὸν
920 2483 927 2495 ,
941 2462 993 2490 κᾶν

202 2517 236 2544 ὲκ
255 2515 302 2543 τοῦ
327 2515 472 2552 προχείρου
496 2514 530 2540 δι’
544 2514 653 2548 ἀπάτην
673 2511 845 2552 περιφοινίξῃ
864 2510 895 2537 τὸ
912 2507 993 2541 εἶδος.

206 2563 282 2589 Πίνει
295 2561 349 2597 γὰρ
361 2562 375 2588 ό
401 2560 568 2596 Ἰσραηλίτης
578 2559 609 2586 τὺ
621 2558 747 2595 ἀληθινὸν
758 2557 842 2593 ὕδωρ,
854 2555 915 2583 οὐδὲ
926 2555 994 2592 πρὸς

203 2609 234 2636 τὺ
246 2607 314 2640 εἶδος
325 2608 376 2643 τῆς
386 2607 497 2642 ἀπάτης
511 2606 752 2642 ἐπιστρεφόμενος.

239 2668 261 2683 ’⁵
274 2667 432 2700 Ρι-ον.ικ,2.
476 2665 497 2681 ¹⁶
514 2665 592 2693 Rom.
612 2672 668 2696 vm,
682 2664 709 2691 8.

241 2726 298 2760 (90‘;
320 2726 401 2754 Forte
414 2725 604 2760 ὲξαπλωθεῖεν.

243 2761 310 2802 (90‘)
334 2763 362 2789 'A
383 2764 399 2788 ό
412 2763 493 2795 Θεός.
510 2760 590 2789 Forte
603 2761 656 2789 del.
673 2761 698 2789 ἆ.

624 77 916 113 ευΡΡιΕΜΕΝΤυΜ,
927 77 973 104 AD
990 75 1073 105 0|th
1080 74 1161 106 ΕΝίὸ
1175 72 1379 103 ΕΚΕΕΕἹἸΟΔ.

1755 66 1811 94 148

1028 145 1133 169 mensa,
1162 143 1244 170 super
1260 142 1341 170 quam
1355 132 1486 168 sapientia
1499 131 1670 159 mactationes
1683 137 1748 157 sua:
1762 130 1815 155 im-

1026 185 1113 220 ponit,
1126 187 1150 211 et
1165 183 1253 210 uinum
1272 189 1349 209 suum
1362 182 1452 208 miscet
1465 180 1493 207 in
1504 184 1607 206 cratera
1619 178 1653 207 ".
1668 176 1764 212 Neque
1772 176 1816 203 ira

1026 232 1053 259 in
1067 237 1117 258 nos
1132 228 1280 262 ascendat;
1296 227 1409 262 spiritus
1422 233 1518 261 nempe
1532 228 1692 260 potestatem
1706 222 1818 250 haben-

1025 277 1060 305 tis
1074 276 1214 308 seductor,
1226 274 1271 309 qui
1287 273 1464 309 praecursoria
1478 272 1564 299 instar
1589 270 1632 298 vel
1656 269 1818 305 speculato-

1026 323 1075 357 ris,
1090 330 1125 350 ex
1149 321 1271 349 tenebris
1294 321 1321 348 in
1338 320 1436 355 quibus
1455 325 1515 346 sese
1537 317 1691 349 abdiderat,
1707 316 1734 343 in
1752 314 1818 342 ani—

1025 376 1097 396 mam
1122 366 1243 395 ascendit
1264 372 1313 400 per
1336 364 1548 400 cogitationem:
1563 368 1651 397 neque
1666 368 1717 389 ceu
1742 360 1820 395 ignis

1029 414 1217 442 inﬂammetur
1229 418 1263 438 ex
1283 410 1380 446 ignitis
1396 409 1494 445 jaculis
1520 408 1635 437 inimici.
1659 407 1715 435 Sed
1734 406 1819 434 fene-

1027 465 1091 488 strze
1104 458 1164 487 cceli
1182 457 1260 486 nobis
1280 456 1456 492 aperiantur:
1474 462 1567 483 rerum
1588 452 1820 481 intellectualium

1027 513 1059 532 ac
1080 503 1243 540 spiritalium
1268 502 1384 529 virtutes
1408 501 1594 536 explicentur.
1617 519 1624 526 .
1645 518 1654 527 .
1676 518 1685 527 .
1706 517 1714 526 .
1734 498 1820 526 malae

1027 550 1129 579 inferni
1147 555 1174 577 et
1189 549 1296 581 mortis,
1320 555 1380 582 quae
1408 555 1463 575 non
1490 546 1647 582 praevalent,
1664 544 1821 573 secundum

1029 596 1152 630 Petrum,
1167 596 1201 623 iis
1214 595 1260 631 qui
1278 596 1427 623 ascendunt
1441 594 1474 621 ad
1493 597 1586 628 portas
1601 591 1663 619 tiliae
1683 591 1760 619 Sion.
1781 591 1823 619 Et

1029 643 1112 671 homo
1127 643 1174 678 qui
1194 648 1235 671 est
1253 643 1280 670 in
1299 641 1408 670 occulto
1422 642 1524 674 cordis,
1541 641 1588 676 qui
1608 645 1650 668 est
1665 640 1821 668 secundum

1029 689 1175 725 imaginem
1192 689 1253 723 Dei,
1271 688 1462 717 commensalis
1479 687 1635 722 angelorum
1650 686 1708 719 liat,
1721 693 1823 713 verum

1030 743 1129 764 manna
1143 736 1291 763 comedens
1304 739 1331 762 et
1347 742 1439 763 escam
1453 734 1486 762 de
1498 734 1579 766 creto,
1602 740 1655 760 non
1675 736 1770 760 autem
1785 731 1824 759 de

1033 787 1104 810 terra
1118 782 1275 815 maledicta,
1292 789 1373 817 quam
1390 782 1435 817 qui
1451 785 1556 816 peccat,
1571 780 1598 807 in
1614 779 1754 807 doloribus
1771 785 1825 805 co-

1031 828 1127 856 medit.
1141 827 1193 861 Qui
1211 827 1270 855 hate
1286 827 1406 855 audiunt
1419 831 1528 854 sumant
1554 825 1623 859 alas,
1649 824 1676 851 in
1703 823 1826 851 sublime

1031 875 1164 908 ferantur,
1194 882 1247 902 non
1271 873 1386 908 amplius
1405 872 1460 901 sint
1481 873 1508 900 in
1527 879 1632 904 carne;
1656 871 1712 898 sint
1724 870 1751 897 in
1765 869 1826 904 spi-

1033 920 1086 947 ritu
1099 929 1107 948 :
1124 919 1175 953 Qui
1190 919 1260 946 enim
1274 919 1301 946 in
1314 927 1392 946 carne
1407 922 1481 950 sum,
1496 917 1550 944 Deo
1565 917 1670 952 placere
1685 923 1738 943 non
1759 921 1827 950 ρω-

1033 971 1094 993 sunt
1109 967 1142 992 ¹⁶.
1159 966 1212 993 Sed
1228 965 1262 992 ad
1280 964 1421 992 historiam
1437 965 1640 992 revertendum.

1034 1012 1065 1040 V.
1083 1012 1129 1040 Η.
1147 1011 1180 1038 Ει
1193 1011 1321 1038 convertit
1335 1011 1363 1037 in
1379 1011 1534 1046 sanguinem
1547 1010 1659 1046 [lumina
1678 1017 1782 1043 eorum,
1797 1012 1826 1037 cl

1137 1047 1265 1082 pluviale:
1281 1054 1364 1081 aquas
1378 1044 1480 1078 eorum,
1494 1051 1523 1072 ut
1537 1053 1588 1072 non
1612 1044 1712 1072 bibant.

1068 1125 1136 1153 Novi
1150 1126 1299 1153 secundum
1318 1124 1450 1152 moralem
1475 1131 1585 1159 sensum
1603 1124 1687 1151 multa
1707 1123 1826 1152 ﬂumina

1034 1173 1145 1209 Egypli
1161 1173 1298 1200 contraria
1315 1173 1426 1201 Christo
1447 1180 1512 1200 vero
1525 1171 1642 1206 ﬂumini,
1668 1173 1746 1208 cujus
1772 1172 1828 1200 im-

1037 1223 1118 1253 petus
1142 1217 1293 1246 Ecclesiam
1318 1218 1466 1245 laniﬁcam.
1493 1216 1529 1245 At
1559 1225 1730 1253 quaecunque
1760 1223 1827 1246 sunt

1037 1264 1137 1292 ﬂuenta
1153 1264 1234 1293 saluti
1247 1264 1395 1297 contraria,
1410 1265 1520 1299 quando
1536 1265 1593 1292 vult
1604 1264 1675 1292 Deus
1689 1265 1826 1300 quosdam

1037 1316 1210 1344 convertere,
1223 1315 1253 1338 ut
1264 1315 1397 1338 exeuntes
1412 1311 1506 1338 bibant
1517 1311 1551 1338 de
1566 1316 1656 1346 petra,
1672 1319 1734 1346 quae
1746 1316 1828 1346 petra

1037 1356 1164 1384 Christus
1195 1361 1247 1390 est,
1281 1356 1348 1384 facit
1374 1360 1403 1384 ut
1427 1357 1454 1384 in
1479 1357 1643 1393 sanguinem
1668 1361 1826 1385 vertantur.

1037 1402 1152 1436 Quando
1168 1403 1240 1430 enim
1256 1410 1307 1438 ego
1323 1403 1422 1430 damno
1437 1403 1557 1431 alienam
1574 1411 1672 1439 aquam
1693 1403 1754 1432 sive
1777 1411 1828 1431 co-

1038 1450 1133 1485 gitata,
1158 1450 1213 1477 Deo
1234 1444 1299 1477 mihi
1320 1450 1489 1484 ostendente,
1515 1451 1580 1486 quia
1605 1451 1716 1486 sanguis
1740 1455 1828 1484 sunt;

1042 1503 1095 1522 non
1121 1495 1236 1531 amplius
1262 1495 1334 1528 bibo,
1362 1500 1391 1524 ut
1415 1503 1468 1524 non
1491 1498 1629 1532 particeps
1650 1496 1712 1525 liam
1729 1497 1830 1532 pluvia

1038 1541 1187 1576 sanguinis.
1201 1540 1240 1567 vln
1269 1541 1320 1568 hoc
1345 1548 1427 1568 censu
1447 1541 1564 1569 habendi
1584 1543 1648 1576 sint,
1669 1543 1717 1578 qui
1740 1551 1829 1578 pauca

1037 1586 1148 1618 quidem
1176 1585 1337 1620 loquuntur,
1362 1586 1409 1613 sed
1445 1586 1623 1614 nihilominus
1656 1588 1826 1622 perniciosa.

1038 1630 1122 1657 Porro
1137 1630 1290 1658 secundum
1308 1630 1715 1666 historiam,Egypliicaelitus
1727 1638 1829 1666 aquam

1039 1683 1092 1703 non
1105 1675 1217 1708 habent,
1242 1683 1293 1704 nec
1317 1675 1347 1703 ﬁt
1363 1676 1454 1711 pluvia
1482 1677 1509 1704 in
1532 1676 1662 1714 IEgypto.
1687 1676 1828 1706 llistorice

1040 1723 1132 1759 igitur,
1146 1724 1273 1751 universa
1307 1728 1372 1752 tunc
1399 1731 1530 1759 aquarum
1552 1729 1648 1751 natura
1672 1732 1721 1759 per
1744 1724 1830 1760 Egy-

1039 1777 1117 1804 ptum
1129 1771 1259 1798 mandato
1276 1769 1379 1805 Moysis
1403 1770 1431 1798 in
1457 1771 1617 1806 sanguinem
1637 1778 1728 1803 versa,
1742 1778 1829 1805 usque

1039 1817 1107 1843 adeo
1117 1820 1145 1844 ut
1157 1816 1238 1843 etiam
1253 1816 1351 1851 pisces,
1368 1817 1394 1845 in
1409 1825 1539 1845 eameam
1554 1819 1709 1846 crassitiem
1724 1823 1828 1846 mutata

1040 1870 1123 1897 aqua,
1139 1862 1300 1896 interirent;
1315 1862 1436 1891 Hebraeis
1448 1863 1638 1892 haurientibus
1651 1865 1762 1900 sanguis
1773 1872 1828 1892 non

1039 1913 1109 1936 erat.
1122 1908 1212 1943 Quare
1232 1909 1315 1937 etiam
1339 1909 1428 1936 locum
1453 1909 1609 1937 habuerunt
1635 1909 1781 1945 praestigiae
1800 1909 1830 1937 in

1045 1962 1115 1989 aqua
1140 1963 1225 1991 penes
1250 1955 1379 1985 Hebraeos
1392 1957 1511 1989 inventa,
1527 1956 1704 1991 sanguineam
1729 1963 1829 1991 aquam

1045 2001 1204 2030 exhibendi.
1220 2001 1359 2037 Spirituali
1379 2010 1471 2037 sensu,
1493 2010 1564 2030 nunc
1589 2010 1696 2038 quoque
1708 2002 1772 2030 licet
1789 2002 1830 2030 vi.

1043 2046 1107 2073 dere
1122 2046 1238 2081 idipsum
1253 2046 1422 2080 contingere.
1435 2047 1473 2074 Ex
1488 2049 1522 2077 iis
1536 2048 1608 2077 enim
1622 2047 1667 2083 qui
1683 2048 1829 2076 contrariis

1044 2092 1217 2127 opinionibus
1229 2092 1394 2125 dividuntur,
1413 2092 1458 2120 alii
1474 2093 1574 2121 habent
1591 2093 1709 2128 potabile
1723 2101 1756 2121 ac
1772 2093 1830 2129 pel-

1043 2138 1163 2166 lucidum
1181 2137 1244 2166 iidei
1266 2136 1408 2171 ﬂuentum,
1433 2137 1504 2173 quod
1527 2145 1559 2165 ex
1578 2138 1677 2166 divinis
1702 2138 1831 2166 hauriunt

1044 2183 1222 2212 documentis.
1243 2184 1279 2211 At
1300 2184 1334 2211 iis
1349 2184 1395 2219 qui
1414 2184 1537 2219 reprobaa
1554 2183 1697 2211 sententiae
1723 2183 1829 2211 ratione

1043 2229 1192 2269 Egyptum
1205 2237 1261 2265 prae
1281 2237 1312 2258 se
1331 2230 1433 2264 ferunt,
1447 2230 1474 2258 in
1488 2235 1647 2264 corruptum
1669 2231 1829 2265 sanguinem

1043 2277 1135 2304 evadit
1151 2283 1223 2311 aqua
1237 2286 1244 2304 :
1257 2284 1288 2304 ac
1302 2284 1373 2312 saepe
1390 2276 1532 2304 enituntur
1548 2276 1693 2312 praestigiae
1716 2276 1828 2310 erroris,

1044 2322 1223 2350 lsraclitit-um
1241 2330 1349 2358 quoque
1369 2328 1462 2358 potum
1489 2323 1697 2358 inquinamento
1718 2323 1829 2350 menda-

1044 2369 1077 2396 cii
1098 2369 1258 2405 sanguinein
1275 2368 1383 2398 edicere
1397 2378 1405 2403 ;
1424 2371 1451 2398 id
1465 2375 1508 2399 est
1523 2377 1680 2399 sermonem
1697 2375 1828 2404 nostrum,

1045 2415 1178 2450 nobisque
1193 2415 1341 2443 ostendere
1356 2416 1437 2444 talem
1456 2424 1510 2444 non
1526 2423 1586 2444 esse
1608 2415 1697 2451 qualis
1713 2420 1765 2444 est.
1778 2415 1830 2444 Sed

1047 2460 1151 2488 inutilis
1172 2469 1286 2496 prorsus
1313 2466 1393 2496 potus
1416 2469 1470 2489 non
1499 2462 1558 2494 llet,
1586 2462 1694 2489 tametsi
1724 2466 1830 2496 aspectu

1044 2507 1132 2543 primo
1156 2515 1209 2544 per
1234 2516 1355 2536 errorem
1383 2509 1490 2544 species
1518 2508 1578 2544 ejus
1602 2508 1741 2536 rubescat.
1762 2508 1832 2536 Bibit

1046 2555 1118 2581 enim
1135 2553 1258 2582 Israelita
1276 2562 1402 2582 veracem
1417 2562 1525 2590 aquam,
1551 2555 1663 2586 minime
1686 2554 1831 2590 respiciens

1045 2601 1164 2636 speciem
1182 2602 1295 2630 erroris.

1085 2721 1142 2756 (91)
1158 2721 1238 2748 Forte
1250 2720 1412 2755 καταγνούς.

1081 2758 1149 2793 (91')
1163 2756 1244 2788 Forte
1258 2764 1314 2791 μοι.
