1918 3069
77 89 123 118 “9

407 139 490 167 ΨᾹΛ.
503 141 544 168 II’.

178 182 254 219 Στξχ.
266 183 299 219 β’.
322 184 506 217 Ἀλαλάξειτε
519 185 559 219 τῷ
576 186 636 220 Θεῷ
655 187 760 214 Ἰακώϐ.

106 227 176 255 Θεὸν
192 229 290 256 Ἰακὼϐ
305 230 352 257 τὸν
368 231 483 267 Σωτῆρα
499 232 610 259 καλοῦσι
625 232 668 260 τὸν
682 234 709 260 ὲν
726 233 867 269 ἀνθρώπου

77 276 196 311 σχήματι
212 275 332 311 ὀφθέντα
353 277 394 313 τῷ
415 277 510 304 Ἰακὼϐ
533 279 573 310 εἰς
587 279 702 315 δήλωσιν
723 280 773 316 τῆς
802 280 869 316 μετὰ

77 322 164 350 ταῦτα
183 323 428 360 ὲνανθρωπήσεως.
456 325 611 358 Ἀλαλάζειν
627 325 655 352 δὲ
672 327 868 362 προστάττουσι

77 370 234 405 νικητήριον
255 368 340 406 ὕμνον
362 370 569 406 ἀναπέμποντες
591 372 675 407 αὐτῷ,
698 372 736 404 ὡς
752 372 869 400 καταλύ-

78 423 155 441 σαντι
169 415 216 442 τὸν
228 415 260 442 τὸ
282 416 383 452 κράτος
401 416 495 452 ἔχοντα
510 417 557 444 τοῦ
573 418 699 450 Θανάτου,
713 418 751 450 ὡς
766 419 797 445 ὲκ
819 419 869 454 τῆς

75 459 130 487 τῶν
159 460 294 496 δαιμόνων
322 462 551 494 καταδυναστείας
575 463 729 499 ῥυσαμένῳ.
753 465 870 491 Ἁλαλιι-

76 505 154 539 τμὸς
165 506 221 541 γάρ
236 507 311 533 ἐστιν
330 506 414 542 ὕμνος
431 507 571 540 ὲπινίκιος,
589 508 618 535 ὃν
633 508 679 534 καὶ
693 509 717 535 οἱ
736 509 767 535 ὲκ
781 508 869 536 Βαϐυ-

75 551 162 583 λῶνος
180 553 366 585 ἀνασωθέντες
381 553 420 589 τῷ
442 554 492 589 τὴν
513 554 592 590 νίκην
611 554 796 591 δωρησαμένῳ
811 555 870 591 Θεῷ

75 596 206 632 ἀλλήλοις
228 597 329 631 ὑφῆναι
352 597 593 633 παρακελεύονται.
620 599 799 636 Ἧθικώτερον
824 601 870 628 δέ’

77 640 116 670 ὧν
146 643 197 679 μὲν
224 643 428 680 κατορθούντων
449 645 474 670 οἱ
498 645 600 680 καρποὶ
623 646 670 672 ἐπὶ
699 646 748 678 τὰς
775 646 872 681 ληνοὺς

78 689 222 725 ἔρχονται,
244 690 419 718 ἀκουέτωσαν
438 691 500 717 τοῦο
525 690 717 725 Ἀταλλιᾶσθε
734 691 774 724 τῷ
793 691 870 724 Θεῷ·

77 736 91 762 ὁ
105 736 135 763 δὲ
153 735 287 772 ἁμαρτὼν
302 738 349 764 καὶ
371 737 496 772 δεόμενος
520 737 661 773 μετανοίας
678 739 725 765 καὶ
747 739 873 775 ἐπιστρο-

78 782 134 817 φῆς
150 783 189 818 μὴ
209 782 394 817 άγαλλιάσθω,
406 783 472 810 ἀλλά
486 783 632 819 λυπηθήτω
646 783 717 810 κατὰ
738 783 814 811 Θεὸν.
840 784 872 810 Ἡ

77 828 134 864 γὰρ
148 829 221 855 κατὰ
237 829 303 856 Θεὸν
324 828 396 864 λύπη
421 829 565 864 μετάνοιαν
583 830 623 861 εἰς
647 829 783 865 σωτηρίαν
802 830 871 864 ἀμε-

78 875 232 910 ταμέλητον
247 875 453 910 κατεργάζεται.
471 876 526 902 Καὶ
539 876 583 908 σὺ,
594 876 641 903 ἐὰν
661 875 804 912 βοηθηθεὶς
819 875 874 902 ὑπὸ

78 920 147 947 Θεοῦ
166 921 218 956 τὴν
236 921 402 956 συγκομιδὴν
416 922 535 956 ἐποιήσω
553 921 607 948 τῶν
624 922 738 957 καρπῶν
753 922 799 948 ἐπὶ
822 922 873 954 τὰς

660 95 790 124 FRAGM.
796 137 802 145 ‘
811 94 844 122 ΙΝ
861 95 1066 124 PROVERBIA.

1197 130 1423 170 psItLTLXX'x‘.

1114 188 1144 215 V.
1163 187 1192 215 Ξ.
1211 187 1329 215 Jubilate
1343 187 1398 214 Deo
1410 187 1524 215 Jacob.‘

954 233 1038 260 Deum
1054 231 1138 261 Jacob
1159 233 1294 268 appellant
1309 232 1479 260 Salvatorem
1493 253 1502 265 ,
1516 232 1561 268 qui
1576 233 1602 259 in
1617 234 1701 268 ﬁgura

919 279 1037 307 hominis
1060 278 1163 306 Iacobo
1178 280 1306 314 apparuit
1327 279 1361 306 ad
1384 279 1556 306 indicandam
1583 278 1701 306 futuram

920 325 1146 353 incarnationem.
1160 324 1280 353 Jubilare
1297 330 1387 353 autem
1400 327 1505 360 iubent.
1522 326 1643 353 victoriae
1655 326 1703 361 hy-

920 379 984 398 mno
997 371 1164 399 celebrantes
1178 379 1250 404 eum,
1267 376 1358 406 utpote
1372 372 1418 406 qui
1431 371 1616 406 proﬂigaverit
1627 371 1702 398 illum

921 416 1088 451 quihabebat
1095 417 1191 444 mortis
1205 417 1360 452 imperium,
1376 422 1404 444 et
1415 425 1429 443 a
1444 419 1596 444 daemonum
1614 422 1705 453 tyran-

921 463 982 490 nide
1006 463 1033 490 in
1065 462 1217 490 libertatem
1245 463 1405 490 asseruerit.
1432 462 1561 490 Jubilatio
1587 470 1706 497 namque

922 508 1038 543 hymnus
1046 514 1088 536 est
1101 509 1261 541 victorialis,
1270 517 1350 544 quem
1363 509 1446 536 etiam
1460 510 1505 544 qui
1519 510 1552 537 de
1568 509 1706 544 Babylone

921 552 1022 580 servati
1037 557 1109 585 sunt,
1123 553 1244 580 victoriae
1260 553 1383 588 largitori
1401 554 1455 581 Deo
1474 561 1575 581 canere
1589 562 1650 582 sese
1661 554 1705 581 in-

921 599 1009 626 vicem
1034 599 1224 627 adhortantur.
1246 600 1279 626 Et
1305 601 1391 635 magis
1412 590 1552 628 mor'aliter
1566 610 1573 628 :
1589 608 1706 636 quorum

923 644 1036 672 virtuosi
1056 644 1160 672 fructus
1187 646 1212 672 in
1233 645 1380 673 toreularia
1400 646 1530 678 veniunt,
1554 646 1705 673 audiunlo:

921 689 1040 717 Jubilate
1060 690 1113 717 Deo
1131 698 1140 718 :
1156 697 1184 717 at
1200 691 1245 726 qui
1264 691 1386 725 peccavit
1403 696 1432 719 et
1452 691 1556 726 indiget
1572 692 1708 726 paeniten-

926 735 960 762 tia
976 739 1058 770 atque
1071 736 1259 769 conversione,
1280 744 1334 764 non
1353 737 1482 770 exsultet,
1494 738 1543 764 sed
1558 737 1650 765 doleat
1667 745 1709 765 sc-

924 781 1041 808 cunduui
1057 781 1152 809 Deum.
1168 782 1248 810 Dolor
1263 784 1335 811 enim
1347 783 1493 811 secundum
1513 783 1605 815 Deum.
1622 785 1708 819 poeni-

925 827 1036 854 tentiam
1058 827 1084 854 in
1105 828 1221 855 salutem
1235 835 1289 855 non
1313 828 1496 863 ptenitendam
1511 834 1651 864 operatur.
1668 829 1709 857 Tu

923 881 1032 909 quoque
1060 874 1083 901 si
1113 874 1241 902 divinitus
1271 875 1379 909 adjutus
1400 874 1505 902 fructus
1529 875 1657 903 invexisti
1681 876 1709 903 iu

925 925 1019 948 sancta
1035 920 1196 952 toreularia,
1210 928 1244 948 ne
1259 920 1427 949 obliviscaris
1442 921 1500 954 Dei,
1517 925 1650 956 quatenus
1664 929 1710 948 au«

79 968 160 1002 ἁγίας
173 968 284 1002 ληνοὺς,
306 967 343 1003 μὴ
359 968 536 994 ὲπιλανθάνου
559 968 606 995 τοῦ
629 968 707 1000 Θεοῦ,
725 968 792 995 καθὸ
810 967 873 1004 βοη-

927 967 1033 994 xiliator
1057 971 1118 994 tuus
1146 966 1209 995 fuit.
1236 966 1357 994 Tametsi
1384 968 1457 995 haud
1488 972 1634 1002 suppetant
1660 967 1710 996 tibi

80 1013 126 1045 θός
145 1022 191 1040 σου
209 1014 323 1047 γίνεται.
346 1014 405 1040 Κᾶν
422 1014 526 1049 ἀπορῇς
541 1014 627 1048 λόγων
651 1014 705 1041 τῶν
720 1014 780 1041 κατ’
797 1014 874 1047 ἀξίαν

79 1060 325 1096 ἀποδοθησομένων
349 1060 389 1095 τῷ
415 1061 475 1097 Θεῷ
499 1062 527 1088 ἐν
557 1061 736 1098 εὐχαριστίᾳ,
758 1060 875 1094 ἀλάλαζε

81 1106 196 1141 εὐσήμῳ
212 1107 306 1141 φωνῇ,
333 1105 446 1142 καρδίας
467 1106 634 1143 κεκραγυίας
658 1106 875 1141 ὑπερϐαινούσης

81 1151 115 1177 τὰ
141 1151 334 1186 σημαινόμενα
362 1151 518 1186 ἀπορούσης
539 1151 654 1184 λέξεως,
680 1152 727 1178 καὶ
752 1151 796 1178 διὰ
825 1151 876 1186 τὴν

81 1197 200 1233 ἀπορίαν
216 1197 273 1223 τῶν
297 1196 396 1229 λέξεων
420 1197 562 1233 ἀπόρρητα
586 1197 633 1224 καὶ
649 1197 756 1233 ἀρῤητα
781 1196 877 1223 λαλού-

84 1252 142 1278 σης.
169 1243 234 1270 Ἐὰν
256 1243 311 1279 γὰρ
324 1243 428 1279 ἀναὸῇς
452 1243 488 1270 τὰ
507 1243 605 1276 λεκτὰ,
625 1243 673 1270 ὲάν
693 1242 815 1279 ὑπερϐῇς
842 1242 876 1270 τὰ

83 1289 328 1325 ἀπαγγελλόμενα,
348 1289 381 1316 τὰ
403 1288 447 1316 διὰ
469 1289 602 1325 στόματος
631 1289 807 1324 φωνούμενα,
829 1289 877 1316 καὶ

87 1335 160 1370 μόνῳ
182 1335 222 1371 νῷ
241 1335 358 1371 δυνηθῇς
381 1335 474 1370 ὑμνεῖν
492 1334 539 1361 τὸν
562 1334 639 1366 Θεὸν,
661 1333 699 1369 τῷ
729 1333 876 1370 ἀποροῦντι

83 1381 220 1408 ἐπιθεῖναι
233 1380 269 1407 τὰ
281 1381 378 1408 ἑαυτοῦ
390 1381 528 1416 κινήματα
546 1380 584 1415 τῷ
600 1379 682 1415 λόγῳ,
699 1379 774 1416 παρὰ
788 1376 819 1406 τὸ
832 1380 877 1407 τὸν

83 1427 162 1461 λόγον
185 1427 233 1454 τὸν
250 1427 279 1454 ἐν
295 1427 337 1454 σοὶ
355 1426 393 1462 μὴ
408 1426 536 1454 δύνασθαι
552 1426 696 1462 βαστάζειν
709 1426 756 1453 τοῦ
779 1427 824 1454 νοῦ
843 1427 878 1455 τὰ

85 1473 230 1508 ἀπόρρητα
246 1472 338 1500 καὶτὰ
354 1473 423 1505 θεῖα,
439 1471 580 1505 ἁλαλάξεις
591 1472 631 1508 τῷ
646 1472 705 1508 Θεῷ
723 1472 830 1506 Ἰακὼὸ,
840 1473 878 1505 ὡς

87 1519 209 1555 μιμητὴς
223 1518 272 1546 τοῦ
287 1518 447 1555 πτερνιστοῢ
466 1518 572 1546 Ἰακώϐ.

131 1577 136 1580 -
273 1575 275 1577 ν
391 1565 475 1593 ΨΑΛ.
494 1565 559 1591 PN’.

137 1611 215 1646 Στίχ.
233 1613 269 1646 γ’.
286 1610 399 1638 Αἰνεῖτε
412 1610 505 1638 αὑτὸν
518 1611 553 1638 ἐν
566 1610 631 1646 ἤχῳ
647 1611 824 1646 σάλπιγγος.

925 1013 1005 1040 verba
1022 1021 1081 1047 quae
1102 1013 1181 1049 digne
1198 1013 1274 1041 reddi
1289 1013 1394 1048 possint
1413 1013 1468 1041 Deo
1490 1021 1540 1048 pro
1554 1014 1704 1049 gratiarum

924 1059 1044 1091 actione;
1060 1059 1147 1094 jubila
1160 1059 1337 1087 nihilominus
1355 1060 1452 1095 insigni
1465 1067 1542 1094 voce,
1559 1062 1641 1088 corde
1653 1060 1710 1088 cla-

925 1111 1016 1132 mante
1033 1106 1104 1141 quod
1124 1106 1330 1142 supergreditur
1343 1106 1497 1142 signiﬁcata
1513 1107 1647 1134 sermonis
1660 1108 1710 1134 (le-

925 1152 1043 1179 iicientis
1056 1173 1064 1184 ,
1081 1157 1162 1187 atque
1184 1160 1232 1188 per
1255 1153 1435 1180 deﬁcientiam
1460 1154 1545 1188 ipsam
1561 1153 1708 1181 vocabulo-

926 1206 995 1229 rum.
1011 1203 1115 1226 secreta
1137 1203 1165 1226 et
1183 1198 1328 1226 ineﬂabilia
1347 1198 1478 1233 loquitur.
1495 1199 1523 1226 Si
1544 1199 1617 1226 enim
1632 1204 1711 1226 tran<

925 1243 1041 1271 scendas
1062 1251 1122 1279 qua:
1150 1244 1242 1271 verbis
1267 1243 1410 1276 dicuntur,
1439 1251 1471 1271 ac
1493 1243 1713 1279 supergrediaris

925 1296 986 1324 quae
1016 1296 1063 1316 ore
1088 1288 1244 1323 proferente
1269 1289 1462 1321 enuntiantur,
1487 1288 1599 1322 soloque
1620 1287 1712 1314 animo

925 1335 1015 1370 possis
1037 1334 1167 1370 hymnum
1190 1333 1282 1361 dicere
1308 1334 1383 1366 Deo,
1407 1334 1469 1361 dum
1501 1333 1597 1368 nequis
1625 1337 1713 1360 motus

927 1385 989 1408 tuos
1003 1380 1096 1407 verbis
1109 1386 1272 1414 componere
1285 1400 1292 1412 ,
1310 1379 1372 1415 quia
1389 1387 1480 1406 sermo
1494 1384 1556 1406 tuus
1572 1386 1623 1406 non
1641 1378 1713 1406 valet

927 1426 1080 1462 exprimere
1103 1433 1146 1453 res
1162 1425 1285 1453 occultas
1299 1425 1397 1452 mentis
1411 1430 1439 1452 et
1455 1425 1575 1455 divinas:
1591 1429 1712 1452 attamen

925 1473 1027 1507 jubilas
1052 1472 1106 1499 Deo
1128 1471 1223 1504 Jacob,
1239 1475 1332 1506 utpote
1355 1471 1478 1498 imitator
1499 1469 1718 1506 supplantatoris.

930 1518 1036 1545 Jacobi.

1239 1561 1336 1591 PSAL
1352 1562 1404 1590 CL.

1072 1608 1103 1635 ν.
1118 1607 1146 1636 5.
1160 1607 1280 1634 Laudate
1297 1615 1356 1634 eum
1371 1607 1398 1634 in
1413 1615 1477 1634 sano
1492 1606 1573 1636 tubw.

121 1657 221 1688 ’Δλλος
243 1657 318 1692 φησὶ,
341 1656 391 1683 διὰ
406 1656 483 1691 ἤχου
498 1657 665 1691 “path-nc.
686 1657 831 1694 Ἰερατικὸν
848 1656 876 1683 δὲ

964 1654 1040 1682 Alius
1055 1654 1132 1686 dicit,
1146 1662 1191 1688 per
1214 1662 1307 1681 sonum
1320 1662 1422 1680 cornea
1436 1655 1469 1682 ".
1481 1654 1544 1682 Erat
1558 1654 1610 1681 hoc
1625 1660 1716 1682 sacer-

85 1702 166 1730 τοῦτο
180 1702 212 1730 τὸ
224 1702 349 1738 ὄργανον.
363 1702 394 1728 ΟΞ
413 1703 495 1738 ἱερεῖς
510 1702 564 1738 γὰρ
587 1703 706 1738 ὲχρῶντο
725 1704 785 1734 ταῖς
812 1702 876 1730 σάλ-

86 1748 180 1783 πιγξι,
209 1747 264 1776 τῶν
286 1748 315 1775 ὲν
338 1748 403 1775 Σινᾶ
425 1748 576 1782 γενομένων
602 1748 758 1783 σαλπίγγων
779 1748 878 1783 ἀναμι-

88 1796 269 1830 μνήσκοντες.
290 1794 368 1820 Κατὰ
388 1793 453 1828 γοῦν
469 1793 514 1820 τὸν
531 1794 713 1829 πνευματικὸν
733 1794 797 1829 περὶ
816 1793 879 1821 σαλ-

86 1841 195 1875 πίγγων
230 1840 404 1875 κατασκευῆς
435 1839 522 1874 λόγον,
548 1840 783 1867 κατασκευαστέον
813 1839 878 1867 σάλ-

87 1894 185 1921 πιγγα,
197 1886 241 1912 ἵνα
254 1887 284 1912 ὲν
299 1886 358 1921 ἤχῳ
375 1886 459 1921 αὐτῆς
471 1886 620 1921 αένέσωμεν
634 1886 679 1913 τὸν
692 1885 767 1912 Θεόν.
783 1884 881 1912 Τοιαῦ-

86 1940 131 1960 ται
147 1932 182 1964 δ’,
197 1929 287 1967 οἶμαι,
304 1931 456 1965 σάλπιγγες
471 1931 612 1967 δηλοῦνται
629 1931 676 1958 καὶ
692 1931 721 1958 ὲν
738 1930 776 1966 τῷ
786 1938 793 1945 '
806 1932 882 1957 Σαλ-

85 1979 180 2011 πίσει,
199 1978 249 2004 καὶ
263 1979 290 2004 οὶ
306 1977 410 2011 νεκροὶ
422 1976 644 2011 ἐγερθήσονται.
666 1977 744 2003 Ἔστι
760 1976 787 2002 δὲ
801 1976 881 2012 ἑορτὴ

85 2023 229 2059 Νουμηνία
245 2023 363 2057 ἑϐδόμου
391 2022 488 2058 μηνὸς,
517 2022 688 2058 μνημόσυνον
711 2021 879 2056 σαλπίγγων,

85 2070 153 2098 καθὸ
167 2069 277 2105 λέγεται
286 2078 293 2084 ·
317 2070 367 2096 Ἐν
380 2069 533 2104 νεομηνίῃ,
550 2068 703 2103 σάλπιγγι.

932 1699 1020 1727 dotale
1036 1699 1257 1726 instrumentum.
1281 1698 1444 1726 Sacerdotes
1468 1706 1586 1733 namque
1600 1699 1715 1726 uteban-

933 1751 978 1774 tur
993 1746 1077 1780 tubis,
1092 1746 1118 1773 in
1133 1746 1291 1773 memoriam
1306 1745 1431 1773 tubarum
1446 1753 1505 1779 qum
1517 1745 1542 1772 in
1561 1744 1625 1771 Sina
1640 1744 1715 1772 clan-

931 1797 1040 1821 xerunt.
1065 1791 1146 1821 Juxta
1171 1792 1254 1825 igitur
1278 1791 1444 1825 spiritualem
1472 1790 1714 1818 construendarum

932 1837 1056 1865 tubarum
1073 1836 1406 1868 rationem,construenda
1421 1840 1462 1863 est
1479 1836 1552 1868 tuba,
1567 1839 1596 1862 ut
1611 1835 1638 1862 in
1649 1843 1716 1862 sono

931 1883 1003 1911 illius
1020 1883 1162 1910 laudemus
1186 1881 1282 1910 Deum.
1304 1881 1480 1917 Hujusmodi,
1496 1886 1525 1908 ut
1544 1885 1619 1916 puto,
1645 1880 1717 1908 tuba:

929 1929 1104 1957 declarantur
1125 1934 1153 1956 et
1171 1928 1197 1956 in
1213 1928 1259 1956 illo
1274 1928 1354 1956 loco:
1372 1927 1494 1961 Clanget,
1514 1932 1536 1954 et
1555 1927 1651 1953 mortui
1673 1933 1716 1952 re-

930 1979 1038 2010 surgent
1063 1975 1095 2002 η.
1124 1974 1172 2002 Est
1195 1979 1285 2001 autem
1321 1973 1418 2001 festum
1442 1971 1586 2000 Neomenia
1609 1971 1717 2006 septimi

934 2021 1046 2052 mensis,
1062 2020 1221 2048 memoriale
1235 2020 1372 2052 tubarum,
1387 2020 1458 2047 sicut
1473 2018 1572 2054 legitur
1587 2027 1593 2045 :
1610 2017 1643 2044 In
1656 2025 1718 2044 κιο-

933 2067 1032 2099 mem'a,
1048 2067 1110 2092 tuba
1127 2067 1159 2094 ".

92 2115 1719 2137 _____________________—_____________

467 2159 936 2226 ΩΡΙΓΕΝΟΥΣ
973 2155 1349 2223 ΕΚΛΟΓΑΙ

638 2262 723 2305 ΕΙΣ
741 2260 845 2304 ΤΑΣ
863 2259 1179 2303 ΠΑΡΟΙΜΙΑΣ.

301 2352 593 2401 ORIGENIS
630 2323 996 2396 FRAGMEN—TA
1034 2350 1095 2394 IN
1139 2347 1505 2393 PBOVERBIA.

617 2425 781 2456 (Bibliotheca
795 2425 963 2455 Gallandlana.
976 2433 1008 2450 ex
1019 2425 1090 2449 codd.
1105 2423 1208 2454 Venet.)

384 2493 440 2528 (92)
452 2493 529 2519 xm.
547 2492 586 2518 A'.
899 2497 921 2524 υ

127 2545 199 2580 Στίχ.
215 2547 253 2571 α’.
275 2542 355 2570 Ἐπεὶ
371 2541 400 2568 δὲ
414 2540 514 2576 ἀρετὴν
531 2537 661 2573 εἶναιτὴν
677 2537 808 2573 φρόνησιν
822 2536 886 2563 "El-

97 2576 306 2626 ληνεξλέγουσι,
319 2588 367 2615 καὶ
374 2587 510 2623 ὁρίζονται
519 2586 612 2621 αὑτήν·
629 2583 811 2617 Ὲπιστήμην
819 2583 876 2617 ἀγα

937 2580 1042 2611 dicunt,
1057 2582 1084 2605 ct
1095 2577 1226 2605 deﬁniunt
1236 2585 1294 2604 eam
1311 2587 1318 2604 :
1332 2576 1474 2604 Scientiam
1486 2576 1612 2603 bonarum
1627 2579 1652 2602 et
1662 2582 1721 2602 nta-

100 2621 333 2665 θάιν-καίκακῶν
346 2621 396 2660 καί
410 2632 581 2666 οὐθετέρων·
596 2630 613 2666 ἦ
624 2629 794 2664 ἐπιστήμην
805 2635 875 2661 ποίη

937 2626 1024 2652 lorum
1044 2629 1067 2650 et
1091 2628 1265 2655 neutrorum,-
1292 2622 1333 2650 vel
1357 2622 1502 2650 Scientiam
1526 2621 1685 2656 agendorum
1697 2625 1722 2647 et

101 2683 167 2710 τέων
177 2682 226 2710 καὶ
241 2682 279 2708 σὺ
293 2678 441 2712 ποιητέων
452 2677 501 2704 καὶ
511 2676 684 2711 οὺθετέρων,
695 2673 876 2709 παρέχουσαι

939 2680 990 2699 non
999 2671 1158 2706 agendorum
1169 2675 1193 2696 et
1210 2675 1361 2696 neutrorum
1377 2677 1387 2701 ;
1401 2677 1459 2704 (ματ
1470 2669 1567 2695 tribuat
1583 2667 1670 2700 facere
1679 2667 1722 2705 [a-

940 2717 1044 2749 cienda,
1069 2723 1119 2742 non
1140 2715 1263 2749 facienda
1285 2722 1343 2742 vero
1359 2722 1410 2742 non
1432 2715 1519 2749 facere
1536 2721 1546 2741 :
1562 2712 1723 2749 colligamus

1272 2484 1346 2513 CAP.
1360 2485 1380 2512 Ι.

966 2534 1033 2565 VA.
1043 2534 1109 2567 Quia
1118 2538 1207 2562 autem
1213 2532 1325 2570 gentiles
1334 2532 1463 2558 virtutem
1476 2539 1536 2559 esse
1552 2531 1721 2566 prudentiam

101 2728 150 2764 μὲν
165 2728 266 2756 ποιεῖν
277 2726 316 2754 τὰ
332 2724 466 2759 ποιητέα,
477 2723 519 2759 μὴ
535 2722 631 2750 ποιεῖν
645 2721 680 2748 δὲ
695 2720 732 2748 τὰ
744 2719 787 2755 μὴ
807 2727 890 2752 ποιη-

133 2778 151 2793 ⁶⁷
172 2776 246 2807 Psal.
261 2783 306 2807 CL,
323 2775 351 2802 3.
397 2773 439 2800 "‘l
455 2772 518 2800 Cor.
534 2779 581 2803 xv,
593 2771 639 2798 52.
678 2770 699 2787 "
715 2769 786 2796 l’sal.
800 2775 882 2799 Lux,
893 2767 920 2794 ι.

133 2824 184 2860 (9‘2)
202 2824 241 2851 Ex
253 2823 319 2852 cod.
338 2821 433 2850 Venet.
448 2820 507 2851 491,
521 2827 580 2855 pag.
593 2818 636 2846 38.
650 2818 707 2853 Ipse
724 2817 766 2844 hic
780 2821 886 2851 quoque
899 2813 988 2848 capita
1008 2816 1034 2839 et
1048 2817 1142 2840 versus
1157 2809 1299 2845 adscripsi.
