1918 3069
205 98 258 127 155

203 158 279 193 juxta
292 154 399 190 praxim
413 157 441 180 et
453 151 598 184 theatriam,
613 149 685 178 unde
698 153 772 177 recta
788 150 989 182 consequantur
1003 144 1026 172 Α

205 210 267 238 qua:
282 202 344 229 hinc
357 198 519 234 proveniunt
531 196 641 224 divitiae.
658 195 738 222 Deest
759 199 850 221 autem
864 193 989 220 humanae

206 248 288 276 menti
302 246 421 274 divinum
435 243 569 278 regimen,
582 241 652 276 quod
669 240 774 268 habens
790 239 942 274 intelligens
959 244 990 264 ac

207 298 335 328 prteterea
353 290 477 324 sapiens,
495 296 547 315 non
575 287 692 322 patietur
719 286 819 320 aliquid
838 285 927 311 triste.
942 282 991 310 Vir

207 337 359 372 huiusmodi
374 335 441 362 scite
456 334 588 369 navigans
603 333 636 360 ad
649 332 743 364 Deum,
761 331 793 358 ad
810 335 915 365 portum
930 336 992 364 per-

208 384 299 411 veniet
313 381 462 409 voluntatis
481 379 548 413 ejus.
561 379 655 414 Atqui
680 377 836 412 huiusmodi
865 383 918 404 non
938 380 990 406 est.

208 430 250 457 vel
261 429 333 456 circa
353 427 433 454 ﬁdem
458 425 628 460 naufragium
646 424 738 456 faciet,
749 423 791 450 vel
810 423 883 450 circa
905 428 990 456 spem.

209 474 251 500 vel
278 473 350 500 circa
379 471 557 501 charilatem,
576 473 622 495 aut
644 468 760 503 aliquam
780 475 814 494 ex
837 466 991 494 virtutibus.

209 518 243 545 Et
259 517 304 552 qui
321 517 393 544 circa
419 515 479 542 illas
496 515 667 549 naufragium
686 513 767 544 fecit,
785 512 884 539 merito
907 515 994 546 potest

209 563 300 589 dicere
318 570 325 588 :
347 560 411 587 Veni
436 561 463 587 in
488 560 685 594 profunditater
703 558 794 589 maria,
815 563 838 584 et
864 557 939 584 turbo
951 557 996 583 de-

211 607 300 634 mersit
319 615 358 632 me
374 606 406 632 “.
422 606 454 632 Et
468 610 576 639 oportet
591 612 699 639 semper
712 604 803 631 dicere
818 611 824 628 :
842 602 950 638 Eripiar
963 603 994 629 ob

211 652 330 680 acoribus
343 652 416 682 meis,
427 655 451 678 et
462 651 493 678 de
503 650 642 685 profundis
659 657 786 683 aquarum
793 648 827 675 ³⁸.

536 696 672 730 Ejusdem.

217 743 249 771 V.
279 743 307 770 5.
335 743 385 776 Qui
401 747 488 770 autem
504 742 637 775 intelligit,
656 741 754 776 inquit,
782 740 997 776 gubernationem

530 777 682 810 possidebit.

218 823 248 850 V.
261 823 287 850 ϐ.
297 823 476 858 lntellt'getque
485 822 649 856 parabolam,
661 827 684 849 et
695 821 833 848 obscurum
843 827 997 848 sermonem.
1014 823 1035 851 Β

252 900 408 936 Spiritualia
435 901 507 928 enim
531 899 716 935 apiritualibus
751 904 940 934 comparantur
967 898 1000 925 ³⁸.

215 946 347 974 Animalia
360 951 446 973 autem
459 948 535 972 homo
554 954 605 972 non
617 946 724 980 suscipit
736 953 766 972 ea
783 953 842 980 quae
852 950 911 972 sunt
926 945 1004 979 spiri-

216 998 258 1020 lux
277 993 469 1021 Dei:stultitia
485 993 555 1019 enim
574 997 613 1019 est
631 992 681 1026 ipsi
693 992 725 1024 ³⁷,
745 991 919 1025 Quaecunque
929 991 1002 1018 enim

216 1045 265 1073 per
302 1038 446 1073 parabolas
479 1043 507 1065 et
543 1038 675 1065 obscuros
710 1044 851 1065 sermones
886 1036 1004 1071 Spiritus

216 1088 327 1111 sanctus
346 1091 395 1118 per
411 1084 558 1118 prophetas
575 1083 680 1111 locutus
692 1087 743 1114 est,
761 1089 792 1109 ea
806 1082 839 1109 iis
855 1082 901 1117 qui
918 1082 1004 1117 parti-

218 1129 312 1164 cipant
329 1133 356 1156 et
370 1129 574 1156 communicant
588 1128 700 1162 Spiritui
720 1132 815 1154 sancto
837 1126 915 1154 facile
935 1126 1004 1153 ﬁunt

217 1179 292 1208 nota,
312 1182 374 1202 cum
389 1174 423 1201 ab
444 1173 538 1201 eodem
557 1173 662 1207 Spiritu
678 1172 724 1199 illa
750 1172 923 1200 edoceantur.
953 1171 1004 1204 Qui

219 1221 292 1248 enim
309 1221 429 1255 signatus
444 1227 496 1246 non
519 1223 559 1247 est
578 1225 605 1246 et
624 1218 756 1254 regimine
774 1222 851 1246 caret
866 1237 875 1251 .
899 1217 1006 1244 divinas

220 1266 376 1300 Scripturas
393 1265 541 1300 intelligere
555 1273 608 1291 non
624 1264 707 1291 valet.

273 1309 307 1337 V.
339 1311 365 1337 7.
385 1309 550 1344 Principium
566 1309 713 1344 sapientiae,
737 1308 815 1335 timor
837 1308 952 1336 Domini.

255 1355 386 1390 Principii
405 1363 502 1383 nomen
523 1355 643 1383 declarat
657 1360 683 1383 et
697 1355 834 1387 ducatum,
848 1358 878 1381 ut
895 1354 921 1381 in
938 1353 983 1381 illo
997 1361 1005 1380 :

222 1400 287 1427 Cum
299 1400 406 1434 justitia
418 1406 583 1435 prtzparatur
595 1400 703 1427 thronus
715 1400 838 1435 principii
850 1400 872 1416 ⁸⁸
888 1407 895 1426 :
920 1404 948 1426 ct
959 1407 1006 1427 ru-

223 1446 343 1473 dimenta
361 1445 476 1479 alicujus
492 1446 634 1479 doctrinm,
655 1450 683 1472 ut
705 1446 731 1473 in
751 1445 797 1473 illo
816 1455 823 1473 :
840 1445 1006 1479 Principium

222 1491 270 1518 vim
284 1492 367 1524 honre,
384 1491 471 1525 facere
483 1498 543 1526 qua:
557 1491 633 1526 justo
656 1496 717 1519 sunt
732 1492 766 1524 ³⁸,
787 1492 813 1519 id
830 1496 872 1519 est
890 1492 1002 1519 moralia
1017 1491 1038 1520 ο

223 1536 395 1564 documenta.
416 1535 490 1562 Viam
514 1541 604 1562 autem
633 1536 730 1563 bonam
759 1536 845 1569 dicit,
874 1536 1007 1564 theoriam

222 1585 283 1613 qure
300 1578 332 1605 ad
347 1577 508 1612 sapientiam
528 1577 613 1604 ducit.
638 1577 804 1612 Principium
825 1582 867 1605 est
900 1585 1010 1613 quoque

224 1631 307 1652 causa
330 1623 444 1658 alicujus
465 1623 642 1655 exsistentiae,
675 1627 704 1650 ut
727 1624 754 1650 in
786 1623 832 1650 illo
849 1622 927 1659 :Ego
952 1632 1010 1650 sum

224 1669 384 1703 principium
401 1674 425 1695 et
437 1667 500 1702 linis
513 1668 536 1684 “’
553 1668 734 1703 :principium
748 1667 867 1703 quidem,
882 1673 1010 1703 tauquam

225 1715 271 1749 qui
289 1721 350 1742 esse
362 1714 470 1748 tribuit;
482 1714 543 1741 linis
556 1721 631 1746 vero,
644 1719 671 1741 ut
683 1713 856 1748 perfectionis
868 1714 1009 1742 motivum.

227 1759 283 1787 Hoc
298 1761 381 1795 igitur
404 1759 462 1787 loco
480 1759 643 1794 principium
690 1765 732 1787 est
749 1760 872 1787 doctrina
888 1760 1011 1787 introdu-

225 1813 290 1833 cens
305 1806 338 1833 ad
360 1805 531 1840 sapientiam,
548 1805 624 1840 juxta
644 1805 689 1832 Dei
705 1805 830 1834 timorem
847 1806 1010 1833 consistens.

227 1849 320 1878 Timor
333 1851 404 1877 enim
421 1851 466 1885 qui
482 1851 572 1885 passio
591 1850 700 1885 quidem
714 1851 750 1878 sit
764 1871 772 1884 ,
794 1855 837 1879 est
849 1851 1012 1879 infortunio-

227 1904 286 1924 rum
297 1897 474 1931 exspectatio.
490 1897 540 1930 Qui
556 1901 621 1924 sunt
635 1897 661 1923 in
676 1897 775 1924 timore
791 1904 895 1932 poenae,
909 1898 1012 1925 evitant

227 1942 400 1976 pravitatem.
411 1941 503 1976 Neque
516 1942 588 1969 hunc
603 1943 712 1976 proprie
726 1942 772 1969 Dci
788 1942 911 1969 timorem
921 1942 1013 1977 appel-

228 1987 285 2015 lare
299 1993 426 2023 oportet,
442 1987 494 2015 etsi
524 1987 606 2014 allicit
630 1992 771 2014 metuentes
792 1995 849 2013 eum
865 1988 910 2022 qui
930 1993 1013 2022 potest

227 2038 252 2060 ιι
268 2033 386 2059 animam
406 2038 429 2059 et
442 2040 537 2066 corpus
556 2032 662 2065 perdere
682 2033 710 2058 in
731 2034 876 2067 gehennam
893 2032 925 2059 “.
944 2033 1013 2060 Eum

229 2076 303 2110 ejicit
317 2076 437 2111 perfecta
449 2076 580 2104 charitas.
590 2076 684 2103 Timor
699 2077 781 2111 igitur
799 2076 846 2104 Dei
866 2085 946 2106 verus
972 2083 1014 2106 cst

230 2122 319 2156 pietas
340 2121 476 2156 religiosa,
498 2121 574 2156 juxta
594 2129 676 2156 quam
698 2122 855 2157 religionem
876 2123 931 2150 vult
954 2124 1014 2158 quis

229 2168 392 2194 vehementer
404 2167 430 2193 in
443 2167 576 2194 mandatis
591 2167 648 2202 ejus
663 2166 685 2183 “
698 2167 833 2195 desiderio
845 2169 962 2203 sincero,
979 2171 1013 2198 ad
1029 2163 1051 2191 Ῐ)

231 2221 313 2247 opera
330 2213 520 2247 redigensilla,
537 2214 637 2248 quique
652 2213 681 2240 fit
696 2214 859 2250 principium
874 2216 1012 2252 sapientiae

231 2258 278 2285 Dei
291 2257 438 2285 secundum
456 2258 645 2287 initiationem.
664 2259 818 2288 Pleniorem
839 2263 939 2290 etenim
951 2271 1011 2291 eum

232 2303 355 2330 invenies
376 2303 403 2330 in
421 2311 453 2332 eo
469 2305 514 2339 qui
541 2306 690 2333 secundum
707 2307 867 2342 sapientiam
883 2308 938 2342 jam
953 2317 1010 2344 per-

231 2349 318 2377 fectus
335 2355 387 2380 est.
409 2350 441 2378 de
460 2357 513 2385 quo
539 2351 649 2384 dicitur,
679 2360 732 2379 non
756 2360 812 2380 esse
836 2354 1013 2388 deﬁcientium

231 2395 382 2423 timentibus
394 2395 477 2423 Deum
494 2395 527 2422 δ’.

233 2442 264 2470 V.
298 2441 323 2468 'l.
354 2440 445 2468 Pietas
467 2446 553 2468 autem
569 2442 597 2468 in
620 2442 721 2476 Deum,
735 2445 893 2480 principium
910 2454 1012 2474 sensus.

268 2486 356 2514 Divini
369 2486 471 2514 scilicet
490 2494 596 2519 sensus,
612 2487 670 2522 ejus
684 2488 728 2522 qui
744 2493 787 2516 est
808 2497 904 2525 nempe
917 2499 1014 2519 secun-

231 2533 295 2559 dum
314 2532 470 2560 interiorem
491 2533 626 2569 hominem
644 2540 652 2560 :
670 2536 819 2562 secundum
839 2544 918 2572 quem
942 2539 1014 2566 vide-

232 2586 292 2606 mus
305 2578 391 2605 lucem
409 2585 500 2604 veram
512 2597 520 2609 ,
538 2583 566 2605 et
588 2578 711 2606 audimus
728 2586 833 2608 secreta
851 2584 972 2617 oracula,
989 2589 1016 2612 et

231 2623 369 2650 nutriatur
393 2629 464 2658 pane
487 2622 558 2654 vitae,
582 2627 608 2650 et
633 2623 828 2659 participamus
861 2626 1014 2662 fragrantia

269 2714 292 2730 "
304 2713 375 2742 Psal.
403 2714 537 2744 uvm,5.
588 2714 612 2731 "
634 2714 700 2743 ibid.
731 2717 775 2744 15.

269 2804 325 2839 (99)
346 2804 474 2840 ὐρῶμεν.

647 86 928 118 SUPPLEMENTUM
947 84 992 113 AD
1011 83 1174 113 ORIGENIS
1190 84 1394 113 EXEGETICA.

827 2718 849 2734 ³⁸
867 2717 876 2745 1
895 2717 957 2746 Cor.
977 2727 1007 2751 ιι,
1040 2719 1084 2746 i5.
1132 2716 1153 2732 ³⁷
1169 2715 1235 2743 ibid.
1267 2716 1310 2744 M.

238 2747 261 2764 ⁸ο
270 2749 352 2783 Apoc.
364 2757 384 2778 ι.
402 2750 428 2776 8.
467 2750 487 2765 ⁸¹
501 2749 595 2777 Matth.
613 2758 639 2784 ι,
656 2749 699 2778 28.
740 2752 841 2781 "Psal.
860 2761 913 2785 cxt,
931 2754 954 2781 1.
996 2747 1013 2770 ίε

1068 2752 1103 2781 al.
1119 2759 1214 2784 χχχιιι,
1227 2751 1270 2778 10.

1798 78 1866 107 L56

1040 144 1086 170 καὶ
1097 143 1223 178 θεωρίαν,
1243 143 1313 170 ὥστε
1336 143 1382 170 τὸν
1395 142 1472 178 παρὰ
1485 142 1570 169 ταῦτα
1592 141 1706 168 πλοῦτον
1731 146 1864 167 κατειρ-

1042 189 1130 216 θῦναι.
1145 190 1240 216 Λείπει
1250 189 1279 216 δὲ
1291 189 1329 224 τῷ
1341 188 1502 224 ἀνθρωπίνῳ
1516 188 1554 223 νῷ
1566 189 1582 223 ὴ
1603 187 1679 223 παρὰ
1692 185 1776 215 Θεοῦ
1802 193 1867 211 κυι-

1043 234 1180 269 6ἑρνησις,
1204 234 1236 269 ἣν
1250 233 1319 269 ἔχων
1340 234 1354 260 ὁ
1374 233 1482 269 νοήμων
1494 233 1540 259 καὶ
1567 232 1678 268 προσέτι
1703 230 1808 266 σοφὸς
1823 229 1863 256 οὗ

1043 280 1166 306 πείσεταί
1188 288 1216 306 τι
1232 279 1327 306 δεινόν.
1350 277 1379 306 Ὀ
1391 278 1509 311 τοιοῦτος
1534 279 1622 306 πλέων
1639 277 1866 314 ἐπιστημόνως

1044 327 1111 363 πρὸς
1120 326 1165 352 τὸν
1182 326 1257 358 Θεὸν,
1270 326 1316 352 ἐπὶ
1329 325 1375 352 τὸν
1388 325 1486 360 λιμένα
1498 325 1594 360 φθάσει
1616 325 1662 352 τοῦ
1677 325 1866 361 θελήματος

1044 372 1136 400 αὐτοῦ.
1156 373 1185 398 '0
1205 372 1233 399 δὲ
1251 371 1287 408 μὴ
1297 371 1415 403 τοιοῦτος
1432 371 1449 406 ἢ
1461 372 1525 407 περὶ
1541 371 1590 406 τὴν
1603 371 1694 397 πίστιν
1707 369 1864 404 ναυαγή-

1045 428 1098 450 σει,
1111 419 1127 454 ἦ
1140 418 1204 454 περὶ
1216 418 1264 454 τὴν
1280 417 1383 449 ἐλπίδα,
1401 417 1418 453 ἢ
1442 417 1507 452 περὶ
1527 417 1577 452 τὴν
1594 418 1715 452 ἀγάπην,
1738 416 1761 451 ἧ
1785 423 1866 442 τινα

1045 465 1098 492 τῶν
1113 464 1227 502 ἀρετῶν.
1252 464 1280 490 ’0
1303 464 1331 490 δὲ
1347 463 1411 500 περὶ
1424 463 1523 495 ταύτας
1540 463 1696 498 ναυαγήσας
1720 461 1867 492 εἰκὰτως

1047 510 1080 537 ἂν
1094 510 1178 544 λέγοι·
1200 508 1311 537 Ἦλθον
1332 511 1375 542 εὶς
1388 509 1423 536 τὰ
1435 509 1516 543 ,βάθη
1529 508 1584 543 τῆς
1597 509 1780 542 θαλάσσης,
1801 507 1863 534 καὶ

1047 556 1181 590 καταιτὶς
1193 553 1389 582 κατεπόντισέ
1399 563 1446 589 με.
1458 555 1513 581 Καὶ
1522 554 1563 580 δεῖ
1577 553 1665 588 λέγειν
1687 554 1744 580 ἀεί·
1787 553 1866 578 Ῥιν-

1048 602 1155 636 σθειην
1168 601 1202 628 ἐκ
1218 600 1276 627 τῶν
1290 601 1461 636 μισούντων
1470 608 1518 635 με,
1532 600 1581 626 καί
1595 599 1631 626 ὲκ
1645 599 1705 627 τῶν
1715 597 1867 632 ,βαθέωνε

989 666 995 677 ,
1048 645 1107 673 τῶν
1129 645 1254 673 ὑδάτων.

1361 692 1416 719 Τοῦ
1428 692 1531 720 αὐτοῦ.

1050 738 1126 773 Στίχ.
1139 741 1170 765 ε’.
1191 738 1217 764 '0
1235 737 1270 765 δὲ
1286 738 1416 773 νοήμων,
1434 739 1511 774 φησὶ,
1528 737 1712 772 κυϐέρνησιν
1729 736 1865 770 κτήσε-

1413 782 1470 801 tat.

1050 820 1123 856 Στίχ.
1150 823 1187 852 ς’.
1220 820 1333 853 Νοήσει
1358 818 1588 882 τελνὲαραϐολὴν
1607 818 1657 846 καὶ
1678 817 1865 845 σκοτεινὸν

1440 863 1503 882 νον.

1440 863 1503 889 γον.

1086 900 1276 935 Πνευματιχὰ
1307 898 1361 934 γὰρ
1389 898 1600 933 πνευματικοῖς
1633 898 1860 933 συγκρίνεται.

1055 947 1187 981 Ψυχικὸς
1201 946 1235 973 δὲ
1247 945 1401 980 ἄνθρωπος
1412 946 1448 972 οὐ
1463 944 1578 978 δέχεται
1593 944 1627 972 τὰ
1638 944 1691 971 τοῦ
1709 944 1863 978 πνεύμα-

1051 1001 1103 1026 τος
1119 992 1171 1019 τοῦ
1192 991 1279 1018 Θεοῦ·
1296 990 1390 1026 μωρία
1410 990 1465 1025 γὰρ
1482 990 1563 1023 αὐτῷ
1583 991 1679 1017 ἐστιν.
1697 991 1776 1017 Ὂσα
1797 989 1862 1025 γὰρ

1051 1037 1096 1064 διὰ
1107 1037 1268 1072 παραϐολῶν
1281 1036 1328 1063 καὶ
1343 1035 1488 1063 σκοτεινῶν
1498 1035 1584 1070 λόγων
1596 1036 1626 1062 τὸ
1640 1036 1717 1071 ἅγιον
1727 1035 1862 1070 Πνεῦμα

1052 1084 1096 1110 διὰ
1114 1083 1168 1110 τῶν
1180 1083 1327 1119 προφητῶν
1343 1083 1467 1118 ὲλάλησε,
1485 1082 1571 1110 ταῦτα
1587 1084 1643 1115 τοῖς
1659 1083 1795 1118 μετόχοις
1807 1081 1862 1108 καὶ

1053 1130 1191 1161 κοινωνοῖς
1207 1128 1255 1156 τοῦ
1273 1129 1352 1163 ἁγίου
1372 1129 1530 1165 Πνεύματος
1557 1128 1697 1163 εὔγνωστα
1717 1129 1838 1163 γίνεται
1850 1149 1859 1160 ,

1054 1175 1100 1201 ὑπ’
1117 1174 1197 1201 αὑτοῦ
1219 1175 1266 1201 τοῦ
1288 1175 1446 1210 Πνεύματος
1468 1175 1690 1210 ὲκδιδασκόμενα.
1720 1175 1860 1210 ’Δαφρὰ-

1054 1230 1146 1256 γιστος
1164 1221 1218 1258 γὰρ
1240 1222 1288 1248 καὶ
1306 1222 1489 1258 ἀκυϐέρνητος
1501 1221 1550 1254 τὰς
1565 1221 1639 1254 θείας
1654 1221 1771 1258 Γραφὰς
1788 1222 1857 1248 ἑπι-

1055 1266 1155 1301 γνῶναι
1167 1267 1197 1294 οὐ
1214 1267 1335 1294 δύναται.

1143 1313 1217 1348 Στίχ.
1235 1313 1266 1345 ζ’.
1287 1312 1377 1348 Ἀρχὴ
1393 1314 1513 1348 σοφίας,
1529 1313 1620 1348 φόϐος
1632 1313 1755 1347 Κυρίου.

1091 1359 1128 1385 Τὸ
1142 1359 1193 1394 τῆς
1207 1359 1294 1395 ἀρχῆς
1310 1360 1395 1395 ὄνομα
1409 1359 1484 1394 δηλοῖ
1497 1359 1544 1386 καὶ
1556 1360 1605 1394 τὴν
1621 1359 1789 1396 ἡγεμονίαν,
1815 1359 1858 1391 ὡς

1056 1405 1085 1431 ὲν
1096 1404 1149 1440 τῷ·
1170 1405 1250 1432 Μετὰ
1260 1405 1459 1439 δικαιοσύνης
1478 1405 1656 1441 ἐτοιμάζεται
1672 1406 1784 1440 θρόνος
1800 1406 1858 1439 ἁρ-

1059 1449 1116 1486 Ἀῆς
1129 1459 1135 1466 ·
1153 1451 1200 1478 καὶ
1218 1451 1269 1486 τήν
1287 1460 1360 1482 τινος
1377 1451 1549 1483 διδασκαλίας
1569 1451 1734 1486 εἰσαγωγήν.
1753 1451 1804 1483 Ὠς
1824 1451 1856 1476 ὲν

1054 1497 1102 1532 τῷν
1118 1496 1203 1532 Ἀρχὴ
1220 1496 1292 1524 ὀδοῦ
1303 1497 1426 1531 ἀγαθῆς,
1439 1497 1533 1524 ποιεῖν
1543 1498 1580 1523 τὰ
1593 1495 1702 1527 δίκαια,
1721 1497 1856 1523 τουτέστι

1059 1542 1093 1569 τὰ
1104 1542 1187 1578 ἠθικὰ
1203 1543 1385 1578 παιδεύματα.
1408 1543 1481 1570 Ὀδὺν
1496 1543 1524 1570 δὲ
1537 1542 1611 1577 λέγει
1622 1542 1728 1578 ἀγαθὴν
1739 1543 1792 1578 τὴν
1804 1542 1858 1569 ἐπὶ

1060 1590 1154 1624 σοφίαν
1167 1589 1284 1624 ἄγουσαν
1295 1589 1420 1625 θεωρίαν.
1435 1589 1517 1626 Ἀρχὴ
1529 1590 1575 1616 καὶ
1591 1589 1687 1625 ἠτινὺς
1703 1588 1856 1624 ὑπάρξεως

1060 1635 1143 1667 αίτία,
1162 1635 1200 1666 ὼς
1214 1636 1242 1662 ἐν
1258 1635 1312 1671 τῷ·
1332 1635 1402 1670 Ἐγώ
1413 1636 1471 1670 ειμι
1487 1636 1506 1670 ἡ
1523 1634 1600 1669 ἀρχὴ
1625 1634 1673 1661 καὶ
1692 1635 1725 1661 τό
1738 1635 1828 1667 τέλος
1845 1641 1854 1649 '

1061 1681 1131 1716 ἀρχὴ
1149 1681 1198 1716 μὲν
1206 1681 1244 1713 ὡς
1258 1680 1288 1707 τὸ
1303 1678 1372 1707 εἶναι
1386 1681 1482 1713 διδοὺς,
1500 1680 1576 1712 τέλος
1586 1680 1614 1706 δὲ
1630 1680 1667 1712 ὡς
1681 1679 1856 1710 τελειώσεως

1061 1724 1181 1759 ἀφορμή.
1201 1723 1258 1751 Νῦν
1274 1721 1320 1750 οὖν
1335 1724 1418 1760 ἀρχὴ,
1433 1725 1449 1760 ἡ
1473 1725 1621 1758 εἰσάγουσα
1634 1725 1673 1756 είς
1684 1724 1734 1759 τὴν
1752 1724 1854 1758 σοφίαν

1063 1767 1189 1803 μάθησις,
1203 1768 1274 1795 κατὰ
1284 1769 1328 1796 τὸν
1335 1769 1381 1795 τοῦ
1395 1769 1462 1796 Θεοῦ
1472 1769 1553 1804 φόϐον
1562 1769 1754 1805 συνισταμένη.
1766 1769 1855 1800 Φόϐος

1062 1813 1116 1850 γὰρ
1130 1814 1280 1850 παθητικδς
1297 1815 1345 1850 μὲν
1365 1815 1458 1842 δεινῶν
1484 1815 1642 1851 προσδοκία.
1663 1815 1854 1851 Ἐγγινόμενοι

1061 1859 1100 1895 τῷ
1120 1860 1194 1896 φόϐῳ
1214 1861 1350 1893 κολάσεως
1371 1861 1524 1888 ἐκκλίνουσι
1538 1861 1588 1898 τὴν
1612 1861 1721 1888 κακίαν.
1748 1860 1854 1888 Τοῦτον

1062 1905 1123 1932 οὐδὲ
1145 1904 1226 1940 φόϐον
1250 1905 1318 1932 Θεοῦ
1345 1905 1448 1942 κυρίως
1467 1906 1717 1941 προσαγορευτέον,
1748 1907 1773 1933 εί
1804 1905 1854 1932 καὶ⁵

1063 1950 1177 1977 ἅπτεται
1193 1949 1253 1977 τῶν
1270 1950 1461 1985 φοϐουμένων
1472 1950 1526 1977 τόν
1538 1950 1707 1985 δυνάμενον
1722 1950 1772 1978 καί
1793 1951 1855 1984 ψυ-

1063 1995 1123 2031 χὴν
1133 1995 1279 2030 καὶσῶμα
1292 1995 1439 2022 ἀπολέσαι
1452 1995 1487 2022 ἐν
1497 1995 1613 2031 γεέννῃ,
1631 1997 1679 2022 Ὃν
1692 1995 1821 2022 ἐκϐάλλει
1835 1997 1852 2031 ἡ

1063 2041 1153 2068 τελεία
1166 2041 1270 2077 ἀγάπη.
1277 2041 1344 2068 Θεοῦ
1355 2041 1384 2068 δὲ
1392 2041 1483 2076 φόϐος,
1497 2041 1623 2078 ἀληθὴςὴ
1634 2042 1704 2069 κατὰ
1713 2042 1854 2078 σεϐασμὸν

1064 2087 1201 2119 εὐλάϐεια,
1214 2086 1273 2114 καθ’
1286 2087 1315 2114 ὃν
1328 2087 1407 2114 θέλει
1419 2096 1460 2119 τις
1469 2087 1587 2123 σφόδρα
1597 2088 1631 2115 ὲν
1640 2088 1705 2122 ταῖς
1712 2088 1853 2122 ἐντολαῖς

1064 2133 1157 2160 αὐτοῦ
1175 2133 1249 2169 πόθῳ
1270 2134 1388 2169 γνησίῳ,
1406 2134 1446 2165 εἰς
1468 2133 1537 2170 ἔργα
1559 2135 1733 2170 μεταϐάλλων
1750 2135 1848 2168 αὐτὰς,

1066 2181 1112 2206 καὶ
1132 2180 1203 2216 ἀρχὴ
1229 2180 1324 2215 σοφίας
1345 2180 1413 2207 Θεοῦ
1440 2181 1581 2217 γινόμενος
1611 2182 1670 2208 κατ’
1685 2181 1852 2216 είσαγωγήν.

1065 2226 1253 2262 Πληρέστατον
1267 2227 1321 2263 γὰρ
1336 2227 1430 2254 τοῦτον
1443 2228 1568 2263 εὑρήσεις
1582 2229 1610 2255 ἐν
1622 2227 1661 2263 τῷ
1672 2227 1744 2254 κατὰ
1756 2228 1853 2262 σοφίαν

1065 2273 1264 2309 τετελεσμένῳ,
1286 2273 1347 2300 καθ’
1360 2273 1389 2300 ὃν
1405 2273 1512 2307 λέγεται
1523 2294 1530 2304 ,
1540 2273 1584 2309 μὴ
1605 2272 1681 2301 εἶναι
1698 2273 1853 2309 ὑστέρημα

1065 2318 1128 2352 τοῖς
1137 2319 1333 2354 φοϐουμένοις
1344 2320 1398 2346 τὸν
1411 2321 1493 2347 Θεόν.

1066 2442 1139 2478 Στίχ.
1155 2442 1186 2475 ζ’.
1205 2441 1349 2470 Εὐσέὸεια
1368 2441 1402 2469 δὲ
1420 2443 1464 2475 εὶς
1481 2441 1564 2474 Θεὸν,
1578 2441 1657 2476 ἀρχὴ
1672 2441 1851 2474 αἰσθήσεως.

1104 2489 1159 2524 Τῆς
1171 2488 1246 2520 θείας
1261 2488 1423 2524 αἰσθήσεως,
1437 2488 1488 2523 τῆς
1500 2487 1570 2514 κατὰ
1578 2488 1623 2514 τὸν
1631 2487 1685 2515 ἔσω
1699 2487 1851 2524 ἄνθρωπον,

1069 2534 1130 2563 καθ’
1143 2535 1176 2570 ἢν
1192 2535 1262 2562 ὁσῶν
1287 2535 1342 2570 (99)
1361 2535 1410 2570 μὲν
1433 2534 1464 2561 τὸ
1489 2534 1547 2569 φῶς
1574 2534 1604 2560 τὸ
1632 2533 1778 2569 ἀληθινὸν,
1808 2533 1851 2560 καὶ

1069 2581 1204 2617 ἀκούομεν
1218 2581 1273 2608 τῶν
1287 2580 1486 2617 κεκρυμμένων
1501 2580 1598 2614 λογίων
1607 2600 1614 2612 ,
1633 2580 1682 2607 καὶ
1697 2579 1852 2615 τρεφόμεθα

1067 2629 1112 2655 τὸν
1131 2629 1211 2664 ἄρτον
1232 2629 1282 2664 τῆς
1299 2629 1385 2665 ζωῆς,
1408 2626 1662 2663 ἀντιλαμϐανόμεθα
1681 2635 1711 2652 τε
1740 2625 1852 2657 εὐωδίας

1364 2717 1386 2733 ³⁸
1412 2716 1490 2744 Prov.
1519 2723 1577 2749 xvt,
1604 2714 1646 2742 12.
1696 2715 1719 2732 ³⁸
1742 2714 1809 2742 ibid.
1823 2712 1849 2742 5.
