1919 3074
244 134 315 170 ass'

693 142 972 172 SUPPLEMENTUM
987 143 1033 170 AD
1050 143 1212 173 ORIGENIS
1228 143 1435 174 EXEGETICA.

1827 150 1874 177 Ιϐῑ

248 200 338 229 sibilia
355 201 463 236 respicit
476 209 485 235 ;
501 201 599 234 oratio,
614 202 697 230 verba
714 208 741 230 et
751 203 930 240 cogitationes
942 213 949 238 ;
962 211 1035 232 mens

1089 204 1143 231 τῶν
1158 205 1288 240 ῥημάτων
1311 206 1358 232 καὶ
1369 205 1424 232 τῶν
1440 205 1592 241 νοημάτων
1606 207 1621 233 6
1639 206 1667 234 δὲ
1691 206 1764 240 νοῦς,
1778 208 1875 245 θεωρία

248 248 378 285 denique,
394 249 420 277 in
443 248 670 278 intellectualibus
687 251 770 278 rebus
783 255 916 280 versatur.

284 294 296 310 ³
309 294 386 322 Sicut
406 302 483 322 mens
499 302 547 330 per
561 303 657 323 sensus
669 295 702 323 ad
722 296 863 324 sensibilia
876 296 1035 330 intenditur,

249 340 285 368 ita
297 341 380 368 etiam
393 347 443 375 per
454 340 571 368 virtutes
584 340 777 369 intellectualis
789 342 926 370 observat.
934 343 1035 377 Quam-

248 387 342 414 obrem
365 393 459 414 sensus
484 393 592 422 quoque
608 386 750 415 continere
765 388 910 422 rationem,
927 389 1036 424 sapiens

248 432 375 461 Salomon
387 440 437 460 nos
449 433 538 461 docet.

280 476 292 491 ⁸
305 475 357 509 Qui
374 477 523 512 nequitiam
543 477 655 511 habent,
669 483 803 513 quatenus
819 478 934 516 improbi
959 485 1033 513 sunt,

246 521 409 556 sapientiam
423 528 604 558 aspernantur
619 533 625 551 :
640 529 667 551 et
682 525 746 560 quia
762 526 859 553 timore
873 532 977 559 carent,
988 527 1034 561 qui

247 574 345 595 sensus
356 568 465 596 initium
489 570 564 602 facit,
581 569 683 599 idcirco
696 571 762 599 l'atui
778 577 841 600 sunt
854 578 881 600 et
895 573 1035 608 sapientiae

246 619 458 650 contemptores.
476 615 548 649 Quid
578 616 615 642 ita
627 616 640 644 τ
651 617 713 652 quia
733 625 821 653 neque
837 622 931 653 agunt,
946 625 1035 653 neque

248 658 415 695 intelligunt.
431 660 562 696 Quisquis
576 661 649 689 enim
673 663 744 690 male
771 664 844 699 agit,
862 663 949 691 lucem
966 665 1033 692 odit.

247 705 343 742 Neque
356 715 403 735 eos
414 708 523 744 propria
539 713 635 736 natura
664 709 838 742 dehonestat,
851 710 897 737 sed
914 710 1034 745 ipsorum

247 752 368 782 inscitia.
383 752 576 782 Verumtamen
595 754 632 790 pii
649 754 774 783 homines
789 756 959 791 disciplinam
976 764 1035 784 am-

247 797 413 833 plectuntur,
430 803 459 826 ut
473 801 602 828 mundato
614 801 704 828 animo
719 802 855 837 excipiant
874 802 962 836 illam,
974 810 1034 838 quas
1050 803 1051 806 “

247 844 275 872 in
291 845 445 872 malivolam
472 845 590 874 animam
611 854 664 874 non
681 847 844 883 ingreditur,
859 849 1032 883 sapientiam.

247 889 343 923 Secus,
361 891 407 926 qui
422 891 469 919 Dei
489 893 586 922 timore
612 898 717 926 carent,
733 898 778 929 qut
805 901 904 923 sensus
925 895 1031 923 initium

247 938 323 971 iacit,
335 946 424 972 neque
436 940 598 975 sapientiam
620 949 708 976 neque
725 941 895 976 disciplinam
911 942 1032 977 sapiunt,

243 983 291 1012 sed
306 989 450 1021 utramque
465 992 647 1021 aspernantur
662 993 669 1016 :
683 987 755 1015 velut
766 987 804 1015 illi
816 988 862 1023 qui
880 987 963 1016 Vetus
980 989 1032 1016 Te-

243 1031 406 1056 stamentum
424 1036 477 1057 non
486 1029 646 1063 admittunt,
658 1035 686 1057 et
697 1030 852 1059 Creatorem
864 1032 1033 1060 crudelitatis

242 1072 414 1102 insimulant.

234 1141 240 1155 ,
278 1120 289 1136 '
304 1119 382 1148 Sicut
403 1125 496 1148 vertex
516 1125 546 1149 et
567 1121 666 1149 collum
690 1121 735 1149 hic
758 1122 868 1151 denotat
893 1128 1029 1157 mentem,

240 1167 277 1194 ita
293 1167 376 1194 etiam
402 1174 503 1194 corona
527 1171 555 1195 et
578 1172 690 1202 torques
714 1167 869 1203 signiﬁcant
893 1169 944 1197 hoc
971 1169 1030 1198 loco

239 1213 394 1241 scientiam.
408 1212 484 1241 Solet
497 1213 569 1240 enim
593 1213 710 1248 Spiritus
733 1218 849 1242 sanctus
865 1215 958 1243 multis
981 1223 1031 1243 no-

239 1259 358 1286 minibus
377 1258 522 1293 indigitare
545 1258 629 1286 Deum
648 1264 676 1286 et
699 1259 812 1295 angelos
826 1259 895 1295 ejus,
911 1264 1028 1288 mentem

238 1311 270 1331 ac
295 1304 432 1335 virtutem,
449 1304 590 1332 scientiam
605 1309 634 1332 et
652 1305 851 1340 insipientiam,
880 1307 1028 1339 malitiam,

239 1349 384 1384 ipsumque
398 1349 535 1377 diabolum
547 1357 609 1377 cum
623 1350 725 1385 angelis
736 1350 804 1385 ejus.
816 1351 894 1378 Haud
910 1358 974 1379 vero
989 1356 1029 1379 te-

238 1402 313 1422 mere
324 1395 432 1422 nomina
444 1396 570 1431 imponit.
585 1400 616 1423 ut
632 1396 741 1431 quidam
754 1397 982 1427 existimant;sed
994 1405 1027 1425 ea

238 1441 406 1469 diversarum
423 1443 610 1477 operationum
624 1447 688 1470 sunt
704 1443 803 1470 indicia
819 1451 827 1470 :
846 1444 901 1472 Deo
917 1444 1026 1479 quidem

236 1494 286 1522 per
299 1487 410 1521 angelos
434 1488 460 1515 iu
484 1488 562 1515 nobis
581 1492 731 1522 operante;
751 1493 778 1516 et
800 1489 878 1516 nobis
895 1489 921 1516 in
937 1497 970 1517 eo
987 1489 1027 1516 vi-

237 1532 338 1566 cissim,
350 1533 506 1568 pariterque
516 1533 624 1561 diabolo
639 1540 703 1569 erga
719 1541 768 1562 nos
781 1539 889 1570 agente.

271 1621 283 1638 '
295 1621 328 1650 ill
341 1627 405 1649 sunt
421 1622 639 1652 adversariorum
657 1624 827 1657 cohmredes,
843 1624 889 1659 qui
901 1625 1023 1652 eamdem

236 1673 297 1694 cum
308 1667 373 1702 ipsis
384 1668 548 1703 participant
560 1668 771 1704 improbitatem.
783 1669 931 1697 Commune
941 1676 1024 1704 porro

235 1717 288 1746 est,
306 1713 377 1747 quod
393 1721 445 1740 non
471 1718 513 1741 est
529 1715 610 1742 unius
636 1714 694 1743 Dei.
712 1715 905 1743 Animadverte
933 1720 1023 1744 autem

235 1759 408 1787 concordiam
424 1759 574 1795 improbam
587 1766 614 1789 et
627 1761 782 1790 exitiosam.

269 1806 279 1821 '
297 1806 365 1834 Rete
387 1810 427 1834 est
449 1812 551 1835 aeterna
569 1814 661 1845 poena,
678 1812 707 1836 et
721 1807 797 1836 varia
817 1809 923 1844 punitio
935 1816 995 1844 qua:
1008 1816 1021 1835 a

231 1851 304 1887 justo
318 1851 408 1886 judice
425 1852 539 1888 impuris
558 1854 701 1886 animabus
725 1854 884 1889 imponiturI
898 1859 929 1882 ut
953 1854 1023 1882 male

233 1903 305 1926 natat
323 1899 370 1926 alte
381 1899 538 1934 perdantur.
556 1899 616 1927 Jam
637 1907 702 1928 vero
715 1900 822 1934 pennati
838 1908 888 1928 nos
899 1900 1022 1927 homines

233 1942 358 1976 dicimur,
382 1944 445 1979 quia
463 1944 571 1972 volandi
599 1944 713 1977 viribus,
737 1944 870 1979 siquidem
897 1944 1021 1977 velimus,

232 1989 336 2025 praediti
353 1997 458 2017 sumus.

269 2035 280 2051 ⁸
294 2035 403 2061 Exitum
418 2042 491 2061 nunc
514 2035 633 2069 appellat
646 2034 833 2069 egredientem
848 2041 862 2061 a
879 2034 980 2062 malitia
995 2039 1022 2061 et

233 2078 387 2114 insipientia
403 2079 531 2105 animam.
551 2079 598 2105 Ille
614 2084 704 2106 autem
725 2083 767 2109 est
786 2078 902 2106 ﬁliorum
914 2079 1022 2107 lsraells

232 2127 332 2159 exitus,
345 2126 391 2160 qui
407 2126 437 2153 ﬁt
452 2131 515 2160 post
528 2126 648 2161 genesim
666 2134 700 2154 ex
718 2126 822 2167 judicio
843 2126 890 2154 Dei
910 2134 943 2154 ac
962 2134 1021 2154 ma-

233 2173 355 2207 gisterio.
369 2171 428 2199 1am
442 2171 527 2206 ipsam
538 2172 657 2199 animam
672 2172 738 2199 dicit
753 2172 872 2207 plateam
885 2180 892 2199 :
911 2181 921 2198 ι
935 2171 1020 2199 Dilata

1090 250 1146 276 τῶν
1161 250 1274 286 νοητῶν.

1123 297 1229 333 ’Ὠσπερ
1247 296 1291 324 διὰ
1313 296 1368 324 τῶν
1387 296 1539 333 αἰσθήσεων
1554 299 1569 325 6
1585 298 1647 331 νοῦς
1659 299 1802 328 ἐπιϐάλλει
1821 303 1872 334 τοῖς

1087 341 1235 378 αἰσθητοῖς,
1265 342 1335 370 οὕτω
1359 343 1407 370 καὶ
1422 343 1466 370 διὰ
1481 343 1536 370 τῶν
1556 344 1661 379 ἀρετῶν
1684 345 1829 372 ἐποπτεύει
1842 346 1872 373 τὰ

1087 388 1178 424 νοητά·
1195 388 1290 424 διόπερ
1306 389 1354 416 καὶ
1371 389 1524 425 αἰσθήσεως
1540 389 1620 416 αὑτὸν
1637 390 1713 425 λόγον
1729 390 1837 426 ἐπέχειν
1860 393 1872 419 6

1087 433 1168 468 σοφὸς
1180 433 1306 469 Σολομὼν
1317 435 1391 470 ἡμᾶς
1406 434 1536 463 διδάσκει.

1121 479 1153 505 Oi
1172 478 1306 514 κτώμενοι
1332 479 1443 512 κακίαν,
1466 479 1505 515 τῷ
1525 480 1605 507 κακοὶ
1625 477 1695 507 εἶναι
1709 481 1888 514 ὲξουδενοῦσι.

1071 539 1077 544 -
1087 525 1193 560 σοφίαν⁸
1206 525 1253 553 καὶ
1270 525 1308 562 μὴ
1324 525 1433 560 ἔχοντες
1448 526 1529 561 φόϐον
1539 526 1585 553 τδν
1600 526 1728 554 ποιοῦντα
1738 527 1823 563 ἀρχὴν
1834 529 1871 555 αι-

1086 571 1218 607 σθήσεως,
1234 571 1424 607 ἁναισθητοῦσι
1443 573 1490 600 καὶ
1503 572 1668 605 ὲξουδενοΰσι
1681 573 1787 608 σοφίαν·
1803 574 1870 607 πῶς

1085 615 1124 651 τῷ
1141 616 1178 652 μὴ
1194 617 1324 652 πράττειν
1342 617 1409 653 μηδὲ
1423 617 1552 653 μετιέναι·
1579 619 1633 650 πᾶς
1647 617 1701 653 γὰρ
1713 618 1772 645 6τὰ
1788 619 1870 654 φαῦλα

1085 661 1223 698 πράττων,
1247 664 1321 699 μισεῖ
1335 663 1365 690 τὸ
1392 663 1461 698 φῶς·
1479 663 1535 690 ἀλλ’
1552 664 1583 690 οὐ
1607 664 1681 700 παρὰ
1709 664 1760 700 τὴν
1775 665 1870 692 οἰκείαν

1085 707 1166 742 φύσιν
1181 708 1354 744 ἀτιμάζεται.
1376 709 1443 736 ἀλλά
1463 709 1538 745 παρά
1558 709 1607 745 τὴν
1629 709 1742 737 ἐκείνων
1754 710 1867 745 ἄγνοιαν

1085 753 1143 781 ἀλλ’
1156 755 1180 781 οῑ
1197 754 1318 787 εὐσεὸεἰς
1333 755 1473 791 αἱροῦνται
1488 755 1537 790 τὴν
1553 746 1687 789 παιδείαν,
1704 756 1750 782 ἵνα
1764 756 1812 792 τὴν
1824 757 1869 792 ψυ-

1085 799 1135 835 χὴν
1147 800 1339 836 καθαρθέντες,
1357 800 1528 833 εἰσδέξωνται
1539 800 1588 836 τὴν
1599 802 1639 834 εἰς
1652 801 1814 836 κακάτεχνον
1824 803 1868 837 ψυ-

1086 846 1137 882 χὴν
1150 845 1187 882 μὴ
1203 846 1455 883 εἰσιοῦσανσοφίανο
1464 846 1525 873 οίδὲ
1537 846 1574 882 μὴ
1591 846 1697 882 ἔχοντες
1709 847 1866 883 φόδονθεοΰ,

1084 893 1129 919 τὸν
1140 892 1267 919 ποιοῦντα
1279 892 1365 928 ἀρχὴν
1385 893 1547 928 αἰσθήσεως,
1563 893 1758 929 ἀναισὴτοῦσι
1780 894 1867 928 copia;

1082 939 1130 965 καὶ
1145 938 1279 971 παιδείας,
1294 939 1341 965 καὶ
1359 938 1544 971 ὲξουθενοῦσιν
1566 939 1709 975 ἀμφότερα
1722 939 1783 975 (1“)”
1799 939 1834 972 ὡς
1845 941 1866 967 οί

1081 984 1130 1019 τὴν
1137 983 1258 1011 Παλαιὰν
1268 984 1305 1019 μὴ
1312 979 1459 1020 δεχόμενοι,
1467 984 1514 1011 καὶ
1520 984 1566 1011 τὸν
1575 986 1612 1021 Δη
1617 985 1747 1022 μιουργδν
1755 985 1791 1018 ὼς
1799 986 1866 1021 ὠμὸν

1081 1030 1277 1063 διαϐάλλοντες.

1118 1120 1250 1156 Ὦσπερὴ
1263 1120 1368 1157 κορυφὴ
1383 1121 1430 1147 καὶ
1443 1119 1599 1157 ότράχηλος
1611 1120 1686 1156 δηλοῖ
1701 1119 1815 1147 ὲνταῦθα
1823 1119 1866 1147 τὸν

1080 1165 1152 1198 νοῦν,
1168 1165 1239 1193 οὕτω
1251 1166 1298 1193 γα).
1310 1167 1325 1193 6
1342 1167 1473 1202 στέφανος
1490 1168 1537 1194 καὶ
1552 1168 1566 1194 6
1580 1167 1668 1199 κλοιὸς
1689 1166 1805 1194 ἐνταῦθα
1819 1174 1860 1201 ση-

1082 1211 1172 1248 μαίνει
1195 1212 1245 1248 τὴν
1259 1212 1369 1247 γνῶσιν·
1387 1212 1456 1248 αὕτη
1473 1213 1528 1249 γὰρ
1544 1214 1561 1249 ἡ
1580 1207 1709 1249 συνήθεια
1723 1212 1771 1239 τοῦ
1785 1212 1862 1238 Πνεύ-

1082 1265 1165 1293 ματος
1180 1257 1228 1284 τοῦ
1242 1257 1332 1293 ἀγίου,
1351 1258 1459 1290 πολλοῖς
1473 1259 1602 1294 ὀνόμασιν
1614 1258 1741 1294 ὠνόμασε
1755 1257 1862 1285 τὸνθεόν

1079 1312 1109 1330 τε
1126 1303 1174 1330 καὶ
1195 1304 1259 1335 τοὺς
1281 1303 1415 1338 ἀγγέλους
1435 1304 1528 1337 αὑτοῦ,
1550 1304 1598 1331 καὶ
1612 1304 1657 1331 τὸν
1673 1303 1748 1337 νοῦν,
1764 1304 1809 1331 καὶ
1819 1304 1862 1339 τὴν

1079 1349 1189 1385 ἀρετὴν,
1205 1349 1252 1376 καὶ
1266 1349 1315 1385 τὴν
1328 1349 1440 1384 γνῶσιν,
1455 1349 1502 1377 καὶ
1522 1350 1572 1386 τὴν
1586 1350 1736 1384 ἀγνωσίαν,
1753 1350 1799 1377 καὶ
1819 1349 1862 1384 τὴν

1078 1395 1188 1428 κακίαν,
1214 1396 1261 1423 καὶ
1277 1396 1360 1423 αὐτὸν
1378 1395 1423 1423 τὸν
1443 1395 1565 1423 διάϐολον
1592 1396 1640 1423 καὶ
1655 1396 1720 1428 τοὺς
1739 1395 1861 1430 ἀγγέλους

1078 1439 1170 1467 αὐτοῦ·
1194 1440 1244 1476 οὐχ
1264 1440 1357 1473 ἁπλῶς
1377 1441 1406 1468 δὲ
1430 1441 1520 1477 τίθησι
1536 1440 1571 1468 τὰ
1590 1441 1722 1476 ὀνόματα,
1744 1440 1781 1472 ὡς
1797 1448 1861 1471 τινες

1077 1486 1188 1514 οἴονται·
1211 1487 1347 1522 διαφόρων
1363 1488 1508 1524 ἐνεργειῶν
1522 1487 1576 1514 εἰσὶ
1589 1487 1778 1523 γνωρίσματαο
1801 1485 1859 1513 Θεοῦ

1038 1553 1059 1581 C
1077 1532 1106 1559 δὲ
1118 1532 1163 1559 διὰ
1178 1533 1232 1559 τῶν
1248 1533 1372 1567 ἀγγέλων
1392 1534 1458 1568 ἡμῖν
1472 1532 1659 1569 ἐνεργοῦντος,
1673 1533 1722 1559 καὶ
1736 1532 1811 1568 ἡμῶν
1834 1532 1860 1558 ὲν

1075 1578 1160 1613 αὐτῷ,
1175 1578 1311 1614 δαιμόνων
1321 1587 1352 1605 τε
1366 1579 1435 1614 πρὸς
1452 1579 1536 1614 ἡμᾶς.

1111 1621 1192 1651 Οὗτοι
1205 1625 1418 1660 συγκληρονόμοι
1429 1626 1483 1652 τῶν
1491 1625 1684 1660 ἀντικειμένων
1693 1625 1772 1657 εἰσὶν,
1783 1624 1806 1651 οἱ
1814 1622 1858 1658 τῆς

1074 1671 1158 1707 αὐτῆς
1165 1671 1257 1703 αὐτοῖς
1267 1671 1365 1703 κακίας
1375 1672 1477 1707 μεταλα
1481 1671 1639 1707 μὸάνοντες·-
1649 1671 1740 1698 κοινὸν
1746 1671 1775 1698 δέ
1782 1672 1856 1700 ἐστιν,

1074 1717 1088 1744 δ
1103 1717 1140 1754 μὴ
1154 1718 1201 1744 τοῦ
1218 1717 1277 1750 ἑνός
1299 1719 1358 1745 ἐστι
1375 1718 1422 1745 τοῦ
1443 1718 1521 1745 Θεοῦ·
1550 1720 1601 1756 ὅρα
1623 1719 1652 1746 δὲ
1677 1718 1801 1754 ὁμόνοιαν
1816 1725 1858 1743 πο-
1897 1742 1900 1746 ι

1074 1762 1161 1798 νηρὰν
1172 1762 1219 1789 καὶ
1234 1762 1356 1798 δλεθρον.

1108 1808 1220 1835 Δίκτυόν
1237 1810 1295 1836 ἐστι
1315 1809 1425 1842 κόλασις
1446 1809 1564 1844 αἰώνιος,
1584 1810 1632 1837 καῖ¹
1650 1809 1811 1845 πολυαχιδὴς
1823 1816 1857 1834 τι·

1075 1855 1165 1891 μωρία
1192 1855 1268 1890 παρά
1296 1855 1343 1882 τοῦ
1367 1856 1470 1882 δικαίου
1501 1855 1595 1892 κριτοῦ
1618 1857 1680 1887 ταῖς
1703 1854 1856 1889 ἀκαθάρτοις

1073 1901 1266 1937 προσαγομένη
1281 1901 1380 1937 ψυχαῖς
1393 1902 1436 1928 ἐπ’
1449 1902 1572 1938 ἀπωλείᾳ
1585 1901 1639 1928 τῶν
1656 1901 1750 1933 κακῶς
1765 1898 1855 1933 ἐκφύν-

1072 1955 1127 1973 των
1141 1946 1259 1982 πτερῶψ
1276 1946 1404 1982 πτερωτά
1421 1947 1458 1979 δὲ,
1477 1948 1558 1983 ἡμεῖς
1572 1948 1596 1973 οἱ
1612 1946 1752 1982 ἄνθρωποι
1767 1945 1791 1971 oi
1815 1944 1855 1971 δύ-

1073 2000 1153 2027 ναμιν
1168 1991 1215 2018 ἐὰν
1230 1991 1351 2028 θέλωμεν
1370 1992 1477 2027 ἔχοντες
1489 1992 1536 2019 τοῦ
1548 1992 1715 2027 ἀναπτῆναι.

1109 2037 1217 2070 Ἔξοδον
1239 2037 1287 2064 νῦν
1310 2037 1437 2073 ὀνομάζει
1456 2038 1506 2073 τὴν
1533 2037 1693 2071 ἐξελθοῦσαν
1707 2037 1794 2072 ψυχὴν
1809 2034 1857 2062 ἀπδ

1072 2082 1171 2114 κακίας
1178 2082 1225 2109 καὶ¹
1237 2081 1384 2116 ἀγνωσίας·
1395 2083 1505 2119 τοιαύτη
1521 2083 1549 2109 δὲ
1563 2082 1651 2115 ἔξοδος
1665 2082 1720 2109 τῶν
1731 2081 1794 2108 υἱῶν
1812 2079 1856 2106 Ἰσ-

1073 2127 1151 2162 ραὴλ,
1173 2128 1190 2162 ἡ
1210 2128 1279 2162 μετὰ
1295 2127 1344 2163 τὴν
1359 2129 1391 2154 ὲκ
1411 2128 1463 2163 τῆς
1479 2127 1596 2164 κρίσεως
1610 2127 1657 2154 τοῦ
1678 2127 1746 2154 Θεοῦ
1761 2126 1806 2154 καὶ
1819 2125 1854 2151 διο

1071 2172 1220 2204 δασκαλιας
1235 2173 1343 2207 γένεσιν
1356 2175 1493 2208 γεγονυῖα·
1506 2174 1555 2210 τὴν
1573 2173 1657 2209 αὐτὴν
1671 2173 1699 2200 δὲ
1716 2172 1802 2208 ψυχὴν
1813 2169 1855 2197 καὶ

233 2218 316 2249 enim,
334 2217 422 2252 inquit
436 2217 589 2253 Scriptura,
602 2224 633 2244 os
648 2223 734 2251 tuum,
750 2222 775 2245 et
790 2218 906 2253 implebo
919 2217 992 2245 illud.
1008 2227 1017 2243 ι

1083 2219 1203 2246 τλατεταν
1217 2219 1308 2254 λέγει·
1322 2229 1330 2245 ι
1342 2220 1480 2247 Πλάτυνον
1492 2219 1557 2255 γὰρ,
1571 2220 1648 2255 φησι,
1660 2219 1691 2246 τὸ
1707 2219 1792 2254 στόμα
1801 2225 1854 2247 σουγ

236 2272 246 2288 ε
257 2263 289 2290 Et
296 2271 344 2291 vos
354 2271 461 2298 quoque
468 2263 630 2296 dilatamini,
641 2273 652 2289 ι
661 2263 699 2290 ait
707 2263 733 2290 in
745 2263 862 2294 secunda
874 2263 907 2290 ad
920 2263 1016 2292 Corin—

235 2309 305 2336 thios
320 2309 428 2337 Paulus.
446 2309 478 2336 Et
491 2311 524 2338 ab
537 2311 627 2338 anima
655 2310 775 2345 quidem,
795 2317 857 2344 quae
868 2310 905 2337 ita
920 2309 1017 2341 evasit,

233 2355 385 2382 celebratur
399 2357 542 2391 sapientia,
557 2361 584 2384 et
600 2357 627 2384 in
641 2361 713 2384 terra
734 2356 880 2383 virtutibus
897 2355 1017 2390 spatiosa

234 2401 400 2429 conﬁdenter
413 2401 494 2437 degit.
508 2402 636 2430 Summos
649 2407 739 2430 autem
754 2409 846 2429 muros
857 2402 922 2429 dicit
934 2402 1018 2437 ipsius

235 2454 366 2474 summam
384 2455 400 2474 a
421 2448 612 2482 cupiditatibus
637 2447 860 2483 tranquillitatem
873 2456 881 2475 :
896 2447 1018 2482 quando-

234 2493 342 2527 quidem
366 2494 413 2527 qui
439 2493 526 2528 legem
549 2493 683 2530 diligunt,
709 2501 815 2520 murum
832 2493 884 2520 sibi
901 2493 1018 2520 circum-

234 2537 473 2572 dant.Cujusmodi
488 2538 558 2565 muri
571 2539 658 2574 gratia
673 2543 798 2573 precatur
810 2538 893 2566 David
905 2539 1015 2566 dicens:

237 2585 437 2613 «Ediﬁeantur
445 2586 692 2613 murillierusalem
712 2594 719 2612 :
739 2595 749 2612 ι
764 2586 789 2613 id
803 2590 846 2613 est
856 2584 935 2619 hujus
951 2592 1017 2613 mea;

235 2630 330 2658 anima:
342 2632 470 2666 prostrati
491 2632 560 2659 muri
577 2636 686 2667 propter
697 2631 769 2660 Uria:
782 2632 928 2668 negotium.
945 2623 951 2629 ’

266 2719 277 2735 ⁹
292 2719 432 2754 Quomodo
444 2726 510 2756 ergo
523 2720 591 2748 dixit
602 2723 680 2747 antea
693 2719 821 2748 Salomon
840 2726 847 2745 :
865 2727 873 2744 ι
889 2717 939 2751 Qui
957 2725 1019 2753 per-

1070 2263 1116 2290 καὶ
1121 2263 1174 2299 πλη
1178 2263 1258 2299 ρὼσω
1265 2264 1338 2291 αὑτό·
1347 2265 1407 2291 »καὶ
1415 2273 1426 2291 t
1432 2263 1609 2300 πλατύνθητε,
1617 2263 1694 2299 φησι,
1704 2264 1751 2290 καὶ
1756 2263 1837 2298 ὑμεῖς,
1843 2270 1851 2285 ι

1070 2310 1100 2335 ὲν
1172 2309 1240 2345 πρὸς
1255 2310 1416 2346 Κορινθίους
1429 2311 1444 2337 ὁ
1465 2310 1580 2342 Παῦλος·
1608 2310 1656 2336 καὶ
1679 2309 1732 2336 ὑπὸ
1747 2309 1794 2344 μὲν
1809 2308 1852 2341 τῆς

1070 2354 1156 2386 οὕτως
1180 2355 1361 2391 ὲξερχομένης
1377 2355 1476 2391 ψυχῆς,
1501 2355 1625 2391 ὑμνεῖται
1642 2356 1658 2390 ὴ
1680 2354 1767 2389 σοφία·
1786 2353 1814 2379 ὲν
1828 2351 1852 2377 δὲ

1071 2402 1107 2436 γῇ
1127 2401 1317 2437 πλατυνομένῃ
1341 2401 1384 2428 διὰ
1400 2401 1455 2428 τῶν
1470 2401 1586 2437 ἀρετῶν,
1612 2400 1767 2436 παρρησίαν
1786 2398 1850 2432 ἄγει.

1073 2448 1182 2483 Ἀκρων
1191 2447 1219 2474 δὲ
1232 2447 1343 2483 τειχέων
1354 2448 1449 2483 αὐτῆς,
1465 2448 1513 2483 τὴν
1526 2447 1613 2484 ἄκραν
1633 2447 1766 2474 ἀπάθειαν
1775 2445 1850 2478 λέγει’

1071 2494 1148 2529 εἴπερ
1163 2494 1187 2519 οἱ
1204 2493 1365 2527 ἀγαπῶντες
1384 2493 1430 2519 τὸν
1447 2494 1538 2528 νόμον,
1560 2492 1778 2529 παραϐάλλουσιν
1796 2491 1851 2517 ἑαυ-

1069 2539 1125 2570 τοῖς
1141 2540 1238 2574 τεῖχος·
1252 2539 1321 2574 ὑπὲρ
1335 2536 1365 2566 οὗ
1378 2540 1485 2574 τείχους
1500 2538 1609 2574 εὔχεται
1625 2540 1672 2566 καὶ
1691 2540 1705 2565 ὁ
1728 2535 1851 2565 Δαυῒδλέ-

1070 2591 1134 2618 γων·
1150 2591 1160 2609 t
1171 2584 1378 2620 Οἰκοδομηθήτω
1386 2585 1420 2611 τὰ
1431 2585 1506 2620 τείχη
1519 2583 1708 2622 Ἰερουσαλὴμ,
1719 2593 1728 2609 ι
1738 2581 1848 2610 τουτέστι

1072 2629 1123 2664 τῆς
1138 2629 1244 2656 τοιᾶσδε
1265 2630 1354 2665 ψυχῆς
1370 2630 1405 2656 τὰ
1425 2630 1669 2663 καταπεπτωκότα,
1692 2628 1807 2665 δηλονότι
1821 2626 1850 2651 ἐκ

1071 2673 1121 2708 τῆς
1133 2674 1180 2700 τοῦ
1194 2674 1292 2710 οὐρίου
1306 2675 1477 2711 προφάσεως.

1107 2720 1168 2752 Πῶς
1177 2719 1223 2748 οὖν
1229 2721 1384 2757 ἔμπροσθέν
1397 2721 1499 2757 φησινὸ
1509 2720 1643 2756 Σολομῶνα
1655 2730 1665 2748 t
1677 2721 1706 2748 Ὀ
1713 2720 1742 2748 δὲ
1753 2715 1849 2753 ἐπιχαί-

267 2788 357 2817 ³ν.7.
396 2790 483 2817 ‘ibid.
521 2789 617 2818 'v.9.
655 2789 759 2817 mu.
798 2789 911 2817 ’v.l7.
945 2789 1035 2817 8v.2!

1097 2794 1107 2809 ι
1122 2797 1150 2816 v.
1169 2790 1215 2816 26.

267 2859 317 2894 (l‘)
338 2859 398 2887 ll;cc
416 2861 513 2895 partim
531 2867 689 2896 repetuntur
703 2869 735 2888 ex
752 2861 953 2896 superioribus;
972 2862 1018 2888 scil
1040 2865 1131 2888 tamen
1148 2861 1183 2888 ita
1197 2868 1225 2888 se
1242 2861 1321 2888 habet
1338 2861 1432 2889 codex.
