1919 3074
65 129 107 157 165
644 130 827 159 EXPOSITIO
840 130 874 158 IN
887 130 1095 160 PROVERBIA.

1637 135 1688 164 166

62 195 108 224 ρων
119 186 302 223 ἀπολλυμένῳ
315 188 370 214 οὒκ
384 187 592 223 ἀθωιιὴἠσεταις
612 197 621 214 ι
636 188 672 215 Ἦ
686 189 755 224 τάχα
767 189 851 220 οὓτως

907 194 985 217 ευιιιο
1012 190 1120 225 gaudet.
1145 196 1197 218 non
1222 190 1274 218 erit
1292 190 1444 220 innocens!
1461 201 1470 218 ι
1484 191 1531 219 Vel
1555 191 1635 227 igitur
1652 193 1689 221 ita

61 231 142 267 χαίρει
155 232 173 267 ἡ
189 232 284 266 σοφία,
297 232 338 265 ὡς
352 233 439 269 ἐχάρη
458 233 503 259 ἐπὶ
518 233 551 269 τῇ
568 233 691 270 ἀπωλείᾳ
706 234 848 261 Ματθαίου

60 278 102 305 τοῦ
114 277 243 312 τελώνου,
257 279 306 305 καὶ
320 279 368 306 ἐπὶ
380 280 428 306 τοῦ
443 280 541 317 λῃστοῦ
560 280 681 316 ἀπωλείᾳ
692 280 850 308 πιστεύσαν-

61 331 102 355 τος
113 322 151 358 τῷ
165 322 292 359 Χριστῷ;
304 323 353 350 τοῦ
367 325 416 360 μὲν
428 325 491 361 γὰρ,
500 325 545 352 τὸν
558 325 658 362 λῃστὴν
667 326 685 361 ἡ
702 325 793 361 σοφία·
802 325 849 353 τοῦ

60 368 97 401 δὲ,
116 369 161 395 τὸν
174 369 295 405 τελώνην
307 370 434 397 ἀπώλεσε
450 371 498 406 (2).

94 414 240 451 Πολωρκία
262 415 322 442 ἐστὶ
335 415 490 443 διδασκαλία
502 416 594 453 ἠθικὴ,
609 417 658 453 τὴν
670 417 763 448 κακῶς
776 417 850 444 οἰκο-

60 460 222 496 δομηθεῖσαν
244 460 335 498 ψυχὴν
352 463 576 499 καταστρέφουσα
598 463 645 493 ἐπὶ
663 464 696 499 τῇ
713 462 760 490 τοῦ
781 463 849 490 Θεοῦ

61 506 213 541 πολιορκίᾳ.

94 552 201 588 Ὠσπερ
212 552 247 579 τὰ
260 553 344 588 νήπια
359 553 460 588 μεταξὺ
474 553 584 580 δικαίων
599 553 646 581 καὶ
658 554 759 582 ἀδίκων
769 555 848 587 είσὶν,

60 596 128 623 οὕτω
143 597 192 624 καὶ
204 597 306 631 πάντες
320 599 344 625 οί
360 599 496 635 ἄνθρωποι
514 599 615 635 μεταξὺ
632 600 755 635 ἀγγέλων
763 609 792 627 τε
804 602 850 628 καὶ

60 642 194 678 δαιμόνων
226 644 290 676 εἰσὶ,
319 645 387 680 μήτε
415 645 542 681 δαίμονες
559 645 634 678 δντες
651 647 718 682 μήτε
740 647 850 682 ἄγγελοι

61 688 287 725 χρηματίζοντες,
300 690 381 727 μέχρι
393 691 444 726 τῆς
452 691 605 724 συντελείας
614 692 660 718 τοῦ
679 693 783 725 αἰῶνος·
797 693 852 728 ἡδί-

62 744 125 762 κουν
139 735 168 762 δὲ
194 736 320 772 νηπίους,
338 735 409 770 εἶπε,
437 738 501 774 περὶ
524 735 562 765 ὧν
585 739 702 774 Χριστὸς
724 739 786 775 ἔφη·
803 739 850 776 Μὴ

61 782 259 818 summa
272 783 322 810 ἕνα
337 783 391 810 τῶν
405 783 511 820 μικρῶν
527 783 641 811 τούτων.

901 235 999 269 gaudet
1012 235 1153 270 sapientia,
1168 241 1247 271 prout
1263 237 1297 265 de
1308 241 1438 272 pereunte
1454 238 1599 272 publicano
1618 237 1685 266 Mat-

902 283 972 310 thaao
987 282 1076 317 gavisa
1100 286 1151 315 est,
1169 289 1220 310 nec
1238 290 1291 310 non
1316 283 1350 311 de
1364 288 1495 318 pereunte
1517 283 1623 311 latrone
1641 284 1687 319 qui

900 327 1009 354 Christo
1025 326 1164 354 credidit?
1178 326 1258 354 Certe
1274 328 1316 354 hic
1328 327 1462 355 latronem
1478 328 1622 364 sapientia,
1633 329 1689 357 illic

903 380 966 400 vero
981 372 1152 407 publicanum
1169 373 1362 408 pessumdedit.

936 419 959 435 '°
974 419 1103 447 Obsessio
1118 423 1159 447 est
1179 419 1290 459 moralis
1308 419 1442 453 doctrina,
1458 428 1518 455 qute
1538 421 1609 449 male
1622 421 1686 449 adi-

901 466 1007 493 ﬁcatam
1022 466 1140 493 animam
1159 465 1284 501 subiungat
1295 465 1429 493 obsidenti
1443 466 1508 494 Deo.

936 556 956 572 “
974 555 1050 583 Sicut
1065 555 1184 583 infantes
1205 555 1287 583 medii
1300 559 1364 582 sunt
1385 555 1456 583 inter
1474 556 1560 590 justos
1575 561 1603 583 et
1616 555 1687 591 iniu-

900 605 967 634 stos,
979 601 1018 629 sic
1032 600 1112 628 etiam
1129 601 1218 628 cuncti
1236 600 1362 628 homines
1379 600 1461 628 medii
1479 601 1549 628 inter
1577 601 1687 636 angelos

900 647 1089 681 daemonesque
1113 650 1190 676 sunt,
1213 645 1274 679 quia
1296 653 1385 680 neque
1404 645 1492 681 angeli
1515 649 1577 673 sunt
1599 653 1687 681 neque

900 692 1036 720 dmmones
1062 696 1127 718 ante
1148 691 1238 718 szeculi
1256 690 1531 719 consummationem.
1556 690 1688 725 Iniuriam

900 742 989 766 autem
1004 737 1167 769 inferebant,
1183 737 1281 772 inquit,
1294 737 1425 772 parvulis,
1444 736 1479 764 de
1497 736 1596 772 quibus
1610 737 1688 765 Chri-

901 786 958 809 slus
973 780 1042 808 dixit
1059 789 1065 807 :
1079 779 1179 808 Cavete
1193 787 1226 807 ne
1237 788 1316 816 quem
1336 788 1369 808 ex
1384 780 1426 808 his
1438 781 1558 816 parvulis
1575 782 1689 810 scanda-

902 826 999 854 lizetis.
1036 828 1041 858 1

99 872 128 899 '0
153 872 264 908 ἀπαθὴς
286 871 417 908 ἡσυχάζει
427 872 535 907 ἀφόϐως
559 873 613 900 ἀπὸ
637 872 737 905 παντὸς
764 874 849 901 κακοῦ

938 873 960 888 η
976 870 1174 907 Cupiditatibus
1189 871 1271 898 homo
1283 870 1351 898 liber
1368 870 1467 898 nullam
1486 878 1596 906 pravam
1613 872 1688 907 cogi-

60 918 201 953 λογισμοῦ,
214 919 264 945 καὶ
277 919 335 953 μετ’
349 918 438 953 ὀλίγον
459 918 667 954 κατασκηνώσει
683 920 711 946 ὲν
725 920 758 955 τῇ
773 920 849 955 βασι-

61 963 118 999 λείᾳ
141 963 190 990 τοῦ
213 964 292 991 Θεοῦ·
314 964 352 996 ὡς
375 964 495 997 ἀκούσας
517 965 563 992 καὶ
578 965 698 997 φυλάξας
717 965 752 992 τὰ
763 974 848 1002 προσ-

62 1009 186 1046 τάγματα
197 1010 294 1043 αὺτοῦ,
311 1011 352 1037 ὅτι
362 1010 474 1046 ἢλπισεν
490 1011 534 1038 ἐπ’
545 1011 638 1038 αὐτόν.

814 1065 891 1094 CAP.

95 1113 188 1145 οὕτως
212 1113 332 1150 κρύπτει
348 1114 458 1150 ἐντολὴν
483 1114 530 1141 τοῦ
545 1114 612 1141 Θεοῦ
627 1115 641 1141 ὀ
655 1114 739 1141 ποιῶν
754 1113 849 1150 αὐτὴν,

61 1158 76 1193 ῆ
89 1160 103 1186 ὁ
118 1159 154 1195 μὴ
170 1159 218 1186 ἐπὶ
245 1159 384 1195 κενοδοξία
399 1159 493 1186 ποιῶψ
513 1159 574 1187 ὅθεν
586 1160 633 1187 καὶ
643 1161 668 1188 οἱ
682 1160 807 1195 δαίμονες
819 1161 852 1188 ὲκ

62 1204 104 1231 τοῦ
130 1203 168 1240 μὴ
185 1206 338 1241 συγχωρεῖν
362 1205 446 1241 αὐτὴν
459 1206 544 1233 ποιεῖν
561 1207 645 1242 ἡμᾶς,
661 1205 794 1243 ἁρπάζειν
808 1205 852 1232 λέ-

63 1259 163 1285 γονται.

93 1297 159 1324 Τότε
175 1297 304 1332 συνήσεις
315 1296 395 1329 πῶςὸ
408 1297 489 1332 φόϐος
501 1297 547 1324 τοῦ
554 1297 656 1334 Κυρίου
672 1298 742 1335 ἀρχὴ
757 1298 852 1334 σοφίας

62 1342 140 1375 ἐστὶν,
160 1343 209 1369 καὶ
225 1343 285 1375 πῶς
297 1343 345 1379 τῆς
359 1342 405 1369 τοῦ
419 1342 486 1370 Θεοῦ
496 1342 624 1378 γνώσεως
634 1343 738 1378 γίνεται
756 1345 852 1380 πρόξε-

62 1397 112 1420 νος,
133 1389 201 1415 ὅταν
218 1390 249 1415 ὲν
272 1389 362 1415 πίστει
386 1389 432 1416 καὶ
446 1389 521 1425 πόοῳ
541 1389 616 1425 αὐτῷ
630 1389 755 1426 ὑπάρχῃς
767 1398 852 1426 προσ-

61 1434 130 1470 δεής·
143 1434 325 1469 προῡπάρξαι
338 1434 366 1461 δὲ
382 1435 422 1461 δεῖ
437 1435 530 1469 σοφίαν
550 1435 596 1462 καὶ
613 1435 730 1467 σύνεσιν,
744 1436 811 1472 πρὸς
822 1436 852 1463 τὸ

60 1467 205 1514 δυνηθῆναι
236 1467 355 1506 συνεῖναι
380 1479 460 1514 φόϐον
474 1467 599 1516 -Κυρίοψ
627 1467 807 1517 προσάξωμεν
823 1482 852 1509 δὲ
866 1467 887 1496 c

59 1525 144 1552 ταῦτα
157 1527 217 1558 τοῖς
230 1525 280 1561 τὴν
301 1525 396 1560 σοφίαν
424 1525 470 1552 καὶ
481 1525 587 1553 σύνεσιν
607 1526 784 1559 ὲξουθενοῦσι·
801 1537 852 1555 κα-

60 1570 206 1605 ταφεύγειν
223 1571 253 1597 δὲ
267 1570 438 1607 βουλομένοις
457 1572 503 1598 ἐπὶ
517 1572 547 1598 τὸ
562 1572 702 1607 φοϐεῖσθαι
717 1572 762 1600 τὸν
776 1573 852 1606 Θεὸν,

58 1616 94 1649 ὡς
114 1617 162 1643 ἐπὶ
179 1617 294 1652 εὐχερὲς
305 1617 432 1652 πρᾶγμα.

92 1662 215 1699 Χριστοῦ
243 1663 298 1699 γὰρ
319 1663 356 1699 μὴ
374 1662 518 1699 ῥυομένου,
537 1662 574 1695 ὡς
587 1663 691 1699 ἀγαθὴν
707 1664 852 1700 ὁδεύσομεν

59 1709 107 1744 τὴν
121 1709 226 1745 κακήν·
246 1709 318 1743 ἆγιοι
335 1709 384 1744 μὲν
397 1709 450 1745 γὰρ
475 1709 564 1736 πάντα
587 1709 693 1744 λέγουσι
709 1712 802 1738 πιστά·
819 1711 854 1738 τὰ

59 1754 86 1780 δὲ
111 1754 154 1781 οῦ·
170 1755 186 1781 ὁ
197 1754 227 1781 δὲ
235 1754 359 1786 διάϐολος
376 1754 452 1781 οὐδὲν
465 1755 568 1787 πιστὸν,
587 1755 646 1782 ἀντὶ
660 1755 718 1787 τοῦ,
736 1756 854 1788 πίστεως

59 1799 144 1832 ἄξιον·
158 1800 247 1836 ἄνδρα
257 1800 312 1836 γὰρ
327 1800 376 1828 νῦν
388 1799 434 1826 τὸν
444 1799 566 1827 διάϐολον
577 1800 662 1834 λέγει,
678 1801 716 1833 ὡς
728 1802 756 1828 ὲν
763 1801 853 1836 Εὐαγ-

60 1846 173 1879 γελίοις-
184 1845 212 1872 εἰ
228 1854 260 1879 γε
275 1845 418 1881 ἄνθρωπος
433 1846 549 1882 πονηρὸς
567 1847 676 1883 ἔσπειρε
692 1847 726 1874 τὰ
737 1847 852 1880 ζιζάνια·

61 1892 178 1928 μεγίστη
194 1892 224 1919 δὲ
238 1892 276 1924 ὡς
291 1891 379 1919 ἔοικεν
397 1892 536 1928 ἐπιϐουλὴ,
552 1893 582 1920 τὸ
600 1895 756 1929 περιτυχεῖν
772 1894 852 1930 βουλῇ

61 1939 144 1972 κακῇ,
172 1937 222 1964 καὶ
243 1937 358 1973 ἀνδράσι
377 1937 473 1969 δολίοις
491 1938 539 1965 καὶ
560 1937 686 1971 ὑπούλοις
701 1938 748 1966 καὶ
771 1947 854 1975 πονη-

62 1992 128 2018 ροις.

94 2030 126 2057 El
137 2031 155 2066 ἡ
171 2029 238 2056 ποιὰ
249 2029 331 2065 βουλὴ
342 2030 556 2066 συντετριμμένη
570 2031 652 2066 ἤγουν
664 2031 852 2066 ἐσκοτωμένη,

59 2076 104 2103 νοῦ
123 2075 235 2112 κίνησίς
251 2076 335 2108 ἐστιν,
361 2075 419 2107 πῶς
444 2074 512 2112 αὕτη
530 2076 661 2103 ἀπέλιπεν
681 2076 853 2104 διδασκαλίαν

59 2123 202 2157 νεάτητοςς
220 2121 280 2153 πῶς
291 2121 319 2148 δὲ
335 2121 384 2148 καὶ
397 2121 471 2154 θείας
486 2121 632 2149 ἐπελάθετο
645 2122 789 2158 διαθήκης;
808 2122 853 2154 Ὠς
868 2139 890 2167 D

59 2168 112 2204 γὰρ
125 2168 193 2204 περὶ
205 2167 276 2200 ζώου
290 2167 411 2202 λογικοῦ,
425 2169 473 2203 τῆς
485 2169 572 2203 κακῆς
584 2168 680 2203 βουλῆς
688 2169 753 2204 ἡμῖν
764 2168 853 2195 διαλέ-

58 2223 147 2249 γεται.
162 2215 197 2241 Ἦ
209 2214 256 2241 νῦν
273 2213 370 2249 βουλὴν
384 2214 472 2249 κακὴν
490 2214 535 2241 τὸν
545 2214 667 2241 διάϐολον
678 2214 761 2249 λέγει·
775 2214 853 2247 οὗτος

58 2259 112 2295 γὰρ
122 2259 220 2290 κακῶς
231 2258 418 2289 ἐϐουλεύσατο,
430 2258 523 2284 εἰπών·
542 2268 551 2284 ι
563 2259 668 2285 Ἐπάνω
680 2259 733 2286 τῶν
746 2259 852 2295 ἄστρων

59 2305 135 2340 θήσω
148 2305 195 2331 τὸν
205 2304 300 2340 ορόνον
318 2313 378 2339 μου,
392 2305 438 2330 καὶ
449 2304 545 2340 ἔσομαι
556 2305 647 2340 ὅμοιος
659 2304 832 2340 τῴΎψίστῳ·
841 2314 850 2330 ι

60 2351 210 2378 ἐπελάθετο
224 2351 252 2377 δὲ
266 2351 315 2385 τῆς
332 2350 407 2382 θείας
419 2350 554 2385 γνώσεως,
571 2350 727 2377 καταλιπὼν
741 2350 789 2386 τὴν
815 2350 854 2376 δι-

59 2396 210 2423 δασκαλίαν
231 2396 282 2431 τῆς
299 2395 432 2430 νεότητος·
451 2396 511 2430 ἥτις
527 2395 621 2431 νεότης
642 2396 692 2431 τὴν
719 2395 854 2432 προτέραν

60 2442 144 2469 αὐτοῦ
158 2442 326 2469 κατάστασιν
343 2442 427 2476 δηλοῖ,
455 2441 515 2468 καθ’
530 2441 563 2477 ἣν
578 2442 624 2468 καὶ
639 2440 758 2476 ζηλωτὸς
769 2439 813 2476 ἦν·
828 2442 852 2468 εί

60 2488 173 2519 δὲνέους
189 2487 301 2514 δύναται
316 2487 464 2519 συνετίζειν
474 2486 538 2513 ἔνθα
555 2486 621 2513 πολὺ
631 2486 660 2513 τὸ
671 2487 805 2522 δυσήνιον,
815 2487 852 2523 μὴ

63 2534 214 2570 παρούσης·
226 2532 317 2568 πολλῷ
329 2533 430 2568 μᾶλλον
441 2533 579 2568 πρεσϐύτῃ
592 2532 738 2568 ὠφέλιμος.

97 2622 173 2649 Ὅσοι
201 2620 456 2657 καταλαμϐάνονται
475 2620 528 2647 ὑπὸ
552 2621 681 2648 ἐνιαυτῶν
704 2621 785 2657 ζωῆς,
808 2621 851 2648 διὰ

63 2667 114 2694 τῶν
129 2668 218 2704 ἔργων
233 2666 284 2702 τῆς
299 2664 449 2702 μελλούσης
459 2665 573 2698 ἀειζώου
586 2667 669 2702 ζωῆς,
684 2663 756 2693 οῦτοι
772 2673 853 2694 κατα-

99 2762 120 2778 ¹⁸
133 2763 214 2790 v.27.
255 2763 276 2778 “
296 2770 324 2791 v.
341 2762 388 2790 52.

903 917 1030 945 tationem
1046 915 1196 951 experitur,
1210 920 1237 943 et
1255 916 1337 950 paulo
1354 922 1414 951 post
1439 917 1465 944 in
1483 923 1566 952 regno
1579 917 1626 944 Dei
1642 918 1689 945 hac

902 963 999 992 bitabit
1015 971 1022 990 :
1038 962 1138 997 quippe
1152 962 1197 996 qui
1210 960 1336 989 mandata
1349 961 1409 997 ejus
1423 962 1611 995 custodiverit,
1625 963 1688 998 quia

902 1010 1021 1046 speravit
1032 1009 1058 1037 in
1072 1017 1145 1037 eum.

941 1114 963 1130 "
978 1113 1023 1141 Sic
1035 1113 1082 1140 Dei
1093 1117 1257 1147 praeceptum
1281 1113 1437 1144 abscondit.
1455 1113 1499 1148 qui
1513 1114 1578 1142 illud
1595 1115 1690 1143 obser-

903 1164 958 1191 vat,
973 1158 1015 1186 vel
1030 1159 1076 1193 qui
1092 1158 1163 1186 haud
1176 1159 1211 1186 ob
1219 1165 1315 1186 vanam
1329 1157 1443 1191 gloriam
1455 1159 1591 1188 observat.
1601 1160 1690 1194 Quare

903 1210 932 1234 et
945 1205 1092 1236 daemones,
1114 1205 1179 1232 dum
1196 1212 1245 1232 nos
1262 1211 1316 1232 non
1334 1205 1426 1232 sinunt
1446 1204 1510 1232 illud
1525 1205 1688 1240 observare,

904 1259 1000 1287 rapere
1020 1251 1157 1278 dicuntur.

941 1298 964 1314 “
983 1298 1060 1325 Tunc
1075 1297 1210 1331 intelliges
1223 1297 1357 1332 quomodo
1368 1297 1450 1324 timor
1460 1297 1567 1325 Domini
1583 1299 1689 1326 initium

903 1344 1042 1380 sapientia:
1059 1343 1105 1376 sit,
1123 1348 1151 1371 et
1174 1343 1309 1378 quomodo
1323 1343 1470 1378 agnitionis
1487 1343 1532 1372 Dei
1550 1345 1629 1372 dator
1643 1346 1690 1379 sit,

903 1390 1120 1426 quotiescunque
1143 1397 1204 1417 cum
1220 1389 1272 1416 ﬁde
1286 1394 1313 1416 et
1327 1389 1462 1417 desiderio
1488 1389 1536 1418 ﬁes
1552 1390 1610 1418 Deo
1625 1398 1690 1424 ειιρ⁴

904 1435 975 1470 plex.
991 1435 1044 1463 Sed
1066 1434 1171 1462 anteire
1193 1434 1273 1462 debet
1295 1435 1426 1470 sapientia
1449 1439 1477 1463 et
1502 1435 1690 1471 intelligentia,

904 1481 978 1515 prius
991 1487 1072 1515 quam
1091 1479 1198 1507 Domini
1219 1480 1343 1508 timorem
1359 1481 1589 1515 comprehendere
1603 1486 1692 1510 mente

903 1534 997 1561 queas.
1014 1526 1077 1554 Haec
1096 1526 1129 1554 iis
1144 1526 1314 1554 inculcamus
1329 1526 1374 1561 qui
1391 1527 1552 1561 sapientiam
1568 1533 1596 1555 et
1610 1528 1690 1556 intel-

902 1573 1040 1608 ligentiam
1064 1576 1260 1607 aspernantur;
1278 1576 1305 1600 et
1332 1576 1422 1600 tamen
1446 1574 1480 1600 ad
1505 1572 1550 1600 Dei
1565 1573 1690 1601 timorem

842 1628 854 1635 ἐ
903 1618 1033 1646 accedere
1047 1618 1150 1651 volunt,
1165 1622 1295 1653 tanquam
1311 1618 1344 1645 ad
1359 1618 1439 1646 facile
1452 1618 1601 1653 negotium.

939 1665 960 1680 ¹⁵
976 1663 1031 1690 Nisi
1048 1663 1172 1691 Christus
1187 1671 1237 1691 nos
1250 1663 1356 1695 liberet,
1376 1665 1446 1692 mala
1459 1665 1502 1692 via
1516 1664 1596 1698 quasi
1617 1663 1687 1691 bona

903 1716 1056 1744 pergamus.
1073 1709 1165 1736 Sancti
1187 1714 1262 1736 certe
1287 1709 1403 1737 ﬁdeliter
1430 1709 1521 1737 omnia
1538 1710 1644 1742 dicunt,
1662 1713 1691 1736 et

902 1762 964 1790 quae
976 1759 1040 1782 sunt
1060 1762 1150 1783 secus.
1167 1754 1295 1782 Diabolus
1305 1762 1370 1782 vero
1386 1755 1454 1782 nihil
1468 1755 1592 1787 ﬁdeliter,
1608 1755 1634 1783 id
1649 1761 1691 1784 est

904 1800 955 1828 ﬁde
970 1801 1090 1836 dignum.
1103 1800 1227 1835 Namque
1241 1800 1286 1828 hic
1302 1800 1438 1828 diabolum
1455 1801 1505 1828 viri
1521 1801 1630 1829 nomine
1643 1802 1692 1830 de-

905 1851 991 1880 notat,
1006 1851 1036 1874 ut
1050 1847 1077 1874 in
1087 1846 1250 1882 Evangeliis,
1273 1847 1406 1882 siquidem
1423 1847 1478 1875 illic
1500 1847 1586 1875 malus
1607 1848 1691 1876 homo

904 1893 1009 1920 zizania
1033 1893 1111 1920 sevit.
1128 1891 1306 1920 Maximarum
1332 1897 1406 1920 certe
1428 1893 1588 1920 insidiarum
1607 1894 1691 1922 instar

903 1942 955 1971 est,
972 1946 1033 1966 cum
1048 1937 1146 1973 aliquis
1161 1938 1188 1966 in
1203 1946 1316 1973 pravum
1331 1938 1471 1966 consilium
1493 1938 1599 1972 incidit,
1610 1943 1691 1976 atque

904 1984 930 2012 in
948 1984 1072 2012 homines
1087 1984 1205 2016 dolosos,
1221 1983 1343 2016 fallaces,
1360 1988 1387 2011 et
1401 1984 1549 2018 improbos.

941 2030 963 2045 ”
979 2028 1007 2057 Si
1029 2029 1190 2056 cuicuimodi
1205 2029 1350 2056 consilium
1364 2028 1523 2062 contritum,
1539 2029 1567 2057 id
1578 2034 1620 2057 est
1639 2030 1693 2058 ob-

904 2078 1053 2104 scuratum,
1077 2074 1174 2101 mentis
1194 2073 1340 2101 commotio
1362 2078 1420 2107 est,
1436 2082 1484 2102 cur
1499 2074 1690 2103 adolescentia:

905 2119 1075 2153 disciplinam
1088 2119 1225 2152 deseruit;
1241 2127 1290 2147 cur
1304 2119 1387 2147 divini
1407 2119 1518 2148 foederis
1533 2120 1615 2148 oblita
1628 2127 1669 2149 est
1679 2121 1692 2148 ἲ

905 2164 971 2192 Nam
989 2164 1071 2191 veluti
1089 2172 1150 2191 cum
1165 2164 1291 2192 rationali
1306 2164 1417 2192 animali
1434 2166 1468 2192 de
1479 2172 1561 2200 pravo
1578 2166 1690 2194 consilio

903 2210 1044 2237 nobiscum
1057 2210 1185 2244 loquitur.
1199 2209 1247 2237 Vel
1264 2217 1335 2237 nunc
1350 2209 1448 2237 malum
1465 2210 1608 2238 consilium
1624 2211 1691 2239 dicit

904 2255 1048 2282 diabolum.
1066 2255 1114 2282 llic
1131 2255 1202 2282 enim
1223 2255 1343 2289 improbe
1358 2262 1449 2282 secum
1465 2255 1690 2289 deliberavit,di-

904 2308 967 2329 cens
985 2308 992 2326 :
1012 2310 1021 2326 ι
1035 2300 1122 2336 Super
1137 2305 1209 2327 astra
1221 2308 1320 2335 ponam
1341 2300 1464 2328 thronum
1478 2309 1578 2335 meum,
1589 2309 1690 2337 eroque

904 2347 999 2374 similis
1008 2347 1156 2373 Altissimo.
1172 2355 1181 2371 ι
1193 2346 1246 2373 Sed
1259 2346 1358 2373 oblitus
1371 2351 1412 2374 est
1425 2347 1521 2374 divina:
1530 2347 1688 2382 agnitionis,

905 2392 1007 2426 abjecta
1024 2391 1214 2419 adolescentia:
1233 2391 1384 2427 disciplina.
1400 2392 1587 2420 Adolescentia
1597 2398 1688 2420 autent

904 2436 1066 2470 intelligitur
1085 2436 1158 2470 prior
1175 2435 1233 2470 ejus
1254 2441 1351 2468 status,
1372 2444 1426 2470 quo
1442 2436 1505 2463 felix
1523 2441 1592 2463 erat.
1610 2436 1688 2469 Quod

905 2483 927 2511 si
956 2483 1141 2510 adolescentes
1164 2482 1307 2517 disciplina
1331 2483 1440 2510 erudire
1462 2482 1605 2518 valet,qu:e
1623 2487 1690 2509 astas

905 2529 1008 2563 absque
1020 2528 1162 2563 disciplina
1176 2529 1253 2556 valde
1269 2533 1415 2556 contumax
1427 2532 1483 2562 est;
1497 2529 1590 2564 utique
1605 2527 1690 2556 multo

906 2574 959 2601 erit
976 2574 1068 2601 utilior
1081 2574 1183 2601 homini
1198 2574 1267 2601 seni.

941 2620 962 2636 "
983 2620 1141 2655 Quicunque
1158 2620 1398 2655 apprehenduntur
1412 2620 1445 2647 ab
1463 2619 1541 2647 annis
1555 2619 1627 2652 vitae,
1640 2625 1690 2654 per

905 2674 986 2701 opera
1002 2666 1098 2694 futura:
1111 2670 1220 2694 aeterna
1238 2665 1310 2698 vitaz,
1334 2665 1360 2693 hi
1384 2670 1472 2693 rectas
1486 2665 1599 2692 semitas
1615 2664 1690 2691 inve-

427 2761 449 2777 ”
461 2768 487 2788 v.
504 2760 550 2788 53.
591 2760 612 2776 ¹³
623 2769 649 2788 v.
672 2761 684 2788 Ι
738 2761 760 2776 ίδ
779 2767 804 2788 v.
823 2760 849 2788 5.

907 2761 910 2776 ¹
929 2768 954 2788 ν.
973 2761 1015 2788 12.
1055 2761 1078 2777 ¹⁶
1092 2769 1118 2789 v.
1133 2761 1178 2791 17,
1215 2760 1237 2776 ⁸⁷
1249 2761 1332 2788 ν.19.

99 2822 133 2857 (9)
152 2823 272 2851 Locutus
287 2824 321 2850 de
337 2822 422 2850 variis
442 2821 537 2857 σοφίας
552 2822 697 2858 generibus
724 2820 868 2858 Origenes,
885 2822 928 2851 hic
947 2823 1055 2858 quidem
1079 2829 1193 2858 pravam
1207 2822 1354 2857 serpentis,
1385 2829 1432 2849 seu
1456 2820 1567 2854 diaboli,
1582 2820 1691 2856 sapien-

73 2858 126 2885 tiam
138 2859 290 2894 indignam,
