1919 3074
217 161 267 189 187

214 218 291 245 nient
307 215 507 251 imperturbata:
521 213 672 248 quietmque
687 213 748 240 vitre
771 213 832 247 (Qui
845 215 934 246 secus)
952 212 1003 239 mi-
1019 215 1041 242 Α

215 263 363 292 sericordia
377 262 421 289 Dei
435 268 486 288 non
499 259 700 294 compelluntur
709 259 736 286 in
753 259 812 286 vias
825 264 914 285 rectas
925 263 1005 285 θειοτ-

215 317 257 337 naz
271 305 478 336 vitae—"Nam
495 303 853 339 sectatoresjustitimdiligit
868 303 1005 335 Dominus,

216 361 304 388 neque
316 360 362 379 eos
381 351 470 385 capiet
484 350 627 377 consilium
646 349 757 376 malum.
770 349 822 382 Qui
844 354 936 375 autem
950 356 1002 376 non

215 397 418 433 apprehendunt
430 401 519 423 rectas
532 396 595 423 vitae
609 395 678 428 vias,
697 402 749 421 non
767 399 959 422 convertentur
971 394 1003 422 ad

215 450 325 478 regnum
345 442 402 476 Dei,
421 442 484 478 quia
500 442 606 470 scilicet
623 441 730 468 diabolo
743 440 896 468 conﬁdunt.

965 586 1041 614 CAP.

252 633 274 650 "
289 633 336 661 Ille
350 633 520 661 obliviscitur
539 633 619 668 legis,
639 633 685 668 qui
707 632 830 668 legitime
842 640 894 660 non
910 633 978 661 vivit
993 641 1002 661 :

213 680 336 707 meminit
350 687 416 708 vero
439 679 516 714 legis,
536 680 580 715 qui
597 687 630 707 ex
645 680 703 714 ejus
715 687 809 707 norma
833 680 915 707 vitam
929 687 1002 707 com-

212 726 298 760 ponit.
310 724 358 752 Ille
373 725 436 752 item
453 725 535 752 verba
559 725 604 752 Dei
620 725 749 757 custodit,
762 725 806 760 qui
823 733 874 752 non
893 733 924 753 ea
940 730 1000 752 tau—

212 771 352 799 tummodo
367 771 536 806 exsequitur.
557 771 603 798 sed
624 776 652 798 et
670 771 730 799 aliis
747 771 816 799 idem
833 771 923 799 facere
937 779 1002 799 sua-

212 819 267 846 det.
282 818 305 845 ls
319 822 407 846 autem
426 819 506 845 verba
520 818 566 845 Dei
582 819 748 853 pessumdat,
764 819 809 853 qui
831 826 880 846 nec
894 819 952 854 ipse
966 827 999 846 ea
1015 830 1017 848 :

211 863 330 899 exsequi
344 863 409 895 vult,
425 868 453 891 et
477 863 546 891 alios
570 863 681 899 insuper
705 864 826 899 impedit.
848 863 905 891 Non
927 864 998 892 enim

211 910 348 938 auditores
367 909 435 945 legis
453 908 682 944 justiﬁeabuntur.

246 956 269 972 "
285 955 403 988 Sanitas,
425 963 507 989 quam
525 956 612 983 virtus
629 957 739 990 praebet,
767 956 869 985 medela
880 957 999 985 estrvitze

212 1007 265 1030 tute
287 1002 346 1030 :sic
371 1003 452 1029 etiam
481 1002 528 1029 Dei
548 1003 633 1037 gratia
650 1007 677 1030 et
700 1010 766 1030 cura
788 1003 1000 1038 cogitationibus

210 1048 264 1075 tuis
272 1048 437 1076 etconsiliis.
447 1048 514 1075 Cum
527 1049 623 1076 anima:
638 1049 721 1080 vires,
732 1049 758 1076 id
771 1053 812 1076 est
825 1049 949 1081 virtutes,
959 1049 999 1076 di-

209 1094 298 1121 vinam
310 1101 401 1121 curam
413 1094 515 1121 sortitae
524 1093 636 1126 fuerint,
644 1099 706 1120 tunc
716 1093 805 1120 omnia
817 1101 877 1121 ossa
887 1101 945 1121 mea
956 1093 998 1121 di-

209 1143 272 1167 cent
287 1147 294 1165 :
314 1149 323 1165 (
337 1139 458 1171 Domine,
471 1138 593 1171 Domine,
606 1139 666 1173 quis
675 1138 769 1166 similis
781 1143 821 1165 est
831 1139 898 1166 tibi?
909 1148 919 1164 ι
931 1138 997 1166 Nam

209 1183 301 1210 divino
315 1183 440 1218 praesidio
454 1183 608 1217 impetrato,
623 1183 788 1210 memorialis
807 1183 922 1211 facultas
939 1184 998 1210 aui-

209 1236 259 1255 ma:
270 1236 380 1263 prorsus
388 1228 458 1255 dicet
468 1237 475 1254 :
485 1227 601 1255 «Memor
608 1228 644 1255 fui
656 1228 711 1262 Dei,
721 1233 748 1256 et
756 1229 843 1256 lanata
858 1237 926 1256 sum.
935 1239 944 1255 ›
956 1230 997 1256 Si-

208 1275 311 1301 militer
319 1273 526 1308 contemplativa
537 1271 651 1302 facultas
660 1275 731 1302 dicet
744 1284 750 1302 :
766 1285 774 1300 ι
789 1275 995 1310 lntellexiopera

209 1324 263 1351 tua,
273 1324 299 1346 et
307 1319 442 1354 obstupui.
457 1329 465 1344 ι
475 1319 659 1348 Desiderativa
666 1327 743 1356 mque
752 1322 836 1350 (licet:
847 1332 856 1348 ι
873 1322 995 1354 Domine,

206 1371 298 1393 coram
317 1369 343 1391 te
358 1371 438 1391 omne
455 1365 618 1393 desiderium
639 1374 739 1394 meum.
753 1377 762 1392 ι
777 1369 896 1403 Denique
913 1369 996 1395 ratio-

208 1411 404 1440 nalisrlacultas
417 1414 503 1441 dicet:
519 1422 528 1438 ι
543 1412 666 1447 Cogitavi
681 1414 738 1441 dies
751 1415 886 1449 antiquos.
899 1424 908 1440 ›
923 1415 996 1442 Beli-

207 1465 267 1492 qua
283 1459 384 1493 pariter
404 1459 545 1486 facultates
562 1459 597 1485 ita
611 1466 639 1486 se
656 1464 761 1494 gerent.

242 1547 265 1563 ²¹
284 1546 430 1582 Sapientia:
442 1547 571 1575 studiosis
590 1547 656 1575 nihil
681 1548 820 1575 molestum
838 1549 902 1581 erit,
925 1548 995 1576 sicut

205 1595 288 1620 etiam
314 1593 340 1620 in
359 1594 479 1629 pecunia:
507 1592 811 1630 cupiditate'usnvenit.
833 1594 908 1621 Meus
927 1602 994 1629 pura

206 1640 368 1674 propinquat
382 1640 533 1674 sapientiae,
550 1641 613 1674 quia
629 1640 699 1676 quod
723 1642 822 1667 bomun
838 1646 881 1667 est
900 1640 990 1675 digno-

205 1684 266 1711 scit.
293 1684 485 1712 Verumtamen
508 1686 615 1720 impura
642 1693 717 1713 mens
747 1686 878 1721 sapientia
901 1685 994 1721 procul

205 1729 303 1757 aberit.

239 1777 264 1792 “
295 1776 351 1804 Hoc
378 1777 478 1812 lignum
518 1781 578 1811 post
611 1777 854 1813 transgressionem
883 1782 1003 1810 gustare

203 1823 323 1850 Adamus
339 1824 519 1857 prohibetur;
536 1824 635 1858 quippe
656 1824 719 1858 quia
737 1831 751 1850 a
765 1823 878 1857 iustitia:
896 1824 992 1851 fructi-

204 1871 253 1897 bus
265 1870 388 1897 nascitur
404 1870 485 1898 arbor
501 1871 576 1898 vitae.
597 1871 684 1898 Arbor
700 1878 765 1897 vero
778 1871 850 1902 vim,
861 1870 991 1905 sapientia

202 1915 250 1943 Dei
267 1921 318 1943 est.
337 1915 436 1943 Merito
449 1923 541 1944 autem
559 1921 671 1951 tangere
685 1916 787 1950 lignum
809 1915 863 1943 hoc
877 1916 990 1943 interdi-

202 1963 274 1989 citur
287 1961 381 1997 iniquo
394 1962 491 1990 cuivis.

236 2007 261 2023 ¹³
271 2007 342 2034 Deus
359 2008 493 2042 sapientia
506 2015 553 2034 sua
572 2010 672 2034 terram
688 2015 796 2042 quoque
811 2007 947 2040 fundavit,
964 2012 991 2036 et

202 2061 285 2081 sensu
307 2053 366 2086 ejus
381 2058 531 2087 eruperunt
550 2053 651 2087 abyssi,
672 2058 699 2080 et
721 2054 805 2080 nubes
821 2060 882 2080 rore
894 2061 989 2080 mana-

202 2104 274 2127 runt.
296 2098 381 2131 Quam
394 2105 458 2133 ergo
480 2098 524 2125 hic
544 2098 671 2125 Salomon
696 2103 799 2126 terram
823 2099 900 2132 dixit,
921 2100 990 2126 Pau-

201 2145 243 2172 lus
266 2145 436 2171 latitudinem
453 2144 619 2178 appellavit;
642 2150 669 2171 et
687 2145 731 2180 qui
750 2145 794 2172 hic
813 2145 873 2172 caeli
896 2146 990 2173 dicun-

203 2196 257 2224 tur,
273 2190 443 2218 altitudinem
456 2190 501 2218 ille
517 2194 596 2217 vocat
612 2190 762 2224 inEpistola
783 2191 817 2218 ad
836 2191 965 2225 Ephesios
979 2201 986 2223 ;
1005 2196 1027 2223 D

200 2241 228 2263 ct
241 2243 301 2271 qua:
316 2236 420 2270 tropice
436 2236 565 2264 dicuntur
588 2237 688 2272 abyssi,
709 2245 756 2264 eas
774 2237 986 2272 profunditatem

201 2282 266 2310 dicit
282 2293 289 2311 :
305 2282 435 2311 roriferas
449 2283 565 2318 denique
586 2283 681 2315 nubes,
702 2283 906 2318 longitudinem;
923 2283 986 2310 Hmc

199 2336 282 2364 porro
299 2329 389 2356 omnia
408 2329 583 2356 rationalium
600 2334 757 2356 naturarum
772 2329 894 2364 symbola
910 2334 982 2361 sunt,

199 2381 260 2408 quae
279 2379 376 2401 ornatu
391 2378 417 2401 et
432 2381 547 2409 corpore
561 2373 688 2402 dilIerunt
704 2375 852 2402 secundum
866 2375 983 2409 propriae

199 2420 402 2448 constitutionis
417 2421 580 2455 analogiam.
593 2419 724 2456 Cougruit
735 2420 874 2455 sapientia:
884 2428 982 2448 nomen

198 2466 281 2493 etiam
293 2465 338 2493 Dei
349 2466 426 2494 Filio.
441 2467 493 2493 Sed
506 2472 533 2493 et
546 2467 638 2493 anima
652 2465 748 2498 fidelis,
764 2470 834 2494 terra
844 2470 984 2493 estcentu-

197 2512 295 2547 plicem
311 2511 427 2539 fructum
443 2513 579 2540 reddens:
598 2520 658 2547 qua:
679 2512 786 2547 quidem
809 2519 842 2539 ex
869 2512 983 2546 pingue-

197 2558 270 2591 dine,
286 2558 364 2585 idest
377 2559 522 2593 sapientia,
545 2558 655 2592 sapiens
676 2560 721 2590 lit,
741 2558 795 2586 Deo
821 2558 983 2593 sapientiam

197 2611 277 2638 super
292 2611 322 2630 ea
339 2603 478 2631 fundante.
498 2603 573 2631 Facit
586 2605 658 2630 enim
671 2604 742 2631 hanc
754 2604 871 2631 animam
880 2603 983 2631 doctri-

196 2655 237 2674 me
252 2649 400 2681 cumulum,
419 2649 560 2683 sapientia:
574 2650 704 2681 cinnum;
726 2654 807 2684 atque
821 2657 853 2675 ex
866 2656 896 2675 ea
912 2655 983 2675 sem-

195 2699 242 2725 per
258 2694 426 2726 proliciente,
441 2693 540 2721 cmlum
556 2693 638 2720 elﬁcit
650 2713 658 2725 ,
680 2693 854 2727 purissimam
871 2697 981 2718 creatu-

196 2743 262 2770 ram,
279 2739 436 2773 angelorum
459 2744 541 2773 atque
565 2738 790 2766 intellectualium
817 2737 982 2764 substantia-

196 2790 253 2808 rum
269 2783 451 2812 habitaculum
464 2805 472 2818 ,
489 2785 647 2813 cxsisteutis
664 2786 712 2812 Dei
732 2792 812 2812 sensu
829 2783 979 2818 prreditam,

654 153 937 183 SUPPLEMENTUM
955 154 1000 180 AD
1016 152 1178 181 OlilGENlS
1195 151 1403 179 EXEGETICA.

1801 150 1855 178 168

1056 211 1224 246 λαμϐάνουσι
1240 206 1349 246 τρίϐους
1369 209 1476 241 εὐθείας
1493 209 1541 244 τῆς
1554 209 1690 245 ἀταράχου
1709 209 1757 235 καὶ
1776 208 1857 235 ἀδια-

1061 257 1157 285 στάτου
1177 256 1259 293 ζωῆς
1280 257 1310 282 οὖ
1326 255 1580 291 καταλαμϐάνονται
1594 255 1646 281 ὑπὸ
1663 254 1717 281 τῶν
1731 255 1855 290 οἰκτειρ-

1062 302 1119 337 μῶν
1133 301 1216 328 αὐτοῦ
1234 302 1273 332 είς
1289 300 1339 332 τὰς
1356 300 1465 336 τρίϐους
1479 300 1529 335 τῆς
1543 300 1649 329 εὐθείας
1664 300 1805 331 ἀειζωΐας.
1818 314 1856 320 --

1059 346 1211 378 Διώκοντας
1222 345 1273 381 γὰρ
1284 345 1457 380 δικαιοσύνην
1469 345 1563 380 ἀγαπᾷ
1575 344 1687 380 Κύριος,
1704 345 1752 371 καὶ
1768 344 1799 371 οὐ
1815 343 1854 379 μὴ

1057 391 1294 427 συγκαταλάϐηται
1308 391 1434 425 αὺτοὺςή
1449 391 1495 417 τοῦ
1511 390 1631 426 πονηροῦ
1648 390 1742 426 βουλή·
1760 390 1790 416 οὐ
1805 398 1855 416 κα-

1055 438 1257 474 ταλαμϐάνουσι
1283 438 1311 464 δὲ
1326 436 1435 473 τρίϐους
1449 430 1555 469 εὐθείας
1571 437 1653 472 ζωῆς·
1672 437 1732 463 οὐδὲ
1750 437 1788 472 μὴ
1802 437 1854 463 ἀν-

1059 483 1250 520 τιστρέψουσιν
1266 483 1306 515 εἱς
1318 483 1368 518 τὴν
1391 482 1527 518 βασιλείαν
1542 483 1588 510 τοῦ
1604 482 1683 515 Θεοῦ,
1699 483 1724 509 οἰ
1739 483 1777 518 τῷ
1792 483 1853 510 δια-

1062 530 1132 565 ϐόλῳ
1143 529 1314 561 πεποιθότες.

1058 587 1102 614 Ill.

1091 629 1176 666 Οὗτος
1187 633 1393 662 ἐπιλανθάνεται
1400 633 1447 661 τοῦ
1455 634 1549 669 νόμου,
1561 635 1575 660 6
1586 633 1622 670 μὴ
1630 633 1754 669 νομίμως
1762 632 1848 668 βιούς·

1055 677 1131 712 οὗτος
1146 680 1175 706 δὲ
1191 680 1325 716 μέμνηται
1345 679 1393 706 τοῦ
1416 680 1510 715 νόμου,
1526 681 1541 706 6
1557 679 1610 712 ζῶν
1624 680 1685 706 κατ’
1696 678 1788 706 αὐτόν·
1802 679 1851 705 καὶ

1054 724 1131 758 οὗτος
1146 728 1226 763 τηρεῖ
1241 726 1275 754 τὰ
1299 727 1409 763 ῥήματα
1423 726 1470 753 τοῦ
1488 726 1566 759 Θεοῦ,
1579 727 1594 752 ὁ
1613 726 1650 762 μὴ
1669 726 1748 762 μόνον
1762 725 1851 752 ποιῶν

1054 774 1135 805 αὐτὰ,
1163 773 1230 800 ἀλλὰ
1254 774 1301 799 καὶ
1326 773 1415 805 ἅλλοις
1434 773 1693 808 συμϐουλευόμενος.
1711 770 1796 804 Οὗτος
1819 771 1850 798 δὲ

1052 818 1198 845 ἀπόλλυσιν
1213 818 1293 850 αὐτὰ,
1310 819 1324 844 6
1337 817 1374 853 μὴ
1385 817 1545 853 βουλόμενος
1563 817 1693 853 πράττειν
1706 816 1786 850 αὐτὰ,
1800 815 1851 843 καὶ

1050 865 1162 901 ἑτέρους
1175 864 1296 891 κωλύων-
1318 864 1349 890 οὐ
1371 864 1425 899 γὰρ
1446 864 1471 890 οι
1494 864 1626 900 ἀκροαταὶ
1643 863 1691 890 τοῦ
1705 864 1786 899 νόμου
1812 863 1850 889 δμ

1050 911 1262 947 καιωθήσονται.

1086 961 1172 991 Ἴασις
1184 959 1257 985 ἐστὶν
1269 959 1286 993 ἡ
1303 957 1332 990 ἐξ
1342 957 1444 993 ἀρετῆς
1461 957 1551 992 ὑγίεια
1567 958 1600 993 τῇ
1619 956 1742 993 πολιτείᾳ
1753 965 1811 983 σου·
1828 957 1845 992 ἡ

1049 1005 1076 1032 δὲ
1092 1005 1139 1032 τοῦ
1155 1004 1221 1031 Θεοῦ
1245 1004 1325 1040 χάρις
1342 1003 1388 1030 καὶ
1409 1003 1554 1038 ἐπιμέλεια
1572 1003 1629 1034 τοῖς
1639 1002 1781 1038 λογισμοῖς
1797 1011 1845 1029 σου

1050 1052 1096 1079 καὶ
1108 1051 1295 1086 διανοήμασιν·
1311 1050 1376 1076 ὅταν
1392 1050 1421 1076 αἱ
1436 1049 1565 1084 δυνάμεις
1579 1048 1628 1084 τῆς
1640 1048 1738 1084 ψυχῆς,
1761 1048 1847 1084 ἠγουν

1049 1098 1076 1123 αί
1093 1097 1201 1132 ἀρεταὶ,
1223 1095 1381 1131 ἐπιμελείας
1400 1095 1512 1130 τύχωσι,
1529 1094 1559 1121 τὸ
1579 1094 1729 1130 τηνικαῦτα
1752 1093 1846 1130 ἐροῦσι

1051 1143 1136 1170 πάντα
1152 1143 1186 1169 τὰ
1196 1143 1262 1169 ὀστᾶ
1275 1150 1335 1178 μου·
1347 1151 1354 1168 l
1370 1141 1467 1177 Κύριε,
1480 1139 1576 1176 Κύριε,
1597 1141 1639 1172 τίς
1653 1139 1745 1176 ὅμοιός
1757 1148 1816 1171 σοι;
1831 1149 1844 1167 ι

1057 1189 1229 1225 Ἑπιμελεὶας
1240 1189 1294 1224 γὰρ
1300 1187 1419 1223 τυχοῦσα
1433 1188 1449 1222 ἡ
1460 1196 1511 1223 μνη
1516 1186 1662 1223 μονευτικὴ
1672 1187 1785 1222 δύναμις
1795 1186 1845 1222 τῆς

1046 1234 1144 1270 ψυχῆς.
1161 1234 1267 1266 πάντως
1287 1235 1347 1269 ἐρεῖ
1359 1233 1398 1260 τό·
1415 1243 1424 1259 ι
1436 1232 1589 1268 Ἐμνήσοην
1598 1232 1644 1259 τοῦ
1660 1232 1728 1259 Θεοῦ
1743 1232 1790 1259 καὶ
1798 1233 1844 1259 εῦ-

1048 1279 1179 1315 ςρράνθην.
1191 1290 1200 1306 ι
1209 1279 1325 1315 Ὁμοίως
1335 1279 1363 1305 δὲ
1375 1280 1420 1306 καὶ
1429 1278 1553 1314 ὴ¹όπτικὴ
1567 1278 1637 1310 λέξει
1646 1278 1685 1305 τό·
1695 1279 1845 1315 «Κατενόη-

1048 1323 1115 1351 σατὰ
1124 1324 1191 1359 ἔργα
1198 1332 1254 1357 σου,
1270 1325 1315 1350 καὶ
1331 1324 1452 1359 ἐξέστην.
1461 1333 1469 1349 ι
1480 1322 1615 1355 Ὡσαύτως
1623 1324 1649 1350 δὲ
1659 1324 1705 1351 καὶ
1716 1325 1733 1360 ἡ
1748 1324 1844 1351 ἐπιθυ-

1048 1371 1159 1406 μητική’
1171 1381 1179 1396 ι
1194 1369 1289 1406 Κύριε,
1306 1370 1426 1396 ἐναντίον
1443 1379 1489 1396 σου
1499 1370 1573 1396 πᾶσα
1587 1371 1604 1405 ἡ
1618 1370 1749 1405 ἐπιθυμία
1762 1379 1841 1406 μου-ι

1046 1417 1102 1452 ἐρετ
1118 1416 1200 1442 δὲκαὶ
1210 1415 1341 1451 ἡλογική·
1355 1415 1566 1452 ιΔιελογισάμην
1579 1415 1684 1452 ἡμέρας
1695 1417 1840 1452 ἀρχαίας.»

1046 1461 1124 1489 Κατὰ
1140 1461 1227 1488 ταῦτα
1252 1460 1420 1497 συμϐήσεται
1437 1462 1484 1488 καὶ
1496 1462 1542 1489 ὲπὶ
1566 1460 1619 1488 τῶν
1645 1460 1732 1489 ἄλλων
1759 1461 1842 1490 δυνά-

1050 1515 1134 1542 μεων.

1081 1553 1211 1580 Τουτέστι
1219 1554 1274 1584 τοῖς
1288 1551 1460 1588 βουλομένοις
1477 1553 1553 1579 οὐδὲν
1567 1553 1694 1580 δύσκολον
1709 1552 1778 1588 ἔχοι,
1792 1563 1841 1580 κα-

1047 1599 1136 1642 θάπερ
1149 1600 1165 1634 ὴ
1180 1599 1233 1626 τῶν
1245 1599 1392 1634 χρημάτων
1407 1598 1548 1634 ἐπιθυμία·
1558 1599 1619 1631 νοῦς
1634 1599 1753 1635 καθαρὸς
1768 1600 1841 1634 ἐγγί-

1046 1645 1085 1677 ζει
1097 1645 1187 1681 σοφίᾳ·
1202 1645 1295 1680 ἐπειδὴ
1311 1645 1341 1670 τὸ
1360 1641 1389 1671 εὖ
1402 1644 1540 1679 γινώσκει*
1555 1645 1569 1671 6
1579 1645 1607 1672 δὲ
1619 1644 1775 1681 ἀκάθαρτος
1791 1655 1839 1681 μα-

1045 1690 1147 1728 κρυνοή
1153 1699 1226 1718 σεται
1243 1692 1289 1718 ἀπ’
1297 1691 1391 1727 αὐτῆς.

1080 1777 1180 1804 Τοῦτον
1206 1777 1251 1804 τοῦ
1270 1777 1348 1811 ξύλου
1371 1777 1439 1813 μετὰ
1461 1777 1509 1814 τὴν
1533 1778 1689 1813 παράϐασιν
1707 1778 1721 1805 6
1751 1778 1839 1814 Ἀδὰμ

1045 1823 1262 1859 μεταλαμϐάνειν
1288 1823 1437 1851 κωλύεται·
1466 1825 1545 1860 εἰπερ
1573 1825 1626 1851 ἀπὸ
1654 1824 1770 1860 καρπῶν
1798 1825 1839 1851 δι-

1043 1870 1189 1905 καιοσύνης
1213 1870 1355 1904 φυτεύεται
1379 1870 1485 1906 δένδρον
1511 1871 1597 1906 ζωῆς·
1621 1871 1652 1896 τὸ
1677 1870 1705 1896 δὲ
1728 1870 1839 1906 δένδρον

1043 1915 1125 1951 ζωῆς,
1142 1916 1158 1950 ἠ
1182 1915 1228 1942 τοῦ
1250 1915 1316 1942 Θεοῦ
1336 1916 1416 1950 σοφία
1444 1915 1519 1942 ἐστί’
1538 1915 1653 1947 δικαίως
1668 1915 1696 1942 δὲ
1713 1915 1837 1951 ἅψασθαι

1042 1960 1194 1987 κεκώλυται
1206 1961 1300 1987 τούτου
1316 1961 1362 1987 τοῦ
1376 1961 1454 1993 ξύλου
1471 1961 1525 1992 πᾶς
1542 1961 1710 1997 παράνομος.

1082 2007 1111 2033 '0
1133 2007 1198 2039 Θεὸς
1223 2008 1255 2042 τῇ
1281 2008 1330 2042 μὲν
1355 2007 1436 2043 σοφία
1450 2007 1496 2034 καὶ
1510 2007 1559 2042 τὴν
1579 2008 1630 2043 γῆν
1652 2008 1834 2044 ὲθεμελίωσε·

1041 2053 1086 2079 διὰ
1103 2052 1130 2078 δὲ
1146 2053 1195 2088 τῆς
1211 2053 1362 2088 αἰσθήσεως
1381 2053 1462 2080 αὑτοῦ
1479 2053 1636 2089 ὲρῤάγησαν
1657 2053 1782 2084 ἄϐυσσοι,
1801 2054 1836 2080 τὰ

1039 2099 1067 2125 δὲ
1079 2099 1146 2134 νέφη
1161 2098 1298 2134 ἐρρύησαν
1311 2098 1437 2134 δρόσους’
1454 2099 1486 2135 ἣν
1501 2097 1547 2126 οὖν
1559 2099 1677 2126 ἐνταῦθα
1691 2100 1743 2134 γῆν
1761 2097 1834 2132 εἶπε,

1040 2144 1145 2176 Παῦλος
1163 2145 1176 2170 6
1193 2144 1270 2179 ἅγιος
1284 2144 1384 2176 πλάτος
1404 2145 1544 2180 ὠνόμασε·
1569 2145 1617 2172 καὶ
1633 2147 1696 2177 τοὺς
1715 2146 1836 2173 ἐνταῦθα

1039 2189 1171 2224 οὐρανοὺς
1185 2188 1358 2224 λεγομένους,
1375 2189 1441 2224 ὕψος
1461 2190 1563 2222 ἐκεῖνος
1574 2191 1601 2217 ἐν
1616 2191 1648 2226 τῇ
1663 2191 1732 2225 πρὸς
1751 2187 1835 2225 Ἐφε-

1038 2233 1112 2264 σίους
1127 2232 1220 2259 καλεῖ·
1233 2234 1280 2259 καὶ
1293 2233 1342 2265 τὰς
1356 2233 1505 2269 λεγομένας
1523 2234 1661 2269 τροπικῶς
1680 2234 1834 2268 ἀϐύσσους,

1036 2278 1163 2314 ὀνομάζει
1186 2279 1279 2314 βάθος·
1307 2279 1341 2306 τὰ
1367 2279 1558 2316 δεδροσωμένα
1576 2280 1654 2317 νέφη,
1678 2281 1767 2316 μῆκος
1785 2291 1836 2308 καο

1035 2326 1093 2352 λεῖ·
1110 2324 1197 2351 ταῦτα
1212 2325 1239 2351 δὲ
1256 2325 1344 2352 πάντα
1360 2326 1477 2360 λογικῶν
1495 2327 1553 2353 ἐστι
1571 2326 1678 2361 φύσεων
1693 2327 1832 2362 σύμϐολα,

1036 2371 1231 2406 διαιρουμένων
1255 2371 1367 2406 κόσμοις
1384 2372 1431 2399 καὶ
1455 2372 1561 2407 σώματι
1586 2373 1657 2399 κατὰ
1683 2373 1834 2407 ἀναλογίαν

1036 2417 1085 2453 τῆς
1107 2417 1314 2449 καταστάσεως”
1335 2418 1449 2454 ἁρμόζει
1470 2417 1549 2444 τοῦτο
1570 2418 1617 2445 καὶ
1638 2418 1685 2444 νῦν
1709 2418 1749 2454 τῷ
1772 2419 1833 2454 Υἱῷ

1036 2463 1083 2490 τοῦ
1104 2463 1187 2490 Θεοῦ·
1218 2463 1286 2490 ἀλλὰ
1317 2464 1364 2490 καὶ
1388 2464 1405 2498 ἡ
1434 2463 1506 2498 ψυχὴ
1530 2464 1547 2499 ἡ
1574 2463 1667 2499 πιστὴ,
1695 2464 1730 2500 γῆ
1754 2465 1833 2491 ἐστιν

1039 2509 1284 2546 ὲκατονταπλασίον
1314 2509 1539 2545 καρποφοροῦσα·
1572 2509 1640 2545 αὕτη
1664 2509 1692 2536 δὲ
1719 2511 1752 2536 ὲκ
1779 2512 1833 2546 τῆς

1038 2555 1173 2590 πιότητος,
1189 2555 1250 2590 ἣτις
1273 2555 1331 2581 ἐστὶ
1350 2555 1440 2589 σοφία,
1459 2556 1526 2590 σοφή
1539 2563 1546 2570 '
1570 2555 1758 2591 θεμελιοῦντος
1781 2558 1832 2583 αὺ-

1036 2601 1085 2636 τὴν
1115 2601 1157 2627 ἐπ’
1183 2601 1250 2636 αὐτῇ
1276 2599 1322 2626 τοῦ
1345 2600 1429 2627 Θεοῦ·
1456 2601 1562 2635 ὲδράζει
1583 2601 1638 2637 γὰρ
1667 2601 1753 2637 αὐτὴν
1777 2603 1830 2637 τὴν

1037 2646 1195 2682 συναγωγὴν
1221 2647 1271 2682 τῆς
1297 2646 1482 2679 διδασκαλίας,
1511 2647 1556 2673 καὶ
1584 2647 1664 2681 πῆξιν
1694 2647 1748 2674 ἀπὸ
1784 2656 1828 2674 σο-

1036 2692 1098 2727 φίας
1122 2692 1298 2727 ποιούμενος·
1327 2693 1374 2719 καὶ
1400 2693 1442 2719 ἀεὶ
1473 2693 1691 2728 προκοπτούσης,
1710 2693 1826 2728 οὐρανὸν

1035 2739 1231 2775 ἀπεργάζεται,
1250 2739 1441 2774 καθαρώτατον
1461 2739 1572 2774 κτίσμα,
1592 2739 1716 2774 ἀγγέλων
1733 2748 1762 2765 τε
1779 2740 1827 2766 καὶ

1035 2784 1088 2810 τῶν
1105 2783 1207 2823 νοερῶν
1221 2783 1319 2810 οὐσιῶν
1344 2784 1512 2819 οἰκητήριον,
1531 2783 1667 2810 λαϐοῦσαν
1684 2792 1712 2810 τε
1727 2784 1826 2820 αἴσθη-

231 2870 253 2886 ⁸⁸
265 2878 288 2897 v.
306 2873 346 2900 l9.
367 2874 387 2889 “
424 2882 450 2901 ν.
467 2876 490 2902 i.
530 2876 552 2890 ²⁰
569 2883 594 2902 v.
611 2875 637 2902 8.
678 2877 699 2891 ²¹
719 2883 744 2902 v.
770 2874 811 2902 15.
850 2875 872 2890 ¹¹
894 2881 919 2901 v.
947 2873 988 2902 18.

1069 2882 1094 2901 v.
1112 2862 1156 2902 l9.
