1919 3074
51 168 88 196 I69
629 165 810 194 EXI‘OSITIO
831 166 862 193 IN
883 165 1090 194 PROVEIIBIA.

1619 167 1668 194 I70

50 237 82 254 σιν
97 226 140 253 τοῦ
161 226 254 259 δντος,
278 228 328 255 καὶ
352 227 533 254 κατανοοῦσαν
559 226 608 262 τὴν
632 226 686 253 τῶν
706 227 833 262 πραγμά-

896 233 976 253 ’ρπιιιη
997 226 1099 253 intima:
1121 230 1222 254 natum
1248 226 1382 261 pet-itam,
1401 230 1428 254 et
1461 233 1597 254 variorum
1624 228 1669 255 Dei

51 282 94 298 των
113 271 271 307 ἀκρίϐειαν,
294 273 380 299 οἱονεὶ
402 272 432 298 τὸ
451 271 603 307 πολύμυθον
627 271 679 298 τῶν
700 271 746 299 τοῦ
767 271 833 298 θεοῦ

897 272 1056 299 udiciorum.

52 326 190 354 κριματων.

84 364 147 399 Πρὸς
163 363 255 399 μόνην
281 364 334 399 τὴν
357 364 454 399 σοφίαν
467 363 642 391 ἀδυνατοῦσιν
659 364 682 389 οἱ
697 363 833 398 δαίμονες,

54 410 184 444 λογισμοὺς
199 409 352 445 ἐμϐάλλειν
369 411 409 442 είς
424 409 472 445 τὴν
483 409 596 445 καρδίαν
609 409 654 435 τοῦ
674 408 835 444 σεσοφισμέ-

54 463 92 480 νου
107 454 141 489 μὴ
155 454 396 490 συγχωρούμενον
413 455 428 480 ὁ
447 454 500 490 γὰρ
521 454 582 485 νοῦς
603 454 658 485 τοῖς
673 454 724 488 τῆς
741 453 836 487 σοφίας

53 499 268 535 ἀντιποιούμενος
297 500 488 536 θεωρήμασιν,
523 499 697 530 ἀνεπίδεκτος
731 499 835 533 γίνεται

53 546 177 580 λογισμῶν
197 545 378 582 ἀκαθάρτων.
396 562 431 566 -
444 545 516 577 Νοῦς
535 545 654 581 καθαρὸς
675 544 778 579 ἐγγίζει
793 553 836 570 σος

53 591 102 626 φία,
123 591 220 626 ἐπειδὴ
243 591 275 618 τὸ
302 589 332 618 εὖ
354 591 500 626 γινώσκει’
522 592 536 617 ὁ
554 591 582 617 δὲ
607 589 760 626 ἀκάθαρτος
782 598 836 625 μα-

53 637 226 673 κρυνθήσεται
243 637 291 663 ἀπ’
307 637 401 672 αὐτῆς.

81 682 253 718 Πρόσκομμα
277 681 390 716 λογικῆς
415 680 521 716 φύσεώς
539 682 596 708 ἐστι
621 681 749 716 λογισμὸς
769 680 837 707 ἀκά-

51 727 152 762 θιρτος,
176 726 195 762 ἢ
218 727 322 760 γνῶσις
341 726 458 762 ψευδής’
474 728 488 753 ὁ
507 726 536 753 δὲ
551 728 584 762 τῇ
604 726 650 753 τοῦ
669 727 736 754 Θεοῦ
755 727 836 764 βουλῇ

49 772 337 809 περιστοιχειούμενος,
354 773 383 799 ὲν
396 772 502 804 τούτοις
516 772 547 799 οὐ
562 773 741 809 προσκόπτει.

62 818 146 845 ·οὖτε
170 818 280 852 ἔφοδος,
307 819 384 853 φησί,
406 819 533 854 πονηρῶν
558 819 695 855 λογισμῶν
725 818 836 854 φοϐήσει

47 864 87 891 τὴν
101 864 237 898 γεγονότα
260 864 351 899 σοφὸν,
375 863 436 891 οὔτε
459 863 570 896 ἀσεὸεῖς
593 864 692 896 ἔξωθεν
714 865 837 896 ἐπιόντες

47 909 89 944 τὴν
103 909 188 936 αὑτοῦ
212 909 410 945 καθαιρήσουσι
433 908 557 944 δύναμιν,
580 908 724 944 ἐρημῶσαι
747 907 835 935 θέλον-
853 901 872 928 Β

48 963 88 986 τες
99 954 155 981 τῶν
168 955 251 989 φύσει
268 954 358 981 καλῶν
368 963 375 970 ·
390 954 436 981 τὸν
456 954 510 990 γὰρ
526 954 662 981 ἀνάλωτον
679 954 767 986 οὐδεὶς
787 954 834 980 δυ-

46 1001 153 1035 νήσεται
166 1000 263 1027 λαϐεῖν
282 1008 288 1015 ·
308 1000 408 1032 καίτοι,
426 1000 452 1027 τί
475 999 523 1026 τοῦ
544 999 658 1031 ἀσεϐοῦς
676 999 836 1026 αὐθαδέστε-

49 1054 108 1081 ρονς
126 1046 208 1073 Ἀλλά
233 1046 280 1073 καὶ
301 1045 383 1072 αὑτοῦ
403 1054 469 1081 φησι
486 1044 534 1072 τοῦ
556 1044 725 1072 παντοδαποῦ
741 1045 835 1080 θηρίου

49 1091 229 1127 περιγενήσῃ,
248 1091 340 1126 πρᾶος
361 1090 398 1117 ὣν
425 1089 472 1117 καὶ
500 1089 634 1126 ἐπιεικὴς,
658 1088 704 1116 τοῦ
732 1089 835 1125 Κυρίου

48 1136 119 1168 δντος
133 1136 206 1171 μετά
225 1136 272 1162 σοῦ
283 1145 289 1151 ·
302 1135 425 1162 ἐντεῦθεν
440 1135 468 1162 δὲ
485 1135 666 1171 μανθάνομεν,
683 1135 721 1167 ὡς
732 1136 748 1170 ἡ
761 1135 836 1170 ἐλεη-

50 1181 149 1218 μοσύνη
167 1183 309 1218 περιαιρεῖ
325 1181 443 1217 φοϐερὰς
461 1181 621 1216 φαντασίας,
643 1181 750 1216 νύκτωρ
771 1181 836 1216 ἡμῖν

49 1229 262 1265 συμϐαινούσας,
278 1229 295 1264 ἢ
311 1228 357 1255 καὶ
367 1227 557 1264 θεωρητικῶς·
576 1227 606 1254 οὑ
624 1227 702 1263 μόνον
715 1227 753 1259 δὲ,
769 1227 836 1254 ἀλλά

49 1276 94 1302 καὶ
106 1275 161 1303 τῶν
178 1276 208 1302 ὲν
218 1277 252 1311 τῇ
267 1275 430 1310 μεταστάσει
449 1273 574 1309 πονηρῶν
594 1273 774 1309 κατηγοριῶν,
790 1274 836 1300 καὶ

48 1322 98 1349 τῶν
107 1323 135 1348 ἐν
148 1323 184 1358 τῇ
199 1321 292 1358 κρίσει
307 1321 460 1356 βλαπτικῶν
474 1321 610 1348 κολάσεων
626 1321 762 1356 περιαιρεῖ
773 1319 837 1352 τοὺς

47 1368 116 1394 οἶτω
130 1367 317 1403 φρονοῦντας⁸
332 1367 363 1393 τὸ
381 1367 446 1394 αὐτὸ
457 1367 485 1393 δὲ
502 1368 574 1393 ποιεῖ
590 1365 636 1393 καὶ
657 1366 778 1401 πραότας
788 1365 836 1392 καὶ

47 1413 193 1451 ἀοργησία,
212 1414 258 1440 καὶ
285 1413 476 1449 μακροθυμία,
505 1413 554 1439 καὶ
577 1413 627 1440 ὅσα
655 1412 758 1447 πέφυκε
784 1421 835 1438 κα-

47 1461 203 1488 ταστέλλειν
223 1460 270 1487 τὸν
292 1460 378 1496 θυμὸν
399 1461 609 1497 ταρασσόμενον·
633 1458 712 1493 εἴπερ
735 1460 767 1486 ἐκ
785 1458 836 1493 τῆς

48 1507 170 1544 ταραχῆς
188 1506 238 1534 τοῦ
261 1506 347 1543 θυμοῦ
367 1506 401 1533 τὰ
421 1505 522 1542 φοϐερὰ
545 1506 674 1542 φάσματα
694 1504 772 1532 εἴωθε
794 1504 837 1539 γί-

49 1555 150 1582 νεσθαι.

923 361 945 377 ’⁵
969 360 1116 394 Sapientia:
1148 360 1336 387 tantummodo
1362 361 1511 394 prtevalere
1531 368 1671 396 nequeunt

887 407 1036 438 dzcmones.
1054 407 1099 441 qui
1114 415 1210 440 praua:
1233 407 1413 441 cogitationes
1434 409 1460 434 in
1479 415 1526 435 cor
1542 409 1673 443 sapientis

888 461 940 480 non
955 453 1084 480 sinuntur
1106 453 1226 486 injicere.
1262 451 1328 479 Nam
1345 460 1420 480 mens
1443 454 1583 488 sapientiae
1606 463 1673 482 cutt-

888 498 1107 533 templationibus
1134 499 1255 530 intenta,
1283 498 1399 534 impuris
1416 500 1626 534 cogitationibus
1643 501 1673 530 lit

888 545 1043 579 impervia.—
1056 544 1145 572 -Meus
1155 551 1223 579 pura
1238 546 1439 580 appropinquat
1449 546 1599 581 sapientite,
1610 550 1672 583 quia

887 591 958 626 quod
976 596 1080 617 rectum
1098 595 1139 618 est
1155 591 1279 626 agnoscit
1296 598 1392 619 :secus
1402 599 1466 619 vero
1477 592 1582 628 impura
1597 601 1674 622 meus

887 643 902 663 a
919 636 1052 670 sapientia
1068 636 1149 671 longe
1165 635 1290 663 discedit.

921 682 945 698 “
961 681 1124 710 Scandaium
1139 681 1282 709 rationalis
1299 686 1404 710 natura
1418 687 1460 710 est
1473 683 1606 718 cogitatio
1621 684 1669 710 im-

887 735 968 762 pura,
990 727 1030 755 vel
1051 728 1119 755 falsa
1133 728 1263 763 cognitio.
1279 727 1330 761 Qui
1354 733 1446 756 autem
1469 729 1558 756 divina
1579 730 1675 757 volun-

888 780 945 802 tate
960 775 1185 801 circummunitus
1198 779 1253 807 est,
1271 774 1298 801 in
1312 779 1376 802 ante
1393 775 1462 802 dicta
1480 783 1532 803 non
1547 775 1672 803 incurrit.

923 820 943 835 "’
963 819 1055 854 Neque
1071 819 1202 852 incursio,
1217 820 1316 854 inquit.
1333 821 1465 847 malarum
1477 820 1672 855 cogitationum

888 865 1037 899 sapientem
1059 865 1250 896 terrei’acient;
1271 872 1358 900 neque
1390 866 1464 899 impii
1489 865 1612 893 exterius
1635 866 1672 893 ir-

889 916 1010 942 ruentes,
1024 910 1151 939 virtutem
1164 911 1224 945 ejus
1239 910 1400 946 infringent.
1413 911 1477 939 dum
1492 919 1554 939 eum
1568 917 1675 941 natura-

888 957 960 984 libus
987 956 1066 983 battis
1091 957 1210 991 spoliare
1235 956 1338 983 volunt.
1369 956 1490 992 Namque
1506 958 1670 993 inexpugna-

889 1002 970 1029 bilem
995 1001 1058 1036 quis
1080 1001 1239 1036 expugnet?
1276 1001 1436 1036 Quanquam
1470 1009 1563 1030 revera
1590 1003 1674 1038 impio

889 1046 998 1073 homine
1013 1046 1080 1073 nihil
1094 1051 1134 1073 cst
1147 1046 1290 1074 audacius.
1307 1046 1378 1080 Quin
1393 1047 1460 1074 adeo
1471 1047 1557 1081 ipsam
1566 1055 1674 1083 quoque

890 1093 1116 1120 itnmanissimam
1132 1091 1218 1120 feram
1234 1092 1387 1127 superabis,
1410 1093 1483 1120 mitis
1503 1093 1526 1120 si
1549 1093 1635 1121 fueris
1647 1101 1676 1121 et

889 1139 1039 1174 bcnigntts,
1062 1138 1117 1166 Deo
1133 1138 1191 1170 .tibi
1216 1137 1371 1166 assistente.
1402 1137 1472 1166 Hinc
1489 1139 1674 1174 intelligimus,

890 1186 925 1213 ab
946 1186 1121 1220 elecmosyna
1143 1184 1282 1219 exstingui
1297 1185 1383 1212 malas
1402 1185 1588 1220 cogitationes,
1615 1193 1676 1220 qua:

889 1235 970 1258 noctu
987 1230 1065 1257 nobis
1090 1230 1230 1263 eveniunt,
1254 1229 1297 1256 vel
1320 1236 1368 1264 per
1383 1229 1565 1264 phantasiam.
1585 1229 1675 1264 Neque

890 1277 916 1304 id
932 1276 1141 1309 tantummodo;
1155 1276 1202 1303 sed
1221 1284 1235 1303 a
1248 1275 1326 1303 malis
1343 1275 1370 1303 in
1384 1276 1447 1304 vita;
1464 1275 1579 1303 transitu
1594 1283 1675 1304 accu-

889 1322 1042 1350 sationibus
1053 1342 1062 1355 ,
1075 1326 1104 1349 et.
1119 1329 1135 1349 a
1153 1321 1276 1349 molestis
1291 1320 1385 1356 iudicii
1406 1322 1497 1356 ρωιιίε
1514 1321 1611 1350 liberat
1629 1330 1676 1350 eos

889 1368 935 1403 qui
963 1368 1014 1395 hac
1035 1372 1129 1395 monte
1145 1372 1219 1395 sunt.
1243 1367 1316 1394 Idem
1333 1371 1464 1402 prastant
1486 1369 1674 1396 mansuetudo.

890 1414 996 1447 lenitas.
1017 1414 1159 1448 patientia,
1177 1418 1203 1441 et
1216 1420 1385 1448 quaecunque
1402 1413 1435 1439 ad
1450 1413 1618 1440 cohibendas
1629 1414 1676 1440 irae

890 1460 1087 1490 commotiones
1105 1464 1250 1495 spectant:
1268 1459 1402 1494 siquidem
1414 1467 1447 1486 ex
1465 1459 1514 1486 irae
1532 1461 1675 1494 perturba-

891 1507 964 1535 tione
977 1506 1114 1535 terribiles
1130 1506 1280 1541 pltantasiae
1295 1506 1353 1533 ﬁeri
1367 1505 1466 1533 solent.

81 1579 218 1636 ίλύ-μόνον
233 1599 286 1627 τῶν
300 1598 438 1634 ἐδωδίμων
461 1598 498 1634 μὴ
515 1597 621 1634 ἀπόσχῃ
638 1594 667 1624 εὖ
685 1597 772 1623 ποιεῖν
794 1597 834 1623 ὲν-

923 1595 946 1611 ¹⁸
953 1595 1012 1623 Non
1020 1593 1156 1622 alimoniat
1167 1593 1353 1623 tantummodo
1365 1592 1457 1628 largus
1464 1598 1523 1620 esto
1534 1593 1674 1629 indigenti.

48 1647 103 1682 δεῆ.
122 1647 194 1674 ἀλλά
225 1646 272 1673 καὶ
290 1644 416 1680 γνώσεως
438 1644 505 1671 Θεοῦ
522 1644 570 1671 καὶ⁸
587 1643 682 1679 σοφίας
701 1643 747 1670 καὶ
763 1643 837 1669 ἐντο-

50 1693 114 1720 λῶν*
138 1693 187 1719 καὶ
211 1693 267 1719 πᾶν
292 1691 382 1718 ὰτιοῦν
407 1690 466 1726 Θεῷ
487 1690 563 1724 φίλον
593 1690 641 1716 καὶ
665 1690 734 1724 πρὸς
754 1689 836 1716 αὐτὸν

49 1739 174 1770 οἰκειοῦν,
189 1739 227 1774 μὴ
243 1737 352 1773 ἀπόσχῃ
364 1735 393 1764 εὗ
412 1738 497 1763 ποιεῖν
508 1736 548 1772 τῷ
562 1736 709 1772 ἐνδεομένῳ
725 1744 781 1762 σου.

81 1827 156 1860 Αὕτη
173 1827 190 1862 ἡ
205 1825 275 1862 πρὸς
285 1825 332 1852 τὸν
347 1825 461 1860 πλησίον
475 1824 559 1860 ἔχθρα
572 1823 757 1860 ἀπεργάζεται
777 1831 838 1850 τινα

50 1872 140 1904 κακὸν,
158 1871 190 1898 οὗ
208 1872 288 1907 μόνον
305 1871 470 1907 σωματικὸν,
483 1870 551 1897 ἀλλὰ
566 1870 613 1896 καὶ
623 1869 748 1904 ψυχικόν.
805 1887 808 1889 λ

82 1918 198 1951 Ἀγνοια
209 1916 313 1951 Κυρίου
331 1917 362 1943 ὲν
380 1916 464 1948 οῐκοις
483 1915 599 1947 ἁσεὸῶν,
611 1914 712 1949 γνῶσις
729 1913 758 1939 δέ
770 1912 838 1939 Θεοῦ

49 1964 77 1990 ἐν
91 1963 193 1998 ψυχαῖς
212 1961 340 1989 δικαίων·
366 1961 493 1993 ἐπαύλεις
514 1961 626 1987 δικαίων
654 1958 837 1993 εὐλογοῦνται,

49 2010 108 2035 ἇταν
126 2010 142 2036 ὁ
164 2008 286 2045 Χριστὸς
305 2008 430 2044 ἀπονέμῃ
446 2008 480 2034 τὰ
494 2007 564 2042 γέρα
587 2006 695 2041 ἑκάστῳ
716 2004 787 2032 κατὰ
805 2004 840 2030 τὰ

49 2054 115 2088 ἔργα
127 2053 237 2081 αὒτῶν-
253 2054 314 2085 τοῖς
325 2052 435 2080 ἀσεϐέσι
449 2053 478 2079 δὲ
494 2051 617 2087 κατάραν
634 2051 682 2078 καὶ
697 2050 748 2077 οὐκ
763 2049 839 2077 εὐλο-

49 2100 119 2133 γίαν.

85 2146 119 2172 Ἦ
141 2145 218 2182 ἂκρα
237 2145 324 2172 κακία
341 2143 389 2171 καὶ
410 2144 451 2176 εἰς
475 2143 550 2175 τέλος
575 2142 732 2178 ἐπηρμένη,
753 2141 839 2177 ὑπερ-

47 2190 149 2225 ητανία
170 2189 311 2217 καλεῖται·
334 2188 525 2216 ἀντιτάσσεται
544 2188 573 2214 δὲ
588 2187 689 2222 Κύριος
711 2187 766 2217 τοῖς
790 2185 839 2221 μὲν

888 1649 982 1670 verum
995 1641 1075 1668 etiam
1088 1640 1191 1668 notitiae
1204 1639 1252 1666 Dei
1267 1639 1462 1674 sapietttitrque
1477 1639 1536 1674 ejus
1557 1644 1584 1666 et
1603 1647 1674 1674 pra--

888 1693 1038 1723 ceptorutn.
1059 1687 1094 1714 Et
1110 1685 1244 1721 quidquid
1261 1685 1316 1713 Deo
1330 1689 1436 1720 gratum
1453 1691 1505 1717 est,
1527 1686 1606 1720 eique
1625 1693 1675 1712 nos

888 1735 1119 1769 appropinquans,
1142 1739 1178 1760 ne
1199 1731 1319 1760 tribuere
1333 1732 1436 1759 ahnuas
1449 1732 1474 1758 ei
1499 1732 1546 1766 qui
1565 1739 1617 1766 ope
1628 1737 1675 1760 tua

889 1780 1001 1815 indiget.

924 1827 948 1842 "
961 1825 1023 1853 Ilaec
1037 1825 1169 1852 adversus
1192 1823 1347 1857 proximum
1362 1822 1503 1852 inimicitia
1520 1822 1589 1850 male
1611 1823 1676 1850 facit

891 1871 1008 1899 hominis
1020 1877 1074 1898 non
1088 1869 1196 1904 corpori
1216 1873 1334 1900 tantum,
1347 1868 1394 1895 sed
1408 1867 1490 1895 etiam
1508 1869 1615 1896 animae.

925 1917 948 1934 “
963 1916 1117 1952 Ignorantia
1131 1915 1178 1949 Dei
1192 1915 1219 1942 in
1233 1913 1359 1942 domibus
1373 1914 1515 1948 impiorum
1527 1923 1536 1948 ;
1553 1915 1600 1943 Dei
1613 1922 1678 1943 con-

891 1970 930 1992 tra
945 1963 1039 1991 notitia
1060 1962 1087 1989 in
1102 1959 1402 1994 animabusjustorum.
1422 1960 1564 1988 Domicilia
1589 1961 1676 1995 justo—

890 2018 950 2038 rum
967 2008 1165 2037 benedicuntur
1182 2014 1188 2033 :
1203 2014 1266 2035 cum
1288 2005 1393 2034 scilicet
1405 2006 1531 2033 Christus
1556 2006 1675 2041 ipsorum

890 2056 1019 2092 operibus
1030 2054 1141 2091 praemis
1155 2053 1301 2084 retribuet;
1314 2056 1500 2080 verumtamen
1520 2053 1609 2088 impiis
1622 2061 1677 2081 tua-

890 2102 1074 2134 ledictionem,
1091 2107 1144 2127 non
1159 2099 1387 2128 benedictionem.

925 2148 946 2164 ³¹
974 2147 1086 2174 Summa
1114 2149 1142 2174 et
1167 2148 1354 2177 consummata
1377 2143 1519 2178 nequitia,
1549 2143 1675 2178 superbia

891 2194 1055 2229 appellatur.
1073 2191 1239 2220 adversatur
1253 2194 1343 2216 autetn
1364 2189 1434 2216 Deus
1450 2189 1566 2223 injustis,
1582 2195 1676 2224 quale-

46 2239 161 2271 ἀδίκοις,
177 2239 217 2270 ὡς
232 2236 390 2272 δικαιοσύνη
401 2245 408 2252 ·
424 2237 479 2267 τοῖς
494 2234 635 2270 ψεύσταις,
654 2233 691 2265 ὡς
707 2232 834 2268 ἀλήθεια·

896 2247 942 2267 rtus
969 2238 1076 2273 iustitia
1100 2241 1153 2270 est,
1183 2235 1361 2265 mendacibus
1389 2239 1522 2269 quatenus
1549 2235 1652 2262 veritas
1668 2257 1675 2266 ,

46 2287 101 2316 τοῖς
122 2285 154 2311 δὲ
176 2283 372 2319 ὑπερηφάνοις,
396 2282 434 2314 ὡς
456 2279 705 2315 ταπεινοφροσύνη-
727 2278 767 2304 διὺ
790 2278 836 2304 καὶ

45 2331 101 2363 τοῖς
124 2330 244 2358 ταπεινὰ
261 2329 387 2365 φρονοῦσι
413 2328 488 2362 φίλος
506 2328 580 2355 ἐστί’
601 2325 680 2353 τοῦτο
701 2324 755 2361 γάρ
779 2325 837 2351 ἐστι

44 2377 87 2407 τὸ,
102 2377 202 2403 Δίόωσι
217 2376 296 2411 χάριν
311 2375 463 2406 ταπεινοῖς·
480 2375 535 2406 τοῖς
549 2373 578 2400 δὲ
590 2372 773 2408 ὑπερηφάνοις
791 2372 838 2398 ἀν-

46 2422 219 2449 τιτάσσεται.

46 2495 49 2499 ,
80 2468 168 2502 Δόξαν
195 2467 321 2504 οὐράνιον
346 2466 592 2502 κληρονομήσουσιν
622 2466 646 2492 οἰ
671 2466 721 2502 τὴν
749 2465 839 2493 ἔνθεον

46 2514 146 2549 σοφίαν
163 2513 297 2550 μαθόντες
310 2521 340 2539 τε
356 2512 404 2544 καὶ
420 2511 589 2544 διδάξαντες·
610 2511 721 2546 ὕψωσαν
737 2511 765 2538 δὲ
781 2512 841 2538 ἑαυ-

45 2561 103 2592 τοῖς
125 2561 240 2596 ἀτιμίαν
262 2561 286 2586 οί
313 2559 421 2590 ὰσεόεῖς
446 2557 560 2585 ἐνώπιον
577 2557 701 2592 ἀγγέλων
723 2558 770 2585 καὶ
791 2559 838 2584 ἀν-

47 2604 168 2642 θρώπων
182 2605 260 2641 παρά
273 2604 321 2631 τοῦ
335 2603 466 2640 Χριστοῦ.

891 2284 1016 2320 superbis
1031 2288 1165 2318 quatenus
1181 2281 1312 2309 modestia
1323 2285 1374 2308 est.
1388 2281 1535 2315 Propterea
1549 2286 1574 2307 et
1590 2281 1678 2308 humi-

891 2332 954 2359 lium
967 2331 1071 2358 amicus
1089 2333 1141 2358 est.
1154 2327 1192 2355 Ita
1202 2327 1273 2354 enim
1289 2326 1445 2361 signiﬁcant
1459 2326 1540 2353 verba
1559 2337 1564 2355 :
1582 2326 1676 2354 IIunti-

892 2378 962 2405 libus
979 2377 1026 2404 dat
1040 2375 1157 2410 gratiam
1169 2381 1177 2407 ;
1190 2378 1218 2400 at
1230 2374 1355 2409 superbis
1369 2373 1540 2400 adversatur.

927 2465 948 2480 ³·
974 2463 1118 2491 (Ζωίεςιειη
1133 2460 1247 2496 gloriam
1263 2459 1473 2491 Itazreditabunt,
1496 2459 1541 2492 qui
1557 2459 1676 2486 divinam

891 2509 1049 2545 sapientiam
1065 2506 1213 2534 didicerint
1227 2509 1256 2532 et
1271 2504 1424 2532 docuerint.
1448 2503 1595 2530 Cumulattt
1611 2511 1676 2531 vero

891 2557 942 2585 sibi
956 2553 1131 2590 ignominiam
1144 2552 1217 2587 impii
1227 2571 1236 2584 ,
1252 2557 1342 2578 coram
1358 2549 1461 2584 angelis
1472 2554 1499 2577 ct
1513 2549 1677 2582 hominibus,

891 2610 906 2630 a
919 2600 1040 2631 Christo.

803 2672 878 2701 CAP.
895 2672 940 2699 IV.

83 2731 224 2762 Παιδείαν,
244 2729 294 2765 τὴν
316 2728 415 2764 ¹Ιγίὶικὴν
430 2728 530 2764 ἀρετὴν
548 2728 637 2763 λέγει·
657 2728 771 2760 ἔννοιαν,
789 2727 838 2763 τὴν

48 2777 124 2805 (tam
143 2777 259 2812 γνῶσιν·
277 2775 333 2807 ubi;
348 2775 376 2801 δὲ
393 2774 498 2810 ἀρετῶν
514 2775 528 2800 ὁ
543 2775 602 2801 κατ’
622 2774 706 2806 αὑτὰς
725 2782 842 2801 πεποιω-
856 2770 862 2776 ’

931 2726 954 2744 ⁸³
979 2723 1154 2758 Disciplinam
1188 2722 1256 2749 dicit
1279 2720 1408 2748 moralem
1430 2721 1572 2751 virtutem;
1601 2719 1679 2746 intel»

896 2773 1009 2804 lectum,
1026 2770 1148 2798 divinant
1166 2768 1318 2796 scientiam.
1339 2766 1426 2794 Filius
1443 2770 1532 2794 autern
1547 2766 1677 2794 virtutum

102 2889 126 2905 "
144 2888 231 2917 v.18.
270 2887 294 2902 ³⁸
311 2895 338 2913 ν.
355 2887 399 2913 25.
439 2887 461 2902 ”
476 2893 502 2912 ν.
517 2884 562 2911 25.
600 2885 622 2901 ’⁸
638 2891 662 2912 v.
677 2883 723 2910 27.
763 2883 786 2900 ’θ
801 2890 824 2911 v.

922 2882 944 2899 ³⁶
957 2890 980 2909 ν.
998 2881 1041 2910 35.
1079 2881 1098 2897 "
1115 2889 1138 2908 ν.
1155 2881 1199 2908 54.
1237 2880 1259 2897 ³¹
1273 2889 1296 2907 ν.
1316 2881 1361 2908 55.
1399 2880 1420 2896 ³³
1434 2888 1459 2906 v.
1474 2880 1497 2906 I.

216 2939 350 2968 PATROL.
376 2936 434 2966 Gtt.
460 2933 556 2965 XVII.

753 3010 770 3033 1

1481 2929 1500 2957 6
