1919 3074
230 159 278 188 ΠΙ

654 144 933 176 SUI'PLEMENTUM
954 143 998 170 AD
1016 139 1176 170 ORIGENIS
1195 135 1402 166 EXEGETICA.

1811 125 1862 153 172

230 228 281 254 est,
299 221 344 255 qui
365 219 416 246 illis
433 220 474 244 cst
493 213 674 244 infortuntus;
695 210 796 244 quique
814 207 885 235 haud
901 205 1012 233 alterius
1029 229 1032 236 ,

1082 202 1154 233 ἑνος,
1167 200 1195 231 ὃς
1211 199 1261 225 οὐκ
1275 197 1353 225 ἄλλου
1366 195 1455 231 χάριν,
1472 193 1526 219 ἀλλ’
1543 192 1622 218 ἕνεκα
1641 189 1688 224 τῆς
1703 186 1804 224 ἀρετῆς
1821 187 1855 213 τὰ

231 270 269 296 rei
292 266 388 302 gratia,
412 263 458 290 scd
478 264 590 296 propter
605 257 850 294 ipsam.virtutem,
874 253 902 279 in
927 259 958 279 ca
986 259 1015 278 se

231 317 349 342 (πατριδι.

266 359 288 374 ³⁸
315 357 417 383 001111111
437 354 537 380 bonum
553 351 587 378 do
607 348 813 379 vobis,cmleste
835 352 964 381 regnum,
994 344 1015 370 si

231 405 317 440 legem
339 409 426 429 meam
445 407 498 427 non
513 395 699 425 deserueritis.
718 394 768 422 Hie
792 401 873 428 porro
895 391 1017 418 animad-

231 450 391 478 vertendum
408 452 461 478 est,
477 447 576 474 donum
602 444 704 470 bonum
722 440 774 468 dici
792 441 826 467 ab
837 447 870 466 eo
887 442 1017 468 mentem,

231 501 344 533 propter
363 494 438 521 illum
460 492 506 526 qui
520 492 589 518 dona
622 490 648 516 in
672 488 760 516 sinum
787 485 887 519 accipit
908 483 1017 517 injuste,

230 548 324 571 etnec
344 546 473 574 prospero
493 543 621 564 successu
637 534 734 562 utitur.
761 531 828 559 Nam
854 530 946 564 iniqua
975 527 1017 554 illa

232 589 303 616 dona
330 586 394 613 dicit
410 572 460 618 pro
481 581 597 616 improbi
616 579 735 607 hominis
759 575 885 612 negotiis,
910 581 970 609 qua:
995 572 1017 599 si

233 641 311 661 mens
325 631 455 665 excipiat,
467 629 494 656 in
509 628 561 655 viis
574 626 630 653 suis
646 633 697 652 non
713 624 869 651 fortunatur
880 641 887 649 .

269 680 291 696 ³⁵
309 679 414 707 Corona
428 676 588 711 gratiarum,
605 672 731 699 mandata
745 668 850 698 Domini
868 671 942 698 sunt,
960 673 1020 700 quae

234 727 311 761 regni
342 731 471 752 coronam
499 720 617 748 vicissim
636 717 791 746 retribuunt
813 713 1020 742 observantibus

235 774 304 806 ipsa.
320 772 427 799 Corona
440 775 503 795 vero
515 766 674 794 deliciarum
691 762 809 797 cognitio
824 761 882 791 Dei,
897 767 956 794 qua:
973 766 1021 785 nos

237 824 391 853 protegens,
406 821 513 842 onmem
529 812 659 839 lascivam
674 807 879 843 cogitationem,
897 811 1020 832 onmem-

235 872 287 900 que
301 865 392 890 falsam
407 861 546 890 scientiam
563 857 675 892 repellit.

270 910 292 925 "
306 909 351 936 Ha:
362 907 514 940 complures
527 904 577 930 via:
590 902 622 929 ad
640 909 721 928 unatn
734 903 848 935 vergunt
866 899 948 929 viam,
961 903 1021 932 qua:

236 956 302 984 dicit
317 963 323 981 :
340 954 397 989 Ego
407 960 466 980 smn
483 951 536 978 via.
564 947 661 975 Multas
681 951 771 974 autem
787 946 844 972 vias
856 944 922 971 dixit
937 944 1023 970 virtut-

236 1008 286 1032 tes,
300 988 407 1036 quaead
419 998 465 1026 Dei
481 997 666 1032 cognitionem
688 994 834 1021 deducunt.
858 988 1021 1023 Multipliea-

235 1049 432 1076 hunturautem
447 1043 510 1071 anui
522 1043 584 1070 vitae
599 1041 712 1072 homini,
727 1038 771 1072 qui
789 1037 814 1063 in
828 1035 1022 1071 prophetarum

236 1101 304 1122 voce
320 1092 396 1120 audit
411 1089 549 1118 ctelestem
565 1087 671 1114 Patrem
682 1105 690 1115 ,
704 1082 855 1117 recipitque
866 1087 914 1115 per
929 1079 1023 1112 unige-

236 1140 324 1167 nitqu
338 1137 434 1164 Filium
452 1134 532 1163 verba
551 1132 633 1163 illius,
646 1130 710 1157 utin
726 1128 787 1155 vita:
800 1126 880 1161 justte
894 1124 945 1152 viis
957 1124 1023 1152 diri-

237 1189 329 1218 gatur,
349 1189 403 1216 quo
419 1179 509 1208 salvus
524 1178 570 1205 liat
585 1177 611 1203 in
626 1181 728 1203 alterna
746 1173 810 1200 vita.

274 1275 295 1291 ³⁷
311 1273 413 1301 Horum
427 1275 582 1299 castrormn
601 1268 681 1296 statio
696 1270 738 1294 est
755 1264 887 1300 nequitia,
913 1268 939 1290 et
955 1261 1022 1289 falsa

239 1319 366 1350 scientia,
387 1321 414 1345 et
427 1315 556 1352 quidquid
570 1314 623 1341 Deo
636 1313 755 1341 invisum
767 1316 820 1339 est.
838 1310 936 1338 Hostes
950 1309 1022 1336 enim

239 1371 303 1393 sunt
312 1365 400 1399 impia:
413 1363 599 1399 cogitationes,
615 1368 673 1395 qua:
686 1359 791 1386 animas
804 1357 951 1393 perimunt.

275 1460 296 1476 "‘
314 1457 425 1486 Dilectis
439 1455 496 1484 suis
509 1454 622 1490 largitur
641 1453 712 1480 Deus
731 1457 873 1481 somnum;
896 1453 924 1476 at
949 1448 1023 1482 impii

242 1505 386 1532 dilectione
399 1503 459 1536 eius
471 1508 524 1528 non
541 1500 678 1529 fruuntur,
695 1497 794 1532 quibus
807 1499 883 1523 certe
901 1501 1024 1522 somnum

242 1549 374 1577 Dor-tinus
397 1555 448 1574 non
467 1545 600 1574 concedit.
631 1543 701 1570 Hine
728 1540 894 1569 credibiliter
918 1539 1024 1567 ostendi

242 1600 340 1631 potest,
358 1594 428 1621 haud
445 1600 504 1620 esse
520 1592 644 1619 idoneam
665 1587 797 1624 capiendo
814 1593 911 1615 somno
925 1586 1028 1613 daemo-

242 1651 306 1670 num
321 1647 454 1668 naturam.

279 1687 302 1702 "
320 1687 454 1713 Ameennt
467 1683 545 1710 nobis
568 1683 693 1712 virtutes,
710 1686 813 1714 nosque
827 1677 983 1706 illuminant
1001 1675 1029 1703 in

242 1737 376 1768 pra'sente
405 1731 476 1762 vita;
505 1735 566 1764 quze
591 1728 613 1754 si
634 1734 695 1754 eum
721 1726 812 1752 l'utura
843 1727 1029 1757 comparetur,

243 1786 303 1815 qua:
315 1779 373 1805 dies
385 1782 437 1809 est,
453 1783 504 1802 uox
521 1774 644 1805 dicetur;
660 1773 746 1800 donec
762 1774 891 1805 exsurgat
904 1769 962 1795 dies
973 1787 980 1799 ,
1003 1768 1029 1794 in

243 1833 297 1860 qua
310 1823 422 1857 justitize
439 1822 479 1849 sol
493 1821 606 1847 orietur.
634 1817 683 1845 Vel
710 1817 786 1850 dicit,
804 1815 892 1851 quoad
920 1818 976 1842 tuto
989 1828 991 1830 -
1003 1815 1030 1840 in

244 1873 304 1898 loco
324 1877 372 1897 nos
388 1868 567 1897 constituant,
589 1873 640 1892 non
659 1864 800 1891 recedunt.
820 1863 867 1890 Est
886 1861 959 1889 enim
977 1859 1029 1887 dici

244 1916 395 1952 proprium,
405 1919 432 1941 ut
451 1914 576 1941 tenebras
591 1911 726 1946 dispellat.
740 1910 817 1942 Quod
828 1915 893 1936 sane
903 1906 1030 1934 Christus

245 1963 329 1989 etiatn
352 1961 445 1988 aiebat
461 1969 467 1986 :
483 1959 533 1992 Qui
560 1956 683 1984 ambulat
709 1955 735 1982 in
755 1955 808 1986 die,
831 1961 884 1980 non
908 1952 1030 1980 olfendil.

246 2009 346 2038 Contra
360 2007 388 2034 lit
407 2007 433 2033 in
452 2007 503 2032 viis
523 2003 686 2038 impiorum;
703 2001 748 2036 qui
771 2008 832 2028 cum
845 2006 931 2033 neque
945 1999 1032 2025 sciant

246 2062 334 2089 neque
354 2053 516 2085 intelligant,
532 2051 559 2077 in
583 2049 705 2077 tenebris
729 2047 869 2074 ambulant
894 2051 921 2072 et
943 2046 1030 2072 ollen-

245 2102 327 2132 duut;
344 2106 432 2133 neque
456 2097 536 2123 ullam
556 2096 661 2122 veniam
681 2093 838 2124 inveniunt,
860 2092 936 2127 quasi
955 2092 1031 2126 igno-

246 2147 335 2173 Hnlia
367 2143 487 2179 prolapsi
513 2142 612 2169 fuerint
634 2150 640 2167 :
667 2140 716 2174 ipsi
738 2139 809 2165 enim
823 2138 875 2165 sibi
906 2138 1032 2164 tenebras

245 2194 426 2221 obduxeruut.
442 2192 474 2219 Et
490 2191 599 2220 videsis,
614 2188 686 2223 quod
699 2187 784 2213 virtus
799 2187 824 2213 in
839 2186 934 2212 mediis
950 2185 1030 2212 etiam

1068 249 1127 275 κατ’
1145 246 1227 281 αὐτὴν
1244 244 1359 279 ἐνεργεῖ.

1103 335 1194 370 Δῶρον
1206 333 1305 368 ἀγαθον
1323 330 1460 367 δωροῦμαι
1475 328 1548 363 ὑμῖν,
1566 326 1614 362 τὴν
1633 323 1794 359 ἐπουράνιον
1809 321 1857 356 βα-

1069 369 1179 415 σιλείαν,
1198 381 1244 408 ἐὰν
1260 379 1306 406 τὸν
1325 377 1406 413 νόμον
1432 383 1481 411 μου
1508 373 1545 409 μὴ
1568 369 1784 406 ἐγκαταλίπητε”
1807 375 1857 401 ση-

1071 413 1197 465 μειωτέον
1220 426 1248 472 δὲ
1271 423 1403 454 ἐνταῦθα,
1428 422 1468 448 ὅτι
1490 419 1574 455 δῶρον
1599 416 1699 451 ἀγαθὸν
1727 413 1857 449 ὀνομάζει

1241 471 1245 472 ν
1287 470 1291 472 -
1328 469 1335 472 -
1388 467 1415 472 ρ-
1516 464 1545 472 .-
1600 463 1608 472 -_
1640 461 1729 472 ..ιη-Δ
1748 459 1846 472 ηιμ..-

1068 459 1114 501 τὸν
1124 473 1196 505 νοῦν,
1210 459 1254 498 διᾶ
1269 470 1315 497 τὸν
1328 467 1501 503 λαμϐάνοντα
1513 464 1587 498 δῶρα
1598 463 1625 488 ὲν
1639 461 1731 496 κόλπῳ
1745 459 1857 491 ἀδίκως,

1069 522 1116 548 καὶ
1129 520 1166 556 μὴ
1180 516 1421 551 κατευοδοὺμενον·
1444 513 1535 539 ἐκεῖνα
1552 510 1607 545 γὰρ
1623 508 1696 544 δῶρα
1718 507 1808 537 ἄδικα,
1823 504 1860 531 τᾶ

1070 552 1219 603 πράγματα
1232 563 1306 597 λέγει
1327 560 1374 588 τοῦ
1394 557 1523 594 πονηροῦ,
1543 556 1613 591 ἅπερ
1629 555 1643 580 ὁ
1659 553 1721 585 νοῦς
1744 552 1860 588 δεχόμε-

1070 621 1124 644 νος,
1137 611 1167 637 οὺ
1180 607 1371 637 κατευοδοῦται
1389 606 1417 632 ἐν
1433 605 1492 635 ταῖς
1506 602 1576 634 ὁδοῖς
1596 599 1688 628 αὐτοῦ.

1105 658 1239 692 Στέφανος
1251 655 1368 692 χαρίτων
1378 654 1406 680 αἱ
1418 651 1520 679 ἐντολαὶ
1533 650 1579 677 τοῦ
1592 648 1658 676 Θεοῦ
1670 648 1747 679 εἰσιν,
1758 646 1860 675 αἳτινες

1070 705 1115 731 τὸν
1146 703 1275 737 στέφανον
1307 700 1358 735 τῆς
1388 698 1525 734 βασιλείας
1561 694 1771 730 ἁντιπαρέχουσι
1804 692 1862 723 τοῖς

1072 746 1193 774 ποιοῦσιν
1200 736 1290 775 αὐτάς
1301 753 1307 759 ·
1327 743 1458 777 στέφανος
1471 741 1499 768 δὲ
1511 740 1614 776 τρυφῆς
1628 740 1644 774 ἡ
1661 738 1760 773 γνῶσις
1777 738 1794 772 ἡ
1812 736 1860 763 τοῦ

1071 792 1150 824 Θεοῦ,
1170 791 1231 826 ἥτις
1249 788 1471 825 ὖπερασπίζουσα
1494 786 1590 822 ἡμῶν,
1621 784 1708 811 πάντα
1731 782 1862 818 λογισμόν

1072 837 1193 874 ἐμπαθῆ,
1208 837 1255 864 καὶ
1272 837 1361 862 πᾶσαν
1377 834 1477 869 γνῶσιν
1492 832 1578 868 ψευδῆ
1593 831 1753 858 ἀπωθεῖται.

1037 886 1058 913 Β
1090 873 1192 911 νΑὖται
1207 884 1234 909 αί
1252 881 1346 908 πολλαὶ
1369 881 1422 907 ὁδοὶ
1444 880 1484 911 εἰς
1507 878 1571 914 μίαν
1596 878 1706 912 ἄγουσιν
1727 875 1797 907 ὁδὸν,
1812 873 1863 910 τὴν

1074 931 1203 958 εἰποῦσαν
1213 938 1220 944 '
1236 928 1306 963 Ἐγώ
1321 928 1377 963 εἰμι
1390 927 1406 962 ἡ
1421 926 1479 957 ὁδός
1489 934 1495 940 -
1510 924 1608 956 πολλὰς
1617 923 1645 950 δὲ
1658 923 1768 958 εἴρηκεν
1775 921 1863 953 ὁδοὺς.

1073 978 1121 1009 τὰς
1139 975 1238 1013 ἀρετὰς
1253 975 1302 1006 τὰς
1317 973 1451 1009 φερούσας
1469 972 1515 999 ἐπὶ
1530 971 1579 1006 τὴν
1600 969 1700 1004 γνῶσιν
1716 968 1763 994 τοῦ
1780 966 1860 993 Θεοῦ.

1073 1012 1293 1060 Πληουνοήσεται
1313 1020 1340 1047 δὲ
1357 1019 1404 1055 ἐτη
1422 1018 1494 1053 ζωῆς
1516 1016 1562 1044 τοῦ
1588 1015 1732 1046 ἀκούοντος
1749 1013 1793 1040 διὰ
1810 1012 1864 1039 τῶν

1074 1058 1221 1106 προφητῶν
1235 1067 1281 1094 τοῦ
1295 1065 1456 1101 ἐπουρανίου
1467 1063 1584 1099 Πατρδς,
1598 1062 1644 1088 καὶ
1659 1060 1803 1096 δεχομένου
1819 1058 1865 1086 διὰ

1074 1116 1120 1143 τοῦ
1138 1113 1296 1151 μονογενοῦς
1312 1111 1376 1138 Υἱοῦ
1396 1111 1459 1142 τοὺς
1479 1110 1574 1144 λόγους
1590 1106 1683 1139 αὐτοῦ,
1700 1107 1740 1138 είς
1755 1105 1785 1132 τὸ
1800 1113 1865 1132 κατ-

1074 1161 1237 1195 ευΟυνΟῆναι
1259 1160 1287 1186 ὲν
1313 1159 1372 1190 ταῖς
1387 1157 1455 1188 ὁδοῖς
1477 1156 1526 1191 τῆς
1542 1153 1715 1188 δικαιοσύνης
1731 1151 1776 1179 τοῦ
1794 1151 1865 1186 βίου,

1074 1208 1145 1240 ὃπως
1159 1205 1287 1240 ἀποσωθῇ
1303 1205 1342 1236 εἰς
1353 1203 1403 1239 τὴν
1417 1202 1529 1235 ἀείζωον
1540 1201 1623 1236 ζωήν.

1110 1253 1210 1281 Τούτου
1227 1251 1274 1278 τοῦ
1293 1249 1408 1285 στρατοῦ
1423 1249 1437 1274 ό
1459 1248 1541 1279 τόπος
1561 1247 1635 1273 ἐστὶν
1652 1245 1669 1280 ἡ
1685 1243 1770 1270 κακία
1787 1242 1834 1270 καὶ
1847 1241 1865 1276 ἡ

1074 1298 1246 1334 ψευδώνυμος
1260 1297 1371 1331 γνῶσις,
1387 1295 1436 1322 καὶ
1448 1294 1501 1320 πᾶν
1516 1292 1602 1320 ὁτιοῦν
1615 1291 1728 1317 ἄδεκτον
1743 1288 1782 1324 τῷ
1794 1287 1864 1322 ego»

1076 1346 1198 1381 πολέμιοι
1211 1343 1265 1379 γάρ
1282 1344 1349 1370 εἰσιν
1362 1342 1386 1368 οἱ
1404 1340 1512 1371 ἀσεϐεῖς
1534 1337 1670 1373 λογισμοὶ,
1695 1335 1785 1371 ψυχὰς
1799 1335 1867 1362 ἀπο-

1076 1391 1236 1422 κτείνοντες,

1117 1437 1159 1464 Ἐι
1173 1437 1229 1467 τοῖς
1247 1435 1398 1470 ἀγαπητοῖς
1414 1431 1497 1459 αὑτοῦ
1509 1430 1616 1458 δίδωσιν
1628 1430 1641 1455 ό
1653 1427 1755 1463 Κύριος
1771 1426 1864 1453 ὕπνοψ

1076 1484 1100 1510 οἱ
1120 1483 1147 1509 δὲ
1169 1481 1277 1513 ἀσεϐεῖς
1302 1481 1352 1507 οὐκ
1376 1479 1444 1506 εἰσὶν
1460 1476 1541 1504 αὐτοῦ
1556 1474 1706 1510 ἀγαπητοί·
1729 1474 1787 1504 τοῖς
1804 1472 1867 1498 ἀσε-

1077 1528 1151 1555 ϐέσιν
1165 1528 1218 1564 ἄρα
1238 1526 1268 1552 οὑ
1283 1525 1389 1552 δίδωσιν
1412 1524 1492 1550 ὕπνον
1514 1523 1528 1548 ό
1550 1521 1668 1557 Κύριος·
1691 1518 1819 1545 ἐντεῦθεν
1839 1515 1867 1543 δὲ

1040 1561 1063 1591 C
1081 1575 1137 1601 ἐστι
1155 1575 1201 1601 καὶ
1213 1571 1347 1604 πειθανῶς
1363 1570 1458 1603 δεῖξαι,
1476 1569 1517 1596 ὅτι
1530 1568 1560 1595 οὺ
1575 1566 1715 1594 καθεύδειν
1726 1564 1867 1598 πεφύκασι

1078 1622 1213 1658 δαίμονες.

1114 1676 1332 1714 Προπορεὺονται
1361 1674 1441 1709 ἡμῶν
1463 1672 1490 1699 αἱ
1507 1670 1613 1706 ἀρεταὶ,
1638 1669 1686 1696 καὶ
1704 1667 1870 1703 φωτίζουσιν

1079 1712 1152 1761 ἡμᾶς
1163 1725 1190 1751 ἐν
1210 1722 1248 1757 τῷ
1259 1721 1371 1757 παρόντι
1387 1720 1446 1755 βίῳ,
1461 1718 1489 1750 ὃς
1506 1717 1574 1752 πρὸς
1585 1716 1630 1742 τὸν
1647 1714 1790 1750 μέλλοντα,
1804 1712 1871 1748 ὴμέ-

1082 1759 1130 1807 ραν
1146 1771 1221 1802 ὅντα,
1238 1768 1286 1802 νὺξ
1299 1767 1422 1801 λέγεται·
1444 1765 1496 1796 ἕως
1513 1761 1680 1798 κατορθώσει
1697 1761 1713 1796 ἠ
1727 1759 1824 1795 ἡμέρα
1842 1759 1871 1784 ἐν

1079 1802 1125 1856 ᾖό
1140 1818 1189 1852 τῆς
1209 1814 1381 1848 δικαιοσύνης
1404 1812 1480 1847 ἥλιος
1501 1808 1649 1836 ἀνατέλλει.
1675 1807 1711 1832 Ἦ
1734 1805 1796 1832 ἀντί
1814 1802 1870 1834 τοῦ,

1079 1865 1131 1895 ἕως
1147 1863 1220 1898 ἡμᾶς
1235 1862 1263 1887 ὲν
1277 1858 1410 1894 ἀσφαλείᾳ
1427 1856 1654 1891 καταστήσουσιν,
1669 1852 1718 1879 οὑκ
1735 1851 1871 1885 ἀφίσταν-

1079 1918 1137 1937 ται·
1153 1896 1231 1935 τοῦτο
1251 1906 1305 1942 γὰρ
1325 1903 1432 1941 ἡμέρας
1456 1902 1531 1934 ἴδιον,
1556 1901 1586 1928 τὸ
1613 1899 1708 1929 σκότος
1732 1896 1869 1923 διαλύειν·

1080 1957 1147 1990 ὅπερ
1168 1952 1214 1982 οὖν
1233 1953 1280 1980 καὶ
1291 1951 1407 1987 Χριστὸς
1434 1946 1525 1982 ἔλεγεν
1536 1955 1543 1962 ·
1567 1946 1596 1972 ΥΟ
1614 1943 1775 1980 περιπατῶν
1794 1944 1823 1968 ἐν
1839 1943 1870 1976 τῇ

1081 1989 1172 2038 ἡμέρᾳ
1193 2000 1223 2027 οὺ
1248 1998 1428 2034 προσκόπτει·
1455 1992 1608 2021 τούναντίον
1634 1991 1661 2018 δὲ
1684 1991 1712 2017 αἱ
1731 1989 1786 2016 τῶν
1808 1990 1870 2016 ἀσε-

1081 2048 1136 2074 ϐῶν
1147 2055 1153 2061 ·
1172 2046 1233 2073 ἐπεὶ
1246 2042 1292 2071 οὖν
1307 2044 1357 2069 οὐκ
1372 2041 1492 2076 ἔγνωσαν
1507 2039 1567 2066 οὐδὲ
1583 2037 1713 2072 συνῆκαν,
1730 2036 1759 2061 ὲν
1781 2035 1872 2060 σκότει

1080 2092 1301 2128 διαπορεύονται·
1338 2088 1573 2124 προσκόπτουσιν,
1609 2083 1665 2110 ἀλλ’
1696 2082 1746 2109 οὐκ
1781 2081 1873 2116 ἔχουσι

1083 2124 1245 2172 συγγνώμην
1267 2135 1304 2165 ὡς
1328 2132 1424 2167 ἀγνοίᾳ
1450 2129 1681 2166 προσπταίοντες”
1709 2126 1787 2153 αὐτοὶ
1818 2124 1873 2159 γὰρ

1082 2171 1186 2214 ἑαυτοῖς
1207 2182 1237 2208 τὸ
1260 2180 1355 2210 σκότος
1380 2177 1559 2214 εἰργάσαντο·
1588 2175 1639 2210 ὅρα
1663 2174 1691 2200 δὲ
1716 2173 1754 2204 ὼς
1781 2173 1798 2207 ἡ
1825 2171 1874 2207 μὲν

248 2238 368 2266 tenebris
388 2238 473 2264 lucem
495 2235 638 2266 difl‘undit;
662 2233 784 2267 nequitia
799 2237 898 2264 autem,
924 2231 951 2257 in
969 2231 1029 2257 luce

1082 2229 1166 2265 ἀρετὴ
1184 2228 1231 2254 καὶ
1248 2228 1276 2253 ἐν
1294 2225 1383 2252 σκότει
1406 2223 1463 2258 φῶς
1486 2222 1621 2257 ἐποίησεν·
1639 2221 1656 2255 ἠ
1672 2220 1699 2246 δὲ
1721 2218 1808 2245 κακία
1828 2218 1874 2244 καὶ

246 2291 352 2319 quoque
366 2282 536 2310 tencbrescit.

281 2331 305 2346 ⁸⁸
324 2329 378 2356 Sed
400 2335 486 2362 neque
508 2326 645 2361 quomodo
674 2328 787 2359 peccant
815 2323 890 2357 impii
924 2322 1029 2353 sciunt,

247 2383 335 2412 neque
344 2382 453 2403 causam
467 2373 644 2400 oﬂ‘ensionum
658 2378 768 2397 suarum
783 2374 882 2396 norunt
894 2377 901 2395 :
915 2368 1032 2402 denique

247 2431 281 2451 ne
295 2423 382 2456 ipsum
398 2420 506 2454 quidem
531 2421 673 2453 peccatum
689 2423 768 2443 suum
791 2415 1029 2445 animadvertunt;

246 2468 318 2504 quod
333 2471 462 2494 extrema:
476 2464 602 2498 nequitiae
619 2462 747 2489 iudicium
765 2465 818 2488 est.

282 2513 304 2530 ⁸¹
321 2512 423 2540 Fontes
437 2511 504 2538 dicit
519 2509 648 2539 virtutes,
664 2508 734 2534 unde
747 2511 835 2534 scatet
852 2514 919 2540 aqua
937 2505 1029 2532 vivens

246 2560 398 2588 divinorum
416 2558 573 2588 verborum,
591 2555 617 2582 id
633 2558 673 2581 est
687 2553 788 2580 Chriin
803 2553 928 2587 cognitio.
948 2551 1030 2579 David

247 2613 354 2642 quoque
373 2613 379 2632 :
397 2605 601 2638 Apparuerunt,
621 2600 718 2634 inquit,
740 2599 829 2626 fontes
844 2606 988 2633 aquarum,
1004 2602 1032 2624 et

247 2651 366 2679 revelata
399 2653 461 2676 sunt
490 2646 665 2673 fundamenta
692 2644 767 2672 orbis
799 2649 953 2675 terrarum,
981 2642 1031 2670 sub

249 2699 367 2726 adventu
382 2694 508 2722 videlicet
521 2692 674 2720 Servatoris
690 2691 774 2718 nostri
787 2689 850 2718 Jesu
864 2689 976 2716 Christi.

286 2791 309 2806 ’δ’
322 2788 398 2815 Oculi
412 2787 461 2820 tui,
479 2785 575 2820 inquit,
597 2788 670 2811 recta
685 2782 805 2815 videant,
824 2782 850 2809 id
865 2786 906 2808 est
921 2788 953 2808 ea
972 2785 1033 2807 tan-

304 2885 325 2900 "
340 2893 364 2911 v.
380 2883 408 2910 Ξ.
445 2882 467 2898 ³⁵
480 2889 505 2910 ν.
517 2880 543 2908 9.
582 2879 604 2896 ⁸⁸
617 2887 639 2906 v.
658 2877 701 2905 lO.
739 2876 760 2892 ³⁷
777 2875 862 2905 v.15.
900 2873 922 2890 ³⁸
937 2881 962 2901 v.
988 2872 1030 2900 lG.

1083 2278 1111 2303 ἐν
1132 2275 1201 2310 φωτὶ
1215 2274 1319 2304 σκότος.
1335 2287 1370 2292 -——
1396 2270 1463 2297 Οὐδὲ
1481 2269 1526 2296 τὸν
1542 2268 1641 2304 τρόπον
1669 2265 1727 2297 πῶς
1747 2265 1875 2300 ἁμαρτα-

1084 2331 1182 2354 νουσιν,
1202 2322 1226 2347 οἱ
1244 2319 1354 2350 ἀσεϐεῖς
1376 2317 1551 2344 ἐπίστανται·
1573 2313 1632 2340 οὐδὲ
1651 2312 1700 2348 τὴν
1719 2312 1811 2338 αἰτίαν
1834 2319 1875 2344 γι-

1083 2369 1226 2398 νώσκουσι,
1255 2365 1337 2392 πόθεν
1370 2361 1601 2399 προσκόπτουσιν·
1631 2357 1688 2384 ἀλλ’
1715 2356 1777 2383 οὐδὲ
1810 2355 1876 2382 αὐτὸ

1083 2414 1160 2441 τοῦτο
1182 2414 1281 2443 ἴσασιν,
1307 2411 1348 2437 ὅτι
1373 2405 1594 2443 παρανομοῦσιν·
1620 2405 1689 2439 ὅπερ
1707 2402 1783 2429 ἐστὶν
1811 2401 1876 2436 γνώ-

1086 2470 1169 2497 ρισμα
1183 2460 1231 2495 τῆς
1246 2458 1362 2493 ἐσχάτης
1377 2454 1486 2486 κακίας.

1119 2493 1215 2541 time;
1224 2504 1297 2538 λέγει
1313 2502 1362 2533 τὰς
1376 2500 1486 2536 ἀρετὰς,
1501 2499 1547 2533 ἀφ’
1558 2494 1596 2524 ὦν
1609 2495 1736 2530 γεννᾶται
1753 2494 1786 2520 τὸ
1803 2493 1874 2528 ὕδωρ

1083 2551 1114 2578 τὸ
1131 2539 1184 2582 {div
1207 2548 1260 2575 τῶν
1284 2547 1363 2574 θείων
1390 2544 1530 2581 ῥημάτων,
1555 2543 1623 2577 ὅπερ
1649 2540 1722 2567 ἐστὶν
1738 2539 1756 2574 ἡ
1774 2539 1875 2573 γνῶσις

1085 2596 1131 2623 τοῦ
1146 2594 1276 2631 Χριστοῦ.
1291 2593 1346 2619 Καὶ
1357 2593 1372 2619 ὁ
1384 2591 1465 2618 Δαυῖδ
1476 2599 1482 2605 ·
1502 2588 1643 2622 Ὠφθησαν
1656 2585 1721 2622 γὰρ,
1732 2585 1831 2620 φησὶν,
1846 2585 1875 2610 αἱ

1085 2630 1178 2678 πηγαί
1187 2641 1241 2668 τῶν
1264 2639 1377 2670 ὑδάτων,
1398 2637 1446 2664 καὶ
1465 2632 1689 2668 ἀνεκαλὺφθησαν
1709 2631 1744 2657 τὰ
1761 2630 1876 2665 Θεμέλια

1084 2674 1136 2722 τῆς.
1153 2685 1325 2720 οἰκουμένης,
1348 2683 1423 2717 παρὰ
1442 2681 1492 2716 τὴν
1511 2678 1657 2714 ἐπιδημίαν
1683 2675 1807 2711 δηλονότι
1829 2674 1875 2702 τοῦ

1082 2734 1206 2769 Σωτῆρος
1222 2731 1299 2768 ἡμῶν
1319 2729 1404 2765 ’1ησοῦ
1415 2726 1543 2763 Χριστοῦ.

1120 2780 1150 2805 Οἱ
1167 2777 1299 2813 ὀφθαλμοί
1317 2784 1374 2808 σου,
1396 2771 1482 2804 εἶπεν,
1500 2771 1567 2807 ὀρθὰ
1593 2769 1778 2804 βλεπέτωσαν,
1795 2772 1875 2794 τουτο

1578 2863 1600 2879 δ’
1618 2861 1691 2890 νιεῦο

1071 2871 1091 2888 ³³
1108 2869 1194 2898 v.18.
1233 2868 1255 2884 ‘°
1273 2875 1297 2895 ν.
1320 2867 1364 2894 l9.
1403 2866 1423 2881 “
1444 2873 1459 2892 v
1494 2864 1539 2892 ΩΙ.
