1919 3074
71 166 112 195 ιιι
649 161 831 195 EXPOSI’l‘iO
846 165 877 192 IN
896 160 1103 194 PROVERBIA.

1638 167 1688 193 ΓΜ

72 228 120 254 ἐστι
139 227 174 253 τὰ
205 226 268 261 Θεῷ
284 226 356 262 μόνα
379 220 450 262 φίλα,
468 226 550 262 ἤγουν
567 227 600 254 τὰ
620 227 694 262 παρὰ
711 227 765 254 τῶν
787 236 853 262 προ-

925 236 964 253 lllli
982 234 1041 261 qua:
1060 227 1114 252 Deo
1130 230 1191 252 sunt
1208 225 1305 260 placita
1319 235 1326 258 ;
1340 232 1435 260 nempe
1447 231 1506 260 qua:
1521 233 1535 252 a
1552 226 1691 261 prophetis

72 271 153 308 φητιῖω
165 272 235 307 ἡμῖν
257 272 459 307 σαφηνισθέντα
482 273 545 307 περὶ
567 273 613 299 τοῦ
636 272 752 308 Χριστοῦ
778 273 857 307 μόνον

59 319 114 345 καὶ
128 318 178 344 τῶν
196 317 328 353 μαθητῶν
345 317 429 344 αὑτοῦ
441 326 447 332 ·
468 318 515 344 καὶ
532 319 581 344 ὃσα
598 319 673 353 παρὰ
695 327 767 348 τινος
789 316 857 352 πρὸς

73 365 113 391 τὸν
126 364 243 399 Χριστὸν
253 363 406 390 οἱκειοῦντα
420 363 547 398 λαληθείη
561 364 607 390 καὶ
626 363 714 398 μόνον.

103 410 245 445 Συμφωνεῖ
263 409 369 440 τούτοις
385 409 425 440 τὸ,
448 410 510 435 Ἐὰν
529 409 567 444 μὴ
583 409 684 444 Κύριος
697 407 861 443 οίκοδομήσῃ

71 455 148 489 οἶκον,
165 457 214 483 καὶ
234 456 338 492 φυλάξῃ
359 456 452 482 πόλιν·
476 455 612 482 τουτέστιν
628 455 674 481 ἐὰν
696 454 734 490 μὴ
756 453 857 489 Κύριος

71 505 120 540 δύῃ
134 504 201 539 ἡμῖν
220 504 296 538 ἰσχὺν
311 503 359 530 τοῦ
382 502 546 530 κατευθῦναι
562 501 596 528 τὰ
615 498 682 536 πρὸς
702 500 782 526 αὑτὸν
801 499 857 526 δια-

70 551 187 586 δήματα,
202 550 291 586 μάτην
306 551 388 585 ἡμεῖς
408 549 557 584 κοπιῶμεν,
574 548 598 574 οἱ
619 548 656 583 μὴ
673 548 701 573 ὲν
717 546 857 582 παρακλή-

71 605 108 622 σει
128 596 211 623 αὑτὸν
235 595 458 632 ἐπικαλούμενοι,
481 592 540 622 ἀλλ’
560 595 588 620 ὲν
609 590 737 629 αὐθαδείῃ
754 593 857 626 ἐπιχει-

72 651 190 677 ρουντες.

911 272 1081 299 manifestata
1094 271 1171 299 nobis
1189 271 1300 298 fuerunt
1321 271 1352 298 de
1373 271 1431 298 solo
1445 271 1555 299 Christo
1571 271 1691 305 discipu-

909 317 993 350 iisque
1005 315 1063 349 ejus
1080 325 1086 342 :
1104 322 1274 350 qua-cunque
1289 316 1404 350 denique
1421 316 1471 342 abs
1492 317 1587 350 quovis
1599 316 1692 343 dicen-

910 366 953 388 tur
969 361 1001 388 ad
1014 361 1153 388 Christum
1167 362 1352 388 tantumtnodo
1370 361 1539 388 deducentia.

945 407 967 423 ’"
982 406 1029 434 iiis
1046 411 1198 434 consonant
1215 406 1260 433 illa
1278 414 1284 432 :
1302 405 1359 433 Nisi
1374 406 1502 433 Dominus
1514 406 1693 434 aediﬁcaverit

911 452 1031 484 dOmum,
1043 452 1253 480 etcustodiverit
1263 452 1417 485 civitatem;
1436 452 1462 479 id
1473 457 1524 485 est,
1537 453 1587 479 nisi
1601 453 1688 480 Domi-

913 505 963 524 nus
981 497 1060 525 nobis
1074 497 1128 524 vim
1150 496 1366 531 suppeditaverit
1390 496 1523 529 dirigendi
1548 498 1581 524 ad
1605 497 1694 531 ipsum

912 550 1022 577 gressus
1034 548 1157 574 nostros,
1170 542 1271 569 frustra
1285 549 1334 569 nos
1350 541 1503 569 laboramus
1513 542 1580 575 .‘qui
1596 549 1695 576 nequa-

912 596 993 624 quam
1011 597 1072 616 eum
1095 589 1222 623 precibus
1241 588 1415 620 invocamus,
1437 587 1485 615 sed
1503 593 1564 615 cum
1582 588 1704 617 audacia.

912 641 969 662 rem
990 635 1120 670 gerimus.

829 682 904 711 CAP.
923 681 956 708 V.

102 735 326 774 Στωμυλεῦονται
342 737 395 772 γὰρ
411 736 470 764 αἵτε
491 735 621 772 πρόδηλοι
639 731 747 771 πόρναι,
766 733 814 760 καὶ
835 733 861 760 αἱ

71 785 121 811 τῶν
155 784 318 820 ἑτεροδόξων
357 782 535 814 διδασκαλίαι,
570 780 714 808 ἀπατῶσαι
741 779 785 805 διὰ
813 777 864 813 τῆς

71 831 268 867 χρηστολογίας
296 831 346 862 τὰς
373 829 426 856 τῶν
451 829 561 855 ἀκάκων
584 825 716 862 καρδίας·
747 821 862 860 μεγίστη

70 876 113 905 οὖν
125 878 263 912 ἀσφάλεια
279 877 308 903 τὸ
328 876 366 912 μὴ
381 875 482 903 ἁλῶναι
496 874 544 910 τὴν
560 873 661 908 ἀρχὴν·
684 871 781 898 ἁλόντα
796 870 861 906 γὰρ,

69 920 196 951 δύσκολον
217 920 369 957 διαφυγεῖν.
570 932 573 936 ·

102 970 194 1005 Μέχρι
215 969 265 1005 μὲν
283 969 333 1004 τῆς
354 968 439 1002 ἀκοῆς
454 967 553 1005 αὐτῶν,
577 965 608 992 τὺ
621 964 713 992 καλόν.
731 963 860 998 Σημαίνει

69 1015 96 1041 δὲ
111 1003 237 1046 τὺ-λῐπος
258 1003 316 1049 τὴν
334 1012 442 1049 ἡδονὴν.
456 1011 504 1046 ἀφ’
516 1003 550 1047 ἧς
563 1010 683 1037 τίκτεται
699 1008 716 1043 ἡ
738 1006 860 1042 ἀκαθαρ-

71 1061 131 1088 σία·
149 1058 185 1096 ἧς
197 1060 322 1094 ἔκγονον,
346 1059 429 1086 κακία
446 1057 493 1084 xai.
511 1057 621 1090 ἄγνοια⁴
644 1051 681 1081 ὧν
706 1053 782 1080 οὐδὲν
804 1053 861 1079 ἔστι

70 1107 234 1143 πικρότερον
253 1104 283 1133 ὲν
297 1106 354 1137 τοῖς
373 1105 512 1139 γεγονόσιν
538 1100 628 1138 εὑρεῖν
650 1102 677 1127 ὲν
696 1100 787 1136 ἡμέρᾳ,
803 1097 862 1134 κρί-

73 1161 140 1184 σεως
144 1174 150 1179 .

109 1196 254 1224 Ἐντεῦθεν
277 1194 448 1230 γινώσκομεν
471 1194 512 1220 ὃτι
529 1193 559 1219 τὸ
575 1189 689 1227 θυμικὸν
707 1190 788 1225 μέρος
804 1189 863 1214 ἐπι-

71 1244 167 1278 κρατεῖ
182 1243 212 1268 ὲν
227 1241 284 1272 τοῖς
306 1240 446 1275 δαίμοσιν’
462 1238 633 1272 Ἀνελεήμων
645 1235 709 1271 γὰρ,
725 1234 801 1269 φησὶ,
816 1233 863 1278 θυ-

73 1277 131 1324 μὸς,
144 1288 193 1314 καὶ
212 1287 288 1319 ὀξεῖα
299 1286 369 1322 ὀργὴ
383 1284 472 1312 αὐτῶν
484 1293 490 1298 ·
507 1283 652 1318 θηρεύουσι
665 1281 720 1316 γὰρ
736 1280 775 1311 είς
790 1277 864 1305 ἀπώ-

70 1334 147 1362 λειαν
167 1335 234 1365 τοὺς
253 1331 467 1368 πειθαρχοῦντας
483 1331 574 1361 αὐτοῖς
584 1337 590 1343 ·
612 1327 683 1354 οὕτω
695 1327 749 1362 γὰρ
765 1325 864 1360 τιμῶσι

72 1381 134 1412 τοὺς
146 1379 288 1414 τιμῶντας
301 1377 412 1408 αὐτούς.

104 1425 156 1452 Διὰ
179 1425 237 1451 τῶν
269 1424 374 1451 κακιῶν
401 1423 425 1449 οἱ
458 1421 570 1458 πονηροὶ
599 1417 790 1455 κατατρίϐουσι
817 1416 866 1448 τὰς

71 1474 178 1509 σάρκας
200 1472 248 1498 τοῦ
270 1470 400 1507 Χριστοῦ,
424 1470 471 1497 καὶ
495 1470 525 1495 τὺ
542 1466 610 1504 αἷμα
629 1466 866 1494 καταναλίσκουσι.

71 1519 160 1546 κοινὸν
190 1514 258 1545 αὖτὸ
281 1517 451 1553 ἡγησάμενοι
476 1515 525 1551 (1)’
550 1513 579 1541 Ὀ
596 1513 708 1549 τρώγων
731 1512 784 1547 γάρ
806 1519 867 1546 μου,

71 1564 149 1599 φησὶ,
167 1562 218 1599 τὴν
232 1563 332 1597 σάρκα,
350 1562 396 1588 καὶ
412 1560 496 1586 πίνων
516 1568 566 1594 μου
584 1559 614 1585 τὸ
630 1556 709 1593 αἷμα,
727 1557 781 1592 ἔχει
797 1555 868 1591 ζωὴν

71 1609 192 1640 αἰώνιον,
223 1606 302 1642 κάγὼ
330 1606 475 1641 ἀναστήσω
495 1604 576 1631 αὑτὸν
591 1605 619 1631 ὲν
635 1603 738 1638 ἐσχάτῃ
759 1602 864 1637 ἡμέρᾳ·
880 1608 902 1636 c

72 1657 85 1681 ὁ
97 1655 125 1682 δὲ
141 1654 262 1687 ἀναξίως
280 1653 377 1680 ἐσθίων
393 1652 422 1680 τὸ
437 1652 517 1687 σῶμα
532 1651 579 1678 καὶ
596 1651 682 1677 πίνων
697 1649 727 1676 τὺ
744 1646 813 1683 αἷμα
822 1646 867 1673 τοῦ

73 1700 189 1735 Κυρίου,
203 1700 290 1734 κρῖμα
307 1697 396 1732 ἐαυτῷ
407 1697 490 1723 ἐσθίει
507 1697 554 1723 καὶ
569 1695 648 1723 πίνει.

108 1743 165 1772 Ἦν
177 1746 222 1772 ὅτε
239 1745 289 1771 οὐκ
307 1742 342 1779 ἦν
357 1743 451 1775 κακὸν,
474 1743 521 1769 καὶ
543 1741 619 1768 ἔσται
637 1741 681 1768 ὅτε
703 1741 753 1766 οὐκ
777 1732 866 1766 ἔσται·

75 1791 259 1824 ἂνεξέιλειέιτα
276 1790 331 1826 γὰρ
352 1790 386 1816 τὰ
404 1789 623 1826 σπέρματα“τῆς
644 1787 757 1823 ἀρετῆς·
783 1785 870 1813 πείθει

75 1834 104 1865 δέ
120 1847 155 1873 με
170 1838 217 1864 καὶ
233 1831 310 1868 οὗτος
326 1836 392 1871 παρ’
404 1836 502 1870 ὀλίγον,
516 1835 562 1862 καὶ
575 1834 605 1860 οὐ
620 1833 730 1865 τελείως
747 1833 775 1860 ἐν
790 1833 871 1859 παντὶ

76 1884 155 1919 κακῷ
175 1882 297 1918 γεγονὼς
321 1883 335 1909 ὁ
358 1880 484 1913 πλούσιος
509 1882 537 1907 ὲν
559 1880 598 1916 τῷ
622 1880 673 1916 ᾅδῃ
698 1879 742 1905 διὰ
771 1878 871 1905 κακίαν

76 1928 249 1966 κρινόμενος,
266 1928 313 1956 καὶ
333 1928 474 1963 οἰκτείρων
493 1927 556 1958 τοὺς
576 1925 707 1960 ἀδελφούς
726 1925 781 1959 (‘2)'
801 1923 830 1950 τὺ
844 1923 871 1949 δὲ

77 1977 173 2008 ἐλεεῖν,
186 1975 298 2011 σπέρμα
309 1974 436 2008 τυγχάνει
448 1974 479 2000 τὸ
493 1973 636 2000 κάλλιστον
651 1972 699 2006 τῆς
715 1969 824 2005 ἀρετῆς.

117 2064 153 2092 Ἦ
173 2064 276 2098 γνῶσις
301 2063 347 2089 καὶ
372 2062 459 2098 φρέαρ
482 2062 539 2087 ἐστὶ
559 2061 605 2086 καὶ
630 2059 722 2095 πηγή·
741 2059 795 2089 τοῖς,
823 2054 871 2091 μὲν

76 2111 131 2146 γὰρ
144 2108 326 2146 προσελθοῦσι
341 2109 401 2139 ταῖς
413 2108 533 2142 ἀρεταῖς,
552 2105 619 2141 βαθὺ
636 2105 724 2141 φρέαρ
746 2102 815 2130 εἶναι
831 2103 873 2129 δο-

77 2153 136 2183 κεῖ·
151 2157 208 2187 τοῖς
223 2151 251 2181 δὲ
269 2153 387 2181 ἀπαθέσι
402 2154 448 2180 καὶ
463 2152 604 2187 καθαροῖς,
627 2151 702 2186 πηγή
713 2158 720 2164 ·
739 2149 810 2176 οὓτω
826 2148 873 2175 καὶ

76 2204 91 2229 ὁ
105 2202 203 2238 Σωτὴρ
220 2200 364 2232 ἐκαθέζετο
379 2200 425 2226 ἐπὶ
439 2200 471 2234 τῇ
486 2199 571 2234 πηγῇ,
585 2197 642 2232 ὥρα
656 2195 689 2232 ἦν
705 2195 770 2222 ὡσεὶ
789 2195 870 2228 ἕκτη-

78 2246 215 2284 πηγὴνδὲ
230 2248 285 2275 νόει
298 2248 348 2282 τὴν
373 2246 448 2273 θείαν
470 2244 581 2279 γνῶσιν,
607 2244 654 2269 καὶ
675 2242 705 2268 οὺ
729 2241 760 2267 τὸ
785 2241 873 2276 φρέαρ

947 729 970 745 ⁸⁸
999 728 1136 756 Blaterant
1158 729 1230 756 enim
1244 733 1299 755 tum
1319 727 1433 762 publth
1447 727 1604 757 meretrices
1616 747 1624 759 ,
1637 733 1694 755 tum

912 776 1140 803 lieterodoxorum
1155 775 1255 802 schola:
1267 797 1273 808 ,
1304 774 1416 809 pulchro
1442 774 1549 808 eloquio
1566 774 1698 807 ingenuo-

912 828 971 849 rum
982 821 1063 849 corda
1079 821 1253 855 decipientes.
1283 820 1330 847 Est
1346 821 1438 854 itaque.
1455 824 1542 846 tutum
1564 819 1691 849 maxime.

912 875 945 895 ne
978 867 1057 894 initio
1087 867 1271 902 decipiamur;
1307 874 1368 893 nam
1401 866 1545 900 deceptus,
1585 865 1694 892 diilieile

912 913 1013 941 evadit.
1529 931 1531 933 μ

947 957 972 973 ⁸⁸
988 957 1143 985 Auditionis
1163 962 1251 989 tenus,
1275 956 1429 984 delectatio.
1447 955 1586 990 Pinguedo
1605 959 1695 982 autem

913 1003 1079 1037 voluptatem
1104 1003 1230 1033 denotat,
1260 1006 1292 1029 ex
1318 1008 1370 1035 qua
1393 1001 1537 1033 impuritas
1561 1000 1697 1035 gignitur;

913 1049 990 1082 cujus
1005 1049 1158 1084 progenies,
1172 1048 1291 1082 nequitia
1306 1052 1332 1074 et
1345 1047 1463 1074 inscitia.
1479 1046 1562 1081 Atqui
1575 1046 1618 1073 his
1628 1046 1700 1073 vitiis

915 1095 982 1122 nihil
995 1095 1150 1122 invenietur
1165 1094 1286 1121 amarius
1303 1094 1328 1120 in
1343 1094 1387 1120 die
1398 1093 1503 1128 iudicii.

953 1181 976 1197 ⁸⁸
1003 1181 1072 1208 llinc
1095 1179 1284 1215 cognoscimus
1305 1178 1463 1213 qualitatem
1489 1177 1647 1205 iracundam
1666 1177 1700 1209 ,in

915 1229 1081 1257 dmmouibns
1095 1227 1253 1263 prEValere.
1282 1226 1396 1253 immitis
1423 1233 1495 1253 entm
1522 1231 1574 1258 est,
1601 1225 1697 1259 inquit,

914 1275 992 1302 furor
1006 1281 1109 1305 eorum,
1123 1280 1148 1301 et
1163 1273 1202 1300 ira
1215 1278 1305 1300 acuta.
1322 1273 1461 1300 Venantur
1475 1271 1572 1306 quippe
1588 1271 1620 1298 ad
1634 1271 1703 1298 inte-

917 1323 998 1348 rittttn
1009 1326 1057 1349 eos
1071 1320 1116 1355 qui
1127 1319 1178 1347 sibi
1192 1319 1392 1352 obtemperant.
1408 1319 1458 1345 Sic'
1475 1318 1598 1345 videlicet
1614 1318 1699 1344 bono-

918 1371 979 1394 rant
990 1374 1047 1398 eos.
1061 1366 1107 1400 qui
1122 1365 1193 1400 ipsos
1210 1365 1354 1392 honorant.

953 1413 974 1428 "
989 1412 1111 1440 Peccatis
1128 1411 1184 1438 suis
1198 1411 1314 1445 improbi
1338 1409 1461 1437 homines
1479 1408 1580 1436 Christi
1608 1414 1704 1435 carnes

920 1463 1074 1490 conterunt,
1089 1462 1116 1485 el.
1128 1458 1284 1492 sanguinem
1300 1460 1472 1487 consumunt,
1489 1462 1546 1482 rem
1562 1453 1702 1489 profanam

919 1506 1120 1533 existimantes.
1136 1504 1263 1531 Attamen
1275 1503 1314 1530 ait
1325 1502 1449 1530 Christus
1467 1510 1474 1528 :
1489 1501 1539 1534 Qui
1560 1500 1703 1528 manduca!

921 1558 1008 1578 meum
1041 1558 1151 1578 carnem
1180 1555 1208 1576 el.
1226 1548 1291 1576 bibit
1316 1555 1404 1575 meum
1432 1547 1602 1582 sanguinem,
1621 1545 1702 1574 habet

921 1597 1001 1623 vitam
1014 1600 1155 1627 aeternam,
1166 1599 1194 1621 et
1202 1602 1252 1629 ego
1262 1593 1428 1621 resuscitabo
1436 1600 1497 1620 eum
1514 1593 1540 1619 in
1557 1592 1703 1619 novissimo

920 1641 975 1668 die.
982 1640 1040 1668 lam
1050 1648 1115 1667 vero
1125 1640 1169 1674 qui
1179 1639 1286 1674 indigne
1295 1645 1392 1673 corpus
1403 1638 1548 1666 manducat
1556 1642 1584 1665 et
1592 1637 1702 1671 sangui-

921 1694 982 1714 nem
998 1687 1064 1714 bibit
1078 1686 1196 1717 Domini,
1211 1685 1341 1720 judicium
1355 1685 1406 1711 sibi
1424 1684 1571 1711 munducat
1582 1687 1610 1710 et
1622 1682 1701 1710 bibit.

956 1732 980 1748 δ’
995 1731 1065 1759 Olim
1083 1739 1136 1758 non
1151 1731 1201 1757 fuit
1216 1730 1328 1761 malum.
1347 1735 1375 1757 et
1390 1730 1440 1756 hoc
1453 1729 1539 1763 ipsqu
1560 1727 1706 1761 aliquando

922 1785 975 1804 non
1003 1777 1055 1804 erit
1071 1784 1077 1803 :
1093 1780 1157 1803 sunt.
1183 1775 1256 1802 cnim
1285 1774 1439 1801 indelebilis
1456 1773 1565 1800 virtutis
1589 1772 1704 1799 semina.

924 1823 979 1850 Hoc
1001 1822 1066 1849 mihi
1096 1821 1289 1856 propemodum
1315 1820 1413 1846 suadet
1433 1819 1508 1846 dives
1531 1818 1575 1844 ille
1592 1818 1636 1852 qui
1653 1825 1705 1844 non

922 1868 1033 1896 omnino
1048 1872 1122 1894 totus
1136 1866 1223 1894 malus
1236 1866 1324 1893 fuerat
1334 1885 1340 1897 ,
1364 1865 1414 1891 etsi
1430 1865 1464 1891 ob
1479 1863 1626 1898 nequitiam
1638 1862 1706 1889 infe-

922 1915 960 1941 ris
975 1913 1149 1946 adjudicatus
1165 1921 1172 1939 :
1187 1920 1250 1940 ecce
1269 1912 1341 1938 enim
1354 1911 1398 1937 ille
1415 1909 1627 1936 miscricordiam
1642 1915 1705 1942 erga

923 1959 1020 1985 fratres
1047 1958 1191 1985 retinebat.
1222 1957 1303 1991 Atqui
1329 1955 1516 1983 misericordia
1549 1961 1640 1980 semen
1666 1959 1707 1980 est

924 2006 1032 2032 virtutis
1046 2005 1189 2039 optimum.

957 2053 979 2068 ’δ’
1004 2052 1125 2079 Scientia
1150 2057 1246 2086 puteus
1269 2049 1349 2077 siumi
1381 2053 1423 2075 est
1450 2052 1478 2075 et
1506 2047 1587 2074 fons:
1605 2047 1705 2074 etenim

924 2098 979 2126 illis
994 2099 1039 2133 qtti
1056 2098 1088 2125 ad
1105 2098 1234 2124 virtutem
1259 2098 1376 2131 primum
1400 2095 1542 2125 accedunt,
1558 2092 1707 2128 profundus

923 2150 1021 2179 puteus
1035 2145 1141 2171 videtur
1157 2151 1164 2170 :
1180 2149 1208 2170 at
1223 2143 1428 2177 imperturbatis
1443 2147 1522 2174 atque
1535 2139 1620 2173 puris,
1635 2138 1705 2165 fons.

925 2190 971 2217 Sic
982 2191 1064 2217 etiam
1090 2189 1215 2216 Salvator
1232 2188 1342 2215 sedebat
1357 2193 1439 2220 supra
1458 2185 1559 2212 fontem
1576 2184 1640 2210 hora
1654 2183 1708 2210 cir—

925 2237 994 2263 citer
1006 2241 1091 2263 sexta.
1107 2235 1146 2262 Tu
1159 2243 1224 2262 vero
1238 2235 1339 2261 fontem
1355 2232 1474 2266 intellige
1487 2230 1604 2258 divinant
1621 2229 1706 2256 scien-

145 2277 258 2327 flaaatog'
283 2277 376 2329 ὥσπερ
399 2292 426 2319 δὲ
452 2277 564 2327 ή-πηγὴ
588 2290 730 2326 πρόκειται
754 2287 863 2318 ἀκόπως

929 2284 1006 2313 tiam.
1033 2289 1085 2308 non
1110 2289 1187 2316 aqua:
1215 2286 1336 2315 puteum.
1360 2279 1393 2306 Et
1412 2278 1492 2305 sicuti
1518 2277 1578 2304 fons
1602 2279 1709 2311 prostat

78 2342 207 2369 τουτέστι
234 2341 265 2367 τὸ
287 2340 382 2376 τρέχον
411 2338 481 2374 ὓδωρ
508 2338 564 2368 τοῖς
595 2335 718 2370 διψῶσιν,
745 2333 815 2360 οὕτω
843 2332 873 2357 τὸ

79 2389 172 2425 φρέαρ
188 2389 218 2414 ὲν
234 2387 311 2421 κόπῳ
325 2387 381 2418 τοῖς
395 2385 515 2412 θέλουσιν
533 2383 655 2410 ἀντλεῖν·
680 2381 726 2408 καὶ
747 2379 841 2414 ὥσπερ
856 2379 872 2413 ὴ

79 2435 160 2470 *σιγὴ
168 2433 307 2465 dmum;
317 2433 373 2459 ἐστι
381 2431 428 2457 τοῦ
439 2428 619 2466 ῥεῖν,οὓτωςὴ
628 2426 773 2462 αἰσθητικὴ
781 2425 873 2461 γραφὴ

80 2479 197 2508 ἅένναον
213 2479 268 2514 ἔχει
287 2479 332 2505 τὸν
345 2478 454 2513 δρόμον,
469 2475 516 2502 καὶ
526 2474 636 2501 εὔκολον
652 2474 708 2504 τοῖς
723 2472 820 2506 διψῶσι
829 2470 873 2497 τὸν

79 2526 151 2553 Θεὸν
165 2525 319 2562 γεραίρειν·
335 2524 383 2550 καὶ
397 2522 491 2556 ὥσπερ
511 2521 540 2547 τὺ
556 2520 644 2556 φρέαρ
661 2519 743 2545 κόπον
760 2517 874 2552 παρέχει

79 2574 140 2603 τοϊς
157 2571 310 2601 ἀντ-λοῦσιν,
332 2569 403 2596 οὕτω
426 2569 473 2595 καὶ
495 2569 512 2603 ἡ
534 2566 689 2601 θεωρητικὴ
705 2564 805 2598 γνῶσις
818 2564 875 2594 τοῖς

83 2617 193 2645 θέλουσι
206 2617 241 2643 δι’
254 2616 341 2651 αὐτῆς
355 2615 403 2646 τὰς
420 2614 518 2650 ἀρετὰς
540 2611 722 2647 κατορθῶσαι,
744 2609 830 2644 ψυχῆς
845 2617 875 2634 τε

81 2664 133 2690 καὶ
151 2662 288 2698 σώματος,
305 2661 341 2688 τά
353 2670 382 2687 τε
398 2660 462 2686 ilin
477 2660 585 2690 ἐννοεῖν,
607 2655 718 2691 καὶτῆς
741 2654 876 2690 βασιλείας

82 2709 141 2735 τῶν
156 2708 280 2744 οὐρανῶν
296 2706 514 2741 ἀντιποιηθῆναι.

122 2777 146 2793 ⁸³
159 2785 186 2804 v.
205 2776 253 2804 27.
291 2776 315 2792 “
337 2783 363 2802 ν.
391 2775 416 2801 1.
454 2775 476 2790 ⁵⁵
497 2782 521 2800 ν.
544 2774 570 2800 5.

119 2840 157 2875 (i)
175 2840 371 2868 Animadverte
395 2837 559 2875 catholicum
577 2835 724 2875 doctissimi
751 2838 778 2861 et
799 2833 872 2875 auti-

86 2868 207 2938 ᾳὲὶέέιίηιί
222 2875 351 2911 Origcuis
366 2873 552 2900 testimonium
571 2873 604 2900 de
627 2874 803 2899 sacrosancta
822 2868 874 2895 Eu-

87 2917 100 2937 :
120 2917 225 2939 .msua.

90 2920 225 2938 :IIJI’ISIII.

928 2331 1030 2363 absque
1046 2329 1151 2361 laborc,
1172 2333 1264 2362 utpote
1284 2334 1354 2361 aqua
1374 2326 1529 2353 discurrens
1541 2324 1709 2356 sitientibus,

924 2376 963 2408 ita
977 2380 1073 2410 puteus
1087 2375 1206 2402 laborem
1219 2373 1334 2407 requirit
1348 2372 1497 2400 volentium
1511 2371 1662 2399 exantlare.
1677 2370 1708 2397 Et

927 2421 1006 2448 sicuti
1025 2420 1086 2448 fons
1108 2421 1276 2447 incessanter
1301 2423 1405 2450 manat,
1435 2419 1471 2445 ila
1489 2417 1625 2445 sensibilis
1642 2417 1710 2444 scri—

927 2472 1004 2502 ptura
1017 2474 1161 2500 perennem
1181 2466 1264 2493 habet
1277 2466 1395 2498 ﬂuxum,
1423 2464 1594 2497 iaciliterque
1607 2463 1649 2490 his
1663 2463 1710 2497 qui

927 2513 1021 2540 sitiunt
1054 2513 1136 2539 Deum
1163 2511 1259 2540 donat.
1291 2511 1322 2538 Et
1352 2511 1431 2538 sicuti
1462 2514 1558 2545 puteus
1589 2509 1709 2536 laborem

926 2563 1002 2586 creat
1014 2557 1224 2589 exantlantibus,
1234 2558 1270 2584 ita
1287 2563 1313 2584 et
1327 2557 1440 2584 scientia
1455 2555 1660 2590 contemplativa
1677 2554 1711 2582 iis

928 2604 974 2639 qui
987 2603 1079 2631 volunt
1087 2603 1200 2630 virtutes
1213 2609 1286 2630 recte
1296 2610 1425 2630 exercere
1434 2601 1712 2635 animaecorporisque

929 2655 957 2678 ct
987 2649 1076 2677 divina
1106 2649 1278 2684 intelligere,
1306 2655 1334 2676 et
1355 2649 1484 2676 caelorum
1507 2654 1618 2682 regnum
1651 2645 1711 2672 adi-

930 2704 1007 2732 ptsm.

609 2773 631 2788 ‘°
647 2780 673 2798 v.
693 2771 720 2798 9.
758 2770 779 2786 ⁸⁷
800 2769 872 2798 ν.Η.
912 2767 933 2783 ⁸⁸
953 2774 978 2793 v.
998 2766 1041 2793 Η.
1079 2764 1101 2781 δ’
1115 2773 1141 2794 ν.
1158 2765 1202 2794 15.

961 2830 999 2863 t2)
1022 2829 1071 2856 llic
1091 2829 1180 2856 innuit
1200 2828 1330 2862 Origenes
1351 2835 1472 2855 errorem
1497 2826 1570 2853 illum
1588 2833 1664 2853 suum
1681 2825 1716 2852 de

928 2865 1030 2893 futura.
1043 2869 1103 2898 post
1119 2865 1211 2896 vitam,
1223 2865 1399 2891 couvcrsione
1411 2863 1565 2897 impiorum,
1580 2866 1607 2888 et
1618 2867 1714 2896 ptBna-

884 2934 887 2937 ρ
929 2908 985 2927 rutn
998 2899 1060 2926 iiuc.
