1919 3074
245 145 295 174 175

666 145 942 174 SUPPLEMENTUM
957 147 1002 174 AD
1017 147 1176 176 ORIGENIS
1194 147 1397 178 EXEGETICA.

1798 153 1849 182 176

278 204 300 220 ¹⁰
309 204 359 232 llic
381 202 499 230 mulieris
517 201 648 230 vocabulo
670 203 810 231 scientiam
828 203 875 231 Dei
890 204 1015 236 denotat;

1106 205 1223 231 Γυναῖκα
1239 205 1353 232 ἐνταῦθα
1367 205 1416 241 τὴν
1433 205 1478 232 τοῦ
1491 205 1557 234 Θεοῦ
1581 207 1681 246 γνῶσιγν
1703 210 1830 245 σημαίνει
1840 219 1846 226 ·

241 257 302 285 qua:
316 250 392 277 nobis
407 249 462 283 iam
479 248 542 275 inde
555 248 590 275 ab
617 248 798 276 adolescentia
825 249 924 276 tradita
954 249 1021 282 fuit;

241 301 269 324 et
281 303 360 331 quam
374 294 497 329 superius
517 293 646 322 Salomon
662 294 813 329 iuventutis
837 295 1021 328 magisterium

241 342 321 369 dixit.
333 340 404 373 -Fili,
421 339 492 368 enim
514 340 610 375 inquit,
627 347 660 368 ne
671 344 696 368 te
710 341 952 376 capiatconsilium
964 349 1021 369 ma-

240 389 296 415 lum
308 387 346 423 (id
361 392 403 415 est
411 387 535 415 diabolus
550 387 682 414 malorum
697 388 872 416 consiliorum
890 386 1020 422 molitor),

241 442 295 469 quo
305 434 430 462 doctrina
447 433 598 468 iuventutis
611 433 756 467 deseritur,
775 438 802 461 et
822 434 942 461 divinum
969 433 1020 461 fte-

240 481 290 508 dns
304 479 433 508 oblivioni
455 479 580 506 traditur.
595 479 699 506 Oblivio
714 484 804 507 autem
825 484 852 507 et
866 479 1018 512 derelictio,

238 533 364 561 possessu
381 525 503 554 scientia:
522 525 669 553 deteriores
685 530 767 558 sunt,
790 525 874 553 veluti
902 526 1019 553 sanitate

239 571 317 606 longe
331 570 407 606 pejor
419 570 541 603 morbus,
555 574 582 597 ct
595 569 663 597 inira
678 570 760 597 vitam
774 577 856 597 mors.
874 569 960 596 Simul
976 574 1016 596 ta-

238 625 298 645 men
312 617 371 651 ipsa
392 616 504 644 scientia
520 620 547 642 et
565 620 652 643 mater
665 615 766 643 dicitur
793 621 820 643 ct
846 623 914 643 uror
936 620 1018 650 atque

235 671 314 692 soror
330 671 338 690 :
354 667 451 694 mater,
465 663 527 697 quia
542 662 587 697 qui
607 662 699 690 docuit
717 670 760 690 me
772 683 779 695 ,
806 669 854 697 per
877 662 1016 689 scientiam

236 710 388 745 megenuit,
400 713 429 736 ut
444 708 540 735 Paulus
552 715 599 743 per
613 708 785 742 Evangelium
799 707 925 735 Galatas:
937 715 1014 739 uxor.

234 757 298 791 quia
315 755 379 782 mihi
391 755 514 789 copulata
527 755 598 789 parit
612 755 725 781 virtutes
738 759 766 781 et
784 758 855 781 recta
871 754 1013 789 dogmata;

235 799 369 834 siquidem
387 807 481 834 reapse
507 798 619 826 scientia
637 799 708 833 parit
737 799 796 825 viro
821 799 988 833 prudentiam
1005 807 1012 825 :

234 852 326 878 soror,
341 845 404 879 quia
418 852 468 880 ego
482 844 583 879 pariter
608 850 688 878 atque
717 844 762 870 illa
787 852 820 871 ex
847 851 902 871 uno
929 844 1012 880 geniti

1073 251 1140 286 αὕτη
1155 251 1182 278 δὲ
1196 252 1228 278 ἐκ
1244 252 1367 287 νεότητος
1389 252 1454 288 ἡμῖν
1481 252 1575 288 ἐδόθη·
1607 254 1702 288 ἥντινα
1726 255 1851 293 ἀνωτέρω

1071 297 1243 325 διδασκαλίαν
1251 300 1265 325 6
1275 299 1399 335 Σολομῶν
1409 301 1533 337 νεότητος
1543 302 1616 337 λέγει
1628 311 1635 318 ·
1645 303 1702 336 Υιὲ,
1711 304 1766 341 γάρ
1774 314 1810 341 φη
1815 315 1850 338 σι,

1072 343 1108 378 μή
1126 351 1156 369 σε
1174 344 1313 381 καταλάϐῃ
1327 345 1408 382 βουλὴ
1423 347 1495 383 κακὴ
1518 347 1580 382 (τὸν
1606 347 1727 377 διάϐολον
1753 349 1850 385 λέγων,

1069 389 1108 420 ὡς
1123 389 1215 421 κακῶς
1230 389 1461 428 βουλευσάμενον)·
1494 393 1511 428 ἡ
1533 393 1702 422 ἀπολιποῦσα
1729 395 1850 423 διδασκαρ

1069 434 1129 462 λίαν
1152 435 1285 471 νεότητος,
1313 438 1360 464 καὶ
1386 437 1516 474 διαθήκην
1535 439 1609 467 θείαν
1634 441 1848 478 ὲπιλελησμένη·

1069 478 1136 523 λήθη
1151 480 1178 507 δὲ
1191 481 1237 508 καὶ
1253 481 1404 517 ἀπόλειψις,
1421 484 1547 518 γνώσεως
1563 486 1686 522 κτήσεως
1709 487 1848 523 δεύτεραι·

1069 522 1163 559 ὥσπερ
1178 525 1225 551 καὶ
1235 525 1328 559 ὑγείας
1340 527 1416 559 νόσος
1427 528 1538 565 ἐσχάτη,
1566 531 1612 556 καὶ
1639 530 1712 566 ζωῆς
1737 522 1849 564 θάνατος

1067 568 1207 605 δεύτερος·
1225 571 1282 606 ἅμα
1295 572 1323 599 δὲ
1336 573 1383 600 καὶ
1406 573 1510 606 τούτοις
1523 584 1562 608 τε,
1577 575 1618 602 ὅτι
1644 577 1713 613 ὅπερ
1737 578 1755 612 ή
1780 578 1848 614 αὐτὴ

1067 614 1175 648 γνῶσις,
1193 617 1240 643 καὶ
1264 618 1355 654 μήτηρ
1368 618 1476 653 λέγεται
1492 621 1538 647 καὶ¹
1553 622 1621 657 γυνὴ
1645 623 1693 650 καὶ
1725 622 1826 659 ἀδελφή
1839 632 1846 639 “

1068 661 1158 697 μήτηρ
1171 662 1229 697 μὲν,
1242 664 1335 700 ἐπειδὴ
1350 665 1365 691 6
1382 664 1489 698 διδάξας
1509 674 1553 701 με,
1573 667 1607 694 δι’
1617 667 1702 703 αὐτῆς
1715 676 1749 704 με
1761 668 1848 703 γεγέν-

1065 715 1155 741 νηκεν,
1166 708 1203 740 ὡς
1211 709 1314 741 Παῦλος
1328 709 1371 737 διὰ
1386 710 1432 737 τοῦ
1446 711 1610 746 Εὑαγγελίου
1626 713 1747 746 Γαλάτας
1759 723 1766 729 ·
1783 715 1847 749 γυνὴ

1064 752 1102 784 δὲ,
1123 753 1163 780 ὗτι
1189 755 1304 782 συνοῦσά
1318 764 1363 791 μοι
1383 756 1468 784 τίκτει
1481 758 1530 789 τὰς
1548 759 1647 794 ἀρετὰς
1663 759 1710 786 καὶ
1725 759 1847 795 δόγματα

1064 797 1146 834 ὀρθά·
1164 798 1234 833 εἴγε
1247 800 1263 834 ή
1280 801 1360 834 σοφία
1375 801 1451 838 ἀνδρὶ
1466 803 1552 829 τίκτει
1565 803 1695 839 φρόνησιν
1708 813 1715 819 ·
1734 805 1844 840 ἀδελφὴ,

1064 843 1104 870 ὅτι
1118 843 1175 878 ἐγώ
1184 853 1213 871 τε
1230 846 1276 872 καὶ
1285 845 1353 880 αῦτη
1367 847 1400 872 ἐκ
1415 847 1462 874 τοῦ
1477 848 1535 879 ἐνὸς
1549 848 1699 884 γεγόναμεν
1715 849 1784 876 Θεοῦ
1800 850 1845 876 καὶ

235 890 334 917 luimus
347 890 401 917 Deo
415 879 504 916 Patre.
517 888 567 915 Dic
584 888 668 921 enim,
684 888 784 924 inquit,
812 879 959 924 sapientitv,
984 893 1012 915 ut

1062 888 1182 924 Πατρός·
1197 885 1291 917 Εἶπον
1301 879 1366 928 γὰρ,
1383 891 1460 928 φησὶ,
1476 892 1534 927 τὴν
1545 879 1667 928 ἇοᾷίιηί,
1681 893 1746 928 σὴν
1760 894 1844 922 ἀδελ-

231 945 308 965 sorar
321 943 366 964 tua
379 937 412 964 sit
427 936 461 963 “.

265 983 289 1000 “
304 983 398 1012 Gratia
411 987 440 1012 et
467 983 586 1011 amicitia
613 983 741 1011 liberant.
756 981 848 1010 Virtus
868 987 958 1010 autem
983 987 1009 1010 et

232 1029 344 1058 scientia
376 1028 535 1057 rationalem
552 1029 670 1056 animam
688 1028 816 1057 liberant.
832 1028 899 1055 Nam
924 1029 1009 1064 gratia

228 1082 257 1104 et
274 1075 406 1109 amicitia,
420 1075 507 1103 virtus
518 1080 546 1103 ct
560 1075 674 1103 scientia
695 1080 768 1102 sunt.
788 1074 847 1102 iam
860 1075 884 1102 si
913 1082 1010 1103 cervus

227 1129 260 1149 cx
281 1121 412 1154 amicitia,
427 1126 455 1148 et
470 1120 560 1156 pullus
577 1127 610 1147 cx
634 1120 729 1156 gratiis
757 1119 894 1155 gignitur;
915 1127 1010 1147 cervus

227 1166 338 1201 quidem
353 1172 397 1194 est
420 1165 657 1200 contemplationis
675 1165 837 1201 symbolum,
855 1165 943 1200 pullus
958 1173 1008 1192 nu-

228 1215 282 1238 tem
294 1210 396 1245 quietis
416 1217 431 1237 a
447 1209 660 1244 cupiditatibus;
686 1217 800 1244 quorum
828 1209 944 1237 alterum
975 1217 1008 1238 ex

227 1257 384 1289 virtutibus,
400 1256 514 1284 alterum
537 1263 571 1284 ex
594 1256 705 1284 scientia
722 1256 837 1284 conlieri
868 1264 1008 1292 compara—

229 1309 285 1331 tum
297 1307 350 1330 est.
365 1317 401 1324 —-
415 1303 517 1330 Cervus
531 1307 573 1330 est
589 1302 828 1338 contemplationis
851 1303 1007 1338 symbolum

225 1349 298 1377 circa
314 1356 443 1384 corporea
453 1354 481 1376 ct
495 1349 653 1383 incorporea
667 1353 694 1376 ct
706 1348 848 1377 scientiam
864 1349 908 1376 Dci
921 1358 928 1376 :
940 1349 1007 1376 ami-

225 1395 293 1423 citia
317 1399 417 1425 autem,
432 1394 585 1422 dilectionis
597 1402 660 1429 erga
691 1394 775 1422 Deum
801 1400 829 1422 et
859 1394 1004 1422 homines:

226 1441 317 1476 pullus
333 1440 462 1476 denique.
477 1440 663 1476 imperturbati
676 1441 770 1468 animi.
780 1441 813 1468 Et
829 1441 932 1468 tlicoria
950 1441 1007 1476 qui-

223 1488 286 1515 dem
305 1486 425 1515 seietttia!
443 1485 502 1519 Dei,
521 1493 555 1513 ex
574 1486 671 1513 animae
696 1486 840 1513 virtutibus
869 1486 1004 1521 procreari

225 1533 293 1560 solet
308 1542 314 1559 :
330 1532 448 1563 dilectio,
465 1539 496 1559 ex
511 1531 643 1566 sapientia
663 1539 671 1558 :
688 1531 870 1566 tranquillitas
880 1551 888 1563 ,
903 1539 935 1558 ex
950 1531 1006 1558 vir-
1018 1552 1039 1582 C

225 1578 326 1605 tutibus
337 1578 467 1613 corporis.
481 1576 611 1604 Hortatur
628 1584 694 1604 vero
711 1584 761 1605 nos
779 1582 809 1604 ut
827 1585 889 1604 cum
914 1577 1005 1612 hujus-

225 1624 298 1651 modi
315 1623 411 1659 gratiis
430 1630 537 1659 semper
549 1631 689 1652 versemur
705 1633 712 1652 :
743 1632 805 1652 nam
822 1625 868 1660 qui
884 1632 944 1653 cum
972 1627 1005 1654 iis

224 1674 393 1700 consuescet.
408 1677 462 1697 non
479 1669 512 1697 ad
526 1669 608 1697 Deum
624 1670 710 1698 solum
729 1672 856 1704 accedet,
879 1672 926 1699 sed
942 1679 1004 1699 cum

223 1715 268 1743 illo
282 1715 364 1743 etiam
392 1715 535 1743 habitabit.
551 1731 586 1736 —
600 1715 712 1751 Propria
740 1717 878 1745 rationalis
901 1723 1004 1745 natura:

221 1767 263 1790 est
275 1763 372 1794 virtus,
386 1769 446 1796 quae
463 1761 582 1789 amicitia
604 1763 764 1798 appellatur,
777 1768 806 1791 et
836 1763 890 1791 Deo
912 1765 1003 1792 conci-

220 1808 270 1835 liat
293 1807 455 1843 copulatque
467 1814 515 1835 eos
532 1807 578 1843 qui
597 1815 629 1835 se
644 1813 792 1843 sequuntur
802 1816 850 1844 per
860 1810 1002 1837 scientiam

220 1855 280 1882 Dei.
300 1869 334 1874 —
346 1853 414 1881 Nam
431 1854 479 1888 qui
491 1854 601 1882 virtutis
622 1854 797 1889 scientiaque
821 1863 914 1882 amore
928 1855 1003 1884 duci-

221 1905 276 1935 tur,
294 1906 502 1936 qualescunque
517 1900 658 1929 meliorum
671 1906 725 1929 est.

254 1991 278 2008 "
288 1991 414 2020 Nonnulli
431 1992 482 2019 hoc
495 1991 528 2018 dc
540 1991 652 2025 profana
670 1991 802 2026 sapientia
825 1992 878 2019 dici
895 1997 1000 2027 putant,

219 2037 247 2064 in
259 2044 311 2071 qua
323 2036 368 2064 diu
386 2036 488 2064 versari
506 2043 558 2062 nou
573 2036 691 2070 expedit,
702 2041 812 2071 propter
825 2037 960 2065 haerentes
974 2038 1000 2065 in

219 2089 252 2110 ea
266 2088 384 2110 errores.
394 2080 445 2107 Atii
464 2080 497 2107 de
507 2080 690 2114 improbitate,
707 2081 853 2115 quominus
874 2082 1001 2110 videlicet

220 2125 371 2154 familiares
395 2125 420 2153 ei
447 2125 543 2158 simus,
569 2126 780 2160 interpretantur
806 2126 845 2154 sic
869 2136 875 2154 :
905 2134 1001 2162 nempe

220 2171 295 2205 quia,
307 2171 359 2199 etsi
376 2171 541 2207 impossibile
556 2176 597 2200 est
612 2170 757 2199 hominem'
770 2172 848 2200 malis
858 2174 1000 2208 cogitatio-

1063 933 1125 968 μὴν
1135 932 1222 963 εἶναι.

1103 980 1134 1007 Ἦ
1146 981 1226 1017 χάρις
1238 983 1284 1009 καὶ
1302 982 1319 1019 ἡ
1340 983 1415 1019 φιλία
1431 983 1614 1021 ὲλευθεροῖοή
1640 985 1669 1013 δὲ
1691 986 1778 1022 ἀρετὴ
1798 985 1844 1012 καὶ

1061 1026 1159 1060 γνῶσις
1176 1027 1344 1064 ἐλευθεροῦσι
1375 1029 1463 1066 ψυχὴν
1487 1030 1616 1066 λογικήν·
1645 1032 1662 1067 ὴ
1690 1032 1772 1068 χάρις
1793 1032 1844 1068 γάρ

1061 1073 1108 1099 καὶ
1121 1073 1137 1108 ἡ
1152 1072 1237 1108 φιλία,
1250 1074 1334 1110 ἀρετὴ
1351 1075 1398 1102 καὶ
1415 1075 1515 1110 γνῶσίς
1534 1077 1623 1103 ἐστιν·
1643 1077 1668 1104 εἰ
1692 1077 1721 1104 δὲ
1747 1077 1843 1114 ἔλαφος

1060 1120 1092 1146 ὲκ
1106 1119 1156 1154 τῆς
1166 1119 1266 1154 φιλίας,
1279 1121 1294 1147 6
1305 1121 1392 1153 πῶλος
1410 1122 1442 1148 ὲκ
1455 1121 1509 1149 τῶν
1523 1123 1641 1158 χαρίτων
1654 1124 1783 1158 γεννᾶται
1799 1132 1805 1139 '
1826 1124 1843 1160 ἠ

1059 1163 1105 1192 οὖν
1121 1165 1218 1201 ἐλαφός
1229 1167 1287 1194 εστι
1300 1166 1352 1202 τῆς
1367 1167 1481 1202 Θεωρίας
1493 1168 1641 1204 σύμϐολον·
1665 1170 1680 1196 6
1695 1169 1724 1196 δὲ
1745 1170 1842 1202 πῶλος,

1058 1211 1109 1247 τῆς
1118 1211 1251 1244 ἀπαθείας
1262 1221 1268 1227 ·
1290 1213 1306 1248 ὴ
1327 1213 1376 1248 μὲν
1391 1213 1455 1249 γὰρ,
1469 1213 1498 1247 ἐξ
1514 1214 1618 1250 ἀρετῶν
1628 1223 1635 1229 ·
1650 1215 1668 1250 ἡ
1679 1215 1719 1248 δὲ,
1744 1216 1778 1242 ἐκ
1794 1215 1841 1251 τῆς

1058 1255 1182 1290 γνώσεως
1195 1256 1317 1290 γίνεσθαι
1336 1257 1466 1292 πέφυκεν.
1486 1274 1520 1279 —
1533 1258 1566 1285 Ἡ
1589 1259 1639 1294 μὲν
1659 1260 1760 1295 ἔλαφός
1772 1261 1842 1288 ἐστιν

1058 1301 1174 1338 θεωρίας
1199 1299 1349 1338 σύμϐολον,
1376 1304 1508 1340 σωμάτων
1545 1305 1593 1332 καὶ
1613 1306 1769 1341 ἀσωμάτων
1797 1307 1842 1333 καὶ

1057 1347 1185 1382 γνώσεως
1201 1347 1268 1376 Θεοῦ
1281 1358 1288 1365 ·
1304 1351 1320 1386 ἡ
1335 1350 1364 1376 δὲ
1380 1351 1466 1385 φιλία,
1481 1351 1531 1386 τῆς
1552 1352 1619 1388 πρὸς
1635 1353 1701 1379 Θεὸν
1725 1352 1773 1380 καὶ
1799 1353 1842 1380 τὸν

1058 1394 1169 1430 πλησίον
1187 1395 1295 1431 ἀγάπης
1305 1403 1313 1411 ·
1331 1395 1345 1422 6
1361 1396 1390 1423 δὲ
1411 1396 1511 1429 πῶλος,
1523 1397 1573 1432 τῆς
1587 1398 1721 1430 ἀπαθείας
1731 1407 1739 1414 ·
1755 1399 1804 1426 καὶ
1824 1401 1840 1435 ὴ

1058 1440 1108 1476 μὲν
1122 1441 1222 1480 θεωρία
1239 1442 1289 1477 τῆς
1300 1442 1367 1478 πρὸς
1378 1442 1443 1470 Θεὸν
1455 1443 1590 1477 γνώσεως,
1604 1444 1633 1477 ἐξ
1644 1445 1750 1480 ἀρετῶν
1764 1445 1840 1472 είωθε

1056 1487 1178 1521 γίνεσθαι
1188 1487 1325 1523 ψυχικῶν·
1344 1489 1360 1523 ὴ
1389 1488 1417 1515 δὲ
1433 1489 1537 1524 ἀγάπη,
1553 1490 1585 1516 ὲκ
1611 1489 1660 1525 τῆς
1686 1491 1784 1526 σοφίας
1804 1491 1841 1525 γί-

1056 1532 1148 1560 νεσθαι
1163 1533 1298 1568 πέφυκεν·
1312 1533 1329 1568 ἡ
1345 1533 1373 1560 δὲ
1384 1533 1513 1566 ἀπάθεια,
1530 1535 1562 1561 ὲκ
1576 1534 1630 1561 τῶν
1646 1535 1691 1562 τοῦ
1715 1535 1840 1571 σώματος

1055 1578 1176 1614 ἀρετῶν·
1199 1580 1325 1614 παραινεῖ
1339 1579 1367 1606 δὲ
1392 1580 1466 1615 ἡμᾶς
1486 1581 1546 1613 ταῖς
1575 1580 1713 1614 τοιαύταις
1733 1582 1840 1618 χάρισιν

1055 1624 1100 1651 ἀεὶ
1113 1624 1285 1660 προσομιλεῖν
1293 1633 1300 1639 ·
1317 1625 1330 1651 6
1342 1624 1370 1650 δὲ
1380 1624 1484 1657 τούτοις
1495 1625 1700 1661 ἑμφιλοχωρῶν,
1716 1626 1749 1653 οὐ
1761 1627 1840 1662 μόνον

1053 1670 1092 1706 τῷ
1103 1670 1162 1706 Θεῷ
1173 1671 1378 1707 προσομιλήσει,
1389 1671 1457 1699 ἀλλά
1479 1673 1525 1699 καὶ
1549 1672 1672 1704 σύνοικος
1694 1673 1838 1708 γενήσεται

1054 1715 1137 1750 αὐτῷ.
1153 1731 1187 1736 —-
1198 1716 1261 1743 Ὶδία
1276 1717 1325 1751 τῆς
1338 1717 1450 1752 λογικῆς
1481 1717 1588 1752 φύσεώς
1619 1718 1693 1744 ἐστιν
1703 1718 1721 1752 ὴ
1743 1717 1837 1752 ἀρετὴ,

1054 1761 1115 1797 ἥτις
1129 1761 1250 1789 καλεῖται
1266 1762 1340 1797 φιλία
1350 1783 1357 1795 ,
1385 1763 1433 1790 καὶ
1449 1763 1621 1798 συμφιλιάζει
1635 1762 1674 1798 τῷ
1697 1762 1759 1798 Θεῷ
1776 1763 1837 1794 τοὺς

1053 1807 1202 1842 ἑπομένους
1216 1807 1283 1843 αὐτῇ
1308 1807 1352 1834 διὰ
1377 1808 1429 1843 τῆς
1455 1807 1581 1842 γνώσεως
1597 1807 1644 1845 τοῦ
1657 1807 1737 1836 Θεοῦ.
1748 1822 1783 1828 --
1794 1807 1837 1834 Ἑν

1052 1851 1107 1887 γὰρ
1120 1854 1153 1888 τῇ
1180 1852 1230 1888 τῆς
1254 1853 1353 1889 ἀρετῆς
1378 1853 1454 1890 φιλία
1475 1854 1520 1880 καὶ
1545 1855 1577 1889 τῇ
1597 1854 1648 1889 τῆς
1675 1853 1837 1888 γνώσεοκ,ό

1052 1898 1317 1934 συμπεριφερόμενος
1346 1898 1488 1931 πολλοστός
1516 1899 1574 1926 ἐστι
1593 1898 1648 1926 τῶν
1678 1898 1834 1934 ὠφελουμέ-

1052 1953 1104 1971 νων
1108 1963 1114 1970 .

1088 1989 1166 2021 Τινὲς
1180 1990 1229 2024 μὲν
1244 1989 1323 2017 τοῦτο
1332 1990 1397 2026 περὶ
1417 1990 1468 2025 τῆς
1481 1989 1579 2023 ἔξωθεν
1593 1990 1688 2025 σοφίας
1708 1988 1833 2025 νομίξου-

1053 2042 1079 2060 σι
1092 2033 1227 2068 λέγεσθαι,
1244 2034 1312 2070 πρὸς
1324 2035 1357 2069 ἢν
1373 2033 1506 2069 χρονίζειν
1519 2035 1549 2061 οὐ
1571 2034 1653 2061 καλὸν
1669 2034 1712 2061 διὰ
1740 2034 1789 2067 τὰς
1806 2033 1834 2059 ἐν

1053 2080 1121 2115 αὐτῇ
1135 2081 1258 2111 ἀπάτας·
1271 2080 1341 2112 τινὲς
1354 2080 1382 2106 δὲ
1405 2081 1470 2116 περὶ
1482 2081 1530 2116 τῆς
1547 2081 1646 2113 κακίας
1667 2081 1714 2108 καὶ
1746 2080 1778 2107 τὸ
1797 2079 1834 2115 μὴ

1051 2125 1135 2152 πολὺν
1147 2125 1217 2153 εἶναι
1244 2126 1312 2161 πρὸς
1329 2126 1429 2162 αὐτὴν,
1452 2126 1649 2162 ἑρμηνεύουσιν
1670 2126 1774 2158 οὕτως·
1793 2125 1833 2152 ὃτι

1051 2170 1178 2198 ἀδύνατον
1190 2170 1239 2206 μὲν
1253 2170 1423 2198 παντάπασιν
1433 2171 1582 2206 ἀπέχεσθαι
1595 2170 1738 2207 ἄνθρωπον
1752 2179 1834 2206 πονη-

218 2216 297 2244 nibus
309 2216 419 2244 omnino
433 2224 526 2245 carere
537 2237 544 2250 ,
556 2222 676 2246 attamen
692 2218 718 2245 in
730 2218 763 2245 iis
778 2226 830 2246 non
848 2219 996 2252 immorari,
1013 2222 1015 2248 I

1061 2218 1104 2246 δῶν
1115 2218 1260 2253 λογισμῶν·
1276 2218 1312 2254 μὴ
1327 2218 1490 2254 ἐγχρονίζειν
1501 2217 1590 2254 μέντοι
1603 2218 1632 2244 ἐν
1641 2217 1743 2250 αὐτοῖς,
1755 2217 1833 2244 δυνα-

218 2260 364 2294 possibile;
376 2269 444 2296 quas
458 2267 556 2290 auctor
570 2261 649 2290 ulnas
658 2262 787 2297 appellat.

1051 2263 1096 2290 τόν
1106 2272 1113 2279 ·
1131 2263 1177 2295 οὓς
1190 2263 1236 2290 καὶ
1252 2264 1376 2298 ἀγκάλας
1391 2263 1476 2290 καλεῖ.

968 2320 1044 2349 CAP.
1065 2320 1108 2349 Vl.

252 2365 278 2382 “
290 2365 449 2401 Quicunque
465 2366 516 2393 sibi
533 2366 648 2394 amicum
671 2366 810 2394 Christum
835 2369 994 2404 despondet,

218 2415 347 2445 tanquam
368 2410 501 2445 justitiam
516 2418 549 2438 ac
568 2412 721 2444 veritatem,
739 2413 761 2440 is
782 2413 901 2442 animam
918 2423 996 2443 suam

217 2457 335 2484 inimicis
347 2457 497 2489 contradit,
515 2457 560 2492 qui
586 2458 708 2486 homines
730 2467 887 2494 oppugnare
909 2461 996 2488 solent

216 2507 327 2536 propter
340 2502 458 2537 ipsorum
475 2509 539 2537 erga
551 2502 720 2531 Salvatorem
744 2505 912 2532 cbaritatem.
929 2504 995 2531 Nam

216 2547 336 2575 charilas
343 2548 483 2583 spiritalis,
491 2552 532 2576 cst
541 2548 654 2576 scientia
667 2549 724 2581 Dei,
735 2550 811 2584 cujus
823 2557 903 2577 causa
912 2550 995 2577 sancti

216 2595 266 2622 viri
287 2594 336 2622 Dci
356 2599 418 2622 sunt
443 2595 534 2626 amici,
553 2600 582 2622 ut
604 2594 722 2623 Joannes
749 2595 869 2631 Baptista
893 2597 997 2624 amicus

215 2642 305 2676 sportsi
317 2646 386 2673 erat,
408 2640 576 2676 Moysesque,
589 2646 617 2668 et
630 2641 741 2676 apostoli
759 2650 766 2668 :
782 2641 842 2669 lam
857 2643 939 2676 enim,
957 2643 997 2670 in-

216 2687 283 2720 quit,
294 2695 346 2714 non
359 2686 500 2722 appellabo
511 2694 558 2714 vos
569 2694 673 2719 servos,
686 2687 732 2714 sed
744 2688 857 2715 amicos.

250 2778 273 2793 "
287 2778 381 2806 Viden‘
393 2784 528 2807 certamen
546 2783 573 2806 et
594 2779 761 2814 vigilantiam
773 2778 785 2805 3
797 2778 900 2806 Anima:
913 2778 992 2812 quip-

249 2855 271 2871 '°
285 2863 309 2882 ν.
328 2856 369 2883 18.
405 2857 428 2873 ἰ
444 2855 522 2883 Prov.
543 2863 587 2890 vtt,
601 2855 626 2883 4.
665 2856 688 2871 ⁵¹
702 2855 782 2882 v.19.
820 2855 842 2871 ⁸³
861 2863 885 2882 v.
902 2855 946 2882 20.
986 2855 1006 2871 "
1025 2864 1048 2882 v.
1069 2855 1096 2882 5.

1085 2370 1142 2401 Πᾶς
1166 2370 1181 2396 6
1206 2369 1250 2396 τὸν
1275 2369 1351 2403 φίλον
1375 2369 1421 2395 τὸν
1443 2368 1561 2404 Χριστὸν
1584 2367 1778 2402 ἑγγυὼμενος,“
1795 2366 1832 2396 ὡς

1048 2415 1220 2450 δικαιοσύνην
1245 2414 1291 2441 καὶ
1314 2413 1452 2449 ἀλήθειαν,
1473 2413 1641 2448 παραδίδωσι
1664 2413 1714 2448 τὴν
1733 2411 1830 2439 ἑαυτοῦ

1048 2461 1136 2497 ψυχὴν
1145 2462 1202 2492 τοῖς
1216 2460 1331 2496 ἐχθροῖς,
1339 2461 1395 2491 τοῖς
1408 2459 1514 2486 εἰωθόσι
1529 2458 1656 2493 πολεμεῖν
1663 2459 1718 2490 τοῖς
1729 2457 1832 2493 ἀνθρὼ-

1049 2515 1120 2538 ποις,
1138 2505 1182 2532 διὰ
1194 2505 1242 2540 τὴν
1267 2504 1334 2540 πρὸς
1347 2504 1392 2532 τὸν
1413 2505 1526 2540 Σωτῆρα
1546 2504 1652 2538 φιλίαν·
1675 2503 1752 2538 φιλία
1778 2503 1831 2539 γάρ

1050 2554 1107 2579 ἐστι
1121 2551 1303 2586 πνευματικὴ,
1322 2550 1421 2585 γνῶσις
1434 2549 1511 2583 Θεοῦ,
1523 2549 1584 2576 καθ’
1599 2550 1632 2584 ἢν
1645 2550 1691 2576 καὶ
1707 2549 1732 2575 οἱ
1758 2549 1831 2583 ἅγιοι

1051 2596 1122 2630 φίλοι
1149 2595 1215 2622 Θεοῦ
1235 2594 1456 2631 χρηματίζουσιν,
1471 2595 1508 2626 ὡς
1522 2595 1536 2620 6
1554 2594 1679 2629 Ἰωάννης
1705 2594 1719 2620 6
1733 2594 1831 2620 Βατι-τι-

1051 2641 1115 2676 στὴς
1128 2640 1202 2675 φίλος
1212 2638 1246 2675 ἦν
1260 2639 1307 2666 τοῦ
1319 2640 1445 2674 νυμφίου,
1454 2639 1572 2674 Μωῡσῆς
1584 2647 1614 2665 τε
1631 2639 1677 2665 καὶ
1686 2638 1831 2665 οίάπόστο-

1050 2686 1105 2712 λοι·
1121 2684 1291 2720 Οὐκέτιγὰρ,
1315 2685 1406 2720 φησὶν,
1420 2684 1491 2719 ὑμᾶς
1516 2683 1590 2710 καλῶ
1619 2684 1738 2716 δούλους,
1764 2682 1831 2710 ἀλλὰ

1050 2732 1150 2766 φίλους.

1086 2778 1166 2813 Ὁρᾷς
1181 2778 1272 2810 ἀγῶνα
1287 2777 1334 2804 καὶ
1347 2776 1515 2812 ἀγρυπνίαν;
1533 2775 1636 2806 ’Ὕπνος
1648 2775 1699 2810 μέν
1711 2775 1769 2802 ἐστι
1779 2774 1830 2809 ψυ-

1135 2855 1157 2870 ²¹
1171 2862 1196 2882 ι’.
1214 2855 1238 2881 6.
