1919 3074
93 102 139 129 ΠἹ

686 100 869 128 EXPOSlTiO
885 100 916 126 IN
935 99 1140 127 PROVERBIA.

1673 97 1723 123 173

95 162 143 199 χῆς
159 163 178 198 ἡ
207 162 270 189 κατ’
294 162 437 198 ἐνέργειαν
457 163 594 199 ἁμαρτίαι
619 162 772 198 νυσταγμδς
799 162 838 193 δὲ,
861 162 879 188 τὶ

942 169 974 196 pe
992 167 1103 188 somnus
1119 164 1159 188 est
1169 163 1309 195 peractum
1325 163 1464 192 peccatum
1480 166 1485 182 :
1504 157 1660 185 dortmtatiu
1679 165 1723 182 an-

95 209 202 244 πρῶτον
213 210 243 236 ὲν
260 211 296 245 τῇ
309 209 383 245 ψυχῇ
403 209 593 245 συνιστάμενον
607 208 761 244 ἀκάθαρτον
781 208 870 244 νόημα
880 217 886 223 '

97 256 305 291 ἐπινυσταγμὸς
318 255 347 282 δὲ
357 257 374 291 ἡ
388 256 455 292 πρὸς
465 255 498 282 τὰ
513 255 595 291 χείρω
606 256 676 291 ῥοπή
685 263 691 270 ·
707 255 804 282 κωλύει
817 253 863 281 οὖν
874 255 889 281 ὁ

100 303 148 338 μὲν
157 302 239 338 νόμος
254 303 301 329 τὸν
321 302 420 329 ὕπνονι
434 303 477 329 τὸν
498 302 527 329 δὲ
541 301 694 337 νυσταγμὸν
717 301 748 328 τὸ
768 300 889 336 Εὐαγγέ-

99 349 152 375 λιον
161 358 168 364 ·
179 350 206 375 εῐ
217 357 251 383 γε
259 349 274 375 ὁ
284 349 333 385 μὲν
348 348 507 384 περικόπτει
519 349 568 384 τὴν
580 349 639 375 κατ’
652 347 790 384 ἐνέργειαν
804 349 890 383 ἁμαρ-

98 395 174 422 τίανσ
192 394 222 421 τδ
241 395 283 427 δὲ,
297 394 347 430 τὴν
366 395 437 422 κατὰ
451 394 570 422 διάνοιαν
595 394 703 430 πρῶτον
728 394 889 429 συνισταμέ-

97 450 144 476 νην
158 441 269 468 κακίαν·
288 440 403 477 Ἐρρέθη
413 441 478 478 γὰρ,
494 441 570 477 φησὶ,
583 442 637 473 τοῖς
651 440 783 476 ἀρχαίοις.
792 440 830 468 Οὐ
842 448 888 474 φο-

95 487 202 519 νεύσεις
214 495 223 503 ο
238 486 294 522 ἐγὼ
304 487 332 513 δὲ
341 486 412 520 λέγω
424 487 497 523 ὑμῖν,
513 487 570 514 Οὐκ
583 486 744 522 ὀργισθήσῃ.

132 533 309 569 Σημειωτέον
321 532 448 566 ἐνταῦθα,
463 533 504 559 ὅτι
515 533 564 569 τὴν
576 532 623 559 τοῦ
642 532 785 568 μύρμηκος
809 539 888 566 φυσι-

96 578 147 612 κὴν
164 578 329 614 ἐναρμόνιον
346 579 463 614 κίνησιν,
488 578 583 613 σοφίαν
609 578 702 605 καλεῖ·
723 577 769 604 καὶ
793 577 848 613 γὰρ
872 577 887 603 ὸ

94 623 253 660 σοφώτερος
272 624 366 659 σοφοῦ,
395 624 547 660 σοφώτερος
573 624 697 659 λέγεται”
714 623 773 656 πῶς
792 623 820 650 δὲ
839 624 887 649 καὶ

92 670 142 697 οὒκ
154 670 231 697 ἔστιν
249 670 302 697 ὑπὸ
317 670 460 706 δεσπότην,
477 670 503 697 εί
518 678 550 705 γε
569 670 603 696 τὰ
632 670 776 705 σύμπαντα
805 670 886 697 δοῦλα

90 716 137 743 τοῦ
155 715 227 742 Θεοῦ
242 716 276 751 ςῆ
291 717 398 752 μήποτε
409 717 423 743 ὁ
439 716 505 748 Θεὸς
531 716 639 751 λέγεται
654 716 784 751 δεσπότης
794 716 884 751 διχῶς,

89 762 128 793 ὡς
142 761 324 798 δημιουργὸς,
342 762 389 789 καὶ
402 762 440 794 ὡς
456 762 672 797 γινωσκόμενος-ς
688 762 735 789 Διδ
750 762 797 789 καὶ
812 763 886 789 Παῦ-

89 807 134 839 λος
165 807 291 843 γράφει·
311 808 387 835 Νυνὶ
414 807 449 835 δὲ
469 807 718 843 ἐλευθερωθέντες
744 808 804 836 ἀπὸ
831 807 886 842 τῆς

941 213 994 235 tem
1006 206 1138 235 conﬂatus
1150 207 1177 233 in
1191 206 1282 233 anima
1297 206 1420 240 impurus
1432 205 1566 239 cogitatus
1583 212 1591 231 :
1608 203 1724 238 denique

940 253 1136 285 indormilalio.
1145 251 1290 280 declinatio
1301 252 1335 278 ad
1348 251 1495 278 deteriora.
1508 250 1586 278 Vetat
1599 257 1722 277 somnum

939 301 993 334 lex,
1010 299 1228 328 dormitationem
1245 298 1420 333 Evangelium
1434 306 1441 324 :
1458 297 1502 324 illa
1513 297 1585 324 enim
1605 300 1723 331 amputat

939 346 1043 382 peccati
1058 344 1329 375 eonsunnnationem,
1351 344 1403 371 hoc
1430 343 1615 371 suborientem
1639 343 1722 370 menti

939 392 1096 427 nequitiam.
1111 390 1177 418 Nam
1192 390 1292 417 dictum
1307 389 1356 416 fuit
1371 389 1490 424 antiquis
1505 397 1512 415 :
1529 388 1588 416 Non
1605 389 1722 420 occides;

938 446 989 474 ego
1006 442 1097 466 autem
1110 438 1172 466 dico
1183 435 1270 470 vobis,
1286 436 1346 463 Non
1362 435 1490 463 irascaris

975 526 998 543 ⁸⁸
1018 525 1067 554 llic
1083 524 1352 553 animadvertendum
1366 528 1419 556 est,
1436 522 1557 551 formica:
1574 522 1722 550 naturalem

937 576 1102 604 concinnum
1115 578 1231 607 motum,
1248 573 1341 601 vocari
1365 571 1400 599 ab
1414 576 1524 598 auctore
1550 570 1722 605 sapientiam.

937 622 1005 649 Nam
1019 621 1065 656 qui
1077 625 1119 648 est
1132 619 1255 655 sapiente
1271 618 1430 653 sapientior,
1446 617 1468 644 is
1494 616 1593 644 dicitur
1614 616 1722 651 sapien-

939 668 1003 696 tior.
1016 666 1160 701 Quomodo
1176 670 1266 693 autem
1284 665 1395 692 formica
1410 664 1462 691 sub
1480 662 1589 690 domino
1603 670 1656 690 non
1668 665 1723 695 est,

937 712 1161 749 quandoquidem
1173 712 1263 739 omnia
1282 711 1338 738 Deo
1359 709 1542 737 famulantur?
1571 708 1623 736 nisi
1651 707 1723 743 quod

938 759 1008 787 Deus
1020 757 1166 793 dupliciter
1177 756 1276 784 dicitur
1289 755 1424 788 dominus,
1437 760 1463 783 et
1481 755 1544 790 quia
1565 759 1682 786 creator,
1696 757 1723 780 et

937 805 1000 841 quia
1015 804 1151 839 cognitus.
1169 803 1293 836 Quarect
1311 801 1409 829 Paulus
1425 801 1520 828 scribit
1540 810 1546 826 :
1563 799 1640 827 Nunc
1663 808 1722 826 vero

86 854 249 888 ἁμαρτίας,
265 853 467 887 δουλωθέντες
480 853 515 881 δὲ
531 854 572 887 τῷ
598 853 658 887 Θεῷ
675 854 806 890 (δηλονότι
821 855 879 881 κατ¹

938 851 1042 878 liberati
1055 859 1070 877 α
1082 855 1198 885 peccato,
1209 848 1277 876 servi
1287 852 1374 874 autem
1397 847 1460 882 facti
1474 846 1529 874 Deo
1545 846 1583 882 (id
1613 851 1654 874 est
1680 854 1724 874 se-

85 900 191 936 ἀρετὴν
214 900 262 928 καὶ
279 900 390 935 γνῶσιν)
403 900 487 935 ἔχετε
515 901 570 928 τὸν
590 900 706 935 καρπὸν
728 901 812 937 ὑμῶν
839 903 881 934 εὶς

84 946 251 981 ἀτιασμύν,
269 945 303 973 τὸ
318 946 352 972 δὲ
365 945 453 980 τέλος
469 945 544 981 ζωὴν
567 947 704 974 αἰώνιον·
733 948 757 974 εί
782 946 809 974 δὲ
833 947 881 974 τοῦ

85 992 212 1019 τοιούτου
225 992 322 1024 τέλους
345 992 456 1028 καὶτῆς
480 992 607 1027 γνώσεως
630 993 744 1029 ἄμοιρός
773 994 846 1021 ἐστιν
868 995 882 1021 ὁ

86 1038 215 1075 μύρμηξ,
227 1038 326 1073 ἄλογος
334 1038 382 1072 ὢν,
406 1039 486 1074 δῆλον
499 1039 541 1066 ὅτι
556 1039 603 1067 καὶ
619 1040 669 1076 τῆς
683 1040 808 1076 τοιαύτης
823 1041 882 1068 δου-

84 1084 162 1116 λείας
179 1084 324 1120 ἐλεύθερος
339 1093 346 1101 ·
363 1084 452 1117 καλῶς
462 1082 507 1112 οὖν
523 1085 630 1120 λέγεται
645 1086 683 1122 μὴ
699 1077 766 1113 εἶναι
780 1087 794 1113 ὁ
812 1087 882 1122 μύρ-

86 1130 142 1165 μηξ
160 1130 218 1157 ὑπὸ
239 1130 384 1166 δεσπότην,
410 1130 480 1157 κατὰ
502 1130 604 1166 ταύτην
630 1131 679 1167 τὴν
703 1132 860 1159 δεσποτείαν
874 1141 880 1148 ·

85 1172 157 1202 εἶναι
173 1175 203 1202 δὲ
219 1175 302 1202 πάλιν
316 1175 371 1202 ὑπὸ
386 1174 542 1203 δεσποτείαν
556 1175 674 1211 λέγεται,
684 1176 735 1204 ὑπὸ
745 1177 789 1204 τὸν
805 1176 881 1209 Θεὸν,

86 1220 126 1253 ὡς
142 1221 198 1248 ὐπὺ
209 1220 390 1258 δημιουργόν.

122 1267 175 1294 Διὰ
200 1268 252 1303 μὲν
275 1267 324 1295 τοῦ
346 1268 492 1304 μύρμηκος
522 1268 610 1295 ἔοικεν
642 1270 656 1295 ὸ
680 1268 805 1304 Σολομῶν
833 1268 882 1305 τὴν

87 1313 249 1349 πρακτικὴν
265 1313 323 1341 ὁδὸν
345 1315 411 1350 ἡμῖν
438 1315 625 1350 ὑπογράφειν·
653 1315 697 1342 διὰ
710 1314 739 1341 δὲ
765 1315 815 1350 τῆς
832 1323 881 1350 με-

87 1358 196 1393 λίσσης,
213 1358 265 1394 τὴν
278 1359 395 1395 θεωρίαν
405 1359 459 1387 τῶν
477 1360 627 1395 γεγονότων
640 1359 766 1395 σημαίνει
780 1361 827 1387 καὶ
834 1360 883 1387 αὺ-

87 1405 134 1432 τοῦ
144 1404 193 1432 τοῦ
209 1405 384 1441 ποιήσαντος,
405 1405 501 1442 ἥντινα
512 1406 560 1432 καὶ
569 1405 684 1442 καθαροὶ
702 1405 749 1432 καὶ
766 1406 883 1442 ἀκάθαρ-

88 1459 142 1482 τοι,
158 1451 208 1478 καὶ
238 1450 318 1485 σοφοὶ
341 1451 389 1478 καὶ
415 1443 534 1487 ἃνόητοι,
558 1451 627 1487 πρὸς
649 1451 698 1487 τὴν
720 1451 771 1487 τῆς
793 1451 882 1488 ψυχῆς

88 1497 185 1531 ὑγείαν
201 1497 401 1533 προσφέρονται
411 1506 417 1512 ·
432 1497 479 1524 καὶ
493 1498 617 1532 φαίνεται
633 1499 682 1534 μέν
698 1507 742 1533 μοι
757 1498 772 1524 ὁ
786 1499 881 1534 κηρὸς,

87 1542 181 1569 αὐτῶν
191 1542 247 1569 τῶν
256 1543 427 1579 πραγμάτων
441 1543 518 1578 λόγον
530 1544 636 1580 ἐπέχειν
645 1552 653 1559 ·
670 1544 700 1571 τὸ
709 1545 731 1571 δ’
740 1545 880 1573 ἐναποκει-

89 1595 172 1622 μενον
196 1587 273 1624 αὐτῷ
292 1588 364 1624 μέλι,
386 1587 516 1624 σύμϐολον
536 1587 605 1616 εἶναι
629 1590 675 1624 τῆς
692 1590 807 1625 θεωρίας
831 1590 880 1617 αὑ-

86 1632 141 1659 τῶν
154 1641 162 1648 ·
180 1633 251 1660 καὶό
263 1633 313 1669 μὲν
329 1634 414 1677 κηρὸς
429 1634 635 1671 παρελεύσεταιθ
653 1635 683 1663 '0
693 1635 879 1671 οὐρανὺςγὰρ,

87 1679 168 1715 φησὶ,
183 1679 260 1715 καὶὴ
275 1680 311 1715 γῆ
337 1680 549 1716 παρελεύσεται·
567 1680 597 1707 τὸ
615 1680 643 1707 δὲ
668 1679 728 1716 μέλι
751 1681 781 1706 οὐ
810 1689 880 1716 παρ-

87 1725 245 1753 ιλειῖσέται⁸
260 1725 321 1752 οὐδὲ
330 1725 383 1762 γὰρ
398 1726 422 1752 οἱ
436 1726 509 1761 λόγοι
522 1726 735 1762 παρελεύσονται
748 1725 795 1753 τοῦ
824 1727 879 1753 Σω-

86 1770 172 1806 τῆρος
188 1769 268 1806 ἡμῶν
285 1770 375 1806 Ἰησοῦ
389 1771 520 1807 Χριστοῦ·
540 1771 605 1807 περὶ
619 1768 656 1798 ὧν
671 1771 745 1806 λέγει
769 1773 783 1799 ὁ
801 1772 880 1798 Σολο-

88 1815 166 1851 μῶν·
182 1816 279 1850 Κηρία
289 1816 422 1852 μέλιτος,
438 1818 520 1852 λόγοι
538 1818 642 1844 καλοί·
662 1819 822 1853 γλύκασμα
845 1818 879 1845 δὲ

85 1862 196 1895 αὐτῶν,
214 1862 298 1896 ἴασις
311 1862 430 1898 ψυχῆς·
443 1864 491 1891 καὶ
506 1865 520 1890 ὁ
536 1863 626 1896 Δαυῖδ,
641 1864 687 1897 Ὧς
700 1865 877 1900 γλυκύτερα,

86 1909 164 1944 φησὶ,
179 1908 221 1940 τῷ
231 1908 359 1944 λάρυγγί
367 1918 437 1944 μου,
451 1910 488 1937 τὰ
500 1909 587 1945 Mrta’
598 1919 656 1937 σου
670 1910 747 1944 ὑπὲρ
757 1911 826 1945 μέλι
838 1910 879 1944 τῷ

86 1954 216 1989 στόματί
225 1963 288 1989 μου
298 1963 305 1970 ·
323 1954 353 1981 τὸ
368 1955 396 1981 δὲ
407 1955 578 1992 ἀποτέλεσμα
595 1955 642 1983 τοῦ
654 1957 737 1983 πόνου
751 1956 805 1983 τῶν
814 1957 878 1992 ἀρε-

85 1999 140 2027 τῶν
155 1999 204 2027 καὶ
215 2000 265 2035 τῆς
285 2000 422 2035 γνώσεως,
446 2001 527 2028 πόνον
545 2001 686 2037 ὠνόμασε·
710 2002 829 2038 βασιλεῖς
848 2001 877 2029 δὲ

85 2046 133 2072 καὶ
162 2045 281 2078 ἰδιώτας,
296 2046 327 2073 οὺ
340 2047 403 2078 τοὺς
418 2047 449 2074 τὸ
459 2047 578 2083 διάδημα
589 2048 699 2082 ἔχοντας
709 2067 717 2080 ,
740 2048 756 2083 ἢ
771 2047 832 2079 τοὺς
847 2048 876 2074 ἐν

85 2091 187 2127 κοπρίᾳ
199 2091 320 2127 πένητας
331 2092 415 2126 λέγει,
431 2092 499 2119 ἀλλὰ
513 2093 576 2125 τοὺς
592 2093 660 2128 πρὸς
682 2093 729 2120 τὸν
744 2093 809 2120 Θεὸν
830 2093 876 2120 τὸν

84 2137 146 2164 νοῦν
162 2138 360 2173 σεσοφισμένον
372 2139 419 2166 καὶ
434 2140 590 2176 ἐρρωμένον
603 2141 664 2172 ταῖς
679 2140 787 2176 ἀρεταῖς
800 2139 874 2175 ἕχον-

83 2191 142 2216 τας,
163 2184 283 2219 βασιλεῖς
295 2184 378 2218 λέγει.

122 2230 156 2256 Ὃ
175 2229 262 2261 ὕπνος
274 2227 351 2262 οὗτος
363 2230 431 2267 μάνῃ
446 2230 566 2266 πέφυκεν
581 2230 787 2267 ὲπισυμϐαίνειν
800 2230 872 2266 ψυχῇ

82 2275 179 2311 λογικῇ
190 2283 198 2290 ·
209 2276 337 2311 σημαίνει
351 2276 404 2311 γὰρ
421 2276 539 2304 ἐνταῦθα
553 2276 689 2313 [άγνοι]αν
707 2276 755 2304 καὶ
785 2277 874 2311 ἀγνω-

84 2319 202 2349 σίανσῶν
213 2323 231 2357 ἡ
244 2322 384 2358 ἀγρυπνία
395 2324 467 2350 ποιεῖ
477 2323 593 2357 τινα,ὼς
605 2324 743 2360 στρουθίον
759 2323 873 2360 μονάζον

84 2369 130 2395 ἐπὶ
148 2368 284 2404 δώματος.

119 2415 289 2450 Προσεκτέον
307 2414 424 2442 ἐνταῦθα
439 2415 543 2451 μήποτε
561 2415 614 2451 ἄρα
635 2415 679 2442 διὰ
704 2416 757 2443 τῶν
784 2416 871 2443 τοιού-

84 2469 137 2487 των
152 2460 312 2496 κινημάτων
327 2461 374 2488 τοῦ
389 2460 514 2496 σώματος
529 2461 698 2496 γινώσκωσιν
716 2462 741 2488 οί
753 2462 872 2489 ἀντικεί-

84 2515 159 2542 μενοι
171 2507 237 2539 τοὺς
251 2507 343 2535 αὐτῶν
361 2507 508 2544 λογισμοὺς
526 2509 555 2535 ὲν
572 2509 637 2544 ἡμῖν
655 2500 871 2543 στρεφομένους*

933 897 1051 926 cundum
1063 897 1192 924 virtutem
1208 903 1240 923 ac
1252 894 1517 929 scientiam),habetia
1538 893 1652 928 fructum
1679 900 1721 919 ne-

932 949 1016 971 utrum
1030 944 1057 970 in
1066 942 1398 978 sanctiﬁcationentmiiem
1406 949 1465 968 vero
1474 941 1552 968 vitam
1560 940 1718 968 cateruam".

932 991 990 1018 Jam
1003 991 1024 1018 si
1047 990 1108 1018 linis
1135 989 1286 1023 huiusmodi
1313 993 1394 1022 atque
1415 987 1539 1015 scientia:
1558 994 1657 1020 expers
1680 991 1721 1013 est

934 1036 1047 1064 formica
1058 1040 1152 1070 utpote
1165 1034 1341 1065 irrationalis,
1354 1036 1461 1060 constat
1477 1040 1537 1060 eam
1553 1040 1614 1060 esse
1625 1033 1720 1067 hujus-

933 1082 1037 1111 cemodi
1049 1090 1158 1118 quoque
1172 1080 1303 1108 famulatu
1318 1080 1453 1108 liberam.’
1461 1079 1534 1108 Bene
1544 1087 1609 1114 ergo
1620 1079 1720 1107 dicitur

934 1129 1047 1157 formica
1066 1135 1119 1155 non
1134 1134 1195 1155 esse
1224 1127 1274 1154 sub
1290 1126 1411 1156 domino,
1428 1125 1578 1153 secundum
1593 1125 1718 1160 hujusce-

934 1174 1006 1201 ntodi
1025 1173 1204 1201 dominatum.
1215 1173 1342 1200 Attamen
1357 1171 1408 1199 sub
1423 1171 1469 1198 Dei
1488 1171 1624 1204 dominatu
1639 1170 1720 1198 vicis-

933 1221 983 1248 sim
1000 1220 1112 1252 dicitur,
1126 1220 1175 1247 sub
1189 1227 1221 1246 eo
1236 1218 1339 1246 scilicet
1354 1222 1483 1252 tanquam
1499 1222 1635 1244 creatore.

970 1266 993 1282 ⁸⁸
1008 1265 1140 1293 Formicae
1160 1265 1339 1292 similitudine
1354 1264 1462 1292 videtur
1486 1265 1563 1292 nobis
1591 1264 1719 1291 Salomon

933 1313 1005 1340 viam
1036 1311 1133 1347 agendi
1162 1311 1320 1345 describere
1348 1319 1356 1337 :
1384 1318 1434 1346 ape
1463 1314 1552 1337 autem
1586 1310 1719 1338 tbeoriam

933 1363 1056 1386 actarum
1074 1365 1164 1385 rerum
1180 1357 1318 1392 ipsiusque
1345 1357 1447 1384 actoris
1463 1357 1594 1384 denotare
1609 1365 1615 1382 ε
1638 1364 1718 1391 quam

934 1405 1066 1432 tbeoriam
1090 1411 1139 1432 seu
1155 1403 1306 1431 doctrinam
1326 1404 1384 1438 puri
1406 1410 1483 1437 mque
1505 1407 1588 1437 atque
1609 1403 1719 1437 impuri,

933 1451 1069 1486 sapientes
1079 1458 1111 1478 ac
1125 1449 1203 1482 fatui,
1217 1450 1249 1476 ad
1273 1457 1329 1477 stne
1348 1450 1447 1477 anima-
1473 1444 1618 1477 sanitatem
1642 1450 1719 1476 adbi-

934 1498 1007 1524 bent.
1027 1495 1061 1524 Et
1073 1496 1137 1523 mihi
1155 1497 1260 1523 videtur
1281 1496 1368 1527 favus,
1393 1495 1513 1529 ipsorum
1547 1496 1718 1530 negotiorum

932 1542 1020 1571 locum
1036 1546 1129 1570 tenere
1143 1550 1150 1569 :
1164 1542 1270 1569 lucrens
1279 1546 1368 1568 autem
1381 1542 1405 1568 ei
1420 1541 1484 1574 mel,
1493 1541 1645 1577 symbolum
1659 1549 1718 1574 esse

932 1589 1186 1623 theorizeipsornm.
1205 1588 1236 1615 Et
1250 1587 1329 1615 favus
1342 1588 1449 1621 quidem
1463 1588 1635 1624 praeteribit:
1656 1595 1717 1614 nam

926 1635 1040 1667 Ctelum,
1054 1635 1186 1670 inquit,ct
1196 1639 1267 1662 terra
1279 1634 1455 1670 przeteribunt
1470 1645 1476 1662 :
1492 1634 1543 1661 mel
1559 1639 1648 1661 tamen
1662 1643 1714 1661 non

930 1681 1089 1718 printer-ibit,
1103 1681 1166 1716 quia
1177 1681 1325 1709 Salvatoris
1339 1681 1424 1709 nostri
1435 1680 1498 1709 Jesu
1517 1671 1618 1708 Christi
1636 1681 1715 1708 verba

930 1736 983 1757 non
996 1727 1181 1763 prteteribnnt.
1203 1727 1240 1755 De
1254 1727 1354 1762 quibus
1382 1728 1450 1755 dicit
1469 1727 1595 1755 Salomon
1613 1736 1620 1754 :
1649 1726 1716 1753 Favi

929 1774 1026 1806 mellis,
1038 1773 1141 1808 pulchri
1159 1781 1310 1806 sermones;
1332 1778 1355 1800 et
1372 1773 1485 1799 dulcedo
1500 1772 1604 1804 horum,
1620 1772 1715 1798 animo:

929 1819 1030 1848 medela
1044 1819 1077 1848 ".
1094 1818 1179 1846 David
1193 1818 1275 1846 etiam
1292 1828 1298 1845 z
1315 1817 1453 1850 Dulciora,
1472 1818 1570 1851 inquit,
1593 1818 1715 1852 faucibus

928 1867 992 1894 meie
1004 1865 1114 1894 oracula
1130 1871 1186 1898 tua,
1201 1864 1259 1900 plus
1273 1873 1350 1899 quam
1363 1864 1414 1891 mel
1429 1864 1469 1891 ori
1493 1872 1549 1891 meo
1582 1864 1615 1892 '°.
1639 1863 1710 1891 Ell‘e-

928 1917 1003 1940 ctum
1015 1919 1081 1939 vero
1095 1911 1197 1939 laboris
1208 1910 1338 1938 virtutum
1353 1915 1433 1945 atque
1444 1910 1577 1942 scientire,
1593 1910 1712 1937 laborem

927 1958 1088 1986 nominavit.
1106 1957 1192 1991 Reges
1205 1964 1287 1991 porro
1304 1961 1331 1984 et
1343 1957 1453 1988 idiotas,
1466 1964 1519 1983 non
1531 1956 1597 1983 dicit
1610 1956 1651 1983 vel
1665 1964 1712 1983 eos

926 2005 972 2040 qui
987 2003 1140 2032 diademate
1158 2007 1302 2035 ornantur,
1318 2001 1360 2029 vel
1370 2002 1404 2029 de
1422 2002 1595 2036 sterquilinio
1611 2007 1711 2035 panpe-

925 2059 971 2079 res
983 2059 990 2083 ;
1004 2051 1051 2078 sed
1063 2049 1186 2077 homines
1197 2050 1242 2084 qui
1256 2057 1319 2084 erga
1332 2049 1416 2076 Deum
1436 2052 1552 2075 tuentem
1570 2048 1637 2074 bene
1648 2054 1710 2073 eru-

924 2097 1010 2124 ditam
1025 2101 1107 2131 atque
1122 2096 1150 2123 in
1173 2095 1322 2124 virtutibus
1338 2095 1511 2124 obfirmatum
1532 2094 1642 2126 habent,
1661 2093 1710 2120 lios

925 2150 1002 2178 reges
1012 2142 1086 2170 dicit.

960 2232 981 2250 ⁶¹
1002 2232 1120 2260 Somnus
1137 2232 1182 2260 hic
1197 2231 1322 2260 rationali
1347 2235 1450 2258 tantum
1476 2231 1572 2259 animae
1592 2231 1707 2265 obrepit.

923 2278 1048 2314 Namque
1059 2279 1103 2307 hic
1123 2279 1262 2314 signiﬁcat
1292 2277 1476 2312 insipientiam
1504 2282 1532 2304 ct.
1561 2277 1706 2304 inscitiam.

924 2325 1069 2360 Evigilatio
1085 2325 1195 2359 quidem
1218 2324 1283 2352 facit
1309 2323 1446 2351 hominem
1477 2327 1605 2357 tanquam
1636 2327 1708 2349 stru—

925 2371 1044 2398 titionem
1064 2370 1217 2397 solitarium
1238 2370 1264 2397 in
1280 2371 1369 2397 domo.

958 2417 980 2432 θ’
994 2416 1043 2443 llic
1057 2416 1250 2443 attendendum
1268 2420 1321 2448 est,
1337 2424 1369 2442 ne
1387 2415 1456 2442 forte
1467 2422 1500 2441 cx
1520 2413 1706 2448 hujuscemodi

922 2463 1044 2498 corporis
1055 2462 1174 2490 motibus
1186 2466 1353 2496 cognoscant
1366 2461 1515 2489 adversarii
1528 2460 1708 2495 cogitationes

921 2509 992 2537 intra
1005 2516 1055 2536 nos
1068 2512 1222 2536 versantes.
1250 2507 1318 2535 Nam
1331 2507 1453 2535 cordium
1481 2507 1590 2542 quidem
1618 2506 1706 2534 solum

83 2552 176 2589 ἐπειδὴ
192 2552 412 2589 καρδιογνώστην
428 2553 508 2590 μόνον
517 2553 563 2581 τὸν
573 2553 639 2581 Θεὸν
651 2552 873 2589 πεπιστεύκαμεν

935 2558 1006 2584 )eum
1021 2556 1187 2591 cognitorem
1203 2562 1263 2583 esse
1280 2556 1425 2583 credimus.

83 2595 139 2626 εἷνα
143 2607 161 2626 ι.

117 2644 174 2676 Πᾶς
187 2645 202 2671 ὁ
216 2644 331 2681 τρώγων
345 2643 396 2677 τὰς
409 2644 568 2682 σάρκαςτοῦ
585 2645 702 2682 Χριστοῦ
716 2645 764 2671 καὶ
784 2645 869 2673 πίνων

83 2689 112 2716 «ιδ
125 2687 194 2725 αἷμα
209 2690 292 2718 αὐτοῦ
307 2690 359 2727 (1),
373 2692 470 2718 κτᾶται
486 2689 556 2727 αἷμα
580 2691 683 2719 δίκαιον
694 2699 702 2708 ·
727 2688 757 2717 οὗ
780 2700 869 2727 στερι-

131 2759 155 2776 ”⁸
167 2769 193 2789 v.
208 2761 238 2789 ϐ.
275 2762 300 2778 ⁸⁷
315 2761 398 2790 Rom.
415 2770 452 2795 vr,
467 2761 513 2789 22.
559 2762 583 2779 ⁸⁸
604 2770 630 2789 ν.
643 2762 671 2791 8.
709 2763 732 2780 "
746 2763 826 2792 Prov.
842 2770 898 2796 xw,
909 2760 954 2788 24.

115 2816 151 2852 (ι)
170 2817 275 2846 Rursus
288 2817 418 2852 Origcnis
431 2817 463 2845 de
478 2817 527 2846 SS.
547 2817 715 2846 Eurharistia
733 2818 868 2846 sententia

959 2646 981 2662 “
995 2646 1155 2681 Quicunque
1166 2646 1266 2674 Christi
1293 2653 1391 2673 carnes
1412 2645 1566 2676 manducat,
1592 2649 1619 2670 et
1647 2640 1708 2678 ejus

922 2693 1084 2729 sanguinem
1102 2692 1180 2725 bibit,
1193 2693 1350 2727 sanguinem
1360 2692 1463 2727 justum
1486 2690 1622 2725 possidet;
1652 2698 1704 2724 qm)

1007 2760 1030 2777 "
1044 2760 1089 2788 Ps.
1109 2768 1205 2790 cxvm.
1222 2760 1282 2788 103.
1326 2761 1346 2777 ⁶¹
1359 2760 1448 2788 ν.9.⁶¹
1465 2768 1490 2787 ν.
1506 2760 1547 2787 l3.
1580 2759 1603 2775 ⁶³
1621 2767 1645 2786 v.
1661 2760 1705 2786 l'l.

925 2816 1034 2851 exponit
1051 2821 1132 2852 atque
1153 2822 1240 2846 tuetur
1255 2817 1405 2845 lluetiusin
1422 2816 1600 2852 Ortgenianis,
1611 2817 1657 2845 lib.
1676 2824 1705 2850 tl,

85 2854 220 2888 catholica,
238 2860 323 2889 quam
342 2851 370 2880 et
396 2853 423 2880 in
451 2852 510 2881 aliis
536 2854 656 2888 ejusdem
679 2855 786 2889 scriptis
811 2854 864 2881 late
919 2853 1025 2880 dissert.
1038 2851 1128 2884 xm“).
