1919 3074
213 119 261 146 Ιτθ

631 110 912 142 SUPPLEMENTUM
928 108 972 136 Al)
992 106 1152 136 ORIGENIS
1169 105 1374 134 EXEGETICA.

1778 103 1829 131 {$0

211 180 232 207 si
247 177 366 213 privetur
387 173 525 203 rationalis
539 173 638 205 anima,
656 180 686 200 ea
700 173 768 200 mori
788 171 897 198 dicitur.
921 169 987 205 Nam

1043 167 1161 202 σχομένη
1181 165 1253 201 ψυχὴ
1273 163 1378 198 λογικὴ,
1403 162 1509 197 λέγεται
1527 162 1723 198 ἀποθνήσκειν·
1747 162 1828 198 Ψυχὴ

211 226 301 252 anima
317 231 376 258 qua:
388 226 490 257 peccat,
504 221 560 255 ipsa
578 221 716 248 morietur.
730 219 806 252 Quod
817 218 838 245 si
858 218 918 253 quis
929 224 992 243 san-

210 272 269 306 guis
283 271 374 305 justus
384 272 436 298 est,
453 266 546 301 utique
563 266 616 293 erit
634 270 662 292 et
685 264 812 299 iniustus,
838 271 917 299 quem
940 262 991 290 sibi

211 315 349 342 attrahunt
364 313 411 348 qui
436 311 581 339 comedunt
601 311 693 337 datum
718 309 744 336 in
769 317 859 336 escam
886 307 992 343 populis

210 361 365 396 Ethiopum
380 359 404 375 ³⁵
419 357 587 393 (draconem)
610 364 679 393 pane
694 356 827 383 mendacii
848 356 989 382 nutritttm.

210 407 242 434 Et
254 413 319 434 sane
335 405 381 440 qui
402 405 453 432 diis
465 403 561 431 alienis
573 403 739 434 sacrificant,
758 402 859 436 justum
881 401 990 435 sangui-

208 460 269 479 nem
284 458 362 478 suum
383 450 582 485 pessumdaut:
602 448 647 483 qui
673 454 763 475 autem
780 453 867 475 semet
887 446 991 474 sacrifi-

207 498 279 524 cium
297 497 352 526 Deo
367 496 416 525 soli
431 495 559 528 oﬂerunt,
575 495 594 521 ii
613 494 771 533 sanguinein
788 494 916 528 injustum
937 493 991 520 dis-

207 538 334 581 perdunt.
355 543 540 578 Subsequetur
563 547 654 570 autem
681 542 791 570 omnino
810 540 901 575 injusti
928 547 991 567 san-

206 590 295 628 guinis
307 590 458 624 corruptio.
476 588 669 616 Verumtamen
697 589 721 615 id
738 588 844 615 nonnisi
859 589 990 621 praesente

205 641 327 671 tempore
339 635 452 668 accidit;
463 635 511 662 sed
522 635 555 662 ab
567 635 644 673 initio
654 642 706 661 non
721 634 771 660 fuit
784 633 833 660 sic.
848 632 905 660 Non
918 631 988 658 enim

205 683 231 710 iu
247 683 333 710 morbi
349 683 521 717 corruptione
537 682 662 712 valetudo
687 679 831 719 puerorum
854 679 916 711 fuit,
943 677 988 712 qui

203 731 261 761 sani
281 729 359 757 initio
369 729 453 763 geniti
467 728 585 756 fuerunt.

239 772 456 810 "Reprehendit
477 779 571 802 mutua
593 773 744 805 mendacia,
771 780 830 807 qua:
855 772 929 806 ipsos
955 773 988 798 ad

204 821 416 856 disceptationes
441 821 585 850 conl‘erunt
605 824 687 853 atque
716 819 786 845 lites.
815 817 862 844 Vel
889 818 988 844 fratres

203 871 278 899 sunt,
298 866 344 900 qui
358 866 511 901 adoptionis
533 865 647 900 gratiam
672 864 785 895 habent,
813 868 840 890 et
865 864 914 891 sub
933 871 986 890 uno

206 917 269 940 sunt
285 916 361 946 patre
375 912 499 943 Christo;
514 920 582 946 quos
600 910 716 937 invicem
738 910 891 937 distrahere
906 918 986 937 cona-

205 964 249 985 tur
264 958 341 985 testis
363 957 529 996 iniquitatis,
546 956 765 992 perturbationes
797 955 864 990 ipsis
886 956 986 982 immit-

201 1010 260 1033 tens
271 1004 421 1039 etjudicia.
439 1004 556 1032 Verbum
571 1010 661 1031 autent
693 1011 701 1027 ι
724 1003 848 1030 accendit
866 1012 874 1028 ι
904 1010 987 1037 appo—

201 1052 284 1082 nitur,
295 1058 325 1079 ut
341 1051 436 1084 credo,
454 1055 565 1085 propter
587 1050 700 1077 vitiosas
716 1050 905 1084 cogitationes,
928 1057 986 1082 qua:

201 1098 320 1125 animum
336 1098 368 1125 ad
382 1097 610 1132 iratn‘odiumque
623 1094 985 1129 inﬂammant,cupiditatem

200 1151 290 1177 autem
321 1145 355 1172 ad
385 1144 473 1178 turpia
497 1149 590 1177 opera.
616 1135 781 1174 llujusmodi
810 1141 986 1176 cogitationes

201 1192 300 1220 Paulus
315 1198 424 1228 quoque
437 1188 606 1224 appellavit“
619 1187 731 1221 maligni
752 1187 804 1214 tela
821 1188 908 1223 ignea,
927 1194 986 1221 qua:

201 1237 316 1269 animam
332 1235 478 1263 vulnerant
492 1239 660 1269 mortemque
677 1233 825 1261 adducunt.

235 1284 256 1299 ⁵⁷
278 1282 390 1312 Matrem
401 1289 492 1309 secum
504 1280 605 1308 habere
620 1288 682 1307 eum
696 1279 783 1314 jubet,
797 1287 856 1314 qum
879 1284 920 1308 est
943 1288 985 1306 sa-

201 1329 303 1368 pientia
335 1336 482 1366 generatis,
511 1325 609 1361 nempe
633 1326 677 1352 illa
712 1326 859 1353 secundum
887 1326 983 1354 Deum.

200 1376 283 1412 Atqui
300 1375 464 1409 Oportuisset
480 1378 584 1408 patrem
598 1374 690 1407 potius
705 1372 859 1405 nominare,
870 1380 985 1406 namque

199 1423 243 1451 hic
258 1421 291 1449 ad
303 1421 349 1448 filii
365 1420 553 1450 exsistentiam
570 1419 629 1453 plus
643 1419 758 1446 confert.
776 1418 830 1445 Sed
846 1418 909 1452 quia
925 1419 982 1445 lieri

199 1468 304 1503 nequit,
321 1472 350 1494 ut
367 1467 424 1501 ipse
435 1467 517 1494 Deum
530 1470 678 1501 cognoscdt
695 1470 759 1492 ante
780 1464 912 1492 factarum
942 1473 984 1492 re-

1043 213 1107 247 γὰρ,
1119 212 1210 248 φησὶν,
1223 212 1239 246 ἡ
1257 210 1460 246 ἁμαρτάνουσα,
1475 208 1543 243 αὕτη
1557 207 1730 235 ἀποθανεῖται
1741 217 1747 224 ·
1761 209 1785 235 εί
1799 209 1828 235 δέ

1043 260 1116 286 ἐστιν
1130 256 1198 294 αἷμα
1211 257 1324 289 δίκαιον,
1343 256 1399 282 ἐστι
1415 254 1536 290 δηλονότι
1554 254 1601 280 καὶ
1616 251 1686 289 αἷμα
1707 253 1801 281 ἄδικον
1819 263 1827 269 ·

1042 306 1110 340 ὅπερ
1127 304 1288 338 συνάγουσιν
1307 303 1335 329 ἐν
1354 303 1460 333 ἑαυτοῖς
1474 301 1498 327 οἱ
1515 300 1702 332 κατεσθίοντες
1713 301 1745 327 τὸ
1753 300 1829 327 δεδο-

1043 351 1122 386 μένον
1134 350 1231 386 βρῶμα
1245 349 1319 380 λαοῖς
1333 342 1388 379 τοῖς
1406 347 1513 382 Αἰθίοψι
1525 368 1532 380 ,
1547 348 1594 376 καὶ
1611 348 1777 383 τρεφόμενον
1788 347 1829 382 τῷ

1042 397 1115 432 ἄρτῳ
1130 395 1176 422 τοῦ
1189 395 1317 430 ψεύδους·
1344 394 1390 421 καὶ
1409 394 1433 420 οἱ
1455 393 1503 429 μὲν
1528 393 1637 424 θύοντες
1659 393 1729 424 θεοῖς
1750 392 1828 420 ἀλλα-

1041 441 1136 476 τρίοις,
1153 439 1182 466 τὸ
1199 439 1298 467 δίκαιον
1316 438 1419 466 ἑαυτῶν
1434 437 1503 473 αἷμα
1525 438 1783 465 καταναλίσκουσιν·
1797 440 1824 465 ot

1040 487 1068 514 δὲ
1084 487 1189 517 ἑαυτοῖς
1205 485 1300 512 θυσίαν
1309 484 1349 520 τῷ
1363 485 1435 520 μόνῳ
1449 483 1519 518 θεῷ,
1534 483 1564 509 τὸ
1590 483 1679 511 ἄδικον
1707 484 1829 519 διαφθείν

1042 539 1134 567 ρουσιν
1149 527 1232 566 αἷμα·
1243 529 1421 564 ἀκολουθήσει
1436 529 1464 555 δὲ
1479 529 1587 561 πάντως
1614 530 1648 564 τῇ
1674 529 1724 564 μὲν
1739 530 1828 565 φθορᾷ

1040 577 1086 604 τοῦ
1099 577 1192 604 ἀδίκου
1207 577 1330 612 αἵματος·
1348 575 1415 603 ἀλλὰ
1431 575 1509 602 τοῦτο
1522 576 1572 611 μὲν
1585 576 1692 608 πάντως
1713 576 1762 602 νῦν
1777 577 1827 603 πέρ

1040 632 1109 658 φυκε
1124 623 1258 658 γίνεσθαι,
1273 623 1318 650 ἀπ’
1329 623 1414 658 ἀρχῆς
1424 622 1451 648 δὲ
1466 618 1514 657 οὐχ
1529 621 1614 654 οὓτως
1626 631 1632 637 ·
1646 622 1675 648 οὑ
1690 622 1745 658 γὰρ
1757 623 1827 650 κατὰ

1040 668 1142 704 φθορὰν
1158 669 1236 696 νόσου
1262 668 1341 702 ὑγεία
1353 667 1407 694 τῶν
1426 667 1539 700 παίδων,
1559 667 1628 702 μετὰ
1656 668 1706 703 τῆς
1732 668 1827 703 ὑγείας

1040 714 1086 741 ἀπ’
1099 714 1185 750 ἀρχῆς
1196 713 1372 749 τικτομένων.

1074 760 1228 788 Διασὰλλων
1242 760 1272 786 τὺ
1290 759 1386 795 ψεῦδος
1402 759 1535 796 ἀλλήλοις,
1547 759 1645 792 αὐτοὺς
1657 761 1697 792 είς
1722 760 1828 796 διακρί-

1040 817 1095 839 σεις
1115 808 1192 843 φέρει
1207 808 1254 834 καὶ
1270 806 1416 838 ἀντιδικὶας
1430 815 1436 822 ·
1449 806 1466 841 ἢ
1479 806 1588 840 ἀδελφοί
1602 808 1669 834 εἰσιν
1683 808 1707 833 οἱ
1733 808 1765 834 τὸ
1777 808 1827 843 τῆς

1040 853 1174 885 υἱοθεσίας
1191 853 1297 888 ἔχοντες
1312 853 1443 888 χάρισμα,
1462 852 1508 879 καὶ
1523 852 1576 879 ὑπὸ
1589 852 1635 879 τὸν
1653 854 1733 880 αὑτὸν
1750 854 1827 886 ὄντες

1039 899 1145 934 πατέρα
1160 899 1276 934 Χριστόν
1287 907 1293 913 ·
1311 898 1357 930 οὒς
1371 897 1497 933 χωρίζειν
1520 899 1653 933 ἐπιχειρεί
1679 899 1693 924 ὁ
1719 898 1827 934 μάρτυς

1037 945 1086 980 τῆς
1099 945 1214 976 ἀδικίας,
1235 944 1355 979 ταραχὰς
1371 944 1400 969 ἐν
1424 945 1516 975 αὐτοῖς
1537 944 1678 979 ἐμϐάλλων
1697 945 1744 971 καὶ
1756 945 1827 979 κρί-

1039 1000 1093 1023 σεις
1103 1000 1110 1006 ·
1122 991 1151 1017 τὸ
1162 991 1190 1017 δὲ
1204 1000 1212 1016 ι
1224 989 1337 1021 ἐκκαίει,
1353 999 1362 1016 ι
1377 990 1414 1021 ὡς
1427 988 1513 1025 οἶμαι,
1524 990 1695 1026 προστίθεται
1708 990 1752 1017 διὰ
1764 991 1827 1023 τοὺς

1037 1037 1170 1073 ἐμπαθεῖς
1198 1037 1354 1072 λογισμοὺς,
1368 1036 1538 1068 ἀνάπτοντας
1559 1037 1644 1068 θυμὸν
1667 1035 1733 1072 μὲν,
1757 1037 1826 1073 πρὸς

1036 1083 1119 1118 ὀργὴν
1136 1083 1183 1111 καὶ
1201 1084 1277 1118 μῖσος
1297 1082 1443 1118 ἐπιθυμίαν
1458 1082 1485 1109 δὲ
1512 1082 1581 1118 πρὸς
1604 1083 1718 1118 αἰσχρὰς
1742 1084 1826 1118 ὲργα-

1037 1129 1113 1161 σίας·
1128 1129 1239 1160 τούτους
1252 1129 1314 1160 τοὺς
1339 1128 1487 1163 λογισμοὺς
1508 1129 1554 1156 καὶ
1572 1129 1586 1154 ὁ
1612 1128 1689 1162 ἃγιος
1719 1128 1827 1161 Παῦλος

1036 1175 1161 1210 ὠνόμασε
1190 1175 1235 1201 τοῦ
1266 1175 1385 1210 πονηροῦ
1409 1174 1474 1210 βέλη
1500 1175 1697 1210 πεπυρωμένα,
1722 1174 1826 1210 τιτρώσ

1037 1229 1135 1247 σκοντα
1151 1220 1200 1254 τὴν
1212 1219 1310 1255 ψυχὴν,
1329 1219 1376 1246 καὶ
1387 1219 1501 1245 θάνατον
1518 1218 1697 1254 ἐργαζόμενα.

1071 1277 1127 1313 Τὴν
1146 1275 1250 1312 μητέρα
1268 1275 1418 1310 ἐπάγεσθαι
1435 1274 1609 1310 προστάσσει,
1636 1274 1697 1310 ἥτις
1717 1274 1792 1301 ἐστὶν
1808 1274 1825 1310 ἡ

1037 1323 1117 1358 σοφία
1125 1322 1257 1357 γεννῶσα,
1275 1323 1291 1357 ή
1304 1321 1353 1357 μὲν
1369 1321 1439 1348 κατὰ
1456 1321 1522 1348 Θεόν
1533 1330 1539 1336 ·
1563 1321 1650 1348 καίτοι
1664 1321 1748 1356 ἐχρῆν
1774 1321 1824 1348 αὑ-

1035 1370 1079 1396 τὴν
1089 1370 1175 1396 εἰπεῖν
1187 1369 1231 1395 τὸν
1247 1368 1352 1403 πατέρα
1363 1377 1368 1382 ·
1381 1365 1457 1399 οὗτος
1467 1367 1521 1402 γὰρ
1537 1367 1604 1402 πρὸς
1616 1367 1645 1393 τὸ
1659 1369 1778 1394 συνεῖναι
1786 1367 1826 1403 τῷ

1035 1407 1085 1450 υἱῷ
1102 1415 1200 1451 μᾶλλον
1215 1413 1431 1450 ἐπιτηδειότερος
1444 1421 1450 1428 ·
1465 1412 1522 1439 ἀλλ’
1537 1413 1631 1448 ἐπειδὴ
1646 1413 1676 1439 οὐ
1698 1413 1824 1443 δυνατὸν,

1035 1462 1115 1490 αὐτὸν
1128 1461 1228 1496 γνῶναι
1242 1461 1286 1488 τὸν
1304 1461 1369 1488 Θεὸν
1384 1461 1437 1494 πρὸ
1451 1452 1501 1496 τῆς
1521 1461 1575 1488 τῶν
1589 1460 1740 1495 γεγονότων
1755 1460 1823 1487 θεω-

199 1521 258 1543 rum
271 1513 408 1547 notitiam,
421 1512 481 1539 ideo
493 1517 606 1539 matrem
619 1511 708 1546 potius
726 1518 807 1545 quam
822 1510 927 1546 patrem
940 1518 982 1538 se-

1042 1509 1107 1540 οίας,
1125 1508 1218 1535 τούτου
1231 1509 1309 1544 χάριν
1329 1507 1378 1543 τὴν
1400 1507 1505 1542 μητέρα
1527 1507 1575 1533 καὶ
1588 1507 1619 1533 οὺ
1640 1507 1685 1533 τὸν
1715 1506 1825 1542 πατέρα

197 1566 260 1586 cum
276 1559 379 1586 habere
396 1557 494 1591 jubet;
525 1562 553 1583 ιιι
571 1549 754 1590 ρειιίιιιιιιθιιι
777 1554 848 1582 filius
877 1560 982 1590 patrem

198 1609 353 1641 cognoscat.
367 1603 434 1630 Nam
449 1603 501 1630 nisi
517 1603 574 1637 ipsa
586 1609 647 1629 eum
663 1601 810 1641 pepererit,
825 1601 912 1628 lucem
929 1609 982 1629 non

198 1652 307 1689 aspicit,
321 1659 382 1688 qua:
395 1650 520 1681 videlicet
534 1649 618 1684 ipsius
636 1649 680 1675 Dei
693 1649 798 1683 agnitio
811 1653 862 1676 est.

232 1699 254 1715 ⁸⁸
271 1698 339 1732 Quia
357 1692 513 1724 mandatum
526 1696 591 1730 legis
622 1695 732 1722 lucerna
755 1699 797 1722 est
819 1699 847 1722 et
872 1694 928 1722 lux.
951 1695 984 1722 Et

197 1747 312 1779 fortasse
323 1745 430 1775 lucerna
449 1743 651 1775 Testamentum
664 1741 749 1769 Vetus
765 1746 806 1769 est
819 1749 825 1768 :
838 1741 903 1768 illud
911 1741 982 1768 enim

196 1797 256 1822 erat
273 1792 350 1829 quasi
367 1791 475 1821 lucerna
490 1798 550 1824 qua:
568 1789 766 1820 incendebatur
780 1793 806 1815 et
822 1788 979 1823 apparebat.

196 1839 254 1871 Lux
271 1845 343 1869 vero,
357 1837 460 1867 Novum
474 1836 679 1867 Testamentum
697 1840 755 1863 est:
775 1835 831 1870 Ego
842 1834 926 1867 enim,
940 1834 983 1861 in-

197 1884 268 1921 quit,
295 1883 340 1913 lux
366 1891 426 1910 sum
458 1882 570 1913 mttndi;
602 1883 787 1915 improborum
815 1876 981 1916 redargutio,

196 1933 328 1961 bonorum
349 1930 478 1961 eruditio.
502 1930 569 1956 Nam
590 1937 637 1964 per
659 1928 744 1963 legem
773 1927 893 1962 cognitio
919 1934 982 1961 pec-

195 1978 259 2010 cati.

229 2024 252 2040 ⁶⁹
263 2023 351 2052 Tanta
364 2027 407 2050 est
424 2023 495 2049 enim
514 2021 642 2059 nequitia:
650 2020 791 2055 .voluptas,
807 2024 908 2054 quanta
923 2019 983 2045 uni-

193 2071 220 2102 ci
233 2071 322 2110 panis.

228 2116 251 2131 "°
264 2115 294 2143 Si
307 2123 322 2142 a
337 2122 400 2142 vera
415 2113 529 2141 scientia
545 2112 721 2147 corripietur,
735 2111 875 2138 scientiam
888 2119 982 2146 quam-

193 2163 261 2191 libet
277 2161 374 2190 falsam
389 2160 506 2195 abjiciet,
523 2159 657 2194 qttiantea
678 2158 831 2191 furabatur,
841 2158 875 2185 ob
891 2157 979 2185 scien-

196 2211 240 2241 tiae
257 2208 447 2244 indigentiam,
462 2216 496 2235 ex
523 2207 655 2235 infatuata
675 2215 690 2233 a
711 2206 859 2234 Servatore
889 2210 982 2238 nostro

196 2254 313 2283 scientia
329 2261 361 2280 ac
373 2253 521 2289 sapientia.
536 2252 653 2282 Redditu
660 2260 705 2279 rus
722 2256 812 2278 autent
826 2250 980 2285 septuplum

194 2301 308 2332 dicitur,
322 2300 384 2334 quia
396 2301 496 2335 septies
511 2301 536 2328 in
548 2300 593 2327 die
605 2299 727 2327 laudabit
745 2299 829 2325 Deum
845 2318 853 2331 ,
869 2301 896 2325 et
913 2305 980 2324 cun-

194 2347 247 2375 ctis
259 2347 386 2374 sensibus
400 2346 457 2374 suis
470 2347 524 2374 Deo
538 2346 654 2379 traditis,
673 2345 802 2373 liberabit
819 2351 849 2372 se
867 2352 882 2371 a
899 2352 979 2385 para-

194 2394 232 2425 tis
246 2392 356 2423 diabolo
373 2397 400 2420 et
415 2392 518 2428 angelis
531 2392 590 2429 ejus
608 2391 760 2432 suppliciis.

228 2527 250 2543 "
278 2526 375 2554 Omnis
401 2525 448 2560 qui
476 2525 613 2564 iniquitati
636 2525 839 2557 communicat,
859 2525 982 2552 moechus

192 2576 242 2603 est,
261 2570 362 2598 diaboli
380 2569 487 2597 scilicet
509 2570 555 2604 qui
583 2571 687 2604 primus
707 2577 821 2596 uxorem
841 2570 917 2597 duxit
933 2577 980 2596 ne-

192 2617 318 2654 quitiam,
331 2622 359 2644 et
369 2616 403 2643 ab
415 2615 493 2643 initio
511 2616 644 2642 homicida
665 2615 727 2650 fuit,
749 2616 820 2643 Idem
845 2624 906 2643 cum
931 2615 976 2649 illo

193 2664 289 2691 anima:
305 2663 422 2701 propria:
434 2662 548 2693 exitium,
565 2662 655 2690 inl'ert.

1036 1550 1199 1588 προστάσσει
1212 1553 1375 1587 ἐπάγεσθαι·
1391 1553 1434 1579 ἵνα
1446 1552 1490 1579 διὰ
1502 1553 1551 1587 τῆς
1567 1551 1668 1587 μητρὸς
1681 1553 1696 1578 ὁ
1711 1552 1769 1583 υίὸς
1782 1552 1824 1587 ῑδῃ

1034 1599 1080 1626 τὸν
1099 1599 1205 1634 πατέρα
1217 1607 1224 1614 ο
1245 1598 1292 1625 ἐὰν
1308 1598 1361 1634 γὰρ
1381 1599 1449 1634 αὐτὴ
1471 1597 1508 1634 μὴ
1522 1598 1651 1632 γεννήσῃ,
1674 1598 1704 1624 οὐ
1729 1597 1831 1632 βλέπει.

1035 1645 1064 1672 τὸ
1078 1645 1145 1680 φῶς,
1159 1646 1227 1680 ὅπερ
1238 1643 1296 1671 ἐστὶ
1312 1645 1411 1679 γνῶσις
1427 1644 1510 1671 αὑτοῦ
1521 1644 1569 1671 τοῦ
1582 1644 1660 1670 Θεοῦ.

1070 1691 1130 1718 Ὅτι
1147 1691 1164 1726 ή
1178 1691 1270 1726 ἐντολὴ
1279 1691 1326 1717 τοῦ
1342 1691 1423 1726 νόμου
1440 1691 1535 1725 λύχνος
1547 1689 1605 1715 ἐστὶ
1622 1690 1667 1715 καὶ
1681 1688 1740 1723 φῶς
1752 1698 1759 1705 ·
1775 1689 1825 1716 καὶ

1036 1739 1105 1773 τάχα
1115 1737 1220 1773 λύχνος,
1235 1739 1252 1773 ἡ
1267 1737 1374 1764 Παλαιὰ
1384 1737 1506 1772 Διαοήκη
1527 1736 1600 1762 ἐστίν
1611 1745 1618 1751 ·
1643 1736 1746 1766 ἐκεῖνος
1767 1735 1825 1770 γὰρ

1033 1780 1067 1819 ἦν
1083 1782 1203 1817 ὁλύχνος
1219 1783 1233 1809 ὁ
1256 1783 1399 1818 καιόμενος
1422 1782 1469 1808 καὶ
1493 1781 1612 1816 φαίνων·
1639 1780 1706 1815 φῶς,
1722 1781 1739 1815 ἡ
1765 1779 1826 1807 Νέα

1034 1829 1154 1864 Διαοήκη
1167 1835 1173 1842 ⁸
1184 1827 1254 1862 Ἐγὼ
1269 1828 1333 1863 γὰρ,
1348 1828 1440 1863 φησὶν,
1454 1828 1512 1863 εἰμὶ
1527 1827 1558 1854 τὸ
1571 1827 1629 1862 φῶς
1643 1826 1689 1853 τοῦ
1700 1827 1805 1862 κόσμου
1817 1836 1822 1842 ·

1035 1875 1143 1910 ἐλεγχος
1159 1875 1206 1911 μὲν
1216 1874 1270 1901 τῶν
1287 1875 1390 1906 κακῶν,
1401 1874 1510 1901 παιδεία
1523 1874 1551 1901 δὲ
1566 1873 1621 1900 τῶν
1637 1873 1748 1908 ἀγαθῶν
1759 1882 1766 1889 ·
1780 1874 1825 1901 διὰ

1035 1922 1086 1958 γὰρ
1102 1921 1183 1957 νόμου
1202 1921 1349 1956 ἐπίγνωσις
1362 1920 1509 1956 ἁμαρτίας.

1069 2011 1193 2046 Τοσαύτη
1204 2012 1257 2046 γάρ
1273 2012 1346 2037 ἐστιν
1363 2012 1380 2046 ἡ
1394 2010 1474 2047 ήδονὴ
1491 2011 1540 2046 τῆς
1556 2011 1665 2043 κακίας,
1691 2011 1742 2045 ὅση
1776 2011 1824 2037 καὶ

1034 2058 1092 2090 ἐνὸς
1108 2059 1201 2093 ἄρτου.

1076 2104 1137 2131 Ἐὰν
1152 2104 1208 2139 ἁλῷ
1224 2105 1275 2130 ὑπὸ
1295 2104 1421 2138 γνώσεως
1441 2104 1567 2140 ἀληθοῦς,
1588 2103 1756 2139 ἁποθήσεται
1775 2105 1823 2130 πᾶ-

1035 2160 1083 2178 σαν
1096 2152 1196 2185 γνῶσιν
1207 2151 1302 2187 ψευδῆ,
1328 2153 1343 2178 ὀ
1359 2151 1489 2187 πρότερον
1506 2151 1639 2183 κλέπτων,
1661 2152 1695 2178 δι’
1712 2151 1820 2178 ἔνδειαν

999 2184 1021 2218 D
1034 2198 1170 2232 γνώσεως,
1184 2184 1236 2225 ἀπὸ
1255 2184 1304 2234 τῆς
1328 2184 1522 2238 μωρανθείσης
1549 2199 1600 2226 ὑπὸ
1628 2199 1673 2226 τοῦ
1691 2199 1821 2234 Σωτῆρος

1033 2243 1110 2279 ἡμῶν
1129 2243 1255 2278 γνώσεως
1277 2245 1323 2271 καὶ
1341 2244 1455 2279 σοφίας·
1486 2244 1626 2272 ἀποτίσειν
1651 2244 1679 2270 δὲ
1710 2243 1821 2277 λέγεται

1032 2290 1246 2323 ἑπταπλασίονα,
1262 2291 1292 2317 τὸ
1322 2291 1435 2323 ἑπτάκις
1454 2291 1504 2326 τῆς
1532 2291 1640 2327 ἡμέρας
1667 2291 1753 2317 αἰνεῖν
1777 2290 1824 2317 τὴν

1030 2337 1111 2363 Θεόν’
1133 2337 1179 2364 καὶ
1199 2337 1287 2364 πάντα
1308 2337 1342 2363 τὰ
1362 2337 1519 2372 ὑπάρχοντα
1548 2336 1622 2371 αὐτῷ
1654 2336 1822 2371 αἰσθητήρια

1030 2384 1090 2416 δοὺς
1112 2384 1151 2419 τῷ
1186 2383 1256 2419 Θεῷ,
1294 2383 1406 2419 ῥύσεται
1429 2383 1524 2410 ἑαυτὸν
1558 2384 1590 2409 ἐκ
1621 2382 1675 2409 τῶν
1703 2383 1822 2417 ἡτοιμα-

1034 2430 1142 2465 σμένων
1156 2430 1194 2465 τῷ
1209 2430 1324 2465 διαϐόλῳ
1338 2430 1382 2456 καὶ
1403 2431 1458 2461 τοῖς
1473 2429 1598 2464 ἀγγέλοις
1627 2428 1710 2456 αὐτοῦ
1734 2437 1823 2462 τιμω-

1033 2477 1107 2512 ριῶν.

1067 2524 1124 2555 Πᾶς
1141 2524 1155 2549 ὸ
1183 2524 1348 2559 κοινωνήσας
1372 2523 1406 2558 τῇ
1439 2522 1534 2558 κακίᾳ,
1565 2522 1657 2557 μοιχός
1685 2522 1744 2547 ἐστι
1774 2520 1822 2547 τοῦ

1031 2569 1153 2596 διαϐόλου
1165 2569 1211 2596 τοῦ
1231 2569 1339 2605 πρώτου
1353 2569 1492 2604 γήμαντος
1506 2567 1556 2603 τὴν
1574 2568 1672 2594 κακίαν
1682 2588 1689 2598 ,
1711 2567 1760 2594 καὶ
1773 2567 1820 2593 ἀπ’

1031 2616 1118 2652 ἀρχῆς
1143 2616 1284 2650 γεγονότος
1313 2615 1536 2651 ἁνθρωποκτόνου
1550 2622 1557 2629 ·
1587 2614 1634 2641 καὶ
1669 2613 1718 2639 σὺν
1745 2613 1820 2648 αὐτῷ

1030 2663 1167 2689 ἀπώλειαν
1178 2664 1210 2694 τῇ
1228 2663 1299 2698 ψυχῇ
1316 2661 1398 2689 αὑτοῦ
1415 2662 1609 2696 περιποιεῖται.

940 2711 1015 2739 CAP.
1039 2708 1089 2738 VII.

227 2757 250 2774 "
268 2758 350 2785 Soror
371 2763 462 2786 nostra
480 2759 611 2794 sapientia
636 2764 688 2792 est,
707 2762 840 2793 quatenus
858 2759 903 2786 ille
932 2760 978 2793 qui

228 2853 249 2872 “
269 2854 313 2885 1‘s-
332 2862 426 2888 t.x.\nt,
440 2856 479 2884 id.
513 2856 534 2872 "
552 2863 574 2883 ι’.
595 2856 635 2887 19.
661 2855 681 2871 ’θ
697 2855 764 2894 Epit.
781 2863 815 2893 Vi,
833 2855 873 2882 lti.
915 2856 933 2873 ‘7
954 2857 993 2885 v,‘

1073 2855 1094 2871 ⁸⁸
1112 2852 1190 2885 v.25.
1232 2853 1289 2881 “v.
1305 2852 1349 2882 ΞΕ.
1389 2852 1409 2868 ⁷⁸
1430 2860 1453 2879 \'.
1470 2851 1512 2880 50.
1550 2850 1570 2867 "
1590 2858 1612 2878 ι’.
1632 2848 1677 2881 52.

1077 2759 1189 2794 Ἀδελφὴ
1211 2759 1287 2794 ἡμῶν
1314 2759 1392 2793 σοφία
1419 2757 1485 2791 ἐστὶ,
1505 2757 1570 2784 διότι
1593 2757 1608 2783 ὁ
1628 2757 1743 2792 ποιήσας
1768 2755 1818 2791 τὴν

1728 2846 1816 2880 'r-t.
