1919 3074
83 112 128 142 181
667 115 848 144 ΕΧΡΟδῖΤΙΟ
864 117 871 144 l

933 116 1115 146 ROVERBIA.

1654 118 1704 145 {8:4

81 173 222 209 ἀσώματον
239 173 324 209 φύσιν
337 175 441 211 Πατὴρ,
463 176 506 203 καὶ
522 176 622 213 ταύτην
642 178 806 212 πεποίηκεν·
830 186 870 204 σο-

931 186 1107 213 ncorpoream
1128 183 1253 206 naturam
1269 179 1330 207 fecit
1347 179 1443 211 Pater,
1458 179 1528 206 lianc
1549 186 1654 213 quoque
1668 179 1692 205 fe

81 221 140 255 φίαν
154 221 183 247 δὲ
196 221 316 248 ἐνταῦθα
335 222 409 256 λέγει
428 223 458 249 οὑ
477 223 521 249 τὸν
538 223 602 250 Υίὸν
626 224 673 250 τοῦ
701 223 779 258 Θεοῦ,
802 224 870 252 ἀλλὰ

82 267 129 302 τὴν
140 266 260 302 θεωρίαν
278 268 334 294 τῶν
353 268 486 303 σωμάτων
508 270 555 295 καὶ
572 270 735 305 ἀσωμάτων,
755 271 802 297 καὶ
820 271 870 306 τῆς

83 315 112 340 ὲν
128 314 194 349 αὐτῇ
209 314 329 350 κρίσεως
347 315 394 341 καὶ
409 315 536 351 προνοίας
554 316 710 352 ὲγκείμενα.

119 359 171 395 Τὴν
189 360 279 396 σάρκα
305 361 352 387 τοῦ
375 360 516 397 ἀνθρώπου
542 361 637 397 θυρίδα
658 363 785 398 ὀνομάζει
806 364 868 391 νῦν

83 405 125 432 διὰ
139 406 194 441 γὰρ
208 407 311 442 ταύτης
326 408 340 433 ό
361 407 477 443 πονηρὸς
498 407 546 439 τὰς
563 408 670 440 ἀπάτας
687 410 743 441 τοῖς
766 409 870 446 ἀνθρώ-

84 460 143 483 ποις
160 453 326 488 ἐργάζεται,
347 455 403 486 τοῖς
418 454 587 489 βουλομένοις
608 454 710 482 ὁδεύειν
731 455 780 492 τὴν
802 456 870 483 πλα-

83 498 154 524 τείαν
176 499 238 538 όδὶὶν
256 499 303 526 καὶ
319 499 487 536 εὐρύχωρον,
509 500 555 527 καὶ
575 500 734 535 ἀπάγουσαν
756 502 803 528 ἐπὶ
822 502 871 538 τὴν

83 544 237 572 ἀπώλειαν·
255 545 371 573 ἐνταῦθα
387 546 414 573 δὲ
429 546 590 582 προσεκτέον
613 547 638 574 τί
655 556 736 582 φησιν
761 549 775 574 ό
792 548 870 574 Σολο-

83 590 141 626 μῶν
153 591 220 627 περὶ
236 592 286 626 τῆς
301 592 399 624 κακίας
409 601 415 608 -
430 593 470 619 ὅτι
492 592 542 619 οὐκ
566 593 634 628 αὑτὴ
660 593 705 620 τὸν
730 593 870 629 ἄνθρωπον

82 637 111 664 ὲν
124 637 227 673 ἀρχαῖς
246 638 293 664 επὶ
311 637 359 674 τὴν
385 638 514 665 πλατεῖαν
534 637 613 672 ἄγει·
636 638 697 665 οὐδὲ
722 638 871 673 ἀναγκάζει

83 683 249 718 πορεύεσθαι
266 683 362 716 διόδοις
375 683 455 710 οἴκων
467 684 551 719 αὐτῆς
560 705 567 715 ,
583 684 599 719 ἧ
612 684 801 720 προσεγγίζειν
815 693 870 719 γω-

82 729 135 764 νίᾳ,
150 729 167 765 ἦ
183 729 276 757 λαλεῖν
297 730 326 757 ὲν
343 731 433 757 σκότει
447 730 596 766 ἐσπερινῷ·
616 730 674 757 ἀλλ’
689 731 735 757 ἐὰν
750 731 793 768 ἴδῃ
811 731 871 758 τινὰ

82 775 176 802 ἑαυτὴν
191 775 345 804 ἐπιδιδόντα
357 778 416 808 ταῖς
430 777 536 812 ἡδοναῖς
548 797 555 808 ,
573 777 653 809 εὐθὺς
667 778 783 813 συναντᾷ
798 777 871 813 αὑτῷ

81 821 112 848 τὸ
123 819 194 853 εἶδος
205 822 306 857 ἔχουσα
316 823 453 858 πορνικὸν,
463 823 480 857 ἢ
493 824 564 849 ποιεῖ
577 822 624 854 τὰς
634 823 700 850 νέων
711 823 870 856 ἐξίπτασθαι

82 867 208 902 καρδίας.

114 913 146 939 Οἱ
175 912 227 948 μὲν
247 913 277 939 ὲν
301 914 361 946 ταῖς
386 913 527 946 πλατείαις
552 913 725 950 ρεμὸόμενοι,
750 914 871 950 μοιχείας

81 958 128 984 καὶ
144 959 276 994 πορνείας
295 960 343 986 καὶ
362 959 465 995 κλοπῆς
477 959 642 995 λαμϐάνουσι
662 956 823 995 λογίσμούς·
847 961 872 987 οἰ

73 1004 110 1038 δὲ
130 1004 184 1038 ἔξω
199 1006 304 1032 τούτων
329 1005 490 1049 ρεμϐόμενοι
501 1025 508 1038 ,
523 1006 571 1037 τὰς
593 1007 667 1043 παρὰ
683 1007 763 1041 φύσιν
775 1006 871 1042 ἡδονὰς

84 1050 274 1086 μετέρχονται,
290 1052 489 1087 ἀρσενοκοιτεῖν
506 1051 711 1087 ἐπιζητοῦντες,
728 1053 774 1080 καὶ
786 1053 872 1080 ἄλλων

80 1095 161 1122 τινῶν
174 1096 424 1132 ἀπαγορευομένων
443 1094 612 1132 πραγμάτων
628 1098 777 1131 φαντασίας
802 1098 872 1134 λαμ-

82 1140 229 1173 ϐάνοντες·
258 1141 307 1177 δρα
331 1141 359 1168 δὲ
386 1142 423 1178 μὴ
448 1143 634 1181 κατηγόρημα.
651 1142 694 1178 εἴη
723 1143 802 1170 τοῦτο
827 1144 872 1170 καὶ

83 1188 168 1223 ἁγίων
180 1189 288 1224 ἀνδρῶν
299 1199 305 1203 ·
325 1188 372 1216 καί
383 1197 424 1221 τις
442 1190 478 1225 μὴ
494 1189 637 1225 ἡσυχάζων
651 1189 719 1217 ἀλλὰ
737 1189 872 1226 ῥεμϐόμε-

83 1243 126 1266 νος
136 1255 144 1266 ,
158 1235 217 1265 τοῖς
231 1235 441 1271 κατηγορήμασι
462 1236 619 1272 κοινωνήσει
637 1235 688 1270 τῆς
711 1236 807 1272 ἀτίμου
823 1245 872 1271 γυ-

84 1279 187 1310 timui;

119 1325 180 1352 Τῶν
191 1325 347 1361 λογισμῶν,
369 1327 394 1352 οί
412 1325 460 1361 μὲν
477 1326 593 1366 καθαροί
617 1327 696 1359 εἰσιν,
716 1328 740 1354 oi
757 1327 785 1354 δὲ
804 1328 873 1354 ἀκά-

85 1370 179 1406 θαρτοι
188 1379 196 1386 ο
210 1371 323 1398 καὶτῶν
334 1372 471 1408 γραμμῶν
485 1373 512 1399 αἱ
526 1372 575 1408 μὲν
589 1372 690 1399 εὐθεῖαι
711 1373 872 1400 καλοῦνται·

85 1417 112 1443 αἱ
124 1417 153 1443 δὲ
163 1417 349 1452 κεκλασμέναι
358 1426 366 1433 ο
379 1417 463 1452 γωνία
474 1417 502 1444 δέ
513 1418 571 1444 ἐστι
583 1418 755 1453 κεκλασμένη
767 1419 856 1447 εὐθεῖα
865 1429 872 1436 ·

84 1463 102 1498 η
115 1463 202 1497 γωνία
217 1464 321 1499 νοητῶς
341 1464 414 1490 ἐστιν
431 1464 445 1490 ό
456 1464 609 1500 ἀκάθαρτος
627 1465 770 1501 λογισμόςι
782 1466 812 1493 τὸ
827 1464 874 1494 οῦν

86 1508 161 1544 παρὰ
179 1510 270 1536 πᾶσαν
284 1509 386 1544 γωνίαν
402 1511 550 1547 ἐνεδρεύειν
563 1510 612 1546 τὴν
625 1511 722 1538 κακίαν
734 1531 741 1544 ,
755 1512 830 1548 δηλοῖ
845 1512 875 1540 τὸ

921 224 970 252 cit.
994 225 1161 260 Sapientiam
1182 231 1272 253 autem
1297 226 1347 253 hoc
1372 227 1432 254 loco
1446 227 1511 253 dicit
1535 233 1587 252 non
1604 225 1704 252 Filium

923 272 979 305 Dei,
998 273 1043 301 sed
1067 275 1247 309 corporalium
1276 279 1304 302 ct
1329 274 1538 309 incorporalium
1565 275 1704 302 notionem

921 321 1049 356 insitique
1061 321 1142 347 divini
1155 321 1248 354 jutlicii
1266 328 1296 348 ac
1310 321 1493 355 providenlim.

957 368 980 384 "
996 367 1120 395 llominis
1134 374 1243 394 carnem
1263 374 1334 394 nunc
1349 367 1492 394 fenestram
1509 367 1624 402 appellat
1636 376 1644 394 :
1658 375 1705 402 per

923 415 993 441 hanc
1008 414 1106 448 quippe
1129 413 1262 447 malignus
1285 412 1375 440 fucum
1392 413 1544 440 hominibus
1570 414 1644 446 facit,
1660 415 1703 447 qui

922 460 977 488 lata
992 460 1166 495 spatiosaque
1178 459 1221 486 via
1236 459 1360 487 incedere
1375 460 1468 486 volunt
1483 460 1515 485 ad
1527 459 1703 494 perditionem

922 506 1046 533 ducente.
1070 505 1119 532 llic
1137 512 1202 532 vero
1217 505 1486 532 animadvertendum
1500 510 1541 533 est
1556 506 1620 540 quid
1634 506 1705 533 dicat

923 551 955 579 de
971 551 1088 586 nequitia
1106 550 1247 582 Salomon,
1274 558 1370 585 nempe
1386 552 1455 585 quod
1473 558 1524 578 nou
1547 552 1602 585 ipsa
1620 552 1706 578 homi-

923 605 985 625 nem
1006 597 1082 625 initio
1099 597 1124 623 in
1151 598 1265 632 plateam
1283 597 1369 628 ducit,
1393 604 1479 631 neque
1500 597 1572 631 cogit
1594 605 1706 631 pergere

923 644 949 671 in
966 644 1040 672 vicos
1054 644 1150 671 aedium
1165 651 1286 675 suarum,
1303 651 1389 678 neque
1406 645 1438 670 ad
1454 643 1581 677 angulum
1600 644 1705 677 propin-

922 698 1016 725 quare,
1038 695 1086 718 aut
1108 691 1134 717 in
1160 691 1321 726 vespertinis
1344 690 1462 717 tenebris
1486 689 1602 724 colloqui
1623 698 1629 716 :
1659 688 1705 715 sed

922 741 1064 771 postquam
1079 737 1214 764 hominem
1233 736 1331 764 viderit
1352 741 1447 770 sponte
1471 743 1500 762 se
1526 735 1707 769 voluptatibus

924 782 1090 814 tradentem,
1120 786 1184 808 tunc
1203 781 1225 808 ei
1254 781 1283 808 lit
1306 781 1411 808 obviam
1439 780 1590 808 meretricia
1621 778 1707 806 forma

922 832 1070 863 assumpta,
1086 827 1281 862 quatjnvcuum
1294 829 1374 855 corda
1390 826 1581 854 facitexsilire.

957 917 981 934 ⁷⁸
994 916 1044 950 Qui
1057 917 1084 944 in
1098 915 1193 952 plateis
1206 920 1307 943 temere
1319 915 1487 942 inambulant
1497 934 1504 944 ,
1516 914 1549 940 de
1563 913 1706 945 adulterio,

898 998 900 1001 Ι
922 963 1096 994 scortatione,
1113 961 1239 995 furtoque
1257 959 1334 987 facile
1349 959 1478 993 cogitant.
1493 958 1542 991 Qui
1556 965 1618 983 vero
1629 961 1706 983 extra

923 1010 978 1036 haec
1005 1009 1062 1036 loca
1085 1008 1225 1040 otiantur,
1252 1006 1405 1034 contrarias
1431 1011 1535 1033 natura:
1557 1003 1707 1039 voluptates

922 1059 1071 1086 sectantur,
1097 1052 1278 1080 masculorum
1298 1051 1460 1080 concubitus
1483 1050 1654 1081 aﬂectantes,
1680 1054 1708 1076 et

923 1101 972 1127 alia
991 1100 1112 1134 qumdam
1134 1098 1218 1125 vetita
1238 1105 1319 1133 opera
1336 1097 1505 1124 meditantes.
1527 1096 1598 1123 Cave
1616 1099 1704 1121 autem

923 1155 956 1174 ne
973 1147 1030 1174 hate
1051 1145 1206 1174 criminatio
1235 1145 1261 1172 in
1292 1149 1403 1172 sanctos
1424 1150 1532 1178 quoque
1551 1142 1622 1169 viros
1637 1141 1707 1168 inci-

923 1195 969 1221 dat
983 1202 988 1219 :
1006 1201 1068 1220 nam
1083 1193 1134 1220 nisi
1153 1193 1214 1228 quis
1230 1191 1402 1219 solitudinem
1419 1192 1541 1221 atlautet,
1554 1189 1600 1216 sed
1616 1189 1706 1223 potius

925 1245 1026 1268 temere
1039 1245 1161 1275 vagetur.
1182 1239 1205 1266 is
1226 1239 1334 1274 quidem
1357 1237 1506 1265 inhoneStax
1522 1235 1643 1263 mulieris
1664 1235 1706 1261 itt-

925 1288 1003 1315 famia
1010 1295 1034 1314 m
1053 1285 1233 1320 participabit.

959 1335 982 1350 ⁷⁵
996 1333 1181 1367 Cogitationes
1194 1331 1254 1358 alia;
1267 1337 1340 1365 purae
1357 1334 1429 1361 sunt,
1445 1329 1504 1355 alia:
1520 1328 1643 1362 impurae.
1659 1325 1708 1352 Li-

925 1388 982 1409 neae
995 1380 1097 1415 pariter
1111 1378 1170 1405 alite
1183 1382 1263 1405 rectm
1276 1381 1349 1410 sunt,
1363 1376 1421 1404 alite
1445 1375 1558 1402 inﬂexae.
1585 1373 1707 1408 Angulus

924 1430 1014 1454 autem
1028 1429 1070 1452 est
1084 1423 1180 1451 inflexa
1193 1424 1273 1450 linea.
1297 1422 1381 1449 Porro
1396 1420 1612 1448 intellectualiter
1624 1427 1707 1452 angu-

924 1472 968 1500 lus
979 1471 1136 1505 estimpura
1154 1469 1292 1504 cogitatio.
1313 1468 1396 1503 Igitur
1411 1467 1438 1494 in
1457 1465 1583 1494 omnibus
1603 1464 1708 1499 angulis

924 1518 1016 1545 venari
1029 1515 1215 1551 iniquitatem,
1230 1514 1341 1549 perinde
1353 1518 1394 1541 est
1407 1521 1438 1540 ac
1456 1513 1526 1540 omni
1539 1512 1706 1546 impnrarum

85 1554 129 1581 διὰ
142 1556 253 1582 πάντων
270 1555 324 1582 τῶν
339 1555 500 1592 ἀκαθάρτων
517 1556 654 1592 λογισμῶν
672 1557 756 1593 αὐτὴν
773 1558 872 1591 ἐξαπα-

930 1563 1120 1600 eogitationutn
1135 1567 1235 1596 genere
1247 1559 1363 1586 animam
1381 1558 1518 1594 propriam
1536 1557 1671 1592 decipere.

85 1602 134 1636 τᾷν
152 1601 203 1638 τὴν
219 1602 321 1638 ψυχήν.

118 1648 169 1675 Διὰ
191 1647 246 1675 τῶν
263 1648 374 1684 κειριῐω)
387 1648 434 1675 καὶ
450 1649 496 1675 τοῦ
514 1649 612 1685 κρόκου
640 1649 752 1676 καὶτῶν
762 1649 871 1681 λοιπῶν,

85 1694 119 1720 τὰ
129 1693 259 1729 ἀπατηλὰ
272 1694 447 1731 θεωρήματα,
464 1695 480 1730 ἢ
496 1694 530 1722 τὰ
543 1695 659 1731 διάφορα
676 1696 749 1731 πάθη
775 1696 874 1732 σημαί-

85 1747 136 1766 νει.
150 1752 186 1758 --
199 1739 272 1775 Ὅρα
291 1739 341 1775 τὴν
365 1740 477 1773 κακίαν,
500 1740 549 1767 οὐκ
571 1740 683 1776 ἔχουσαν
709 1742 755 1776 ἀφ’
776 1742 873 1776 ἑαυτῆς

85 1785 174 1821 ἀρχὴν
183 1805 191 1816 ,
208 1784 266 1811 ἀλλ’
277 1785 331 1812 ἀπὸ
351 1786 406 1812 τῶν
420 1786 470 1821 τῆς
484 1786 586 1821 ἀρετῆς
606 1787 855 1823 προοιμιαζομὲνων
865 1795 871 1802 ·

85 1830 116 1857 τὸ
139 1831 195 1866 γὰρ
216 1831 344 1858 κοινωνὸν
369 1832 460 1859 λαϐεῖν
484 1832 595 1864 θυσίας,
623 1832 735 1867 ἀγαθόν.
763 1833 826 1859 Ὅτε
847 1833 874 1859 δὲ

85 1878 178 1910 αὐτοῖς
192 1878 388 1912 κατεπάλαισε,
405 1879 464 1906 τότε
475 1879 561 1915 ἐνίησι
572 1879 617 1906 τὸν
631 1879 679 1911 ίὸν,
696 1878 730 1906 τὰ
743 1881 799 1911 τοῖς
811 1879 875 1915 ἐρῶ-

87 1933 130 1951 σιν
144 1924 302 1960 ὶπιθυμητὰ
321 1924 523 1959 καταλέγουσα,
539 1925 557 1952 ἃ
570 1925 658 1952 πάντα
684 1925 764 1951 ἱκανὰ
788 1934 873 1952 κατα-

87 1969 247 2007 γοητεῦσαι,
261 1970 291 1996 οὺ
306 1970 370 2006 περὶ
383 1970 434 2006 τὴν
447 1970 548 1997 οἰκείαν
563 1969 654 2004 φύσιν,
668 1968 736 1996 ἀλλὰ
752 1970 815 2006 περὶ
825 1969 874 2006 τὴν

87 2017 140 2048 τῶν
152 2017 308 2043 ἀκουόντων
328 2016 499 2052 ἀφροσύνην·
519 2016 590 2043 κατὰ
614 2016 642 2043 δὲ
656 2016 773 2043 διάνοιαν
794 2017 810 2052 ή
827 2025 875 2044 κα-

87 2061 135 2089 κία
146 2062 226 2098 ζητεῖ
239 2061 270 2088 τὸ
284 2062 429 2098 πρόσωπον
449 2062 528 2098 ἡμῶν
547 2061 723 2097 καταισχῦναι
733 2082 740 2094 ,
761 2061 805 2089 διὰ
821 2062 875 2088 τῶν

88 2109 201 2145 κειριῶν
213 2108 261 2135 καὶ
272 2108 322 2144 τῆς
336 2108 439 2144 κλίνης,
455 2108 564 2136 καὶτῶν
577 2109 752 2144 άμφιτάπων,
768 2109 814 2136 καὶ
827 2108 873 2135 τοῦ

89 2156 201 2192 κρόκου,
214 2155 260 2182 καὶ
274 2154 321 2181 τοῦ
333 2154 519 2190 κινναμώμου·
533 2155 603 2191 ἅπερ
614 2154 686 2182 κακὰ
699 2155 746 2181 καὶ
760 2155 875 2190 διάφορα

88 2200 162 2236 πάθη
187 2201 316 2236 σημαίνει
341 2200 440 2236 ἡδονῶν
464 2201 539 2237 παρὰ
565 2202 620 2233 τοῖς
639 2201 795 2236 ἐφευρεταῖς
820 2201 874 2228 τῶν

89 2247 182 2274 κακῶν
198 2246 340 2282 γινόμενα.

122 2295 160 2324 Τὸ
165 2294 207 2321 δι’
216 2293 335 2328 ἡμερῶν
341 2292 611 2326 πΟᾹλῶνέπανήξει
617 2295 660 2326 εἰς
668 2293 720 2320 τὸν
728 2291 813 2320 οἷκον
822 2294 860 2320 at)
868 2308 875 2312 -

961 1653 985 1668 ⁷ο
999 1651 1102 1679 lnstitis
1124 1655 1205 1685 atque
1217 1657 1297 1677 croco
1314 1653 1342 1676 ct
1356 1648 1417 1676 aliis
1431 1646 1584 1681 huiusmodi
1600 1645 1708 1672 fallaces

927 1698 1135 1733 imaginationes
1158 1695 1302 1730 variasque
1324 1693 1541 1729 perturbationes
1563 1691 1707 1726 signiﬁcat.

925 1758 961 1764 --
977 1743 1073 1777 Specta
1098 1741 1245 1776 nequitiam
1270 1740 1340 1768 haud
1354 1747 1385 1767 ex
1411 1746 1440 1766 sc
1462 1739 1517 1772 ipsa
1541 1738 1647 1764 initium
1661 1744 1708 1763 suo

928 1793 1055 1820 mentem,
1067 1787 1113 1814 sed
1126 1794 1141 1813 a
1153 1786 1261 1813 virtutis
1276 1784 1439 1824 primordiis.
1452 1783 1519 1810 Nam
1534 1782 1652 1809 sodalem
1664 1788 1708 1808 sa-

927 1835 1021 1864 critlcii
1036 1841 1185 1866 assumere,
1201 1833 1270 1860 bona
1297 1839 1340 1858 res
1355 1836 1406 1858 est.
1428 1830 1479 1858 Sed
1501 1837 1561 1857 cum
1580 1834 1604 1855 lc
1626 1835 1709 1862 expu-

928 1881 1061 1918 gnaverit,
1074 1884 1137 1906 tttnc
1149 1885 1281 1906 venenum
1295 1877 1341 1905 tibi
1358 1877 1454 1904 mulier
1467 1875 1619 1909 inspirabit.
1633 1881 1708 1900 ama-

930 1926 997 1954 toria
1016 1926 1140 1960 loquens.
1156 1931 1218 1959 qua;
1232 1923 1322 1951 omnia
1344 1922 1500 1957 decipienda
1517 1921 1612 1948 idonea
1629 1922 1706 1952 sunt;

929 1972 999 2000 haud
1024 1971 1146 2007 equidem
1163 1978 1197 1998 ex
1221 1969 1329 2005 propria
1343 1973 1448 2001 natura,
1471 1967 1517 1994 sed
1540 1967 1575 1993 ob
1598 1966 1708 1994 audien-

929 2019 995 2046 tium
1020 2017 1170 2045 stultitiam.
1186 2015 1404 2045 lntellectualiter
1421 2022 1497 2045 vero,
1514 2013 1633 2047 nequitia
1650 2018 1706 2040 sat-

929 2065 985 2100 agit
1002 2064 1097 2091 faciem
1113 2067 1231 2091 nostram
1256 2062 1368 2096 intplere
1383 2060 1540 2096 ignominia,
1556 2059 1666 2092 institis,
1681 2064 1709 2086 et

929 2110 1022 2143 cubili,
1043 2114 1070 2137 et
1091 2109 1235 2144 tapetibus,
1253 2112 1280 2135 et
1298 2114 1379 2134 croco
1393 2113 1425 2134 ae
1439 2107 1609 2133 cinnamomo
1625 2113 1632 2132 :
1649 2113 1709 2140 quae

929 2155 1014 2184 malas
1033 2155 1173 2188 variasque
1187 2153 1350 2188 voluptatum
1363 2151 1504 2187 passiones
1518 2151 1680 2185 signiﬁcant,
1695 2158 1708 2176 ι

929 2203 1054 2230 vitiorum
1068 2200 1253 2228 inventoribus
1266 2199 1429 2232 excogitata.

962 2249 986 2271 7".
1004 2247 1090 2274 Verba
1117 2246 1174 2273 hac
1190 2253 1198 2271 :
1215 2248 1272 2278 post
1295 2243 1350 2270 dies
1372 2243 1468 2270 mullos
1500 2247 1643 2270 revertetur
1675 2243 1709 2268 ad

928 2295 1036 2321 domum
1047 2300 1134 2324 suam,
1149 2290 1306 2325 spiritaliter
1321 2289 1431 2316 omnino
1446 2293 1471 2315 et
1484 2290 1515 2316 ad
1529 2288 1709 2315 meonetniam

90 2340 143 2368 τοῦ
149 2341 222 2368 πάνυ
231 2339 423 2375 πνευματικῶς
434 2339 588 2370 ὲνατενίσας
595 2340 627 2374 τῇ
638 2338 775 2375 οἰκονομίᾳ
782 2339 796 2366 ό
802 2338 872 2365 Παῦ-

930 2339 1015 2367 relata
1030 2342 1155 2373 spectans
1173 2336 1284 2368 Paulus,
1301 2340 1465 2370 postremum
1478 2335 1584 2361 hostem
1599 2334 1635 2360 ait
1648 2341 1711 2361 eva—

90 2386 145 2420 λος,
156 2386 272 2422 ἔσχατον
284 2385 380 2421 ἐχθρὸν
396 2384 469 2419 λέγει
482 2383 676 2422 καταργεῖσθαι
692 2384 736 2411 τὸν
748 2384 872 2411 θάνατον·

930 2390 1049 2416 cuatum,
1066 2383 1092 2411 id
1109 2388 1151 2411 cst
1166 2386 1290 2415 mortem,
1302 2389 1382 2415 quam
1396 2388 1444 2407 ceu
1461 2381 1597 2407 hominem
1613 2379 1713 2413 iniqui-

90 2432 120 2460 ὃν
139 2433 186 2460 καὶ
202 2431 290 2467 ἄνδρα
306 2429 376 2458 εἶναι
399 2431 447 2466 τῆς
471 2431 602 2465 πονηρίας
625 2430 748 2465 Σολομῶν
772 2430 872 2465 προδιέ-

931 2430 996 2457 tatis
1013 2427 1285 2456 Salomondescribit
1308 2433 1317 2453 :
1337 2427 1382 2460 qui
1407 2432 1563 2452 crumenam
1580 2424 1654 2451 velut
1668 2432 1713 2450 ar—

92 2479 197 2515 τραψε·
213 2478 261 2505 τὸν
287 2477 326 2510 ὡς
351 2477 490 2512 βαλαντίον
511 2476 643 2512 ἀργυρίου
661 2476 776 2503 λαϐόντα
799 2477 828 2502 ὲν
845 2477 872 2511 τᾷ

930 2481 1009 2511 gento
1024 2475 1129 2510 plenam
1154 2474 1180 2501 in
1195 2473 1320 2501 manibus
1339 2476 1426 2504 tenet,
1452 2472 1477 2498 id
1503 2476 1543 2498 est
1559 2470 1713 2497 humanitaa

92 2518 163 2562 χειρὶ
185 2524 270 2552 αὑτοῦ
290 2525 340 2559 τὴν
354 2523 566 2559 ανορωπότητα,
588 2524 612 2549 εί
639 2523 686 2550 καὶ
699 2520 775 2554 αὖθις
798 2523 825 2549 ἐν
841 2522 872 2556 τᾷ

930 2527 1000 2553 tem;
1016 2521 1038 2549 si
1055 2521 1123 2548 forte
1137 2521 1223 2548 denuo
1238 2520 1300 2547 dum
1322 2523 1427 2553 peccat,
1442 2517 1564 2544 divinum
1587 2517 1711 2543 timorem

93 2573 261 2609 ἁμαρτάνειν
274 2572 305 2598 οὐ
320 2571 437 2607 πάρεστι
447 2569 611 2606 προϐλέπειν
624 2569 670 2595 τὸν
683 2567 730 2594 τοῦ
746 2567 813 2594 Θεοῦ
831 2568 872 2601 φό‹

930 2568 1054 2596 omittere
1073 2571 1165 2601 queat.
1192 2565 1336 2600 Propterea
1353 2564 1460 2599 angitur
1481 2564 1542 2590 dum
1559 2570 1644 2598 genus
1659 2563 1710 2589 ltu-

94 2607 157 2649 δὲ)νὲ
171 2620 241 2647 διότι
258 2619 371 2654 κήδεται
392 2617 552 2652 ἀνεχόμενος
571 2615 617 2642 τοῦ
634 2615 729 2649 γένους
754 2614 806 2641 τῶν
832 2614 872 2640 ἀν-

932 2621 1041 2641 manum
1067 2613 1182 2640 tolerare
1204 2611 1320 2646 cogitur.
1343 2610 1409 2637 Nam
1434 2610 1484 2637 nisi
1512 2608 1634 2636 diabolus
1663 2607 1711 2634 Det

94 2667 207 2703 θρώπων
219 2675 227 2682 ·
249 2665 311 2693 ἐπεὶ
323 2665 348 2691 εί
363 2664 403 2700 μὴ
414 2663 459 2690 τὸν
472 2662 518 2690 τοῦ
533 2662 599 2689 Θεοῦ
613 2661 694 2696 φόϐον
717 2660 877 2695 προέϐλεπε,

96 2714 205 2751 ῥυζηδδν
222 2712 328 2743 πάντας
342 2710 376 2737 ἃν
390 2709 522 2742 ἀπώλετο.

127 2760 184 2795 Τῶν
198 2758 340 2797 ὲρῤιώιῶν
354 2756 417 2794 τρία
429 2755 494 2791 γένη
504 2755 582 2785 εἰσὶν,
601 2755 616 2781 ὃ
628 2763 656 2781 τε
673 2753 789 2789 κέμφος.
807 2752 852 2778 καὶ
867 2752 879 2778 ὀ

127 2851 149 2867 ’³
166 2859 191 2879 ν.
208 2851 236 2878 6.
277 2850 300 2864 "‘
320 2845 405 2874 γ.12ν
443 2847 466 2863 ’⁸
480 2854 503 2872 v.
524 2845 565 2872 12.

604 2846 626 2861 7“
640 2854 663 2872 \'.
681 2844 724 2872 16.
763 2844 784 2859 ⁷⁷
798 2851 822 2870 t‘.
841 2842 884 2870 20.

934 2660 1055 2687 timorem
1072 2665 1126 2693 pra:
1141 2657 1227 2684 oculis
1255 2657 1376 2688 haberet.
1400 2659 1512 2683 cunctos
1535 2661 1632 2689 magno
1660 2654 1711 2679 inn-

934 2709 996 2738 petu
1011 2704 1208 2738 pessumdaret.

969 2750 990 2765 ⁷⁸
1011 2749 1187 2777 Ilcrodiorum
1212 2749 1262 2778 tria
1282 2756 1381 2784 genera
1403 2751 1475 2782 sunt,
1502 2746 1546 2774 ille
1567 2747 1613 2782 qui
1638 2752 1712 2774 cem-

922 2843 943 2858 "
959 2850 982 2871 \'.
1003 2841 1048 2868 2'2.
