1919 3074
222 98 274 126 187

224 204 394 239 naufragium
411 203 520 232 faciens,
533 210 563 229 se
577 202 693 236 procella
712 203 792 230 veluti
807 209 834 230 et
853 204 919 231 alios
933 212 1002 238 quos

223 250 292 283 regit
305 250 408 283 perdet.
425 247 571 282 Dercliquit
582 248 653 274 enim
669 249 726 276 vias
742 251 930 277 mandatorum
943 251 1002 284 eius

222 294 268 328 qui
293 293 356 320 dicit
374 301 380 319 :
398 292 452 327 Ego
468 299 527 319 sum
546 293 622 325 vitis,
649 301 696 321 vos
721 294 856 329 palmites,
879 301 906 323 et
921 296 1001 324 Pater

223 348 299 368 ineas
312 340 429 375 agricola
448 345 501 368 est.
513 355 549 360 ——
567 339 617 373 Qui
640 341 690 368 sibi
712 349 765 369 non
789 348 931 370 coacervat
949 344 1002 370 vir-

223 387 324 413 ttttiltus
334 386 453 412 divinam
467 386 621 419 scientiam,
637 387 680 414 bic
696 395 748 415 nou
762 395 904 416 cancervat
922 396 1001 418 κιαι·-
1015 415 1017 417 .

223 432 248 459 ni
265 431 338 465 regni
352 431 532 459 immortalem
545 432 672 460 fructum.
694 433 742 461 Est
754 440 842 462 autem
858 436 998 468 sterilitas.

222 477 341 510 nequitia
357 481 385 504 et
399 477 516 504 inscitia.

254 522 278 537 ”
293 523 345 550 Ceu
361 530 446 557 panes
469 523 575 556 vitales,
602 523 692 552 divina
718 526 799 553 verba
821 526 937 555 libenter
951 535 999 563 gu—

221 571 304 598 stare.
324 571 351 594 et
379 567 404 594 in
421 568 520 595 mentis
543 569 673 603 penetrali
695 571 846 599 divinorttm
872 580 998 600 sensuum

222 612 486 646 contemplationem.
501 629 535 634 -—-
554 613 639 641 Panes
664 615 760 642 animm
785 621 847 643 sunt
875 617 998 650 virtutes,

221 665 289 692 quas
304 663 396 685 noster
407 666 513 693 quoque
525 659 656 687 Servator
670 661 748 689 nobis
763 663 915 696 imperavit,
930 663 1000 698 jeju-

223 704 296 730 nium
311 704 426 737 scilicet,
442 706 618 739 continentin,
630 708 728 740 oratio,
754 713 781 735 ct
799 710 907 738 similia.
924 711 998 738 Clam

222 756 286 776 vero
297 749 353 777 haec
367 751 478 786 agenda,
493 759 526 779 ne
538 752 565 778 in
579 758 722 787 conspectu
742 755 879 782 hominum
899 756 963 784 sint.

660 97 939 127 SUPPLEMENTUM
956 99 1002 126 AD
1021 99 1181 128 ORIGENIS
1201 101 1402 131 EXEGETICA.

256 158 281 175 "
296 158 347 191 Qui
367 158 439 185 omni
455 161 534 184 vento
562 157 691 184 doctrina:
711 158 912 190 circumfertur.
939 159 999 187 ﬁdei
1015 166 1037 194 Α

1783 109 1839 138 183

1094 162 1122 188 '0
1137 162 1216 188 παντὶ¹
1235 163 1327 198 ἀνέμῳ
1347 163 1396 198 τῆς
1417 164 1588 198 διδασκαλίας
1609 168 1836 203 περιφερόμενος.

1052 209 1209 244 ναυαγήσας
1231 209 1294 244 περὶ
1316 209 1364 244 τὴν
1379 210 1486 242 πίστιν,
1510 212 1547 243 ὡς
1563 213 1608 239 ὑπ’
1628 213 1720 249 ἀνέμῳ
1736 215 1837 241 ἑαυτὸν

1051 261 1081 279 τε
1095 254 1142 280 καὶ
1152 253 1248 285 ἄλλους
1261 254 1406 289 ποιμάνας,
1417 255 1555 283 ἀπώλεσεν
1564 266 1570 272 ·
1584 258 1697 284 ἀπέλιπε
1711 259 1765 295 γὰρ
1778 260 1837 286 τῶν

1050 298 1163 325 ἐντολῶν
1177 299 1227 331 τὰς
1238 300 1322 332 ὁδοὺς,
1339 300 1386 327 τοῦ
1403 302 1533 334 εἰπόντος,
1548 303 1617 337 Ἐγώ
1633 305 1690 339 ειμι
1705 306 1721 340 ὴ
1740 305 1837 341 ἀμπε-

1051 344 1105 376 λος,
1119 346 1196 380 ὑμεῖς
1208 345 1242 372 τά
1254 346 1389 382 κλήματα,
1408 348 1454 374 καὶ
1466 349 1480 374 ὁ
1491 349 1584 384 Πατήρ
1602 359 1651 384 μου
1667 351 1681 377 ὁ
1696 353 1834 387 γεωργός.

1050 406 1084 411 -
1092 392 1120 418 '0
1135 392 1172 427 μὴ
1187 393 1310 426 συνάγων
1324 394 1371 419 σὺν
1380 395 1439 425 ταῖς
1450 393 1559 429 ἀρεταῖς
1571 395 1619 430 τὴν
1631 395 1705 423 θείαν
1718 398 1832 431 γνῶσιν,

1049 434 1126 469 οὗτος
1147 437 1178 464 οὐ
1193 439 1303 472 συνάγει
1319 439 1367 473 τῆς
1387 440 1495 467 αίωνιου
1510 440 1646 475 βασιλείας
1662 442 1710 478 τὴν
1726 443 1834 470 ἀθάνα-

1049 492 1094 511 τον
1107 483 1259 519 εὐκαρπίαν
1271 493 1277 499 ·
1293 485 1414 520 ἀκαρπία
1430 485 1457 512 δέ
1473 487 1529 513 ἐστι
1540 487 1622 514 κακία
1637 488 1683 515 καὶ
1695 489 1804 523 ἄγνοια.

1085 530 1144 556 Τῶν
1159 530 1197 562 ὡς
1212 530 1301 565 ἄρτων
1315 531 1448 563 ζωτικῶν,
1465 531 1543 570 θείων
1559 533 1645 566 λόγων
1658 534 1743 569 ἡδέως
1758 535 1834 570 ἀψα-

1050 574 1129 608 σθαι,
1143 576 1190 602 καὶ
1202 577 1256 603 τῶν
1274 577 1302 602 ὲν
1320 578 1353 612 τῇ
1374 578 1480 612 κρυπτῇ
1499 569 1547 604 τοῦ
1566 578 1611 604 νοῦ
1629 578 1730 615 θεωρίᾳ
1749 569 1834 607 θείων

1050 622 1333 658 νοημάτων.-”Αρτοι
1351 622 1402 649 εἰσὶ
1417 622 1466 658 τῆς
1482 622 1569 658 ψυχῆς
1584 624 1610 649 αἱ
1626 623 1737 660 ἀρεταὶ,
1758 625 1831 651 αἴτι-

1048 676 1092 698 νες
1107 666 1152 694 καὶ
1167 666 1242 701 παρὰ
1254 666 1300 693 τοῦ
1312 667 1436 702 Σωτῆρος
1451 667 1528 702 ἡμῶν
1543 668 1747 705 προσετάγησαν
1763 670 1832 705 παρ’

1048 713 1113 747 ἡμῖν
1129 712 1265 746 γίνεσθαι·
1280 712 1403 738 τουτέστι
1423 712 1549 747 νηστεία,
1564 714 1709 749 ἐγκράτεια
1721 735 1728 746 ,
1744 723 1832 750 προσ-

1048 758 1124 793 ευχὴν
1144 758 1190 785 καὶ
1203 757 1238 784 τὰ
1249 759 1328 793 ὅμοια
1337 766 1343 771 ·
1361 759 1451 794 κρυφῇ
1463 758 1502 790 δὲ,
1519 758 1587 793 πρὸς
1599 759 1629 786 τὺ
1647 760 1683 795 μὴ
1698 760 1832 796 θεαθῆναι

1049 800 1118 827 αὐτὰ
1133 801 1188 830 τοῖς
1204 799 1367 836 ανθρώποις.

971 848 1046 875 CAP.
1064 846 1098 873 Χ.

255 891 279 907 ’⁸
296 891 387 918 Virum
410 891 475 919 dicit
498 892 619 920 doctrina
645 901 805 929 pauperem;
822 903 927 929 manus,
951 903 996 924 sa-

1083 893 1194 928 Ἀνδρα,
1205 893 1250 919 τὸν
1265 891 1312 919 τοῦ
1328 892 1407 926 λόγου
1425 893 1633 928 πτωχεύσαντα·
1654 895 1701 920 καὶ
1717 895 1813 930 χεῖρας
1823 914 1832 927 ,

221 935 328 970 pientiaa
342 941 428 962 actus.

256 980 280 996 "
296 979 341 1007 Vir
356 980 484 1008 cordatus
505 981 538 1008 ab
549 983 676 1010 :crumuis
690 987 717 1010 et
731 983 931 1012 calamitatibus
946 993 998 1014 non

221 1026 382 1058 amburitur,
399 1026 544 1060 etjustitize
559 1028 678 1061 germina
693 1029 796 1062 profert
812 1037 819 1056 :
837 1035 865 1057 at
879 1031 999 1066 iniquus,

219 1076 253 1098 ει
268 1079 298 1098 re
315 1079 421 1106 quoque
435 1070 504 1098 bona
519 1072 645 1101 damnum
661 1074 772 1108 patitur.

255 1117 278 1132 "
298 1116 472 1150 Disciplinam
494 1118 681 1151 increpatione
699 1125 834 1148 carentem
854 1121 920 1149 dicit
941 1123 999 1150 ani-

221 1169 271 1189 mae
289 1163 386 1189 tnalam
411 1161 507 1196 agendi
534 1164 684 1196 rationem,
706 1172 766 1199 qua:
791 1171 818 1193 et
833 1175 950 1195 errorem
973 1173 1000 1197 et

219 1207 333 1234 exitium
345 1207 369 1234 ei
380 1207 495 1234 confert.
510 1207 562 1234 Sed
578 1209 619 1235 via
635 1209 705 1242 vitae,
716 1218 767 1237 non
782 1213 867 1239 solum
877 1214 911 1241 ab
922 1219 999 1242 atter-

220 1259 254 1282 na
266 1259 397 1284 erumna,
407 1260 500 1280 verum
510 1254 590 1280 etiam
605 1254 652 1281 abs
661 1255 779 1290 qualibet
794 1258 854 1286 vitre
865 1259 997 1292 molestia,

219 1304 269 1326 eos
293 1297 339 1332 qui
363 1298 472 1326 malitia:
498 1306 560 1326 sunt
586 1305 730 1332 expertes.
748 1302 874 1330 defendit.
899 1304 998 1332 Malitia

219 1351 286 1373 vero
297 1350 423 1375 carentes
439 1346 503 1375 dicit
517 1347 588 1380 illos,
604 1355 648 1382 qut
674 1349 744 1377 male
759 1350 792 1377 ab
809 1351 898 1386 aliquo
911 1353 981 1387 passi
991 1374 999 1386 ,

221 1391 402 1419 lnnoocntiam
423 1396 510 1420 tamen
525 1401 585 1421 cum
606 1394 738 1422 cltaritate
756 1396 880 1424 retinent.
889 1398 936 1426 Vel
960 1399 1001 1426 di-

220 1437 360 1472 cciplinam
367 1438 556 1473 ἀνεξέλεγκτον
563 1439 626 1467 dicit
639 1440 722 1473 illaut,
736 1449 795 1476 qua:
812 1443 926 1477 speciem
942 1445 1001 1479 qui-

220 1483 281 1510 dem
298 1484 406 1518 pietatis
423 1486 513 1517 habet,
533 1487 580 1514 sed
600 1491 689 1514 tamen
717 1493 793 1515 caret
817 1490 1001 1523 experimento

220 1535 249 1559 et
259 1530 453 1565 exploratione.
471 1531 536 1558 Nam
551 1532 595 1567 qui
610 1541 663 1560 non
678 1534 758 1561 fuerit
777 1535 941 1570 exploratus,
955 1545 1002 1564 tte-

1048 941 1095 972 τὰς
1112 940 1162 975 τῆς
1175 939 1268 973 σοφίας
1280 938 1401 975 πράξεις.

1088 986 1117 1013 '0
1135 986 1243 1021 νοήμων
1260 986 1311 1011 ὑπὸ
1328 985 1383 1011 τῶν
1403 984 1517 1020 θλίψεων
1533 986 1580 1012 καὶ
1604 985 1659 1012 τῶν
1681 986 1835 1022 συμφορῶν

1050 1032 1087 1068 μὴ
1099 1032 1303 1067 συγκαιόμενος,
1319 1031 1475 1066 γεννήματα
1485 1031 1653 1067 δικαιοσύνης
1668 1032 1745 1068 φέρει
1756 1041 1762 1047 ·
1777 1034 1793 1059 ὁ
1803 1032 1834 1060 δὲ

1049 1077 1215 1112 παράνομος,
1231 1077 1277 1102 καὶ
1294 1075 1346 1102 ὑπὸ
1361 1076 1415 1102 τῶν
1428 1076 1569 1111 βελτιόνων
1584 1076 1780 1113 διαφθείρεται.

1084 1123 1209 1150 Παιδείαν
1227 1122 1418 1156 ἀνεξέλεγκτον
1445 1123 1570 1158 ὀνομάζει
1592 1123 1641 1158 τὴν
1663 1124 1752 1159 κακὴν
1779 1123 1833 1159 τῆς

1047 1168 1134 1204 ψυχῆς
1144 1169 1290 1201 πολιτείαν,
1303 1169 1363 1204 ἥτις
1377 1170 1424 1195 καὶ
1439 1169 1574 1201 ἀπωλείας
1587 1169 1633 1196 καὶ
1645 1169 1749 1205 πλάνης
1759 1169 1832 1205 αὐτῇ

1048 1216 1151 1249 γίνεται
1170 1215 1312 1250 πρόξενος’
1327 1216 1343 1250 ἡ
1361 1216 1388 1242 δὲ
1409 1216 1468 1247 ὁδὸς
1485 1216 1535 1251 τῆς
1554 1216 1635 1250 ζωῆς,
1653 1216 1683 1242 οὐ
1702 1217 1779 1252 μόνον
1797 1217 1834 1243 ὲκ

1047 1261 1097 1296 τῆς
1112 1262 1231 1293 αἰωνίου,
1246 1261 1313 1288 ἀλλά
1330 1263 1376 1289 καὶ
1392 1263 1424 1289 ὲκ
1435 1262 1524 1298 πάσης
1538 1263 1686 1297 κακότητος
1705 1262 1752 1289 τοῦ
1770 1263 1833 1297 βίου

1048 1308 1204 1344 δυσχερείας
1216 1309 1279 1340 τοὺς
1288 1310 1406 1341 ἀκάκους
1421 1309 1565 1344 φυλάσσει·
1583 1310 1701 1341 ἀκάκους
1709 1309 1746 1336 ,δὲ
1755 1309 1833 1343 λέγει

1048 1354 1110 1386 τοὺς
1118 1354 1209 1386 κακῶς
1221 1354 1252 1382 ἔκ
1258 1363 1328 1387 τινος
1336 1355 1528 1390 ὑπομένοντας,
1541 1355 1587 1381 καὶ
1594 1355 1710 1381 ἀκακίαν
1719 1354 1835 1381 ἀσκοῦν-

1049 1409 1097 1432 τας
1113 1402 1142 1428 ὲν
1150 1402 1252 1438 ἀγάπῃ.
1267 1402 1303 1428 Ἦ
1312 1401 1407 1433 οὕτως.
1427 1401 1637 1435 ’Ᾱνεξέλεγκτος,
1654 1401 1833 1437 ήπρὸσχημα

1052 1448 1099 1482 μὲν
1112 1448 1250 1479 εὐσεὸείας
1263 1448 1371 1483 ἔχουσα,
1387 1448 1557 1484 ἀγύμναστος
1571 1447 1599 1474 δὲ
1613 1445 1680 1474 οὖσα
1688 1448 1735 1474 καὶ
1742 1448 1833 1481 ἀνεξέ-

1049 1502 1163 1525 ταπος·
1183 1494 1197 1519 ὁ
1217 1493 1271 1529 γάρ
1294 1494 1330 1529 μὴ
1355 1493 1539 1529 ἐλεγχόμενος,
1563 1494 1610 1519 καὶ
1635 1493 1759 1529 φανερῶν
1783 1494 1833 1520 καὶ

1052 1539 1153 1574 ἑτέροις
1168 1538 1202 1565 τὰ
1215 1540 1374 1574 φρονήματα
1390 1539 1437 1565 καὶ
1453 1539 1515 1570 τοὺς
1529 1537 1717 1573 διαλογισμοὺς
1737 1538 1832 1570 αὑτοῦ,

220 1584 276 1611 que
290 1576 351 1604 aliis
371 1582 488 1605 mentem
502 1586 578 1605 suam
592 1580 820 1616 cogitationesque
832 1583 1000 1618 patefecerit,

1055 1584 1183 1611 πλανᾶται
1193 1585 1288 1620 οἰήσει.

221 1621 246 1649 is
258 1621 285 1648 in
297 1628 365 1648 vana
378 1622 585 1656 praesumptione
600 1628 732 1651 versatur.

256 1667 278 1683 "
303 1666 430 1701 Operiunt
457 1667 523 1695 dicit
537 1676 598 1702 pro,
618 1677 670 1696 non
690 1670 780 1696 sinunt
799 1678 940 1706 apparere.
953 1671 1003 1699 Vel

221 1711 390 1741 inimicitiam
404 1713 442 1740 ait
456 1721 505 1749 pro
524 1714 637 1748 malitia,
653 1715 729 1749 cujus
747 1723 828 1743 causa
847 1717 925 1745 invisi
940 1725 1003 1745 eva-

220 1759 310 1788 dimus
323 1759 386 1786 Deo.
402 1759 437 1786 At
457 1759 529 1786 enim
547 1760 716 1788 inimicitiam
731 1761 860 1790 adversus
875 1763 959 1791 Deum
975 1769 1009 1800 et.

221 1804 358 1836 homines,
376 1805 476 1833 nostris
504 1806 530 1832 in
555 1807 681 1835 cordibus
696 1815 710 1834 a
737 1809 856 1841 maligno
880 1809 1000 1843 insitam,

221 1850 272 1876 viri
287 1849 351 1884 justi
367 1850 517 1884 expellunt,
532 1851 669 1886 Deumque
686 1852 765 1880 labiis
777 1853 927 1887 celebrant,
940 1862 1002 1883 cum

221 1894 259 1921 ita
284 1894 418 1929 malignus
437 1903 485 1922 eos
506 1897 661 1924 lentaverit.
684 1896 713 1923 Si
738 1898 806 1924 enim
826 1907 884 1926 cum
904 1899 1002 1927 inimici

219 1947 346 1974 uumm,
362 1941 448 1975 inquit
468 1941 567 1969 Paulus
577 1942 611 1973 ",
626 1944 784 1970 reconciliati
794 1953 882 1972 sumus
892 1945 945 1972 Deo
958 1954 1004 1981 per

220 1993 328 2015 mortem
353 1987 417 2015 Filii
440 1989 509 2023 ejus.
533 1989 608 2021 Quod
627 1991 648 2016 si
672 1991 812 2019 inimicitia
832 1993 926 2020 vitium
949 2000 1002 2027 est,

220 2033 316 2068 utique
339 2033 457 2062 amicitia
473 2034 558 2060 virtus
571 2039 599 2061 et
613 2036 716 2069 agnitio
736 2036 792 2070 Dei,
805 2046 859 2072 qua
873 2038 1004 2068 eﬂicimur

220 2079 299 2106 amici
317 2078 377 2112 ejus
398 2084 426 2106 ct
444 2084 599 2107 sanctarum
622 2086 793 2115 potestatum.
811 2083 869 2111 Jam
889 2086 934 2121 qui
956 2087 1002 2115 tali

219 2123 347 2155 amicitiae
364 2131 464 2158 genere
480 2124 536 2151 Deo
551 2125 651 2153 fuerint
673 2127 766 2161 amici,
783 2131 875 2164 utique
891 2137 918 2158 et
934 2131 1003 2160 iuvi-

220 2175 279 2196 cem
291 2169 370 2196 amici
386 2174 476 2196 erunt.

255 2215 279 2231 ”
292 2215 414 2248 Domine,
435 2222 495 2244 ante
512 2222 535 2244 te
552 2226 627 2246 omne
649 2219 809 2248 desiderium
825 2231 910 2250 meum
923 2224 943 2256 ι,
959 2224 1001 2252 itt-

220 2260 280 2296 quit
295 2261 388 2289 David.
403 2261 430 2290 ld
444 2268 496 2296 est,
511 2265 640 2299 quidquid
657 2265 709 2293 Deo
730 2273 834 2301 gratum
849 2275 902 2302 esl,
922 2270 1000 2304 elju-
1017 2257 1038 2284 Β

221 2310 279 2334 stos
289 2306 377 2340 decet,
394 2307 420 2335 id
438 2310 584 2343 optandtnn
601 2315 652 2343 est,
665 2315 695 2337 ut
705 2313 877 2345 acccptabilis
888 2314 923 2340 sit
935 2322 997 2342 ora-

222 2351 260 2379 tio
274 2356 368 2380 nostra
383 2361 475 2380 coram
496 2355 560 2383 Deo.
573 2356 605 2383 At
628 2357 724 2390 impius
741 2358 890 2392 perditione
904 2366 999 2395 perpe-

220 2402 265 2424 tua
282 2398 484 2435 circumagitur,
496 2401 559 2428 dum
573 2410 634 2437 qua
646 2403 700 2431 Deo
710 2404 821 2432 minime
835 2410 911 2440 grata
924 2411 997 2439 sunt,

220 2444 294 2478 cupit
308 2445 425 2480 agitque.

254 2490 266 2506 ¹
280 2489 309 2518 Si
323 2491 405 2519 timor
422 2491 469 2519 Dei
478 2493 553 2521 addit
565 2494 633 2527 dies,
643 2495 747 2523 initimn
761 2500 850 2523 autem
859 2488 999 2531 sapientia}

221 2536 303 2563 timor
318 2536 435 2570 Domini,
452 2539 543 2573 utique
560 2540 586 2567 hi
603 2541 660 2568 dies
674 2548 765 2573 partes
786 2542 925 2577 sapientia:
937 2547 999 2570 sunt

222 2589 238 2608 a
248 2582 362 2616 iustitia:
379 2583 437 2610 sole
456 2593 601 2613 concesszc.
614 2587 679 2614 Nam
694 2588 734 2614 vir
751 2590 907 2623 proﬁciens,
921 2594 1001 2625 auget

221 2629 345 2657 notiones
355 2635 382 2657 et
395 2629 614 2660 illutninationcs.
629 2633 681 2661 Pro
697 2635 790 2662 diebus
800 2640 889 2664 autent
907 2637 1000 2671 ltujus-

222 2676 293 2703 modi
309 2682 370 2704 orat
380 2677 475 2711 David,
491 2679 584 2707 dicens
600 2690 606 2708 :
627 2679 666 2707 Ne
685 2690 785 2709 reuoces
800 2691 838 2710 me
850 2684 876 2710 in
891 2684 1001 2710 dimidio

1086 1664 1420 1706 Τδ,καλύσιτουσιν.ἀντὶ
1429 1672 1487 1706 τοῦ,
1504 1672 1554 1699 οὐκ
1575 1671 1654 1698 ἐῶσιν
1675 1671 1831 1698 ἀνανεῦσαι.

1054 1721 1089 1747 ’Ἠ
1103 1720 1201 1756 ἔχθραν
1214 1720 1263 1756 τὴν
1276 1720 1373 1746 κακίαν
1387 1719 1470 1753 λέγει,
1491 1719 1524 1746 δι’
1538 1717 1572 1754 ἦς
1593 1718 1684 1754 ἐχθροὶ
1700 1716 1833 1752 γινόμεθα

1051 1767 1098 1794 τοῦ
1111 1766 1178 1793 Θεοῦ
1189 1776 1194 1781 ·
1207 1766 1255 1802 τὴν
1263 1766 1290 1792 δὲ
1301 1765 1370 1792 κατά
1380 1765 1426 1791 τοῦ
1434 1765 1501 1791 Θεοῦ
1514 1765 1560 1791 καὶ
1571 1763 1722 1799 ἀνθρώπων
1730 1763 1832 1798 ἔχθραν

1052 1812 1227 1848 ὲγγινομένην
1241 1813 1305 1847 ἡμῖν
1316 1812 1343 1838 ὲν
1355 1812 1388 1846 τῇ
1406 1811 1503 1846 καρδίᾳ
1515 1810 1567 1837 ὑπὸ
1580 1810 1625 1836 τοῦ
1639 1809 1766 1844 πονηροῦ,
1780 1809 1832 1836 αὐ-

1051 1857 1100 1893 τὴν
1118 1858 1165 1893 μὲν
1181 1857 1351 1884 ἀποσείονται
1371 1857 1394 1882 oi
1415 1856 1522 1887 δίκαιοι,
1549 1856 1605 1886 τοῖς
1618 1855 1646 1882 δὲ
1665 1855 1764 1890 χείλεσι
1784 1853 1834 1880 τὸν

1052 1905 1117 1932 Θεὸν
1137 1903 1275 1939 ὑμνοῦσιν,
1294 1904 1357 1930 ὅταν
1378 1902 1463 1934 οὕτως
1483 1902 1572 1933 αὐτοῖς
1588 1902 1601 1927 ὁ
1625 1901 1742 1937 πονηρὸς
1762 1900 1834 1926 {item

1053 1951 1146 1986 ῦάλλῃι
1157 1951 1191 1977 El
1203 1950 1256 1985 γὰρ
1269 1949 1368 1984 ἐχθροὶ
1384 1949 1478 1982 ὄντες,
1491 1949 1571 1983 φησὶν
1586 1948 1600 1973 ὁ
1613 1947 1717 1978 Παῦλος
1725 1950 1743 1978 “,
1761 1954 1819 1973 κατ

1052 1997 1227 2031 ηλλάγημεν
1248 1996 1288 2029 τῷ
1318 1996 1378 2028 Θεῷ
1400 1995 1447 2021 διὰ
1464 1995 1516 2021 τοῦ
1531 1993 1659 2022 θανάτου
1682 1993 1736 2021 τοῦ
1763 1993 1832 2020 Υίοῦ

1052 2042 1160 2070 αὐτοῦ’
1182 2043 1206 2068 εί
1221 2042 1249 2068 δὲ
1264 2043 1279 2077 ἡ
1296 2041 1393 2077 ἔχθρα,
1409 2042 1492 2067 κακία
1512 2041 1594 2072 ἐστὶν,
1617 2041 1634 2076 ὴ
1658 2040 1732 2075 φιλία
1747 2039 1834 2075 ἀρετὴ

1052 2090 1098 2116 καὶ
1106 2089 1205 2124 γνῶσις
1215 2088 1292 2119 Θεοῦ,
1305 2088 1338 2114 δι’
1353 2086 1387 2124 ἦς
1400 2088 1470 2123 φίλοι
1481 2088 1611 2124 γινόμεθα
1619 2087 1700 2114 αὐτοῦ
1714 2087 1761 2113 καὶ
1777 2087 1835 2113 τῶν

1053 2135 1138 2170 ἁγίων
1148 2135 1287 2169 δυνάμεων
1299 2144 1305 2150 ·
1319 2134 1364 2160 ἐπὶ
1373 2134 1400 2160 δὲ
1411 2134 1460 2168 τῆς
1475 2134 1563 2168 φιλίας
1583 2133 1693 2168 ταύτης,
1713 2133 1737 2159 οἱ
1755 2132 1834 2164 ὄντες

1052 2179 1133 2207 αὐτοῦ
1148 2180 1228 2214 φίλοι,
1240 2180 1286 2206 καί¹
1296 2179 1415 2215 ἀλλήλων
1428 2179 1481 2206 εἰσὶ
1491 2179 1573 2214 φίλοι.

1087 2227 1185 2260 Κύριε,
1194 2226 1332 2253 ἐναντίον
1339 2234 1396 2252 σου
1408 2225 1491 2253 πᾶσα
1498 2226 1515 2259 ἡ
1523 2225 1662 2259 ἐπιθυμία
1666 2234 1736 2259 μου,
1750 2223 1834 2260 φησὶν

1052 2274 1066 2299 ὁ
1078 2272 1157 2298 Δαυῒδ
1166 2280 1173 2287 ο
1186 2271 1323 2298 τουτέστιν
1335 2271 1385 2297 ὅσα
1395 2271 1434 2306 τῷ
1450 2269 1510 2306 Θεῷ
1525 2270 1637 2306 ἀρεστὰ,
1654 2270 1699 2296 καὶ
1718 2268 1833 2299 δικαίοις

1050 2318 1173 2354 ἁρμόζει,
1185 2318 1326 2353 ἐπιθυμεῖν
1338 2318 1400 2353 χρὴ,
1417 2316 1460 2343 ἵνα
1472 2317 1554 2353 δεκτὴ
1571 2318 1587 2352 ὴ
1604 2315 1740 2353 προσευχὴ
1753 2314 1832 2350 ἡμῶν

1050 2363 1160 2398 γένηται
1182 2363 1301 2390 ἐναντίον
1322 2363 1369 2389 τοῦ
1385 2362 1452 2388 Θεοῦ
1464 2371 1471 2378 ·
1491 2363 1505 2388 ὁ
1525 2362 1554 2388 δὲ
1576 2362 1687 2397 ἀσεϐὴς,
1709 2361 1834 2396 ἀπωλείᾳ.

1051 2409 1146 2445 αὶωνίᾳ
1157 2410 1332 2445 περιφέρεται
1349 2410 1377 2435 ὲν
1389 2408 1427 2444 τῷ
1438 2407 1579 2443 ἐπιθυμεῖν
1592 2409 1638 2435 καὶ
1652 2408 1782 2443 πράττειν
1800 2407 1835 2435 τὰ

1052 2455 1089 2492 μὴ
1102 2455 1161 2491 Θεῷ
1174 2455 1249 2490 φίλα.

1087 2502 1117 2528 Ei
1134 2502 1215 2536 φόϐος
1224 2500 1326 2536 Κυρίου
1345 2499 1519 2536 προστίθησιν
1535 2499 1650 2535 ἡμέρας,
1664 2499 1736 2535 ἀρχὴ
1749 2499 1778 2525 δὲ
1793 2507 1836 2526 σο-

1052 2548 1116 2582 φίας
1126 2547 1206 2581 φόϐος
1216 2547 1328 2582 Κυρίου,
1339 2547 1366 2573 αἱ
1380 2546 1479 2582 ἡμέραι
1494 2544 1582 2577 αὗται,
1596 2546 1665 2581 μέρη
1679 2546 1728 2580 τῆς
1740 2546 1837 2580 σοφίας

1053 2594 1120 2619 εἰσὶν
1134 2593 1185 2619 ὑπὸ
1195 2592 1242 2620 τοῦ
1259 2593 1334 2628 ἡλίου
1345 2593 1395 2628 τῆς
1407 2592 1577 2628 δικαιοσύνης
1593 2592 1751 2627 γινόμεναι-
1770 2600 1836 2626 προ-

1054 2639 1160 2665 κόπτων
1167 2638 1221 2674 γάρ
1232 2639 1391 2674 προστίθησι
1405 2637 1518 2672 γνώσεις
1531 2639 1576 2665 καὶ
1588 2638 1753 2673 φωτισμοὺς·
1766 2638 1836 2673 ὑπὲρ

1054 2685 1082 2711 δὲ
1098 2684 1222 2711 τοιούτων
1242 2684 1352 2719 ἡμερῶν
1369 2684 1476 2720 εὔχεται
1491 2683 1538 2710 καὶ
1562 2683 1642 2710 Δαυῒδ
1663 2676 1767 2717 λέγων·
1786 2682 1834 2716 Μὴ

257 2757 280 2774 υ·
298 2766 321 2795 v.
337 2759 397 2795 42,7
418 2760 440 2775 ολ
458 2768 482 2788 v.
501 2761 540 2789 t7.
585 2762 607 2778 ἰ
628 2770 651 2789 v.
668 2762 692 2790 ι.
731 2763 781 2790 "v
806 2763 831 2791 δ.
872 2763 893 2779 νη
914 2770 937 2791 v.
958 2762 999 2790 ιτ.

1055 2764 1098 2791 τι.
1116 2764 1157 2792 ts.
1197 2761 1336 2795 “Ruth.
1357 2761 1399 2793 ιο.
1435 2760 1458 2777 ⁹⁹
1480 2768 1504 2788 ν.
1519 2760 1564 2794 24.
1603 2760 1611 2775 ¹
1634 2759 1706 2790 l’sal.
1731 2766 1835 2793 sunt.

226 2792 266 2820 l0.
302 2793 312 2808 ‘
325 2801 350 2821 v.
365 2794 409 2821 27.
