1919 3074
229 146 277 174 171

653 139 932 168 SUI‘PLEMENTUM
953 139 997 166 AD
1015 137 1175 167 ORICENIS
1193 136 1401 165 EXEGETICA.

1807 133 1856 160 17!

227 215 279 241 est,
298 207 342 242 qui
364 207 415 234 illis
431 209 472 233 cst
491 203 672 236 infortuntus;
693 203 794 237 quique
812 202 883 229 hattd
898 201 1010 228 alterius

1065 200 1152 235 μένος,
1165 199 1193 230 ὃς
1209 199 1259 225 οὐκ
1274 198 1351 225 ἄλλου
1364 197 1454 232 χάριν,
1470 196 1525 223 ἀλλ’
1541 196 1621 222 ἕνεκα
1639 194 1686 229 τῆς
1700 193 1801 230 ἀρετῆς
1815 195 1849 220 τὰ

228 256 266 282 rei
290 253 385 289 gratia,
410 252 455 278 sed
475 255 587 286 propter
602 249 847 284 ipsaut.virtulcnt,
872 248 899 274 in
923 255 955 275 ea
984 255 1012 274 se

228 304 346 328 exercet.

262 345 284 361 ³⁸
311 344 414 370 Donum
433 343 532 369 bonum
549 341 583 368 do
604 341 809 372 vobis,cteleste
831 347 961 376 regnum,
990 341 1012 367 si

227 391 312 426 legem
335 397 422 417 meam
440 397 494 416 non
509 387 694 415 deserueritis.
713 387 763 415 Hic
787 394 869 421 porro
891 387 1012 414 animad-

226 437 386 464 vertendum
403 441 456 467 est,
472 437 571 463 donum
597 435 699 462 bonutn
717 433 769 461 dici
787 434 864 461 abeo
882 437 1012 465 tuentem,

225 488 338 519 propter
357 482 432 509 illttttt
454 481 500 515 qui
515 482 583 508 dona
616 481 642 508 itt
666 480 754 508 sinum
781 479 881 513 accipit
902 478 1012 513 injuste,

224 534 317 557 etnec
338 535 467 562 prospero
487 534 615 554 successu
631 527 727 553 utimr.
755 524 822 552 Nam
847 525 940 559 iniqua
968 523 1011 550 illa

225 575 295 602 dona
323 574 387 600 dicit
405 579 453 607 pro
474 571 590 606 improbi
609 571 728 598 hominis
752 569 878 605 negotiis,
903 577 963 604 qua:
988 568 1010 596 si

225 627 303 647 tneus
318 620 448 654 excipiat,
460 619 487 646 iu
502 618 554 645 viis
566 617 622 644 suis
638 625 690 644 non
706 617 879 644 fortunatur.

261 667 283 682 ³⁵
300 667 405 694 Corona
420 665 579 700 gratiarmn,
597 664 723 690 mandata
738 663 841 690 Domitti
859 667 934 694 sunt,
952 669 1011 696 qum

226 715 302 748 regni
334 720 463 740 coronam
490 711 608 738 vicissim
627 709 782 738 retribuuttt
804 709 1011 736 observantibus

226 761 295 793 ipsa.
311 759 418 786 Corona
430 765 493 784 vero
506 757 664 784 deliciarum
682 755 800 790 cognitio
814 755 873 786 Dei,
888 762 946 790 qua:
963 763 1012 781 nos

227 811 382 840 protegens,
396 811 502 831 omnem
519 802 648 829 lascivatn
663 801 869 836 cogitationem,
886 807 1010 827 outuent-

225 858 276 887 que
290 852 382 878 falsam
396 851 535 878 scientiam
552 848 665 883 repellit.

259 897 280 912 ³⁸
294 896 340 923 [Ite
351 895 502 929 complures
516 894 565 921 vite
578 893 611 920 ad
629 901 709 920 uuam
723 898 836 928 vergunt
854 894 936 924 viam,
949 900 1010 928 qum

224 943 290 970 dicit
304 950 311 969 :
329 942 385 977 Ego
395 949 454 968 sum
471 940 524 967 via.
551 938 649 966 Multas
669 944 759 966 autem
774 940 831 966 vias
844 939 910 965 dixit
925 940 1012 966 virtu-

224 993 273 1019 tes.
287 996 346 1023 qua:
361 988 395 1015 ad
406 988 452 1014 Dei
469 987 654 1022 cognitionem
675 986 822 1013 deducunt.
845 983 1008 1019 Multiplica-

222 1036 322 1062 btmtur
330 1039 419 1061 autem
434 1034 497 1060 anni
509 1033 570 1060 vita:
586 1033 698 1064 homini,
714 1031 758 1065 qui
775 1031 801 1057 iu
815 1030 1008 1065 prophetarum

223 1088 289 1108 voce
306 1080 382 1107 audit
397 1079 535 1107 caelestem
551 1078 657 1105 Patrem
668 1097 676 1107 .
690 1076 840 1110 recipitque
852 1083 900 1110 per
915 1075 1009 1109 unige-

223 1127 309 1153 nitum
324 1124 420 1152 Filium
437 1124 517 1151 verba
537 1122 618 1154 illius,
632 1127 660 1148 ιιι
670 1122 696 1148 iu
711 1122 772 1148 vita:
786 1120 865 1155 justte
880 1119 930 1147 viis
942 1120 1008 1148 diri-

222 1176 314 1204 gatur,
334 1177 388 1204 quo
404 1168 494 1196 salvus
509 1168 554 1195 liat
570 1168 596 1194 in
611 1173 712 1195 aeterna
731 1166 795 1193 vita.

257 1262 279 1277 ³⁷
295 1261 396 1288 liortttn
410 1264 565 1288 castrorum
584 1259 665 1287 statio
680 1263 721 1286 cst
738 1259 870 1294 nequitia,
896 1263 923 1285 et
939 1258 1005 1286 l'ulsa

222 1307 348 1338 scientia,
370 1311 396 1333 et
410 1305 539 1341 quidquid
552 1305 606 1332 Deo
620 1305 737 1332 invisum
751 1309 803 1332 est.
820 1305 920 1332 Hostes
933 1305 1005 1332 euiut

221 1358 285 1379 sunt
295 1353 382 1387 impia:
395 1352 581 1388 cogitationes,
597 1360 656 1387 qua:
668 1351 773 1380 animas
786 1352 933 1386 perimunt.

256 1447 278 1462 ³⁸
294 1446 405 1473 Dilectis
420 1445 476 1473 suis
490 1445 603 1480 largitur
622 1445 693 1472 Deus
712 1452 854 1476 somnum;
877 1448 905 1471 at
930 1444 1004 1478 impii

222 1492 367 1519 dilectione
380 1491 439 1525 ejus
451 1498 504 1518 non
521 1490 658 1521 fruuntur,
676 1490 774 1524 quibus
788 1494 863 1517 certe
881 1497 1005 1517 somnum

222 1536 353 1564 Dominus
376 1543 428 1563 non
447 1536 580 1563 concedit.
611 1534 681 1562 l'linc
708 1534 874 1562 credibiliter
898 1535 1004 1562 ostendi

221 1587 319 1617 potest,
336 1583 407 1609 haud
425 1589 483 1609 esse
499 1582 623 1610 idoneam
644 1580 776 1616 capiendo
793 1588 890 1609 somno
905 1581 1006 1609 daemo-

221 1637 284 1656 uum
299 1637 330 1655 na
336 1634 362 1655 ιιι
367 1636 432 1655 l‘ﬂlli.

257 1674 280 1690 "
298 1674 433 1700 Auteeunt
446 1673 523 1700 nobis
546 1673 671 1704 virtutes,
688 1680 791 1707 nosque
806 1672 961 1700 illuminant
979 1672 1006 1699 itt

220 1724 353 1754 prmsettte
383 1719 454 1751 vita;
482 1725 543 1753 quae
569 1719 590 1745 si
611 1726 672 1745 cum
698 1719 789 1745 l'utura
820 1709 1006 1752 comparetur,

220 1773 280 1800 qua:
292 1766 349 1792 dies
362 1770 414 1797 est,
430 1772 481 1791 ttox
498 1764 621 1796 dicetur;
636 1765 722 1791 donec
739 1769 867 1799 exsurgat
880 1763 957 1796 dies,
980 1763 1005 1791 iti

219 1820 273 1846 qua
286 1811 398 1844 iustitiae
415 1810 455 1838 sol
469 1810 582 1837 orietur.
610 1809 658 1836 Vel
687 1809 762 1843 dicit,
779 1810 867 1844 quoad
896 1810 1006 1837 tuto'in

220 1858 279 1884 loco
299 1864 348 1884 nos
363 1857 542 1887 constituant.
565 1864 616 1882 tton
634 1857 776 1884 recedunt.
795 1857 842 1884 Est
861 1857 934 1883 enim
952 1856 1004 1884 diei

219 1903 369 1939 proprium,
380 1908 407 1929 ιιι
425 1903 551 1930 tenebras
565 1902 700 1937 dispellat.
715 1903 792 1935 Quod
803 1910 868 1930 sane
878 1902 1005 1930 Christus

219 1949 303 1976 etiam
326 1948 419 1976 aiebat
435 1958 441 1975 :
457 1948 508 1982 Qui
534 1947 658 1975 ambulat
683 1948 709 1974 in
728 1948 782 1979 die,
805 1956 859 1975 ttou
882 1948 1004 1976 oﬂ‘endil.

219 1995 319 2024 Contra
334 1995 362 2022 ﬁt
381 1995 406 2022 itt
426 1996 477 2021 viis
496 1994 659 2029 impiorum;
677 1995 722 2029 qui
744 2002 805 2021 cutu
818 2002 905 2029 neque
918 1995 1005 2022 sciant

219 2049 307 2075 ueqtte
327 2041 488 2074 intelligant,
505 2041 532 2068 itt
557 2042 678 2068 tenebris
702 2041 842 2067 ambulant
867 2046 894 2068 et
915 2042 1004 2068 oll'en-

217 2088 299 2119 duut;
316 2095 405 2121 neque
428 2086 508 2113 ttllam
528 2087 633 2113 veniant
654 2086 810 2118 inveniunt,
832 2087 908 2122 quasi
927 2088 1004 2122 igno-

219 2134 307 2160 tatttia
339 2132 458 2167 prolapsi
485 2132 584 2159 fuerint
606 2142 612 2159 :
638 2132 687 2166 ipsi
710 2132 780 2159 cnim
795 2133 846 2159 sibi
877 2135 1003 2160 tenebras

216 2181 397 2208 obduxerunt.
413 2181 445 2208 Et
462 2181 570 2212 videsis,
585 2181 657 2215 quod
670 2181 755 2207 virtus
770 2181 795 2207 in
810 2181 905 2207 ntcdiis
921 2181 1001 2208 etiam

218 2225 338 2252 tenebris
359 2226 443 2252 lucem
465 2226 608 2258 diﬂ'uttdit;
633 2226 754 2260 nequitia
769 2231 868 2259 autem,
895 2227 921 2253 iu
939 2227 999 2254 lucc
1016 2241 1037 2268 ι)

216 2278 322 2305 quoque
336 2270 506 2299 tencltrescit.

250 2317 274 2333 ‘°
293 2317 347 2344 Sed
369 2324 456 2351 neque
478 2317 614 2351 quomodo
643 2321 756 2351 peccant
784 2318 859 2352 impii
893 2318 998 2350 sciunt,

215 2371 303 2398 neque
313 2371 422 2391 causam
436 2362 613 2389 offensionum
626 2371 736 2389 suarum
752 2369 850 2390 ttorttut
863 2372 869 2390 :
883 2364 1000 2398 denique

215 2418 249 2437 uc
264 2410 350 2444 ipsum
367 2409 474 2443 quidem
498 2413 641 2443 peccatum
657 2416 735 2435 suum
759 2410 997 2441 animadvertunt;

214 2455 285 2490 quod
301 2459 430 2482 extrema:
443 2454 569 2488 nequitiae
586 2454 714 2481 iudicium
733 2459 785 2482 est.

249 2501 271 2516 ¹¹¹
288 2500 390 2527 F0utes
404 2500 471 2526 dicit
486 2499 614 2531 virtutes,
631 2501 701 2527 unde
714 2505 802 2528 scatet
818 2508 886 2535 aqua
903 2501 996 2528 vivens

212 2547 365 2574 divinorum
383 2546 539 2579 verborum,
556 2545 583 2572 id
599 2549 639 2572 est
654 2545 754 2573 Christi
769 2547 894 2582 cognitio.
914 2548 996 2574 David

212 2600 319 2628 quoque
338 2601 345 2619 ε
362 2593 566 2626 Apparuerunt,
587 2592 684 2626 inquit,
706 2592 794 2620 fontes
810 2601 953 2628 aquarum,
970 2598 998 2621 et

212 2639 331 2665 revelata
363 2642 426 2664 sunt
455 2636 630 2663 fundamenta
657 2637 732 2665 orbis
764 2643 918 2671 terrarum,
946 2639 996 2667 sub

214 2686 331 2713 adventu
346 2683 472 2711 videlicet
485 2682 639 2710 Servatoris
654 2684 738 2711 nostri
751 2684 814 2711 Jesu
828 2684 940 2712 Christi.

249 2777 272 2792 δ’
285 2776 360 2803 Oculi
375 2776 424 2809 tui,
443 2775 538 2810 inquit,
560 2779 633 2802 recta
648 2775 767 2809 videant,
787 2776 813 2804 id
828 2781 869 2804 est
884 2783 916 2804 ea
935 2781 996 2803 tan-

265 2873 286 2888 "
301 2880 325 2899 ι’.
342 2872 369 2899 2.
407 2871 429 2887 ³⁸
441 2879 466 2900 ν.
479 2871 504 2899 9.
543 2870 566 2888 "
578 2879 601 2898 v.
620 2870 662 2898 l0.
700 2870 722 2887 ⁸⁷
739 2878 766 2900 v.
782 2870 823 2897 l5.
861 2869 883 2886 "
899 2878 923 2905 ν,
949 2869 991 2897 16.

1066 246 1124 272 κατ’
1142 245 1224 280 αὐτὴν
1241 245 1356 279 ἐνεργεῖ.

1099 334 1190 369 Δῶρον
1202 333 1301 368 ἀγαθον
1319 331 1456 368 δωροῦμαι
1471 331 1545 366 ὑμῖν,
1563 331 1611 366 τὴν
1629 329 1790 365 ἐπουράνιον
1804 328 1851 364 βα-

1065 381 1175 414 σιλείαν,
1193 380 1240 407 ἐὰν
1256 379 1302 406 τὸν
1321 379 1402 414 νόμον
1427 386 1477 413 μου
1504 376 1540 412 μὴ
1564 375 1780 410 ὲγκαταλίπητε’
1802 383 1850 409 ση⁶

1065 427 1193 463 μειωτέον
1215 426 1243 473 δᾶὲ
1266 424 1398 456 ἐνταῦθα,
1423 424 1462 450 ὅτι
1485 423 1569 458 δῶρον
1594 421 1694 455 ἀγαθὸν
1723 421 1850 456 ὀνομάζει

1062 472 1108 499 τὸν
1119 471 1190 503 νοῦν,
1205 466 1248 498 διξὰ
1264 470 1309 497 τὸν
1322 469 1495 505 λαμϐάνοντα
1507 467 1581 501 δῶρα
1593 467 1619 493 ὲν
1634 466 1725 502 κόλπῳ
1740 466 1850 498 ἀδίκως,

1063 520 1110 546 καὶ
1122 518 1160 554 μὴ
1174 517 1415 552 κατευοδούμενον·
1438 516 1529 542 ἐκεῖνα
1546 514 1600 549 γὰρ
1616 513 1690 549 δῶρα
1712 513 1801 544 ἄδικα,
1817 512 1852 539 τὰ

1063 565 1212 600 πράγματα
1226 563 1299 597 λέγει
1321 562 1366 588 τοῦ
1387 560 1516 596 πονηροῦ,
1535 560 1606 595 ἆπερ
1622 560 1636 585 ὁ
1652 559 1714 591 νοῦς
1737 559 1852 594 δεχόμε-

1063 619 1116 642 νος,
1129 609 1159 636 ού
1173 608 1363 636 κατευοδοῦται
1382 608 1410 634 ὲν
1426 608 1485 638 ταῖς
1499 606 1568 638 ὁδοῖς
1588 605 1680 632 αὐτοῦ,

1097 657 1231 691 Στέφανος
1242 656 1360 691 χαρίτων
1370 656 1398 681 αἱ
1409 654 1512 682 ἐντολαὶ
1525 654 1571 681 τοῦ
1584 653 1650 680 Θεοῦ
1662 654 1739 685 εἰσιν,
1750 653 1851 683 αἳτινες

1061 703 1107 729 τὸν
1138 701 1267 737 στέφανον
1298 701 1349 736 τῆς
1380 700 1517 735 βασιλείας
1552 700 1762 735 ἀντιπαρέχουσι
1795 700 1853 731 τοῖς

1063 745 1184 771 ποιοῦσιν
1197 744 1281 775 αὑτάς
1292 753 1298 759 ⁵
1318 745 1449 779 στέφανος
1461 744 1490 771 δὲ
1502 744 1605 780 τρυφῆς
1618 745 1634 780 ἡ
1651 744 1751 778 γνῶσις
1768 745 1784 780 ἡ
1803 743 1850 770 τοῦ

1061 790 1140 822 Θεοῦ,
1161 790 1221 825 ἥτις
1239 790 1461 825 ὑπερασπίζουσα
1484 789 1580 825 ἡμῶν,
1611 789 1698 816 πάντα
1721 789 1852 825 λογισμὸν

1062 836 1182 872 ἐμπαθῆ,
1198 837 1244 863 καὶ
1261 837 1350 863 πᾶσαν
1367 837 1466 871 γνῶσιν
1481 836 1567 872 ψευδῆ
1582 836 1742 863 ἀπωθεῖται.

1026 883 1047 910 Β
1096 880 1180 910 Δῦται
1196 884 1223 909 αἱ
1240 882 1335 909 πολλαὶ
1357 882 1411 909 ὁδοὶ
1433 883 1472 914 είς
1496 881 1560 917 μίαν
1584 882 1695 916 ἄγουσιν
1715 882 1785 914 ὁδὸν,
1801 881 1852 918 τὴν

1062 929 1191 956 εἰποῦσαν
1201 938 1208 944 ·
1224 928 1294 963 Ἐγὼ
1309 929 1365 964 εἰμι
1378 929 1394 964 ἡ
1409 928 1467 960 ὁδός
1477 937 1483 944 ι
1497 928 1596 960 πολλὰς
1606 928 1633 955 δὲ
1646 929 1755 964 εἴρηκεν
1763 929 1850 960 ὁδοὺς,

1060 976 1109 1007 τὰς
1126 975 1226 1011 ἀρετὰς
1241 975 1290 1007 τὰς
1304 975 1439 1011 φερούσας
1456 975 1502 1001 ἐπὶ
1518 974 1566 1010 τὴν
1587 974 1687 1009 γνῶσιν
1703 974 1750 1001 τοῦ
1767 974 1847 1001 Θεοῦ.

1060 1022 1279 1058 Πληουνοήσεται
1299 1021 1327 1048 δὲ
1344 1021 1391 1056 ἔτη
1409 1021 1481 1056 ζωῆς
1503 1020 1549 1047 τοῦ
1575 1020 1720 1052 ἀκούοντος
1736 1020 1779 1047 διὰ
1796 1020 1851 1047 τῶν

1061 1067 1207 1104 προφητῶν
1221 1067 1268 1093 τοῦ
1281 1067 1442 1102 ἐπουρανίου
1454 1067 1569 1102 Πατρός,
1584 1067 1630 1093 καὶ
1645 1066 1789 1102 δεχομένου
1805 1067 1851 1093 διὰ

1059 1114 1106 1140 τοῦ
1123 1113 1282 1149 μονογενοῦς
1297 1112 1361 1139 Υἰοῦ
1381 1113 1444 1145 τοὺς
1464 1112 1559 1147 λόγους
1576 1112 1668 1145 αὐτοῦ,
1685 1113 1726 1144 είς
1740 1112 1770 1138 τὸ
1785 1121 1851 1140 κατ-

1059 1159 1221 1194 ευΟυνοῆναι
1244 1159 1272 1186 ὲν
1298 1160 1357 1190 ταῖς
1371 1159 1440 1190 ὁδοῖς
1461 1159 1510 1194 τῆς
1527 1159 1700 1194 δικαιοσύνης
1716 1158 1761 1185 τοῦ
1778 1158 1849 1193 βίου,

1058 1206 1130 1238 ὅπως
1143 1205 1271 1241 ἀποσωθῇ
1287 1205 1326 1236 είς
1337 1205 1387 1240 τὴν
1401 1205 1514 1238 ἀείζωον
1525 1204 1607 1240 ζωήν.

1093 1251 1193 1279 Τούτου
1211 1251 1258 1278 τοῦ
1276 1250 1391 1286 στρατοῦ
1406 1251 1420 1277 ὁ
1442 1251 1524 1282 τόπος
1544 1251 1619 1278 ἐστὶν
1636 1250 1652 1286 ὴ
1669 1250 1753 1277 κακία
1770 1249 1817 1276 καὶ
1831 1249 1849 1283 ἡ

1057 1297 1229 1333 ψευδώνυμος
1242 1297 1354 1331 γνῶσις,
1371 1297 1418 1324 καὶ
1431 1297 1484 1323 πᾶν
1499 1296 1586 1323 ὁτιοῦν
1599 1295 1711 1322 ἄδεκτον
1726 1295 1764 1330 τῷ
1776 1294 1847 1330 Θεῷ’

1058 1343 1180 1379 πολέμιοι
1193 1343 1247 1379 γάρ
1265 1345 1331 1370 εἰσιν
1345 1344 1369 1370 οἱ
1386 1342 1494 1375 ἀσεϐεῖς
1517 1342 1653 1377 λογισμοὶ,
1677 1342 1767 1377 ψυχὰς
1780 1343 1850 1369 ἀπο-

1057 1389 1218 1421 κτείνοντες.

1099 1435 1139 1462 Ἐν
1154 1436 1211 1466 τοῖς
1228 1435 1379 1470 ἀγαπητοῖς
1395 1434 1478 1462 αὑτοῦ
1491 1434 1597 1461 δίδωσιν
1609 1435 1623 1460 ὁ
1635 1433 1735 1469 Κύριος
1751 1433 1846 1460 ὕπνον·

1056 1482 1081 1507 οί
1100 1481 1127 1507 δὲ
1149 1480 1258 1513 ἀσεϐεῖς
1282 1481 1332 1508 οὐκ
1356 1481 1425 1508 εἰσὶν
1440 1479 1521 1507 αὐτοῦ
1536 1480 1687 1515 ἀγαπητοί·
1709 1480 1765 1511 τοῖς
1783 1479 1848 1506 ἀσε-

1057 1526 1132 1553 ϐέσιν
1145 1526 1198 1563 ἄρα
1218 1526 1248 1552 οὐ
1263 1525 1369 1552 δίδωσιν
1392 1526 1473 1552 ὕπνον
1494 1527 1508 1552 ὁ
1530 1525 1648 1562 Κύριος·
1671 1524 1796 1551 ἐντεῦθεν
1817 1523 1847 1551 δὲ

1020 1558 1042 1587 c
1060 1572 1116 1599 ἐστι
1134 1574 1181 1599 καὶ
1192 1572 1326 1605 πειθανῶς
1342 1572 1437 1606 δεῖξαι,
1456 1573 1496 1599 ὅτι
1510 1572 1540 1599 οὐ
1554 1571 1694 1599 καθεύδειν
1705 1571 1846 1605 πεφύκασι

1057 1620 1192 1655 δαίμονες.

1092 1676 1310 1712 Προπορεὺονται
1339 1676 1418 1711 ἡμῶν
1440 1675 1468 1702 αἱ
1485 1675 1590 1710 ἀρεταὶ.
1616 1675 1663 1701 καὶ
1682 1674 1848 1709 φωτίζουσιν

1055 1724 1129 1758 ἡμᾶς
1140 1724 1168 1750 ὲν
1187 1722 1226 1757 τῷ
1236 1722 1348 1757 παρόντι
1364 1722 1423 1757 βίῳ,
1438 1721 1467 1753 ὃς
1484 1721 1551 1757 πρὸς
1563 1720 1607 1747 τὸν
1624 1720 1764 1755 μέλλοντα,
1779 1720 1848 1755 ἡμέ-

1058 1778 1106 1804 ραν
1123 1769 1197 1802 ΰντα,
1215 1768 1262 1802 νὺξ
1276 1768 1399 1802 λέγεται·
1420 1768 1472 1799 ἕως
1490 1766 1657 1802 κατορθώσει
1673 1767 1689 1802 ἡ
1703 1766 1799 1802 ἡμέρα
1817 1767 1848 1792 ὲν

1055 1814 1101 1853 ᾖό
1116 1816 1165 1852 τῆς
1185 1814 1357 1849 δικαιοσύνης
1380 1814 1456 1849 ἥλιος
1477 1813 1625 1840 ἀνατέλλει.
1651 1812 1687 1838 Ἦ
1710 1812 1770 1838 ἀντὶ
1788 1811 1847 1842 τοῦ,

1055 1862 1106 1894 ἕως
1122 1862 1195 1897 ἡμᾶς
1210 1862 1238 1887 ὲν
1253 1860 1386 1895 ἀσφαλείᾳ
1402 1860 1629 1895 καταστήσουσιν,
1644 1858 1694 1884 οὐκ
1710 1858 1847 1892 ἀφίσταν-

1054 1916 1112 1935 ται·
1127 1907 1205 1934 τοῦτο
1226 1906 1280 1942 γὰρ
1300 1905 1407 1941 ἡμέρας
1431 1905 1506 1938 ἴδιον,
1530 1905 1560 1932 τὸ
1587 1904 1683 1935 σκότος
1707 1903 1845 1930 διαλύεινυ

1054 1955 1122 1989 ὅπερ
1142 1951 1188 1980 οὖν
1207 1953 1254 1980 καὶ
1265 1952 1381 1988 Χριστὸς
1408 1949 1518 1985 ἔλεγεν·
1541 1951 1570 1976 70
1588 1949 1748 1985 περιπατῶν
1767 1951 1796 1975 ὲν
1812 1951 1845 1984 τῇ

1054 2001 1145 2036 ἡμέρᾳ
1167 2000 1196 2026 ού
1222 1998 1402 2034 προσκόπτει·
1429 1996 1581 2024 τούναντίον
1607 1996 1635 2023 δὲ
1657 1997 1685 2023 αἱ
1704 1996 1759 2023 τῶν
1779 1997 1845 2023 ἀσε-

1054 2046 1108 2072 ϐῶν
1120 2054 1126 2060 ·
1145 2045 1206 2072 ἐπεὶ
1219 2043 1265 2071 οὖν
1280 2045 1329 2070 οὑκ
1345 2043 1464 2078 ἔγνωσαν
1480 2042 1540 2069 οὐδὲ
1555 2042 1685 2077 συνῆκαν,
1703 2042 1731 2068 ὲν
1753 2042 1846 2068 σκότει

1053 2091 1273 2126 διαπορεύονται·
1310 2089 1545 2125 προσκόπτουσιν,
1581 2088 1637 2115 ἀλλ’
1668 2088 1718 2115 οὐκ
1752 2088 1846 2123 ἔχουσι

1054 2137 1217 2171 συγγνώμην
1238 2135 1276 2166 ὡς
1300 2134 1395 2169 ἀγνοίᾳ
1422 2133 1653 2169 προσπταίοντες·
1681 2133 1757 2159 αὐτοὶ
1789 2133 1846 2167 γὰρ

1053 2183 1157 2213 ἑαυτοῖς
1178 2182 1208 2207 τὸ
1231 2180 1326 2211 σκότος
1352 2179 1531 2215 εἰργάσαντο·
1560 2179 1610 2215 ὅρα
1634 2179 1662 2206 δὲ
1687 2179 1725 2210 ὼς
1750 2179 1767 2215 ὴ
1795 2179 1846 2215 μὲν

1052 2227 1135 2263 ἀρετὴ
1155 2227 1201 2254 καὶ
1218 2228 1246 2253 ὲν
1264 2226 1354 2253 σκότει
1377 2225 1434 2260 φῶς
1457 2226 1592 2261 ὲποίησεψ
1609 2227 1626 2261 ἡ
1642 2225 1670 2252 δὲ
1692 2225 1776 2252 κακία
1797 2226 1845 2252 καὶ

1053 2275 1081 2300 ὲν
1101 2274 1170 2308 φωτὶ
1185 2273 1289 2304 σκότος.
1305 2288 1340 2293 ——-
1365 2272 1433 2299 Οὐδὲ
1451 2272 1496 2299 τὸν
1512 2272 1611 2308 τρόπον
1639 2272 1697 2303 πῶς
1717 2272 1774 2307 ἁμα
1781 2273 1846 2308 pti-

1053 2329 1151 2351 νουσιν,
1171 2321 1195 2346 οἱ
1213 2319 1323 2351 ἀσεϐεῖς
1345 2320 1521 2346 ἐπίστανται·
1542 2318 1602 2344 οὐδὲ
1621 2318 1669 2353 τὴν
1688 2319 1778 2345 αἰτίαν
1802 2327 1845 2352 γι-

1052 2367 1194 2396 νώσκουσι,
1224 2366 1305 2392 πόθεν
1339 2365 1570 2401 προσκόπουσιν·
1601 2363 1657 2389 ἀλλ’
1684 2363 1745 2390 οὐδὲ
1777 2363 1845 2390 αὐτὸ

1051 2412 1128 2439 τοῦτο
1150 2413 1249 2444 ἴσασιν,
1275 2412 1316 2438 ὅτι
1341 2409 1562 2446 παρανομοῦσιν’
1588 2410 1656 2445 ὅπερ
1674 2409 1749 2435 ἐστὶν
1777 2408 1844 2444 γνώ-

1053 2468 1135 2495 ρισμα
1150 2460 1198 2494 τῆς
1213 2459 1329 2494 ἐσχάτης
1345 2457 1453 2488 κακίας.

1087 2504 1180 2540 Πηγὰς
1191 2504 1264 2538 λέγει
1279 2503 1329 2535 τὰς
1343 2503 1453 2539 ἀρετὰς,
1468 2502 1514 2536 ἀφ’
1525 2499 1562 2528 ὧν
1576 2501 1703 2535 γεννᾶται
1719 2501 1751 2527 τὸ
1767 2501 1840 2536 ὕδωρ

1049 2549 1080 2576 τὸ
1096 2548 1150 2581 ζῶν
1174 2548 1226 2574 τῶν
1250 2548 1329 2574 οείων
1357 2547 1497 2583 ῥημάτων,
1521 2547 1589 2582 ὅπερ
1615 2546 1688 2572 ἐστὶν
1705 2546 1721 2581 ἠ
1739 2546 1839 2581 γνῶσις

1050 2595 1097 2621 τοῦ
1112 2594 1241 2630 Χριστοῦ.
1256 2594 1311 2620 Καὶ
1323 2595 1337 2620 ὁ
1350 2594 1430 2620 Δαυῗδ
1441 2602 1448 2608 ·
1468 2592 1609 2627 Ὠφθησαν
1622 2591 1686 2628 γὰρ,
1697 2593 1794 2627 φησὶν,
1809 2592 1838 2618 αἱ

1050 2641 1137 2677 πηγαὶ
1152 2640 1206 2666 τῶν
1229 2640 1342 2671 ὑδάτων,
1363 2639 1410 2666 καὶ
1430 2637 1654 2673 ἀνεκαλύφθησαν
1674 2637 1708 2664 τὰ
1725 2637 1839 2673 θεμέλια

1049 2686 1096 2720 τῆς
1118 2685 1289 2720 οἰκουμένης,
1312 2685 1388 2719 παρὰ
1407 2684 1456 2719 τὴν
1475 2683 1621 2719 ἐπιδημίαν
1648 2682 1770 2718 δηλονότι
1791 2682 1837 2710 τοῦ

1046 2732 1170 2767 Σωτῆρος
1186 2730 1263 2766 ήμῶν
1283 2730 1368 2766 Ἰησοῦ
1379 2730 1506 2765 Χριστοῦ.

1083 2778 1113 2803 Οἱ
1130 2776 1262 2811 ὀφθαλμοί
1280 2785 1337 2809 σου,
1359 2773 1445 2807 εἶπεν,
1464 2775 1530 2811 ὀρθὰ
1556 2774 1740 2809 βλεπέτωσαν,
1756 2779 1836 2802 τουτο

1366 2868 1385 2883 ⁸¹
1406 2875 1430 2895 νγ
1457 2867 1502 2895 il.
1540 2867 1562 2884 “
1580 2867 1652 2896 v.25.

1032 2868 1053 2886 ³⁵
1070 2876 1095 2897 v.
1115 2868 1155 2896 lS.
1195 2868 1217 2884 ‘°
1234 2875 1258 2896 ν.
1282 2868 1326 2896 19.
