1919 3074
80 164 124 194 173

78 225 129 252 ἐστι
149 225 182 251 τὰ
212 224 274 259 Θεῷ
289 223 357 259 μόνα
378 218 449 259 φίλα,
467 223 549 260 ἠγουν
566 225 599 251 τὰ
618 226 693 260 παρὰ
710 226 764 252 τῶν
787 234 852 261 προ·
872 234 891 258 Α

77 270 160 305 φητῶν
172 270 238 304 ἡμῖν
261 269 458 305 σαφηνισθέντα
481 271 544 304 περὶ
566 271 612 296 τοῦ
634 270 751 306 Χριστοῦ
777 271 856 306 μόνου

64 317 120 342 καὶ
134 315 182 342 τῶν
198 315 329 350 μαθητῶν
345 315 427 342 αὑτοῦ
440 324 446 330 ·
467 316 514 341 καὶ
531 316 580 342 ὅσα
597 317 672 351 παρὰ
695 325 767 346 τινος
788 315 857 350 πρὸς

78 362 118 388 τὸν
130 361 243 396 Χριστὸν
254 360 405 387 οἱκειοῦντα
417 360 546 396 λαληθείη
560 361 606 388 καὶ
624 361 713 396 μόνον.

107 407 245 441 Συμφωνεῑ
263 405 367 437 τούτοις
383 406 423 437 τὸ,
446 407 509 433 Ἐὰν
528 407 565 442 μὴ
581 406 682 442 Κύριος
696 405 859 441 οίκοδομήσῃ

77 452 150 486 δίκον,
166 454 212 480 καὶ
232 453 337 489 φυλάξῃ
358 453 450 480 Ιιιτόλιν·
474 453 611 480 τουτέστιν
626 453 673 479 ἐὰν
695 452 733 488 μὴ
755 452 856 487 Κύριος

77 501 124 537 δέκα
137 501 200 535 ἡμῖν
218 501 295 535 ἰσχὺν
311 500 357 527 τοῦ
380 499 544 527 κατευθῦναι
561 499 594 525 τὰ
613 496 681 534 πρὸς
700 498 781 524 αὑτὸν
800 498 856 524 δια-

76 548 185 582 δήματα,
199 547 290 582 μάτην
305 548 386 582 ἡμεῖς
405 547 555 582 κοπιῶμεν,
572 546 596 572 οἱ
618 546 654 581 μὴ
671 546 699 572 ὲν
715 544 855 580 παρακλή-

77 601 112 619 σει
131 593 208 620 αὑτὸν
232 593 456 628 ἑπικαλούμενοι,
480 590 538 620 ἀλλ’
558 592 587 618 ὲν
607 587 734 627 αὐθαδείῃ
752 591 855 624 ἐπιχει-

79 647 187 674 ρουντες.

827 681 902 710 CAP.

107 735 324 771 ξὴωμυλεύονται
339 734 392 770 γὰρ
408 734 468 761 αἵτε
490 728 619 769 πρόδηλοι
636 729 745 769 πόρναι,
764 731 811 758 καὶ
832 731 859 758 ad

78 781 124 807 τῶν
154 781 316 817 ἑτεροδόξων
354 779 533 811 διδασκαλίαι,
568 778 712 805 ἀπατῶσαι
739 777 782 804 διὰ
811 776 862 811 τῆς

79 828 265 864 χρηστολογίας
295 828 344 859 τὰς
370 826 423 853 τῶν
448 827 559 853 ἀκάκων
581 825 714 860 καρδίας·
745 823 859 859 μεγίστη

78 872 117 900 οὖν
128 874 258 909 ἀσφάλεια
275 874 307 900 τὸ
325 873 362 909 μὴ
378 872 479 900 ἁλῶναι
493 872 541 907 τὴν
557 871 659 906 ἀρχήν-
682 870 778 897 ἁλόντα
794 869 858 904 γὰρ,

77 915 192 947 δύσκολον
212 918 366 954 διαφυγεῖν.
568 930 571 934 ’

108 967 190 1002 Μέχρι
210 966 261 1002 μὲν
280 966 330 1001 τῆς
351 965 436 1000 ἀκοῆς
451 964 550 1002 αὐτῶν,
575 963 604 990 τὺ
619 962 710 990 καλόν.
727 961 857 997 Σημαίνει

79 1010 102 1037 δὲ
115 1011 142 1038 τὸ
156 1001 231 1043 λῖπος
254 1011 306 1046 τὴν
331 1009 438 1046 ἡδονὴν,
453 1009 501 1043 ἀφ’
514 1001 547 1044 ἧς
561 1008 680 1035 τίκτεται
697 1007 713 1042 ὴ
735 1005 857 1041 ἀκαθαρ-

80 1057 133 1084 σία·
149 1054 182 1092 ἧς
193 1057 319 1091 ἔκγονον,
343 1055 426 1083 κακία
442 1055 490 1081 καὶ
508 1055 618 1088 ἄγνοια·
641 1049 678 1079 ὧν
703 1051 779 1079 οὐδὲν
801 1051 858 1077 ἔστι

79 1104 228 1140 πικρότερον
248 1101 279 1130 ὲν
294 1103 351 1134 τοῖς
370 1102 509 1136 γεγονόσιν
535 1098 625 1136 εὖρεῖν
646 1099 674 1125 ὲν
693 1097 784 1134 ἡμέρᾳ
800 1096 859 1132 κρί-

82 1157 150 1180 σεως.

114 1193 247 1221 Ἐντεῦθεν
272 1191 444 1227 γινώσκομεν
468 1191 509 1218 ὅτι
526 1191 556 1217 τὸ
572 1185 685 1225 θυμικὸν
704 1188 784 1223 μέρος
801 1187 859 1213 ὲπι-

81 1240 164 1274 κρατεῖ
178 1240 207 1265 ὲν
220 1239 279 1270 τοῖς
302 1237 442 1272 δαίμοσιν·
459 1236 629 1270 Ἀνελεήμων
641 1233 705 1269 γὰρ,
722 1230 798 1268 φησι,
813 1231 859 1258 θυ-

83 1285 134 1319 μὸς,
145 1285 188 1311 καὶ
207 1284 283 1316 ὀξεῖα
295 1283 365 1319 ὀργὴ
379 1281 468 1310 αὐτῶν
481 1291 486 1296 -
503 1280 648 1316 θηρεύουσι
661 1279 716 1314 γὰρ
732 1278 772 1309 εἰς
786 1275 860 1304 ἀπώ-

81 1329 147 1358 λειαν
164 1331 226 1362 τοὺς
246 1329 463 1365 πειθαρχοῦντας
479 1328 570 1359 αὐτοῖς
580 1335 586 1341 ο
608 1325 679 1352 οὕτω
692 1325 745 1360 γὰρ
761 1323 860 1358 τιμῶσι

82 1376 135 1407 τοὺς
146 1375 284 1411 τιμῶντας
298 1374 407 1405 αὐτούς.

110 1421 155 1448 Διὰ
175 1421 229 1448 τῶν
262 1421 370 1448 κακιῶν
396 1421 421 1446 οἱ
454 1419 566 1456 πονηροὶ
595 1416 786 1453 κατατρίόοῡσι
814 1415 862 1447 τὰς

82 1469 174 1505 ὰαρκας
194 1469 241 1495 τοῦ
263 1468 396 1504 Χριστοῦ,
420 1467 467 1495 καὶ
491 1467 521 1493 τὸ
538 1464 606 1501 αἷμα
625 1464 862 1492 καταναλίσκουσι.

82 1514 158 1541 κοινὸν
185 1512 251 1541 αὐτὸ
276 1514 447 1550 ἡγησάμενοι
472 1513 521 1548 (1)·
545 1511 575 1538 ’0
591 1511 704 1547 τρώγων
726 1510 780 1546 γάρ
802 1518 862 1545 μου,

82 1560 148 1594 φησὶ,
164 1559 211 1595 τὴν
224 1560 327 1594 σάρκα,
345 1559 391 1585 καὶ
407 1557 492 1584 πίνων
512 1566 561 1592 μου
579 1557 609 1583 τὸ
625 1554 704 1591 ατμα,
722 1555 776 1590 ἔχει
793 1554 864 1589 ζωὴν

876 934 895 961 Β

81 1604 187 1637 αἰώνιον,
215 1603 298 1639 κάγὼ
326 1603 470 1638 ἀναστήσω
491 1602 572 1629 αὐτὸν
586 1603 615 1629 ὲν
631 1601 733 1636 ἐσχάτῃ
754 1600 860 1635 ἡμέρᾳ·
876 1607 897 1635 ρ

82 1651 127 1677 ὁᾰὲ
141 1651 255 1684 ἀναξίως
274 1651 372 1678 ἐσθίων
388 1650 418 1677 τὸ
432 1650 512 1684 σῶμα
528 1649 575 1676 καὶ
592 1649 677 1675 πίνων
692 1647 722 1674 τὸ
739 1643 808 1681 αἷμα
817 1645 862 1672 τοῦ

83 1695 184 1731 Κυρίου,
196 1697 286 1731 κρῖμα
303 1695 391 1730 ἑαυτῷ
401 1694 485 1721 ἐσθίει
502 1695 550 1721 καὶ
564 1693 643 1720 πίνει.

112 1739 160 1768 Ἦν
171 1743 214 1768 ὅτε
231 1743 285 1768 οὐκ
303 1739 337 1776 ἦν
351 1740 446 1773 κακὸν,
470 1741 516 1767 καὶ
538 1739 614 1766 ἔσται
632 1739 676 1765 ὅτε
698 1739 748 1765 οὐκ
773 1729 862 1764 ἔσται’

84 1786 251 1820 ἃνεξάλειπτα
269 1787 326 1824 γὰρ
347 1787 380 1814 τὰ
399 1787 618 1823 σπέρματα“τῆς
639 1785 752 1821 ἀρετῆς·
778 1784 865 1811 πείθει

83 1830 108 1859 δέ
122 1842 151 1869 με
164 1835 209 1861 καὶ
225 1828 305 1865 οὗτος
321 1834 387 1868 παρ’
398 1833 497 1867 ὀλίγον,
511 1833 557 1859 καὶ
569 1832 599 1858 οὺ
614 1831 724 1863 τελείως
741 1831 770 1858 ὲν
785 1832 866 1857 παντὶ

85 1879 151 1915 κακῷ
170 1880 292 1914 γεγονὼς
316 1880 330 1906 ὁ
352 1878 479 1910 πλούσιος
504 1880 533 1905 ὲν
554 1878 592 1914 τῷ
617 1878 668 1914 ᾄδῃ
693 1877 737 1903 διὰ
766 1877 866 1903 κακίαν

85 1924 241 1961 κρινόμενος,
259 1925 307 1953 καὶ
328 1926 469 1961 οἰκτείρων
487 1925 551 1956 τοὺς
571 1923 701 1958 ἀδελφούς
721 1923 758 1958 (2)
770 1930 776 1936 ’
795 1922 825 1948 τὸ
838 1921 865 1947 δὲ

85 1971 167 2004 ἐλεεῖν,
179 1973 293 2008 σπέρμα
303 1972 431 2006 τυγχάνει
442 1971 473 1998 τὸ
488 1970 630 1998 κάλλιστον
646 1969 694 2004 τῆς
710 1967 818 2003 ἀρετῆς.

119 2059 149 2087 Ἦ
167 2061 270 2095 γνῶσις
295 2058 342 2086 καὶ
366 2059 453 2095 φρέαρ
476 2059 534 2085 ἐστὶ
554 2059 599 2084 κει.)⁴
624 2058 716 2093 πηγήι
735 2057 790 2087 τοῖς
817 2054 865 2090 μὲν

84 2105 131 2140 γὰρ
142 2105 321 2142 προσελθοῦσι
335 2107 394 2136 ταῖς
407 2105 528 2140 ἀρεταῖς,
547 2103 614 2139 βαθὺ
631 2103 718 2139 φρέαρ
740 2100 809 2128 εἶναι
825 2100 867 2127 δο-

85 2147 135 2177 κεῖ’
146 2154 200 2184 τοῖς
213 2152 242 2178 δὲ
262 2150 381 2178 ἀπαθέσι
396 2151 442 2177 καὶ
457 2149 598 2185 καθαροῖς,
621 2149 697 2184 πηγή
708 2156 714 2163 ⁸
732 2146 803 2174 οὓτω
820 2146 867 2173 καὶ

84 2198 96 2223 ὁ
108 2198 195 2235 Σωτὴρ
210 2197 358 2229 ἐκαθέζετο
373 2197 420 2223 ἐπὶ
433 2197 466 2232 τῇ
480 2197 565 2231 πηγῇ,
579 2195 637 2230 ὥρα
650 2193 683 2230 ἦν
698 2194 764 2220 ὡσεὶ
783 2193 864 2227 ἕκτη·

85 2243 205 2280 πηγὴνδὲ
220 2245 279 2272 νόει
292 2244 341 2279 τὴν
367 2243 442 2270 θείαν
465 2241 575 2277 γνῶσιν,
601 2241 648 2267 καὶ
669 2240 699 2266 οὑ
723 2239 753 2266 τὸ
779 2239 866 2274 φρέαρ

648 159 830 193 EXPOSlTIO
845 164 877 191 i-N
896 161 1103 193 PROVERBIA.

1638 168 1688 194 174

909 231 963 252 tum
981 233 1040 260 quae
1059 226 1113 252 Deo
1129 230 1191 252 sttnt
1207 225 1304 260 placita
1319 235 1325 258 ;
1339 230 1435 259 nempe
1447 231 1506 259 qum
1521 232 1536 252 a
1552 226 1690 260 prophetis

910 271 1079 298 manifestata
1093 271 1170 298 nobis
1188 270 1298 298 fuerunt
1320 272 1351 297 de
1373 270 1430 297 solo
1445 270 1554 298 Christo
1571 271 1691 306 discipu-

909 315 992 349 lisque
1005 315 1062 348 ejus
1079 324 1085 342 :
1103 322 1272 350 quacunque
1287 316 1403 349 denique
1420 315 1470 342 abs
1492 317 1587 350 quovis
1599 315 1692 343 dicen-

909 365 952 387 tur
968 361 1000 387 ad
1013 361 1151 388 Christum
1165 362 1352 387 tantummodo
1369 360 1538 388 deducentia.

944 406 966 422 "
981 405 1027 433 His
1044 411 1196 434 consonant
1214 406 1258 433 illa
1276 414 1282 432 :
1301 405 1358 432 Nisi
1372 405 1500 433 Dominus
1513 406 1693 434 aedificaverit

909 451 1029 483 demum,
1041 457 1068 479 et
1076 452 1251 479 custodiverit
1262 452 1416 485 civitatem;
1435 452 1461 479 id
1471 457 1523 485 est,
1536 453 1585 480 nisi
1599 453 1687 480 Domi-

911 504 961 524 nus
979 497 1058 524 nobls
1072 497 1126 524 vim
1149 496 1364 531 suppeditavcrit
1388 496 1521 530 dirigendi
1546 498 1579 524 ad
1604 497 1692 532 ipsum

910 549 1020 576 gressus
1033 547 1155 574 nostros,
1168 542 1269 569 frustra
1283 549 1332 569 nos
1348 542 1579 576 laboramus,'qui
1595 549 1694 577 nequa-

910 595 991 623 quam
1009 596 1071 615 eum
1093 589 1219 623 precibus
1238 588 1413 620 invocamus,
1435 588 1483 615 sed
1501 594 1562 615 cum
1581 589 1702 618 audacia.

909 639 967 661 rem
987 634 1119 669 gerimus.

921 680 955 707 V.

945 727 969 744 “
997 727 1134 756 Blaterant
1156 728 1228 755 enim
1241 733 1296 755 tum
1316 728 1430 763 publica:
1444 728 1601 756 meretrices
1613 749 1621 760 .
1635 734 1692 766 tum

909 774 1138 802 heterodoxorum
1153 775 1271 808 scholae,
1301 774 1413 809 pulchro
1439 774 1546 809 eloquio
1564 775 1695 809 ingenuo-

909 827 969 847 rum
980 821 1061 848 corda
1077 820 1251 855 decipientes.
1280 820 1326 848 Est
1344 820 1436 854 itaque
1453 824 1540 847 tntum
1561 821 1688 851 maxime,

909 874 943 893 ne
976 866 1054 893 initio
1084 866 1268 901 decipiatnur;
1304 873 1365 893 nam
1398 866 1542 900 deceptus,
1583 866 1691 893 diﬁicile

909 912 1011 939 evadit.
1526 931 1529 933 .

944 956 969 972 ⁸⁸
985 956 1141 984 Anditionis
1161 961 1248 989 tenus,
1273 955 1426 983 delectatio.
1444 956 1584 990 Pinguedo
1602 960 1692 983 autem

910 1002 1076 1036 voluptatem
1101 1002 1227 1033 denotat,
1257 1005 1290 1028 ex
1315 1008 1367 1035 qua
1390 1001 1534 1033 impuritas
1558 1000 1694 1035 gignitur;

910 1047 987 1081 cujus
1002 1048 1155 1083 progenies,
1170 1048 1288 1082 nequitia
1303 1052 1329 1074 et
1342 1047 1460 1074 inscitia.
1476 1047 1559 1081 Atq’ui
1571 1046 1616 1073 his
1625 1046 1698 1074 vitiis

911 1094 979 1121 nihil
992 1094 1147 1121 invenietur
1162 1093 1283 1120 amarius
1299 1093 1325 1120 in
1340 1093 1384 1120 die
1395 1093 1499 1128 judicil.

950 1180 973 1196 “
999 1179 1069 1207 llinc
1091 1179 1280 1214 cognoscimus
1301 1177 1459 1213 qualitatem
1486 1178 1643 1206 iracundam
1662 1178 1696 1210 .in

911 1228 1077 1256 dtcmonibus
1092 1226 1250 1262 przevalere.
1279 1226 1393 1253 lmtnitis
1420 1233 1491 1253 enim
1518 1231 1570 1258 est,
1598 1226 1694 1260 inquit,

911 1273 988 1301 furor
1002 1280 1106 1304 eorum.
1119 1279 1144 1300 et
1159 1273 1198 1300 ira
1212 1278 1301 1299 acuta.
1318 1272 1457 1300 Venantur
1471 1271 1568 1306 quippe
1584 1272 1616 1298 ad
1630 1272 1699 1298 inte-

913 1321 994 1347 ritum
1006 1326 1053 1348 eos
1067 1319 1112 1354 qui
1124 1319 1175 1346 sibi
1188 1318 1389 1352 obtemperant.
1404 1318 1450 1345 Sic
1471 1318 1593 1346 videlicet
1610 1319 1695 1345 hono—

914 1370 976 1393 rant
986 1373 1044 1397 eos,
1057 1365 1103 1399 qui
1118 1364 1189 1399 ipsos
1205 1365 1350 1392 honorant.

949 1412 971 1428 ⁸⁷
985 1411 1107 1438 Peccatis
1123 1410 1181 1437 suis
1194 1410 1310 1444 improbi
1334 1409 1457 1436 homines
1474 1408 1576 1436 Christi
1603 1414 1700 1435 carnes

915 1462 1070 1489 conterunt,
1084 1461 1111 1484 et
1124 1457 1280 1492 sanguinem
1296 1460 1468 1486 consumunt,
1485 1462 1542 1482 rem
1557 1453 1698 1489 profanam

915 1505 1116 1532 existimantes.
1133 1504 1258 1531 Attamen
1271 1503 1309 1529 ait
1320 1501 1445 1530 Christus
1462 1510 1470 1528 :
1485 1501 1535 1534 Qui
1556 1500 1698 1528 ntanducat

916 1557 1004 1576 meam
1036 1557 1147 1577 carnem
1176 1554 1204 1576 et
1222 1548 1287 1575 bibit
1311 1555 1399 1575 meum
1427 1547 1597 1582 sanguinem,
1617 1546 1697 1574 habet

916 1595 997 1622 vitam
1010 1599 1151 1626 :etcrnam,
1162 1599 1189 1620 et
1198 1601 1247 1628 ego
1257 1593 1423 1620 resuscitabo
1432 1600 1493 1620 eutn
1510 1593 1535 1619 in
1552 1592 1699 1619 novissimo

916 1639 970 1666 die.
978 1639 1036 1667 Jam
1046 1647 1110 1666 vero
1121 1639 1164 1673 qui
1174 1638 1282 1673 indigne
1290 1645 1387 1673 corpus
1398 1637 1543 1666 manducat
1552 1643 1579 1665 et
1588 1637 1697 1672 sangui-

916 1693 977 1713 nem
993 1686 1059 1713 bibit
1074 1685 1192 1717 Domini,
1206 1684 1336 1719 judicium
1351 1685 1401 1711 sibi
1419 1684 1566 1711 ntanducat
1577 1688 1606 1710 et
1618 1683 1696 1710 bibit.

951 1731 975 1747 “
990 1731 1060 1758 Olim
1078 1737 1131 1757 non
1146 1730 1196 1756 fuit
1211 1730 1323 1760 malum,
1342 1734 1370 1756 et
1385 1729 1435 1756 hoc
1448 1729 1535 1763 ipsum
1555 1727 1701 1761 aliquando

917 1783 970 1803 non
999 1777 1050 1802 erit
1066 1783 1072 1802 :
1088 1780 1152 1802 sunt
1178 1775 1251 1801 cnim
1280 1774 1433 1800 indelebilia
1451 1773 1560 1800 virtutis
1584 1772 1699 1799 semina.

892 1844 894 1846 .
919 1822 974 1849 Hoc
996 1821 1061 1848 mihi
1091 1820 1284 1855 propemodum
1309 1819 1407 1846 suadet
1427 1819 1503 1846 dives
1525 1818 1570 1845 ille
1586 1818 1631 1852 qui
1648 1825 1700 1844 non

917 1867 1028 1894 omnino
1043 1871 1117 1893 totus
1131 1866 1218 1893 malus
1231 1866 1318 1892 fuerat
1328 1884 1334 1896 ,
1358 1865 1408 1891 etsi
1424 1865 1459 1891 ob
1474 1864 1621 1898 nequitiam
1633 1862 1701 1890 infc—

917 1913 955 1940 ris
970 1913 1143 1946 adjudicatus
1160 1921 1166 1938 :
1181 1919 1245 1939 ecce
1263 1911 1335 1938 enim
1349 1910 1393 1937 ille
1409 1909 1622 1937 misericordiam
1637 1916 1699 1943 erg:-

918 1957 1015 1984 l'ratres
1042 1957 1186 1984 retinebat.
1217 1957 1298 1991 Atqui
1323 1955 1510 1983 misericordia
1543 1961 1634 1981 setnen
1660 1959 1702 1980 est

918 2005 1027 2030 virtutis
1041 2004 1183 2038 Optimum.

951 2052 973 2067 δ’
998 2051 1120 2078 Scientia
1144 2056 1240 2085 puteus
1263 2048 1343 2076 simul
1375 2053 1417 2076 est
1444 2053 1472 2075 et
1500 2047 1581 2075 imis:
1599 2048 1699 2074 etenim

919 2097 974 2125 illis
989 2098 1033 2132 qui
1050 2097 1082 2124 ad
1099 2097 1228 2124 virtutem
1253 2097 1371 2131 primum
1394 2095 1536 2126 accedunt,
1552 2093 1701 2128 profundus

918 2149 1015 2178 puteus
1029 2143 1136 2170 videtur
1151 2151 1158 2169 :
1174 2148 1202 2169 at
1217 2142 1422 2176 imperturbatis
1436 2147 1516 2175 atque
1529 2140 1614 2174 puris,
1629 2139 1698 2166 fons.

919 2189 965 2216 Sic
976 2190 1058 2216 etiam
1084 2188 1210 2215 Salvator
1227 2187 1336 2214 sedebat
1351 2193 1433 2220 supra
1452 2185 1553 2212 fontem
1570 2185 1634 2211 hora
1647 2183 1701 2210 cir-

919 2235 987 2262 citer
1000 2239 1085 2262 sexta.
1101 2234 1140 2261 'l‘u
1153 2242 1217 2261 vero
1232 2234 1332 2261 fontem
1349 2233 1467 2266 intellige
1481 2231 1597 2259 divinam
1614 2230 1697 2257 scien~

86 2291 126 2317 τοῦ
142 2278 249 2324 iisan);-
276 2278 370 2326 ὥσπερ
393 2289 420 2316 δὲ
445 2290 462 2324 ἡ
483 2288 558 2324 πηγὴ
583 2288 724 2323 πρόκειται
747 2286 857 2316 ἀκόπως

923 2282 999 2312 tiam.
1026 2289 1079 2308 non
1104 2289 1180 2316 aqum
1209 2285 1329 2315 puteum.
1353 2279 1387 2306 Et
1405 2278 1485 2305 sicuti
1512 2278 1572 2304 fons
1596 2280 1702 2311 prostat

86 2338 197 2365 τουτέστι
224 2338 256 2364 τὸ
280 2337 376 2372 τρέχον
405 2335 476 2371 ὕδωρ
502 2336 558 2365 τοίς
589 2333 711 2368 διψῶσιν,
739 2331 809 2358 οὕτω
837 2330 867 2356 τὸ

87 2384 165 2420 γρέαρ
180 2385 208 2412 ὲν
224 2384 304 2419 κόπῳ
319 2384 374 2414 τοῖς
389 2382 509 2409 θέλουσιν
527 2380 633 2407 ἀντλεῖν
643 2389 649 2394 ·
673 2379 719 2405 καὶ
740 2378 834 2412 ὥσπερ
849 2377 865 2411 ὴ

88 2431 155 2465 πηγὴ
162 2430 300 2462 imus-r6;
310 2430 367 2456 ἐστι
375 2428 421 2455 τοῦ
433 2429 499 2463 ῥεῖν,
506 2426 590 2457 οὕτως
596 2427 612 2460 ἡ
622 2424 766 2460 αἰσθητικὴ
774 2432 788 2458 γ
794 2423 866 2459 ραφὴ

89 2474 188 2503 ᾶένναον
203 2476 260 2511 ἔχει
280 2476 325 2502 τὸν
339 2475 448 2510 δρόμον,
462 2473 509 2500 καὶ
520 2471 630 2499 εὔκολον
645 2472 701 2502 τοῖς
716 2470 813 2504 διψῶσι
822 2469 866 2495 τὸν

89 2519 147 2548 θεὸν
159 2523 313 2558 γεραίρεινο
329 2521 377 2547 καὶ
390 2520 484 2554 ὥσπερ
504 2518 534 2544 τὸ
550 2518 637 2553 φρέαρ
654 2516 736 2543 κόπον
753 2515 867 2550 παρέχει

89 2568 138 2598 τοῖς
152 2568 304 2598 ἀπλοῦσιν,
326 2566 396 2593 οὕτω
419 2566 466 2592 καὶ
489 2566 505 2600 ἡ
527 2563 682 2599 θεωρητικὴ
699 2562 798 2596 γνῶσις
812 2562 868 2592 τοῖς

91 2610 186 2639 θέλουσι
199 2613 233 2640 δι’
246 2612 334 2647 αὐτῆς
348 2612 397 2643 τὰς
413 2611 512 2647 ἀρετὰς
534 2608 715 2645 κατορθῶσαι,
736 2607 824 2642 ψυχῆς
838 2615 868 2632 τε

90 2658 133 2683 καὶ
147 2658 280 2694 σώματος,
298 2658 334 2685 τά
346 2667 375 2684 τε
391 2657 450 2684 θεῖα
470 2657 579 2687 ἐννοεῖν,
600 2655 646 2681 καὶ
660 2653 710 2689 τῆς
734 2651 869 2688 βασιλείας

91 2702 140 2728 τῶν
153 2704 273 2739 οὐρανῶν
289 2703 506 2738 ἀντιποιηθῆναι.

125 2770 246 2800 “v.27.
284 2772 308 2789 ⁸⁵
330 2772 408 2799 v.1.
446 2772 468 2787 ⁸⁵
490 2779 514 2798 v.
537 2771 563 2797 5.

123 2833 363 2873 (1)_Animadverle
386 2835 551 2873 catholicum
569 2833 717 2873 doctissimi
744 2836 776 2873 et
792 2831 864 2873 anti-

96 2866 207 2929 ‘izissinti
221 2871 343 2907 Ot'igcnis
358 2870 544 2898 testimonium
564 2870 596 2897 de
620 2871 795 2896 sacrosancta
814 2866 866 2893 En-

98 2908 110 2928 :
127 2910 225 2932 austra.

921 2330 1024 2362 absque
1039 2329 1144 2360 labore,
1165 2333 1258 2362 utpote
1278 2334 1348 2361 aqua
1368 2326 1522 2353 discurrens
1535 2325 1702 2356 sitientibus,

920 2375 956 2401 ita
970 2379 1066 2409 puteus
1081 2374 1199 2401 laborem
1212 2373 1328 2408 requirit
1342 2373 1491 2400 volentium
1503 2371 1654 2399 exantlare.
1670 2371 1701 2398 Et

920 2420 1000 2447 sicuti
1019 2419 1079 2447 fons
1101 2420 1270 2447 incessanter
1295 2424 1398 2451 manat,
1428 2420 1465 2445 ita
1482 2417 1617 2445 sensibilis
1635 2417 1703 2444 scri-

920 2471 997 2500 ptura
1011 2473 1154 2499 perennem
1175 2466 1258 2493 habet
1271 2466 1388 2498 ﬂuxum,
1416 2464 1587 2498 faciliterque
1600 2463 1642 2490 his
1657 2463 1703 2497 qui

920 2511 1015 2538 sitiunt
1047 2512 1129 2538 Deum
1157 2511 1252 2539 donat.
1285 2512 1315 2538 Et
1345 2511 1425 2538 sicuti
1455 2514 1551 2545 puteus
1582 2509 1702 2536 laborent

919 2561 995 2584 creat
1007 2555 1217 2588 exantlantibus,
1227 2557 1263 2584 ita
1280 2562 1307 2583 et
1320 2558 1433 2584 scientia
1448 2555 1652 2590 contemplativa
1670 2555 1704 2583 iis

921 2603 967 2638 qui
980 2602 1072 2630 volunt
1080 2602 1193 2629 virtutes
1207 2608 1279 2630 recte
1289 2609 1418 2630 exercere
1427 2603 1522 2630 animae
1528 2601 1704 2636 corporisque

921 2654 950 2676 et
980 2648 1070 2676 divina
1099 2648 1271 2683 intelligere,
1299 2654 1327 2676 et
1348 2649 1476 2676 caelorum
1499 2654 1611 2682 regnum
1644 2646 1704 2673 adi--

923 2703 1000 2730 pisci.

602 2770 624 2785 “
641 2777 665 2796 ν.
685 2769 712 2796 9.
750 2768 772 2784 δ”
793 2767 864 2796 ν,11.
904 2766 926 2781 ⁵⁸
945 2773 971 2791 v.
990 2765 1033 2791 Η.
1072 2763 1094 2780 ⁸³
1108 2763 1195 2793 v.15.

953 2828 992 2862 t2)
1014 2827 1063 2854 llic
1083 2828 1172 2854 innuit
1193 2827 1323 2862 Origenes
1344 2835 1464 2854 errorem
1489 2826 1563 2853 illum
1581 2834 1656 2854 suum
1674 2826 1708 2853 de

920 2863 1022 2891 futura.
1035 2868 1095 2896 post
1112 2863 1203 2896 vitam,
1216 2865 1392 2891 conversione
1403 2863 1557 2898 impiorum,
1573 2867 1599 2889 et
1610 2869 1706 2897 paena-

877 2932 879 2934 .
921 2906 978 2925 rtun
991 2898 1052 2924 line.
