1919 3074
232 150 282 178 175

653 147 929 177 SUPPLEMENTUM
944 149 989 176 AD
1004 148 1163 177 ORIGENIS
1181 147 1384 178 EXEGETICA.

1786 151 1838 180 1τὸ

264 207 345 235 l“llic
367 205 486 233 mulieris
503 204 634 233 vocabulo
657 206 798 234 scientiam
815 205 862 233 Dei
877 206 1005 238 denotat;

1093 206 1210 232 Γυναῖκα
1226 206 1340 233 ἐνταῦθα
1354 206 1402 241 τὴν
1420 205 1465 232 τοῦ
1478 205 1544 233 Θεοῦ
1568 206 1668 245 γνῶσψ
1690 208 1835 243 σημαίνει·

228 261 288 289 quae
302 252 379 280 nobis
393 251 450 286 jam
467 251 529 279 inde
543 251 577 278 ab
604 251 786 279 adolescentia
812 251 911 278 tradita
941 251 1008 284 fuit;

227 305 256 327 et
267 307 347 334 quam
361 298 485 333 superius
505 296 633 326 Salomon
650 297 801 332 iuventutis
825 297 1009 330 magisterium

228 345 308 373 dixit.
321 344 392 377 -Fili,
409 343 480 372 enim
502 343 598 378 inquit,
614 351 647 371 ne
658 347 684 371 te
698 343 940 378 eapiatconsilium
952 351 1009 370 ma-

228 392 283 419 lum
296 391 334 427 (id
349 390 522 419 estdiabolus
538 390 669 417 malorum
685 390 860 418 consiliorum
879 388 1007 423 molitor),

229 446 283 473 quo
292 438 418 466 doctrina
435 436 586 472 iuventutis
599 436 744 469 deseritur,
763 440 791 463 et
811 435 931 463 divinum
957 435 1009 462 foe-

228 485 279 512 dus
293 483 421 512 oblivioni
443 483 568 510 traditur.
583 482 688 510 Oblivio
702 487 792 510 autem
813 487 841 509 et
854 481 1006 514 derelictio,

227 537 353 566 possessu
370 529 491 558 scientia:
510 528 657 556 deteriores
674 533 755 561 sunt,
779 527 862 555 veluti
891 527 1007 555 sanitate

228 575 306 611 longe
319 574 396 610 pejor
407 573 529 606 morbus,
543 577 570 600 ct
583 572 652 600 infra
666 573 749 600 vitam
763 579 844 599 mors.
863 571 948 599 Simul
964 576 1005 598 ta-

227 629 287 649 men
301 621 359 655 ipsa
381 620 493 647 scientia
508 623 535 646 et
553 623 640 646 mater
653 618 754 646 dicitur
781 623 808 645 et
835 625 903 645 uror
925 622 1006 652 atque

225 676 303 697 soror
319 676 326 694 :
342 671 439 698 mater,
454 666 515 701 quia
530 666 575 700 qui
596 666 688 693 docuit
706 673 749 692 me
761 685 768 697 ,
795 672 844 699 per
867 657 1005 691 scientiam

225 714 377 749 "ingenuit,
390 717 418 739 ut
432 711 529 738 Paulus
541 718 588 746 per
602 711 774 745 Evangelium
788 709 914 737 Galatas:
927 717 1004 740 uxor.

223 761 288 795 quia
304 760 368 787 mihi
381 758 503 793 copulata
516 758 586 792 parit
602 758 714 798 virtutes
728 761 755 784 et
773 761 844 784 recta
861 756 1002 790 dogmata;

224 804 359 839 siquidem
377 810 470 838 reapse
497 802 608 829 scientia
627 802 697 836 parit
727 801 785 828 viro
811 801 977 836 prudentiam
996 809 1002 826 :

225 857 315 882 soror,
331 849 394 883 quia
408 856 457 883 ego
472 848 572 882 pariter
598 853 677 881 atque
706 847 752 873 illa
777 854 810 873 ex
837 853 892 873 uno
918 846 1002 882 geniti

1060 252 1128 288 α’ύτη
1142 252 1169 279 δὲ
1183 253 1216 279 ἐκ
1232 252 1354 287 νεότητος
1377 252 1441 288 ἡμῖν
1468 252 1562 288 ἐδόθη·
1595 253 1689 288 ἥντινα
1713 254 1841 291 ἀνωτέρω

1058 298 1230 326 διδασκαλίαν
1239 300 1253 326 ὁ
1263 300 1386 336 Σολομῶν
1396 300 1521 336 νεότητος
1531 302 1604 336 λέγει
1615 311 1622 317 ·
1632 302 1690 335 Υἱὲ,
1698 303 1753 339 γάρ
1762 313 1840 339 φησι.

1060 344 1096 379 μή
1114 352 1144 370 σε
1161 344 1300 381 καταλάϐῃ
1315 345 1395 382 βουλὴ
1410 347 1482 382 κακὴ
1505 347 1567 382 (τὸν
1593 347 1715 376 διάϐολον
1741 348 1841 384 λέγων,

1057 389 1096 421 ὡς
1111 390 1203 421 κακῶς
1218 390 1449 427 βουλευσάμενον)·
1482 392 1499 428 ὴ
1522 393 1690 421 ἀπολιποῦσα
1717 394 1840 422 διδασκα-

1057 435 1117 463 λίαν
1139 437 1273 472 νεότητος,
1301 438 1348 465 καὶ
1374 437 1504 474 διαθήκην
1523 438 1597 466 θείαν
1622 439 1839 476 ὲπιλελησμένηο

1057 480 1124 516 λήθη
1139 481 1166 507 δὲ
1179 482 1225 509 καὶ
1241 482 1392 517 ἀπόλειψις,
1410 484 1535 518 γνώσεως
1551 485 1674 521 κτήσεως
1697 486 1839 522 δεύτεραι·

1057 523 1151 560 ὥσπερ
1167 525 1213 552 καὶ
1224 526 1316 560 ὑγείας
1328 526 1404 559 νόσος
1416 528 1526 565 ἐσχάτη,
1554 529 1601 556 καὶ
1627 529 1700 565 ζωῆς
1725 530 1840 563 θάνατος

1056 569 1179 606 δεύτερος
1189 579 1196 587 ·
1213 571 1271 607 ἅμα
1284 572 1312 599 δὲ
1324 573 1372 600 καὶ
1395 573 1498 606 τούτοις
1511 583 1551 607 τε,
1566 575 1607 602 ὄτι
1632 576 1701 611 ὅπερ
1725 576 1742 611 ἡ
1767 576 1838 612 αὐτὴ

1055 615 1164 650 γνῶσις,
1182 617 1229 644 καὶ
1253 618 1344 654 μήτηρ
1357 619 1465 653 λέγεται
1481 620 1527 646 καὶ
1542 621 1611 656 γυνὴ
1634 621 1682 648 καὶ
1713 621 1816 658 ἀδελφή
1830 630 1838 637 ·

1057 663 1147 698 μήτηρ
1160 663 1218 698 μὲν,
1231 664 1324 700 ἐπειδὴ
1339 665 1353 691 ὁ
1371 665 1478 698 διδάξας
1498 674 1542 701 με,
1562 666 1596 693 δι’
1606 666 1691 702 αὐής
1703 675 1737 703 με
1749 667 1840 701 γεγέν-

1055 716 1144 743 νηκεν,
1155 709 1192 740 ὡς
1200 709 1303 742 Παῦλος
1317 710 1361 737 διὰ
1375 710 1421 737 τοῦ
1435 711 1599 746 Εὑαγγελίου
1615 712 1735 744 Γαλάτας
1746 721 1754 728 ο
1770 713 1838 747 γυνὴ

1053 753 1091 785 δὲ,
1112 754 1153 781 ὅτι
1178 755 1293 782 συνοῦσά
1307 764 1352 791 μοι
1372 756 1457 784 τίκτει
1470 758 1519 789 τὰς
1538 758 1636 794 ἀρετὰς
1653 758 1699 785 καὶ
1714 758 1839 794 δόγματα

1053 799 1136 835 ὀρθά*
1153 799 1180 825 εί
1192 808 1223 834 γε
1237 801 1253 835 ἡ
1269 801 1349 835 σοφία
1365 800 1440 839 ἀνδρὶ
1455 802 1542 829 τίκτει
1555 802 1684 838 φρόνησιν
1697 811 1704 818 ·
1722 803 1836 839 ἀδελφὴ,

1054 845 1093 871 ὅτι
1108 844 1164 879 ἐγώ
1174 854 1203 872 τε
1219 846 1265 872 καὶ
1275 845 1343 881 αὕτη
1357 847 1390 872 ἐκ
1405 847 1452 874 τοῦ
1466 847 1525 879 ὲνὺς
1538 847 1688 883 γεγόναμεν
1704 847 1771 875 Θεοῦ
1787 848 1837 875 καὶ

225 880 324 921 tributis
337 880 391 921 Deo
405 880 494 920 Patre.
507 892 557 919 Dic
574 880 658 924 enim,
674 890 773 926 inquit,
802 880 948 926 sapientire,
973 894 1002 917 ut

1053 889 1157 926 Πατρός
1166 898 1172 905 ·
1187 886 1281 918 Εἶπον
1291 880 1356 928 γὰρ,
1373 891 1449 928 φησὶ,
1466 891 1524 927 τὴν
1536 880 1657 927 {mem}
1670 892 1734 928 σὴν
1748 893 1836 921 ἀδελ-

222 950 298 969 ιονοτ
311 947 356 968 tua
369 941 402 968 sit
417 940 451 966 “.

255 988 279 1005 "
295 987 388 1016 Gratia
402 991 431 1015 et
457 986 577 1014 amicitia
603 985 731 1014 liberant.
746 984 838 1012 Virtus
858 989 948 1012 autem
974 989 999 1012 et

223 1034 334 1062 scientia
366 1032 526 1061 rationalem
543 1031 660 1060 animam
678 1031 807 1059 liberant.
823 1030 889 1058 Nam
915 1030 999 1066 gratia

218 1086 248 1108 et
265 1079 397 1113 amicitia,
411 1079 497 1107 virtus
508 1083 536 1106 et
551 1078 665 1106 scientia
685 1083 759 1105 sunt.
779 1076 837 1104 Jam
851 1077 875 1104 si
903 1083 1000 1105 cervus

218 1134 251 1154 ex
272 1125 403 1158 amicitia,
418 1129 446 1151 et
461 1123 550 1159 pullus
569 1130 601 1150 ex
625 1123 720 1159 gratiis
748 1122 885 1158 gignitur;
906 1129 1000 1149 cervus

219 1170 328 1205 quidem
345 1176 388 1198 est
411 1168 649 1204 contemplationis
666 1167 828 1204 symbolum,
846 1167 934 1202 pullus
949 1175 999 1194 au-

219 1220 274 1243 tem
285 1214 387 1249 quietis
407 1220 422 1240 a
439 1213 651 1248 cupiditatibus;
677 1219 792 1247 quorum
819 1212 935 1239 alterum
966 1219 1000 1240 ex

218 1261 375 1293 virtutibus,
391 1260 505 1288 alterum
528 1267 562 1287 ex
585 1259 696 1287 scientia
714 1259 828 1287 conﬁeri
860 1267 999 1294 compara-

220 1313 277 1335 tum
289 1311 341 1335 est.
357 1321 392 1328 -
406 1307 508 1334 Cervus
522 1311 564 1333 est
581 1305 819 1341 contemplationis
843 1305 999 1341 symbolum

217 1354 290 1382 circa
306 1360 435 1388 corporea
445 1358 473 1379 et
487 1353 645 1387 incorporea
659 1356 687 1379 ct
698 1351 840 1380 scientiam
855 1351 900 1378 Dci
913 1360 920 1378 ε
932 1351 999 1378 ami-

217 1399 285 1428 citia
309 1403 409 1429 autem,
424 1397 577 1425 dilectionis
589 1405 652 1432 erga
683 1397 767 1425 Deum
793 1402 820 1424 et
851 1396 995 1424 homines:

218 1446 310 1481 pullus
325 1444 453 1480 denique,
469 1443 655 1479 imperturbati
668 1444 805 1472 animi.Et
821 1443 924 1470 tbcoria
942 1443 999 1478 qui-

216 1492 278 1519 dem
297 1490 417 1519 scientia:
435 1489 494 1523 Dei,
513 1497 548 1517 ex
567 1489 663 1516 anima:
688 1489 832 1516 virtutibus
861 1488 996 1524 procreari

217 1537 286 1565 solet
300 1547 306 1564 :
322 1536 441 1567 dilectio,
457 1543 489 1563 ex
504 1534 635 1569 sapientia
656 1542 663 1562 :
681 1533 863 1569 tranquillitas
873 1554 880 1565 ,
895 1541 928 1560 ex
943 1533 998 1560 vir—
1011 1554 1032 1583 C

217 1583 319 1610 tutibus
329 1582 460 1617 corporis.
474 1580 604 1608 Hortatur
621 1587 686 1608 vero
704 1587 753 1608 nos
772 1585 801 1607 ut
820 1588 881 1607 cum
907 1579 998 1614 hujus-

219 1628 291 1656 rnotli
308 1628 404 1663 gratiis
423 1634 530 1662 semper
541 1635 681 1656 versemur
699 1636 705 1655 :
736 1635 798 1655 nam
815 1628 860 1662 qui
877 1634 936 1655 cum
965 1628 998 1655 iis

217 1678 387 1704 consuescet.
401 1681 455 1701 non
472 1673 506 1701 ad
519 1673 602 1700 Deum
617 1673 703 1701 solum
722 1674 849 1707 accedet,
872 1674 919 1702 sed
934 1680 997 1700 cum

216 1720 262 1748 illo
276 1720 358 1748 etiam
385 1719 528 1747 habitabit.
544 1734 579 1740 -—
593 1719 705 1754 Propria
733 1719 871 1747 rationalis
894 1725 997 1747 natum

215 1771 257 1794 est
268 1768 365 1798 virtus,
380 1773 441 1801 quae
457 1765 576 1793 amicitia
598 1765 757 1801 appellatur,
771 1771 799 1794 et
829 1766 883 1794 Deo
906 1766 997 1794 conci-

214 1813 264 1840 liat
287 1811 450 1847 copulatque
461 1818 509 1839 eos
526 1810 572 1846 qui
591 1818 623 1838 se
638 1816 786 1846 sequuntur
795 1819 843 1847 per
854 1812 996 1840 scientiam

215 1859 275 1887 Dei.
294 1873 328 1879 -—
341 1858 408 1885 Nam
426 1858 473 1892 qui
486 1858 596 1886 virtutis
616 1857 790 1892 scientimque
815 1865 908 1885 amore
922 1857 996 1885 duci-

216 1910 270 1939 tur,
289 1910 496 1940 quotuscunque
512 1904 652 1932 meliormn
666 1909 719 1932 est.

249 1996 274 2013 "
284 1995 410 2024 Nonnulli
425 1995 477 2022 hoc
490 1995 523 2022 de
535 1995 647 2029 profana
664 1994 796 2029 sapientia
819 1995 872 2022 dici
890 1999 994 2029 putant,

215 2041 243 2069 in
255 2049 307 2076 qua
318 2040 364 2069 diu
381 2039 483 2068 versari
501 2047 553 2066 non
568 2039 686 2074 expedit,
697 2043 806 2074 propter
819 2040 954 2068 horrentes
968 2040 995 2067 in

214 2093 248 2115 ea
262 2092 379 2114 errores.
390 2084 441 2112 Alii
459 2084 492 2111 de
503 2084 685 2117 improbitate.
702 2084 848 2118 quominus
869 2084 996 2112 videlicet

216 2130 366 2158 familiares
390 2129 415 2157 ei
443 2130 538 2162 simus,
564 2130 775 2164 interpretantur
801 2130 840 2157 sic
864 2139 870 2156 :
900 2136 995 2164 nempe

216 2176 291 2210 quia,
303 2175 355 2204 etsi
371 2175 536 2212 impossibile
551 2180 592 2203 est
608 2173 752 2203 bominem'
765 2175 843 2203 malis
853 2176 994 2211 cogitatio-

215 2220 293 2248 nibus
305 2220 414 2248 omnino
428 2228 521 2249 carere
532 2240 540 2253 ,
552 2226 672 2250 attamen
688 2221 713 2249 in
725 2221 758 2248 iis
773 2229 825 2249 non
843 2221 992 2255 immorari,
1009 2223 1030 2251 D

213 2265 359 2299 possibile;
372 2273 440 2300 quas
455 2271 551 2294 auctor
566 2265 644 2293 ulnas
654 2265 782 2301 appellat.

906 2323 908 2325 ’
964 2322 1040 2351 CAP.

249 2370 274 2387 “
286 2370 445 2405 Quicunque
461 2370 512 2398 sibi
529 2370 645 2398 anticum
667 2369 805 2398 Christum
831 2373 990 2407 despondet,

214 2421 343 2450 tanquam
365 2415 497 2450 justitiam
512 2422 545 2442 ac
565 2416 717 2448 veritatem,
735 2416 757 2443 is
778 2417 897 2444 animam
913 2425 991 2446 suam

213 2462 332 2490 inimicis
344 2462 493 2494 contradit,
511 2462 557 2496 qui
582 2462 704 2490 homines
727 2471 883 2498 oppugnare
905 2464 992 2490 solent

213 2513 323 2542 propter
337 2507 455 2542 ipsorum
472 2513 536 2541 erga
548 2506 717 2534 Salvatorem
740 2508 908 2535 cbaritatem.
926 2507 991 2534 Nam

213 2553 333 2581 cbaritas
341 2552 480 2587 spiritalis,
488 2557 529 2580 est
538 2552 652 2579 scientia
664 2552 720 2585 Dei,
732 2553 808 2588 cujus
820 2561 900 2580 causa
909 2552 992 2580 sancti

213 2601 264 2628 viri
285 2600 333 2628 Dei
354 2603 415 2627 sunt
440 2599 531 2630 amici,
550 2604 579 2625 ut
601 2597 719 2626 Joannes
746 2599 866 2634 Baptista
890 2599 994 2627 amicus

212 2648 303 2682 sponsi
315 2651 384 2678 erat,
405 2645 574 2680 Moysesque,
587 2649 614 2671 et
627 2645 738 2679 apostoli
757 2654 764 2671 :
780 2645 838 2672 Jam
854 2645 936 2679 enim,
954 2646 995 2672 in-

214 2693 281 2726 quit,
292 2700 344 2720 non
357 2691 498 2727 appellabo
510 2699 556 2718 vos
567 2698 671 2722 servos,
684 2691 730 2717 sed
742 2691 854 2718 amicos.

249 2784 271 2799 "
285 2784 379 2811 Viden‘
391 2788 527 2812 certamen
544 2787 571 2811 et
593 2782 758 2817 vigilantiam
770 2781 782 2809 3
794 2782 898 2809 Anima:
911 2781 989 2815 quip-

247 2861 269 2878 '°
283 2869 307 2888 ν.
326 2862 367 2888 18.
404 2862 426 2878 ¹¹
442 2860 521 2888 Prov.
541 2868 585 2893 vn,
598 2859 624 2887 4.
664 2859 686 2875 ⁸·
700 2867 723 2886 ν.
737 2859 779 2886 i9.
818 2859 840 2875 ³³
858 2866 882 2886 v.
900 2858 943 2886 20.
983 2858 1004 2874 "
1023 2867 1046 2885 ν.
1067 2857 1093 2885 5.

1052 934 1115 970 μὴν
1125 933 1212 964 εἶναι.

1094 981 1124 1008 Ἦ
1137 982 1216 1018 χάρις
1228 983 1275 1010 καὶ
1293 983 1309 1019 ἦ
1330 983 1405 1019 φιλία
1421 983 1573 1020 ὲλευθεροῖ”
1587 985 1604 1020 ἡ
1630 984 1659 1012 δὲ
1681 984 1766 1021 ἀρετὴ
1786 984 1837 1011 καὶ

1051 1027 1149 1062 γνῶσις
1166 1028 1335 1065 ἐλευθεροῦσι
1365 1029 1453 1066 ψυχὴν
1477 1030 1607 1066 λογικήν·
1635 1031 1652 1066 ἡ
1680 1031 1760 1067 χάρις
1781 1030 1836 1066 γὰρ

1051 1074 1098 1101 καὶ
1111 1074 1128 1110 ὴ
1142 1074 1227 1109 φιλία,
1241 1074 1325 1111 ἀρετὴ
1342 1076 1389 1102 καὶ
1406 1075 1505 1110 γνῶσίς
1524 1077 1614 1103 ἐστιν·
1633 1076 1658 1103 εί
1682 1076 1710 1103 δὲ
1735 1076 1837 1112 ἔλαφος

1050 1122 1082 1147 ὲκ
1097 1121 1146 1155 τῆς
1157 1121 1257 1156 φιλίας,
1270 1122 1285 1148 ό
1295 1121 1383 1154 πῶλος
1401 1122 1432 1148 ὲκ
1446 1121 1500 1149 τῶν
1513 1122 1632 1158 χαρίτων
1645 1123 1771 1157 γεννᾶται
1787 1131 1794 1138 ’
1817 1123 1836 1159 ἡ

1049 1164 1096 1193 οὖν
1112 1166 1209 1202 ἐλαφός
1220 1168 1277 1194 ἐστι
1291 1167 1342 1202 τῆς
1358 1167 1472 1202 θεωρίας
1485 1167 1632 1203 σύμσολον·
1656 1169 1670 1194 ὁ
1685 1168 1714 1195 δὲ
1733 1168 1836 1201 πῶλος,

1048 1213 1100 1248 τῆς
1109 1212 1242 1245 ἀπαθείας
1253 1221 1259 1228 ·
1281 1213 1297 1248 ἡ
1318 1213 1366 1248 μὲν
1382 1213 1446 1249 γὰρ,
1459 1212 1489 1246 ἐξ
1505 1214 1609 1249 ἀρετῶν
1619 1222 1626 1228 ·
1641 1214 1659 1249 ἡ
1670 1214 1709 1246 δὲ,
1733 1215 1767 1241 ὲκ
1783 1214 1835 1250 τῆς

1049 1256 1173 1291 γνώσεως
1186 1257 1308 1292 γίνεσθαι
1327 1258 1457 1292 πέφυκεν.
1477 1273 1511 1278 -
1525 1259 1557 1285 Ἡ
1580 1259 1630 1294 μὲν
1651 1259 1749 1294 ἐλαφός
1761 1260 1836 1287 ἐστιν

1049 1302 1165 1339 θεωρίας
1191 1299 1340 1339 σύμϐολον,
1367 1304 1500 1340 σωμάτων
1537 1305 1585 1332 καὶ
1605 1305 1757 1341 ἀσωμάτων
1788 1306 1837 1333 καὶ

1049 1349 1176 1384 γνώσεως
1193 1348 1259 1377 Θεοῦ
1273 1359 1279 1366 ·
1296 1351 1312 1386 ἡ
1327 1350 1355 1377 δὲ
1371 1351 1457 1385 φιλία,
1473 1351 1523 1386 τῆς
1543 1351 1611 1387 πρὸς
1626 1352 1692 1378 Θεὸν
1715 1351 1763 1379 καὶ
1789 1353 1836 1380 τὸν

1049 1396 1161 1431 πλησίον
1178 1396 1287 1432 ἀγάπης
1297 1403 1305 1412 ’
1323 1396 1337 1422 ὁ
1353 1397 1382 1424 δὲ
1403 1396 1503 1429 πῶλος,
1515 1397 1565 1432 τῆς
1580 1398 1711 1430 ἀπαθείας
1722 1406 1728 1412 ·
1745 1398 1794 1424 καὶ
1817 1399 1834 1434 ὴ

1050 1442 1100 1478 μὲν
1114 1442 1214 1481 θεωρία
1231 1443 1281 1478 τῆς
1292 1443 1359 1478 πρὸς
1370 1443 1435 1470 Θεὸν
1447 1443 1582 1478 γνώσεως,
1596 1443 1625 1477 ἐξ
1636 1444 1740 1480 ἀρετῶν
1753 1444 1835 1471 εῐωθε

1048 1488 1170 1522 γίνεσθαι
1181 1488 1318 1524 ψυχικῶν·
1336 1490 1352 1524 ἡ
1381 1489 1409 1515 δὲ
1425 1489 1529 1525 ἀγάπη,
1546 1490 1578 1516 ὲκ
1603 1489 1653 1525 τῆς
1678 1490 1774 1524 σοφίας
1795 1490 1835 1524 γί-

1049 1534 1140 1561 νεσθαι
1155 1534 1290 1569 πέφυκεν
1305 1535 1321 1569 ὴ
1337 1533 1365 1560 δὲ
1376 1534 1506 1566 ἀπάθεια,
1522 1535 1555 1561 ἐκ
1569 1534 1623 1561 τῶν
1638 1534 1683 1562 τοῦ
1706 1534 1835 1570 σώματος

1047 1579 1168 1614 ἀρετῶν·
1191 1581 1318 1615 παραινεῖ
1332 1579 1359 1606 δὲ
1384 1580 1458 1616 ἡμᾶς
1479 1581 1538 1613 ταῖς
1568 1579 1704 1613 τοιαύταις
1724 1581 1834 1616 χάρισιν

1048 1625 1092 1652 ἀεὶ
1106 1625 1292 1661 προσομιλεῖν·
1310 1626 1323 1652 ὁ
1335 1624 1363 1651 δὲ
1373 1624 1477 1657 τούτοις
1487 1625 1692 1661 ὲμφιλοχωρῶν,
1708 1625 1739 1652 οὐ
1751 1626 1835 1661 μόνον

1046 1671 1086 1708 τῷ
1096 1671 1155 1708 Θεῷ
1167 1671 1371 1708 προσομιλήσει,
1382 1671 1450 1699 ἀλλά
1472 1673 1518 1699 καὶ
1543 1671 1665 1703 σύνοικος
1687 1671 1833 1707 γενήσεται

1047 1716 1130 1752 αὐτῷ.
1146 1733 1180 1737 -
1191 1717 1254 1744 Ὶδία
1269 1717 1318 1753 τῆς
1331 1717 1443 1752 λογικῆς
1474 1717 1581 1752 φύσεώς
1612 1717 1712 1752 ἔστινὴ
1734 1717 1832 1752 ἀρετὴ,

1047 1762 1108 1798 ἥτις
1122 1762 1243 1790 καλεῖται
1259 1763 1333 1798 φιλία
1343 1783 1351 1796 ,
1379 1763 1426 1791 καὶ
1443 1763 1614 1799 συμφιλιάζει
1628 1762 1667 1798 τῷ
1690 1761 1749 1797 Θεῷ
1768 1763 1832 1794 τοὺς

1047 1809 1196 1844 ἑπομένους
1210 1808 1276 1844 αὐτῇ
1302 1808 1345 1835 διὰ
1371 1808 1422 1843 τῆς
1449 1807 1575 1843 γνώσεως
1590 1807 1637 1844 to?!
1651 1807 1729 1835 Θεοῦ.
1739 1821 1775 1827 —-
1786 1807 1832 1834 Ἐν

1046 1853 1147 1890 γὰρτῇ
1174 1854 1224 1889 τῆς
1248 1854 1347 1890 ἀρετῆς
1372 1853 1447 1890 φιλίᾳ
1469 1854 1514 1881 καὶ
1539 1855 1570 1889 τῇ
1591 1853 1641 1889 τῆς
1669 1851 1832 1888 γνώσεως,ό

1047 1899 1311 1935 συμπεριφερόμενος
1340 1899 1482 1931 πολλοστὸς
1510 1900 1568 1926 ἐστι
1587 1898 1641 1925 τῶν
1672 1897 1830 1934 ὠφελουμέ-

1046 1954 1098 1972 νων
1102 1965 1109 1972 ο

1082 1991 1160 2022 Τινὲς
1174 1991 1223 2026 μὲν
1239 1991 1317 2018 τοῦτο
1327 1991 1391 2027 περὶ
1412 1991 1462 2026 τῆς
1475 1990 1573 2024 ἔξωθεν
1588 1990 1682 2025 σοφίας
1702 1987 1829 2025 νομίζου-

1047 2044 1074 2062 σι
1087 2035 1222 2070 λέγεσθαι,
1239 2035 1307 2071 πρὸς
1319 2036 1352 2070 ἢν
1368 2034 1500 2071 χρονίζειν
1514 2035 1543 2061 οὐ
1566 2034 1647 2061 καλὸν
1663 2034 1706 2061 διὰ
1733 2033 1782 2066 τὰς
1801 2034 1831 2060 ὲν

1047 2082 1115 2117 αὐτῇ
1130 2082 1236 2113 ἀπάτας
1246 2090 1253 2097 ⁸
1265 2081 1336 2113 τινὲς
1348 2081 1377 2108 δὲ
1400 2081 1464 2117 περὶ
1476 2081 1525 2116 τῆς
1541 2081 1640 2113 κακίας
1660 2080 1708 2107 καὶ
1739 2079 1771 2106 τὸ
1791 2079 1830 2115 μὴ

1046 2127 1129 2154 πολὺν
1143 2126 1212 2154 εἶναι
1239 2128 1307 2163 πρὸς
1325 2127 1423 2163 αὐτὴν,
1447 2127 1643 2163 ἑρμηνεύουσιν
1664 2125 1767 2158 οὕτως·
1787 2125 1829 2152 ὅτι

1046 2172 1173 2199 ἀδύνατον
1185 2171 1234 2207 μὲν
1248 2171 1418 2199 παντάπασιν
1428 2172 1577 2207 ἀπέχεσθαι
1591 2170 1732 2207 ἄνθρωπον
1746 2179 1830 2206 πονη-

1046 2220 1100 2256 ρῶν
1110 2220 1256 2255 λογισμῶνσ
1272 2219 1308 2256 μὴ
1322 2219 1485 2256 ἐγχρονίζειν
1496 2218 1585 2255 μέντοι
1598 2218 1626 2245 ἐν
1635 2217 1737 2249 αὐτοῖς,
1749 2216 1829 2243 δυνα-

1046 2265 1091 2293 τόν
1101 2274 1109 2281 υ
1126 2264 1173 2297 οὒς
1185 2265 1232 2292 καὶ
1248 2265 1371 2299 ἀγκάλας
1387 2265 1472 2292 καλεῖ.

1081 2372 1138 2403 Πᾶς
1162 2372 1177 2398 ό
1202 2371 1247 2398 τὸν
1272 2370 1347 2404 φίλον
1371 2370 1417 2397 τὸν
1439 2369 1557 2405 Χριστὸν
1580 2367 1773 2403 ὲγγυὼμενος,’
1791 2366 1829 2397 ὡς

1045 2417 1217 2452 δικαιοσύνην
1241 2416 1287 2443 καὶ
1310 2415 1448 2451 ἀλήθειαν,
1469 2414 1636 2449 παραδίδωσι
1658 2413 1708 2448 τὴν
1728 2411 1828 2438 ἑαυτοῦ

1044 2464 1132 2500 ψυχὴν
1142 2464 1198 2494 τοῖς
1212 2462 1328 2498 ἐχθροῖς,
1336 2462 1391 2492 τοῖς
1404 2460 1510 2487 εἰωθόσι
1525 2459 1651 2494 πολεμεῖν
1658 2459 1712 2490 τοῖς
1724 2457 1830 2493 ἀνθρώ-

1046 2517 1117 2540 ποις,
1134 2507 1178 2535 διὰ
1190 2507 1239 2542 τὴν
1263 2506 1330 2542 πρὸς
1344 2506 1388 2533 τὸν
1410 2505 1522 2541 Σωτῆρα
1542 2504 1647 2539 φιλίαν·
1671 2503 1747 2538 φιλία
1773 2504 1829 2540 γάρ

1047 2556 1103 2581 ἐστι
1118 2553 1299 2588 πνευματικὴ,
1319 2551 1418 2587 γνῶσις
1430 2551 1508 2584 Θεοῦ,
1520 2550 1581 2577 καθ’
1595 2551 1628 2585 ἢν
1640 2550 1686 2576 καὶ
1702 2549 1727 2576 οἱ
1754 2549 1829 2583 ἅγιοι

1048 2598 1119 2633 φίλοι
1146 2597 1211 2624 Θεοῦ
1231 2596 1453 2633 χρηματίζουσιν,
1468 2596 1505 2627 ὡς
1519 2597 1533 2622 ὁ
1551 2594 1675 2630 Ἰωάννης
1700 2595 1714 2620 ὁ
1728 2594 1829 2620 Βαπτι-

1048 2643 1112 2678 στὴς
1125 2642 1199 2677 φίλος
1209 2640 1243 2678 ἦν
1257 2642 1304 2669 τοῦ
1316 2641 1442 2676 νυμφίου,
1451 2640 1569 2675 Minio-ii;
1581 2648 1610 2665 τε
1627 2639 1673 2666 καὶ
1682 2638 1828 2665 οἰάπόστο-

1047 2689 1102 2715 λον
1118 2686 1288 2722 Οὐκέτιγὰρ,
1311 2687 1403 2722 φησὶν,
1417 2686 1489 2721 ὑμᾶς
1513 2684 1588 2711 καλῶ
1616 2684 1734 2716 δούλους,
1761 2683 1829 2710 ἀλλὰ

1048 2735 1147 2769 φίλους.

1083 2781 1164 2816 Ὁρᾷς
1178 2779 1270 2813 ἀγῶνα
1285 2779 1331 2806 καὶ
1344 2778 1512 2814 ἀγρυπνίαν;
1531 2777 1633 2807 Ὕπνος
1645 2775 1696 2811 μέν
1708 2776 1767 2802 ἐστι
1776 2774 1828 2810 ψυ-

1133 2857 1155 2873 "
1168 2865 1193 2884 v.
1211 2857 1236 2883 4.
