1919 3074
99 101 150 128 ΠἸ

103 161 155 198 χῆς
172 162 190 197 ἡ
218 161 281 188 κατ’
305 161 449 198 ἐνέργειαν
470 162 608 199 ἁμαρ-τίω
633 163 786 198 νυσταγμὺς
813 162 852 194 δὲ,
875 162 904 188 τὸ

103 208 214 244 πρῶτον
225 209 254 234 ὲν
272 210 308 245 τῇ
321 208 396 244 ψυχῇ
415 209 607 244 συνιστάμενον
620 208 774 244 ἀκάθαρτον
795 209 884 244 νόημα
894 217 900 224 ·

105 255 317 290 ἐπινυσταγμὸς
331 255 360 281 δὲ
370 257 387 291 ἡ
401 255 468 291 πρὸς
478 255 511 282 τὰ
526 255 609 291 χείρω
620 256 689 291 ῥοπή
699 264 705 270 ·
720 255 817 282 κωλύει
831 253 876 282 οὖν
888 256 902 281 6

108 302 161 336 μὲν
170 301 251 337 νόμος
266 302 313 328 τὸν
333 301 416 329 ὕπνον
426 310 433 317 ο
447 302 491 329 τὸν
512 302 540 328 δὲ
554 302 708 337 νυσταγμὸν
731 301 762 328 τὸ
782 301 902 336 Εὐαγγὲ-

107 348 166 374 λιον
175 357 182 364 ·
192 349 219 374 εῐ
230 356 263 382 γε
271 348 286 374 6
297 348 346 384 μὲν
361 348 521 383 περικόπτει
531 348 580 383 τὴν
593 349 653 375 κατ’
665 347 804 384 ἐνέργειαν
818 348 903 383 ἁμαρ-

106 393 187 421 τίαν·
205 394 236 421 τὸ
254 394 295 427 δὲ,
310 394 360 430 τὴν
378 395 451 421 κατὰ
464 394 583 421 διάνοιαν
608 393 716 430 πρῶτον
742 394 902 429 συνισταμέ-

105 448 157 476 νην
172 440 282 467 κακίαν·
300 440 415 476 Ἐρρέθη
427 441 491 477 γὰρ,
507 441 584 477 φησὶ,
595 442 650 472 τοῖς
664 440 796 476 ἀρχαίοις,
805 440 843 469 υὺ
855 449 901 474 φο-

104 486 215 518 νεύσεις
228 494 236 502 ι
251 485 307 521 ὲγὼ
317 486 344 513 δὲ
354 485 425 520 λέγω
437 487 510 522 ὑμῖν,
526 487 583 513 Οὐκ
596 486 758 522 ὀργισθήσῃ.

145 532 321 568 Σημειωτέον
333 531 461 565 ἐνταῦθα,
476 533 517 559 ὃτι
527 532 576 568 τὴν
589 532 636 559 τοῦ
654 532 798 568 μύρμηκος
822 539 901 566 φυσι-

104 577 161 612 κὴν
178 577 342 613 ἐναρμόνιον
359 578 476 614 κίνησιν,
501 578 596 613 σοφίαν
622 577 715 605 καλεῖο
735 577 782 604 καὶ
807 577 861 613 γὰρ
885 577 900 603 6

103 623 266 659 σοφώτερος
284 623 379 658 σοφοῦ,
407 623 560 659 σοφώτερος
586 624 709 659 λέγεται·
727 623 786 655 πῶς
806 623 834 650 δὲ
853 624 900 650 καὶ

101 669 155 696 οὐκ
167 669 244 696 ἔστιν
261 669 314 696 ὑπὸ
329 669 473 705 δεσπότην,
490 670 516 697 εἴ
531 678 563 704 γε
581 670 616 696 τὰ
645 670 789 705 σύμπαντα
818 669 899 697 δοῦλα

100 715 150 742 τοῦ
168 714 240 742 Θεοῦ
255 715 289 751 ςῆ
304 716 411 751 μήποτε
421 717 435 743 6
452 716 518 748 Θεὸς
543 716 652 750 λέγεται
667 716 797 751 δεσπότης
808 716 897 751 διχῶς,

99 761 142 793 ὡς
156 761 337 797 δημιουργὸς,
354 762 401 788 καὶ
415 762 453 793 ὡς
468 761 685 797 γινωσκόμενος;
701 762 747 789 Διὸ
763 762 809 789 καὶ
825 763 898 789 Παῦ-

98 806 147 838 λος
179 806 303 842 γρόιφει·
323 807 400 835 Νυνὶ
426 807 461 834 δὲ
481 807 730 842 ἐλευθερωθέντες
757 808 816 835 ἀπὸ
844 807 899 842 τῆς

96 853 262 887 ἁμαρτίας,
278 853 479 887 δουλωθέντες
493 853 527 881 δὲ
543 853 584 887 τῷ
610 853 670 886 Θεῷ
687 854 819 890 (δηλονότι
834 856 895 881 κατ’

95 899 204 935 ἀρετὴν
227 900 275 927 καὶ
292 900 403 934 γνῶσιν)
416 900 499 935 ἔχετε
527 901 582 928 τὸν
602 900 718 935 καρπὸν
741 900 824 936 ὑμῶν
851 903 894 935 εὶς

94 945 264 980 ἁγιασμόν,
281 945 315 972 τὸ
329 945 364 972 δὲ
378 945 465 979 τέλος
480 945 556 981 ζωὴν
580 946 716 973 αἰώνιον·
746 948 769 974 ει
795 947 822 974 δὲ
846 947 893 974 τοῦ

95 991 225 1018 τοιούτου
238 991 334 1024 τέλους
357 992 468 1028 καὶτῆς
492 991 619 1027 γνώσεως
642 992 756 1028 ἄμοιρός
786 994 859 1021 ἐστιν
880 996 895 1021 6

96 1037 228 1074 μύρμηξ,
241 1037 338 1073 ἄλογος
346 1037 394 1071 ὣν,
418 1038 498 1074 δῆλον
511 1038 552 1065 ὃτι
568 1039 615 1066 καὶ
631 1039 681 1076 τῆς
694 1040 820 1080 τοιαύτης
835 1041 894 1068 δου-

94 1083 175 1115 λείας
192 1083 336 1119 ὲλεύθερος
351 1093 358 1100 ·
375 1084 464 1116 καλῶς
473 1082 519 1112 οὖν
534 1085 641 1120 λέγεται
657 1086 695 1122 μὴ
711 1084 778 1113 εἷναι
792 1087 806 1113 6
825 1087 894 1122 μύρ-

96 1129 155 1164 μηξ
174 1129 230 1156 ὑπὸ
252 1129 396 1166 δεσπότην,
421 1129 492 1157 κατὰ
514 1129 616 1166 ταύτην
642 1130 691 1167 τὴν
715 1132 872 1160 δεσποτείαν
886 1141 892 1148 ·

95 1171 170 1202 εἶναι
186 1174 216 1201 δὲ
232 1174 314 1201 πάλιν
329 1174 383 1201 ὑπὸ
397 1174 554 1202 δεσποτείαν
567 1175 686 1210 λέγεται,
696 1176 747 1204 ὑπὸ
757 1177 801 1204 τὸν
817 1176 893 1209 Θεὸν,

95 1219 137 1252 ὡς
154 1220 211 1247 ὑπὸ
222 1220 255 1256 δη
260 1220 401 1257 μιουργόν.

134 1266 188 1293 Διὰ
212 1267 264 1302 μὲν
287 1267 336 1294 τοῦ
358 1267 503 1304 μύρμηκος
533 1267 621 1295 ἔοικεν
653 1269 668 1295 6
692 1268 816 1304 Σολομῶν
845 1269 894 1305 τὴν

95 1313 261 1348 πρακτικὴν
277 1313 335 1341 656v
357 1315 423 1349 ἡμῖν
450 1314 637 1350 ὑπογράφειν·
665 1314 709 1341 διὰ
722 1314 750 1341 δὲ
777 1315 827 1350 τῆς
844 1323 893 1350 με·

96 1357 208 1392 λίσσης,
225 1358 276 1394 τὴν
291 1358 406 1394 Θεωρίαν
416 1359 470 1386 τῶν
488 1360 638 1394 γεγονότων
652 1359 778 1394 σημαίνει
792 1360 838 1387 καὶ
846 1360 894 1387 αὐ-

96 1404 145 1431 τοῦ
155 1403 205 1431 τοῦ
221 1404 396 1440 ποιήσαντος,
417 1405 512 1442 ἥντινα
524 1405 571 1432 καὶ
580 1405 695 1441 καθαροὶ
714 1405 761 1432 καὶ
777 1406 894 1442 ἀκάθαρ-

98 1458 154 1482 τοι,
169 1451 220 1477 καὶ
249 1450 329 1484 σοφοὶ
352 1450 400 1477 καὶ
427 1443 546 1486 ἃνόητοι,
569 1451 638 1487 πρὸς
660 1451 709 1487 τὴν
732 1451 782 1487 τῆς
804 1451 894 1487 ψυχῆς

97 1495 196 1530 ὗτείαν
212 1496 428 1532 προσφέρονται·
444 1497 490 1524 κα)⁴
505 1497 628 1532 φαίνεται
644 1498 693 1534 μέν
709 1507 754 1533 μοι
769 1498 783 1523 6
797 1499 892 1534 κηρὸς,

97 1541 193 1568 αὐτῶν
202 1541 258 1568 τῶν
267 1542 438 1578 πραγμάτων
452 1543 530 1578 λόγον
540 1543 647 1580 ἐπέχειν
657 1551 664 1559 ³
681 1544 711 1571 τὺ
720 1545 742 1571 δ’
752 1545 892 1574 ἐναποκει-

99 1595 183 1621 μενον
208 1587 284 1623 αὐτῷ
303 1587 376 1623 μέλι,
397 1587 528 1623 σύμϐολον
547 1587 615 1615 εἶναι
639 1589 686 1624 τῆς
703 1589 818 1626 θεωρίας
842 1590 890 1617 αὑ-

96 1631 153 1658 τῶν
165 1640 174 1647 ο
191 1632 262 1659 καὶὸ
274 1633 324 1668 μὲν
341 1633 425 1669 κηρὸς
440 1633 646 1670 παρελεύσεται·
664 1635 694 1662 '0
704 1635 890 1671 οὐρανδςγὰρ,

97 1678 179 1714 φησὶ,
194 1678 243 1705 καὶ
254 1679 271 1714 ἡ
286 1679 322 1714 γῆ
343 1672 559 1716 ’παρελεύσεται-
577 1680 608 1706 τὸ
626 1680 654 1707 δὲ
679 1680 739 1716 μέλι
762 1680 792 1706 οὐ
821 1689 890 1716 παρ-

98 1724 256 1751 ελεύσεταιι
270 1724 332 1751 οὐδὲ
341 1724 395 1761 γὰρ
409 1726 433 1752 οἱ
447 1725 520 1761 λόγοι
533 1726 747 1762 παρελεύσονται
759 1725 806 1753 τοῦ
835 1727 891 1753 Σω-

98 1769 183 1805 τῆρος
199 1768 279 1805 ἡμῶν
297 1769 385 1805 Ἰησοῦ
400 1770 531 1806 Χριστοῦ·
551 1771 615 1806 περὶ
629 1767 666 1798 ὧν
682 1770 756 1806 λέγει
780 1773 794 1799 6
812 1772 891 1798 Σολο-

100 1815 160 1850 μῶν
170 1823 177 1830 '
193 1816 289 1849 Κηρία
300 1815 433 1850 μέλιτος,
449 1817 531 1852 λόγοι
548 1817 636 1844 καλοί
645 1825 653 1834 ο
672 1818 833 1853 τλύκασμα
856 1818 890 1845 δὲ

98 1861 207 1894 αὐτῶν,
225 1861 309 1895 hunc
322 1861 442 1897 ψυχῆσ
454 1864 502 1890 καὶ
516 1864 531 1890 6
546 1863 637 1896 Δαυῗδ,
652 1864 698 1897 Ὡς
710 1865 888 1900 γλυκύτερα,

99 1908 175 1943 φησὶ,
190 1907 232 1940 τῷ
242 1907 370 1943 λάρυγγ’(
378 1917 448 1944 μου,
462 1909 498 1937 τὰ
510 1909 598 1945 λόγιά
608 1918 666 1937 σου
681 1910 757 1945 ὑπὲρ
768 1911 836 1945 μέλι
849 1910 889 1944 τῷ

99 1953 227 1988 στόματι
236 1962 299 1989 μου
309 1962 316 1969 ·
333 1953 364 1981 τὸ
379 1954 407 1981 δὲ
418 1954 588 1991 ἀποτέλεσμα
606 1955 652 1983 τοῦ
665 1956 747 1982 πόνου
761 1956 815 1983 τῶν
825 1957 889 1992 ἀρε-

98 1998 153 2026 τῶν
167 1999 215 2026 καὶ
226 1999 276 2034 τῆς
295 1999 433 2034 γνώσεως,
457 2000 537 2028 πόνον
555 2001 697 2037 ὠνόμασε·
720 2001 839 2038 βασιλεῖς
858 2002 887 2029 δὲ

99 2045 145 2071 καὶ
173 2044 291 2077 ἰδιώτας,
307 2046 338 2072 οὐ
351 2046 414 2078 τοὺς
429 2046 459 2073 τὸ
470 2046 588 2083 διάδημα
599 2047 709 2083 ἔχοντας
720 2067 727 2080 ,
750 2048 766 2083 ἦ
782 2048 842 2079 τοὺς
857 2048 887 2074 ὲν

100 2090 199 2125 κοπρίᾳ
210 2090 330 2126 πένητας
341 2091 426 2126 λέγει,
442 2092 510 2119 ἀλλὰ
523 2093 586 2125 τοὺς
602 2093 670 2128 πρὸς
693 2093 739 2120 τὸν
754 2093 820 2120 Θεὸν
840 2093 886 2120 τὸν

99 2136 158 2163 νοῦν
174 2137 371 2172 σεσοφισμένον
382 2139 430 2165 καὶ
445 2139 601 2175 ἐρρωμένον
614 2141 674 2172 ταῖς
689 2140 798 2176 ἀρεταῖς
810 2140 885 2175 ἕχον-

99 2190 155 2214 τας,
174 2183 294 2218 βασιλεῖς
305 2183 388 2218 λέγει.

136 2229 166 2255 '0
174 2206 272 2260 Γὖιιιςνος
281 2206 361 2261 ᾎῦτές
374 2229 442 2266 μόνῃ
457 2230 577 2265 πέφυκεν
591 2230 796 2267 ὲπισυμϐαίνειν
810 2231 882 2267 ψυχῇ
898 2206 921 2233 D

99 2273 190 2310 λογικῇ
202 2283 209 2289 ·
220 2275 348 2310 σημαίνει
362 2276 414 2311 γὰρ
431 2276 549 2304 ἐνταῦθα
563 2276 699 2312 [ἄγνοι]αν
718 2277 765 2303 καὶ
795 2277 884 2311 ἀγνω-

101 2321 166 2348 elav‘
174 2318 213 2348 ὧν
224 2322 241 2356 ἡ
255 2321 394 2357 ἀγρυπνία
405 2323 477 2349 ποιεῖ
488 2331 558 2356 τινα,
566 2323 603 2355 ὡς
615 2324 753 2360 στρουθίον
768 2324 883 2360 μονάζον

101 2368 143 2394 ἐπὶ
159 2367 295 2403 δώματος.

134 2414 299 2450 Προσεκτέον
318 2414 434 2441 ὲνταῦοα
449 2414 553 2451 μήποτε
571 2415 625 2451 ἄρα
645 2415 688 2442 διὰ
714 2416 767 2442 τῶν
794 2417 881 2444 τοιού-

101 2468 149 2486 των
162 2460 322 2495 κινημάτων
338 2461 385 2486 τοῦ
399 2459 524 2495 σώματος
539 2460 708 2495 γινώσκωσιν
726 2462 750 2488 οῑ
763 2463 881 2489 ἀντικεί-

102 2515 169 2542 μενοι
181 2506 247 2539 eoin;
260 2506 354 2534 αὐτῶν
371 2507 518 2543 λογισμοὺς
536 2509 565 2534 ὲν
582 2508 647 2543 ἡμῖν
665 2500 862 2543 στρεφομένους
873 2517 880 2524 -

100 2551 186 2588 ἐπειδὴ
201 2551 423 2588 καρδιογνώστην
438 2553 518 2589 μόνον
527 2553 573 2580 τὸν
583 2553 648 2580 Θεὸν
661 2552 883 2589 πεπιστεύκαμεν

100 2594 149 2625 sive
153 2606 171 2625 ι.

130 2643 184 2675 Πᾶς
196 2644 211 2671 6
225 2643 342 2681 τρώγων
355 2643 406 2676 τὰς
419 2644 523 2681 σάρκας
531 2644 578 2672 τοῦ
595 2645 712 2681 Χριστοῦ
725 2645 773 2671 καὶ
794 2645 878 2673 πίνων

99 2688 125 2715 ιδ
136 2687 203 2725 αἷμα
217 2690 251 2717 αὑ
259 2689 302 2717 τοῦ
317 2690 369 2727 (1),
384 2691 479 2718 κτᾶται
496 2688 565 2727 αἷμα
589 2691 693 2718 δίκαιον
704 2699 712 2708 ο
736 2687 767 2717 οὗ
789 2700 878 2727 στερι-

141 2758 164 2775 ⁶¹
176 2768 202 2787 ν.
217 2761 248 2789 6.
285 2761 311 2777 "
326 2760 407 2789 Rom.
425 2769 461 2794 vr,
477 2761 523 2789 2‘2.
568 2762 593 2778 ⁸⁸
614 2770 640 2789 v.
653 2762 681 2790 8.
718 2763 742 2780 ⁸⁸
755 2763 835 2791 Prov.
851 2770 907 2796 xvr,
918 2761 964 2788 ‘16.

127 2815 161 2850 (1)
179 2816 287 2844 Rursus
299 2816 428 2851 Origenis
440 2817 472 2844 de
487 2816 537 2846 SS.
556 2817 724 2845 Eurharistia
742 2818 877 2845 sententia

99 2853 232 2886 catholica,
249 2859 334 2887 quam
353 2855 380 2880 ct
405 2852 432 2880 in
461 2852 520 2881 aliis
545 2854 665 2887 ejusdem
688 2855 796 2888 scriptis
821 2854 873 2881 late

701 101 883 129 EXPOSlTiO
899 101 930 127 IN
949 99 1154 128 PllOVEllBlA.

1687 98 1697 124 l
1706 97 1738 124 73

919 165 941 192 Α
956 169 988 196 pe
1006 168 1118 189 somnus
1133 164 1323 196 eslpcracturn
1339 163 1478 193 peccatum
1494 166 1499 182 ι
1518 158 1675 185 dornntalio
1693 166 1738 184 au-

955 213 1007 236 tem
1020 207 1152 236 conﬂatus
1164 207 1191 234 in
1204 207 1295 234 anima
1311 207 1434 241 impurus
1446 205 1580 240 cogitatus
1597 213 1605 231 ι
1622 203 1739 239 denique

953 254 1149 286 indormilalio,
1158 253 1304 281 declinatio
1315 253 1348 279 ad
1362 252 1508 278 deteriora.
1522 250 1600 278 Vetat
1613 258 1736 278 somnum

952 301 1006 335 lex,
1024 300 1241 329 dormitatiouem
1258 299 1433 334 Evangeliqu
1448 307 1454 324 :
1471 298 1515 324 illa
1526 298 1599 325 enim
1619 302 1738 332 amputat

952 347 1057 383 peccati
1071 345 1342 376 consunnnationem,
1364 345 1416 372 hoc
1443 344 1629 372 suhorientem
1653 344 1736 371 menti

952 393 1109 428 nequitiam.
1124 391 1190 419 Nam
1206 391 1305 419 dictum
1321 390 1370 418 fuit
1384 390 1503 426 antiquis
1518 398 1525 416 :
1541 390 1602 417 Non
1618 390 1736 422 occides;

951 447 1002 475 ego
1019 443 1110 467 autem
1123 439 1185 466 dico
1196 437 1283 471 vobis,
1300 437 1359 464 Non
1375 436 1503 464 irascaris

988 527 1011 544 '°
1031 527 1080 554 llic
1096 526 1364 555 animadvertendum
1379 530 1431 557 est,
1449 524 1569 552 formica:
1587 523 1735 552 naturalem

950 577 1114 604 concinnum
1128 579 1244 608 motum,
1261 574 1353 602 vocari
1378 573 1413 600 ab
1427 578 1537 600 auctore
1563 571 1734 607 sapientiam.

950 622 1018 650 Nam
1032 622 1078 657 qui
1089 625 1132 649 est
1144 620 1268 656 sapiente
1283 619 1443 654 sapientior,
1458 619 1481 646 is
1507 617 1606 646 dicitur
1627 617 1734 652 sapien-

952 669 1015 696 tior.
1029 667 1172 701 Quomodo
1188 672 1279 694 autem
1296 666 1408 693 formica
1423 665 1474 692 sub
1493 663 1601 692 domino
1616 667 1735 697 nonest,

950 713 1174 750 quandoquidem
1185 713 1275 740 omnia
1295 713 1351 740 Deo
1371 710 1555 738 famulantur?
1584 710 1636 737 nisi
1663 709 1735 744 quod

950 760 1021 787 Deus
1033 758 1178 794 dupliciter
1190 757 1289 785 dicitur
1302 757 1437 789 dominus,
1449 762 1476 784 et
1494 756 1557 791 quia
1577 760 1695 788 creator,
1708 759 1735 782 et

950 806 1013 841 quia
1028 805 1164 840 cognitus.
1182 803 1306 837 Quareet
1323 802 1421 830 Paulus
1438 802 1533 829 scribit
1552 811 1558 828 :
1575 801 1653 828 Nunc
1675 809 1735 828 vero

915 850 936 878 Β
951 851 1055 878 liberati
1067 859 1083 877 ιι
1096 855 1211 886 peccato,
1222 849 1289 876 servi
1300 853 1386 875 autem
1409 848 1473 883 facti
1486 848 1541 876 Deo
1557 847 1595 883 (id
1625 853 1666 875 est
1693 856 1736 876 se-

946 897 1063 926 cundum
1077 897 1204 924 virtutem
1220 903 1252 924 ac
1265 895 1530 930 scientiam),habeiis
1550 895 1664 928 fructum
1691 902 1733 920 uc-

945 949 1029 972 slrum
1043 945 1070 971 in
1078 942 1410 978 sanctiﬁcationemﬁﬁnem
1418 950 1477 969 vero
1486 942 1565 970 vitam
1572 941 1731 969 retentam".

945 991 1003 1018 Jam
1016 991 1037 1018 si
1059 990 1120 1018 linis
1147 989 1298 1024 huiusmodi
1325 994 1406 1022 atque
1427 988 1551 1016 scientia:
1570 995 1669 1022 expers
1692 993 1733 1015 est

946 1036 1060 1064 formica
1070 1040 1165 1070 utpote
1177 1034 1354 1065 irrationalis,
1367 1038 1473 1061 constat
1489 1041 1549 1061 eam
1565 1041 1626 1061 esse
1637 1034 1732 1069 hujus-

945 1083 1049 1111 cemodi
1061 1090 1170 1118 quoque
1184 1081 1315 1108 famulatu
1330 1081 1464 1108 liberam.’
1473 1080 1546 1109 Bene
1556 1089 1621 1116 ergo
1632 1081 1732 1108 dicitur

946 1129 1060 1157 formica
1078 1135 1131 1156 non
1147 1135 1207 1155 esse
1236 1128 1286 1154 sub
1302 1127 1423 1158 domino,
1440 1126 1590 1154 secundum
1604 1126 1730 1161 hujusce-

946 1174 1019 1202 modi
1036 1173 1216 1202 dominamm.
1228 1173 1354 1200 Attamen
1370 1173 1419 1200 sub
1435 1172 1481 1200 Dei
1500 1172 1636 1205 dominatu
1650 1172 1732 1199 vicis-

945 1221 996 1249 sim
1012 1221 1124 1252 dicitur,
1138 1220 1187 1247 sub
1201 1227 1233 1247 eo
1248 1219 1351 1247 scilicet
1366 1223 1495 1253 tanquam
1511 1224 1646 1246 creatore.

982 1266 1005 1282 ⁵⁸
1021 1265 1152 1294 Formica;
1172 1265 1351 1293 similitudine
1366 1265 1474 1293 videtur
1498 1266 1575 1293 nobis
1603 1265 1731 1293 Salomon

945 1313 1017 1340 viam
1048 1311 1145 1347 agendi
1173 1312 1331 1346 describere
1359 1320 1368 1338 :
1396 1319 1446 1347 ape
1474 1316 1564 1338 autem
1597 1311 1731 1339 theoriam

945 1363 1067 1386 actarum
1086 1365 1176 1385 rerum
1192 1358 1330 1393 ipsiusque
1357 1358 1458 1385 actoris
1475 1358 1606 1386 denotare
1621 1366 1626 1384 :
1649 1365 1730 1393 quam

946 1405 1078 1433 theoriam
1102 1411 1150 1432 seu
1166 1404 1318 1432 doctrinam
1337 1404 1396 1439 puri
1418 1411 1495 1438 (eque
1517 1408 1599 1439 atque
1621 1404 1730 1439 impuri,

945 1451 1080 1487 sapientes
1090 1458 1122 1478 ac
1137 1450 1215 1482 fatui,
1229 1451 1261 1477 ad
1285 1457 1340 1477 suae
1360 1450 1458 1478 anima-
1485 1446 1629 1478 sanitatem
1653 1451 1731 1478 adhi-

946 1498 1018 1525 bent.
1038 1495 1148 1524 Ettnihi
1166 1497 1272 1524 videtur
1292 1497 1380 1528 favus,
1405 1495 1524 1530 ipsorum
1559 1497 1729 1531 negotiorum

944 1542 1032 1571 locum
1048 1546 1141 1570 tenere
1155 1551 1162 1570 :
1175 1543 1281 1570 Irmrens
1290 1547 1379 1569 autem
1393 1543 1416 1569 ei
1432 1542 1656 1578 mel,symbolum
1670 1550 1730 1575 esse

944 1589 1056 1617 theoriaa
1068 1590 1197 1623 ipsorum.
1215 1589 1247 1615 Et
1262 1588 1341 1616 favus
1353 1589 1461 1623 quidem
1474 1589 1624 1625 pra-rerihit
1638 1597 1646 1616 :
1667 1597 1728 1615 nam

937 1635 1051 1668 Caium,
1065 1635 1197 1670 inquit,ct
1207 1639 1279 1663 terra
1290 1636 1466 1671 prteteribunt
1481 1646 1487 1663 :
1503 1635 1554 1662 mel
1570 1640 1659 1663 tamen
1673 1644 1725 1662 non

941 1682 1100 1718 praeteribit.
1114 1682 1178 1716 quia
1188 1681 1337 1710 Salvatoris
1350 1682 1435 1710 nostri
1446 1681 1509 1709 Jesu
1528 1672 1629 1710 Christi
1647 1683 1726 1709 verba

941 1737 993 1756 non
1007 1728 1192 1764 prmteribunt.
1214 1728 1251 1756 De
1266 1728 1364 1763 quibus
1393 1729 1461 1756 dicit
1480 1728 1606 1756 Salomon
1623 1738 1630 1756 :
1660 1727 1726 1754 Favi

940 1774 1037 1806 mellis,
1049 1773 1152 1809 pulchri
1170 1781 1322 1806 sermones;
1343 1779 1366 1800 et
1384 1773 1496 1800 dulcedo
1511 1774 1615 1806 Irarum,
1631 1773 1726 1799 (mimru

940 1819 1041 1851 medela
1054 1819 1088 1848 ⁸³.
1105 1818 1190 1847 David
1204 1819 1287 1847 etiam
1303 1828 1310 1846 :
1327 1818 1463 1851 Dulcioru,
1483 1819 1581 1852 inquit,
1604 1819 1725 1854 faucibui

938 1867 1002 1895 meis
1015 1865 1125 1894 oracula
1141 1871 1197 1898 tua,
1212 1864 1270 1900 plus
1284 1873 1361 1900 quam
1374 1865 1425 1891 mel
1439 1865 1479 1892 ori
1504 1873 1560 1892 meo
1593 1865 1625 1893 ⁶⁰.
1650 1865 1721 1893 Ell‘e-

939 1917 1014 1940 ctum
1026 1919 1091 1940 vero
1106 1912 1208 1940 laboris
1219 1911 1349 1938 virtutum
1364 1916 1444 1946 atque
1455 1911 1587 1944 scientim,
1604 1911 1723 1939 laborem

937 1958 1098 1987 nominavit.
1116 1958 1203 1992 lteges
1216 1965 1298 1992 porro
1314 1962 1342 1985 et
1354 1958 1463 1990 idiotas,
1477 1965 1530 1984 non
1542 1957 1608 1984 dicit
1621 1957 1661 1984 vel
1675 1965 1722 1984 eos

937 2005 983 2041 qui
998 2004 1151 2032 diademate
1168 2008 1313 2036 ornantur,
1329 2003 1370 2030 vel
1381 2003 1415 2030 de
1432 2003 1605 2038 sterquilinio
1622 2009 1722 2037 paupe-

936 2059 1001 2084 res;
1015 2052 1062 2079 sed
1074 2050 1197 2078 homines
1207 2051 1253 2084 qui
1266 2058 1330 2085 erga
1343 2050 1426 2077 Deum
1447 2053 1562 2077 ruentem
1580 2049 1647 2076 bene
1659 2055 1720 2075 eru-

935 2098 1021 2125 ditam
1036 2101 1117 2132 atque
1133 2097 1159 2124 in
1183 2096 1333 2125 virtutibus
1349 2096 1522 2124 obfirmatam
1543 2096 1652 2128 habent,
1671 2095 1720 2122 hos

936 2150 1012 2178 reges
1023 2143 1097 2171 dicit.

970 2233 992 2250 ⁶¹
1012 2233 1131 2261 Somnus
1147 2232 1192 2260 hic
1208 2232 1332 2261 rationali
1357 2236 1460 2259 tantum
1487 2232 1582 2259 animae
1603 2232 1718 2266 obrepit.

934 2279 1058 2314 Namque
1069 2280 1114 2308 hic
1133 2280 1273 2315 significat
1303 2279 1486 2313 insipientiam
1514 2283 1542 2305 et
1571 2279 1716 2305 inscitiam.

934 2325 1079 2360 Evigilatio
1095 2326 1205 2360 quidem
1228 2325 1293 2352 facit
1319 2325 1456 2352 hominem
1487 2327 1615 2358 tanquam
1646 2329 1718 2350 stru-

935 2372 1054 2398 thionem
1074 2371 1227 2398 solitarium
1248 2371 1274 2397 in
1291 2371 1379 2397 domo.

968 2417 990 2432 “
1004 2416 1053 2444 llic
1067 2416 1260 2443 attendendum
1278 2421 1331 2448 est,
1347 2424 1380 2443 ne
1397 2416 1466 2442 forte
1477 2423 1510 2442 ex
1530 2414 1716 2449 hujuscemodi

932 2463 1054 2498 corporis
1065 2463 1184 2490 molibus
1196 2466 1362 2496 cognoscant
1376 2462 1524 2490 adversarii
1538 2461 1718 2497 cogitationes

931 2509 1002 2537 intra
1014 2517 1065 2536 nos
1078 2513 1232 2536 versantes.
1260 2507 1328 2535 Nam
1341 2508 1463 2536 cordium
1491 2508 1600 2543 quidem
1627 2507 1716 2535 solum

930 2556 1016 2584 Deum
1031 2556 1197 2591 cognitorem
1212 2563 1273 2584 esse
1290 2557 1434 2583 credimus.

968 2647 991 2663 ⁸³
1005 2646 1165 2681 Quicunque
1176 2646 1275 2674 Christi
1303 2653 1400 2674 carnes
1421 2647 1575 2677 manducat,
1602 2650 1629 2671 et
1657 2642 1717 2679 ejus

931 2693 1094 2729 sanguinem
1111 2692 1190 2725 bibit,
1203 2693 1359 2728 sanguinem
1369 2693 1472 2728 justum
1496 2691 1631 2726 possidet;
1661 2699 1714 2725 quo

1016 2761 1039 2777 "
1053 2761 1097 2788 Ps.
1118 2768 1214 2790 cxvru.
1232 2761 1292 2789 105.
1335 2762 1355 2778 ⁶¹
1368 2761 1457 2789 v.9.“
1475 2769 1500 2788 v.
1515 2761 1556 2788 l5.
1589 2761 1612 2776 “
1630 2769 1654 2788 ν.
1670 2761 1715 2788 Π.

933 2816 1043 2851 exponit
1060 2822 1141 2853 atque
1163 2822 1250 2846 tuetur
1264 2817 1378 2846 lluetius
1388 2818 1414 2845 in
1431 2817 1609 2853 (Jrzgenienis,
1620 2819 1666 2846 lib.
1685 2826 1714 2852 it,

927 2853 1034 2880 dissert.
1047 2859 1101 2884 xrv,
1110 2852 1137 2879 2.
