1919 3074
216 138 264 164 ΠΟ

635 130 915 162 SUPPLEMENTUM
932 129 976 157 At)
995 127 1156 156 ORIGENIS
1173 127 1378 155 EXEGETICA.

1782 126 1834 154 ιδο

214 197 235 224 si
250 195 369 230 privetur
390 191 528 221 rationalis
542 193 641 225 anima,
659 200 689 220 ea
704 193 771 219 mori
791 192 901 218 dicitur.
925 189 991 216 Nam

1047 188 1165 223 σχομένη
1185 187 1257 222 ψυχὴ
1277 186 1382 221 λογικὴ,
1407 184 1512 219 λέγεται
1531 185 1709 220 ἀποθνήσκειν
1721 193 1727 200 ο
1751 185 1832 222 Ψυχὴ

213 243 303 270 anima
319 248 378 275 qua:
390 244 494 275 peccat,
508 239 564 274 ipsa
581 240 719 267 morietur.
733 239 810 272 Quod
820 239 841 265 si
861 239 922 273 quis
932 245 996 264 san—

213 289 272 323 guis
285 288 376 324 justus
387 291 440 317 est,
456 286 550 320 utique
566 286 620 313 erit
637 290 665 312 et
688 284 816 319 injustns,
841 291 920 319 quem
943 283 994 310 sibi

213 332 352 359 attrahunt
367 331 415 366 qui
439 330 584 358 comedunt
604 331 696 357 datum
721 330 748 356 in
773 337 862 356 escam
889 328 995 364 populis

212 379 369 414 [Ethiopum
385 378 408 393 “
423 377 590 411 (draconem)
613 384 682 413 pane
697 377 830 403 mendacii
851 376 992 403 nutritum.

212 425 245 452 Et
257 431 322 452 sane
338 424 384 458 qui
405 424 457 451 diis
469 423 564 450 alienis
575 423 741 454 sacriﬁcant,
760 422 862 456 justum
883 422 993 456 sangui-

211 478 272 497 nem
287 476 364 496 suum
386 469 585 503 pessumdant:
605 469 650 503 qui
677 474 765 495 autem
783 473 870 496 semet
889 467 994 495 sacriﬁ~

209 516 282 542 cium
300 515 354 544 Deo
369 515 419 543 soli
433 514 562 547 oﬂerunl,
578 514 596 541 ii
616 515 774 553 sanguinem
790 514 918 548 injustum
939 514 994 541 dis-

209 562 337 597 perdunt.
358 561 543 598 Subsequetur
566 567 656 589 autem
683 562 793 590 omnino
812 561 903 595 injusti
930 568 994 588 san-

208 609 298 646 guinis
309 608 460 643 corruptio.
477 607 672 636 Verumtamen
698 609 724 635 id
740 608 846 635 nonnisi
861 610 993 641 pnesentc

208 659 329 689 tempore
341 654 438 681 accidit
448 663 455 686 ;
465 654 513 681 sed
524 654 557 681 ab
569 654 646 682 initio
656 662 708 681 non
723 654 773 680 fuit
785 654 835 681 sic.
850 653 907 680 Non
920 652 991 679 enim

207 701 233 728 in
249 701 335 728 morbi
351 701 524 736 corruptione
539 701 664 731 valetudo
689 708 833 738 puerorum
856 700 918 732 fuit,
945 699 990 733 qui

206 749 263 778 sani
283 747 360 776 initio
371 748 455 782 geniti
469 747 587 775 fuerunt.

241 790 458 828 "Reprehendit
478 798 572 821 mutua
595 793 745 825 mendacia,
772 800 832 827 qua:
857 792 931 826 ipsas
957 794 990 819 ad

205 839 418 874 disceptationes
443 840 587 868 conferunt
607 844 688 873 atque
718 838 787 865 lites.
816 837 864 865 Vel
891 839 990 865 fratres

205 889 279 917 sunt,
300 884 346 918 qui
360 885 513 919 adoptionis
535 885 649 919 gratiam
674 884 786 915 habent,
815 889 841 911 et
866 885 916 912 sub
934 891 987 911 uno

208 936 271 958 sunt
285 935 362 964 patre
377 930 501 962 Christo;
515 939 584 965 quos
601 930 717 957 invicem
739 930 892 957 distrahere
907 938 988 958 cona-

206 982 251 1004 tur
265 976 342 1003 lestis
364 976 531 1015 iniquitatis,
547 976 767 1011 perturbationes
799 976 865 1010 ipsis
887 977 988 1003 inunit-

203 1028 262 1051 tens
273 1023 422 1057 etjudicia.
440 1023 558 1050 Verbum
572 1029 663 1050 autem
694 1031 702 1048 ι
724 1024 849 1051 accendit
867 1033 875 1049 ι
905 1031 988 1058 appo—

203 1071 285 1101 nitur,
296 1076 326 1097 ut
342 1069 437 1103 credo,
455 1074 566 1104 propter
588 1069 701 1096 vitiosas
717 1070 906 1104 cogitationes,
929 1077 988 1103 quae

201 1117 322 1144 animum
337 1116 368 1143 ad
383 1116 611 1151 iram‘odiumque
624 1115 986 1149 inﬂammant,cupiditatem

201 1169 291 1195 autem
322 1163 356 1190 ad
385 1163 474 1197 turpia
497 1169 591 1196 opera.
623 1161 781 1194 Huiusmodi
810 1161 986 1196 cogitationes

201 1210 300 1238 l‘aulus
315 1216 425 1247 quoque
438 1207 607 1242 appellavit“
619 1207 731 1242 maligni
753 1207 804 1234 tela
822 1208 908 1243 ignea,
927 1215 987 1242 qua:

201 1255 317 1287 animam
333 1255 478 1282 vulnerant
492 1258 660 1288 mortemque
677 1253 826 1282 adducunt.

235 1302 256 1317 ⁸⁷
278 1301 391 1331 Matrem
401 1308 492 1328 secum
504 1299 605 1328 habere
621 1307 682 1326 eum
696 1299 783 1334 jubet,
797 1307 856 1334 qua:
878 1305 920 1328 est
944 1308 985 1327 sa-

201 1348 303 1387 pientia
335 1355 482 1385 generatis,
511 1354 609 1380 nempe
633 1346 677 1372 illa
712 1347 858 1373 secundum
888 1347 983 1374 Deum.

201 1394 283 1430 Atqui
300 1394 465 1427 oportuisset
480 1397 584 1427 patrem
599 1393 690 1427 potius
705 1392 859 1425 nominare,
870 1400 984 1427 namque

199 1441 243 1469 hic
258 1440 290 1471 ad
303 1440 349 1466 ﬁlii
365 1440 553 1468 cxsistentiam
570 1438 629 1473 plus
643 1439 758 1466 confert.
776 1438 829 1465 Sed
845 1438 908 1473 quia
924 1439 982 1466 lieri

199 1486 304 1521 nequit,
321 1491 349 1512 ut
367 1486 424 1520 ipse
434 1486 516 1513 Deum
530 1490 678 1521 cognoscat
695 1489 758 1512 ante
780 1484 912 1512 factarum
941 1493 984 1512 re-

1007 861 1027 889 li

1046 234 1110 268 γὰρ,
1122 234 1214 269 φησὶν.
1227 234 1243 268 ἡ
1261 232 1464 268 ἁμαρτάνουσα,
1478 231 1547 266 αὕτη
1561 230 1734 258 ἀποθανεῖται
1745 240 1751 247 ·
1764 233 1788 258 εί
1803 232 1833 258 δέ

1046 281 1119 307 ἐστιν
1133 277 1201 314 αἷμα
1214 279 1328 310 δίκαιον,
1347 278 1403 304 ἔστι
1419 277 1539 312 δηλονότι
1557 277 1604 303 καὶ
1620 274 1689 312 αἷμα
1710 276 1805 304 ἄδικον
1823 286 1831 293 ·

1045 327 1113 361 ὅπερ
1131 325 1291 359 συνάγουσιν
1310 325 1339 350 ἐν
1358 325 1464 355 ἑαυτοῖς
1477 324 1501 350 oi
1518 323 1706 355 κατεσθίοντες
1717 324 1748 350 τὸ
1756 323 1832 350 δεδο-

1046 372 1125 406 μένον
1137 371 1234 407 βρῶμα
1249 371 1323 402 λαοῖς
1336 371 1392 402 τοῖς
1409 370 1516 404 Αἰθίοψι
1527 391 1535 402 ,
1550 370 1597 398 καὶ
1614 371 1780 406 τρεφόμενον
1791 370 1833 405 τῷ

1044 418 1118 453 ἄρτῳ
1133 417 1178 443 τοῦ
1192 416 1320 451 ψεύδους·
1347 416 1394 443 καὶ
1412 417 1436 442 οἱ
1457 416 1506 451 μὲν
1531 415 1640 447 θύοντες
1662 416 1732 448 θεοῖς
1752 415 1832 443 ἀλλο-

1044 462 1139 497 τρίοις,
1155 461 1185 487 τδ
1201 461 1302 488 δίκαιον
1319 460 1423 487 ἑαυτῶν
1437 459 1506 496 αἷμα
1528 460 1785 488 καταναλίσκουσιν·
1800 463 1828 488 οἱ

1043 508 1070 534 δὲ
1087 508 1192 539 ἑαυτοῖς
1207 507 1302 534 θυσίαν
1313 507 1352 541 τῷ
1365 507 1438 542 μόνῳ
1452 505 1521 541 Θεῷ,
1536 505 1567 532 τὸ
1592 506 1682 533 ἄδικον
1709 507 1832 542 διαφθείη-

1045 561 1136 588 ρουσιν
1152 549 1234 587 αἷμαι
1246 551 1424 586 ἀκολουθήσει
1438 551 1466 578 δὲ
1481 551 1590 583 πάντως
1617 553 1650 587 τῇ
1677 552 1726 587 μὲν
1741 553 1831 588 φθορᾷ

1042 598 1089 625 τοῦ
1102 599 1194 625 ἀδίκου
1209 599 1333 633 αἵματος
1350 598 1418 625 ἀλλά
1434 598 1512 625 τοῦτο
1524 599 1574 634 μὲν
1587 599 1694 631 πάντως
1716 599 1764 625 νῦν
1779 600 1829 626 πέν

1043 653 1112 679 φυκε
1126 644 1260 679 γίνεσθαι,
1275 645 1320 671 ἀπ’
1331 645 1417 680 ἀρχῆς
1425 644 1454 670 δὲ
1468 641 1516 679 οὐχ
1532 644 1617 676 οὓτως
1628 654 1634 659 ·
1648 645 1678 671 οὐ
1692 645 1748 680 γὰρ
1759 647 1830 674 κατά

1043 689 1145 726 φθορὰν
1160 691 1238 717 νόσου
1264 690 1343 724 ὑγεία
1355 689 1409 716 τῶν
1428 689 1541 722 παίδων,
1561 690 1630 725 μετά
1658 691 1709 726 τῆς
1734 691 1830 726 ὑγείας

1043 735 1089 762 ἀπ’
1101 736 1187 771 ἀρχῆς
1198 735 1374 771 τικτομένων.

1075 782 1230 810 Διαΰάλλων
1244 782 1274 808 τὸ
1291 782 1388 816 ψεῦδος
1403 781 1537 818 ἀλλήλοις,
1549 783 1647 815 αὐτοὺς
1660 783 1699 815 είς
1724 783 1830 819 διακρί-

1042 838 1098 860 σεις
1117 830 1194 864 φέρει
1209 830 1256 856 καὶ
1271 828 1418 861 ἀντιδικίας
1431 837 1438 844 ·
1451 829 1467 864 ἢ
1481 829 1590 863 ἀδελφοί
1603 831 1671 856 εἰσιν
1684 830 1709 856 οἱ
1735 831 1766 857 τὺ
1778 831 1828 866 τῆς

1041 875 1176 907 υἱοθεσίας
1193 875 1298 910 ἔχοντες
1313 875 1444 911 χάρισμα,
1463 871 1509 901 καὶ
1525 875 1577 902 ὑπὸ
1591 875 1636 902 τὸν
1654 876 1734 903 αὑτὸν
1752 877 1828 909 ὄντες

1041 920 1146 956 πατέρα
1161 921 1277 956 Χριστόν
1288 930 1294 935 ·
1312 920 1358 952 οὒς
1372 919 1498 956 χωρίζειν
1521 921 1654 956 ἐπιχειρεῖ
1680 922 1695 947 6
1720 921 1827 956 μάρτυς

1038 967 1087 1002 τῆς
1100 966 1216 998 ἀδικίας,
1236 966 1356 1002 ταραχὰς
1372 966 1401 991 ἐν
1425 967 1516 998 αὐτοῖς
1538 966 1679 1002 ἐμϐάλλων
1698 968 1745 994 καὶ
1768 968 1827 1002 κρί-

1040 1021 1094 1044 σεις
1105 1022 1111 1028 -
1123 1013 1152 1038 τὸ
1164 1013 1191 1038 δὲ
1205 1022 1213 1038 ι
1225 1012 1338 1042 ἐκκαίει,
1355 1022 1364 1038 ι
1378 1011 1415 1043 ὡς
1428 1010 1514 1047 οἶμαι,
1525 1013 1696 1048 προστίθεται
1709 1013 1754 1040 διὰ
1765 1015 1827 1045 τοὺς

1038 1059 1172 1094 ἐμπαθεῖς
1199 1059 1355 1094 λογισμοὺς,
1369 1059 1539 1090 ἀνάπτοντας
1560 1059 1644 1091 θυμὸν
1667 1059 1734 1094 μὲν,
1758 1060 1826 1095 πρὸς

1037 1104 1120 1139 ὀργὴν
1137 1104 1183 1133 καὶ
1201 1105 1278 1139 μῖσος
1298 1104 1445 1140 ἐπιθυμίαν
1458 1104 1486 1131 δὲ
1513 1105 1581 1140 πρὸς
1604 1106 1719 1141 αἰσχρὰς
1743 1107 1825 1141 ἐργα-

1038 1150 1114 1182 σίας·
1128 1150 1239 1182 τούτους
1253 1151 1315 1182 τοὺς
1339 1150 1488 1185 λογισμοὺς
1509 1152 1555 1178 καὶ
1572 1152 1586 1177 ὁ
1612 1151 1689 1185 ἅγιος
1719 1151 1825 1184 Παῦλος

1037 1196 1162 1232 ὠνόμασε
1191 1196 1236 1222 τοῦ
1267 1197 1385 1232 πονηροῦ
1409 1196 1474 1232 βέλη
1500 1197 1697 1233 πεπυρωμένα,
1722 1197 1823 1233 τιτρώ-

1037 1249 1135 1268 σκοντα
1151 1241 1200 1276 τὴν
1212 1241 1310 1276 ψυχὴν,
1329 1241 1376 1268 καὶ
1387 1241 1501 1267 θάνατον
1517 1241 1697 1276 ἐργαζόμενα.

1071 1298 1127 1334 Τὴν
1145 1297 1251 1333 μητέρα
1268 1297 1418 1332 ἐπάγεσθαι
1434 1297 1609 1333 προστάσσει,
1636 1297 1697 1332 ἥτις
1717 1297 1790 1324 ἐστὶν
1806 1297 1823 1332 ἡ

1037 1344 1117 1378 σοφία
1125 1343 1257 1378 γεννῶσα,
1275 1343 1352 1379 ἡμὲν
1369 1343 1438 1370 κατὰ
1456 1344 1521 1370 Θεόν
1532 1352 1539 1358 ·
1563 1343 1650 1370 καίτοι
1664 1343 1748 1378 ἐχρῆν
1772 1344 1822 1370 αὺ-

1034 1391 1079 1417 τὺν
1089 1391 1175 1417 είπεῖν
1187 1390 1231 1416 τὸν
1246 1390 1352 1425 πατέρα
1362 1399 1368 1404 ·
1380 1386 1457 1421 οὗτος
1466 1389 1520 1424 γὰρ
1536 1390 1604 1425 πρὸς
1615 1389 1644 1416 τὸ
1659 1390 1823 1425 συνεῖναιτῷ

1035 1436 1085 1472 υἱῷ
1101 1436 1200 1472 μᾶλλον
1215 1435 1431 1471 ἐπιτηδειότερος
1443 1443 1449 1450 ·
1463 1434 1521 1461 ἀλλ’
1537 1435 1630 1470 ἐπειδὴ
1645 1436 1676 1462 οὐ
1698 1435 1822 1467 δυνατὸν,

1034 1483 1115 1511 αὐτὸν
1127 1483 1228 1517 γνῶναι
1241 1483 1286 1509 τὸν
1304 1483 1369 1509 Θεὸν
1383 1483 1436 1516 πρὸ
1451 1475 1500 1518 τῆς
1520 1483 1574 1510 τῶν
1588 1483 1739 1518 γεγονότων
1754 1483 1821 1510 θεω-

199 1539 258 1562 rum
270 1532 409 1568 notitiam,
421 1531 480 1559 ideo
492 1536 605 1558 matrem
619 1531 708 1566 potius
725 1538 806 1566 quam
822 1535 926 1566 patrem
939 1539 981 1558 se-

1042 1530 1107 1561 οίας,
1124 1529 1217 1556 τούτου
1230 1530 1308 1565 χάριν
1328 1529 1377 1564 τὴν
1399 1529 1503 1564 μητέρα
1527 1529 1574 1555 καὶ
1587 1529 1618 1555 οὐ
1639 1529 1684 1556 τὸν
1715 1529 1822 1565 πατέρα

197 1585 259 1604 cum
276 1577 378 1604 habere
396 1576 493 1610 jubet;
525 1581 552 1602 ut
570 1583 618 1610 per
639 1580 752 1602 matrem
776 1575 847 1602 ﬁlius
877 1581 981 1610 patrem

197 1628 353 1659 cognoscat.
367 1622 433 1649 Nam
449 1622 500 1649 nisi
516 1622 573 1656 ipsa
585 1629 646 1649 eum
662 1621 809 1656 pepererit,
824 1621 911 1649 lucem
928 1630 981 1650 non

197 1671 306 1708 aspicit,
320 1678 382 1706 qua:
395 1669 519 1697 videlicet
533 1669 617 1703 ipsius
635 1669 679 1695 Dci
693 1669 797 1703 agnitio
810 1673 860 1696 est.

231 1717 253 1733 “
270 1717 338 1751 Quia
357 1717 512 1743 mandatqu
525 1715 590 1750 legis
621 1715 731 1742 lucerna
753 1720 796 1742 est
818 1720 846 1742 et
871 1715 926 1742 lux.
950 1715 982 1742 Et

196 1766 311 1797 fortasse
321 1764 430 1790 lucerna
447 1762 650 1790 Testamentum
663 1761 748 1789 Vetus
763 1767 824 1790 est:
837 1761 902 1789 illud
909 1762 981 1789 enim

195 1816 255 1841 erat
271 1811 348 1847 quasi
366 1810 474 1839 lucerna
489 1817 549 1843 qua;
566 1809 764 1836 incendebatur
779 1813 804 1835 et
821 1809 978 1843 apparebat.

195 1858 252 1889 Lux
270 1864 342 1888 vero,
355 1855 459 1885 Novum
473 1855 678 1886 Testamentum
695 1859 754 1883 est:
774 1855 829 1890 Ego
841 1855 925 1887 enim,
939 1855 981 1881 iu-

196 1903 266 1939 quit,
294 1902 339 1931 lux
365 1909 425 1929 sum
457 1902 569 1933 mundi;
600 1902 785 1936 improborum
815 1901 980 1936 redargutio,

195 1951 327 1979 bonorum
348 1949 476 1979 eruditio.
500 1948 568 1976 Nam
588 1956 636 1983 per
658 1948 743 1982 legem
771 1948 891 1982 cognitio
917 1955 980 1982 pec-

194 1996 258 2027 cati.

228 2041 250 2057 "
262 2040 350 2070 Tanta
363 2045 405 2068 est
422 2041 494 2068 enim
513 2040 789 2078 nequitianoluptas,
806 2045 905 2074 quanta
920 2040 981 2066 uni-

192 2089 218 2120 ci
232 2089 321 2128 panis.

226 2134 249 2149 "°
263 2133 292 2161 Si
305 2140 320 2160 a
335 2140 398 2160 vera
413 2132 527 2159 scientia
543 2131 719 2166 corripielur,
732 2131 873 2158 scientiam
885 2139 980 2166 quant-

191 2181 259 2209 libet
275 2180 372 2208 falsam
387 2179 504 2213 abjiciet,
520 2179 654 2213 quiantea
675 2178 828 2211 furabatur,
838 2178 872 2206 ob
888 2178 977 2205 scien-

194 2229 238 2259 tiae
254 2227 445 2262 indigentiam,
460 2234 493 2254 ex
521 2226 652 2254 infatuata
672 2234 687 2253 a
709 2226 856 2253 Servalore
886 2230 979 2253 nostro

1035 1571 1198 1609 πρόστάσσει
1211 1574 1374 1608 ἐπάγεσθαι·
1390 1575 1432 1601 ἵνα
1445 1574 1489 1601 διὰ
1501 1575 1550 1609 τῆς
1566 1574 1668 1609 μητρὸς
1680 1576 1695 1601 6
1710 1575 1767 1606 υίὸς
1780 1575 1821 1610 ῐδῃ

1033 1620 1079 1647 τὸν
1098 1619 1204 1655 πατέρα
1216 1628 1222 1635 ·
1245 1619 1291 1646 ἐὰν
1307 1620 1360 1656 γὰρ
1380 1620 1448 1656 αὑτὴ
1470 1619 1507 1656 μὴ
1521 1620 1650 1655 γεννήσῃ,
1673 1620 1703 1646 οὐ
1728 1620 1822 1655 βλέπει

1034 1666 1063 1693 τὸ
1077 1666 1144 1701 φῶς,
1159 1667 1227 1702 ὅπερ
1237 1665 1295 1693 ἐστὶ
1310 1666 1410 1701 γνῶσις
1425 1666 1509 1693 αὑτοῦ
1519 1666 1567 1693 τοῦ
1581 1666 1658 1693 Θεοῦ.

1069 1712 1129 1739 ’Ὀτι
1146 1713 1162 1747 ὴ
1177 1712 1268 1748 ἐντολὴ
1278 1712 1325 1738 τοῦ
1341 1713 1422 1747 νόμου
1438 1713 1534 1747 λύχνος
1545 1712 1604 1738 ἐστὶ
1620 1712 1666 1738 καὶ
1681 1711 1738 1746 φῶς
1751 1721 1757 1727 ·
1773 1712 1822 1738 καὶ

1034 1759 1103 1794 τάχα
1113 1758 1219 1794 λύχνος,
1234 1761 1250 1794 ἠ
1266 1759 1372 1786 Παλαιὰ
1383 1759 1504 1794 Διαθήκη
1525 1758 1599 1785 ἐστίν
1609 1767 1616 1773 ·
1641 1758 1744 1789 ἐκεῖνος
1766 1758 1822 1794 γὰρ

1032 1802 1066 1839 ἦν
1081 1803 1202 1838 ὁλύχνος
1217 1805 1231 1830 6
1255 1805 1397 1839 καιόμενος
1420 1804 1467 1830 καὶ
1491 1803 1610 1838 φαίνων·
1637 1803 1704 1838 φῶς,
1721 1804 1738 1838 ἡ
1764 1802 1822 1830 Νέα

1033 1849 1151 1885 Διαθήκη
1166 1849 1252 1884 ’Ἐγὼ
1268 1850 1331 1885 γὰρ,
1346 1850 1439 1885 φησὶν,
1453 1851 1510 1885 εἰμὶ
1525 1850 1556 1876 τὸ
1569 1849 1627 1884 φῶς
1641 1849 1688 1876 τοῦ
1698 1850 1802 1885 κόσμου
1814 1859 1819 1865 '

1033 1896 1141 1932 ἐλεγχος
1157 1896 1204 1932 μὲν
1214 1896 1268 1922 τῶν
1285 1897 1388 1928 κακῶν,
1399 1896 1508 1923 παιδεία
1520 1895 1549 1923 δὲ
1564 1896 1618 1923 τῶν
1635 1896 1747 1930 ἀγαθῶν
1757 1905 1764 1912 ·
1778 1897 1822 1924 διὰ

1033 1943 1084 1979 γὰρ
1100 1943 1182 1978 νόμου
1199 1943 1347 1977 ἐπίγνωσις
1360 1943 1506 1978 ἁμαρτίας.

1067 2032 1191 2067 Τοσαύτη
1202 2033 1255 2068 γάρ
1270 2034 1343 2059 ἐστιν
1361 2033 1377 2068 ἡ
1391 2032 1472 2068 ἡδονὴ
1488 2033 1538 2068 τῆς
1553 2033 1663 2066 κακίας,
1689 2034 1739 2068 ὂση
1774 2034 1821 2059 καὶ

1031 2079 1089 2111 ἑνὸς
1105 2080 1198 2114 ἄρτου.

1073 2125 1135 2151 Ἐὰν
1150 2125 1205 2160 ἀλῴ
1221 2125 1273 2152 ὑπὸ
1292 2125 1418 2160 γνώσεως
1439 2126 1564 2162 ἀληθοῦς,
1586 2126 1753 2162 ἁποθήσεται
1773 2128 1820 2154 πᾶ-

1032 2181 1081 2199 σαν
1093 2173 1193 2206 γνῶσιν
1204 2172 1299 2208 ψευδῆ,
1325 2174 1340 2200 6
1356 2173 1486 2209 πρότερον
1503 2174 1636 2205 κλέπτων,
1658 2174 1692 2201 δι’
1709 2174 1816 2201 ἔνδειαν

1031 2219 1167 2253 γνώσεως,
1181 2220 1233 2246 ἀπὸ
1252 2220 1301 2255 τῆς
1330 2221 1519 2257 μωρανθείσης
1546 2222 1598 2248 ὑπὸ
1625 2221 1671 2249 τοῦ
1688 2222 1818 2257 Σωτῆρος

193 2273 310 2301 scientia
325 2279 358 2299 ac
370 2272 518 2308 sapientia.
533 2271 651 2301 Redditu
658 2279 702 2298 rus
720 2276 809 2298 autem
823 2271 978 2305 septuplum

1042 2265 1107 2300 ιμῶν
1125 2264 1252 2299 γνώσεως
1274 2266 1320 2292 καὶ
1338 2266 1452 2300 σοφίας·
1483 2267 1623 2294 ἀποτίσειν
1647 2266 1676 2293 δὲ
1706 2266 1817 2300 λέγεται

191 2319 306 2351 dicitur,
319 2319 381 2353 quia
393 2320 494 2354 septies
508 2319 533 2349 in
545 2319 590 2346 die
602 2319 725 2349 laudabit
742 2319 826 2346 Deum
842 2338 851 2354 ,
866 2322 893 2345 et
910 2325 977 2344 eun-

191 2366 244 2393 etis
256 2365 384 2392 sensibus
397 2366 454 2392 suis
467 2366 521 2393 Deo
535 2366 652 2398 traditis,
670 2365 799 2392 liberabit
816 2372 846 2392 se
863 2372 878 2391 a
895 2372 976 2405 para-

191 2412 227 2443 ti:
243 2410 353 2441 diabolo
370 2415 397 2439 et.
412 2411 516 2446 angelis
528 2411 587 2446 eius
605 2411 757 2451 suppliciis.

224 2545 247 2562 "
275 2544 372 2573 Omnis
398 2544 444 2579 qui
473 2544 610 2583 iniquitati
633 2545 835 2578 communicat,
855 2545 978 2574 moechus

188 2595 239 2621 est,
258 2588 360 2616 diaboli
377 2588 484 2616 scilicet
506 2589 552 2622 qui
579 2590 684 2623 primus
703 2597 817 2617 uxorem
837 2591 913 2618 duxit
929 2599 976 2618 ne-

189 2635 314 2672 quitiam,
328 2634 400 2662 etab
412 2634 490 2666 initio
508 2634 642 2662 homicida
662 2635 723 2670 fuit.
745 2636 816 2664 Idem
840 2645 901 2664 cum
927 2637 972 2665 illo

189 2683 286 2710 anima:
302 2681 418 2720 propria:
431 2680 544 2708 exitium
562 2681 652 2709 inl'ert.

1029 2311 1243 2344 ἑπταπλασίονα,
1259 2312 1289 2338 τὺ
1319 2313 1432 2344 ἑπτάκις
1451 2313 1501 2349 τῆς
1529 2314 1637 2349 ἡμέρας
1663 2314 1750 2340 αἰνεῖν
1774 2313 1821 2340 τὸν

1027 2358 1108 2384 Θεόν·
1130 2358 1176 2385 καὶ
1196 2359 1284 2386 πάντα
1304 2358 1338 2385 τὰ
1359 2359 1515 2394 ὑπάρχοντα
1545 2358 1619 2394 αὐτῷ
1651 2359 1818 2394 αἰσθητήρια

1026 2405 1087 2437 δοὺς
1109 2404 1148 2440 τῷ
1183 2404 1252 2440 Θεῷ,
1291 2405 1402 2440 ῥύσεται
1426 2405 1520 2432 ἑαυτὸν
1555 2406 1587 2432 ἐκ
1617 2405 1671 2432 τῶν
1699 2407 1818 2440 ἡτοιμα-

1030 2451 1139 2486 σμένων
1152 2451 1190 2486 τῷ
1206 2451 1320 2486 διαϐόλῳ
1334 2451 1378 2478 καὶ
1399 2453 1455 2483 τοῖς
1470 2452 1594 2486 ἀγγέλοις
1623 2451 1706 2479 αὐτοῦ
1731 2460 1819 2486 τιμω-

1028 2498 1103 2534 ριῶν.

1063 2545 1120 2577 Πᾶς
1137 2545 1151 2571 6
1179 2545 1344 2581 κοινωνήσας
1368 2545 1402 2580 τῇ
1436 2545 1531 2580 κακίᾳ,
1561 2544 1653 2580 μοιχός
1681 2544 1740 2570 ἐστι
1770 2544 1818 2570 τοῦ

1026 2590 1149 2617 διαϐόλου
1161 2591 1207 2617 τοῦ
1228 2591 1335 2626 πρώτου
1349 2591 1488 2626 γήμαντος
1502 2590 1552 2626 τὴν
1570 2591 1668 2617 κακίαν
1679 2611 1685 2622 ,
1707 2590 1756 2617 καὶ
1769 2590 1816 2617 ἀπ’

1027 2638 1114 2674 ἀρχῆς
1139 2637 1281 2672 γεγονότος
1309 2637 1553 2673 ἀνθρωποκτόνου·
1583 2637 1629 2663 καὶ
1665 2636 1714 2662 σὺν
1741 2636 1817 2671 αὐτῷ

1025 2678 1163 2713 ἁπιὶιλειαν
1174 2685 1206 2716 τῇ
1224 2684 1295 2720 ψυχῇ
1312 2683 1394 2711 αὑτοῦ
1411 2685 1605 2719 περιποιεῖται.

935 2732 1010 2760 CAP.
1034 2729 1084 2760 VII.

222 2775 246 2795 ν’
264 2776 345 2804 Soror
368 2781 459 2805 nostra
477 2777 608 2812 sapientia
633 2782 684 2811 est,
703 2783 836 2813 quatenus
854 2779 898 2806 ille
927 2781 974 2814 qui

223 2871 243 2891 “
265 2873 307 2903 i‘s.
327 2881 422 2907 tum,
436 2874 475 2902 li.
509 2875 530 2890 "
549 2882 570 2902 ι.
591 2874 631 2905 19.
657 2874 676 2889 ¹⁶
692 2874 758 2913 ῐῖιιιι⁴
776 2883 810 2913 ιι,
828 2875 867 2903 lti.
909 2877 929 2893 ⁸⁷
949 2876 993 2906 ri

1068 2876 1089 2892 ⁸⁸
1107 2874 1185 2903 ι.25.
1227 2875 1284 2902 ων.
1300 2874 1344 2901 26.
1384 2874 1404 2890 τ’
1425 2881 1448 2902 ι’.
1465 2873 1507 2902 50.
1545 2873 1566 2889 “
1585 2881 1607 2901 ι.
1627 2871 1671 2903 32-

1072 2780 1184 2815 ’Δδελίρὴ
1206 2780 1282 2816 ἡμῶν
1310 2781 1388 2814 σοφία
1414 2779 1480 2813 ἐστὶ,
1500 2779 1565 2806 διότι
1589 2780 1603 2806 6
1624 2780 1739 2815 ποιήσας
1764 2777 1815 2814 τὴν

1723 2870 1814 2904 ’Νη
