1919 3074
74 110 116 141 181
657 114 838 142 EXPOSiTlO
854 115 885 142 IN
902 115 1105 144 PROVERBIA.

1644 116 1695 142 18':

77 172 209 208 ἀσώματον
225 171 313 208 φύσιν
326 175 431 210 Πατὴρ,
453 175 496 202 καί
513 175 611 211 ταύτην
632 176 780 212 πεποίηκεν
791 185 797 191 ·
820 185 860 202 σο-

922 184 1097 211 ncorporcam
1118 181 1243 205 naturam
1259 177 1320 205 fecit
1336 177 1433 208 Pater,
1448 175 1518 202 hanc
1539 183 1645 210 quoque
1659 176 1682 202 fc

77 220 131 254 φίαν
144 220 173 246 δὲ
184 220 305 247 ἐνταῦθα
324 221 399 256 λέγει
418 222 448 248 οὐ
467 221 511 248 τὸν
529 222 592 249 Υἱὸν
616 222 663 249 τοῦ
691 222 769 256 Θεοῦ,
792 222 860 250 ἀλλὰ

77 267 119 302 τὴν
131 265 248 301 θεωρίαν
267 267 324 294 τῶν
343 267 476 302 σωμάτων
498 269 545 295 καὶ
562 269 726 304 ἀσωμάτων,
745 269 792 296 καὶ
810 270 860 305 τῆς

76 314 104 340 ὲν
119 313 184 349 αὐτῇ
198 313 320 349 κρίσεως
337 314 384 340 καὶ
399 314 526 350 προνοίας
544 315 700 350 ὲγκείμενα.

110 359 160 394 Τὴν
178 359 270 395 σάρκα
295 360 342 387 τοῦ
365 359 506 396 ἀνθρώπου
533 360 627 396 θυρίδα
648 361 775 397 ὀνομάζει
796 362 858 389 νῦν·

75 404 115 432 διὰ
129 406 184 441 γὰρ
198 405 301 441 ταύτης
316 407 331 433 ὁ
352 407 468 442 πονηρὸς
488 406 536 438 τὰς
553 407 660 439 ἀπάτας
678 409 733 441 τοῖς
756 409 861 444 ἀνθρώ-

75 460 134 483 ποις
151 452 316 488 ἐργάζεται,
337 454 393 484 τοῖς
408 452 577 489 βουλομένοις
599 453 700 480 ὁδεύειν
721 454 770 490 τὴν
793 455 861 482 πλα-

75 497 145 524 τείαν
167 498 229 537 ὁδον
246 499 294 526 καὶ
309 498 478 535 εὐρύχωρον,
500 499 546 526 καὶ
566 499 724 534 ἀπάγουσαν
747 500 794 527 ἐπὶ
813 500 861 536 τὴν

74 543 228 572 ἀπώλειαν·
245 545 361 572 ἐνταῦθα
377 545 405 572 δὲ
419 545 581 581 προσεκτέον
603 546 629 573 τί
646 555 727 581 φησιν
751 547 765 573 ὁ
783 547 861 573 Σολο-

74 590 132 625 μῶν
144 591 211 626 περὶ
228 591 277 625 τῆς
292 591 406 624 κακίας·
420 592 461 618 ὅτι
483 592 533 618 οὐκ
556 592 625 627 αὑτὴ
651 592 696 619 τὸν
720 592 861 628 ἄνθρωπον

72 637 102 663 ὲν
115 636 218 672 ἀρχαῖς
237 638 283 663 ἐπὶ
302 637 350 673 τὴν
375 637 505 664 πλατεῖαν
524 636 585 671 ἄγει
597 646 604 653 ’
627 637 688 663 οὐδὲ
712 637 861 671 ἀναγκάζει

73 682 240 718 πορεύεσθαι
257 683 353 716 διόδοις
366 683 446 710 οἴκων
458 683 542 718 αὐτῆς
551 703 558 714 ,
574 683 589 718 ἢ
603 683 792 718 προσεγγίζειν
806 692 861 718 γω-

72 729 125 763 νίᾳ,
141 729 159 764 ἦ
174 729 267 756 λαλεῖν
288 730 317 756 ὲν
334 730 424 756 σκότει
437 729 586 765 ὲσπερινῷ·
606 729 665 756 ἀλλ’
679 730 727 756 ἐὰν
741 730 783 766 ἴδῃ
801 729 862 756 τινὰ

71 775 167 802 ézwbv
182 775 336 803 ἐπιδιδόντα
347 777 406 808 ταῖς
421 776 527 811 ἡδοναῖς
539 796 546 808 ,
563 775 643 808 εὐθὺς
658 777 774 811 συναντᾷ
789 775 862 811 αὐτῷ

70 821 102 847 τὸ
113 818 185 853 εἶδος
197 821 298 857 ἔχουσα
308 822 444 858 πορνικὸν,
454 821 472 856 ἢ
484 823 555 848 ποιεῖ
567 821 616 854 τὰς
625 821 691 848 νέων
703 821 861 854 ἐξίπτασθαι

71 866 200 902 καρδίας.

105 913 138 938 Ol
167 912 219 947 μὲν
239 912 269 938 ἐν
293 914 352 945 ταῖς
377 912 518 944 πλατείαις
543 912 716 948 ρεμὸόμενοι,
741 913 862 948 μοιχείας

71 958 119 984 καὶ
136 958 268 993 πορνείας
287 959 334 986 καὶ
353 959 456 994 κλοπῆς
467 958 633 994 λαμϐάνουσι
653 954 814 994 λογίσμούς·
838 959 863 985 οἱ

63 1004 101 1038 ,δὲ
122 1004 176 1037 ἐξω
191 1005 295 1031 τούτων
320 1005 481 1048 ῥεμϐόμενοι
492 1024 499 1037 ,
514 1005 562 1036 τὰς
584 1005 658 1041 παρά
675 1005 754 1040 φύσιν
767 1005 862 1041 ἡδονὰς

74 1049 265 1085 μετέρχονται,
281 1051 480 1086 ὰρσενοκοιτείν
497 1050 703 1086 ἐπιζητοῦντες,
719 1052 766 1078 καὶ
777 1051 863 1079 ἄλλων

71 1094 154 1121 τινῶν
167 1095 415 1131 ἀπαγορευομένων
434 1093 602 1131 πραγμάτων
620 1096 769 1129 φαντασίας
793 1096 863 1132 λαμ.-

73 1139 221 1172 ΰάνοντες·
249 1141 299 1176 δρα
322 1140 350 1166 δὲ
378 1141 414 1177 μὴ
439 1142 625 1179 κατηγόρημα,
642 1141 686 1176 είη
714 1142 793 1168 τοῦτο
817 1142 864 1168 καὶ

73 1188 160 1222 ἁγίων
172 1187 279 1224 ἀνδρῶν
291 1198 297 1202 -
317 1187 364 1215 καί
374 1196 415 1220 τις
434 1188 470 1224 μὴ
485 1188 628 1224 ἡσυχάζων
643 1188 711 1215 ἀλλὰ
728 1188 863 1224 ῥεμϐόμε-

74 1242 118 1266 νος
128 1254 137 1266 ,
151 1235 209 1264 τοῖς
223 1233 433 1270 κατηγορήμασι
453 1235 610 1270 κοινωνήσει
628 1234 679 1269 τῆς
702 1234 799 1270 ἀτίμου
815 1243 864 1269 γυ-

75 1278 179 1309 ναικός.

111 1324 172 1351 Τῶν
183 1324 339 1360 λογισμῶν,
361 1326 386 1351 oi
404 1324 452 1360 μὲν
469 1325 584 1365 καθαροί
609 1325 688 1358 εἰσιν,
708 1327 732 1352 οί
749 1326 777 1352 δὲ
796 1326 865 1352 ἀκά-

76 1370 172 1405 θαρτοι
181 1378 188 1386 ·
202 1370 315 1397 καὶτῶν
325 1370 462 1407 γραμμῶν
477 1371 504 1397 αί
518 1371 567 1406 μὲν
580 1371 683 1398 εὐθεῖαι
703 1371 847 1399 καλοῦνται
857 1380 864 1388 ·

76 1416 104 1443 ai
116 1416 146 1442 δὲ
155 1416 341 1452 κεκλασμέναι
350 1425 357 1432 ·
371 1416 455 1451 γωνία
465 1416 494 1443 δέ
505 1417 563 1443 ἐστι
575 1417 747 1452 κεκλασμένη
759 1417 849 1446 εὐθεῖα
857 1427 865 1434 ·

75 1462 94 1497 ἢ
107 1463 195 1497 γωνία
209 1463 313 1499 νοητῶς
332 1463 406 1489 ἐστιν
423 1463 437 1489 ὁ
448 1462 602 1498 ἀκάθαρτος
619 1463 746 1500 λογισμός
755 1473 762 1480 ·
774 1464 804 1492 τὸ
820 1463 866 1492 οὖν

77 1507 154 1544 παρὰ
171 1509 263 1535 πᾶσαν
276 1509 378 1544 γωνίαν
394 1509 542 1546 ἐνεδρεύειν
555 1509 604 1545 τὴν
617 1510 714 1537 κακίαν
726 1530 734 1543 ,
747 1510 822 1546 δηλοῖ
837 1511 867 1538 τὸ

912 223 960 250 ‹·ἰι.
984 223 1151 259 Sapientiam
1173 229 1262 251 autem
1287 224 1338 251 huc
1362 224 1422 251 loco
1437 223 1502 250 dicit
1526 230 1578 249 non
1595 221 1695 249 Filium

913 270 969 303 Dei,
988 271 1034 300 sed
1057 273 1237 307 corporalium
1266 277 1294 300 et
1320 271 1529 306 incorporalium
1555 271 1695 299 nationem

912 320 1039 354 insitique
1051 319 1132 346 divini
1145 319 1238 353 judicii
1256 326 1286 345 ac
1300 319 1483 352 providentur.

947 367 971 382 ”
986 365 1109 394 Hominis
1124 373 1234 392 carnem
1253 372 1324 392 nunc
1340 365 1483 391 fenestram
1500 364 1634 398 appellat:
1650 371 1697 399 per

914 413 983 440 hanc
998 412 1096 447 quippe
1120 411 1252 445 malignus
1275 410 1365 437 fucum
1382 410 1535 437 hominibus
1561 411 1635 443 facit,
1651 411 1694 444 qui

912 458 967 486 lata
982 459 1155 493 spatiosaque
1168 457 1211 484 via
1225 457 1350 485 incedere
1365 457 1459 484 volunt
1473 457 1505 482 ad
1517 456 1694 491 perditionem

912 504 1036 532 ducente.
1060 503 1110 531 Hie
1127 511 1191 530 vero
1208 503 1477 530 animadvertendum
1491 507 1532 530 est
1547 503 1611 537 quid
1624 503 1696 530 dicat

913 549 946 577 de
961 549 1078 584 nequitia
1096 549 1237 581 Salomon,
1265 556 1361 583 nempe
1376 549 1446 583 quod
1463 555 1515 575 non
1538 549 1592 583 ipsa
1610 549 1696 575 homi-

914 603 975 623 nem
996 595 1072 623 initio
1089 595 1115 622 in
1141 596 1256 630 plateam
1274 595 1360 626 ducit,
1383 601 1469 628 neque
1491 594 1562 628 cogit
1584 601 1696 628 pergere

914 643 940 670 in
957 642 1030 670 vicos
1045 643 1140 669 aedium
1156 649 1276 673 suarum,
1293 649 1379 675 neque
1396 643 1428 668 ad
1445 641 1572 675 angulum
1590 641 1695 675 propin-

913 696 1007 724 quare,
1029 693 1076 716 aut
1098 689 1124 715 in
1150 689 1311 724 vespertinis
1334 687 1453 715 tenebris
1477 687 1593 721 colloqui
1613 695 1620 714 :
1650 685 1695 712 sed

913 739 1055 770 postquam
1069 735 1205 762 hominem
1223 734 1322 761 viderit
1343 739 1437 768 sponte
1462 741 1491 760 se
1517 732 1698 766 voluptatibus

915 780 1081 811 tradentem,
1111 784 1175 806 tunc
1193 779 1216 806 ei
1245 779 1274 805 tit
1296 779 1402 806 obviam
1429 777 1581 805 meretricia
1611 775 1698 803 forma

913 831 1061 861 assumpta,
1077 834 1136 860 qua:
1145 825 1272 859 juvenum
1285 826 1365 853 corda
1380 824 1443 851 facit
1454 824 1572 851 exsilire.

948 916 972 932 ⁷⁸
985 914 1035 948 Qui
1049 915 1075 942 in
1089 913 1184 949 plateis
1197 918 1299 940 temere
1311 912 1478 939 inambulant
1488 931 1494 942 ,
1507 911 1539 938 dc
1554 910 1696 942 adulterio,

889 996 892 999 ί
913 961 1087 992 scortatione,
1104 959 1230 993 furtoque
1249 956 1325 984 facile
1341 956 1469 990 cogitant.
1484 955 1534 988 Qui
1547 962 1609 980 vero
1620 958 1697 980 extra

914 1008 970 1034 haec
996 1007 1053 1034 loca
1076 1006 1216 1038 otiantur,
1243 1003 1396 1032 contrarias
1422 1008 1526 1030 naturm
1549 1001 1698 1036 voluptates

914 1057 1062 1085 sectantur,
1088 1050 1269 1078 masculorum
1290 1049 1451 1077 concubitus
1474 1047 1646 1078 aﬂ'eclantcs,
1671 1051 1699 1072 et

914 1099 963 1126 alia
982 1098 1103 1133 quredam
1125 1096 1209 1123 vetita
1230 1103 1311 1131 Opera
1327 1095 1496 1122 meditantes.
1518 1093 1589 1120 Cave
1606 1096 1695 1118 autem

915 1153 947 1172 ne
965 1146 1022 1173 hch
1043 1143 1198 1172 criminatio
1226 1143 1252 1169 in
1284 1147 1394 1170 sanctos
1416 1147 1523 1175 quoque
1542 1139 1614 1166 viros
1628 1138 1698 1166 inci-

914 1193 980 1220 dat:
998 1199 1060 1219 nam
1075 1191 1126 1218 nisi
1144 1190 1206 1226 quis
1222 1189 1394 1217 solitudinem
1411 1190 1533 1218 attamet,
1546 1187 1591 1214 sed
1608 1185 1698 1220 potius

916 1243 1018 1266 temere
1031 1243 1152 1273 vagetur.
1173 1237 1196 1264 is
1218 1236 1326 1271 quidem
1349 1235 1497 1262 inhonesta!
1514 1233 1635 1260 mulieris
1656 1232 1697 1258 in-

917 1285 1025 1313 famiam
1044 1283 1224 1318 participabit.

951 1332 973 1348 7'
987 1331 1173 1366 Cogitationes
1186 1329 1246 1355 alim
1258 1335 1332 1363 pura:
1349 1331 1420 1358 sunt,
1437 1326 1495 1352 alia:
1512 1325 1634 1359 impurae.
1651 1322 1699 1350 Li-

918 1386 974 1408 neaI.
988 1378 1088 1413 pariter
1103 1376 1162 1403 aliae
1175 1379 1255 1402 recta:
1268 1379 1341 1408 sunt,
1355 1373 1413 1401 aliae
1437 1371 1550 1399 inﬂexae.
1577 1371 1699 1405 Angulus

917 1429 1006 1452 autem
1019 1427 1062 1451 est
1075 1421 1172 1449 inflexa
1185 1421 1264 1448 linea.
1289 1420 1372 1447 Porro
1387 1417 1603 1446 inlelleclualiter
1616 1424 1699 1449 angu-

917 1470 959 1498 lus
970 1474 1013 1497 est
1025 1469 1128 1503 impura
1145 1467 1284 1502 cogitatio.
1305 1466 1388 1500 igitur
1403 1465 1429 1492 in
1448 1462 1575 1491 omnibus
1595 1461 1699 1496 angulis

916 1516 1008 1543 venari
1022 1513 1206 1549 iniquitatem,
1222 1512 1333 1547 perinde
1345 1516 1386 1538 est
1399 1518 1430 1538 ac
1448 1510 1519 1537 omni
1532 1509 1698 1543 impnrarum

76 1553 121 1580 διὰ
135 1555 246 1581 πάντων
262 1555 316 1581 τῶν
331 1555 492 1591 ἀκαθάρτων
509 1555 646 1591 λογισμῶν
664 1556 749 1591 αὐτὴν
766 1556 865 1589 ἑξαπα-

922 1561 1113 1598 cogitationum
1128 1565 1227 1595 genere
1239 1557 1355 1584 animam
1373 1556 1511 1592 pmpriam
1528 1555 1663 1589 decipere.

77 1601 127 1636 τᾷν
145 1601 196 1637 τὴν
212 1601 313 1637 ψυχήν.

110 1647 162 1674 Διὰ
184 1646 239 1674 τῶν
254 1647 366 1683 κειριῶν
380 1647 426 1674 καὶ
442 1648 489 1674 τοῦ
507 1647 604 1683 κρόκου
633 1647 744 1675 καὶτῶν
754 1647 864 1680 λοιπῶν,

75 1693 110 1720 τὰ
122 1693 251 1728 ἀπατηλὰ.
264 1693 439 1730 θεωρήματα,
457 1694 473 1730 ἢ
488 1693 522 1720 τὰ
536 1693 651 1730 διάφορα
668 1694 741 1730 πάθη
768 1695 867 1730 σημαί-

77 1746 128 1765 νει.
142 1752 179 1757 ——
192 1738 264 1774 Ὅρα
283 1739 333 1774 τὴν
357 1739 470 1772 κακίαν,
492 1739 542 1766 οὐκ
563 1739 676 1775 ἔχουσαν
701 1740 748 1775 ἀφ’
768 1740 866 1775 ἑαυτῆς

76 1784 184 1820 ἀρχὴν,
201 1784 258 1811 ἀλλ’
270 1784 323 1811 ἀπὸ
344 1785 399 1812 τῶν
413 1785 462 1820 τῆς
477 1785 578 1821 ἀρετῆς
599 1785 848 1821 προοιμιαζομένων
858 1795 864 1800 ·

76 1830 108 1857 τὺ
131 1830 187 1866 γὰρ
209 1831 336 1858 κοινωνὸν
362 1831 453 1858 λαϐεῖν
477 1831 588 1863 θυσίας,
616 1831 727 1866 ἀγαθόν.
755 1832 818 1858 Ὅτε
839 1831 867 1858 δὲ

76 1877 171 1909 αὐτοῖς
185 1877 381 1910 κατεπάλαισε,
398 1879 457 1905 τότε
468 1878 554 1914 ἐνίησι
564 1878 610 1904 τὸν
624 1877 672 1910 Rw,
689 1877 723 1904 τὰ
735 1879 792 1909 τοῖς
804 1877 868 1913 ἐρῶ-

78 1933 122 1951 σιν
137 1923 295 1960 ὶπιθυμητά
314 1923 516 1958 καταλέγουσα,
531 1924 550 1951 ἃ
563 1924 651 1951 πάντα
677 1923 757 1950 ἱκανά
781 1932 866 1950 κατα-

78 1969 240 2007 γοητεῦσαι,
254 1970 284 1996 οὐ
299 1969 363 2006 περ)¹
376 1970 428 2005 τὴν
441 1969 541 1996 οἰκείαν
555 1967 646 2004 φύσιν,
661 1967 729 1995 ἀλλὰ
745 1969 808 2004 περὶ
818 1968 868 2004 τὴν

78 2016 134 2048 τῶν
145 2016 300 2042 ἀκουόντων
321 2015 493 2051 ἀφροσύνην
513 2015 583 2042 κατὰ
607 2015 635 2041 δὲ
649 2015 765 2042 διάνοιαν
787 2015 803 2050 ἡ
820 2023 868 2042 κα-

80 2061 128 2094 κία
139 2061 220 2098 ζητεῖ
232 2061 263 2088 τὸ
277 2061 422 2097 πρόσωπον
443 2061 521 2097 ἡμῶν
539 2060 734 2096 καταισχῦναι,
754 2060 798 2087 διὰ
814 2060 868 2086 τῶν

80 2108 194 2145 κειριῶν
206 2108 254 2134 καὶ
265 2108 315 2143 τῆς
330 2107 433 2143 κλίνης,
448 2107 557 2135 καὶτῶν
571 2107 745 2143 ἀμφιτάπων,
761 2107 808 2134 καὶ
821 2107 866 2133 τοῦ

80 2155 195 2192 κρόκου,
207 2155 254 2181 καὶ
267 2153 313 2181 τοῦ
326 2153 513 2189 κινναμώμου·
526 2153 596 2189 ἀπερ
607 2153 679 2181 κακά
692 2153 739 2180 καὶ
753 2153 868 2189 διάφορα

80 2201 157 2236 πάοη
181 2201 309 2236 σημαίνει
334 2199 434 2235 ἡδονῶν
457 2200 533 2236 παρὰ
559 2200 614 2231 τοῖς
632 2199 789 2235 ὲφευρεταίς
814 2199 867 2226 τῶν

81 2247 176 2274 κακῶν
192 2246 333 2282 γινόμενα.

115 2294 201 2324 Τὸὸι*
210 2292 327 2328 ἡμερῶν
335 2292 457 2320 πολλῶν
462 2291 605 2325 ἐπανήξει
611 2294 654 2324 εὶς
662 2292 714 2318 τὸν
722 2289 807 2318 οἷκον
816 2291 854 2318 αὑ
861 2306 868 2310 -

83 2340 136 2367 τοῦ
144 2340 216 2367 πάνυ
224 2338 417 2375 πνευματικῶς
427 2338 581 2369 ὲνατενίσας
588 2339 621 2373 τῇ
631 2337 768 2374 οἰκονομίᾳ
775 2337 790 2364 ὁ
797 2336 870 2363 Παῦ-

83 2386 140 2419 λος,
150 2386 265 2420 ἔσχατον
277 2384 374 2420 ἐχθρὸν
390 2383 463 2417 λέγει
475 2383 670 2420 καταργεῖσθαι
686 2383 730 2410 τὸν
742 2382 853 2409 θάνατον
863 2389 870 2396 ”

82 2432 113 2459 ὃν
133 2432 180 2459 καὶ
196 2431 282 2467 ἄνδρα
298 2428 370 2457 εἶναι
393 2430 441 2466 τῆς
465 2429 596 2464 πονηρίας
618 2428 742 2463 Σολομῶν
766 2427 874 2463 προδιέ-

84 2478 191 2515 γραψε·
208 2477 254 2504 τὸν
281 2476 319 2509 ὡς
345 2476 484 2512 βαλαντίων
505 2475 636 2511 ἀργυρίου
655 2474 770 2502 λαϐόντα
793 2475 822 2500 ὲν
839 2475 873 2508 τῇ

84 2517 157 2561 χειρὶ
180 2523 263 2551 αὐτοῦ
283 2523 335 2558 τὴν
348 2522 560 2558 σνθρωπότητα,
581 2522 606 2548 εἰ
633 2522 680 2548 καὶ
693 2518 769 2552 αὖθις
792 2521 819 2547 ἐν
835 2520 874 2555 τῷ

85 2572 254 2608 ἁμαρτάνειν
268 2571 300 2597 οὐ
315 2569 430 2606 πάρεστι
441 2568 605 2605 προϐλέπειν
617 2567 664 2594 τὸν
677 2565 724 2593 τοῦ
740 2565 807 2592 Θεοῦ
825 2566 872 2600 φό-

85 2620 150 2647 δον·
166 2619 235 2646 διότι
252 2618 365 2653 κήδεται
386 2615 546 2651 ἀνεχόμενος
564 2614 611 2641 τοῦ
628 2614 724 2648 γένους
748 2612 800 2639 τῶν
826 2612 872 2638 ἀν⁴

85 2666 202 2702 θρὼπων
214 2674 222 2681 ·
244 2664 306 2692 ἐπεὶ
318 2664 343 2690 εί
358 2663 396 2699 μὴ
408 2662 453 2689 τὸν
466 2661 511 2689 τοῦ
527 2660 593 2688 Θεοῦ
607 2660 688 2695 φόϐον
711 2658 871 2694 προέσλεπε,

87 2713 200 2751 ρυζηδὺν
217 2711 323 2742 πάντας
338 2709 370 2736 ἂν
383 2708 516 2743 ἀπώλετο.

120 2760 180 2794 Τῶν
193 2757 336 2795 ἐρῤωδιῶν
349 2755 411 2793 τρία
424 2755 489 2790 γένη
499 2754 576 2783 εἰσὶν,
595 2753 610 2780 ὃ
622 2761 650 2779 τε
667 2752 769 2787 κέμᾳος
778 2771 784 2781 ,
802 2750 846 2776 καὶ
861 2751 874 2776 ὁ

121 2850 144 2866 ’³
161 2857 186 2878 ν.
204 2850 233 2877 6.
274 2848 297 2862 ⁷⁸
317 2845 390 2874 v.12
438 2845 460 2861 ⁷⁸
475 2853 497 2870 v.
519 2844 559 2871 12.
598 2844 620 2859 "3
634 2852 658 2870 γ.
676 2842 718 2871 16.
758 2842 779 2857 ⁷⁷
793 2849 816 2868 v.
836 2840 878 2868 ΞΟ.

954 1651 977 1667 ⁷⁸
992 1649 1094 1678 lnstitis
1116 1654 1197 1684 atque
1209 1655 1289 1676 croco
1307 1651 1334 1674 ct
1348 1645 1409 1673 aliis
1423 1643 1576 1678 hujusmodi
1592 1642 1700 1669 fallaces

920 1696 1128 1731 imaginationcs
1150 1694 1294 1728 variasque
1316 1691 1533 1727 perturbationes
1555 1688 1700 1723 significat.

918 1757 954 1762 ——
970 1741 1066 1775 Specta
1091 1739 1237 1774 nequitiam
1262 1737 1331 1765 haud
1346 1745 1377 1764 ex
1403 1744 1431 1764 se
1455 1737 1509 1770 ipsa
1533 1735 1639 1762 initium
1653 1741 1700 1760 su-

921 1791 1047 1819 mentem,
1059 1785 1105 1812 sed
1119 1791 1133 1811 a
1145 1784 1254 1811 virtutis
1268 1781 1431 1822 primordiis.
1445 1780 1511 1807 Nam
1526 1779 1644 1807 sodalem
1657 1785 1700 1805 sa-

920 1833 1014 1862 criﬁcii
1029 1839 1177 1864 assumere,
1194 1831 1262 1858 bona
1289 1837 1332 1856 res
1347 1833 1398 1855 est.
1420 1827 1472 1855 Sed
1493 1834 1553 1855 cum
1572 1831 1596 1853 te
1618 1832 1702 1859 expu-

921 1878 1054 1915 gnaverit,
1067 1881 1130 1904 tunc
1141 1883 1273 1904 venenum
1288 1875 1334 1902 tibi
1350 1874 1446 1901 mulier
1460 1872 1611 1906 inspirabit.
1626 1878 1701 1898 ama-

922 1923 990 1952 toria
1009 1924 1133 1958 loquens.
1149 1929 1210 1957 qua:
1225 1921 1315 1948 omnia
1336 1920 1493 1954 dccipiendo
1510 1919 1605 1945 idonea
1621 1919 1700 1949 sunt;

922 1970 992 1998 haud
1016 1969 1139 2004 equidem
1156 1975 1189 1996 ex
1213 1966 1322 2003 propria
1335 1970 1441 1998 natura,
1464 1964 1510 1992 sed
1533 1964 1567 1991 oh
1591 1963 1700 1991 audien-

922 2017 988 2044 tium
1013 2015 1163 2043 stultitiam.
1179 2012 1396 2043 lntellectualiter
1415 2019 1490 2042 vero,
1507 2010 1626 2045 nequitia
1643 2015 1698 2038 sat-

922 2063 978 2098 agit
995 2062 1090 2089 faciem
1106 2065 1224 2088 nostram
1249 2059 1361 2094 implere
1376 2057 1533 2093 ignominia,
1549 2056 1658 2089 institis,
1675 2061 1702 2083 et

922 2108 1015 2141 cubili.
1036 2112 1063 2135 et
1084 2106 1228 2141 tapetibus.
1246 2109 1273 2132 et
1291 2111 1372 2132 croco
1386 2111 1418 2131 ac
1433 2105 1624 2131 cinnamomo:
1643 2110 1702 2137 qua:

922 2154 1007 2182 malas
1025 2153 1166 2187 variasque
1180 2151 1343 2186 voluptatum
1356 2149 1497 2185 passiones
1512 2148 1674 2183 significant,
1688 2155 1702 2173 ι

923 2201 1047 2228 vitiorum
1061 2198 1246 2226 inventoribus
1259 2197 1422 2230 excogitata.

956 2247 980 2269 "".
998 2245 1083 2272 Verba
1111 2245 1167 2271 haec
1183 2251 1191 2268 :
1208 2246 1265 2276 post
1289 2241 1343 2268 dies
1365 2241 1462 2267 mullos
1493 2244 1637 2267 revertetur
1668 2240 1702 2265 ad

922 2292 1030 2319 domum
1041 2298 1127 2321 suam,
1142 2288 1299 2323 spiritaliter
1314 2287 1424 2314 omnino
1439 2292 1465 2313 et
1478 2287 1509 2313 ad
1523 2285 1702 2313 oeconomiam

923 2337 1008 2365 relata
1024 2340 1149 2371 spectans
1167 2334 1278 2366 Paulus,
1294 2338 1459 2368 postremum
1472 2332 1577 2359 hostem
1592 2332 1629 2358 ait
1641 2338 1704 2358 eva»

924 2388 1043 2414 cuatum,
1060 2381 1085 2409 id
1103 2386 1145 2408 est
1159 2382 1284 2412 montem,
1296 2386 1376 2413 quam
1390 2386 1437 2405 ceu
1454 2378 1591 2404 hominem
1606 2377 1706 2411 iniqui-

925 2428 990 2455 tatis
1007 2426 1134 2454 Salomon
1152 2424 1279 2452 describit
1302 2431 1311 2450 :
1331 2424 1376 2458 qui
1401 2430 1557 2450 crumenam
1573 2422 1647 2449 velut
1662 2429 1706 2448 ar-

923 2478 1003 2509 gento
1018 2473 1123 2508 plenam
1148 2472 1174 2498 in
1189 2470 1313 2498 manibus
1333 2474 1419 2501 tenet,
1446 2469 1471 2495 id
1497 2473 1538 2496 est
1552 2467 1707 2495 lmmanita.

924 2525 994 2552 tem;
1010 2520 1033 2547 si
1049 2519 1117 2546 forte
1131 2518 1217 2545 denuo
1233 2517 1295 2544 dum
1317 2520 1421 2551 peccat,
1436 2514 1558 2542 divinum
1581 2514 1704 2540 timorem

923 2566 1048 2594 omittere
1067 2568 1160 2600 queat.
1186 2563 1330 2597 Propterea
1347 2561 1454 2596 angitur
1475 2561 1537 2587 dum
1552 2567 1638 2595 genus
1653 2560 1704 2585 hu-

926 2619 1035 2639 manum
1061 2611 1176 2638 tolerare
1199 2609 1315 2644 cogitur.
1337 2607 1403 2635 Nam
1428 2607 1478 2634 nisi
1506 2605 1627 2633 diabolus
1657 2604 1705 2631 Det

928 2658 1050 2684 timorem
1066 2663 1120 2691 pra:
1135 2655 1221 2682 oculis
1250 2654 1370 2684 haberet,
1394 2656 1506 2680 cunctOS
1529 2657 1626 2685 magno
1654 2651 1705 2676 im.

928 2707 990 2736 petu
1006 2701 1202 2736 pessumdarct.

963 2748 985 2762 7"
1006 2747 1181 2775 Ilerodiorum
1207 2746 1256 2775 tria
1276 2753 1375 2781 genera
1397 2749 1469 2780 sunt,
1496 2743 1540 2771 illc
1562 2743 1607 2778 qui
1632 2749 1706 2771 cem--

917 2840 938 2856 π
953 2848 976 2867 v.
998 2839 1042 2866 2'2.
