  <div class='ocr_page' id='page_1' title='image "/cluster/home/n/w/nwhite01/storage/ocr_20150623/17/njp.32101010944583/121.png"; bbox 0 0 1919 3074; ppageno 0'>
   <div class='ocr_carea' id='block_1_1' title="bbox 231 107 278 137">
    <p class='ocr_par' dir='ltr' id='par_1_1' title="bbox 231 107 278 137">
     <span class='ocr_line' id='line_1_1' title="bbox 231 107 278 137; baseline 0.021 -2"><span class='ocrx_word' id='word_1_1' title='bbox 231 107 278 137; x_wconf 78' lang='grc'><strong>185</strong></span> 
     </span>
    </p>
   </div>
   <div class='ocr_carea' id='block_1_2' title="bbox 644 109 1383 140">
    <p class='ocr_par' dir='ltr' id='par_1_2' title="bbox 644 109 1383 140">
     <span class='ocr_line' id='line_1_2' title="bbox 644 109 1383 140; baseline 0.003 -3"><span class='ocrx_word' id='word_1_2' title='bbox 644 109 925 139; x_wconf 79' lang='lat' dir='ltr'><strong>SUPPLEMENTUM</strong></span> <span class='ocrx_word' id='word_1_3' title='bbox 940 111 986 138; x_wconf 83' lang='lat' dir='ltr'><strong>AD</strong></span> <span class='ocrx_word' id='word_1_4' title='bbox 1004 110 1163 139; x_wconf 72' lang='lat' dir='ltr'><strong>ORIGENIS</strong></span> <span class='ocrx_word' id='word_1_5' title='bbox 1178 111 1383 140; x_wconf 72' lang='lat' dir='ltr'><strong>EXEGETICA.</strong></span> 
     </span>
    </p>
   </div>
   <div class='ocr_carea' id='block_1_3' title="bbox 1787 112 1840 140">
    <p class='ocr_par' dir='ltr' id='par_1_3' title="bbox 1787 112 1840 140">
     <span class='ocr_line' id='line_1_3' title="bbox 1787 112 1840 140; baseline 0.019 -1"><span class='ocrx_word' id='word_1_6' title='bbox 1787 112 1840 140; x_wconf 68' lang='grc' dir='ltr'><strong>«δι</strong></span> 
     </span>
    </p>
   </div>
   <div class='ocr_carea' id='block_1_4' title="bbox 227 168 1005 210">
    <p class='ocr_par' dir='ltr' id='par_1_4' title="bbox 227 168 1004 206">
     <span class='ocr_line' id='line_1_4' title="bbox 227 168 1004 206; baseline 0.006 -12"><span class='ocrx_word' id='word_1_7' title='bbox 227 168 304 200; x_wconf 79' lang='lat' dir='ltr'><strong>phus,</strong></span> <span class='ocrx_word' id='word_1_8' title='bbox 321 172 349 195; x_wconf 88' lang='lat' dir='ltr'><strong>et</strong></span> <span class='ocrx_word' id='word_1_9' title='bbox 363 168 407 202; x_wconf 81' lang='lat' dir='ltr'><strong>qui</strong></span> <span class='ocrx_word' id='word_1_10' title='bbox 425 168 512 201; x_wconf 82' lang='lat' dir='ltr'><strong>albus,</strong></span> <span class='ocrx_word' id='word_1_11' title='bbox 526 173 553 197; x_wconf 88' lang='lat' dir='ltr'><strong>et</strong></span> <span class='ocrx_word' id='word_1_12' title='bbox 566 170 612 204; x_wconf 89' lang='lat' dir='ltr'><strong>qui</strong></span> <span class='ocrx_word' id='word_1_13' title='bbox 627 171 772 199; x_wconf 80' lang='lat' dir='ltr'><strong>asteriscus</strong></span> <span class='ocrx_word' id='word_1_14' title='bbox 786 171 1004 206; x_wconf 82' lang='lat' dir='ltr'><strong>appellatnr.Ilos</strong></span> 
     </span>
    </p>
   </div>
   <div class='ocr_carea' id='block_1_5' title="bbox 1054 168 1845 210">
    <p class='ocr_par' dir='ltr' id='par_1_5' title="bbox 1055 173 1845 210">
     <span class='ocr_line' id='line_1_5' title="bbox 1055 173 1845 210; baseline 0.001 -10"><span class='ocrx_word' id='word_1_15' title='bbox 1055 174 1149 206; x_wconf 73' lang='grc' dir='ltr'>λευκὸς</span> <span class='ocrx_word' id='word_1_16' title='bbox 1160 193 1167 205; x_wconf 90' lang='grc'><em>,</em></span> <span class='ocrx_word' id='word_1_17' title='bbox 1179 175 1226 201; x_wconf 79' lang='grc' dir='ltr'>καὶ</span> <span class='ocrx_word' id='word_1_18' title='bbox 1237 175 1252 201; x_wconf 80' lang='grc' dir='ltr'><strong>ο</strong></span> <span class='ocrx_word' id='word_1_19' title='bbox 1263 174 1426 210; x_wconf 75' lang='grc' dir='ltr'><strong>ἀστερίσκος</strong></span> <span class='ocrx_word' id='word_1_20' title='bbox 1436 173 1601 209; x_wconf 76' lang='grc' dir='ltr'>καλούμενος</span> <span class='ocrx_word' id='word_1_21' title='bbox 1611 182 1618 189; x_wconf 91' lang='grc'>·</span> <span class='ocrx_word' id='word_1_22' title='bbox 1632 173 1735 201; x_wconf 70' lang='grc' dir='ltr'>τούτων</span> <span class='ocrx_word' id='word_1_23' title='bbox 1747 174 1762 201; x_wconf 73' lang='grc' dir='ltr'><strong>ὁ</strong></span> <span class='ocrx_word' id='word_1_24' title='bbox 1777 174 1845 209; x_wconf 63' lang='lat' dir='ltr'><strong>nip.-</strong></span> 
     </span>
    </p>
   </div>
   <div class='ocr_carea' id='block_1_6' title="bbox 227 214 1004 250">
    <p class='ocr_par' dir='ltr' id='par_1_6' title="bbox 227 214 1004 250">
     <span class='ocr_line' id='line_1_6' title="bbox 227 214 1004 250; baseline 0.006 -10"><span class='ocrx_word' id='word_1_25' title='bbox 227 214 297 241; x_wconf 81' lang='lat' dir='ltr'><strong>inter</strong></span> <span class='ocrx_word' id='word_1_26' title='bbox 327 214 456 248; x_wconf 83' lang='lat' dir='ltr'><strong>cetnpbus</strong></span> <span class='ocrx_word' id='word_1_27' title='bbox 480 215 676 250; x_wconf 80' lang='lat' dir='ltr'><strong>intemperante</strong></span> <span class='ocrx_word' id='word_1_28' title='bbox 697 217 731 244; x_wconf 86' lang='lat' dir='ltr'><strong>ad</strong></span> <span class='ocrx_word' id='word_1_29' title='bbox 753 218 854 244; x_wconf 78' lang='lat' dir='ltr'><strong>coitum</strong></span> <span class='ocrx_word' id='word_1_30' title='bbox 884 217 1004 250; x_wconf 71' lang='lat' dir='ltr'><strong>libidine,</strong></span> 
     </span>
    </p>
   </div>
   <div class='ocr_carea' id='block_1_7' title="bbox 226 258 1004 297">
    <p class='ocr_par' dir='ltr' id='par_1_7' title="bbox 226 258 1004 297">
     <span class='ocr_line' id='line_1_7' title="bbox 226 258 1004 297; baseline 0.008 -12"><span class='ocrx_word' id='word_1_31' title='bbox 226 258 285 285; x_wconf 84' lang='lat' dir='ltr'><strong>dire</strong></span> <span class='ocrx_word' id='word_1_32' title='bbox 298 259 454 287; x_wconf 87' lang='lat' dir='ltr'><strong>concumbit</strong></span> <span class='ocrx_word' id='word_1_33' title='bbox 475 265 503 287; x_wconf 92' lang='lat' dir='ltr'><strong>et</strong></span> <span class='ocrx_word' id='word_1_34' title='bbox 521 261 614 288; x_wconf 81' lang='lat' dir='ltr'><strong>veneri</strong></span> <span class='ocrx_word' id='word_1_35' title='bbox 629 261 758 296; x_wconf 82' lang='lat' dir='ltr'><strong>indulget,</strong></span> <span class='ocrx_word' id='word_1_36' title='bbox 773 263 927 297; x_wconf 85' lang='lat' dir='ltr'><strong>clamatque</strong></span> <span class='ocrx_word' id='word_1_37' title='bbox 941 264 1004 291; x_wconf 89' lang='lat' dir='ltr'><strong>dum</strong></span> 
     </span>
    </p>
   </div>
   <div class='ocr_carea' id='block_1_8' title="bbox 225 304 1004 344">
    <p class='ocr_par' dir='ltr' id='par_1_8' title="bbox 225 304 1004 344">
     <span class='ocr_line' id='line_1_8' title="bbox 225 304 1004 344; baseline 0.006 -13"><span class='ocrx_word' id='word_1_38' title='bbox 225 304 390 339; x_wconf 75' lang='lat' dir='ltr'><strong>libidinatur,</strong></span> <span class='ocrx_word' id='word_1_39' title='bbox 411 306 569 339; x_wconf 64' lang='lat' dir='ltr'><strong>sanguinem</strong></span> <span class='ocrx_word' id='word_1_40' title='bbox 586 307 673 334; x_wconf 84' lang='lat' dir='ltr'><strong>oculis</strong></span> <span class='ocrx_word' id='word_1_41' title='bbox 687 309 824 340; x_wconf 75' lang='lat' dir='ltr'><strong>eminens,</strong></span> <span class='ocrx_word' id='word_1_42' title='bbox 839 314 1004 344; x_wconf 75' lang='lat' dir='ltr'><strong>generatque</strong></span> 
     </span>
    </p>
   </div>
   <div class='ocr_carea' id='block_1_9' title="bbox 223 354 1003 385">
    <p class='ocr_par' dir='ltr' id='par_1_9' title="bbox 223 354 1003 385">
     <span class='ocr_line' id='line_1_9' title="bbox 223 354 1003 385; baseline 0.005 -5"><span class='ocrx_word' id='word_1_43' title='bbox 223 360 374 380; x_wconf 75' lang='lat' dir='ltr'><strong>terumnose</strong></span> <span class='ocrx_word' id='word_1_44' title='bbox 385 357 475 381; x_wconf 84' lang='lat' dir='ltr'><strong>etnon</strong></span> <span class='ocrx_word' id='word_1_45' title='bbox 490 355 548 382; x_wconf 82' lang='lat' dir='ltr'><strong>sine</strong></span> <span class='ocrx_word' id='word_1_46' title='bbox 559 355 690 382; x_wconf 85' lang='lat' dir='ltr'><strong>cruciatu.</strong></span> <span class='ocrx_word' id='word_1_47' title='bbox 703 354 764 383; x_wconf 83' lang='lat' dir='ltr'><strong>Jam</strong></span> <span class='ocrx_word' id='word_1_48' title='bbox 776 363 841 384; x_wconf 83' lang='lat' dir='ltr'><strong>vero</strong></span> <span class='ocrx_word' id='word_1_49' title='bbox 850 356 958 384; x_wconf 78' lang='lat' dir='ltr'><strong>videtur</strong></span> <span class='ocrx_word' id='word_1_50' title='bbox 970 365 1003 385; x_wconf 84' lang='lat' dir='ltr'><strong>ex</strong></span> 
     </span>
    </p>
   </div>
   <div class='ocr_carea' id='block_1_10' title="bbox 225 399 1004 438">
    <p class='ocr_par' dir='ltr' id='par_1_10' title="bbox 225 399 1004 438">
     <span class='ocr_line' id='line_1_10' title="bbox 225 399 1004 438; baseline 0.006 -12"><span class='ocrx_word' id='word_1_51' title='bbox 225 399 303 432; x_wconf 82' lang='lat' dir='ltr'><strong>hujus</strong></span> <span class='ocrx_word' id='word_1_52' title='bbox 316 399 441 427; x_wconf 83' lang='lat' dir='ltr'><strong>animalis</strong></span> <span class='ocrx_word' id='word_1_53' title='bbox 457 401 570 428; x_wconf 73' lang='lat' dir='ltr'><strong>historia</strong></span> <span class='ocrx_word' id='word_1_54' title='bbox 587 401 723 430; x_wconf 86' lang='lat' dir='ltr'><strong>delineare</strong></span> <span class='ocrx_word' id='word_1_55' title='bbox 737 403 804 430; x_wconf 87' lang='lat' dir='ltr'><strong>istos</strong></span> <span class='ocrx_word' id='word_1_56' title='bbox 819 403 924 438; x_wconf 81' lang='lat' dir='ltr'><strong>coinphi</strong></span> <span class='ocrx_word' id='word_1_57' title='bbox 943 404 1004 431; x_wconf 91' lang='lat' dir='ltr'><strong>iml-</strong></span> 
     </span>
    </p>
   </div>
   <div class='ocr_carea' id='block_1_11' title="bbox 225 445 1004 481">
    <p class='ocr_par' dir='ltr' id='par_1_11' title="bbox 225 445 1004 481">
     <span class='ocr_line' id='line_1_11' title="bbox 225 445 1004 481; baseline 0.008 -11"><span class='ocrx_word' id='word_1_58' title='bbox 225 448 326 471; x_wconf 83' lang='lat' dir='ltr'><strong>tatores</strong></span> <span class='ocrx_word' id='word_1_59' title='bbox 339 451 372 471; x_wconf 88' lang='lat' dir='ltr'><strong>ac</strong></span> <span class='ocrx_word' id='word_1_60' title='bbox 395 445 498 473; x_wconf 78' lang='lat' dir='ltr'><strong>similes</strong></span> <span class='ocrx_word' id='word_1_61' title='bbox 519 451 630 481; x_wconf 90' lang='lat' dir='ltr'><strong>propter</strong></span> <span class='ocrx_word' id='word_1_62' title='bbox 647 447 893 481; x_wconf 81' lang='lat' dir='ltr'><strong>intemperantiam.</strong></span> <span class='ocrx_word' id='word_1_63' title='bbox 919 449 965 475; x_wconf 80' lang='lat' dir='ltr'><strong>Est</strong></span> <span class='ocrx_word' id='word_1_64' title='bbox 977 454 1004 476; x_wconf 87' lang='lat' dir='ltr'><strong>et</strong></span> 
     </span>
    </p>
   </div>
   <div class='ocr_carea' id='block_1_12' title="bbox 222 489 1004 528">
    <p class='ocr_par' dir='ltr' id='par_1_12' title="bbox 222 489 1004 528">
     <span class='ocr_line' id='line_1_12' title="bbox 222 489 1004 528; baseline 0.009 -13"><span class='ocrx_word' id='word_1_65' title='bbox 222 489 294 516; x_wconf 77' lang='lat' dir='ltr'><strong>aliud</strong></span> <span class='ocrx_word' id='word_1_66' title='bbox 311 490 337 516; x_wconf 91' lang='lat' dir='ltr'><strong>in</strong></span> <span class='ocrx_word' id='word_1_67' title='bbox 349 490 415 517; x_wconf 79' lang='lat' dir='ltr'><strong>mari</strong></span> <span class='ocrx_word' id='word_1_68' title='bbox 434 491 609 525; x_wconf 88' lang='lat' dir='ltr'><strong>cempliorum</strong></span> <span class='ocrx_word' id='word_1_69' title='bbox 623 499 717 526; x_wconf 79' lang='lat' dir='ltr'><strong>genus,</strong></span> <span class='ocrx_word' id='word_1_70' title='bbox 733 494 864 528; x_wconf 74' lang='lat' dir='ltr'><strong>gregatim</strong></span> <span class='ocrx_word' id='word_1_71' title='bbox 880 494 930 522; x_wconf 80' lang='lat' dir='ltr'><strong>hac</strong></span> <span class='ocrx_word' id='word_1_72' title='bbox 944 494 1004 522; x_wconf 79' lang='lat' dir='ltr'><strong>illac</strong></span> 
     </span>
    </p>
   </div>
   <div class='ocr_carea' id='block_1_13' title="bbox 223 535 1005 574">
    <p class='ocr_par' dir='ltr' id='par_1_13' title="bbox 223 535 1005 574">
     <span class='ocr_line' id='line_1_13' title="bbox 223 535 1005 574; baseline 0.009 -13"><span class='ocrx_word' id='word_1_73' title='bbox 223 535 354 568; x_wconf 82' lang='lat' dir='ltr'><strong>volitans;</strong></span> <span class='ocrx_word' id='word_1_74' title='bbox 372 544 442 570; x_wconf 85' lang='lat' dir='ltr'><strong>quos</strong></span> <span class='ocrx_word' id='word_1_75' title='bbox 455 541 542 565; x_wconf 67' lang='lat' dir='ltr'><strong>nauta:</strong></span> <span class='ocrx_word' id='word_1_76' title='bbox 564 538 647 566; x_wconf 87' lang='lat' dir='ltr'><strong>multa</strong></span> <span class='ocrx_word' id='word_1_77' title='bbox 668 546 729 566; x_wconf 82' lang='lat' dir='ltr'><strong>esca</strong></span> <span class='ocrx_word' id='word_1_78' title='bbox 746 539 802 566; x_wconf 77' lang='lat' dir='ltr'><strong>Iuni</strong></span> <span class='ocrx_word' id='word_1_79' title='bbox 820 540 943 574; x_wconf 86' lang='lat' dir='ltr'><strong>imposita</strong></span> <span class='ocrx_word' id='word_1_80' title='bbox 958 547 1005 567; x_wconf 70' lang='lat' dir='ltr'><strong>ve-</strong></span> 
     </span>
    </p>
   </div>
   <div class='ocr_carea' id='block_1_14' title="bbox 223 581 1003 621">
    <p class='ocr_par' dir='ltr' id='par_1_14' title="bbox 223 581 1003 621">
     <span class='ocr_line' id='line_1_14' title="bbox 223 581 1003 621; baseline 0.008 -14"><span class='ocrx_word' id='word_1_81' title='bbox 223 585 331 608; x_wconf 81' lang='lat' dir='ltr'><strong>nantur.</strong></span> <span class='ocrx_word' id='word_1_82' title='bbox 350 581 381 609; x_wconf 82' lang='lat' dir='ltr'><strong>Iii</strong></span> <span class='ocrx_word' id='word_1_83' title='bbox 399 583 471 610; x_wconf 87' lang='lat' dir='ltr'><strong>enini</strong></span> <span class='ocrx_word' id='word_1_84' title='bbox 486 591 538 610; x_wconf 92' lang='lat' dir='ltr'><strong>non</strong></span> <span class='ocrx_word' id='word_1_85' title='bbox 557 584 637 611; x_wconf 88' lang='lat' dir='ltr'><strong>modo</strong></span> <span class='ocrx_word' id='word_1_86' title='bbox 649 593 701 612; x_wconf 92' lang='lat' dir='ltr'><strong>non</strong></span> <span class='ocrx_word' id='word_1_87' title='bbox 719 585 825 621; x_wconf 72' lang='lat' dir='ltr'><strong>fugiunt</strong></span> <span class='ocrx_word' id='word_1_88' title='bbox 838 586 860 613; x_wconf 91' lang='lat' dir='ltr'><strong>si</strong></span> <span class='ocrx_word' id='word_1_89' title='bbox 876 594 945 620; x_wconf 81' lang='lat' dir='ltr'><strong>quos</strong></span> <span class='ocrx_word' id='word_1_90' title='bbox 959 594 1003 613; x_wconf 86' lang='lat' dir='ltr'><strong>cu-</strong></span> 
     </span>
    </p>
   </div>
   <div class='ocr_carea' id='block_1_15' title="bbox 222 627 1003 665">
    <p class='ocr_par' dir='ltr' id='par_1_15' title="bbox 222 627 1003 665">
     <span class='ocr_line' id='line_1_15' title="bbox 222 627 1003 665; baseline 0.009 -13"><span class='ocrx_word' id='word_1_91' title='bbox 222 631 282 657; x_wconf 85' lang='lat' dir='ltr'><strong>ptos</strong></span> <span class='ocrx_word' id='word_1_92' title='bbox 295 627 396 661; x_wconf 81' lang='lat' dir='ltr'><strong>vident,</strong></span> <span class='ocrx_word' id='word_1_93' title='bbox 420 630 467 656; x_wconf 86' lang='lat' dir='ltr'><strong>sed</strong></span> <span class='ocrx_word' id='word_1_94' title='bbox 484 629 554 656; x_wconf 86' lang='lat' dir='ltr'><strong>alius</strong></span> <span class='ocrx_word' id='word_1_95' title='bbox 569 630 650 657; x_wconf 86' lang='lat' dir='ltr'><strong>alium</strong></span> <span class='ocrx_word' id='word_1_96' title='bbox 667 633 820 665; x_wconf 71' lang='lat' dir='ltr'><strong>praecedere</strong></span> <span class='ocrx_word' id='word_1_97' title='bbox 845 632 957 659; x_wconf 79' lang='lat' dir='ltr'><strong>festinat</strong></span> <span class='ocrx_word' id='word_1_98' title='bbox 968 631 1003 659; x_wconf 86' lang='lat' dir='ltr'><strong>ad</strong></span> 
     </span>
    </p>
   </div>
   <div class='ocr_carea' id='block_1_16' title="bbox 222 674 1003 711">
    <p class='ocr_par' dir='ltr' id='par_1_16' title="bbox 222 674 1003 711">
     <span class='ocr_line' id='line_1_16' title="bbox 222 674 1003 711; baseline 0.008 -12"><span class='ocrx_word' id='word_1_99' title='bbox 222 678 371 708; x_wconf 68' lang='lat' dir='ltr'><strong>capturum.</strong></span> <span class='ocrx_word' id='word_1_100' title='bbox 383 674 429 702; x_wconf 84' lang='lat' dir='ltr'><strong>Sic</strong></span> <span class='ocrx_word' id='word_1_101' title='bbox 446 675 569 703; x_wconf 86' lang='lat' dir='ltr'><strong>videntur</strong></span> <span class='ocrx_word' id='word_1_102' title='bbox 582 678 626 711; x_wconf 90' lang='lat' dir='ltr'><strong>qni</strong></span> <span class='ocrx_word' id='word_1_103' title='bbox 641 678 667 704; x_wconf 92' lang='lat' dir='ltr'><strong>in</strong></span> <span class='ocrx_word' id='word_1_104' title='bbox 682 678 747 705; x_wconf 82' lang='lat' dir='ltr'><strong>vitio</strong></span> <span class='ocrx_word' id='word_1_105' title='bbox 759 678 922 711; x_wconf 83' lang='lat' dir='ltr'><strong>volutantur,</strong></span> <span class='ocrx_word' id='word_1_106' title='bbox 933 679 1003 706; x_wconf 84' lang='lat' dir='ltr'><strong>alius</strong></span> 
     </span>
    </p>
   </div>
   <div class='ocr_carea' id='block_1_17' title="bbox 222 719 1002 758">
    <p class='ocr_par' dir='ltr' id='par_1_17' title="bbox 222 719 1002 758">
     <span class='ocr_line' id='line_1_17' title="bbox 222 719 1002 758; baseline 0.009 -14"><span class='ocrx_word' id='word_1_107' title='bbox 222 719 303 745; x_wconf 89' lang='lat' dir='ltr'><strong>alium</strong></span> <span class='ocrx_word' id='word_1_108' title='bbox 335 726 462 754; x_wconf 76' lang='lat' dir='ltr'><strong>superare</strong></span> <span class='ocrx_word' id='word_1_109' title='bbox 488 721 671 755; x_wconf 85' lang='lat' dir='ltr'><strong>voluptatibus</strong></span> <span class='ocrx_word' id='word_1_110' title='bbox 705 723 866 758; x_wconf 74' lang='lat' dir='ltr'><strong>gestientes,</strong></span> <span class='ocrx_word' id='word_1_111' title='bbox 898 723 1002 751; x_wconf 63' lang='lat' dir='ltr'><strong>exitiali</strong></span> 
     </span>
    </p>
   </div>
   <div class='ocr_carea' id='block_1_18' title="bbox 222 766 570 801">
    <p class='ocr_par' dir='ltr' id='par_1_18' title="bbox 222 766 570 801">
     <span class='ocr_line' id='line_1_18' title="bbox 222 766 570 801; baseline 0.009 -10"><span class='ocrx_word' id='word_1_112' title='bbox 222 769 309 792; x_wconf 88' lang='lat' dir='ltr'><strong>morte</strong></span> <span class='ocrx_word' id='word_1_113' title='bbox 323 769 408 793; x_wconf 84' lang='lat' dir='ltr'><strong>semet</strong></span> <span class='ocrx_word' id='word_1_114' title='bbox 423 766 570 801; x_wconf 82' lang='lat' dir='ltr'><strong>implicare.</strong></span> 
     </span>
    </p>
   </div>
   <div class='ocr_carea' id='block_1_19' title="bbox 1058 219 1844 255">
    <p class='ocr_par' dir='ltr' id='par_1_19' title="bbox 1058 219 1844 255">
     <span class='ocr_line' id='line_1_19' title="bbox 1058 219 1844 255; baseline 0.001 -9"><span class='ocrx_word' id='word_1_115' title='bbox 1058 227 1106 253; x_wconf 87' lang='grc' dir='ltr'><strong>φος</strong></span> <span class='ocrx_word' id='word_1_116' title='bbox 1122 219 1248 255; x_wconf 78' lang='grc' dir='ltr'>ἀκρατῶς</span> <span class='ocrx_word' id='word_1_117' title='bbox 1264 219 1332 254; x_wconf 73' lang='grc' dir='ltr'>ἔχων</span> <span class='ocrx_word' id='word_1_118' title='bbox 1347 219 1410 254; x_wconf 81' lang='grc' dir='ltr'>περὶ</span> <span class='ocrx_word' id='word_1_119' title='bbox 1424 219 1473 251; x_wconf 83' lang='grc' dir='ltr'><strong>τὰς</strong></span> <span class='ocrx_word' id='word_1_120' title='bbox 1486 219 1582 254; x_wconf 78' lang='grc' dir='ltr'><strong>μίξεις,</strong></span> <span class='ocrx_word' id='word_1_121' title='bbox 1596 220 1722 255; x_wconf 76' lang='grc' dir='ltr'>χαλεπῶς</span> <span class='ocrx_word' id='word_1_122' title='bbox 1734 221 1844 252; x_wconf 71' lang='grc' dir='ltr'>εὐνάζε-</span> 
     </span>
    </p>
   </div>
   <div class='ocr_carea' id='block_1_20' title="bbox 1057 263 1843 302">
    <p class='ocr_par' dir='ltr' id='par_1_20' title="bbox 1057 263 1843 302">
     <span class='ocr_line' id='line_1_20' title="bbox 1057 263 1843 302; baseline 0.004 -11"><span class='ocrx_word' id='word_1_123' title='bbox 1057 273 1100 291; x_wconf 85' lang='grc' dir='ltr'><strong>ται</strong></span> <span class='ocrx_word' id='word_1_124' title='bbox 1116 265 1162 292; x_wconf 79' lang='grc' dir='ltr'>καὶ</span> <span class='ocrx_word' id='word_1_125' title='bbox 1176 264 1276 299; x_wconf 81' lang='grc' dir='ltr'><strong>ὀχεύει,</strong></span> <span class='ocrx_word' id='word_1_126' title='bbox 1292 265 1386 301; x_wconf 79' lang='grc' dir='ltr'><strong>κράζει</strong></span> <span class='ocrx_word' id='word_1_127' title='bbox 1398 273 1440 296; x_wconf 85' lang='grc' dir='ltr'><strong>τε,</strong></span> <span class='ocrx_word' id='word_1_128' title='bbox 1455 265 1502 292; x_wconf 74' lang='grc' dir='ltr'>καὶ</span> <span class='ocrx_word' id='word_1_129' title='bbox 1519 265 1620 300; x_wconf 82' lang='grc' dir='ltr'>ὀχεύων</span> <span class='ocrx_word' id='word_1_130' title='bbox 1634 263 1703 302; x_wconf 80' lang='grc' dir='ltr'>αἷμα</span> <span class='ocrx_word' id='word_1_131' title='bbox 1728 267 1843 302; x_wconf 76' lang='grc' dir='ltr'><strong>ἀφίησιν</strong></span> 
     </span>
    </p>
   </div>
   <div class='ocr_carea' id='block_1_21' title="bbox 1056 310 1841 349">
    <p class='ocr_par' dir='ltr' id='par_1_21' title="bbox 1056 310 1841 349">
     <span class='ocr_line' id='line_1_21' title="bbox 1056 310 1841 349; baseline 0.005 -13"><span class='ocrx_word' id='word_1_132' title='bbox 1056 311 1088 336; x_wconf 82' lang='grc' dir='ltr'>ὲκ</span> <span class='ocrx_word' id='word_1_133' title='bbox 1102 310 1156 337; x_wconf 86' lang='grc' dir='ltr'>τῶν</span> <span class='ocrx_word' id='word_1_134' title='bbox 1171 310 1326 346; x_wconf 79' lang='grc' dir='ltr'><strong>ὀφθαλμῶν,</strong></span> <span class='ocrx_word' id='word_1_135' title='bbox 1343 311 1390 338; x_wconf 76' lang='grc' dir='ltr'>καὶ</span> <span class='ocrx_word' id='word_1_136' title='bbox 1405 311 1490 337; x_wconf 81' lang='grc' dir='ltr'>τίκτει</span> <span class='ocrx_word' id='word_1_137' title='bbox 1502 311 1610 346; x_wconf 73' lang='grc' dir='ltr'>φαύλως</span> <span class='ocrx_word' id='word_1_138' title='bbox 1621 314 1669 339; x_wconf 77' lang='grc' dir='ltr'>καὶ</span> <span class='ocrx_word' id='word_1_139' title='bbox 1684 313 1824 349; x_wconf 81' lang='grc' dir='ltr'><strong>ὀδυνηρῶς</strong></span> <span class='ocrx_word' id='word_1_140' title='bbox 1833 322 1841 330; x_wconf 64' lang='grc' dir='ltr'>ι</span> 
     </span>
    </p>
   </div>
   <div class='ocr_carea' id='block_1_22' title="bbox 1056 351 1842 392">
    <p class='ocr_par' dir='ltr' id='par_1_22' title="bbox 1056 351 1842 392">
     <span class='ocr_line' id='line_1_22' title="bbox 1056 351 1842 392; baseline 0.006 -11"><span class='ocrx_word' id='word_1_141' title='bbox 1056 351 1127 382; x_wconf 73' lang='grc' dir='ltr'>ἔδικε</span> <span class='ocrx_word' id='word_1_142' title='bbox 1140 355 1169 382; x_wconf 81' lang='grc' dir='ltr'>δὲ</span> <span class='ocrx_word' id='word_1_143' title='bbox 1182 356 1199 391; x_wconf 87' lang='grc' dir='ltr'><strong>ἡ</strong></span> <span class='ocrx_word' id='word_1_144' title='bbox 1215 355 1307 392; x_wconf 81' lang='grc' dir='ltr'>γραφὴ</span> <span class='ocrx_word' id='word_1_145' title='bbox 1320 356 1374 382; x_wconf 76' lang='grc' dir='ltr'><strong>ἀπὸ</strong></span> <span class='ocrx_word' id='word_1_146' title='bbox 1390 356 1440 391; x_wconf 74' lang='grc' dir='ltr'>τῆς</span> <span class='ocrx_word' id='word_1_147' title='bbox 1455 356 1573 392; x_wconf 75' lang='grc' dir='ltr'><strong>ἱστορίας</strong></span> <span class='ocrx_word' id='word_1_148' title='bbox 1585 357 1633 384; x_wconf 88' lang='grc' dir='ltr'>τοῦ</span> <span class='ocrx_word' id='word_1_149' title='bbox 1646 357 1716 389; x_wconf 65' lang='lat' dir='ltr'><strong>{dion</strong></span> <span class='ocrx_word' id='word_1_150' title='bbox 1732 359 1842 391; x_wconf 79' lang='grc' dir='ltr'>τούτου,</span> 
     </span>
    </p>
   </div>
   <div class='ocr_carea' id='block_1_23' title="bbox 1056 399 1843 437">
    <p class='ocr_par' dir='ltr' id='par_1_23' title="bbox 1056 399 1843 437">
     <span class='ocr_line' id='line_1_23' title="bbox 1056 399 1843 437; baseline 0.006 -11"><span class='ocrx_word' id='word_1_151' title='bbox 1056 400 1118 431; x_wconf 85' lang='grc' dir='ltr'>τοὺς</span> <span class='ocrx_word' id='word_1_152' title='bbox 1134 399 1307 435; x_wconf 79' lang='grc' dir='ltr'><strong>πειθομένους</strong></span> <span class='ocrx_word' id='word_1_153' title='bbox 1320 401 1352 436; x_wconf 87' lang='grc' dir='ltr'>τῇ</span> <span class='ocrx_word' id='word_1_154' title='bbox 1366 400 1482 436; x_wconf 78' lang='grc' dir='ltr'>πονηρίᾳ</span> <span class='ocrx_word' id='word_1_155' title='bbox 1499 402 1695 437; x_wconf 79' lang='grc' dir='ltr'>κεμφωμένους</span> <span class='ocrx_word' id='word_1_156' title='bbox 1725 404 1774 430; x_wconf 71' lang='grc' dir='ltr'>καὶ</span> <span class='ocrx_word' id='word_1_157' title='bbox 1800 404 1843 437; x_wconf 77' lang='grc' dir='ltr'><strong>ἔξ-</strong></span> 
     </span>
    </p>
   </div>
   <div class='ocr_carea' id='block_1_24' title="bbox 1056 445 1844 482">
    <p class='ocr_par' dir='ltr' id='par_1_24' title="bbox 1056 445 1844 482">
     <span class='ocr_line' id='line_1_24' title="bbox 1056 445 1844 482; baseline 0.005 -10"><span class='ocrx_word' id='word_1_158' title='bbox 1056 445 1248 482; x_wconf 72' lang='grc' dir='ltr'>ωμοιωμένους</span> <span class='ocrx_word' id='word_1_159' title='bbox 1258 445 1310 472; x_wconf 84' lang='grc' dir='ltr'><strong>τῶν</strong></span> <span class='ocrx_word' id='word_1_160' title='bbox 1331 445 1433 482; x_wconf 76' lang='grc' dir='ltr'>ὀρνέων</span> <span class='ocrx_word' id='word_1_161' title='bbox 1449 446 1483 473; x_wconf 85' lang='grc' dir='ltr'>δι’</span> <span class='ocrx_word' id='word_1_162' title='bbox 1496 446 1643 474; x_wconf 71' lang='grc' dir='ltr'><strong>ἀκολασίαν</strong></span> <span class='ocrx_word' id='word_1_163' title='bbox 1654 455 1663 465; x_wconf 74' lang='lat'>&#39;</span> <span class='ocrx_word' id='word_1_164' title='bbox 1678 448 1778 476; x_wconf 77' lang='grc' dir='ltr'>ἔστιδὲ</span> <span class='ocrx_word' id='word_1_165' title='bbox 1795 449 1844 476; x_wconf 73' lang='grc' dir='ltr'>καὶ</span> 
     </span>
    </p>
   </div>
   <div class='ocr_carea' id='block_1_25' title="bbox 1056 489 1843 528">
    <p class='ocr_par' dir='ltr' id='par_1_25' title="bbox 1056 489 1843 528">
     <span class='ocr_line' id='line_1_25' title="bbox 1056 489 1843 528; baseline 0.006 -11"><span class='ocrx_word' id='word_1_166' title='bbox 1056 490 1119 517; x_wconf 75' lang='grc' dir='ltr'>ἄλλο</span> <span class='ocrx_word' id='word_1_167' title='bbox 1129 489 1197 522; x_wconf 80' lang='grc' dir='ltr'>εἶδος</span> <span class='ocrx_word' id='word_1_168' title='bbox 1212 490 1318 526; x_wconf 84' lang='grc' dir='ltr'>κέμφου</span> <span class='ocrx_word' id='word_1_169' title='bbox 1339 492 1369 518; x_wconf 84' lang='grc' dir='ltr'>ὲν</span> <span class='ocrx_word' id='word_1_170' title='bbox 1386 493 1418 527; x_wconf 82' lang='grc' dir='ltr'><strong>τῇ</strong></span> <span class='ocrx_word' id='word_1_171' title='bbox 1438 491 1558 527; x_wconf 79' lang='grc' dir='ltr'>θαλάσσῃ</span> <span class='ocrx_word' id='word_1_172' title='bbox 1573 493 1632 519; x_wconf 84' lang='grc' dir='ltr'>κατ’</span> <span class='ocrx_word' id='word_1_173' title='bbox 1640 492 1743 528; x_wconf 81' lang='grc' dir='ltr'>ἀγέλας</span> <span class='ocrx_word' id='word_1_174' title='bbox 1761 495 1843 522; x_wconf 64' lang='lat' dir='ltr'><strong>inrd-</strong></span> 
     </span>
    </p>
   </div>
   <div class='ocr_carea' id='block_1_26' title="bbox 1059 533 1844 576">
    <p class='ocr_par' dir='ltr' id='par_1_26' title="bbox 1059 533 1844 576">
     <span class='ocr_line' id='line_1_26' title="bbox 1059 533 1844 576; baseline 0.006 -14"><span class='ocrx_word' id='word_1_175' title='bbox 1059 544 1137 571; x_wconf 86' lang='grc' dir='ltr'>μενον</span> <span class='ocrx_word' id='word_1_176' title='bbox 1159 533 1211 563; x_wconf 79' lang='grc' dir='ltr'>ὧδε</span> <span class='ocrx_word' id='word_1_177' title='bbox 1229 537 1357 563; x_wconf 83' lang='grc' dir='ltr'>κάκεῖσε·</span> <span class='ocrx_word' id='word_1_178' title='bbox 1375 536 1389 563; x_wconf 79' lang='grc' dir='ltr'><strong>ὃ</strong></span> <span class='ocrx_word' id='word_1_179' title='bbox 1410 537 1435 563; x_wconf 86' lang='grc' dir='ltr'>οἱ</span> <span class='ocrx_word' id='word_1_180' title='bbox 1457 537 1599 574; x_wconf 83' lang='grc' dir='ltr'>πλωτῆρες</span> <span class='ocrx_word' id='word_1_181' title='bbox 1618 539 1844 576; x_wconf 75' lang='grc' dir='ltr'>πολυάγκυστρον</span> 
     </span>
    </p>
   </div>
   <div class='ocr_carea' id='block_1_27' title="bbox 1055 581 1843 619">
    <p class='ocr_par' dir='ltr' id='par_1_27' title="bbox 1055 581 1843 619">
     <span class='ocr_line' id='line_1_27' title="bbox 1055 581 1843 619; baseline 0.005 -11"><span class='ocrx_word' id='word_1_182' title='bbox 1055 581 1226 613; x_wconf 79' lang='grc' dir='ltr'><strong>δελεάσαντες</strong></span> <span class='ocrx_word' id='word_1_183' title='bbox 1251 583 1373 617; x_wconf 82' lang='grc' dir='ltr'>σχοῖνον,</span> <span class='ocrx_word' id='word_1_184' title='bbox 1401 582 1563 617; x_wconf 80' lang='grc' dir='ltr'>άγρεύουσι·</span> <span class='ocrx_word' id='word_1_185' title='bbox 1579 583 1626 610; x_wconf 75' lang='grc' dir='ltr'>καὶ</span> <span class='ocrx_word' id='word_1_186' title='bbox 1656 585 1685 610; x_wconf 77' lang='grc' dir='ltr'>οὐ</span> <span class='ocrx_word' id='word_1_187' title='bbox 1714 585 1795 619; x_wconf 83' lang='grc' dir='ltr'>μόνον</span> <span class='ocrx_word' id='word_1_188' title='bbox 1810 587 1843 612; x_wconf 74' lang='grc' dir='ltr'><strong>οὒ</strong></span> 
     </span>
    </p>
   </div>
   <div class='ocr_carea' id='block_1_28' title="bbox 1056 627 1844 667">
    <p class='ocr_par' dir='ltr' id='par_1_28' title="bbox 1056 627 1844 667">
     <span class='ocr_line' id='line_1_28' title="bbox 1056 627 1844 667; baseline 0.006 -14"><span class='ocrx_word' id='word_1_189' title='bbox 1056 627 1150 662; x_wconf 80' lang='grc' dir='ltr'><strong>φεύγει</strong></span> <span class='ocrx_word' id='word_1_190' title='bbox 1163 627 1267 662; x_wconf 82' lang='grc' dir='ltr'><strong>βλέπων</strong></span> <span class='ocrx_word' id='word_1_191' title='bbox 1278 628 1312 654; x_wconf 73' lang='grc' dir='ltr'><strong>τὰ</strong></span> <span class='ocrx_word' id='word_1_192' title='bbox 1326 627 1490 663; x_wconf 78' lang='grc' dir='ltr'>θηρευθέντα</span> <span class='ocrx_word' id='word_1_193' title='bbox 1501 648 1509 661; x_wconf 82' lang='grc'><strong>,</strong></span> <span class='ocrx_word' id='word_1_194' title='bbox 1533 628 1601 656; x_wconf 81' lang='grc' dir='ltr'>ἀλλὰ</span> <span class='ocrx_word' id='word_1_195' title='bbox 1616 630 1663 656; x_wconf 77' lang='grc' dir='ltr'>καὶ</span> <span class='ocrx_word' id='word_1_196' title='bbox 1674 630 1755 662; x_wconf 78' lang='grc' dir='ltr'>ἄλλος</span> <span class='ocrx_word' id='word_1_197' title='bbox 1770 629 1844 667; x_wconf 79' lang='grc' dir='ltr'>ἄλλῳ</span> 
     </span>
    </p>
   </div>
   <div class='ocr_carea' id='block_1_29' title="bbox 1057 673 1844 714">
    <p class='ocr_par' dir='ltr' id='par_1_29' title="bbox 1057 673 1844 714">
     <span class='ocr_line' id='line_1_29' title="bbox 1057 673 1844 714; baseline 0.008 -14"><span class='ocrx_word' id='word_1_198' title='bbox 1057 673 1199 709; x_wconf 76' lang='grc' dir='ltr'>προτρέχει</span> <span class='ocrx_word' id='word_1_199' title='bbox 1218 673 1398 709; x_wconf 69' lang='grc' dir='ltr'>ἀγρευθῆναν</span> <span class='ocrx_word' id='word_1_200' title='bbox 1422 673 1509 706; x_wconf 73' lang='grc' dir='ltr'>οὕτως</span> <span class='ocrx_word' id='word_1_201' title='bbox 1526 675 1647 703; x_wconf 74' lang='grc' dir='ltr'><strong>ἐοίκασιν</strong></span> <span class='ocrx_word' id='word_1_202' title='bbox 1665 678 1690 704; x_wconf 77' lang='grc' dir='ltr'>οἱ</span> <span class='ocrx_word' id='word_1_203' title='bbox 1704 680 1738 713; x_wconf 83' lang='grc' dir='ltr'><strong>τῇ</strong></span> <span class='ocrx_word' id='word_1_204' title='bbox 1758 679 1844 714; x_wconf 73' lang='grc' dir='ltr'>κακίᾳ</span> 
     </span>
    </p>
   </div>
   <div class='ocr_carea' id='block_1_30' title="bbox 1056 719 1845 756">
    <p class='ocr_par' dir='ltr' id='par_1_30' title="bbox 1056 719 1845 756">
     <span class='ocr_line' id='line_1_30' title="bbox 1056 719 1845 756; baseline 0.005 -10"><span class='ocrx_word' id='word_1_205' title='bbox 1056 719 1296 755; x_wconf 80' lang='grc' dir='ltr'>προσομιλοῦντες,</span> <span class='ocrx_word' id='word_1_206' title='bbox 1316 719 1395 752; x_wconf 68' lang='grc' dir='ltr'>ἄλλος</span> <span class='ocrx_word' id='word_1_207' title='bbox 1418 719 1497 746; x_wconf 76' lang='grc' dir='ltr'>ἄλλον</span> <span class='ocrx_word' id='word_1_208' title='bbox 1519 722 1598 756; x_wconf 79' lang='grc' dir='ltr'>νικᾷν</span> <span class='ocrx_word' id='word_1_209' title='bbox 1619 721 1782 755; x_wconf 81' lang='grc' dir='ltr'>σπεύδοντες</span> <span class='ocrx_word' id='word_1_210' title='bbox 1799 724 1845 750; x_wconf 69' lang='grc' dir='ltr'><strong>διὰ</strong></span> 
     </span>
    </p>
   </div>
   <div class='ocr_carea' id='block_1_31' title="bbox 1054 765 1842 804">
    <p class='ocr_par' dir='ltr' id='par_1_31' title="bbox 1054 765 1842 804">
     <span class='ocr_line' id='line_1_31' title="bbox 1054 765 1842 804; baseline 0.005 -12"><span class='ocrx_word' id='word_1_211' title='bbox 1054 765 1108 793; x_wconf 85' lang='grc' dir='ltr'>τῶν</span> <span class='ocrx_word' id='word_1_212' title='bbox 1120 766 1230 801; x_wconf 83' lang='grc' dir='ltr'>ἡδονῶν,</span> <span class='ocrx_word' id='word_1_213' title='bbox 1238 765 1375 802; x_wconf 76' lang='grc' dir='ltr'>ἐπολέθρῳ</span> <span class='ocrx_word' id='word_1_214' title='bbox 1386 766 1492 803; x_wconf 76' lang='grc' dir='ltr'>θανάτῳ</span> <span class='ocrx_word' id='word_1_215' title='bbox 1501 766 1614 799; x_wconf 76' lang='grc' dir='ltr'>ἑαυτοὺς</span> <span class='ocrx_word' id='word_1_216' title='bbox 1621 768 1842 804; x_wconf 74' lang='grc' dir='ltr'>περιπείρουσιν.</span> 
     </span>
    </p>
   </div>
   <div class='ocr_carea' id='block_1_32' title="bbox 986 814 1143 843">
    <p class='ocr_par' dir='ltr' id='par_1_32' title="bbox 986 814 1143 843">
     <span class='ocr_line' id='line_1_32' title="bbox 986 814 1143 843; baseline 0 0"><span class='ocrx_word' id='word_1_217' title='bbox 986 815 1039 843; x_wconf 77' lang='grc' dir='ltr'><strong>ΑΡ.</strong></span> <span class='ocrx_word' id='word_1_218' title='bbox 1059 814 1125 843; x_wconf 83' lang='lat' dir='ltr'><strong>VIII.</strong></span> <span class='ocrx_word' id='word_1_219' title='bbox 1141 829 1143 831; x_wconf 89' lang='lat'><strong><em>-</em></strong></span> 
     </span>
    </p>
   </div>
   <div class='ocr_carea' id='block_1_33' title="bbox 256 817 1005 899">
    <p class='ocr_par' dir='ltr' id='par_1_33' title="bbox 256 817 1005 896">
     <span class='ocr_line' id='line_1_33' title="bbox 963 817 1005 845; baseline -0.048 0"><span class='ocrx_word' id='word_1_220' title='bbox 963 817 1005 845; x_wconf 75' lang='lat' dir='ltr'><strong>CA</strong></span> 
     </span>
     <span class='ocr_line' id='line_1_34' title="bbox 256 857 1005 896; baseline 0.009 -13"><span class='ocrx_word' id='word_1_221' title='bbox 256 857 279 873; x_wconf 77' lang='lat'><strong>&quot;’</strong></span> <span class='ocrx_word' id='word_1_222' title='bbox 293 858 346 884; x_wconf 71' lang='lat' dir='ltr'><strong>(iur</strong></span> <span class='ocrx_word' id='word_1_223' title='bbox 359 857 410 885; x_wconf 89' lang='lat' dir='ltr'><strong>hoc</strong></span> <span class='ocrx_word' id='word_1_224' title='bbox 424 858 484 886; x_wconf 89' lang='lat' dir='ltr'><strong>loco</strong></span> <span class='ocrx_word' id='word_1_225' title='bbox 501 860 565 887; x_wconf 89' lang='lat' dir='ltr'><strong>dicit</strong></span> <span class='ocrx_word' id='word_1_226' title='bbox 582 867 631 895; x_wconf 90' lang='lat' dir='ltr'><strong>pro</strong></span> <span class='ocrx_word' id='word_1_227' title='bbox 644 861 754 894; x_wconf 83' lang='lat' dir='ltr'><strong>virtute,</strong></span> <span class='ocrx_word' id='word_1_228' title='bbox 769 870 828 896; x_wconf 62' lang='lat' dir='ltr'><strong>quin</strong></span> <span class='ocrx_word' id='word_1_229' title='bbox 845 863 919 890; x_wconf 90' lang='lat' dir='ltr'><strong>cordi</strong></span> <span class='ocrx_word' id='word_1_230' title='bbox 932 863 1005 890; x_wconf 86' lang='lat' dir='ltr'><strong>acci-</strong></span> 
     </span>
    </p>
   </div>
   <div class='ocr_carea' id='block_1_34' title="bbox 1054 817 1845 899">
    <p class='ocr_par' dir='ltr' id='par_1_34' title="bbox 1059 817 1845 899">
     <span class='ocr_line' id='line_1_35' title="bbox 1059 817 1845 899; baseline 0.005 -13"><span class='ocrx_word' id='word_1_231' title='bbox 1059 817 1211 895; x_wconf 55' lang='grc' dir='ltr'><strong>γιίέίιρδίαν</strong></span> <span class='ocrx_word' id='word_1_232' title='bbox 1230 859 1345 886; x_wconf 77' lang='grc' dir='ltr'>ἐνταῦθα</span> <span class='ocrx_word' id='word_1_233' title='bbox 1357 859 1405 896; x_wconf 81' lang='grc' dir='ltr'>τὴν</span> <span class='ocrx_word' id='word_1_234' title='bbox 1416 860 1517 896; x_wconf 77' lang='grc' dir='ltr'>ἀρετὴν</span> <span class='ocrx_word' id='word_1_235' title='bbox 1533 860 1637 897; x_wconf 75' lang='grc' dir='ltr'>εἴρηκε,</span> <span class='ocrx_word' id='word_1_236' title='bbox 1656 863 1705 899; x_wconf 78' lang='grc' dir='ltr'>τὴν</span> <span class='ocrx_word' id='word_1_237' title='bbox 1721 863 1845 898; x_wconf 73' lang='grc' dir='ltr'>ἐπισυμ-</span> 
     </span>
    </p>
   </div>
   <div class='ocr_carea' id='block_1_35' title="bbox 221 902 1002 944">
    <p class='ocr_par' dir='ltr' id='par_1_35' title="bbox 221 902 1002 944">
     <span class='ocr_line' id='line_1_36' title="bbox 221 902 1002 944; baseline 0.01 -15"><span class='ocrx_word' id='word_1_238' title='bbox 221 902 272 930; x_wconf 85' lang='lat' dir='ltr'><strong>dit.</strong></span> <span class='ocrx_word' id='word_1_239' title='bbox 293 902 340 931; x_wconf 71' lang='grc' dir='ltr'>νει</span> <span class='ocrx_word' id='word_1_240' title='bbox 353 911 399 931; x_wconf 90' lang='lat' dir='ltr'><strong>cor</strong></span> <span class='ocrx_word' id='word_1_241' title='bbox 422 905 489 932; x_wconf 89' lang='lat' dir='ltr'><strong>dicit</strong></span> <span class='ocrx_word' id='word_1_242' title='bbox 505 906 570 933; x_wconf 89' lang='lat' dir='ltr'><strong>illud</strong></span> <span class='ocrx_word' id='word_1_243' title='bbox 586 912 707 935; x_wconf 83' lang='lat' dir='ltr'><strong>creatum</strong></span> <span class='ocrx_word' id='word_1_244' title='bbox 728 916 743 935; x_wconf 89' lang='lat' dir='ltr'><strong>a</strong></span> <span class='ocrx_word' id='word_1_245' title='bbox 759 909 814 937; x_wconf 82' lang='lat' dir='ltr'><strong>Deo</strong></span> <span class='ocrx_word' id='word_1_246' title='bbox 829 914 857 936; x_wconf 91' lang='lat' dir='ltr'><strong>et</strong></span> <span class='ocrx_word' id='word_1_247' title='bbox 871 909 1002 944; x_wconf 81' lang='lat' dir='ltr'><strong>spiritale.</strong></span> 
     </span>
    </p>
   </div>
   <div class='ocr_carea' id='block_1_36' title="bbox 255 991 1003 1034">
    <p class='ocr_par' dir='ltr' id='par_1_36' title="bbox 255 991 1003 1034">
     <span class='ocr_line' id='line_1_37' title="bbox 255 991 1003 1034; baseline 0.013 -16"><span class='ocrx_word' id='word_1_248' title='bbox 255 991 277 1008; x_wconf 81' lang='grc' dir='ltr'><strong>⁸ο</strong></span> <span class='ocrx_word' id='word_1_249' title='bbox 308 991 477 1028; x_wconf 81' lang='lat' dir='ltr'><strong>Sapientiam</strong></span> <span class='ocrx_word' id='word_1_250' title='bbox 511 994 554 1022; x_wconf 88' lang='lat' dir='ltr'><strong>hic</strong></span> <span class='ocrx_word' id='word_1_251' title='bbox 582 1003 630 1030; x_wconf 81' lang='lat' dir='ltr'><strong>pro</strong></span> <span class='ocrx_word' id='word_1_252' title='bbox 662 997 778 1032; x_wconf 87' lang='lat' dir='ltr'><strong>quodam</strong></span> <span class='ocrx_word' id='word_1_253' title='bbox 804 998 953 1034; x_wconf 70' lang='lat' dir='ltr'><strong>disciplina:</strong></span> <span class='ocrx_word' id='word_1_254' title='bbox 977 1005 1003 1027; x_wconf 87' lang='lat' dir='ltr'><strong>et</strong></span> 
     </span>
    </p>
   </div>
   <div class='ocr_carea' id='block_1_37' title="bbox 219 1038 1004 1080">
    <p class='ocr_par' dir='ltr' id='par_1_37' title="bbox 219 1038 1004 1080">
     <span class='ocr_line' id='line_1_38' title="bbox 219 1038 1004 1080; baseline 0.011 -16"><span class='ocrx_word' id='word_1_255' title='bbox 219 1038 340 1065; x_wconf 68' lang='lat' dir='ltr'><strong>scientiae</strong></span> <span class='ocrx_word' id='word_1_256' title='bbox 351 1047 450 1073; x_wconf 72' lang='lat' dir='ltr'><strong>genere</strong></span> <span class='ocrx_word' id='word_1_257' title='bbox 463 1041 573 1075; x_wconf 84' lang='lat' dir='ltr'><strong>accipit.</strong></span> <span class='ocrx_word' id='word_1_258' title='bbox 592 1041 659 1069; x_wconf 86' lang='lat' dir='ltr'><strong>Nam</strong></span> <span class='ocrx_word' id='word_1_259' title='bbox 674 1043 814 1077; x_wconf 79' lang='lat' dir='ltr'><strong>disciplina</strong></span> <span class='ocrx_word' id='word_1_260' title='bbox 837 1045 1004 1080; x_wconf 90' lang='lat' dir='ltr'><strong>scientiaque</strong></span> 
     </span>
    </p>
   </div>
   <div class='ocr_carea' id='block_1_38' title="bbox 191 1084 1004 1125">
    <p class='ocr_par' dir='ltr' id='par_1_38' title="bbox 191 1084 1004 1125">
     <span class='ocr_line' id='line_1_39' title="bbox 191 1084 1004 1125; baseline 0.011 -16"><span class='ocrx_word' id='word_1_261' title='bbox 191 1089 194 1098; x_wconf 70' lang='grc' dir='ltr'>ι</span> <span class='ocrx_word' id='word_1_262' title='bbox 220 1084 375 1119; x_wconf 87' lang='lat' dir='ltr'><strong>nominatis,</strong></span> <span class='ocrx_word' id='word_1_263' title='bbox 392 1086 467 1114; x_wconf 82' lang='lat' dir='ltr'><strong>addit</strong></span> <span class='ocrx_word' id='word_1_264' title='bbox 482 1096 489 1114; x_wconf 88' lang='lat'><strong>:</strong></span> <span class='ocrx_word' id='word_1_265' title='bbox 503 1086 602 1114; x_wconf 76' lang='lat' dir='ltr'><strong>Melior</strong></span> <span class='ocrx_word' id='word_1_266' title='bbox 618 1090 742 1117; x_wconf 62' lang='lat' dir='ltr'><strong>uiritim</strong></span> <span class='ocrx_word' id='word_1_267' title='bbox 761 1090 892 1124; x_wconf 69' lang='lat' dir='ltr'><strong>sapientia</strong></span> <span class='ocrx_word' id='word_1_268' title='bbox 906 1091 1004 1125; x_wconf 79' lang='lat' dir='ltr'><strong>lapidi-</strong></span> 
     </span>
    </p>
   </div>
   <div class='ocr_carea' id='block_1_39' title="bbox 221 1131 1001 1168">
    <p class='ocr_par' dir='ltr' id='par_1_39' title="bbox 221 1131 1001 1168">
     <span class='ocr_line' id='line_1_40' title="bbox 221 1131 1001 1168; baseline 0.01 -11"><span class='ocrx_word' id='word_1_269' title='bbox 221 1131 266 1158; x_wconf 66' lang='lat' dir='ltr'><strong>bus</strong></span> <span class='ocrx_word' id='word_1_270' title='bbox 287 1132 409 1166; x_wconf 73' lang='grc' dir='ltr'>ρηιίοιίε</span> <span class='ocrx_word' id='word_1_271' title='bbox 435 1141 445 1159; x_wconf 86' lang='grc'><em>;</em></span> <span class='ocrx_word' id='word_1_272' title='bbox 460 1133 536 1167; x_wconf 80' lang='lat' dir='ltr'><strong>quasi</strong></span> <span class='ocrx_word' id='word_1_273' title='bbox 557 1134 702 1168; x_wconf 84' lang='lat' dir='ltr'><strong>disciplina</strong></span> <span class='ocrx_word' id='word_1_274' title='bbox 727 1139 754 1162; x_wconf 85' lang='lat' dir='ltr'><strong>et</strong></span> <span class='ocrx_word' id='word_1_275' title='bbox 770 1136 885 1164; x_wconf 75' lang='lat' dir='ltr'><strong>scientia</strong></span> <span class='ocrx_word' id='word_1_276' title='bbox 909 1137 1001 1165; x_wconf 88' lang='lat' dir='ltr'><strong>conti-</strong></span> 
     </span>
    </p>
   </div>
   <div class='ocr_carea' id='block_1_40' title="bbox 219 1178 1003 1215">
    <p class='ocr_par' dir='ltr' id='par_1_40' title="bbox 219 1178 1003 1215">
     <span class='ocr_line' id='line_1_41' title="bbox 219 1178 1003 1215; baseline 0.01 -12"><span class='ocrx_word' id='word_1_277' title='bbox 219 1183 315 1204; x_wconf 87' lang='lat' dir='ltr'><strong>neatur</strong></span> <span class='ocrx_word' id='word_1_278' title='bbox 331 1178 357 1205; x_wconf 91' lang='lat' dir='ltr'><strong>in</strong></span> <span class='ocrx_word' id='word_1_279' title='bbox 370 1179 511 1213; x_wconf 85' lang='lat' dir='ltr'><strong>sapientia,</strong></span> <span class='ocrx_word' id='word_1_280' title='bbox 525 1187 586 1214; x_wconf 74' lang='lat' dir='ltr'><strong>quae</strong></span> <span class='ocrx_word' id='word_1_281' title='bbox 601 1187 616 1206; x_wconf 86' lang='lat' dir='ltr'><strong>a</strong></span> <span class='ocrx_word' id='word_1_282' title='bbox 633 1179 733 1215; x_wconf 75' lang='lat' dir='ltr'><strong>Spiritu</strong></span> <span class='ocrx_word' id='word_1_283' title='bbox 747 1181 835 1213; x_wconf 82' lang='lat' dir='ltr'><strong>datur.</strong></span> <span class='ocrx_word' id='word_1_284' title='bbox 852 1182 877 1209; x_wconf 91' lang='lat' dir='ltr'><strong>id</strong></span> <span class='ocrx_word' id='word_1_285' title='bbox 890 1187 932 1210; x_wconf 81' lang='lat' dir='ltr'><strong>est</strong></span> <span class='ocrx_word' id='word_1_286' title='bbox 942 1190 1003 1211; x_wconf 83' lang='lat' dir='ltr'><strong>ver-</strong></span> 
     </span>
    </p>
   </div>
   <div class='ocr_carea' id='block_1_41' title="bbox 219 1223 1002 1265">
    <p class='ocr_par' dir='ltr' id='par_1_41' title="bbox 219 1223 1002 1265">
     <span class='ocr_line' id='line_1_42' title="bbox 219 1223 1002 1265; baseline 0.011 -16"><span class='ocrx_word' id='word_1_287' title='bbox 219 1223 282 1250; x_wconf 90' lang='lat' dir='ltr'><strong>bum</strong></span> <span class='ocrx_word' id='word_1_288' title='bbox 297 1224 449 1258; x_wconf 69' lang='lat' dir='ltr'><strong>sapientiae.</strong></span> <span class='ocrx_word' id='word_1_289' title='bbox 465 1224 494 1253; x_wconf 88' lang='lat' dir='ltr'><strong>Id</strong></span> <span class='ocrx_word' id='word_1_290' title='bbox 513 1225 600 1260; x_wconf 80' lang='lat' dir='ltr'><strong>ipsum</strong></span> <span class='ocrx_word' id='word_1_291' title='bbox 626 1233 693 1254; x_wconf 82' lang='lat' dir='ltr'><strong>vero</strong></span> <span class='ocrx_word' id='word_1_292' title='bbox 710 1227 811 1256; x_wconf 82' lang='lat' dir='ltr'><strong>dicitur</strong></span> <span class='ocrx_word' id='word_1_293' title='bbox 824 1228 906 1256; x_wconf 63' lang='lat' dir='ltr'><strong>etiam</strong></span> <span class='ocrx_word' id='word_1_294' title='bbox 918 1229 1002 1265; x_wconf 78' lang='lat' dir='ltr'><strong>spiri-</strong></span> 
     </span>
    </p>
   </div>
   <div class='ocr_carea' id='block_1_42' title="bbox 220 1269 439 1304">
    <p class='ocr_par' dir='ltr' id='par_1_42' title="bbox 220 1269 439 1304">
     <span class='ocr_line' id='line_1_43' title="bbox 220 1269 439 1304; baseline 0.014 -10"><span class='ocrx_word' id='word_1_295' title='bbox 220 1275 262 1296; x_wconf 88' lang='lat' dir='ltr'><strong>tus</strong></span> <span class='ocrx_word' id='word_1_296' title='bbox 276 1269 439 1304; x_wconf 82' lang='lat' dir='ltr'><strong>adoptionis.</strong></span> 
     </span>
    </p>
   </div>
   <div class='ocr_carea' id='block_1_43' title="bbox 252 1314 1001 1354">
    <p class='ocr_par' dir='ltr' id='par_1_43' title="bbox 252 1314 1001 1354">
     <span class='ocr_line' id='line_1_44' title="bbox 252 1314 1001 1354; baseline 0.011 -13"><span class='ocrx_word' id='word_1_297' title='bbox 252 1314 274 1330; x_wconf 81' lang='grc'><strong>⁸¹</strong></span> <span class='ocrx_word' id='word_1_298' title='bbox 291 1316 478 1343; x_wconf 76' lang='lat' dir='ltr'><strong>Adnotandum</strong></span> <span class='ocrx_word' id='word_1_299' title='bbox 502 1322 554 1349; x_wconf 85' lang='lat' dir='ltr'><strong>est,</strong></span> <span class='ocrx_word' id='word_1_300' title='bbox 575 1318 745 1352; x_wconf 82' lang='lat' dir='ltr'><strong>iniquitatem</strong></span> <span class='ocrx_word' id='word_1_301' title='bbox 773 1324 802 1347; x_wconf 88' lang='lat' dir='ltr'><strong>et</strong></span> <span class='ocrx_word' id='word_1_302' title='bbox 827 1320 954 1354; x_wconf 86' lang='lat' dir='ltr'><strong>injuriam</strong></span> <span class='ocrx_word' id='word_1_303' title='bbox 973 1325 1001 1349; x_wconf 90' lang='lat' dir='ltr'><strong>et</strong></span> 
     </span>
    </p>
   </div>
   <div class='ocr_carea' id='block_1_44' title="bbox 218 1360 1001 1399">
    <p class='ocr_par' dir='ltr' id='par_1_44' title="bbox 218 1360 1001 1399">
     <span class='ocr_line' id='line_1_45' title="bbox 218 1360 1001 1399; baseline 0.01 -13"><span class='ocrx_word' id='word_1_304' title='bbox 218 1360 383 1394; x_wconf 82' lang='lat' dir='ltr'><strong>superbiam.</strong></span> <span class='ocrx_word' id='word_1_305' title='bbox 407 1361 460 1388; x_wconf 86' lang='lat' dir='ltr'><strong>dici</strong></span> <span class='ocrx_word' id='word_1_306' title='bbox 479 1362 523 1390; x_wconf 86' lang='lat' dir='ltr'><strong>hic</strong></span> <span class='ocrx_word' id='word_1_307' title='bbox 538 1369 586 1397; x_wconf 89' lang='lat' dir='ltr'><strong>pro</strong></span> <span class='ocrx_word' id='word_1_308' title='bbox 602 1364 711 1391; x_wconf 82' lang='lat' dir='ltr'><strong>homine</strong></span> <span class='ocrx_word' id='word_1_309' title='bbox 731 1364 843 1399; x_wconf 70' lang='lat' dir='ltr'><strong>injuste,</strong></span> <span class='ocrx_word' id='word_1_310' title='bbox 861 1371 1001 1394; x_wconf 81' lang='lat' dir='ltr'><strong>contume-</strong></span> 
     </span>
    </p>
   </div>
   <div class='ocr_carea' id='block_1_45' title="bbox 217 1406 999 1445">
    <p class='ocr_par' dir='ltr' id='par_1_45' title="bbox 217 1406 999 1445">
     <span class='ocr_line' id='line_1_46' title="bbox 217 1406 999 1445; baseline 0.012 -14"><span class='ocrx_word' id='word_1_311' title='bbox 217 1406 294 1438; x_wconf 81' lang='lat' dir='ltr'><strong>lioso,</strong></span> <span class='ocrx_word' id='word_1_312' title='bbox 312 1410 339 1434; x_wconf 86' lang='lat' dir='ltr'><strong>et</strong></span> <span class='ocrx_word' id='word_1_313' title='bbox 355 1407 482 1442; x_wconf 86' lang='lat' dir='ltr'><strong>superbo,</strong></span> <span class='ocrx_word' id='word_1_314' title='bbox 500 1416 580 1443; x_wconf 84' lang='lat' dir='ltr'><strong>quem</strong></span> <span class='ocrx_word' id='word_1_315' title='bbox 596 1416 629 1436; x_wconf 83' lang='lat' dir='ltr'><strong>ex</strong></span> <span class='ocrx_word' id='word_1_316' title='bbox 647 1409 699 1438; x_wconf 83' lang='lat' dir='ltr'><strong>hoc</strong></span> <span class='ocrx_word' id='word_1_317' title='bbox 715 1411 831 1445; x_wconf 83' lang='lat' dir='ltr'><strong>pessimo</strong></span> <span class='ocrx_word' id='word_1_318' title='bbox 849 1411 932 1439; x_wconf 79' lang='lat' dir='ltr'><strong>animi</strong></span> <span class='ocrx_word' id='word_1_319' title='bbox 949 1413 999 1440; x_wconf 84' lang='lat' dir='ltr'><strong>ha—</strong></span> 
     </span>
    </p>
   </div>
   <div class='ocr_carea' id='block_1_46' title="bbox 217 1452 423 1486">
    <p class='ocr_par' dir='ltr' id='par_1_46' title="bbox 217 1452 423 1486">
     <span class='ocr_line' id='line_1_47' title="bbox 217 1452 423 1486; baseline 0.015 -9"><span class='ocrx_word' id='word_1_320' title='bbox 217 1452 272 1478; x_wconf 83' lang='lat' dir='ltr'><strong>bitn</strong></span> <span class='ocrx_word' id='word_1_321' title='bbox 289 1452 423 1486; x_wconf 76' lang='lat' dir='ltr'><strong>indigitat.</strong></span> 
     </span>
    </p>
   </div>
   <div class='ocr_carea' id='block_1_47' title="bbox 251 1497 999 1535">
    <p class='ocr_par' dir='ltr' id='par_1_47' title="bbox 251 1497 999 1535">
     <span class='ocr_line' id='line_1_48' title="bbox 251 1497 999 1535; baseline 0.005 -10"><span class='ocrx_word' id='word_1_322' title='bbox 251 1497 275 1513; x_wconf 82' lang='lat'><strong>&quot;</strong></span> <span class='ocrx_word' id='word_1_323' title='bbox 287 1498 315 1525; x_wconf 91' lang='lat' dir='ltr'><strong>Id</strong></span> <span class='ocrx_word' id='word_1_324' title='bbox 332 1502 404 1529; x_wconf 80' lang='lat' dir='ltr'><strong>est.a</strong></span> <span class='ocrx_word' id='word_1_325' title='bbox 417 1506 458 1526; x_wconf 84' lang='lat' dir='ltr'><strong>me</strong></span> <span class='ocrx_word' id='word_1_326' title='bbox 473 1503 576 1526; x_wconf 88' lang='lat' dir='ltr'><strong>rectum</strong></span> <span class='ocrx_word' id='word_1_327' title='bbox 595 1499 739 1527; x_wconf 70' lang='lat' dir='ltr'><strong>consilium</strong></span> <span class='ocrx_word' id='word_1_328' title='bbox 751 1504 777 1528; x_wconf 87' lang='lat' dir='ltr'><strong>et</strong></span> <span class='ocrx_word' id='word_1_329' title='bbox 800 1505 885 1527; x_wconf 90' lang='lat' dir='ltr'><strong>tutum</strong></span> <span class='ocrx_word' id='word_1_330' title='bbox 905 1508 999 1535; x_wconf 80' lang='lat' dir='ltr'><strong>proce-</strong></span> 
     </span>
    </p>
   </div>
   <div class='ocr_carea' id='block_1_48' title="bbox 216 1533 1033 1580">
    <p class='ocr_par' dir='ltr' id='par_1_48' title="bbox 216 1533 1033 1580">
     <span class='ocr_line' id='line_1_49' title="bbox 216 1533 1033 1580; baseline 0.006 -10"><span class='ocrx_word' id='word_1_331' title='bbox 216 1543 254 1570; x_wconf 73' lang='lat' dir='ltr'><strong>(Iit</strong></span> <span class='ocrx_word' id='word_1_332' title='bbox 269 1551 275 1569; x_wconf 77' lang='grc' dir='ltr'><strong>ε</strong></span> <span class='ocrx_word' id='word_1_333' title='bbox 291 1543 336 1571; x_wconf 90' lang='lat' dir='ltr'><strong>ubi</strong></span> <span class='ocrx_word' id='word_1_334' title='bbox 350 1544 420 1571; x_wconf 87' lang='lat' dir='ltr'><strong>enim</strong></span> <span class='ocrx_word' id='word_1_335' title='bbox 437 1544 512 1577; x_wconf 90' lang='lat' dir='ltr'><strong>illud,</strong></span> <span class='ocrx_word' id='word_1_336' title='bbox 530 1545 565 1573; x_wconf 91' lang='lat' dir='ltr'><strong>ibi</strong></span> <span class='ocrx_word' id='word_1_337' title='bbox 582 1546 631 1573; x_wconf 90' lang='lat' dir='ltr'><strong>hoc</strong></span> <span class='ocrx_word' id='word_1_338' title='bbox 642 1554 750 1580; x_wconf 86' lang='lat' dir='ltr'><strong>quoque</strong></span> <span class='ocrx_word' id='word_1_339' title='bbox 764 1552 817 1574; x_wconf 82' lang='lat' dir='ltr'><strong>est.</strong></span> <span class='ocrx_word' id='word_1_340' title='bbox 835 1533 927 1574; x_wconf 60' lang='lat' dir='ltr'><strong>Viiieii&#39;</strong></span> <span class='ocrx_word' id='word_1_341' title='bbox 937 1548 995 1575; x_wconf 85' lang='lat' dir='ltr'><strong>ubi-</strong></span> <span class='ocrx_word' id='word_1_342' title='bbox 1009 1533 1033 1562; x_wconf 71' lang='grc' dir='ltr'>ο</span> 
     </span>
    </p>
   </div>
   <div class='ocr_carea' id='block_1_49' title="bbox 215 1590 999 1628">
    <p class='ocr_par' dir='ltr' id='par_1_49' title="bbox 215 1590 999 1628">
     <span class='ocr_line' id='line_1_50' title="bbox 215 1590 999 1628; baseline 0.006 -13"><span class='ocrx_word' id='word_1_343' title='bbox 215 1596 271 1622; x_wconf 88' lang='lat' dir='ltr'><strong>que</strong></span> <span class='ocrx_word' id='word_1_344' title='bbox 287 1590 437 1624; x_wconf 82' lang='lat' dir='ltr'><strong>anteposita</strong></span> <span class='ocrx_word' id='word_1_345' title='bbox 453 1596 480 1618; x_wconf 86' lang='lat' dir='ltr'><strong>et</strong></span> <span class='ocrx_word' id='word_1_346' title='bbox 495 1592 650 1625; x_wconf 61' lang='lat' dir='ltr'><strong>prastantia</strong></span> <span class='ocrx_word' id='word_1_347' title='bbox 671 1593 830 1628; x_wconf 83' lang='lat' dir='ltr'><strong>incorporea</strong></span> <span class='ocrx_word' id='word_1_348' title='bbox 850 1593 999 1627; x_wconf 84' lang='lat' dir='ltr'><strong>corporali-</strong></span> 
     </span>
    </p>
   </div>
   <div class='ocr_carea' id='block_1_50' title="bbox 215 1636 999 1674">
    <p class='ocr_par' dir='ltr' id='par_1_50' title="bbox 215 1636 999 1674">
     <span class='ocr_line' id='line_1_51' title="bbox 215 1636 999 1674; baseline 0.005 -11"><span class='ocrx_word' id='word_1_349' title='bbox 215 1636 284 1663; x_wconf 72' lang='lat' dir='ltr'><strong>bus?</strong></span> <span class='ocrx_word' id='word_1_350' title='bbox 306 1637 406 1664; x_wconf 82' lang='lat' dir='ltr'><strong>Deinde</strong></span> <span class='ocrx_word' id='word_1_351' title='bbox 427 1642 572 1673; x_wconf 83' lang='lat' dir='ltr'><strong>postquam</strong></span> <span class='ocrx_word' id='word_1_352' title='bbox 596 1639 675 1673; x_wconf 72' lang='lat' dir='ltr'><strong>dixit,</strong></span> <span class='ocrx_word' id='word_1_353' title='bbox 699 1646 810 1674; x_wconf 75' lang='lat' dir='ltr'><strong>regnum</strong></span> <span class='ocrx_word' id='word_1_354' title='bbox 835 1639 922 1674; x_wconf 86' lang='lat' dir='ltr'><strong>ipsum</strong></span> <span class='ocrx_word' id='word_1_355' title='bbox 938 1647 953 1667; x_wconf 92' lang='lat' dir='ltr'><strong>a</strong></span> <span class='ocrx_word' id='word_1_356' title='bbox 968 1648 999 1668; x_wconf 90' lang='lat' dir='ltr'><strong>se</strong></span> 
     </span>
    </p>
   </div>
   <div class='ocr_carea' id='block_1_51' title="bbox 215 1675 998 1718">
    <p class='ocr_par' dir='ltr' id='par_1_51' title="bbox 215 1675 998 1718">
     <span class='ocr_line' id='line_1_52' title="bbox 215 1675 998 1718; baseline 0.005 -9"><span class='ocrx_word' id='word_1_357' title='bbox 215 1683 344 1715; x_wconf 74' lang='lat' dir='ltr'><strong>conferri,</strong></span> <span class='ocrx_word' id='word_1_358' title='bbox 367 1683 441 1710; x_wconf 85' lang='lat' dir='ltr'><strong>addit</strong></span> <span class='ocrx_word' id='word_1_359' title='bbox 464 1675 535 1718; x_wconf 73' lang='lat' dir='ltr'><strong>quod</strong></span> <span class='ocrx_word' id='word_1_360' title='bbox 551 1684 637 1712; x_wconf 86' lang='lat' dir='ltr'><strong>multo</strong></span> <span class='ocrx_word' id='word_1_361' title='bbox 662 1684 749 1718; x_wconf 86' lang='lat' dir='ltr'><strong>majus</strong></span> <span class='ocrx_word' id='word_1_362' title='bbox 775 1690 842 1713; x_wconf 84' lang='lat' dir='ltr'><strong>est:</strong></span> <span class='ocrx_word' id='word_1_363' title='bbox 859 1692 922 1712; x_wconf 81' lang='lat' dir='ltr'><strong>nam</strong></span> <span class='ocrx_word' id='word_1_364' title='bbox 946 1686 998 1713; x_wconf 88' lang='lat' dir='ltr'><strong>huc</strong></span> 
     </span>
    </p>
   </div>
   <div class='ocr_carea' id='block_1_52' title="bbox 216 1731 998 1767">
    <p class='ocr_par' dir='ltr' id='par_1_52' title="bbox 216 1731 998 1767">
     <span class='ocr_line' id='line_1_53' title="bbox 216 1731 998 1767; baseline 0.006 -13"><span class='ocrx_word' id='word_1_365' title='bbox 216 1735 310 1763; x_wconf 86' lang='lat' dir='ltr'><strong>reapse</strong></span> <span class='ocrx_word' id='word_1_366' title='bbox 335 1735 451 1764; x_wconf 78' lang='lat' dir='ltr'><strong>regnare</strong></span> <span class='ocrx_word' id='word_1_367' title='bbox 469 1734 523 1762; x_wconf 84' lang='lat' dir='ltr'><strong>est,</strong></span> <span class='ocrx_word' id='word_1_368' title='bbox 548 1731 570 1758; x_wconf 83' lang='lat' dir='ltr'><strong>si</strong></span> <span class='ocrx_word' id='word_1_369' title='bbox 586 1731 648 1766; x_wconf 85' lang='lat' dir='ltr'><strong>quis</strong></span> <span class='ocrx_word' id='word_1_370' title='bbox 671 1731 808 1758; x_wconf 83' lang='lat' dir='ltr'><strong>dominatu</strong></span> <span class='ocrx_word' id='word_1_371' title='bbox 829 1731 903 1767; x_wconf 83' lang='lat' dir='ltr'><strong>juste</strong></span> <span class='ocrx_word' id='word_1_372' title='bbox 927 1732 998 1759; x_wconf 82' lang='lat' dir='ltr'><strong>sciat</strong></span> 
     </span>
    </p>
   </div>
   <div class='ocr_carea' id='block_1_53' title="bbox 214 1774 997 1811">
    <p class='ocr_par' dir='ltr' id='par_1_53' title="bbox 214 1774 997 1811">
     <span class='ocr_line' id='line_1_54' title="bbox 214 1774 997 1811; baseline 0.006 -11"><span class='ocrx_word' id='word_1_373' title='bbox 214 1775 263 1801; x_wconf 88' lang='lat' dir='ltr'><strong>uti.</strong></span> <span class='ocrx_word' id='word_1_374' title='bbox 275 1774 403 1802; x_wconf 81' lang='lat' dir='ltr'><strong>Nonnulli</strong></span> <span class='ocrx_word' id='word_1_375' title='bbox 415 1775 578 1810; x_wconf 83' lang='lat' dir='ltr'><strong>interpretes</strong></span> <span class='ocrx_word' id='word_1_376' title='bbox 594 1783 686 1811; x_wconf 71' lang='lat' dir='ltr'><strong>regum</strong></span> <span class='ocrx_word' id='word_1_377' title='bbox 700 1777 810 1804; x_wconf 87' lang='lat' dir='ltr'><strong>nomine</strong></span> <span class='ocrx_word' id='word_1_378' title='bbox 831 1778 876 1805; x_wconf 89' lang='lat' dir='ltr'><strong>hic</strong></span> <span class='ocrx_word' id='word_1_379' title='bbox 898 1777 997 1805; x_wconf 89' lang='lat' dir='ltr'><strong>intelli-</strong></span> 
     </span>
    </p>
   </div>
   <div class='ocr_carea' id='block_1_54' title="bbox 213 1823 995 1858">
    <p class='ocr_par' dir='ltr' id='par_1_54' title="bbox 213 1823 995 1858">
     <span class='ocr_line' id='line_1_55' title="bbox 213 1823 995 1858; baseline 0.005 -11"><span class='ocrx_word' id='word_1_380' title='bbox 213 1824 398 1855; x_wconf 75' lang='lat' dir='ltr'><strong>gunt-sanctos</strong></span> <span class='ocrx_word' id='word_1_381' title='bbox 409 1825 437 1848; x_wconf 89' lang='lat' dir='ltr'><strong>et</strong></span> <span class='ocrx_word' id='word_1_382' title='bbox 450 1828 590 1856; x_wconf 83' lang='lat' dir='ltr'><strong>proceres;</strong></span> <span class='ocrx_word' id='word_1_383' title='bbox 611 1828 740 1857; x_wconf 78' lang='lat' dir='ltr'><strong>tyrannos</strong></span> <span class='ocrx_word' id='word_1_384' title='bbox 755 1829 845 1851; x_wconf 79' lang='lat' dir='ltr'><strong>autent</strong></span> <span class='ocrx_word' id='word_1_385' title='bbox 864 1823 934 1857; x_wconf 91' lang='lat' dir='ltr'><strong>illos,</strong></span> <span class='ocrx_word' id='word_1_386' title='bbox 950 1824 995 1858; x_wconf 81' lang='lat' dir='ltr'><strong>qui</strong></span> 
     </span>
    </p>
   </div>
   <div class='ocr_carea' id='block_1_55' title="bbox 213 1865 996 1903">
    <p class='ocr_par' dir='ltr' id='par_1_55' title="bbox 213 1865 996 1903">
     <span class='ocr_line' id='line_1_56' title="bbox 213 1865 996 1903; baseline 0.006 -11"><span class='ocrx_word' id='word_1_387' title='bbox 213 1865 302 1893; x_wconf 79' lang='lat' dir='ltr'><strong>adhuc</strong></span> <span class='ocrx_word' id='word_1_388' title='bbox 319 1873 380 1893; x_wconf 87' lang='lat' dir='ltr'><strong>cum</strong></span> <span class='ocrx_word' id='word_1_389' title='bbox 401 1873 488 1894; x_wconf 90' lang='lat' dir='ltr'><strong>carne</strong></span> <span class='ocrx_word' id='word_1_390' title='bbox 510 1867 665 1901; x_wconf 85' lang='lat' dir='ltr'><strong>decertant,</strong></span> <span class='ocrx_word' id='word_1_391' title='bbox 693 1873 722 1896; x_wconf 89' lang='lat' dir='ltr'><strong>et</strong></span> <span class='ocrx_word' id='word_1_392' title='bbox 748 1869 911 1903; x_wconf 83' lang='lat' dir='ltr'><strong>cupiditates</strong></span> <span class='ocrx_word' id='word_1_393' title='bbox 930 1877 996 1898; x_wconf 85' lang='lat' dir='ltr'><strong>suas</strong></span> 
     </span>
    </p>
   </div>
   <div class='ocr_carea' id='block_1_56' title="bbox 213 1911 518 1946">
    <p class='ocr_par' dir='ltr' id='par_1_56' title="bbox 213 1911 518 1946">
     <span class='ocr_line' id='line_1_57' title="bbox 213 1911 518 1946; baseline 0.003 -8"><span class='ocrx_word' id='word_1_394' title='bbox 213 1911 329 1939; x_wconf 82' lang='lat' dir='ltr'><strong>violenta</strong></span> <span class='ocrx_word' id='word_1_395' title='bbox 344 1911 368 1938; x_wconf 78' lang='lat' dir='ltr'><strong>vi</strong></span> <span class='ocrx_word' id='word_1_396' title='bbox 384 1917 518 1946; x_wconf 87' lang='lat' dir='ltr'><strong>premunt.</strong></span> 
     </span>
    </p>
   </div>
   <div class='ocr_carea' id='block_1_57' title="bbox 250 1957 994 1994">
    <p class='ocr_par' dir='ltr' id='par_1_57' title="bbox 250 1957 994 1994">
     <span class='ocr_line' id='line_1_58' title="bbox 250 1957 994 1994; baseline 0.003 -8"><span class='ocrx_word' id='word_1_397' title='bbox 250 1957 273 1974; x_wconf 87' lang='grc'>⁸³</span> <span class='ocrx_word' id='word_1_398' title='bbox 299 1957 428 1992; x_wconf 76' lang='lat' dir='ltr'><strong>Maiorem</strong></span> <span class='ocrx_word' id='word_1_399' title='bbox 450 1958 596 1986; x_wconf 85' lang='lat' dir='ltr'><strong>dilectione</strong></span> <span class='ocrx_word' id='word_1_400' title='bbox 625 1958 669 1987; x_wconf 84' lang='lat' dir='ltr'><strong>hic</strong></span> <span class='ocrx_word' id='word_1_401' title='bbox 691 1967 811 1987; x_wconf 89' lang='lat' dir='ltr'><strong>amorem</strong></span> <span class='ocrx_word' id='word_1_402' title='bbox 838 1961 994 1994; x_wconf 86' lang='lat' dir='ltr'><strong>introducit,</strong></span> 
     </span>
    </p>
   </div>
   <div class='ocr_carea' id='block_1_58' title="bbox 214 2004 1003 2039">
    <p class='ocr_par' dir='ltr' id='par_1_58' title="bbox 214 2004 1003 2039">
     <span class='ocr_line' id='line_1_59' title="bbox 214 2004 1003 2039; baseline 0.006 -9"><span class='ocrx_word' id='word_1_403' title='bbox 214 2004 322 2038; x_wconf 84' lang='lat' dir='ltr'><strong>quando</strong></span> <span class='ocrx_word' id='word_1_404' title='bbox 339 2004 433 2032; x_wconf 85' lang='lat' dir='ltr'><strong>eodem</strong></span> <span class='ocrx_word' id='word_1_405' title='bbox 449 2004 544 2032; x_wconf 89' lang='lat' dir='ltr'><strong>ordine</strong></span> <span class='ocrx_word' id='word_1_406' title='bbox 559 2011 610 2032; x_wconf 92' lang='lat' dir='ltr'><strong>non</strong></span> <span class='ocrx_word' id='word_1_407' title='bbox 624 2005 742 2039; x_wconf 87' lang='lat' dir='ltr'><strong>ponitur.</strong></span> <span class='ocrx_word' id='word_1_408' title='bbox 758 2006 827 2034; x_wconf 83' lang='lat' dir='ltr'><strong>Ecce</strong></span> <span class='ocrx_word' id='word_1_409' title='bbox 841 2007 913 2034; x_wconf 83' lang='lat' dir='ltr'><strong>enim</strong></span> <span class='ocrx_word' id='word_1_410' title='bbox 929 2007 1003 2035; x_wconf 22' lang='lat' dir='ltr'><strong>Ser-7</strong></span> 
     </span>
    </p>
   </div>
   <div class='ocr_carea' id='block_1_59' title="bbox 213 2048 994 2086">
    <p class='ocr_par' dir='ltr' id='par_1_59' title="bbox 213 2048 994 2086">
     <span class='ocr_line' id='line_1_60' title="bbox 213 2048 994 2086; baseline 0.004 -9"><span class='ocrx_word' id='word_1_411' title='bbox 213 2054 307 2077; x_wconf 83' lang='lat' dir='ltr'><strong>vatore</strong></span> <span class='ocrx_word' id='word_1_412' title='bbox 320 2049 426 2076; x_wconf 84' lang='lat' dir='ltr'><strong>dicente</strong></span> <span class='ocrx_word' id='word_1_413' title='bbox 446 2048 536 2080; x_wconf 82' lang='lat' dir='ltr'><strong>Petro.</strong></span> <span class='ocrx_word' id='word_1_414' title='bbox 551 2049 635 2077; x_wconf 73' lang='lat' dir='ltr'><strong>Amas</strong></span> <span class='ocrx_word' id='word_1_415' title='bbox 655 2057 698 2077; x_wconf 90' lang='lat' dir='ltr'><strong>me</strong></span> <span class='ocrx_word' id='word_1_416' title='bbox 713 2049 754 2077; x_wconf 70' lang='lat'><strong>&quot;?</strong></span> <span class='ocrx_word' id='word_1_417' title='bbox 776 2050 821 2078; x_wconf 92' lang='lat' dir='ltr'><strong>hic</strong></span> <span class='ocrx_word' id='word_1_418' title='bbox 833 2051 994 2086; x_wconf 84' lang='lat' dir='ltr'><strong>alloqnentis</strong></span> 
     </span>
    </p>
   </div>
   <div class='ocr_carea' id='block_1_60' title="bbox 213 2095 992 2130">
    <p class='ocr_par' dir='ltr' id='par_1_60' title="bbox 213 2095 992 2130">
     <span class='ocr_line' id='line_1_61' title="bbox 213 2095 992 2130; baseline 0.012 -11"><span class='ocrx_word' id='word_1_419' title='bbox 213 2095 282 2122; x_wconf 87' lang='lat' dir='ltr'><strong>bene</strong></span> <span class='ocrx_word' id='word_1_420' title='bbox 297 2102 410 2130; x_wconf 77' lang='lat' dir='ltr'><strong>gnarus.</strong></span> <span class='ocrx_word' id='word_1_421' title='bbox 427 2095 499 2129; x_wconf 86' lang='lat' dir='ltr'><strong>quod</strong></span> <span class='ocrx_word' id='word_1_422' title='bbox 511 2095 600 2123; x_wconf 87' lang='lat' dir='ltr'><strong>minus</strong></span> <span class='ocrx_word' id='word_1_423' title='bbox 616 2101 674 2123; x_wconf 85' lang='lat' dir='ltr'><strong>erat</strong></span> <span class='ocrx_word' id='word_1_424' title='bbox 692 2098 744 2125; x_wconf 87' lang='lat' dir='ltr'><strong>sibi</strong></span> <span class='ocrx_word' id='word_1_425' title='bbox 766 2099 861 2126; x_wconf 90' lang='lat' dir='ltr'><strong>tribuit</strong></span> <span class='ocrx_word' id='word_1_426' title='bbox 878 2100 992 2128; x_wconf 84' lang='lat' dir='ltr'><strong>dicens:</strong></span> 
     </span>
    </p>
   </div>
   <div class='ocr_carea' id='block_1_61' title="bbox 212 2139 994 2180">
    <p class='ocr_par' dir='ltr' id='par_1_61' title="bbox 212 2139 994 2180">
     <span class='ocr_line' id='line_1_62' title="bbox 212 2139 994 2180; baseline 0.012 -15"><span class='ocrx_word' id='word_1_427' title='bbox 212 2139 234 2166; x_wconf 92' lang='lat' dir='ltr'><strong>D</strong></span> <span class='ocrx_word' id='word_1_428' title='bbox 246 2139 296 2174; x_wconf 74' lang='lat' dir='ltr'><strong>ligo</strong></span> <span class='ocrx_word' id='word_1_429' title='bbox 309 2143 346 2167; x_wconf 88' lang='lat' dir='ltr'><strong>te.</strong></span> <span class='ocrx_word' id='word_1_430' title='bbox 364 2139 456 2168; x_wconf 84' lang='lat' dir='ltr'><strong>Tertio</strong></span> <span class='ocrx_word' id='word_1_431' title='bbox 466 2145 553 2169; x_wconf 86' lang='lat' dir='ltr'><strong>autem</strong></span> <span class='ocrx_word' id='word_1_432' title='bbox 569 2141 682 2170; x_wconf 87' lang='lat' dir='ltr'><strong>audiens</strong></span> <span class='ocrx_word' id='word_1_433' title='bbox 698 2152 705 2170; x_wconf 90' lang='lat'><strong><em>:</em></strong></span> <span class='ocrx_word' id='word_1_434' title='bbox 722 2143 814 2172; x_wconf 85' lang='lat' dir='ltr'><strong>Simon</strong></span> <span class='ocrx_word' id='word_1_435' title='bbox 837 2144 920 2180; x_wconf 73' lang='lat' dir='ltr'><strong>Jonm,</strong></span> <span class='ocrx_word' id='word_1_436' title='bbox 933 2146 994 2174; x_wconf 87' lang='lat' dir='ltr'><strong>dili-</strong></span> 
     </span>
    </p>
   </div>
   <div class='ocr_carea' id='block_1_62' title="bbox 1056 906 1845 946">
    <p class='ocr_par' dir='ltr' id='par_1_62' title="bbox 1056 906 1845 946">
     <span class='ocr_line' id='line_1_63' title="bbox 1056 906 1845 946; baseline 0.005 -13"><span class='ocrx_word' id='word_1_437' title='bbox 1056 906 1199 933; x_wconf 77' lang='grc' dir='ltr'>ῦαίνουσαν</span> <span class='ocrx_word' id='word_1_438' title='bbox 1214 908 1246 943; x_wconf 78' lang='grc' dir='ltr'>τῇ</span> <span class='ocrx_word' id='word_1_439' title='bbox 1263 907 1360 944; x_wconf 76' lang='grc' dir='ltr'>καρδίᾳ</span> <span class='ocrx_word' id='word_1_440' title='bbox 1375 908 1392 944; x_wconf 83' lang='grc' dir='ltr'>ἢ</span> <span class='ocrx_word' id='word_1_441' title='bbox 1406 909 1455 945; x_wconf 81' lang='grc' dir='ltr'>τὴν</span> <span class='ocrx_word' id='word_1_442' title='bbox 1466 909 1519 936; x_wconf 70' lang='grc' dir='ltr'><strong>ὑπὸ</strong></span> <span class='ocrx_word' id='word_1_443' title='bbox 1528 909 1596 936; x_wconf 84' lang='grc' dir='ltr'><strong>Θεοῦ</strong></span> <span class='ocrx_word' id='word_1_444' title='bbox 1610 906 1779 945; x_wconf 79' lang='grc' dir='ltr'>κτιζομένην</span> <span class='ocrx_word' id='word_1_445' title='bbox 1793 910 1845 946; x_wconf 76' lang='grc' dir='ltr'>τὴν</span> 
     </span>
    </p>
   </div>
   <div class='ocr_carea' id='block_1_63' title="bbox 1059 952 1252 987">
    <p class='ocr_par' dir='ltr' id='par_1_63' title="bbox 1059 952 1252 987">
     <span class='ocr_line' id='line_1_64' title="bbox 1059 952 1252 987; baseline 0.005 -9"><span class='ocrx_word' id='word_1_446' title='bbox 1059 952 1252 987; x_wconf 80' lang='grc' dir='ltr'>πνευματικήν.</span> 
     </span>
    </p>
   </div>
   <div class='ocr_carea' id='block_1_64' title="bbox 1090 997 1843 1036">
    <p class='ocr_par' dir='ltr' id='par_1_64' title="bbox 1090 997 1843 1036">
     <span class='ocr_line' id='line_1_65' title="bbox 1090 997 1843 1036; baseline 0.008 -14"><span class='ocrx_word' id='word_1_447' title='bbox 1090 997 1144 1033; x_wconf 84' lang='grc' dir='ltr'><strong>Τὴν</strong></span> <span class='ocrx_word' id='word_1_448' title='bbox 1166 998 1260 1032; x_wconf 81' lang='grc' dir='ltr'>σοφίαν</span> <span class='ocrx_word' id='word_1_449' title='bbox 1273 998 1389 1026; x_wconf 77' lang='grc' dir='ltr'>ἐνταῦθα</span> <span class='ocrx_word' id='word_1_450' title='bbox 1402 1001 1442 1032; x_wconf 81' lang='grc' dir='ltr'><strong>ὡς</strong></span> <span class='ocrx_word' id='word_1_451' title='bbox 1455 1001 1533 1035; x_wconf 80' lang='grc' dir='ltr'>γένος</span> <span class='ocrx_word' id='word_1_452' title='bbox 1549 1000 1628 1028; x_wconf 70' lang='grc' dir='ltr'>ἔλαϐε</span> <span class='ocrx_word' id='word_1_453' title='bbox 1648 1001 1698 1036; x_wconf 82' lang='grc' dir='ltr'>τῆς</span> <span class='ocrx_word' id='word_1_454' title='bbox 1716 1001 1843 1033; x_wconf 75' lang='grc' dir='ltr'>παιδείας</span> 
     </span>
    </p>
   </div>
   <div class='ocr_carea' id='block_1_65' title="bbox 1055 1043 1839 1082">
    <p class='ocr_par' dir='ltr' id='par_1_65' title="bbox 1055 1043 1839 1082">
     <span class='ocr_line' id='line_1_66' title="bbox 1055 1043 1839 1082; baseline 0.004 -12"><span class='ocrx_word' id='word_1_455' title='bbox 1055 1043 1101 1070; x_wconf 77' lang='grc' dir='ltr'>καὶ</span> <span class='ocrx_word' id='word_1_456' title='bbox 1121 1043 1170 1077; x_wconf 86' lang='grc' dir='ltr'>τῆς</span> <span class='ocrx_word' id='word_1_457' title='bbox 1186 1043 1312 1078; x_wconf 84' lang='grc' dir='ltr'>γνώσεως</span> <span class='ocrx_word' id='word_1_458' title='bbox 1323 1053 1330 1060; x_wconf 88' lang='grc'>·</span> <span class='ocrx_word' id='word_1_459' title='bbox 1352 1045 1474 1073; x_wconf 77' lang='grc' dir='ltr'><strong>παιδείαν</strong></span> <span class='ocrx_word' id='word_1_460' title='bbox 1487 1046 1542 1082; x_wconf 87' lang='grc' dir='ltr'><strong>γὰρ</strong></span> <span class='ocrx_word' id='word_1_461' title='bbox 1561 1047 1608 1073; x_wconf 83' lang='grc' dir='ltr'>καὶ</span> <span class='ocrx_word' id='word_1_462' title='bbox 1621 1047 1723 1081; x_wconf 79' lang='grc' dir='ltr'>γνῶσιν</span> <span class='ocrx_word' id='word_1_463' title='bbox 1737 1047 1839 1082; x_wconf 78' lang='grc' dir='ltr'>προτά-</span> 
     </span>
    </p>
   </div>
   <div class='ocr_carea' id='block_1_66' title="bbox 1054 1088 1839 1126">
    <p class='ocr_par' dir='ltr' id='par_1_66' title="bbox 1054 1088 1839 1126">
     <span class='ocr_line' id='line_1_67' title="bbox 1054 1088 1839 1126; baseline 0.006 -11"><span class='ocrx_word' id='word_1_464' title='bbox 1054 1088 1220 1124; x_wconf 79' lang='grc' dir='ltr'><strong>ξας,ὲπάγει·</strong></span> <span class='ocrx_word' id='word_1_465' title='bbox 1228 1090 1383 1124; x_wconf 72' lang='grc' dir='ltr'>Κρεισσω·</span> <span class='ocrx_word' id='word_1_466' title='bbox 1391 1092 1445 1126; x_wconf 76' lang='grc' dir='ltr'><strong>γὰρ</strong></span> <span class='ocrx_word' id='word_1_467' title='bbox 1452 1093 1544 1126; x_wconf 67' lang='grc' dir='ltr'>σοφία</span> <span class='ocrx_word' id='word_1_468' title='bbox 1552 1093 1644 1120; x_wconf 75' lang='grc' dir='ltr'>λίθων</span> <span class='ocrx_word' id='word_1_469' title='bbox 1649 1093 1839 1124; x_wconf 73' lang='grc' dir='ltr'><strong>πολυτελῶν,</strong></span> 
     </span>
    </p>
   </div>
   <div class='ocr_carea' id='block_1_67' title="bbox 1053 1134 1840 1174">
    <p class='ocr_par' dir='ltr' id='par_1_67' title="bbox 1053 1134 1840 1174">
     <span class='ocr_line' id='line_1_68' title="bbox 1053 1134 1840 1174; baseline 0.006 -14"><span class='ocrx_word' id='word_1_470' title='bbox 1053 1134 1090 1166; x_wconf 82' lang='grc' dir='ltr'>ὡς</span> <span class='ocrx_word' id='word_1_471' title='bbox 1108 1136 1157 1170; x_wconf 83' lang='grc' dir='ltr'>τῆς</span> <span class='ocrx_word' id='word_1_472' title='bbox 1173 1136 1295 1168; x_wconf 77' lang='grc' dir='ltr'>παιδείας</span> <span class='ocrx_word' id='word_1_473' title='bbox 1311 1137 1358 1163; x_wconf 79' lang='grc' dir='ltr'>καὶ</span> <span class='ocrx_word' id='word_1_474' title='bbox 1378 1137 1428 1172; x_wconf 83' lang='grc' dir='ltr'>τῆς</span> <span class='ocrx_word' id='word_1_475' title='bbox 1440 1137 1566 1172; x_wconf 85' lang='grc' dir='ltr'>γνώσεως</span> <span class='ocrx_word' id='word_1_476' title='bbox 1586 1138 1791 1174; x_wconf 83' lang='grc' dir='ltr'>περισχομένης</span> <span class='ocrx_word' id='word_1_477' title='bbox 1811 1138 1840 1165; x_wconf 78' lang='grc' dir='ltr'>ἐν</span> 
     </span>
    </p>
   </div>
   <div class='ocr_carea' id='block_1_68' title="bbox 1052 1181 1842 1220">
    <p class='ocr_par' dir='ltr' id='par_1_68' title="bbox 1052 1181 1842 1220">
     <span class='ocr_line' id='line_1_69' title="bbox 1052 1181 1842 1220; baseline 0.009 -14"><span class='ocrx_word' id='word_1_478' title='bbox 1052 1182 1085 1217; x_wconf 83' lang='grc' dir='ltr'><strong>τῇ</strong></span> <span class='ocrx_word' id='word_1_479' title='bbox 1100 1181 1180 1218; x_wconf 81' lang='grc' dir='ltr'>σοφίᾳ</span> <span class='ocrx_word' id='word_1_480' title='bbox 1191 1182 1240 1217; x_wconf 89' lang='grc' dir='ltr'><strong>(Ι),</strong></span> <span class='ocrx_word' id='word_1_481' title='bbox 1258 1183 1330 1218; x_wconf 79' lang='grc' dir='ltr'>ἥπερ</span> <span class='ocrx_word' id='word_1_482' title='bbox 1343 1183 1387 1210; x_wconf 83' lang='grc' dir='ltr'>διὰ</span> <span class='ocrx_word' id='word_1_483' title='bbox 1399 1183 1445 1210; x_wconf 86' lang='grc' dir='ltr'>τοῦ</span> <span class='ocrx_word' id='word_1_484' title='bbox 1462 1184 1620 1220; x_wconf 76' lang='grc' dir='ltr'>Πνεύματος</span> <span class='ocrx_word' id='word_1_485' title='bbox 1632 1185 1734 1212; x_wconf 86' lang='grc' dir='ltr'>δίδοται</span> <span class='ocrx_word' id='word_1_486' title='bbox 1744 1205 1752 1217; x_wconf 82' lang='grc'><strong>,</strong></span> <span class='ocrx_word' id='word_1_487' title='bbox 1764 1185 1842 1220; x_wconf 79' lang='grc' dir='ltr'>λόγος</span> 
     </span>
    </p>
   </div>
   <div class='ocr_carea' id='block_1_69' title="bbox 1053 1227 1841 1267">
    <p class='ocr_par' dir='ltr' id='par_1_69' title="bbox 1053 1227 1841 1267">
     <span class='ocr_line' id='line_1_70' title="bbox 1053 1227 1841 1267; baseline 0.006 -14"><span class='ocrx_word' id='word_1_488' title='bbox 1053 1227 1148 1261; x_wconf 81' lang='grc' dir='ltr'>σοφίας</span> <span class='ocrx_word' id='word_1_489' title='bbox 1160 1236 1167 1243; x_wconf 81' lang='grc' dir='ltr'><strong>ο</strong></span> <span class='ocrx_word' id='word_1_490' title='bbox 1182 1228 1213 1254; x_wconf 82' lang='grc' dir='ltr'><strong>τὺ</strong></span> <span class='ocrx_word' id='word_1_491' title='bbox 1232 1228 1253 1254; x_wconf 83' lang='grc' dir='ltr'>δ’</span> <span class='ocrx_word' id='word_1_492' title='bbox 1277 1228 1345 1255; x_wconf 68' lang='grc' dir='ltr'>αὐτὸ</span> <span class='ocrx_word' id='word_1_493' title='bbox 1364 1228 1442 1256; x_wconf 83' lang='grc' dir='ltr'>τοῦτο</span> <span class='ocrx_word' id='word_1_494' title='bbox 1458 1229 1565 1264; x_wconf 81' lang='grc' dir='ltr'>λέγεται</span> <span class='ocrx_word' id='word_1_495' title='bbox 1587 1231 1634 1258; x_wconf 74' lang='grc' dir='ltr'>καὶ</span> <span class='ocrx_word' id='word_1_496' title='bbox 1648 1231 1762 1267; x_wconf 80' lang='grc' dir='ltr'>πνεῦμα</span> <span class='ocrx_word' id='word_1_497' title='bbox 1784 1232 1841 1258; x_wconf 77' lang='lat' dir='ltr'><strong>uio-</strong></span> 
     </span>
    </p>
   </div>
   <div class='ocr_carea' id='block_1_70' title="bbox 1052 1273 1155 1305">
    <p class='ocr_par' dir='ltr' id='par_1_70' title="bbox 1052 1273 1155 1305">
     <span class='ocr_line' id='line_1_71' title="bbox 1052 1273 1155 1305; baseline 0 -6"><span class='ocrx_word' id='word_1_498' title='bbox 1052 1273 1155 1305; x_wconf 82' lang='grc' dir='ltr'>θεσίας.</span> 
     </span>
    </p>
   </div>
   <div class='ocr_carea' id='block_1_71' title="bbox 1085 1319 1838 1358">
    <p class='ocr_par' dir='ltr' id='par_1_71' title="bbox 1085 1319 1838 1358">
     <span class='ocr_line' id='line_1_72' title="bbox 1085 1319 1838 1358; baseline 0.007 -13"><span class='ocrx_word' id='word_1_499' title='bbox 1085 1319 1256 1355; x_wconf 76' lang='grc' dir='ltr'>Σημειωτέον</span> <span class='ocrx_word' id='word_1_500' title='bbox 1274 1320 1316 1347; x_wconf 80' lang='grc' dir='ltr'><strong>ὅτι</strong></span> <span class='ocrx_word' id='word_1_501' title='bbox 1334 1320 1440 1348; x_wconf 78' lang='grc' dir='ltr'>ἀδικίαν</span> <span class='ocrx_word' id='word_1_502' title='bbox 1454 1322 1501 1348; x_wconf 81' lang='grc' dir='ltr'><strong>καὶ</strong></span> <span class='ocrx_word' id='word_1_503' title='bbox 1520 1320 1598 1358; x_wconf 73' lang='grc' dir='ltr'>ὓϐριν</span> <span class='ocrx_word' id='word_1_504' title='bbox 1617 1322 1665 1349; x_wconf 76' lang='grc' dir='ltr'>καὶ</span> <span class='ocrx_word' id='word_1_505' title='bbox 1690 1323 1838 1358; x_wconf 81' lang='grc' dir='ltr'>ὑπερηφα-</span> 
     </span>
    </p>
   </div>
   <div class='ocr_carea' id='block_1_72' title="bbox 1051 1365 1839 1404">
    <p class='ocr_par' dir='ltr' id='par_1_72' title="bbox 1051 1365 1839 1404">
     <span class='ocr_line' id='line_1_73' title="bbox 1051 1365 1839 1404; baseline 0.008 -13"><span class='ocrx_word' id='word_1_506' title='bbox 1051 1365 1119 1398; x_wconf 80' lang='grc' dir='ltr'>νίαν,</span> <span class='ocrx_word' id='word_1_507' title='bbox 1132 1365 1178 1392; x_wconf 84' lang='grc' dir='ltr'>τὸν</span> <span class='ocrx_word' id='word_1_508' title='bbox 1188 1366 1279 1393; x_wconf 77' lang='grc' dir='ltr'>ἄδικον</span> <span class='ocrx_word' id='word_1_509' title='bbox 1292 1366 1421 1403; x_wconf 80' lang='grc' dir='ltr'>ῠὸριστὴν</span> <span class='ocrx_word' id='word_1_510' title='bbox 1432 1367 1479 1394; x_wconf 70' lang='grc' dir='ltr'><strong>καὶ</strong></span> <span class='ocrx_word' id='word_1_511' title='bbox 1494 1368 1667 1404; x_wconf 82' lang='grc' dir='ltr'>ὑπερήφανον</span> <span class='ocrx_word' id='word_1_512' title='bbox 1677 1368 1763 1404; x_wconf 84' lang='grc' dir='ltr'><strong>λέγει,</strong></span> <span class='ocrx_word' id='word_1_513' title='bbox 1783 1369 1839 1397; x_wconf 76' lang='grc' dir='ltr'><strong>ἀπὸ</strong></span> 
     </span>
    </p>
   </div>
   <div class='ocr_carea' id='block_1_73' title="bbox 1050 1412 1598 1449">
    <p class='ocr_par' dir='ltr' id='par_1_73' title="bbox 1050 1412 1598 1449">
     <span class='ocr_line' id='line_1_74' title="bbox 1050 1412 1598 1449; baseline 0.009 -12"><span class='ocrx_word' id='word_1_514' title='bbox 1050 1412 1099 1447; x_wconf 86' lang='grc' dir='ltr'>τῆς</span> <span class='ocrx_word' id='word_1_515' title='bbox 1115 1412 1255 1448; x_wconf 84' lang='grc' dir='ltr'>χειρίστης</span> <span class='ocrx_word' id='word_1_516' title='bbox 1266 1412 1349 1446; x_wconf 72' lang='grc' dir='ltr'>ἕξεως</span> <span class='ocrx_word' id='word_1_517' title='bbox 1358 1413 1498 1449; x_wconf 77' lang='grc' dir='ltr'>ὀνομάζων</span> <span class='ocrx_word' id='word_1_518' title='bbox 1508 1414 1598 1442; x_wconf 81' lang='grc' dir='ltr'>αὐτόν.</span> 
     </span>
    </p>
   </div>
   <div class='ocr_carea' id='block_1_74' title="bbox 1086 1512 1837 1550">
    <p class='ocr_par' dir='ltr' id='par_1_74' title="bbox 1086 1512 1837 1550">
     <span class='ocr_line' id='line_1_75' title="bbox 1086 1512 1837 1550; baseline 0.008 -12"><span class='ocrx_word' id='word_1_519' title='bbox 1086 1512 1213 1540; x_wconf 83' lang='grc' dir='ltr'>Τουτέστι</span> <span class='ocrx_word' id='word_1_520' title='bbox 1227 1513 1291 1548; x_wconf 85' lang='grc' dir='ltr'>παρ’</span> <span class='ocrx_word' id='word_1_521' title='bbox 1302 1513 1368 1549; x_wconf 76' lang='grc' dir='ltr'>ἐμοῦ</span> <span class='ocrx_word' id='word_1_522' title='bbox 1382 1512 1411 1541; x_wconf 70' lang='grc' dir='ltr'><strong>τὸ</strong></span> <span class='ocrx_word' id='word_1_523' title='bbox 1422 1513 1548 1541; x_wconf 75' lang='grc' dir='ltr'>εὔϐουλον</span> <span class='ocrx_word' id='word_1_524' title='bbox 1560 1514 1606 1543; x_wconf 65' lang='grc' dir='ltr'>καὶ</span> <span class='ocrx_word' id='word_1_525' title='bbox 1617 1516 1739 1550; x_wconf 83' lang='grc' dir='ltr'>ἀσφαλές</span> <span class='ocrx_word' id='word_1_526' title='bbox 1748 1523 1756 1530; x_wconf 90' lang='grc'><strong>·</strong></span> <span class='ocrx_word' id='word_1_527' title='bbox 1768 1517 1837 1544; x_wconf 83' lang='grc' dir='ltr'>ὅπου</span> 
     </span>
    </p>
   </div>
   <div class='ocr_carea' id='block_1_75' title="bbox 1047 1557 1837 1598">
    <p class='ocr_par' dir='ltr' id='par_1_75' title="bbox 1047 1557 1837 1598">
     <span class='ocr_line' id='line_1_76' title="bbox 1047 1557 1837 1598; baseline 0.006 -14"><span class='ocrx_word' id='word_1_528' title='bbox 1047 1557 1102 1594; x_wconf 84' lang='grc' dir='ltr'>γὰρ</span> <span class='ocrx_word' id='word_1_529' title='bbox 1115 1558 1204 1591; x_wconf 81' lang='grc' dir='ltr'>τοῦτο,</span> <span class='ocrx_word' id='word_1_530' title='bbox 1221 1560 1345 1586; x_wconf 81' lang='grc' dir='ltr'>κάκεϊνο·</span> <span class='ocrx_word' id='word_1_531' title='bbox 1363 1561 1428 1596; x_wconf 77' lang='grc' dir='ltr'>ὁρᾷς</span> <span class='ocrx_word' id='word_1_532' title='bbox 1442 1561 1578 1597; x_wconf 78' lang='grc' dir='ltr'>πανταχοῦ</span> <span class='ocrx_word' id='word_1_533' title='bbox 1600 1562 1712 1598; x_wconf 82' lang='grc' dir='ltr'>προτιθέ</span> <span class='ocrx_word' id='word_1_534' title='bbox 1718 1571 1788 1598; x_wconf 80' lang='grc' dir='ltr'>μενα</span> <span class='ocrx_word' id='word_1_535' title='bbox 1802 1564 1837 1589; x_wconf 74' lang='grc' dir='ltr'>τὰ</span> 
     </span>
    </p>
   </div>
   <div class='ocr_carea' id='block_1_76' title="bbox 1048 1604 1836 1643">
    <p class='ocr_par' dir='ltr' id='par_1_76' title="bbox 1048 1604 1836 1643">
     <span class='ocr_line' id='line_1_77' title="bbox 1048 1604 1836 1643; baseline 0.005 -13"><span class='ocrx_word' id='word_1_536' title='bbox 1048 1604 1179 1640; x_wconf 83' lang='grc' dir='ltr'>ἀσώματα</span> <span class='ocrx_word' id='word_1_537' title='bbox 1192 1605 1245 1632; x_wconf 86' lang='grc' dir='ltr'>τῶν</span> <span class='ocrx_word' id='word_1_538' title='bbox 1253 1606 1416 1641; x_wconf 81' lang='grc' dir='ltr'>σωματικῶν</span> <span class='ocrx_word' id='word_1_539' title='bbox 1427 1607 1473 1634; x_wconf 81' lang='grc' dir='ltr'><strong>καὶ</strong></span> <span class='ocrx_word' id='word_1_540' title='bbox 1484 1608 1652 1643; x_wconf 70' lang='grc' dir='ltr'>κρατοῦντας</span> <span class='ocrx_word' id='word_1_541' title='bbox 1667 1605 1736 1634; x_wconf 74' lang='grc' dir='ltr'>Εἶτα</span> <span class='ocrx_word' id='word_1_542' title='bbox 1750 1608 1836 1634; x_wconf 85' lang='grc' dir='ltr'>εἰπὼν</span> 
     </span>
    </p>
   </div>
   <div class='ocr_carea' id='block_1_77' title="bbox 1046 1650 1836 1690">
    <p class='ocr_par' dir='ltr' id='par_1_77' title="bbox 1046 1650 1836 1690">
     <span class='ocr_line' id='line_1_78' title="bbox 1046 1650 1836 1690; baseline 0.005 -13"><span class='ocrx_word' id='word_1_543' title='bbox 1046 1650 1094 1677; x_wconf 74' lang='grc' dir='ltr'>καὶ</span> <span class='ocrx_word' id='word_1_544' title='bbox 1107 1651 1172 1678; x_wconf 82' lang='grc' dir='ltr'>αὐτὸ</span> <span class='ocrx_word' id='word_1_545' title='bbox 1185 1652 1215 1678; x_wconf 76' lang='grc' dir='ltr'>τὸ</span> <span class='ocrx_word' id='word_1_546' title='bbox 1227 1652 1376 1687; x_wconf 86' lang='grc' dir='ltr'>βασιλεύειν</span> <span class='ocrx_word' id='word_1_547' title='bbox 1387 1653 1420 1680; x_wconf 73' lang='grc' dir='ltr'>δι’</span> <span class='ocrx_word' id='word_1_548' title='bbox 1430 1653 1514 1688; x_wconf 79' lang='grc' dir='ltr'>αὐτῆς</span> <span class='ocrx_word' id='word_1_549' title='bbox 1537 1653 1677 1689; x_wconf 86' lang='grc' dir='ltr'>γινόμενον</span> <span class='ocrx_word' id='word_1_550' title='bbox 1687 1675 1694 1687; x_wconf 86' lang='grc'><em>,</em></span> <span class='ocrx_word' id='word_1_551' title='bbox 1711 1655 1836 1690; x_wconf 75' lang='grc' dir='ltr'>ἐπήγαγε</span> 
     </span>
    </p>
   </div>
   <div class='ocr_carea' id='block_1_78' title="bbox 1048 1697 1836 1736">
    <p class='ocr_par' dir='ltr' id='par_1_78' title="bbox 1048 1697 1836 1736">
     <span class='ocr_line' id='line_1_79' title="bbox 1048 1697 1836 1736; baseline 0.004 -13"><span class='ocrx_word' id='word_1_552' title='bbox 1048 1697 1093 1723; x_wconf 83' lang='grc' dir='ltr'>καὶ</span> <span class='ocrx_word' id='word_1_553' title='bbox 1106 1697 1120 1724; x_wconf 82' lang='grc' dir='ltr'><strong>ὃ</strong></span> <span class='ocrx_word' id='word_1_554' title='bbox 1141 1697 1231 1733; x_wconf 86' lang='grc' dir='ltr'>πολλῷ</span> <span class='ocrx_word' id='word_1_555' title='bbox 1255 1698 1346 1733; x_wconf 79' lang='grc' dir='ltr'>μεῖζόν</span> <span class='ocrx_word' id='word_1_556' title='bbox 1360 1700 1418 1726; x_wconf 79' lang='grc' dir='ltr'>ἐστι</span> <span class='ocrx_word' id='word_1_557' title='bbox 1429 1708 1436 1715; x_wconf 92' lang='grc'>·</span> <span class='ocrx_word' id='word_1_558' title='bbox 1451 1699 1530 1727; x_wconf 86' lang='grc' dir='ltr'>τοῦτο</span> <span class='ocrx_word' id='word_1_559' title='bbox 1547 1699 1601 1736; x_wconf 83' lang='grc' dir='ltr'>γὰρ</span> <span class='ocrx_word' id='word_1_560' title='bbox 1618 1699 1772 1735; x_wconf 79' lang='grc' dir='ltr'>βασιλεύειν</span> <span class='ocrx_word' id='word_1_561' title='bbox 1785 1721 1793 1733; x_wconf 84' lang='grc'><em>,</em></span> <span class='ocrx_word' id='word_1_562' title='bbox 1804 1699 1836 1726; x_wconf 75' lang='grc' dir='ltr'>τὸ</span> 
     </span>
    </p>
   </div>
   <div class='ocr_carea' id='block_1_79' title="bbox 1046 1743 1835 1782">
    <p class='ocr_par' dir='ltr' id='par_1_79' title="bbox 1046 1743 1835 1782">
     <span class='ocr_line' id='line_1_80' title="bbox 1046 1743 1835 1782; baseline 0.004 -13"><span class='ocrx_word' id='word_1_563' title='bbox 1046 1743 1174 1770; x_wconf 77' lang='grc' dir='ltr'>δύνασθαι</span> <span class='ocrx_word' id='word_1_564' title='bbox 1191 1743 1302 1776; x_wconf 84' lang='grc' dir='ltr'>δικαίως</span> <span class='ocrx_word' id='word_1_565' title='bbox 1318 1745 1466 1781; x_wconf 78' lang='grc' dir='ltr'>κεχρῆσθαι</span> <span class='ocrx_word' id='word_1_566' title='bbox 1479 1747 1511 1781; x_wconf 78' lang='grc' dir='ltr'>τῇ</span> <span class='ocrx_word' id='word_1_567' title='bbox 1528 1747 1609 1782; x_wconf 80' lang='grc' dir='ltr'>αρχῇ,</span> <span class='ocrx_word' id='word_1_568' title='bbox 1625 1745 1728 1781; x_wconf 82' lang='grc' dir='ltr'>βέλτιον</span> <span class='ocrx_word' id='word_1_569' title='bbox 1743 1754 1750 1761; x_wconf 93' lang='grc'><strong>·</strong></span> <span class='ocrx_word' id='word_1_570' title='bbox 1768 1745 1835 1773; x_wconf 73' lang='grc' dir='ltr'>ἔνιοι</span> 
     </span>
    </p>
   </div>
   <div class='ocr_carea' id='block_1_80' title="bbox 1045 1789 1835 1828">
    <p class='ocr_par' dir='ltr' id='par_1_80' title="bbox 1045 1789 1835 1828">
     <span class='ocr_line' id='line_1_81' title="bbox 1045 1789 1835 1828; baseline 0.005 -13"><span class='ocrx_word' id='word_1_571' title='bbox 1045 1789 1084 1821; x_wconf 73' lang='grc' dir='ltr'><strong>δὲ,</strong></span> <span class='ocrx_word' id='word_1_572' title='bbox 1101 1789 1220 1825; x_wconf 82' lang='grc' dir='ltr'>βασιλεῖς</span> <span class='ocrx_word' id='word_1_573' title='bbox 1238 1791 1288 1826; x_wconf 82' lang='grc' dir='ltr'>μὲν</span> <span class='ocrx_word' id='word_1_574' title='bbox 1307 1791 1369 1823; x_wconf 83' lang='grc' dir='ltr'>τοὺς</span> <span class='ocrx_word' id='word_1_575' title='bbox 1393 1793 1487 1826; x_wconf 84' lang='grc' dir='ltr'>ἁγίους</span> <span class='ocrx_word' id='word_1_576' title='bbox 1502 1793 1549 1819; x_wconf 74' lang='grc' dir='ltr'>καὶ</span> <span class='ocrx_word' id='word_1_577' title='bbox 1578 1793 1759 1828; x_wconf 77' lang='grc' dir='ltr'>μεγιστᾶνας·</span> <span class='ocrx_word' id='word_1_578' title='bbox 1788 1801 1835 1819; x_wconf 78' lang='grc' dir='ltr'><strong>τυ⁸</strong></span> 
     </span>
    </p>
   </div>
   <div class='ocr_carea' id='block_1_81' title="bbox 1048 1836 1835 1875">
    <p class='ocr_par' dir='ltr' id='par_1_81' title="bbox 1048 1836 1835 1875">
     <span class='ocr_line' id='line_1_82' title="bbox 1048 1836 1835 1875; baseline 0.005 -13"><span class='ocrx_word' id='word_1_579' title='bbox 1048 1836 1159 1872; x_wconf 86' lang='grc' dir='ltr'>ράννους</span> <span class='ocrx_word' id='word_1_580' title='bbox 1168 1837 1207 1869; x_wconf 80' lang='grc' dir='ltr'><strong>δὲ,</strong></span> <span class='ocrx_word' id='word_1_581' title='bbox 1220 1837 1283 1869; x_wconf 84' lang='grc' dir='ltr'>τοὺς</span> <span class='ocrx_word' id='word_1_582' title='bbox 1297 1837 1337 1864; x_wconf 78' lang='grc' dir='ltr'><strong>ἔτι</strong></span> <span class='ocrx_word' id='word_1_583' title='bbox 1352 1837 1537 1874; x_wconf 80' lang='grc' dir='ltr'>πολεμοῦντας</span> <span class='ocrx_word' id='word_1_584' title='bbox 1546 1838 1595 1875; x_wconf 79' lang='grc' dir='ltr'>τὴν</span> <span class='ocrx_word' id='word_1_585' title='bbox 1607 1839 1705 1875; x_wconf 80' lang='grc' dir='ltr'>σάρκα,</span> <span class='ocrx_word' id='word_1_586' title='bbox 1720 1840 1769 1866; x_wconf 79' lang='grc' dir='ltr'>καὶ</span> <span class='ocrx_word' id='word_1_587' title='bbox 1781 1839 1835 1866; x_wconf 80' lang='grc' dir='ltr'>τῶν</span> 
     </span>
    </p>
   </div>
   <div class='ocr_carea' id='block_1_82' title="bbox 1046 1879 1361 1916">
    <p class='ocr_par' dir='ltr' id='par_1_82' title="bbox 1046 1879 1361 1916">
     <span class='ocr_line' id='line_1_83' title="bbox 1046 1879 1361 1916; baseline 0.006 -10"><span class='ocrx_word' id='word_1_588' title='bbox 1046 1879 1141 1907; x_wconf 75' lang='grc' dir='ltr'>παθῶν</span> <span class='ocrx_word' id='word_1_589' title='bbox 1154 1879 1361 1916; x_wconf 66' lang='grc' dir='ltr'>τυραννοῦπας.</span> 
     </span>
    </p>
   </div>
   <div class='ocr_carea' id='block_1_83' title="bbox 1080 1970 1833 2009">
    <p class='ocr_par' dir='ltr' id='par_1_83' title="bbox 1080 1970 1833 2009">
     <span class='ocr_line' id='line_1_84' title="bbox 1080 1970 1833 2009; baseline 0.007 -13"><span class='ocrx_word' id='word_1_590' title='bbox 1080 1970 1175 2002; x_wconf 82' lang='grc' dir='ltr'>Μείζω</span> <span class='ocrx_word' id='word_1_591' title='bbox 1191 1971 1281 2006; x_wconf 80' lang='grc' dir='ltr'>φιλίας</span> <span class='ocrx_word' id='word_1_592' title='bbox 1295 1972 1399 2007; x_wconf 74' lang='grc' dir='ltr'>εἰσάγει</span> <span class='ocrx_word' id='word_1_593' title='bbox 1410 1972 1459 2007; x_wconf 88' lang='grc' dir='ltr'><strong>τὴν</strong></span> <span class='ocrx_word' id='word_1_594' title='bbox 1473 1972 1582 2009; x_wconf 82' lang='grc' dir='ltr'><strong>ἀγάπην</strong></span> <span class='ocrx_word' id='word_1_595' title='bbox 1593 1973 1710 2000; x_wconf 78' lang='grc' dir='ltr'>ἐνταῦθα</span> <span class='ocrx_word' id='word_1_596' title='bbox 1721 1995 1728 2005; x_wconf 81' lang='grc'>,</span> <span class='ocrx_word' id='word_1_597' title='bbox 1749 1975 1833 2009; x_wconf 65' lang='grc' dir='ltr'>ἡνίκα,</span> 
     </span>
    </p>
   </div>
   <div class='ocr_carea' id='block_1_84' title="bbox 1046 2014 1832 2055">
    <p class='ocr_par' dir='ltr' id='par_1_84' title="bbox 1046 2014 1832 2055">
     <span class='ocr_line' id='line_1_85' title="bbox 1046 2014 1832 2055; baseline 0.008 -14"><span class='ocrx_word' id='word_1_598' title='bbox 1046 2014 1083 2050; x_wconf 84' lang='grc' dir='ltr'>μὴ</span> <span class='ocrx_word' id='word_1_599' title='bbox 1100 2015 1170 2042; x_wconf 78' lang='grc' dir='ltr'>κατὰ</span> <span class='ocrx_word' id='word_1_600' title='bbox 1187 2015 1233 2042; x_wconf 82' lang='grc' dir='ltr'>τοῦ</span> <span class='ocrx_word' id='word_1_601' title='bbox 1251 2016 1332 2043; x_wconf 83' lang='grc' dir='ltr'>αὐτοῦ</span> <span class='ocrx_word' id='word_1_602' title='bbox 1353 2017 1478 2045; x_wconf 84' lang='grc' dir='ltr'>τάττεται</span> <span class='ocrx_word' id='word_1_603' title='bbox 1491 2027 1497 2033; x_wconf 90' lang='grc'><strong>·</strong></span> <span class='ocrx_word' id='word_1_604' title='bbox 1521 2018 1615 2054; x_wconf 77' lang='grc' dir='ltr'>ἀμέλει</span> <span class='ocrx_word' id='word_1_605' title='bbox 1638 2019 1685 2046; x_wconf 83' lang='grc' dir='ltr'><strong>τοῦ</strong></span> <span class='ocrx_word' id='word_1_606' title='bbox 1702 2020 1832 2055; x_wconf 78' lang='grc' dir='ltr'>Σωτῆρος</span> 
     </span>
    </p>
   </div>
   <div class='ocr_carea' id='block_1_85' title="bbox 1043 2060 1832 2101">
    <p class='ocr_par' dir='ltr' id='par_1_85' title="bbox 1043 2060 1832 2101">
     <span class='ocr_line' id='line_1_86' title="bbox 1043 2060 1832 2101; baseline 0.008 -14"><span class='ocrx_word' id='word_1_607' title='bbox 1043 2060 1082 2095; x_wconf 83' lang='grc' dir='ltr'><strong>τῷ</strong></span> <span class='ocrx_word' id='word_1_608' title='bbox 1094 2061 1188 2097; x_wconf 86' lang='grc' dir='ltr'>Πέτρῳ</span> <span class='ocrx_word' id='word_1_609' title='bbox 1195 2061 1328 2096; x_wconf 84' lang='grc' dir='ltr'>λέγοντος,</span> <span class='ocrx_word' id='word_1_610' title='bbox 1349 2063 1470 2099; x_wconf 76' lang='grc' dir='ltr'>Ἀγαπᾷς</span> <span class='ocrx_word' id='word_1_611' title='bbox 1483 2072 1515 2099; x_wconf 88' lang='grc' dir='ltr'>με</span> <span class='ocrx_word' id='word_1_612' title='bbox 1525 2073 1532 2096; x_wconf 86' lang='grc'>;</span> <span class='ocrx_word' id='word_1_613' title='bbox 1542 2064 1585 2091; x_wconf 82' lang='grc' dir='ltr'>τὸν</span> <span class='ocrx_word' id='word_1_614' title='bbox 1601 2065 1832 2101; x_wconf 83' lang='grc' dir='ltr'>προσδιαλεγόμε-</span> 
     </span>
    </p>
   </div>
   <div class='ocr_carea' id='block_1_86' title="bbox 1043 2104 1830 2146">
    <p class='ocr_par' dir='ltr' id='par_1_86' title="bbox 1043 2104 1830 2146">
     <span class='ocr_line' id='line_1_87' title="bbox 1043 2104 1830 2146; baseline 0.009 -14"><span class='ocrx_word' id='word_1_615' title='bbox 1043 2114 1087 2132; x_wconf 87' lang='grc' dir='ltr'><strong>νον</strong></span> <span class='ocrx_word' id='word_1_616' title='bbox 1098 2105 1184 2138; x_wconf 80' lang='grc' dir='ltr'>είδὼς,</span> <span class='ocrx_word' id='word_1_617' title='bbox 1196 2107 1226 2133; x_wconf 82' lang='grc' dir='ltr'>τὸ</span> <span class='ocrx_word' id='word_1_618' title='bbox 1237 2104 1316 2141; x_wconf 80' lang='grc' dir='ltr'>ἧττον</span> <span class='ocrx_word' id='word_1_619' title='bbox 1327 2106 1433 2134; x_wconf 87' lang='grc' dir='ltr'>δίδωσιν</span> <span class='ocrx_word' id='word_1_620' title='bbox 1444 2109 1542 2145; x_wconf 77' lang='grc' dir='ltr'>ἐαυτῷ,</span> <span class='ocrx_word' id='word_1_621' title='bbox 1561 2110 1601 2143; x_wconf 79' lang='grc' dir='ltr'>τὸ,</span> <span class='ocrx_word' id='word_1_622' title='bbox 1618 2112 1682 2138; x_wconf 84' lang='grc' dir='ltr'><strong>Ὅτι</strong></span> <span class='ocrx_word' id='word_1_623' title='bbox 1697 2111 1769 2146; x_wconf 86' lang='grc' dir='ltr'><strong>φιλῶ</strong></span> <span class='ocrx_word' id='word_1_624' title='bbox 1783 2120 1813 2138; x_wconf 87' lang='grc' dir='ltr'><strong>σε</strong></span> <span class='ocrx_word' id='word_1_625' title='bbox 1823 2120 1830 2127; x_wconf 83' lang='grc'><em>’</em></span> 
     </span>
    </p>
   </div>
   <div class='ocr_carea' id='block_1_87' title="bbox 1043 2151 1832 2192">
    <p class='ocr_par' dir='ltr' id='par_1_87' title="bbox 1043 2151 1832 2192">
     <span class='ocr_line' id='line_1_88' title="bbox 1043 2151 1832 2192; baseline 0.01 -15"><span class='ocrx_word' id='word_1_626' title='bbox 1043 2151 1073 2178; x_wconf 86' lang='grc' dir='ltr'>τὸ</span> <span class='ocrx_word' id='word_1_627' title='bbox 1091 2151 1118 2178; x_wconf 81' lang='grc' dir='ltr'>δὲ</span> <span class='ocrx_word' id='word_1_628' title='bbox 1134 2152 1223 2186; x_wconf 78' lang='grc' dir='ltr'>τρίτον</span> <span class='ocrx_word' id='word_1_629' title='bbox 1241 2153 1371 2185; x_wconf 80' lang='grc' dir='ltr'>ἀκούσας,</span> <span class='ocrx_word' id='word_1_630' title='bbox 1383 2154 1474 2190; x_wconf 89' lang='grc' dir='ltr'>Σίμων</span> <span class='ocrx_word' id='word_1_631' title='bbox 1497 2156 1584 2188; x_wconf 83' lang='grc' dir='ltr'><strong>Ἰωνᾶ,</strong></span> <span class='ocrx_word' id='word_1_632' title='bbox 1599 2156 1687 2191; x_wconf 66' lang='grc' dir='ltr'>φιλεῖς</span> <span class='ocrx_word' id='word_1_633' title='bbox 1703 2166 1755 2192; x_wconf 86' lang='grc' dir='ltr'>με;</span> <span class='ocrx_word' id='word_1_634' title='bbox 1770 2157 1832 2184; x_wconf 78' lang='grc' dir='ltr'>ἐλυ-</span> 
     </span>
    </p>
   </div>
   <div class='ocr_carea' id='block_1_88' title="bbox 211 2184 1005 2239">
    <p class='ocr_par' dir='ltr' id='par_1_88' title="bbox 211 2184 993 2222">
     <span class='ocr_line' id='line_1_89' title="bbox 211 2184 993 2222; baseline 0.013 -12"><span class='ocrx_word' id='word_1_635' title='bbox 211 2184 253 2217; x_wconf 74' lang='lat' dir='ltr'><strong>gis</strong></span> <span class='ocrx_word' id='word_1_636' title='bbox 267 2185 331 2212; x_wconf 81' lang='lat' dir='ltr'><strong>me?</strong></span> <span class='ocrx_word' id='word_1_637' title='bbox 344 2192 416 2219; x_wconf 65' lang='grc' dir='ltr'>σκετο</span> <span class='ocrx_word' id='word_1_638' title='bbox 433 2185 523 2213; x_wconf 87' lang='lat' dir='ltr'><strong>animo</strong></span> <span class='ocrx_word' id='word_1_639' title='bbox 538 2186 600 2219; x_wconf 81' lang='lat' dir='ltr'><strong>fuit,</strong></span> <span class='ocrx_word' id='word_1_640' title='bbox 620 2188 684 2222; x_wconf 87' lang='lat' dir='ltr'><strong>quia</strong></span> <span class='ocrx_word' id='word_1_641' title='bbox 700 2190 778 2217; x_wconf 83' lang='lat' dir='ltr'><strong>tertia</strong></span> <span class='ocrx_word' id='word_1_642' title='bbox 801 2191 852 2218; x_wconf 89' lang='lat' dir='ltr'><strong>hac</strong></span> <span class='ocrx_word' id='word_1_643' title='bbox 868 2192 925 2220; x_wconf 88' lang='lat' dir='ltr'><strong>vice</strong></span> <span class='ocrx_word' id='word_1_644' title='bbox 942 2193 993 2220; x_wconf 81' lang='lat' dir='ltr'><strong>mi-</strong></span> 
     </span>
    </p>
   </div>
   <div class='ocr_carea' id='block_1_89' title="bbox 1054 2184 1739 2239">
    <p class='ocr_par' dir='ltr' id='par_1_89' title="bbox 1054 2184 1739 2239">
     <span class='ocr_line' id='line_1_90' title="bbox 1054 2184 1739 2239; baseline 0.01 -16"><span class='ocrx_word' id='word_1_645' title='bbox 1054 2197 1117 2233; x_wconf 83' lang='grc' dir='ltr'><strong>τήθη</strong></span> <span class='ocrx_word' id='word_1_646' title='bbox 1128 2184 1169 2224; x_wconf 74' lang='grc' dir='ltr'>ὅτι</span> <span class='ocrx_word' id='word_1_647' title='bbox 1182 2198 1213 2225; x_wconf 83' lang='grc' dir='ltr'>τὸ</span> <span class='ocrx_word' id='word_1_648' title='bbox 1226 2196 1306 2235; x_wconf 80' lang='grc' dir='ltr'>ἦττον</span> <span class='ocrx_word' id='word_1_649' title='bbox 1318 2184 1408 2236; x_wconf 75' lang='grc' dir='ltr'>τρίτον</span> <span class='ocrx_word' id='word_1_650' title='bbox 1416 2184 1499 2237; x_wconf 44' lang='grc' dir='ltr'>ἀὐτῷ</span> <span class='ocrx_word' id='word_1_651' title='bbox 1515 2184 1739 2239; x_wconf 30' lang='lat' dir='ltr'><strong>«peremtus-(l2).</strong></span> 
     </span>
    </p>
   </div>
   <div class='ocr_carea' id='block_1_90' title="bbox 211 2229 936 2265">
    <p class='ocr_par' dir='ltr' id='par_1_90' title="bbox 211 2229 936 2265">
     <span class='ocr_line' id='line_1_91' title="bbox 211 2229 936 2265; baseline 0.012 -9"><span class='ocrx_word' id='word_1_652' title='bbox 211 2229 286 2257; x_wconf 80' lang='lat' dir='ltr'><strong>noris</strong></span> <span class='ocrx_word' id='word_1_653' title='bbox 299 2230 465 2265; x_wconf 73' lang='lat' dir='ltr'><strong>signiﬁcatus</strong></span> <span class='ocrx_word' id='word_1_654' title='bbox 482 2233 640 2260; x_wconf 82' lang='lat' dir='ltr'><strong>vocabulum</strong></span> <span class='ocrx_word' id='word_1_655' title='bbox 657 2241 748 2262; x_wconf 80' lang='lat' dir='ltr'><strong>secum</strong></span> <span class='ocrx_word' id='word_1_656' title='bbox 759 2236 936 2265; x_wconf 79' lang='lat' dir='ltr'><strong>adhibuisset.</strong></span> 
     </span>
    </p>
   </div>
   <div class='ocr_carea' id='block_1_91' title="bbox 245 2273 990 2315">
    <p class='ocr_par' dir='ltr' id='par_1_91' title="bbox 245 2273 990 2315">
     <span class='ocr_line' id='line_1_92' title="bbox 245 2273 990 2315; baseline 0.015 -15"><span class='ocrx_word' id='word_1_657' title='bbox 245 2273 270 2289; x_wconf 79' lang='grc'><strong>⁸³</strong></span> <span class='ocrx_word' id='word_1_658' title='bbox 285 2274 364 2303; x_wconf 87' lang='lat' dir='ltr'><strong>Solus</strong></span> <span class='ocrx_word' id='word_1_659' title='bbox 387 2277 494 2310; x_wconf 87' lang='lat' dir='ltr'><strong>sapiens</strong></span> <span class='ocrx_word' id='word_1_660' title='bbox 521 2277 595 2306; x_wconf 85' lang='lat' dir='ltr'><strong>dives</strong></span> <span class='ocrx_word' id='word_1_661' title='bbox 617 2278 783 2315; x_wconf 86' lang='lat' dir='ltr'><strong>illustrisque</strong></span> <span class='ocrx_word' id='word_1_662' title='bbox 798 2286 844 2309; x_wconf 80' lang='lat' dir='ltr'><strong>est</strong></span> <span class='ocrx_word' id='word_1_663' title='bbox 861 2291 869 2308; x_wconf 71' lang='grc' dir='ltr'><strong>τ</strong></span> <span class='ocrx_word' id='word_1_664' title='bbox 889 2284 990 2311; x_wconf 90' lang='lat' dir='ltr'><strong>etenim</strong></span> 
     </span>
    </p>
   </div>
   <div class='ocr_carea' id='block_1_92' title="bbox 212 2318 991 2361">
    <p class='ocr_par' dir='ltr' id='par_1_92' title="bbox 212 2318 991 2361">
     <span class='ocr_line' id='line_1_93' title="bbox 212 2318 991 2361; baseline 0.014 -16"><span class='ocrx_word' id='word_1_665' title='bbox 212 2318 350 2354; x_wconf 83' lang='lat' dir='ltr'><strong>multiplex</strong></span> <span class='ocrx_word' id='word_1_666' title='bbox 361 2321 430 2354; x_wconf 87' lang='lat' dir='ltr'><strong>apud</strong></span> <span class='ocrx_word' id='word_1_667' title='bbox 446 2328 506 2349; x_wconf 87' lang='lat' dir='ltr'><strong>eum</strong></span> <span class='ocrx_word' id='word_1_668' title='bbox 523 2323 657 2357; x_wconf 77' lang='lat' dir='ltr'><strong>possessio</strong></span> <span class='ocrx_word' id='word_1_669' title='bbox 676 2329 728 2357; x_wconf 86' lang='lat' dir='ltr'><strong>est,</strong></span> <span class='ocrx_word' id='word_1_670' title='bbox 747 2329 774 2352; x_wconf 89' lang='lat' dir='ltr'><strong>et</strong></span> <span class='ocrx_word' id='word_1_671' title='bbox 795 2327 934 2361; x_wconf 71' lang='lat' dir='ltr'><strong>sapientiae</strong></span> <span class='ocrx_word' id='word_1_672' title='bbox 948 2335 991 2356; x_wconf 80' lang='lat' dir='ltr'><strong>se-</strong></span> 
     </span>
    </p>
   </div>
   <div class='ocr_carea' id='block_1_93' title="bbox 211 2365 990 2402">
    <p class='ocr_par' dir='ltr' id='par_1_93' title="bbox 211 2365 990 2402">
     <span class='ocr_line' id='line_1_94' title="bbox 211 2365 990 2402; baseline 0.013 -11"><span class='ocrx_word' id='word_1_673' title='bbox 211 2365 301 2397; x_wconf 79' lang='lat' dir='ltr'><strong>mina;</strong></span> <span class='ocrx_word' id='word_1_674' title='bbox 317 2373 377 2400; x_wconf 73' lang='lat' dir='ltr'><strong>quae</strong></span> <span class='ocrx_word' id='word_1_675' title='bbox 391 2367 417 2394; x_wconf 93' lang='lat' dir='ltr'><strong>in</strong></span> <span class='ocrx_word' id='word_1_676' title='bbox 429 2367 524 2402; x_wconf 87' lang='lat' dir='ltr'><strong>spiritu</strong></span> <span class='ocrx_word' id='word_1_677' title='bbox 537 2376 643 2402; x_wconf 82' lang='lat' dir='ltr'><strong>serens,</strong></span> <span class='ocrx_word' id='word_1_678' title='bbox 657 2371 738 2398; x_wconf 83' lang='lat' dir='ltr'><strong>vitam</strong></span> <span class='ocrx_word' id='word_1_679' title='bbox 755 2372 840 2399; x_wconf 87' lang='lat' dir='ltr'><strong>metit.</strong></span> <span class='ocrx_word' id='word_1_680' title='bbox 862 2372 929 2401; x_wconf 89' lang='lat' dir='ltr'><strong>Cum</strong></span> <span class='ocrx_word' id='word_1_681' title='bbox 941 2381 990 2401; x_wconf 81' lang='lat' dir='ltr'><strong>au—</strong></span> 
     </span>
    </p>
   </div>
   <div class='ocr_carea' id='block_1_94' title="bbox 210 2413 988 2449">
    <p class='ocr_par' dir='ltr' id='par_1_94' title="bbox 210 2413 988 2449">
     <span class='ocr_line' id='line_1_95' title="bbox 210 2413 988 2449; baseline 0.013 -12"><span class='ocrx_word' id='word_1_682' title='bbox 210 2415 262 2438; x_wconf 86' lang='lat' dir='ltr'><strong>tem</strong></span> <span class='ocrx_word' id='word_1_683' title='bbox 275 2418 338 2439; x_wconf 82' lang='lat' dir='ltr'><strong>suas</strong></span> <span class='ocrx_word' id='word_1_684' title='bbox 356 2419 416 2440; x_wconf 82' lang='lat' dir='ltr'><strong>esse</strong></span> <span class='ocrx_word' id='word_1_685' title='bbox 435 2413 500 2441; x_wconf 87' lang='lat' dir='ltr'><strong>dicit</strong></span> <span class='ocrx_word' id='word_1_686' title='bbox 522 2414 642 2449; x_wconf 84' lang='lat' dir='ltr'><strong>divitias,</strong></span> <span class='ocrx_word' id='word_1_687' title='bbox 654 2416 744 2445; x_wconf 82' lang='lat' dir='ltr'><strong>dicere</strong></span> <span class='ocrx_word' id='word_1_688' title='bbox 768 2418 875 2446; x_wconf 84' lang='lat' dir='ltr'><strong>videtur</strong></span> <span class='ocrx_word' id='word_1_689' title='bbox 890 2427 897 2444; x_wconf 95' lang='lat'>:</span> <span class='ocrx_word' id='word_1_690' title='bbox 917 2418 988 2447; x_wconf 85' lang='lat' dir='ltr'><strong>Nihil</strong></span> 
     </span>
    </p>
   </div>
   <div class='ocr_carea' id='block_1_95' title="bbox 208 2458 988 2500">
    <p class='ocr_par' dir='ltr' id='par_1_95' title="bbox 208 2458 988 2500">
     <span class='ocr_line' id='line_1_96' title="bbox 208 2458 988 2500; baseline 0.013 -17"><span class='ocrx_word' id='word_1_691' title='bbox 208 2464 276 2491; x_wconf 84' lang='lat' dir='ltr'><strong>opus</strong></span> <span class='ocrx_word' id='word_1_692' title='bbox 311 2458 358 2485; x_wconf 88' lang='lat' dir='ltr'><strong>tibi</strong></span> <span class='ocrx_word' id='word_1_693' title='bbox 381 2463 424 2486; x_wconf 87' lang='lat' dir='ltr'><strong>est</strong></span> <span class='ocrx_word' id='word_1_694' title='bbox 443 2460 580 2494; x_wconf 74' lang='lat' dir='ltr'><strong>expensis.</strong></span> <span class='ocrx_word' id='word_1_695' title='bbox 603 2469 652 2490; x_wconf 89' lang='lat' dir='ltr'><strong>nec</strong></span> <span class='ocrx_word' id='word_1_696' title='bbox 682 2470 710 2490; x_wconf 92' lang='lat' dir='ltr'><strong>re</strong></span> <span class='ocrx_word' id='word_1_697' title='bbox 732 2470 800 2491; x_wconf 90' lang='lat' dir='ltr'><strong>nova</strong></span> <span class='ocrx_word' id='word_1_698' title='bbox 824 2464 933 2500; x_wconf 75' lang='lat' dir='ltr'><strong>aliqua,</strong></span> <span class='ocrx_word' id='word_1_699' title='bbox 959 2469 988 2493; x_wconf 90' lang='lat' dir='ltr'><strong>ut</strong></span> 
     </span>
    </p>
   </div>
   <div class='ocr_carea' id='block_1_96' title="bbox 208 2507 988 2545">
    <p class='ocr_par' dir='ltr' id='par_1_96' title="bbox 208 2507 988 2545">
     <span class='ocr_line' id='line_1_97' title="bbox 208 2507 988 2545; baseline 0.013 -16"><span class='ocrx_word' id='word_1_700' title='bbox 208 2510 301 2532; x_wconf 79' lang='lat' dir='ltr'><strong>amore</strong></span> <span class='ocrx_word' id='word_1_701' title='bbox 315 2512 376 2532; x_wconf 88' lang='lat' dir='ltr'><strong>meo</strong></span> <span class='ocrx_word' id='word_1_702' title='bbox 386 2507 502 2541; x_wconf 79' lang='lat' dir='ltr'><strong>potiaris</strong></span> <span class='ocrx_word' id='word_1_703' title='bbox 515 2515 523 2540; x_wconf 87' lang='lat'><strong>;</strong></span> <span class='ocrx_word' id='word_1_704' title='bbox 542 2512 646 2535; x_wconf 87' lang='lat' dir='ltr'><strong>tantum</strong></span> <span class='ocrx_word' id='word_1_705' title='bbox 662 2509 768 2545; x_wconf 74' lang='lat' dir='ltr'><strong>diligas,</strong></span> <span class='ocrx_word' id='word_1_706' title='bbox 784 2515 811 2538; x_wconf 86' lang='lat' dir='ltr'><strong>et</strong></span> <span class='ocrx_word' id='word_1_707' title='bbox 829 2511 988 2539; x_wconf 81' lang='lat' dir='ltr'><strong>redamabe-</strong></span> 
     </span>
    </p>
   </div>
   <div class='ocr_carea' id='block_1_97' title="bbox 209 2549 986 2589">
    <p class='ocr_par' dir='ltr' id='par_1_97' title="bbox 209 2549 986 2589">
     <span class='ocr_line' id='line_1_98' title="bbox 209 2549 986 2589; baseline 0.012 -13"><span class='ocrx_word' id='word_1_708' title='bbox 209 2551 256 2577; x_wconf 80' lang='lat' dir='ltr'><strong>ris.</strong></span> <span class='ocrx_word' id='word_1_709' title='bbox 277 2549 427 2585; x_wconf 83' lang='lat' dir='ltr'><strong>Imo.quoa</strong></span> <span class='ocrx_word' id='word_1_710' title='bbox 447 2557 489 2579; x_wconf 86' lang='lat' dir='ltr'><strong>est</strong></span> <span class='ocrx_word' id='word_1_711' title='bbox 501 2553 635 2585; x_wconf 86' lang='lat' dir='ltr'><strong>mirabile,</strong></span> <span class='ocrx_word' id='word_1_712' title='bbox 655 2563 749 2589; x_wconf 84' lang='lat' dir='ltr'><strong>nempe</strong></span> <span class='ocrx_word' id='word_1_713' title='bbox 773 2556 799 2583; x_wconf 94' lang='lat' dir='ltr'><strong>in</strong></span> <span class='ocrx_word' id='word_1_714' title='bbox 814 2557 915 2585; x_wconf 80' lang='lat' dir='ltr'><strong>divitiis</strong></span> <span class='ocrx_word' id='word_1_715' title='bbox 926 2564 986 2585; x_wconf 86' lang='lat' dir='ltr'><strong>esse</strong></span> 
     </span>
    </p>
   </div>
   <div class='ocr_carea' id='block_1_98' title="bbox 204 2596 987 2638">
    <p class='ocr_par' dir='ltr' id='par_1_98' title="bbox 204 2596 987 2638">
     <span class='ocr_line' id='line_1_99' title="bbox 204 2596 987 2638; baseline 0.01 -15"><span class='ocrx_word' id='word_1_716' title='bbox 204 2596 349 2631; x_wconf 79' lang='lat' dir='ltr'><strong>justitiam,</strong></span> <span class='ocrx_word' id='word_1_717' title='bbox 361 2597 387 2625; x_wconf 91' lang='lat' dir='ltr'><strong>id</strong></span> <span class='ocrx_word' id='word_1_718' title='bbox 401 2605 508 2632; x_wconf 81' lang='lat' dir='ltr'><strong>quoque</strong></span> <span class='ocrx_word' id='word_1_719' title='bbox 524 2600 594 2634; x_wconf 85' lang='lat' dir='ltr'><strong>apud</strong></span> <span class='ocrx_word' id='word_1_720' title='bbox 610 2607 653 2627; x_wconf 85' lang='lat' dir='ltr'><strong>me</strong></span> <span class='ocrx_word' id='word_1_721' title='bbox 665 2605 717 2633; x_wconf 87' lang='lat' dir='ltr'><strong>est,</strong></span> <span class='ocrx_word' id='word_1_722' title='bbox 728 2607 754 2629; x_wconf 87' lang='lat' dir='ltr'><strong>et</strong></span> <span class='ocrx_word' id='word_1_723' title='bbox 767 2602 838 2630; x_wconf 90' lang='lat' dir='ltr'><strong>aliud</strong></span> <span class='ocrx_word' id='word_1_724' title='bbox 848 2603 987 2638; x_wconf 86' lang='lat' dir='ltr'><strong>quodlibet</strong></span> 
     </span>
    </p>
   </div>
   <div class='ocr_carea' id='block_1_99' title="bbox 207 2641 315 2670">
    <p class='ocr_par' dir='ltr' id='par_1_99' title="bbox 207 2641 315 2670">
     <span class='ocr_line' id='line_1_100' title="bbox 207 2641 315 2670; baseline 0.028 -3"><span class='ocrx_word' id='word_1_725' title='bbox 207 2641 302 2670; x_wconf 83' lang='lat' dir='ltr'><strong>bonum</strong></span> <span class='ocrx_word' id='word_1_726' title='bbox 307 2661 315 2670; x_wconf 86' lang='grc'>.</span> 
     </span>
    </p>
   </div>
   <div class='ocr_carea' id='block_1_100' title="bbox 255 2700 1003 2734">
    <p class='ocr_par' dir='ltr' id='par_1_100' title="bbox 255 2700 1003 2734">
     <span class='ocr_line' id='line_1_101' title="bbox 255 2700 1003 2734; baseline 0.009 -7"><span class='ocrx_word' id='word_1_727' title='bbox 255 2700 279 2715; x_wconf 81' lang='grc'><strong>⁷⁸</strong></span> <span class='ocrx_word' id='word_1_728' title='bbox 293 2708 316 2728; x_wconf 83' lang='lat' dir='ltr'><strong>v.</strong></span> <span class='ocrx_word' id='word_1_729' title='bbox 333 2701 360 2729; x_wconf 84' lang='lat'><strong>5.</strong></span> <span class='ocrx_word' id='word_1_730' title='bbox 399 2701 422 2717; x_wconf 81' lang='lat'><strong>&quot;°</strong></span> <span class='ocrx_word' id='word_1_731' title='bbox 437 2709 462 2728; x_wconf 79' lang='grc' dir='ltr'>ν.</span> <span class='ocrx_word' id='word_1_732' title='bbox 481 2703 524 2730; x_wconf 85' lang='grc' dir='ltr'><strong>Η.</strong></span> <span class='ocrx_word' id='word_1_733' title='bbox 563 2703 585 2719; x_wconf 81' lang='grc'><strong>¹·</strong></span> <span class='ocrx_word' id='word_1_734' title='bbox 600 2711 623 2730; x_wconf 84' lang='lat' dir='ltr'><strong>v.</strong></span> <span class='ocrx_word' id='word_1_735' title='bbox 637 2703 680 2731; x_wconf 79' lang='lat' dir='ltr'><strong>I3.</strong></span> <span class='ocrx_word' id='word_1_736' title='bbox 718 2703 767 2732; x_wconf 76' lang='lat' dir='ltr'><strong>&quot;v.</strong></span> <span class='ocrx_word' id='word_1_737' title='bbox 782 2704 825 2732; x_wconf 75' lang='grc' dir='ltr'><strong>Η.</strong></span> <span class='ocrx_word' id='word_1_738' title='bbox 871 2706 894 2722; x_wconf 82' lang='lat'>”</span> <span class='ocrx_word' id='word_1_739' title='bbox 909 2714 934 2733; x_wconf 87' lang='lat' dir='ltr'><strong>v.</strong></span> <span class='ocrx_word' id='word_1_740' title='bbox 960 2707 1003 2734; x_wconf 87' lang='lat' dir='ltr'><strong>I7.</strong></span> 
     </span>
    </p>
   </div>
   <div class='ocr_carea' id='block_1_101' title="bbox 1080 2287 1829 2325">
    <p class='ocr_par' dir='ltr' id='par_1_101' title="bbox 1080 2287 1829 2325">
     <span class='ocr_line' id='line_1_102' title="bbox 1080 2287 1829 2325; baseline 0.009 -12"><span class='ocrx_word' id='word_1_741' title='bbox 1080 2287 1141 2313; x_wconf 81' lang='grc' dir='ltr'><strong>Ὀτι</strong></span> <span class='ocrx_word' id='word_1_742' title='bbox 1158 2287 1237 2322; x_wconf 80' lang='grc' dir='ltr'>μόνος</span> <span class='ocrx_word' id='word_1_743' title='bbox 1263 2288 1278 2314; x_wconf 81' lang='grc' dir='ltr'><strong>ό</strong></span> <span class='ocrx_word' id='word_1_744' title='bbox 1303 2289 1383 2324; x_wconf 78' lang='grc' dir='ltr'>σοφὸς</span> <span class='ocrx_word' id='word_1_745' title='bbox 1404 2289 1530 2322; x_wconf 83' lang='grc' dir='ltr'>πλούσιος</span> <span class='ocrx_word' id='word_1_746' title='bbox 1552 2291 1599 2318; x_wconf 76' lang='grc' dir='ltr'>καὶ</span> <span class='ocrx_word' id='word_1_747' title='bbox 1618 2291 1752 2325; x_wconf 77' lang='grc' dir='ltr'>εὗκλεής’</span> <span class='ocrx_word' id='word_1_748' title='bbox 1769 2292 1829 2320; x_wconf 77' lang='grc' dir='ltr'>ἐστι</span> 
     </span>
    </p>
   </div>
   <div class='ocr_carea' id='block_1_102' title="bbox 1042 2332 1826 2373">
    <p class='ocr_par' dir='ltr' id='par_1_102' title="bbox 1042 2332 1826 2373">
     <span class='ocr_line' id='line_1_103' title="bbox 1042 2332 1826 2373; baseline 0.009 -15"><span class='ocrx_word' id='word_1_749' title='bbox 1042 2332 1097 2368; x_wconf 79' lang='grc' dir='ltr'>γὰρ</span> <span class='ocrx_word' id='word_1_750' title='bbox 1108 2332 1137 2359; x_wconf 75' lang='grc' dir='ltr'>ἐν</span> <span class='ocrx_word' id='word_1_751' title='bbox 1150 2332 1224 2368; x_wconf 83' lang='grc' dir='ltr'><strong>αὺτῷ</strong></span> <span class='ocrx_word' id='word_1_752' title='bbox 1243 2334 1338 2369; x_wconf 78' lang='grc' dir='ltr'>κτῆσις</span> <span class='ocrx_word' id='word_1_753' title='bbox 1352 2335 1456 2362; x_wconf 80' lang='grc' dir='ltr'>πολλῶν</span> <span class='ocrx_word' id='word_1_754' title='bbox 1478 2336 1525 2363; x_wconf 75' lang='grc' dir='ltr'>καὶ</span> <span class='ocrx_word' id='word_1_755' title='bbox 1539 2338 1696 2373; x_wconf 83' lang='grc' dir='ltr'>γεννήματα</span> <span class='ocrx_word' id='word_1_756' title='bbox 1713 2339 1826 2373; x_wconf 84' lang='grc' dir='ltr'>σοφίας·</span> 
     </span>
    </p>
   </div>
   <div class='ocr_carea' id='block_1_103' title="bbox 1042 2377 1827 2420">
    <p class='ocr_par' dir='ltr' id='par_1_103' title="bbox 1042 2377 1827 2420">
     <span class='ocr_line' id='line_1_104' title="bbox 1042 2377 1827 2420; baseline 0.01 -17"><span class='ocrx_word' id='word_1_757' title='bbox 1042 2377 1060 2403; x_wconf 74' lang='grc' dir='ltr'>ἃ</span> <span class='ocrx_word' id='word_1_758' title='bbox 1073 2377 1121 2404; x_wconf 82' lang='grc' dir='ltr'>καὶ</span> <span class='ocrx_word' id='word_1_759' title='bbox 1135 2378 1252 2414; x_wconf 86' lang='grc' dir='ltr'>σπείρων</span> <span class='ocrx_word' id='word_1_760' title='bbox 1269 2379 1309 2411; x_wconf 81' lang='grc' dir='ltr'><strong>εἰς</strong></span> <span class='ocrx_word' id='word_1_761' title='bbox 1331 2379 1360 2406; x_wconf 68' lang='grc' dir='ltr'><strong>τὶ)</strong></span> <span class='ocrx_word' id='word_1_762' title='bbox 1378 2381 1498 2416; x_wconf 82' lang='grc' dir='ltr'>πνεῦμα,</span> <span class='ocrx_word' id='word_1_763' title='bbox 1517 2381 1618 2418; x_wconf 79' lang='grc' dir='ltr'>θερίζει</span> <span class='ocrx_word' id='word_1_764' title='bbox 1646 2383 1734 2420; x_wconf 82' lang='grc' dir='ltr'>ζωήν·</span> <span class='ocrx_word' id='word_1_765' title='bbox 1753 2384 1827 2412; x_wconf 78' lang='grc' dir='ltr'>ἔοικε</span> 
     </span>
    </p>
   </div>
   <div class='ocr_carea' id='block_1_104' title="bbox 1040 2420 1827 2461">
    <p class='ocr_par' dir='ltr' id='par_1_104' title="bbox 1040 2420 1827 2461">
     <span class='ocr_line' id='line_1_105' title="bbox 1040 2420 1827 2461; baseline 0.01 -11"><span class='ocrx_word' id='word_1_766' title='bbox 1040 2423 1071 2450; x_wconf 81' lang='grc' dir='ltr'>δὲ</span> <span class='ocrx_word' id='word_1_767' title='bbox 1090 2423 1134 2451; x_wconf 82' lang='grc' dir='ltr'><strong>διὰ</strong></span> <span class='ocrx_word' id='word_1_768' title='bbox 1155 2424 1202 2450; x_wconf 81' lang='grc' dir='ltr'>τοῦ</span> <span class='ocrx_word' id='word_1_769' title='bbox 1219 2420 1318 2461; x_wconf 77' lang='grc' dir='ltr'>ἑαυτῆς</span> <span class='ocrx_word' id='word_1_770' title='bbox 1333 2426 1422 2460; x_wconf 80' lang='grc' dir='ltr'>λέγειν</span> <span class='ocrx_word' id='word_1_771' title='bbox 1442 2428 1488 2453; x_wconf 86' lang='grc' dir='ltr'>τὸν</span> <span class='ocrx_word' id='word_1_772' title='bbox 1505 2428 1635 2461; x_wconf 85' lang='grc' dir='ltr'>πλοῦτον,</span> <span class='ocrx_word' id='word_1_773' title='bbox 1654 2430 1776 2457; x_wconf 82' lang='grc' dir='ltr'>τοιοῦτόν</span> <span class='ocrx_word' id='word_1_774' title='bbox 1799 2440 1827 2459; x_wconf 89' lang='grc' dir='ltr'>τι</span> 
     </span>
    </p>
   </div>
   <div class='ocr_carea' id='block_1_105' title="bbox 1041 2468 1825 2511">
    <p class='ocr_par' dir='ltr' id='par_1_105' title="bbox 1041 2468 1825 2511">
     <span class='ocr_line' id='line_1_106' title="bbox 1041 2468 1825 2511; baseline 0.009 -16"><span class='ocrx_word' id='word_1_775' title='bbox 1041 2468 1139 2503; x_wconf 79' lang='grc' dir='ltr'>λέγειν,</span> <span class='ocrx_word' id='word_1_776' title='bbox 1153 2470 1195 2496; x_wconf 76' lang='grc' dir='ltr'>ὅτι</span> <span class='ocrx_word' id='word_1_777' title='bbox 1208 2470 1245 2496; x_wconf 77' lang='grc' dir='ltr'><strong>Οὐ</strong></span> <span class='ocrx_word' id='word_1_778' title='bbox 1268 2470 1346 2506; x_wconf 84' lang='grc' dir='ltr'>χρεία</span> <span class='ocrx_word' id='word_1_779' title='bbox 1362 2479 1403 2498; x_wconf 88' lang='grc' dir='ltr'><strong>σοι</strong></span> <span class='ocrx_word' id='word_1_780' title='bbox 1412 2472 1548 2508; x_wconf 77' lang='grc' dir='ltr'>δαπάνης,</span> <span class='ocrx_word' id='word_1_781' title='bbox 1564 2473 1623 2500; x_wconf 76' lang='grc' dir='ltr'>οὐδὲ</span> <span class='ocrx_word' id='word_1_782' title='bbox 1637 2475 1825 2511; x_wconf 82' lang='grc' dir='ltr'>καινοτομίας,</span> 
     </span>
    </p>
   </div>
   <div class='ocr_carea' id='block_1_106' title="bbox 1039 2514 1851 2557">
    <p class='ocr_par' dir='ltr' id='par_1_106' title="bbox 1039 2514 1851 2557">
     <span class='ocr_line' id='line_1_107' title="bbox 1039 2514 1851 2557; baseline 0.01 -17"><span class='ocrx_word' id='word_1_783' title='bbox 1039 2515 1078 2546; x_wconf 86' lang='grc' dir='ltr'><strong>είς</strong></span> <span class='ocrx_word' id='word_1_784' title='bbox 1093 2514 1138 2542; x_wconf 75' lang='grc' dir='ltr'>τὸν</span> <span class='ocrx_word' id='word_1_785' title='bbox 1150 2515 1218 2551; x_wconf 83' lang='grc' dir='ltr'>πρὸς</span> <span class='ocrx_word' id='word_1_786' title='bbox 1233 2516 1282 2551; x_wconf 78' lang='grc' dir='ltr'><strong>ἐμὲ</strong></span> <span class='ocrx_word' id='word_1_787' title='bbox 1295 2516 1382 2552; x_wconf 78' lang='grc' dir='ltr'>ἔρωτα</span> <span class='ocrx_word' id='word_1_788' title='bbox 1394 2537 1401 2550; x_wconf 92' lang='grc'>,</span> <span class='ocrx_word' id='word_1_789' title='bbox 1419 2517 1477 2544; x_wconf 85' lang='grc' dir='ltr'>ἀλλ’</span> <span class='ocrx_word' id='word_1_790' title='bbox 1495 2519 1576 2554; x_wconf 83' lang='grc' dir='ltr'>ἀρκεῖ</span> <span class='ocrx_word' id='word_1_791' title='bbox 1591 2519 1621 2546; x_wconf 86' lang='grc' dir='ltr'>τὸ</span> <span class='ocrx_word' id='word_1_792' title='bbox 1636 2520 1749 2555; x_wconf 78' lang='grc' dir='ltr'>φιλῆσαι</span> <span class='ocrx_word' id='word_1_793' title='bbox 1775 2522 1826 2557; x_wconf 67' lang='grc' dir='ltr'><strong>μτὶ-</strong></span> <span class='ocrx_word' id='word_1_794' title='bbox 1845 2528 1851 2534; x_wconf 89' lang='grc'><strong>”</strong></span> 
     </span>
    </p>
   </div>
   <div class='ocr_carea' id='block_1_107' title="bbox 1038 2561 1824 2602">
    <p class='ocr_par' dir='ltr' id='par_1_107' title="bbox 1038 2561 1824 2602">
     <span class='ocr_line' id='line_1_108' title="bbox 1038 2561 1824 2602; baseline 0.01 -15"><span class='ocrx_word' id='word_1_795' title='bbox 1038 2569 1091 2593; x_wconf 86' lang='grc' dir='ltr'>νον,</span> <span class='ocrx_word' id='word_1_796' title='bbox 1107 2561 1153 2587; x_wconf 74' lang='grc' dir='ltr'>καὶ</span> <span class='ocrx_word' id='word_1_797' title='bbox 1166 2562 1390 2599; x_wconf 77' lang='grc' dir='ltr'>ἀνταγαπηθήσῃ.</span> <span class='ocrx_word' id='word_1_798' title='bbox 1409 2563 1489 2591; x_wconf 75' lang='grc' dir='ltr'>Ἀλλὰ</span> <span class='ocrx_word' id='word_1_799' title='bbox 1507 2564 1570 2600; x_wconf 81' lang='grc' dir='ltr'>μὴν,</span> <span class='ocrx_word' id='word_1_800' title='bbox 1581 2565 1628 2593; x_wconf 73' lang='grc' dir='ltr'><strong>καὶ</strong></span> <span class='ocrx_word' id='word_1_801' title='bbox 1637 2567 1651 2593; x_wconf 86' lang='grc' dir='ltr'><strong>δ</strong></span> <span class='ocrx_word' id='word_1_802' title='bbox 1665 2567 1824 2602; x_wconf 76' lang='grc' dir='ltr'>θαυμαστόν</span> 
     </span>
    </p>
   </div>
   <div class='ocr_carea' id='block_1_108' title="bbox 1038 2605 1823 2649">
    <p class='ocr_par' dir='ltr' id='par_1_108' title="bbox 1038 2605 1823 2649">
     <span class='ocr_line' id='line_1_109' title="bbox 1038 2605 1823 2649; baseline 0.011 -18"><span class='ocrx_word' id='word_1_803' title='bbox 1038 2606 1095 2632; x_wconf 76' lang='grc' dir='ltr'>ἐστι</span> <span class='ocrx_word' id='word_1_804' title='bbox 1104 2626 1112 2638; x_wconf 88' lang='lat'><strong>,</strong></span> <span class='ocrx_word' id='word_1_805' title='bbox 1126 2605 1155 2632; x_wconf 81' lang='grc' dir='ltr'>τὸ</span> <span class='ocrx_word' id='word_1_806' title='bbox 1170 2607 1199 2632; x_wconf 83' lang='grc' dir='ltr'>ὲν</span> <span class='ocrx_word' id='word_1_807' title='bbox 1214 2606 1319 2641; x_wconf 71' lang='grc' dir='ltr'>πλούτῳ</span> <span class='ocrx_word' id='word_1_808' title='bbox 1332 2606 1400 2634; x_wconf 83' lang='grc' dir='ltr'>εἶναι</span> <span class='ocrx_word' id='word_1_809' title='bbox 1413 2608 1585 2645; x_wconf 85' lang='grc' dir='ltr'>δικαιοσύνην</span> <span class='ocrx_word' id='word_1_810' title='bbox 1594 2630 1602 2642; x_wconf 87' lang='grc'>,</span> <span class='ocrx_word' id='word_1_811' title='bbox 1618 2613 1685 2647; x_wconf 77' lang='grc' dir='ltr'>παρ’</span> <span class='ocrx_word' id='word_1_812' title='bbox 1699 2613 1761 2649; x_wconf 69' lang='grc' dir='ltr'>ἐμοὶ</span> <span class='ocrx_word' id='word_1_813' title='bbox 1776 2613 1823 2640; x_wconf 72' lang='grc' dir='ltr'>καὶ</span> 
     </span>
    </p>
   </div>
   <div class='ocr_carea' id='block_1_109' title="bbox 1039 2651 1593 2690">
    <p class='ocr_par' dir='ltr' id='par_1_109' title="bbox 1039 2651 1593 2690">
     <span class='ocr_line' id='line_1_110' title="bbox 1039 2651 1593 2690; baseline 0.011 -13"><span class='ocrx_word' id='word_1_814' title='bbox 1039 2651 1117 2678; x_wconf 81' lang='grc' dir='ltr'>τοῦτό</span> <span class='ocrx_word' id='word_1_815' title='bbox 1130 2652 1198 2684; x_wconf 77' lang='grc' dir='ltr'>ἐστι,</span> <span class='ocrx_word' id='word_1_816' title='bbox 1209 2653 1256 2679; x_wconf 79' lang='grc' dir='ltr'>καὶ</span> <span class='ocrx_word' id='word_1_817' title='bbox 1271 2652 1306 2679; x_wconf 80' lang='grc' dir='ltr'>τὰ</span> <span class='ocrx_word' id='word_1_818' title='bbox 1318 2652 1384 2680; x_wconf 74' lang='grc' dir='ltr'>ἄλλα</span> <span class='ocrx_word' id='word_1_819' title='bbox 1398 2654 1486 2682; x_wconf 81' lang='grc' dir='ltr'>πάντα</span> <span class='ocrx_word' id='word_1_820' title='bbox 1495 2656 1593 2690; x_wconf 77' lang='grc' dir='ltr'><strong>ἀγαθά.</strong></span> 
     </span>
    </p>
   </div>
   <div class='ocr_carea' id='block_1_110' title="bbox 1037 2708 1510 2743">
    <p class='ocr_par' dir='ltr' id='par_1_110' title="bbox 1037 2708 1510 2743">
     <span class='ocr_line' id='line_1_111' title="bbox 1037 2708 1510 2743; baseline 0.013 -8"><span class='ocrx_word' id='word_1_821' title='bbox 1037 2709 1060 2724; x_wconf 72' lang='grc'><strong><em>⁸⁵</em></strong></span> <span class='ocrx_word' id='word_1_822' title='bbox 1079 2708 1157 2737; x_wconf 83' lang='lat' dir='ltr'><strong>Joan.</strong></span> <span class='ocrx_word' id='word_1_823' title='bbox 1180 2718 1235 2743; x_wconf 78' lang='lat' dir='ltr'><strong>xxi,</strong></span> <span class='ocrx_word' id='word_1_824' title='bbox 1252 2710 1344 2738; x_wconf 77' lang='lat' dir='ltr'><strong>I5—I7.</strong></span> <span class='ocrx_word' id='word_1_825' title='bbox 1379 2712 1402 2728; x_wconf 80' lang='lat'>”</span> <span class='ocrx_word' id='word_1_826' title='bbox 1418 2720 1445 2740; x_wconf 79' lang='grc' dir='ltr'>ν.</span> <span class='ocrx_word' id='word_1_827' title='bbox 1467 2714 1510 2741; x_wconf 91' lang='lat' dir='ltr'><strong>I8.</strong></span> 
     </span>
    </p>
   </div>
   <div class='ocr_carea' id='block_1_111' title="bbox 241 2745 1819 2793">
    <p class='ocr_par' dir='ltr' id='par_1_111' title="bbox 241 2745 1819 2793">
     <span class='ocr_line' id='line_1_112' title="bbox 241 2745 1819 2793; baseline 0.013 -21"><span class='ocrx_word' id='word_1_828' title='bbox 241 2745 368 2793; x_wconf 49' lang='grc' dir='ltr'><strong>(ηλιυιισι</strong></span> <span class='ocrx_word' id='word_1_829' title='bbox 384 2748 578 2793; x_wconf 49' lang='lat' dir='ltr'><strong>Augustinum,</strong></span> <span class='ocrx_word' id='word_1_830' title='bbox 590 2748 688 2777; x_wconf 83' lang='lat' dir='ltr'><strong>Contra</strong></span> <span class='ocrx_word' id='word_1_831' title='bbox 710 2751 790 2778; x_wconf 76' lang='lat' dir='ltr'><strong>Acad.</strong></span> <span class='ocrx_word' id='word_1_832' title='bbox 803 2759 834 2784; x_wconf 81' lang='lat' dir='ltr'><strong>rt,</strong></span> <span class='ocrx_word' id='word_1_833' title='bbox 851 2752 893 2784; x_wconf 86' lang='lat' dir='ltr'><strong>I6,</strong></span> <span class='ocrx_word' id='word_1_834' title='bbox 916 2758 1003 2780; x_wconf 79' lang='lat' dir='ltr'><strong>exstat</strong></span> <span class='ocrx_word' id='word_1_835' title='bbox 1020 2753 1177 2789; x_wconf 74' lang='lat' dir='ltr'><strong>famigcrata</strong></span> <span class='ocrx_word' id='word_1_836' title='bbox 1195 2756 1335 2785; x_wconf 77' lang='lat' dir='ltr'><strong>definitio:</strong></span> <span class='ocrx_word' id='word_1_837' title='bbox 1353 2757 1487 2793; x_wconf 77' lang='lat' dir='ltr'><strong>Sapientia</strong></span> <span class='ocrx_word' id='word_1_838' title='bbox 1509 2765 1546 2787; x_wconf 81' lang='lat' dir='ltr'><strong>est</strong></span> <span class='ocrx_word' id='word_1_839' title='bbox 1574 2769 1660 2788; x_wconf 84' lang='lat' dir='ltr'><strong>rerum</strong></span> <span class='ocrx_word' id='word_1_840' title='bbox 1686 2759 1819 2792; x_wconf 73' lang='lat' dir='ltr'><strong>humana-</strong></span> 
     </span>
    </p>
   </div>
   <div class='ocr_carea' id='block_1_112' title="bbox 205 2781 604 2817">
    <p class='ocr_par' dir='ltr' id='par_1_112' title="bbox 205 2781 604 2817">
     <span class='ocr_line' id='line_1_113' title="bbox 205 2781 604 2817; baseline 0.013 -12"><span class='ocrx_word' id='word_1_841' title='bbox 205 2781 472 2817; x_wconf 18' lang='lat' dir='ltr'><strong>runi‘dipinarumque</strong></span> <span class='ocrx_word' id='word_1_842' title='bbox 485 2784 604 2811; x_wconf 78' lang='lat' dir='ltr'><strong>scientia.</strong></span> 
     </span>
    </p>
   </div>
   <div class='ocr_carea' id='block_1_113' title="bbox 240 2814 1740 2867">
    <p class='ocr_par' dir='ltr' id='par_1_113' title="bbox 240 2814 1740 2867">
     <span class='ocr_line' id='line_1_114' title="bbox 240 2814 1740 2867; baseline 0.013 -25"><span class='ocrx_word' id='word_1_843' title='bbox 240 2814 278 2849; x_wconf 66' lang='lat'><strong>(‘2)</strong></span> <span class='ocrx_word' id='word_1_844' title='bbox 297 2814 456 2846; x_wconf 72' lang='lat' dir='ltr'><strong>Accui&#39;alnin</strong></span> <span class='ocrx_word' id='word_1_845' title='bbox 481 2818 680 2847; x_wconf 77' lang='lat' dir='ltr'><strong>distinctionem</strong></span> <span class='ocrx_word' id='word_1_846' title='bbox 703 2820 765 2849; x_wconf 71' lang='lat' dir='ltr'><strong>facit</strong></span> <span class='ocrx_word' id='word_1_847' title='bbox 777 2821 886 2850; x_wconf 63' lang='lat' dir='ltr'><strong>Graecus</strong></span> <span class='ocrx_word' id='word_1_848' title='bbox 904 2823 973 2851; x_wconf 84' lang='lat' dir='ltr'><strong>inter</strong></span> <span class='ocrx_word' id='word_1_849' title='bbox 987 2824 1094 2860; x_wconf 71' lang='grc' dir='ltr'>ἀγαπᾷν</span> <span class='ocrx_word' id='word_1_850' title='bbox 1113 2831 1138 2853; x_wconf 90' lang='lat' dir='ltr'><strong>et</strong></span> <span class='ocrx_word' id='word_1_851' title='bbox 1152 2826 1247 2860; x_wconf 73' lang='grc' dir='ltr'>φιλεῖν,</span> <span class='ocrx_word' id='word_1_852' title='bbox 1264 2829 1333 2863; x_wconf 86' lang='lat' dir='ltr'><strong>quod</strong></span> <span class='ocrx_word' id='word_1_853' title='bbox 1352 2836 1431 2858; x_wconf 80' lang='lat' dir='ltr'><strong>:ccus</strong></span> <span class='ocrx_word' id='word_1_854' title='bbox 1443 2829 1468 2857; x_wconf 77' lang='lat' dir='ltr'><strong>iii</strong></span> <span class='ocrx_word' id='word_1_855' title='bbox 1490 2829 1548 2858; x_wconf 77' lang='lat' dir='ltr'><strong>Lat.</strong></span> <span class='ocrx_word' id='word_1_856' title='bbox 1569 2831 1675 2867; x_wconf 70' lang='lat' dir='ltr'><strong>vulgato</strong></span> <span class='ocrx_word' id='word_1_857' title='bbox 1696 2834 1740 2861; x_wconf 75' lang='lat' dir='ltr'><strong>tit.</strong></span> 
     </span>
    </p>
   </div>
  </div>
