1919 3074
201 97 252 124 187

235 156 259 172 ³·
273 154 325 187 Qui
344 153 416 180 omni
432 156 512 179 vento
540 152 669 179 doctrinm
689 151 891 182 circumfertur.
918 151 978 178 lidei
994 157 1017 185 Α

202 200 371 235 naufragium
389 199 498 228 faciens.
512 205 541 225 se
556 197 672 231 procella
692 197 771 224 velttti
786 202 813 224 ct
833 196 899 223 alios
913 204 981 230 quos

202 246 270 280 regit
284 245 387 279 perdel.
404 243 551 278 Dereliquit
562 243 633 270 enim
649 243 706 270 vias
722 244 910 270 mandatorum
924 243 982 276 ejul

201 290 246 324 qui
272 289 336 317 dicit
353 297 360 316 :
377 289 432 324 Ego
448 296 507 316 sum
525 288 602 320 vilis,
629 296 677 316 vos
700 288 836 323 palmites,
860 293 886 315 et
901 288 982 316 Pater

203 345 278 365 utens
293 337 410 372 agricola
429 341 482 364 est.
494 350 529 356 —
547 335 597 368 Qui
620 336 671 363 sibi
693 343 746 362 non
770 340 912 363 coacervat
929 336 983 362 vir-

204 384 305 410 tutibus
316 383 434 409 divinam
448 382 602 414 scientiam,
618 382 661 409 hic
677 389 728 408 non
743 387 885 409 coacervat
903 388 982 410 teter-

204 429 230 457 ni
247 429 321 463 regni
334 428 514 457 immortalem
527 428 653 455 fructum.
675 428 724 455 Est
735 432 823 455 autem
839 428 979 459 sterilitas.

204 475 323 509 nequitia
339 478 367 501 et
381 474 498 501 inscitia.

237 520 260 535 "
275 521 328 548 Ceu
344 527 428 554 panes
452 519 557 551 vitales,
584 518 675 546 divina
700 519 782 546 verba
803 518 920 547 libenter
933 527 982 554 gu-

205 569 287 596 stare.
307 569 334 592 et
361 564 387 590 in
404 564 502 591 mcutis
526 564 656 599 penetrali
678 564 829 591 divinorum
855 572 981 592 sensuum

206 609 518 644 contetnplationem.-—
537 609 622 636 Panes
647 609 743 636 anima:
768 613 830 636 sunt
858 609 981 641 virtutes,

204 663 273 691 quas
288 661 379 682 noster
390 663 497 689 quoque
509 655 639 682 Servator
654 655 731 683 nobis
746 655 899 689 imperavit,
914 655 983 690 jeju-

207 702 280 727 nintn
295 702 410 733 scilicet,
426 702 602 733 continentia,
614 702 712 734 oratio,
738 706 764 728 ct
782 703 891 730 similia.
908 703 982 730 Clam

206 754 270 774 vero
281 747 337 774 haec
351 747 463 782 agenda,
477 755 510 774 ne
522 747 549 774 in
563 752 706 782 conspectu
726 748 863 775 hominum
883 748 948 776 sint.

956 839 1030 867 CAP.

241 888 264 904 "
281 888 372 915 Virum
395 887 460 915 dicit
483 887 604 916 doctrina
630 895 790 923 pauperem;
807 895 912 921 manus,
936 895 981 916 sa-
997 891 1017 918 Β

207 933 314 968 ρίθηιίεε
327 937 413 959 actus.
582 934 585 939 '

241 977 266 993 "
281 977 326 1004 Vir
342 977 470 1004 cordatus
491 977 524 1003 ab
535 978 661 1004 :crumuls
677 981 704 1004 et
717 977 916 1005 calamitatibus
932 985 984 1006 nou

207 1023 368 1054 amburitur,
385 1021 530 1056 etjustitite
545 1022 664 1055 germina
679 1022 782 1056 profert
798 1030 805 1048 :
823 1028 851 1050 at
865 1023 985 1058 iniquus,

205 1073 239 1096 εχ
255 1076 284 1095 re
301 1075 408 1103 quoqtte
421 1066 490 1094 bona
506 1067 632 1095 damnum
648 1068 758 1101 patitur.

241 1114 265 1130 “
285 1113 458 1147 Disciplinam
480 1113 668 1146 increpatione
686 1118 821 1141 carentem
841 1113 907 1141 dicit
927 1114 986 1141 ani—

207 1167 258 1187 tua!
275 1159 373 1186 malam
398 1157 494 1193 agendi
521 1158 671 1190 rationem,
693 1166 753 1192 qua:
778 1164 805 1186 et
820 1167 937 1187 errorem
960 1165 987 1188 et.

207 1204 320 1233 exitium
333 1204 357 1231 ei
368 1203 482 1231 confert.
498 1203 550 1230 Sed
566 1204 606 1229 via
623 1204 693 1236 \‘lltB,
703 1212 755 1231 non
769 1205 855 1232 solum
865 1206 898 1233 ab
909 1210 987 1233 mter-

207 1257 242 1278 na
253 1256 384 1280 erumna,
395 1257 488 1276 verum
498 1250 577 1275 etiam
593 1249 640 1276 abs
650 1249 767 1284 qttalmct
782 1251 842 1278 vita:
854 1251 985 1284 molestia,

207 1302 257 1323 eos
281 1294 327 1330 qui
351 1294 460 1322 malitia;
487 1301 549 1321 sunt
574 1299 718 1325 expertes.
736 1295 862 1323 defendit.
887 1296 987 1324 Malitia

208 1349 274 1370 vero
286 1346 411 1371 carentes
427 1342 492 1371 dicit
506 1342 576 1375 illos,
593 1350 637 1377 qut
663 1343 732 1370 tnale
748 1343 781 1370 ab
798 1344 887 1378 aliquo
900 1345 988 1379 passi,

209 1389 391 1417 inneceutiam
412 1393 499 1416 tamen
514 1396 574 1416 cum
595 1389 727 1416 charitate
745 1390 925 1418 τραπείη-νει
949 1391 990 1418 di-

210 1434 350 1469 αἰριίιιοιιι
357 1434 546 1469 ἀνεξέλεγκτον
553 1434 616 1461 dicit
628 1435 711 1467 illam,
725 1442 784 1469 quae
801 1436 916 1470 speciem
932 1437 990 1471 qui-

211 1480 272 1508 dem
288 1481 396 1516 pietatis
413 1481 502 1513 habet,
523 1482 570 1508 sed
590 1486 679 1508 tamen
706 1486 783 1509 caret
807 1482 991 1516 experimento

211 1533 239 1556 et
249 1527 444 1562 exploratione.
461 1526 526 1554 Nam
541 1527 585 1562 qui
601 1535 653 1554 non
668 1527 748 1554 fuerit
767 1527 931 1562 exploratus,
945 1536 992 1556 ne-

211 1581 266 1609 que
281 1573 342 1601 aliis
362 1578 479 1601 mentem
493 1581 568 1601 suam
583 1574 810 1609 cogitationesque
822 1575 990 1610 patefecerit,
1005 1572 1026 1601 α

212 1618 238 1647 is
249 1618 276 1645 in
288 1625 356 1645 vana
369 1618 576 1652 praesumptione
591 1623 723 1645 versatur.

247 1664 270 1681 "
295 1663 422 1698 Operiunt
448 1663 514 1691 dicit
529 1671 589 1697 pro,
609 1671 662 1690 non
680 1664 772 1690 sinunt
791 1671 931 1698 apparere.
944 1663 994 1691 Vel

213 1709 383 1738 inimicitiam
396 1710 433 1736 ait
448 1717 497 1745 pro
516 1709 628 1742 malitia,
644 1709 721 1743 cujus
739 1716 820 1737 causa
839 1709 917 1737 invisi
931 1717 995 1737 eva-

213 1756 302 1785 dimus
315 1756 379 1783 Deo.
394 1755 429 1781 At
450 1755 522 1782 enim
540 1755 708 1782 inimicitiam
724 1755 852 1782 adversus
868 1755 951 1783 Deum
967 1760 1001 1791 et,

214 1802 351 1833 homines,
369 1801 468 1829 nostris
496 1801 523 1827 in
548 1801 673 1829 cordibus
689 1809 703 1828 u
730 1801 849 1834 maligno
872 1802 992 1834 insitam,

214 1847 266 1874 viri
280 1846 344 1880 justi
360 1846 510 1880 expellunt,
524 1846 662 1880 Deumque
679 1845 758 1873 labiis
770 1846 920 1880 celebrant,
933 1854 995 1874 cum

214 1891 253 1919 ita
278 1891 411 1925 malignus
431 1898 479 1918 eos
500 1891 654 1918 lenlaverit.
677 1890 706 1917 Si
730 1891 799 1918 enim
819 1899 877 1918 cum
897 1891 996 1918 inimici

213 1945 340 1970 euentus,
356 1938 442 1972 inquit
462 1936 561 1964 Paulus
571 1936 605 1968 ",
620 1937 876 1964 reconcilialixumus
886 1937 998 1973 Deo‘pcr

214 1991 323 2012 mortem
347 1984 412 2011 Filii
435 1984 502 2018 ejus.
527 1984 603 2016 Quod
621 1985 642 2010 si
667 1985 806 2012 inimicitia
826 1986 920 2012 vitium
943 1991 996 2019 est,

214 2031 310 2065 utique
334 2029 452 2058 amicitia
467 2029 553 2055 virtus
566 2033 594 2055 et
608 2030 710 2063 agnitio
731 2030 787 2063 Dei,
800 2039 853 2065 qua
867 2030 998 2059 elIicimur

215 2076 294 2103 Intici
313 2075 372 2109 ejus
393 2080 421 2103 et
440 2080 594 2103 sanctarum
617 2080 788 2109 potestatum.
806 2076 864 2104 Jam
884 2078 930 2113 qui
951 2079 997 2106 talt

215 2120 342 2152 amicitiae
359 2127 460 2155 genere
475 2120 531 2147 Deo
546 2120 646 2147 fuerint
667 2121 761 2154 amici,
778 2124 870 2157 utique
886 2129 913 2150 et
929 2123 998 2151 invi-

216 2173 275 2193 cem
286 2165 366 2193 amici
382 2170 472 2193 erunt.

251 2212 275 2229 θ’
288 2212 410 2245 Domine,
431 2217 491 2240 ante
508 2218 531 2240 le
548 2221 623 2240 omne
644 2213 806 2241 desiderium
821 2223 906 2242 meum
919 2215 939 2248 ί,
955 2216 998 2243 in-

217 2258 276 2294 quit
291 2258 385 2286 David.
399 2257 427 2285 ld
441 2264 493 2292 est,
508 2260 636 2294 quidquid
653 2260 706 2287 Deo
727 2266 830 2295 gratum
846 2267 898 2293 est,
918 2262 996 2296 etju—
1013 2248 1034 2276 D

217 2308 275 2331 stos
286 2303 374 2337 decet,
391 2303 418 2331 id
435 2304 581 2339 optandum
597 2309 649 2338 est,
662 2309 692 2331 ut
701 2305 873 2338 acceptabilis
884 2306 920 2333 sit
932 2313 993 2333 orat

219 2349 258 2377 tio
272 2353 365 2376 nostra
380 2357 472 2377 coram
493 2350 557 2378 Deo.
570 2351 603 2377 At
625 2350 722 2384 impitts
739 2351 888 2386 pcrditione
901 2358 996 2386 perpe-

218 2400 263 2422 ttta
279 2395 481 2431 circumagitur,
494 2396 556 2423 dum
571 2404 631 2431 quae
644 2397 698 2424 Dco
708 2397 818 2425 minitne
833 2402 908 2432 grata
922 2402 994 2430 sunt,

218 2441 292 2475 cupit
305 2442 423 2476 agitque.

253 2488 264 2503 ’
279 2486 308 2515 Si
322 2488 404 2516 timor
421 2487 467 2515 Dei
477 2488 552 2515 addit
564 2489 631 2522 dies,
641 2489 745 2516 initium
760 2493 848 2516 autem
858 2479 997 2523 sapientiae

220 2533 301 2561 timor
317 2533 433 2566 Domini,
451 2534 542 2569 utique
559 2535 585 2561 hi
601 2536 658 2562 dies
672 2541 763 2568 partes
785 2535 923 2570 sapientia:
936 2539 998 2562 sunt

222 2587 237 2605 a
247 2579 361 2614 iustitia:
379 2579 436 2606 sole
455 2588 600 2608 concessrc.
613 2581 678 2608 Nam
693 2581 734 2608 vir
751 2583 905 2616 proﬁciens,
921 2585 1000 2616 auget

221 2627 345 2654 notiones
355 2631 382 2653 et
394 2626 614 2655 illuminaliuncs.
628 2628 680 2655 Pro
696 2629 789 2656 diebus
800 2633 889 2656 autem
906 2628 1000 2663 ltujus-

222 2673 293 2701 tttodi
309 2679 369 2701 orat
380 2673 475 2706 David,
491 2675 584 2702 dicens
599 2684 606 2702 :
626 2673 666 2701 Nc
685 2683 785 2703 revoces
800 2683 838 2703 me
849 2676 876 2702 in
890 2676 1001 2702 dimidio

258 2755 281 2772 "
298 2755 380 2782 v.12.
419 2756 441 2771 ’³
459 2763 482 2784 v.
501 2756 541 2784 l7.
585 2757 607 2773 "
628 2764 652 2784 ι’.
668 2756 693 2783 4.
732 2756 789 2783 ηνη
806 2756 831 2784 5.

227 2790 266 2818 l0.
302 2790 313 2805 '
326 2798 351 2818 ν,
366 2790 410 2817 27.

638 90 917 120 SUPPLEMENTUM
935 91 981 118 AD
999 90 1160 119 ORIGENIS
1180 91 1381 119 EXEGETICA.

1763 94 1821 122 183

1073 152 1102 178 '0
1115 152 1195 178 παντὶ¹
1214 152 1306 187 ἀνέμῳ
1327 152 1374 187 τῆς
1396 151 1567 184 διδασκαλίας
1588 153 1817 189 περιφερόμενος,

1031 199 1189 234 ναυαγήσας
1210 198 1273 233 περὶ
1296 197 1344 233 τὴν
1359 198 1465 230 πίστιν,
1489 199 1527 230 ὡς
1543 199 1587 225 ὑπ’
1607 199 1699 234 ἀνέμῳ
1715 199 1817 226 ἑαυτόν

1031 252 1061 269 τε
1075 244 1121 270 καὶ
1132 243 1228 274 ἄλλους
1241 243 1385 278 ποιμάνας.
1397 243 1534 270 ἀπώλεσεν
1543 253 1550 259 ⁸
1564 244 1677 270 ἀπέλιπε
1691 244 1746 280 γὰρ
1759 245 1817 271 τῶν

1031 289 1143 316 ἐντολῶν
1157 289 1206 320 τὰς
1219 289 1303 322 ὁδοὺς,
1319 289 1366 315 τοῦ
1383 289 1513 321 εἰπόντος,
1528 289 1597 324 Ἐγώ
1614 291 1670 325 εἰμι
1685 291 1701 325 ἡ
1721 290 1817 326 ἄμπε-

1031 335 1086 367 λος,
1099 336 1177 370 ὑμεῖς
1189 335 1223 362 τὰ
1234 335 1370 370 κλήματα,
1389 335 1435 362 καὶ
1447 336 1461 362 ό
1472 336 1565 371 Πατήρ
1582 345 1631 371 μου
1648 337 1662 362 ὁ
1676 337 1814 372 γεωργός.

1031 397 1065 402 --
1073 382 1101 408 '0
1116 382 1153 417 μὴ
1168 382 1291 415 συνάγων
1305 382 1352 408 σὺν
1361 382 1420 412 ταῖς
1431 381 1540 416 ἀρεταῖς
1552 381 1600 416 τὴν
1612 381 1686 409 Θείαν
1698 383 1812 416 γνῶσιν,

1031 425 1108 459 οὗτος
1129 428 1160 454 οὐ
1174 428 1285 461 συνάγει
1301 427 1349 462 τῆς
1369 427 1476 454 αἰωνίου
1492 427 1627 462 βασιλείας
1643 427 1691 463 τὴν
1708 428 1814 455 ἀθάνα-

1031 482 1076 501 τον
1089 473 1240 509 εὐκαρπίαν
1253 481 1259 488 ·
1275 473 1396 508 ἀκαρπία
1412 473 1439 499 δέ
1454 474 1510 500 ἐστι
1522 474 1603 500 κακία
1618 474 1664 501 καὶ
1677 474 1784 509 ἄγνοια.

1067 520 1126 547 Τῶν
1141 520 1179 551 ὡς
1194 519 1283 555 ἄρτων
1298 519 1430 551 ζωτικῶν,
1447 519 1525 558 θείων
1541 519 1627 553 λόγων
1640 520 1725 556 ἡδέως
1740 519 1814 558 ἅψας

1033 566 1112 598 σθαι,
1126 566 1172 592 καὶ
1185 554 1238 592 τῶν
1256 566 1285 591 ὲν
1303 566 1336 601 τῇ
1357 566 1462 600 κρυπτῇ
1482 555 1530 590 ’τοῦ
1549 564 1594 590 νοῦ
1612 554 1712 600 θεωρίᾳ
1732 554 1815 591 Θείωῦ

1032 612 1316 648 νοημάτων.--¹Αρτοι
1334 610 1385 637 εἰσὶ
1400 610 1449 645 τῆς
1464 609 1551 645 ψυχῆς
1567 610 1593 635 αἱ
1609 609 1720 645 ἀρεταὶ,
1740 610 1813 636 αἴτι’

1032 666 1075 688 νες
1090 657 1136 683 καὶ
1150 655 1225 690 παρὰ
1238 655 1283 682 τοῦ
1295 655 1420 690 Σωτῆρος
1434 654 1511 690 ἡμῶν
1526 654 1730 690 προσετάγησαν
1746 654 1814 690 παρ’

1032 704 1097 738 ἡμῖν
1113 702 1233 736 γίνεσθαι
1243 710 1249 716 δ
1264 700 1386 727 τουτέστι
1406 699 1533 735 νηστεία,
1548 701 1692 735 ἐγκράτεια
1704 720 1711 731 ,
1727 708 1814 735 προσ-

1032 749 1108 784 ευχὴ,
1129 748 1174 775 καὶ
1187 747 1222 774 τὰ
1233 748 1327 782 ὅμοια·
1345 747 1435 782 κρυφῇ
1447 745 1485 778 δὲ,
1503 745 1570 780 πρὸς
1583 745 1613 772 τὸ
1631 746 1667 781 μὴ
1682 745 1815 780 θεαθῆναι

1033 791 1102 818 αὐτὰ
1117 791 1173 821 τοῖς
1189 788 1351 825 ἂνθρώποις.

1048 837 1082 864 X.

1068 884 1179 919 Ἄνδρα,
1190 882 1235 909 τὸν
1250 881 1297 908 τοῦ
1314 881 1392 915 λόγου
1410 880 1619 916 πτωχεύσαντα·
1639 879 1685 906 καὶ
1701 880 1796 915 χεῖρας
1806 898 1815 912 ,

1033 932 1081 963 τὰς
1098 931 1148 965 τῆς
1161 929 1253 963 σοφίας
1265 927 1386 964 πράξεις.

1074 977 1103 1004 '0
1121 976 1229 1011 νοήμων
1246 974 1297 1000 ὑπὸ
1314 973 1368 1000 τῶν
1389 972 1503 1008 θλίψεων
1519 972 1566 998 καὶ
1589 971 1644 998 τῶν
1667 971 1818 1007 συμφορῶν

1036 1023 1072 1059 μὴ
1085 1022 1289 1057 συγκαιόμενος,
1305 1019 1461 1054 γεννήματα
1471 1018 1640 1053 δικαιοσύνης
1654 1018 1748 1053 φέρει·
1763 1018 1778 1043 ὁ
1788 1017 1818 1044 δὲ

1035 1068 1202 1103 παράνομος,
1217 1065 1264 1091 καὶ
1280 1064 1332 1090 ὑπὸ
1347 1064 1401 1090 τῶν
1415 1063 1556 1099 βελτιόνων
1570 1063 1766 1098 διαφθείρεται.

1070 1113 1196 1139 Παιδείαν
1214 1111 1404 1144 ἀνεξέλεγκτον
1432 1110 1557 1145 ὀνομάζει
1579 1110 1627 1144 τὴν
1650 1109 1739 1144 κακὴν
1765 1108 1817 1144 τῆς

1034 1159 1122 1195 ψυχῆς
1131 1157 1277 1190 πολιτείαν,
1290 1158 1351 1192 ἣτις
1364 1158 1411 1183 καὶ
1426 1156 1561 1188 ἀπωλείας
1574 1155 1620 1182 καλ¹
1633 1155 1736 1190 πλάνης
1746 1154 1816 1189 αὐτῇ

1035 1206 1139 1240 γίνεται
1157 1204 1300 1240 πρόξενος·
1314 1204 1331 1238 ἡ
1348 1203 1376 1230 δὲ
1397 1203 1455 1234 ὁδὸς
1473 1203 1523 1238 τῆς
1542 1203 1622 1236 ζωῆς,
1640 1202 1670 1228 οὐ
1689 1202 1767 1237 μόνον
1784 1201 1818 1227 ἐκ

1035 1252 1085 1287 τῆς
1100 1251 1219 1282 αἰωνίου,
1234 1250 1301 1277 ἀλλὰ
1318 1251 1364 1277 καὶ
1380 1251 1412 1277 ὲκ
1424 1249 1512 1285 πάσης
1525 1249 1673 1283 κακότητος
1693 1247 1740 1274 τοῦ
1758 1247 1818 1282 βίου

1036 1298 1192 1334 δυσχερείας
1205 1298 1267 1329 τοὺς
1276 1298 1394 1329 ἀκάκους
1409 1296 1537 1331 φυλάσσει
1546 1304 1553 1310 ·
1571 1295 1734 1326 ἁκάκους.δὲ
1743 1294 1819 1328 λέγει

1037 1345 1098 1376 τοὺς
1107 1344 1198 1375 κακῶς
1210 1343 1241 1370 ἐκ
1247 1352 1317 1375 τινος
1325 1342 1517 1378 ὑπομένοντας,
1530 1342 1576 1367 καὶ
1582 1340 1698 1367 ἀκακίαν
1707 1339 1822 1366 ἁσκοῦν·

1037 1400 1086 1423 τας
1102 1392 1131 1418 ὲν
1139 1391 1241 1427 ἀγάπῃ.
1256 1391 1292 1417 Ἦ
1301 1389 1396 1420 οὕτως.
1416 1388 1626 1422 ’Δνεξέλεγκτος,
1643 1387 1820 1422 ἡπρόσχημα

1041 1439 1089 1474 μὲν
1101 1437 1239 1469 εὐσεϐείας
1252 1437 1360 1472 ἔχουσα,
1376 1436 1546 1471 ἀγύμναστος
1561 1434 1588 1460 δὲ
1603 1431 1669 1460 οὖσα
1677 1433 1724 1459 καὶ
1732 1432 1821 1466 ἀνεξέ-

1039 1492 1152 1515 ταστος·
1173 1484 1187 1509 ὁ
1207 1482 1260 1518 γὰρ
1284 1483 1320 1518 μὴ
1344 1481 1529 1516 ἐλεγχόμενος,
1553 1480 1599 1506 καὶ¹
1624 1478 1748 1514 φανερῶν
1773 1478 1821 1505 καὶ

1042 1529 1143 1564 ἑτέροις
1158 1528 1193 1555 τὰ
1204 1529 1364 1563 φρονήματα
1381 1527 1427 1554 καὶ
1443 1526 1506 1557 τοὺς
1519 1524 1707 1559 διαλογισμοὺς
1727 1523 1821 1555 αὑτοῦ,

1043 1574 1174 1602 πλανᾶται
1183 1575 1279 1610 οἰήσει.

1077 1654 1411 1696 Τδ.καλύεττουσιν,ἀντὶ
1420 1659 1478 1693 τοῦ,
1495 1659 1545 1686 οὐκ
1566 1658 1645 1685 ὲῶσιν
1666 1656 1821 1684 ἀνανεῦσαι.

1045 1712 1080 1738 Ἢ
1095 1711 1193 1746 ἔχθραν
1205 1709 1254 1745 τὴν
1267 1708 1365 1735 κακίαν
1379 1707 1462 1741 λέγει,
1483 1706 1516 1732 δι’
1530 1704 1563 1741 ἦς
1584 1703 1675 1740 ἐχθροὶ
1691 1701 1824 1737 γινόμεθα

1043 1757 1090 1784 τοῦ
1103 1756 1169 1783 Θεοῦ
1181 1765 1187 1770 ·
1199 1756 1247 1791 τὴν
1254 1755 1282 1781 δὲ
1292 1753 1362 1781 κατὰ
1372 1752 1417 1779 τοῦ
1426 1752 1493 1779 Θεοῦ
1506 1752 1552 1778 καὶ
1564 1751 1611 1777 ἀνθ
1616 1750 1713 1786 ρώπων
1721 1748 1823 1783 ἔχθραν

1045 1802 1219 1838 ὲγγινομένην
1234 1801 1297 1836 ἡμῖν
1307 1801 1335 1826 ὲν
1348 1800 1381 1834 τῇ
1399 1798 1496 1834 καρδίᾳ
1508 1797 1560 1824 ὑπὸ
1572 1796 1618 1823 τοῦ
1632 1794 1759 1830 πονηροῦ,
1773 1794 1824 1821 αὑ-

1044 1848 1093 1884 τὴν
1110 1848 1157 1883 μὲν
1173 1846 1344 1873 ἀποσείονται
1364 1845 1387 1870 οἱ
1408 1843 1515 1875 δίκαιοι,
1542 1843 1598 1873 τοῖς
1611 1842 1639 1868 δὲ
1657 1840 1757 1876 χείλεσι
1778 1838 1825 1866 τὸν

1045 1895 1111 1922 Θεὸν
1130 1893 1268 1928 ὑμνοῦσιν,
1286 1892 1351 1919 ὅταν
1371 1890 1456 1922 οὕτως
1476 1889 1566 1920 αὺτοῖς
1581 1888 1594 1914 ἑ
1618 1886 1734 1922 πονηρὸς
1756 1886 1826 1912 imm

1046 1941 1139 1976 ὃάλλῃ·
1150 1941 1184 1967 El
1196 1939 1250 1974 γὰρ
1263 1937 1361 1973 ἐχθροί
1377 1937 1472 1969 ὄντες,
1485 1936 1565 1970 φησὶν
1579 1935 1593 1960 ὁ
1607 1933 1737 1963 Παῦλος’,
1755 1939 1810 1958 κατ

1046 1987 1221 2022 ηλλάτ-ημεν
1241 1985 1282 2018 τῷ
1312 1984 1372 2017 Θεῷ
1394 1982 1441 2009 διὰ
1458 1982 1510 2008 τοῦ
1524 1979 1653 2009 θανάτου
1676 1979 1729 2006 τοῦ
1757 1977 1825 2006 Υιοῦ

1046 2032 1154 2060 αὑτοῦ·
1176 2032 1200 2058 εί
1215 2031 1243 2058 δὲ
1258 2032 1273 2066 ἠ
1290 2030 1387 2065 ἔχθρα,
1404 2029 1487 2055 κακία
1507 2028 1589 2059 ἐστὶν,
1612 2027 1628 2062 ὴ
1653 2025 1726 2060 φιλία
1742 2023 1827 2060 ἁρετὴ

1047 2081 1093 2107 καὶ
1101 2079 1200 2114 γνῶσις
1210 2077 1287 2108 Θεοῦ,
1299 2076 1332 2103 δι’
1348 2074 1382 2112 ἦς
1395 2076 1465 2111 φίλοι
1476 2075 1606 2111 γινόμεθα
1614 2073 1695 2100 αὐτοῦ
1709 2072 1756 2099 καί
1772 2071 1828 2098 τῶν

1048 2125 1133 2160 ἁγίων
1143 2124 1282 2159 δυνάμεων
1294 2132 1300 2139 ·
1314 2122 1359 2149 ἐπὶ
1367 2122 1395 2148 δὲ
1406 2121 1455 2156 τῆς
1470 2121 1558 2155 φιλίας
1578 2119 1688 2154 ταύτης,
1708 2118 1732 2144 oi
1751 2117 1828 2148 ὅντες

1048 2170 1129 2198 αὑτοῦ
1144 2169 1224 2204 φίλοι,
1235 2169 1281 2195 καὶ
1291 2168 1410 2204 ἀλλήλων
1423 2167 1476 2194 εἰσὶ¹
1487 2166 1568 2201 φίλοι.

1083 2217 1181 2250 Κύριε,
1190 2215 1327 2241 ἐναντίον
1334 2222 1392 2241 σου
1404 2213 1486 2241 πᾶσα
1493 2213 1512 2246 ὴ
1519 2211 1658 2246 ἐπιθυμία
1662 2220 1731 2245 μου,
1746 2209 1829 2245 φησὶν

1047 2264 1062 2290 ὁ
1074 2262 1153 2288 Δαυῖδ
1162 2270 1169 2277 ·
1182 2260 1319 2287 τουτέστιν
1331 2260 1381 2286 ὅσα
1392 2258 1430 2294 τῷ
1446 2257 1506 2293 Θεῷ
1521 2257 1633 2293 ἀρεστὰ,
1650 2257 1695 2283 καὶ
1714 2254 1828 2284 δικαίοις

1047 2309 1170 2345 ἁρμόζει,
1181 2307 1322 2342 ἐπιθυμεῖν
1335 2306 1396 2342 χρὴ,
1413 2305 1456 2332 ἵνα
1469 2304 1550 2340 δεκτὴ
1567 2305 1584 2339 ἠ
1600 2301 1736 2340 προσευχὴ
1749 2299 1827 2336 ἡμῶν

1047 2354 1157 2388 γένηται
1179 2352 1298 2379 ἐναντίον
1319 2351 1366 2377 τοῦ
1382 2350 1449 2376 Θεοῦ
1461 2358 1468 2366 ν
1488 2350 1503 2376 ὁ
1523 2349 1551 2375 δὲ
1573 2348 1684 2383 ἀσεΰὴς,
1706 2346 1829 2381 ἀπωλείᾳ

1048 2400 1144 2435 αἰωνίᾳ
1155 2399 1329 2435 περιφέρεται
1346 2399 1374 2424 ὲν
1386 2396 1424 2432 τῷ
1436 2396 1577 2431 ἐπιθυμεῖν
1589 2395 1635 2422 καὶ
1649 2394 1778 2429 πράττειν
1796 2392 1832 2420 τὰ

1050 2446 1087 2482 μὴ
1100 2445 1159 2481 Θεῷ
1172 2445 1246 2479 φίλα.

1085 2492 1116 2518 Εἰ
1132 2491 1213 2526 φόϐος
1223 2489 1324 2525 Κυρίου
1343 2487 1516 2524 προστίθησιν
1533 2486 1649 2522 ἡμέρας,
1662 2485 1733 2520 ἁρχὴ
1747 2484 1775 2510 δὲ
1789 2492 1834 2511 σο-

1051 2539 1114 2573 φίας
1125 2537 1204 2572 φόὸος
1215 2536 1327 2572 Κυρίου,
1337 2536 1365 2562 αἱ
1379 2535 1478 2570 ἡμέραι
1493 2531 1581 2564 αὗται,
1595 2532 1663 2568 μέρη
1677 2531 1727 2566 τῆς
1738 2531 1835 2565 σοφίας

1053 2584 1119 2610 εἰσὶν
1133 2583 1184 2609 ὑπὸ
1195 2582 1241 2609 τοῦ
1258 2582 1332 2618 ἡλίου
1344 2581 1394 2616 τῆς
1406 2580 1576 2615 δικαιοσύνης
1592 2579 1732 2614 γινόμεναι
1743 2587 1749 2593 ·
1767 2585 1835 2612 προ-

1053 2629 1159 2656 κόπτων
1166 2628 1220 2664 γάρ
1231 2627 1390 2663 προστίθησι
1404 2625 1517 2661 γνώσεις
1530 2627 1575 2653 καὶ
1587 2624 1752 2665 φωτισμούιςο
1764 2623 1835 2658 ὑπὲρ

1054 2675 1082 2702 δὲ
1098 2674 1222 2701 τοιούτων
1242 2672 1352 2709 ήμερῶν
1369 2672 1476 2708 εὔχεται
1490 2671 1538 2698 καὶ
1562 2670 1642 2697 Δαυῖδ
1662 2669 1766 2703 λέγων·
1784 2667 1833 2702 Μὴ

872 2755 893 2771 ἐ
915 2763 937 2783 ι’.
959 2754 998 2782 Π,

1045 2755 1059 2770 ’τ
1075 2763 1098 2782 ν.
1116 2755 1158 2783 IS.
1198 2751 1337 2784 °"R_om.v.
1357 2749 1399 2781 10.
1435 2749 1458 2765 ’³
1480 2756 1505 2777 v.
1519 2748 1565 2781 2d.
1603 2747 1611 2762 '
1634 2745 1706 2777 l'sal.
1730 2752 1835 2778 xxxv",
