1919 3074
47 95 98 124 139

658 95 839 129 EXI‘OSITIO
850 101 884 128 IN
905 100 1110 131 PROVERBIA.

1643 101 1697 129 190

46 153 207 188 ἀναγάγῃς
223 163 266 189 με
280 155 318 182 ἐν
332 157 435 190 ἡμίσει
449 157 562 191 ἡμερῶν
573 166 631 191 μου
641 166 647 173 ·
660 158 760 190 ταύτας
773 158 801 185 δὲ
812 158 855 190 τὰς

913 160 1012 186 dierum
1026 167 1140 186 meorum
1152 159 1173 185 ³.
1190 158 1268 186 llisce
1283 158 1379 186 diebus
1391 157 1514 192 expletis,
1527 157 1694 186 Abrahamus

49 199 165 235 ἡμέρας
179 201 231 227 καὶ
255 202 390 238 Ἀϐραὰμ
408 203 552 238 πληρώσας
571 203 690 230 ἀπέθανε
711 204 860 240 πρεσϐύτε-

52 254 100 280 ρος
118 246 170 272 καὶ
189 246 304 283 πλήρης
329 248 442 284 ἡμερῶν
453 258 459 264 σ
480 249 526 274 καὶ
541 248 590 280 τὰς
606 248 680 281 θείας
697 249 805 285 ὁράσεις
823 250 860 282 ὡς

52 292 170 327 Ῠμέρας
183 293 353 329 προστίθησι
366 294 468 331 Κύριος
479 296 535 326 τοῖς
549 295 577 321 ἐν
583 294 673 321 πίστει
685 295 861 330 φοϐουμένοις

54 339 161 366 αὐτόν·
178 338 215 365 τὰ
232 338 340 366 δὲιτῶν
356 340 462 366 ἀσεϐῶν
481 340 539 376 ἔτη,
561 340 650 375 ἃσοφα
667 340 798 376 ὁραθέντα
815 342 863 368 καὶ

51 383 137 416 θείας
149 384 268 424 χάριτος
285 385 362 416 ἀνευ,
374 385 560 420 ὠλιγώθησαν.

85 429 190 456 Δίὦνα
205 430 253 456 τὸν
270 430 416 466 ἀνθρώπου
429 431 484 466 βίον
495 432 579 466 λέγει,
592 432 630 464 ὡς
644 433 658 458 ὁ
675 432 795 464 Παῦλος⁶
818 433 862 460 οὺ

44 475 93 510 μὴ
111 475 208 510 satira:
222 476 298 510 κρέα
311 478 355 509 εὶς
370 477 423 503 τὸν
432 476 533 511 αἰῶνα,
544 478 594 505 ἵνα
606 478 647 513 μὴ
663 478 715 505 τὸν
729 478 862 513 ἀδελφόν

46 530 115 555 μου
136 521 363 549 σκανδαλίσω·
388 523 419 549 τὸ
438 523 492 559 γὰρ
516 523 816 560 συμπαρεκτεινόμενον
828 526 860 560 τῇ

47 567 197 595 συστάσει
209 568 260 603 τῆς
275 568 348 603 ζωῆς
365 569 457 601 αὑτοῦ,
474 569 560 596 αἰῶνα
573 569 713 605 ὠνόμασεν
723 579 730 585 ·
744 571 801 596 υύκ
819 571 862 596 ὲν-

45 612 143 639 δώσει
157 613 230 648 γὰρ,
247 614 341 649 φησὶν,
354 615 368 640 ὁ
381 614 482 646 δίκαιος
498 615 654 651 ἁμαρτῆσαι
671 615 862 651 ἐνοχλούμενος

46 657 108 684 ὑπὸ
121 657 176 684 τοῦ
196 659 329 694 πονηροῦ.
345 659 375 686 Οἱ
398 659 426 686 δὲ
437 660 544 691 ἀσεϐεῖς
559 661 760 696 ἁμαρτάνοντες
773 662 802 687 οὐ
817 661 863 697 μό-

46 713 99 731 νον
115 704 309 731 ἐκπεσοῦνται
325 706 375 740 τῆς
394 705 542 740 βασιλείας,
569 706 637 733 ἀλλὰ
650 707 680 733 τὸ
693 706 748 743 πῦρ
767 707 815 734 καὶ
830 707 862 733 οὐ

46 751 107 786 τὴν
122 751 180 786 γῆν
199 752 369 786 οἰκήσουσιν.

95 797 182 823 Ἀντὶ
199 797 260 828 τοῦ,
281 798 392 832 χάριτος
411 797 553 829 ἀνάπλεώς
572 799 664 825 ἐστιν’
689 797 818 830 εὐσεϐοῦς
834 799 861 825 δὲ

912 213 1019 240 quoque
1031 205 1098 231 obiit
1112 211 1193 231 senex
1211 204 1360 238 plenusque
1374 204 1491 230 dierum.
1505 203 1615 230 Divinas
1629 211 1696 237 quo-

911 258 964 284 que
980 250 1108 282 visiones,
1124 249 1200 283 quasi
1222 249 1299 280 dies,
1318 248 1391 275 addit
1418 248 1547 275 Dominus
1562 255 1624 275 cum
1645 247 1696 274 lide

912 295 1070 323 timentibus
1091 303 1131 322 se.
1153 295 1187 321 At
1206 302 1271 321 vero
1289 295 1432 328 impiorum
1450 294 1524 325 anni.
1539 293 1696 328 insipientes

911 343 1051 379 comperti,
1068 347 1096 370 et
1107 342 1210 377 absque
1228 341 1318 369 divina
1331 341 1431 376 gratia,
1445 341 1560 368 breviati
1575 339 1694 367 fuerunt.

948 438 959 453 δ
973 436 1105 464 δωτιιιιιιη
1125 436 1190 463 dicit
1219 435 1364 462 humanam
1390 434 1484 465 vitam.
1499 438 1528 460 ut
1549 432 1647 460 Paulus
1660 433 1671 448 '
1687 442 1693 458 :

912 484 973 511 Non
988 482 1151 510 umnducabo
1164 489 1268 508 carnem
1282 481 1308 507 in
1320 480 1454 512 sarculum,
1469 488 1500 507 ne
1512 480 1577 514 forte
1587 479 1696 513 fratrem

911 537 996 556 meum
1007 527 1193 555 uaudolt'zem.
1214 527 1317 562 Quippe
1325 527 1482 554 demensum
1492 526 1554 552 vitae
1566 532 1622 552 sua:
1634 532 1695 559 spa-

913 575 990 606 tium,
1007 575 1132 602 steculum
1151 573 1311 600 nominavit.
1337 572 1395 598 Non
1420 571 1579 602 delabetur,
1597 570 1694 604 inquit,

908 620 998 654 justus
1013 621 1046 647 ad
1057 618 1223 654 peccandum
1244 622 1353 652 propter
1370 617 1458 644 illatas
1476 617 1528 644 sibi
1550 624 1564 643 a
1580 616 1696 649 maligno

913 666 1060 693 molestias.
1077 665 1112 692 At
1140 664 1214 699 impii
1240 668 1385 698 peccantes
1403 671 1455 690 non
1484 670 1567 695 regno
1593 667 1694 689 tantum
1726 674 1729 677 -

911 713 1047 745 excident,
1057 719 1150 738 verum
1166 719 1199 738 ne
1217 716 1315 738 terram
1332 710 1439 744 quidem
1455 708 1625 736 liabitabunt.

947 800 958 815 ⁸
971 800 1023 826 Pro
1039 807 1071 826 eo
1088 807 1120 826 ac
1140 799 1162 826 si
1176 799 1261 830 dicat,
1283 798 1378 834 gratim
1394 797 1488 832 plenus
1500 801 1550 824 est.
1568 796 1694 830 Religiosi

49 843 150 878 στόμα
170 842 223 868 νῦν
237 843 283 869 τὸν
298 842 360 869 νοῦν
382 843 455 876 λέγει
478 844 525 869 καὶ
546 844 596 878 τὴν
611 844 724 879 καρδίαν
735 864 742 875 ,
760 844 798 876 ὡς
814 844 855 871 διὰ

913 846 1024 874 hominis
1032 853 1063 872 os
1077 853 1147 872 nunc
1158 853 1205 880 pro
1219 849 1309 871 mente
1323 844 1389 871 dicit
1403 849 1430 871 et
1443 845 1601 878 corde,qu;e
1615 841 1694 877 quasi

50 891 111 917 τῶν
130 899 164 926 χε
170 891 252 918 ιλέων
261 890 398 926 ὑμνοῦσαν
408 890 453 917 τὸν
466 891 531 918 Θεόν
540 900 548 907 ·
562 891 592 917 τὸ
603 892 630 917 δὲ
644 891 740 918 λαλοῦν
752 892 855 927 πονηρὰ

913 893 987 920 abiis
1011 892 1092 919 Deum
1110 891 1311 918 concelebrant.
1333 890 1410 923 Quod
1434 894 1524 916 autem
1549 897 1631 924 prava
1655 889 1690 916 lo.

53 937 151 971 στόμα
167 936 226 962 τῶν
241 936 358 967 ἀσεϐῶν,
383 936 584 972 ἀποστρέφεται
607 937 662 963 ἀπὸ
674 937 721 964 τοῦ
735 937 802 964 Θεοῦ
815 938 855 969 είς

913 939 1000 973 quitur
1015 946 1046 965 os
1072 938 1215 972 unpiorum
1232 957 1239 969 ,
1258 941 1431 970 retorquetur
1445 945 1458 962 a
1477 936 1532 963 Deo
1557 936 1583 961 iu
1607 936 1693 969 ipsqu

54 980 88 1005 τ’)
102 977 181 1006 εἶναι
192 980 232 1016 τῷ
249 980 360 1016 πονηρῷ
369 986 377 995 '
390 981 440 1016 ὅρα
455 980 484 1007 δὲ
496 981 522 1008 τί
538 981 585 1008 ἀπ’
599 981 717 1015 ἐκείνου,
728 982 754 1008 τί
766 982 794 1009 δὲ
807 983 855 1009 ὰπὲ

913 984 1030 1019 impium.
1051 983 1156 1012 Videsis
1167 988 1257 1011 autem
1271 983 1335 1018 quid
1349 983 1383 1010 ab
1401 983 1456 1015 illo,
1466 988 1493 1010 et
1506 982 1570 1017 quid
1585 981 1618 1008 ab
1632 982 1692 1008 hoc.

60 1027 173 1052 τούτου.
958 1027 960 1030 ’

823 1083 898 1112 CAP.
918 1084 964 1112 Kl.

98 1129 197 1163 Ἐχων
207 1128 262 1164 γὰρ
275 1129 344 1164 πρὸς
356 1128 389 1155 τὰ
403 1129 532 1164 μέλλοντα
545 1130 591 1157 τὸν
606 1131 716 1162 σκοπὸν,
727 1131 855 1166 τυγχάνει

62 1175 177 1206 πάντως
191 1172 229 1201 ὧν
242 1175 425 1210 προσεδόκησε
435 1176 597 1211 τελευτήσας
609 1177 623 1204 ὁ
639 1177 748 1209 δίκαιος.
766 1178 800 1204 Ἦ
817 1179 856 1210 εἰς

57 1221 110 1256 τὴν
135 1221 287 1249 ἀνάστασιν
305 1222 377 1256 ἡμᾶς
403 1222 601 1257 παραπέμπει’
621 1223 668 1249 καὶ
691 1223 737 1249 ἐπὶ
761 1224 856 1250 τούτου

62 1268 111 1302 μὲν
139 1268 220 1302 μένει
241 1266 274 1293 τὰ
288 1267 363 1297 ὄντα.
377 1267 424 1294 καὶ
444 1268 493 1294 οὐκ
509 1268 681 1302 ἀφανίζεται⁴
696 1270 739 1296 ἐπ’
752 1270 856 1296 ἐκείνου

62 1313 91 1340 δὲ
105 1314 154 1340 καὶ
175 1313 211 1339 τὰ
227 1313 293 1340 ὅντα
313 1313 468 1340 σϐέννυται·
484 1314 512 1340 ἐν
525 1314 578 1350 γὰρ
593 1314 632 1350 τῷ
646 1316 759 1351 παρόντι
777 1316 856 1351 μόνον

62 1357 141 1383 αἰῶνι
160 1357 336 1391 καυχῶνται·
350 1358 414 1394 περὶ
429 1356 466 1385 ὧν
482 1358 605 1395 εἴρηται·
621 1356 676 1386 Ὧν
693 1361 709 1395 ἠ
733 1361 807 1393 δόξα
821 1362 855 1388 ἐν

61 1403 97 1438 τῇ
109 1405 246 1439 αἰσχύνῃ
260 1404 368 1440 αὐτῶν..

95 1493 156 1528 Οὐχ
173 1492 212 1524 ὡς
235 1493 419 1529 ὑποκειμένου
442 1494 489 1521 τοῦ
514 1495 643 1527 εὐσεϐοῦς
664 1498 698 1532 τῇ
717 1497 777 1533 δίκῃ
792 1498 858 1533 φησὶ

61 1539 100 1570 τὸ,
109 1539 452 1575 ’Δντάὒτοῦπαραδίδοται
462 1541 572 1577 ἀσεϐὴς,
583 1542 640 1568 ἀλλ’
648 1543 765 1579 ἐπειδὴή
776 1545 859 1578 παγίς

61 1585 134 1614 ἐστιν
150 1583 207 1610 ἀπὸ
218 1584 266 1610 τοῦ
282 1585 400 1621 πονηροῦ
410 1585 479 1612 κατὰ
492 1585 540 1612 τοῦ
553 1586 667 1618 δικαίου,
682 1588 777 1614 τούτου
794 1590 857 1624 ῥυο-

62 1629 144 1664 μένου
170 1631 333 1665 περιπίπτει
358 1631 445 1668 ταύτῃ
461 1633 479 1659 ὁ
505 1632 620 1668 ἀσεϐής·
637 1633 817 1669 agamagam
844 1636 858 1661 ὁ

61 1676 178 1711 εὐσεϐὴς
191 1676 245 1702 ὑπὸ
254 1677 333 1709 Θεοῦ,
345 1678 359 1703 ὸ
372 1676 399 1704 δὲ
411 1678 511 1713 ἀσεϐὴς
527 1679 759 1713 ἐγκαταλειφθεὶς,
780 1689 856 1716 περι-

61 1721 169 1748 πίπτει⁶
184 1722 255 1748 κατὰ
268 1723 308 1755 τὸ,
318 1724 370 1750 Ἐν
387 1724 447 1756 τοῖς
458 1724 556 1758 ἔργοις
572 1725 630 1752 τῶν
645 1725 752 1760 χειρῶν
763 1727 857 1754 αὑτοῦ

60 1767 242 1801 συνελήφθη
258 1770 275 1795 ὁ
291 1770 474 1804 ἁμαρτωλός.
492 1772 527 1797 Ἦ
543 1772 637 1808 ἐπειδὴ
652 1774 666 1799 ὁ
681 1773 782 1805 δίκαιος
792 1775 857 1801 ὑπό-

62 1815 151 1841 κειταὶ
164 1823 236 1841 τισιν
246 1815 284 1847 ὡς
297 1815 441 1852 ἅνθρωπος
454 1818 658 1854 ἁμαρτήμασιν,
672 1819 756 1846 ἐλθὼν
767 1821 780 1847 ὁ
791 1821 855 1847 ἀσε-

61 1859 111 1895 ϐὴς
128 1861 178 1887 καὶ
195 1863 385 1898 κακοποιῆσας
402 1863 446 1890 τὸν
459 1863 572 1896 δίκαιον,
584 1865 637 1892 τῶν
651 1865 699 1901 μὲν
715 1866 856 1901 ἁμαρτιῶν

63 1906 109 1938 καὶ
125 1906 182 1933 τῶν
198 1907 336 1934 κολάσεων
345 1908 399 1934 τῶν
418 1909 572 1943 μελλουσῶν
588 1911 733 1946 ἐρρύσατο,
745 1912 784 1943 εἰς
792 1913 855 1938 ἐαυ-

63 1952 106 1978 τδν
119 1953 149 1979 δὲ
166 1953 218 1984 τὰς
231 1955 367 1990 τιμωρίας
388 1955 540 1988 ἀνεδέξατο.
562 1957 739 1992 Παραδίδοται
763 1958 791 1984 δὲ
812 1959 855 1992 ὑφ’

66 1998 163 2025 ἑαποῦ
180 1999 234 2025 ὑπδ
247 2000 297 2035 τῆς
311 2000 378 2033 ἰδίας
395 2001 503 2034 κακίας,
518 2002 555 2034 ὡς
570 2003 806 2038 παραδοὺςὲαυτδν
816 2005 856 2036 εἰς

65 2044 192 2080 ἀδόκιμον
205 2045 278 2083 νοῦν.

100 2091 180 2118 Ἤτοι
202 2091 338 2127 διάκρισις
359 2093 376 2127 ἡ
395 2093 458 2128 περὶ
480 2093 535 2121 τῶν
559 2095 717 2130 πρακτέων,
736 2094 853 2132 ἢ-μήοῆ

66 2136 133 2163 ὥστε
144 2137 192 2163 τὸν
207 2137 312 2164 ἑαυτῶν
324 2137 380 2172 βίον
395 2139 545 2174 οἰκονομεῖν
554 2148 560 2154 ·
571 2140 715 2167 κλυδώνιον
731 2140 785 2177 γάρ
797 2142 854 2167 ὲστι

70 2183 136 2220 μέγα
153 2183 202 2210 καὶ
223 2183 378 2219 ἀφόρητον·
402 2184 425 2210 oi
444 2185 560 2212 τοιοῦτοι
584 2186 638 2221 γὰρ
660 2187 740 2213 παντὶ
763 2187 856 2223 ἀνέμῳ

69 2228 276 2263 περιφερόμενοι
289 2229 440 2262 ναυαγοῦσι
454 2229 518 2266 περὶ
529 2231 575 2257 τὸν
591 2231 646 2266 βίον
662 2231 679 2266 ἥ
691 2231 740 2267 τὴν
754 2232 855 2262 πίστιν,

72 2275 113 2302 καὶ
134 2274 172 2306 ὡς
188 2273 276 2308 φύλλα
296 2274 405 2310 δένδρου
425 2276 570 2303 πίπτουσιν
584 2277 639 2303 ἀπὸ
658 2276 705 2303 τοῦ
721 2277 799 2309 θεοῦ,
817 2275 857 2309 oi;

74 2320 107 2355 μὴ
120 2320 237 2356 ὑπάρχει
254 2321 334 2355 σοφία
354 2320 439 2347 Θεοῦ·
459 2322 483 2347 εί
505 2321 533 2348 δὲ
550 2323 566 2358 ὴ
589 2323 709 2358 σωτηρία
733 2323 807 2349 ἐστὶν
829 2324 856 2349 ἐν

74 2368 159 2404 βουλῇ,
175 2369 222 2394 καὶ
236 2368 285 2403 οὺχ
311 2368 405 2399 ἁπλῶς
431 2369 523 2405 βουλῇ,
546 2369 614 2396 ἀλλὰ
637 2370 684 2396 καὶ
697 2370 791 2405 πολλῇ,
807 2370 856 2398 οὐκ

76 2414 124 2449 ἄρα
145 2415 173 2440 ὲν
197 2414 322 2450 σώμασιν
339 2414 355 2449 ἢ
373 2415 525 2454 χρήμασιν,
551 2416 611 2442 οὐδὲ
627 2415 699 2442 κατὰ
715 2416 795 2450 φύσιν
815 2425 856 2448 τις

77 2459 181 2492 σώζεται
191 2469 198 2474 ·
215 2459 287 2486 κατὰ
297 2461 360 2492 τοὺς
374 2460 423 2492 τὰς
437 2460 532 2495 φύσεις
546 2462 712 2495 εἰσάγοντας.

112 2549 239 2576 Ἐνταῦθα
253 2548 302 2584 τὴν
318 2549 408 2585 ψυχὴν
422 2549 552 2584 ἄντικρυς
564 2551 693 2585 προεῖπεν
707 2550 794 2585 σῶμα·
807 2551 853 2578 καὶ

81 2596 206 2631 ὀΧριστὺς
223 2595 252 2621 δὲ
272 2596 301 2621 ὲν
323 2597 379 2626 τοῖς
393 2595 580 2629 Εὑαγγελίοις,
604 2595 683 2631 σῶμα
698 2596 747 2631 τὴν
765 2596 853 2632 ψυχὴν

82 2641 186 2675 θιομὰζει
199 2649 206 2655 ·
228 2641 261 2666 '0
273 2640 400 2674 λύχνος,
415 2639 511 2674 λέγων,
520 2640 573 2666 τοῦ
587 2639 722 2675 σώματός
737 2641 823 2668 ἐστιν
838 2643 854 2668 ὁ

84 2687 234 2721 ὀρθαλμός-
258 2685 356 2721 λύχνον
384 2686 433 2720 μὲν
456 2683 515 2712 εἷπε
538 2686 584 2713 τὸν
599 2686 679 2713 νοῦν“
704 2687 784 2718 αὐτὸς
801 2687 855 2723 γάρ

85 2735 255 2770 ἐπιγνώσεως
270 2733 394 2765 δεκτικὸς
413 2742 419 2748 “
434 2733 511 2766 σῶμα
528 2733 556 2760 δὲ
568 2733 598 2760 τὸ
613 2733 725 2769 θυμικὸν
738 2735 784 2760 καὶ
797 2735 856 2761 ἐπι-

109 2797 190 2824 ¹Ρ5νΙ.
209 2805 247 2824 cr.
262 2796 309 2822 ‘25.
363 2795 373 2810 ‘
391 2803 415 2820 γ.
435 2794 478 2822 50.
529 2795 539 2810 ⁸
556 2795 636 2822 Ιίῖυιι.
663 2803 720 2830 rm,
749 2796 790 2824 l5.

91 2830 105 2845 ι·
127 2839 145 2857 ι’.
175 2831 220 2865 ιι.
259 2831 281 2847 ιι
305 2830 388 2864 v.17.
429 2831 449 2846 ιι
468 2830 668 2863 Matth.v1,‘3“3.

943 1134 953 1149 ⁷
969 1133 1019 1166 Qui
1041 1140 1150 1168 scopum
1167 1132 1219 1159 sibi
1239 1132 1365 1167 proponit
1388 1139 1430 1158 res
1447 1131 1563 1162 futuras,
1583 1138 1695 1165 prorsus

908 1180 1025 1214 acquirit
1047 1179 1276 1214 exspectationem
1296 1186 1372 1205 suam
1399 1178 1517 1205 moriens
1532 1176 1630 1210 justus.
1647 1176 1693 1204 Vel

909 1227 941 1254 ad
968 1227 1192 1253 resurrectionem
1213 1233 1263 1252 nos
1286 1225 1410 1252 amanda!
1435 1228 1543 1251 auctor.
1570 1223 1602 1250 Et
1617 1223 1692 1257 justo

909 1272 1016 1310 quidem
1034 1276 1210 1306 mancutqua:
1222 1271 1312 1302 habet,
1324 1278 1373 1297 nec
1387 1273 1501 1304 pereunt
1513 1278 1520 1296 :
1534 1268 1634 1303 injuslo
1646 1276 1695 1295 au-

910 1323 963 1345 tem
979 1323 1006 1345 et
1021 1318 1092 1352 quod
1111 1318 1202 1349 habet,
1225 1317 1419 1350 exstinguitur.
1441 1315 1546 1350 Quippe
1559 1315 1691 1350 ejusmodi

910 1365 1032 1391 homines
1047 1364 1171 1398 pra-senti
1189 1368 1291 1390 tantum
1309 1363 1407 1391 szeeulo
1425 1362 1622 1394 essultant:de
1633 1362 1695 1397 qui-

913 1409 962 1437 bus
974 1411 1073 1437 dictum
1087 1414 1129 1437 est
1140 1411 1151 1425 "
1167 1418 1174 1435 ι
1189 1409 1306 1442 Quarum
1320 1409 1404 1444 gloria
1420 1409 1446 1436 iu
1463 1408 1606 1443 ignominia
1623 1407 1692 1440 ipso-

869 1455 891 1484 C
908 1466 978 1485 rum.

943 1503 1002 1531 Non
1018 1503 1079 1538 quia
1106 1503 1259 1538 suppositus
1273 1501 1439 1529 damnationi
1463 1501 1543 1529 fuerit
1563 1500 1605 1527 vir
1620 1500 1692 1535 pius.

907 1551 974 1579 dicit
989 1561 994 1577 :
1014 1550 1114 1584 Impius
1142 1549 1260 1576 traditur
1275 1556 1323 1582 pro
1350 1555 1383 1574 eo
1397 1555 1404 1579 ;
1421 1547 1468 1574 sed
1484 1547 1547 1582 quia
1568 1546 1690 1580 laqueum

909 1596 1049 1631 improbus
1059 1596 1133 1630 justo
1147 1596 1296 1623 tetenderat
1308 1603 1315 1627 ;
1329 1594 1382 1622 hoc
1400 1598 1503 1628 erepto,
1515 1593 1610 1620 incidit
1623 1592 1649 1619 in
1663 1592 1693 1619 il-

909 1643 963 1670 lum
989 1641 1139 1676 improbus.
1153 1641 1274 1674 Eripitur
1293 1649 1307 1666 a
1331 1641 1384 1667 Deo
1403 1640 1462 1674 pius
1478 1647 1486 1672 ;
1505 1639 1605 1673 impius
1628 1646 1693 1666 vero

908 1688 1052 1715 derelictus
1071 1687 1194 1721 laqueum
1211 1687 1335 1712 incurrit.
1352 1685 1432 1713 Juxta
1447 1685 1511 1712 illud
1528 1694 1534 1711 :
1555 1684 1588 1711 In
1603 1684 1692 1718 «ψει-ὶ-

908 1734 955 1760 bus
981 1741 1107 1760 mnmmm
1130 1741 1239 1759 suarum
1258 1734 1458 1766 comprehensus
1480 1734 1519 1757 est
1539 1731 1692 1764 peccator’.

910 1780 955 1805 Vel
978 1789 983 1806 ς
998 1779 1060 1813 quia
1076 1778 1166 1812 justus
1184 1778 1318 1805 obnoxius
1330 1783 1384 1810 est,
1410 1781 1503 1810 utpote
1517 1776 1607 1806 homo.
1628 1777 1690 1809 qui-

908 1824 1018 1852 busdam
1045 1823 1172 1857 peceatis,
1188 1822 1381 1856 superveniens
1405 1821 1504 1855 impius
1525 1825 1553 1847 et
1571 1818 1693 1854 alligem

905 1871 1019 1906 justum,
1036 1877 1050 1896 a
1073 1868 1190 1904 peccatis
1210 1872 1238 1894 ct
1253 1867 1351 1894 futuris
1372 1867 1459 1902 poenis
1482 1867 1553 1893 hunc
1578 1865 1691 1897 liberat.

908 1917 934 1942 in
949 1923 978 1942 se
995 1920 1084 1941 autem
1105 1921 1200 1948 pomus
1213 1913 1272 1939 illas
1289 1912 1411 1938 attrahit.
1429 1910 1691 1938 Prodituruimirum

907 1969 922 1988 a
938 1952 984 1988 sda
997 1961 1081 1994 ipsius
1092 1959 1202 1991 malitia.
1216 1962 1358 1993 postquam
1368 1964 1398 1984 se
1412 1957 1438 1984 iu
1454 1956 1603 1990 improbam
1616 1963 1691 1983 meu-

908 2011 960 2033 tem
980 2004 1104 2039 conjecit.

942 2094 963 2110 '°
975 2094 1107 2121 Nimirum
1118 2100 1207 2121 rerum
1221 2092 1383 2128 agendarum
1399 2094 1445 2118 aut
1460 2097 1513 2118 non
1528 2089 1691 2124 agendarum

871 2133 893 2161 ο
907 2140 1057 2172 discretio;
1078 2138 1118 2166 vel
1148 2139 1265 2173 propria:
1297 2137 1360 2164 vita
1386 2135 1606 2164 administratio.
1631 2142 1691 2168 quas

905 2191 979 2212 certe
1005 2192 1102 2219 magna
1119 2184 1236 2219 procella
1258 2188 1300 2211 est
1321 2187 1348 2210 et
1370 2181 1556 2209 intolerabilis.
1572 2180 1603 2208 lli
1619 2181 1691 2208 cnim

904 2232 977 2260 omni
993 2237 1073 2259 vequ
1084 2230 1312 2259 circumferuntur
1328 2230 1354 2256 in
1369 2228 1430 2257 vita:
1445 2233 1490 2256 aut
1507 2227 1568 2255 iidei
1580 2228 1690 2255 naufra-

904 2279 957 2313 gio.
971 2283 998 2305 et
1008 2282 1134 2313 tauquam
1146 2277 1251 2304 arboris
1265 2275 1327 2302 l'olia
1340 2276 1514 2302 decutiuntur
1525 2283 1538 2301 ει
1553 2275 1616 2306 Deo,
1632 2274 1691 2309 qui-

907 2325 955 2352 bus
977 2323 1021 2351 Dei
1038 2324 1170 2358 sapientia
1193 2330 1244 2349 non
1259 2322 1339 2349 inest.
1353 2322 1428 2354 Quod
1446 2322 1468 2348 si
1489 2320 1564 2348 salus
1580 2320 1607 2347 in
1624 2327 1690 2347 cou—

905 2368 966 2395 silio
982 2368 1107 2400 vertitur,
1122 2375 1210 2402 neque
1236 2367 1261 2393 in
1288 2366 1401 2393 consilio
1419 2365 1577 2400 simpliciter
1598 2365 1645 2392 sed
1663 2365 1689 2391 in

905 2414 964 2448 ejus
981 2414 1070 2448 copia,
1088 2421 1140 2439 non
1164 2413 1245 2446 igitur
1258 2412 1417 2446 corporibus
1441 2411 1577 2438 divitiisve
1599 2410 1691 2437 inniti-

906 2465 950 2487 tur
964 2469 971 2486 :
987 2467 1074 2493 neque
1089 2459 1123 2486 ab
1148 2458 1236 2485 indole
1256 2459 1365 2493 propria
1382 2458 1443 2492 quis
1461 2456 1603 2488 solvatur;
1619 2457 1689 2490 quod

904 2505 948 2532 aio
961 2509 1054 2530 contra
1074 2511 1120 2530 eos
1129 2503 1174 2538 qui
1194 2503 1289 2530 indolis
1305 2503 1428 2530 hwresim
1442 2502 1582 2528 invehunt.

943 2550 964 2566 ¹¹
989 2549 1037 2576 llic
1055 2550 1194 2576 evidenter
1215 2549 1371 2576 vocabulum
1393 2548 1483 2574 anima
1508 2554 1556 2580 pro
1578 2553 1690 2575 corpore

907 2596 1005 2631 posuit.
1025 2595 1056 2622 Et
1083 2596 1189 2630 quidem
1214 2595 1339 2622 Christus
1365 2593 1392 2620 iu
1417 2593 1571 2627 Evangeliis
1592 2599 1689 2626 corpus

907 2643 971 2669 dicit
987 2650 1034 2677 pro
1060 2642 1149 2668 anima
1168 2650 1174 2668 :
1202 2641 1332 2673 Lucerna,
1351 2640 1438 2675 inquit
1456 2640 1488 2672 η,
1514 2639 1631 2672 corporis
1651 2644 1688 2664 eu

908 2690 998 2715 oculus
1016 2695 1026 2719 .'
1041 2688 1177 2715 lucernam
1204 2695 1298 2721 nempe
1319 2687 1411 2714 dicens
1433 2693 1482 2720 pro
1505 2689 1606 2716 mente,
1629 2692 1688 2718 qua:

909 2734 1029 2761 scientiis
1047 2741 1132 2767 capax
1155 2736 1206 2760 est.
1229 2731 1333 2766 Corpus
1346 2736 1434 2758 autem
1452 2729 1687 2763 eoncupiscibilem

847 2797 856 2812 ⁶
881 2804 905 2823 v.
931 2795 975 2823 (Ἠ.
1031 2797 1040 2811 ⁷
1059 2804 1082 2823 ι’.
1098 2796 1124 2822 7.
1178 2795 1188 2810 ⁸
1203 2795 1296 2830 l‘hilip.
1315 2801 1357 2831 ιιι,
1381 2793 1422 2821 l9;
1475 2793 1485 2808 '
1500 2791 1570 2819 Psal.
1587 2798 1625 2826 ιι,
1635 2791 1685 2819 '17.
