1919 3074
250 113 302 142 I95

686 106 964 139 SUPPLEMENTUM
981 109 1024 137 AD
1049 105 1210 138 ORIGENIS
1228 106 1430 138 EXECETICA.

1811 104 1861 135 ιειθ

969 169 1045 197 CAP.
1067 169 1138 197 XVI.

283 221 305 237 ³³
318 219 419 248 Rursus
444 220 479 247 ibi
500 225 604 254 quoque
626 219 756 254 sapientia
777 227 844 253 opus
859 223 910 250 est,
925 223 955 245 ut
968 218 1021 245 cle-

1107 217 1191 244 Πάλιν
1214 218 1294 244 κάκεῖ
1305 218 1353 253 τῆς
1370 217 1464 252 σοφίας
1478 216 1566 252 χρεία,
1588 216 1630 243 ἵνα
1656 215 1829 251 ἐξιλάσηται·
1844 215 1860 252 ἢ

247 267 372 293 mentiaut
386 266 521 300 impetret.
539 265 584 291 Vel
596 265 640 299 qui
658 265 806 298 pttnitionis
821 265 957 291 decretum
974 263 1025 290 scit

246 312 367 346 angelus,
384 310 459 337 [ιιι-οι·
472 310 518 337 Dei
530 310 638 337 dicitur.
648 309 754 336 Pet-itus
766 315 855 335 autem
869 309 1022 335 divinorunt

247 358 387 384 verborum
407 361 434 383 et
458 363 582 390 operum,
598 362 647 382 ceu
673 354 725 390 ipsi
750 358 839 381 mente
862 353 1023 387 conformis,

247 403 316 430 haud
331 409 392 428 eum
407 402 576 428 exlimescet.

279 448 302 464 ³⁸
316 447 376 475 Nidi
391 448 530 482 sapientia:
551 452 615 474 sunt
632 445 769 479 Ecclesiae,
789 446 827 473 vel
843 445 962 474 etelestia
976 446 1024 472 ha-

245 494 371 521 bitacula.
387 494 524 528 Sapientia
544 501 607 520 vero
621 493 700 520 Jesus
712 493 836 521 Christus
851 498 902 522 est.
917 493 963 520 Dei
979 492 1024 519 Fi-

245 539 305 566 lius.
322 538 382 565 Nidi
395 543 483 565 autem
497 538 658 572 prudentia,
683 539 886 572 prmstatitiores
900 543 1022 572 argento,

244 585 370 618 practica:
385 583 498 610 virtutes
513 587 586 615 sunt,
600 584 717 618 justitia,
734 584 860 616 scientia,
879 584 1023 618 sapientia,

245 630 435 664 temperantia,
452 629 593 662 fortitudo,
608 629 810 663 longanimitas,
831 630 973 664 patientia,
986 631 1023 657 le—

245 675 325 708 nitas,
337 675 518 709 eleemosyna,
539 674 606 701 ﬁdes
619 683 680 702 cum
700 682 747 710 spe
760 681 787 703 et
811 676 959 709 charitate;
976 683 1024 710 per

244 728 313 755 quas
331 728 380 748 ceu
398 721 531 748 scalarum
554 723 653 756 gradus
669 722 695 748 in
713 722 851 756 sapientiae
870 722 1022 750 habitat-nia

245 767 348 803 ingredi
364 767 431 795 nihil
447 772 518 795 vetat
531 775 577 795 eos
588 769 634 803 qui
651 768 713 795 illuc
725 770 908 796 conscendere
929 775 957 796 et
975 770 1023 796 ha-

245 814 332 841 bitare
346 813 492 842 voluerint.

281 860 303 875 "
319 859 493 894 Disciplinam
506 859 570 887 dicit
584 860 707 888 timorem
729 860 786 893 Dei,
801 860 941 896 jejunium,
955 868 1020 887 con-

245 906 396 938 tinentiam;
412 906 531 941 vigilias,
548 906 758 941 hytnnologiam,
769 911 795 933 et
806 914 865 933 eam
877 914 957 940 quam
974 914 1022 933 no-

245 951 287 978 bis
304 951 373 978 Deus
389 951 568 985 experitnenti
583 959 663 979 causa
680 952 833 979 morborum
850 952 952 979 inducit
962 960 1021 979 cas-

244 997 411 1032 tigationem.
426 996 660 1032 Reprehensiones
672 997 738 1025 dicit
750 998 875 1024 mandata
890 998 950 1031 Dei;
967 999 1023 1025 hanc

243 1042 315 1069 enim
339 1047 483 1077 peccantes
500 1049 550 1069 nos
576 1043 787 1077 reprehendunt.
806 1043 868 1071 Vias
890 1043 939 1070 hoc
964 1044 1022 1070 loco

244 1088 310 1116 dicit
326 1095 433 1120 sensus,
449 1095 517 1122 quos
530 1087 576 1122 qui
588 1089 718 1121 custodit,
735 1094 820 1116 morte
833 1094 952 1123 ereptam
965 1097 1022 1116 ser-

244 1140 290 1162 vat
318 1135 434 1162 animam
454 1142 529 1162 suam
556 1134 590 1161 ad
610 1135 703 1162 vitam.
721 1135 803 1162 Porro
825 1136 878 1162 vita
901 1140 941 1162 est
964 1143 1023 1169 qua:

243 1181 334 1208 omnia
347 1181 511 1213 vivilicat,ct
524 1188 558 1208 ex
573 1181 656 1208 nihilo
665 1181 698 1208 ad
711 1182 896 1208 exsistentiam
910 1181 1023 1209 adduxit

244 1225 364 1253 Trinitas
377 1231 481 1254 sancta.
491 1225 542 1259 Qui
552 1230 643 1253 antetn
656 1226 739 1253 vitam
753 1226 850 1261 diligit,
863 1233 1023 1261 semperque

244 1271 338 1299 vivere
360 1276 444 1306 optat,
460 1279 492 1299 os
516 1278 595 1298 suum
622 1272 780 1303 continebit,
800 1272 941 1306 quominus
955 1279 1022 1299 nou-

245 1318 296 1345 nisi
312 1317 344 1345 de
359 1318 413 1345 Deo
425 1318 515 1345 verbis
526 1322 553 1344 et
569 1318 695 1352 operibus
712 1317 848 1352 loquatur,
866 1321 894 1345 et
912 1317 960 1344 Dei
977 1325 1024 1345 co-

245 1363 358 1398 guitioni
374 1363 493 1390 studiutn
509 1363 654 1398 impendet.

280 1407 303 1423 ³³
317 1408 377 1435 Vita
392 1408 464 1436 Deus
478 1414 530 1436 est.
554 1408 625 1436 Fons
645 1414 734 1437 autent
748 1409 809 1436 vitm
823 1409 964 1444 tripliciter
978 1416 1024 1443 per

244 1461 275 1482 se
287 1454 454 1488 exsistentis,
471 1454 614 1489 sapientia,
629 1455 753 1488 scientia,
768 1460 795 1482 et
811 1455 923 1482 virtutes
944 1459 1021 1486 sunt;

245 1508 298 1536 quo
314 1508 347 1527 ex
361 1500 435 1529 fonte
453 1502 499 1536 qui
515 1502 618 1534 bibunt,
637 1501 866 1528 immortalitatem
882 1501 1024 1536 sempiter-

1074 264 1088 290 ὁ
1105 263 1166 294 τοὺς
1188 264 1252 298 περὶ
1267 263 1400 294 κολάσεως
1426 263 1605 298 ἐπιστάμενος
1618 262 1715 296 λόγους
1734 261 1860 295 ἄγγελος,

1074 309 1158 344 θυμὸς
1174 308 1220 335 τοῦ
1236 309 1302 335 Θεοῦ
1319 308 1435 342 λέγεται.
1457 309 1485 335 '0
1500 309 1527 335 δὲ
1541 308 1620 343 σοφῆς
1635 309 1662 334 ἐν
1673 308 1762 339 θείοις
1772 307 1861 342 ἔργοις

1073 355 1121 381 καὶ
1133 354 1231 388 λόγοις,
1253 355 1290 386 ὡς
1317 355 1444 390 όμόφρων
1458 354 1532 390 αὑτῷ
1556 354 1604 386 ὢν,
1623 354 1653 380 οὺ
1675 353 1861 389 πτοηθήσεται

1073 401 1164 428 αὐτόν.

1107 447 1220 473 Νοσσιαί⁵
1235 446 1328 481 σοφίας
1339 446 1405 473 εἰσὶν
1420 447 1447 473 αἱ
1457 446 1622 482 Ἐκκλησίαι,
1639 446 1656 481 ἢ
1671 446 1700 473 αἱ
1715 445 1746 472 ὲν
1760 445 1801 480 τῷ
1817 446 1860 472 οὒ-

1074 493 1147 528 ρανῷ
1167 492 1272 528 σκηναί·
1295 493 1374 527 σοφία
1387 492 1426 524 δὲ,
1448 491 1550 527 Ἰησοῦς
1560 492 1684 528 Χριστὸς,
1704 492 1719 518 ὁ
1731 491 1780 518 τοῦ
1795 491 1860 518 Θεοῦ

1074 538 1146 570 Υἰὸς.
1165 539 1249 565 ἐστὶν.
1263 538 1377 564 Νοσσιαὶ
1386 538 1413 564 δὲ
1430 538 1584 573 φρονήσεως
1600 537 1781 573 αίρετὼτεραι
1793 537 1860 572 ὑπὲρ

1072 583 1211 619 ἀργύριον,
1227 584 1255 609 αἱ
1272 584 1423 619 πρακτικαὶ
1438 584 1544 619 ἀρεταί⁴
1563 583 1733 618 δικαιοσύνη,
1750 583 1858 617 γνῶσις,

1073 630 1163 665 σοφία,
1186 630 1356 666 σωφροσύνη,
1379 630 1498 665 ἀνδρεία,
1524 629 1711 665 μακροθυμία,
1736 629 1859 662 ἀνεξικα-

1072 676 1128 708 κία,
1155 677 1297 712 ἀοργησία,
1323 676 1500 712 ἐλεημοσύνη,
1517 676 1609 707 πίστις
1626 676 1674 702 σὺν
1703 675 1798 702 ἐλπίδι
1814 676 1858 702 καὶ

1072 722 1178 757 ἀγάπῃ’
1196 722 1230 748 δι’
1239 722 1270 753 ἃς
1283 722 1321 753 ὡς
1331 722 1462 757 κλίμακος
1478 721 1620 757 βαθμίδας,
1631 722 1670 753 εἰς
1686 721 1739 753 τὰς
1751 721 1802 756 τῆς
1820 729 1859 747 σο-

1073 768 1137 802 φίας
1171 767 1272 803 σκηνὰς
1297 768 1410 795 εἰσιέναι
1429 767 1565 794 ἀκώλυτον
1590 768 1652 800 τοὺς
1679 768 1789 794 ἀνιέναι
1815 769 1858 794 καὶ

1071 813 1180 848 οἰκῆσαι
1197 813 1381 849 βουλομένους.

1106 860 1232 886 Παιδείαν
1245 859 1316 894 λέγει
1338 860 1419 894 φόόου
1432 859 1509 892 Θεοῦ,
1527 859 1667 895 νηστείαν,
1683 859 1858 895 ἐγκράτειαν.

1071 907 1231 943 ἀγρυπνίαν,
1246 907 1339 942 ὕμνον,
1361 907 1408 933 καὶ
1429 907 1478 941 τὴν
1500 907 1529 933 ὲν
1547 906 1634 937 νόσοις
1659 907 1730 942 πρὸς
1748 905 1857 941 δοκιμὴν

1071 953 1138 980 Θεοῦ
1163 954 1348 989 ἐπερχομένην
1370 954 1434 988 ἡμῖν
1457 953 1589 979 παιδείαν.
1610 952 1758 987 Ἐλέγχους
1788 952 1857 986 λέγει

1071 1000 1120 1031 τὰς
1147 999 1257 1030 ἐντολὰς
1277 998 1324 1025 τοῦ
1349 999 1425 1026 Θεοῦσ
1444 996 1524 1026 αὗται
1544 998 1599 1034 γὰρ
1614 999 1688 1033 ἡμᾶς
1703 998 1858 1033 ἐλέγχουσιν

1073 1046 1284 1082 ἁμαρτάνοντας.
1309 1045 1400 1077 Ὁδοὺς
1416 1045 1532 1072 ἐνταῦθα
1546 1045 1595 1076 τὰς
1608 1044 1754 1080 αἰσθήσεις
1768 1043 1856 1079 φησίνί

1071 1093 1086 1118 ὁ
1097 1093 1125 1118 δὲ
1138 1092 1281 1127 φυλάσσων
1295 1091 1390 1123 αὑτὰς,
1406 1093 1482 1127 τηρεῖ
1498 1092 1531 1117 ὲκ
1550 1090 1664 1117 θανάτου
1680 1090 1733 1126 τὴν
1765 1089 1857 1117 ἑαυτοῦ

1071 1138 1158 1173 ψυχὴν
1173 1137 1240 1173 πρὸς
1257 1137 1338 1172 ζωήνδ
1361 1137 1417 1172 ζωὴ
1442 1137 1496 1172 γάρ
1511 1137 1583 1163 ἐστιν
1599 1137 1616 1171 ἡ
1633 1136 1724 1163 πάντα
1741 1135 1855 1168 ζωοῦσα,

1043 1207 1047 1210 .
1073 1185 1120 1211 καὶ
1136 1184 1166 1216 ἐξ
1182 1184 1230 1210 οὐκ
1244 1184 1327 1211 ὄντων
1355 1184 1394 1215 εἰς
1405 1183 1435 1210 τὺ
1459 1181 1528 1210 εἶναι
1554 1183 1756 1218 παραγαγοῦσα
1776 1182 1855 1217 Τριὰς

1074 1230 1147 1266 ἁγία·
1166 1232 1180 1257 ὁ
1191 1231 1219 1257 δὲ
1235 1229 1348 1264 ἀγαπῶν
1361 1230 1410 1265 τὴν
1424 1229 1505 1265 ζωὴν,
1520 1229 1566 1255 καὶ
1582 1229 1625 1255 ἀεὶ
1635 1229 1685 1264 ζῇν
1701 1229 1772 1263 αὐτῇ
1785 1228 1853 1261 ἐφιέ-

1074 1285 1163 1312 μενος,
1187 1276 1307 1310 φείσεται
1329 1276 1460 1310 στόματος
1476 1274 1558 1301 αὑτοῦ
1577 1275 1609 1300 ὲκ
1625 1274 1678 1300 τῶν
1688 1274 1728 1309 μὴ
1739 1272 1806 1300 Θεοῦ
1816 1272 1855 1298 λά·

1073 1330 1128 1358 των
1155 1323 1201 1349 καὶ
1228 1322 1325 1357 ἔργων,
1349 1321 1396 1348 καὶ
1415 1323 1449 1357 τῇ
1474 1321 1573 1355 γνώσει
1603 1320 1649 1347 τοῦ
1674 1319 1745 1346 Θεοῦ
1777 1323 1854 1354 προσ-

1073 1369 1138 1402 έξει.

1108 1414 1169 1450 Ζωὴ
1184 1415 1198 1440 ὁ
1213 1414 1278 1445 Θεός
1294 1414 1360 1440 ἐστι’
1377 1413 1426 1448 τῆς
1440 1410 1468 1439 δὲ
1481 1411 1661 1449 τρισσοφαοῦς
1675 1410 1825 1443 αὑτοζωῖας
1838 1410 1853 1443 ἠ

1074 1461 1158 1497 πηγὴ,
1173 1461 1190 1496 ἡ
1207 1459 1285 1494 σοφία
1296 1459 1342 1486 καὶ
1356 1459 1371 1494 ἡ
1387 1458 1486 1493 γνῶσις
1501 1458 1547 1484 καὶ
1565 1459 1592 1484 αί
1613 1457 1710 1492 ἀρεταί
1725 1457 1804 1483 εἰσιν·
1827 1453 1854 1486 ἐξ

1073 1505 1106 1542 ἧς
1123 1506 1213 1540 πηγῆς
1224 1506 1247 1531 οἰ
1270 1505 1401 1535 πίνοντες,
1415 1503 1562 1535 ἀθανασίας
1585 1502 1728 1538 μετέχουσι
1745 1508 1792 1528 και
1801 1500 1852 1527 ἀει-

246 1553 362 1581 namque
375 1548 458 1574 vitam
472 1548 644 1583 participant.
664 1546 722 1574 .lam
744 1548 788 1581 qui
805 1548 876 1574 dicto
890 1547 962 1574 fonte
976 1555 1022 1582 po-

1078 1552 1164 1584 ζωῖας·
1182 1553 1236 1583 τοῖς
1250 1551 1278 1577 δὲ
1292 1551 1470 1585 κεκτημένοις
1481 1550 1529 1585 τὴν
1554 1548 1680 1583 τοιαύτην
1695 1548 1799 1583 πηγὴν,
1815 1545 1852 1572 ἐν-

247 1592 287 1619 liti
303 1597 376 1624 sunt,
389 1592 406 1619 ii
419 1593 498 1620 verba
514 1593 576 1620 vitae
589 1593 763 1620 meditantur.
782 1593 817 1620 At
834 1600 898 1620 vero
915 1594 1022 1620 insano-

246 1644 305 1665 rum
318 1638 468 1673 disciplina,
487 1639 644 1674 improbitas
658 1644 700 1666 est
716 1649 722 1666 :
740 1644 795 1665 tum
812 1643 840 1666 et
855 1646 914 1673 qua:
925 1639 1023 1666 dicitur

245 1684 305 1710 sine
317 1685 488 1718 correptione
504 1684 657 1718 disciplina,
675 1685 787 1712 stultitia
805 1690 855 1712 est.

278 1729 300 1746 ¹⁹
315 1730 461 1758 Scientiam
489 1731 638 1766 appellavit
661 1732 854 1766 cognitionem,
880 1730 941 1766 quia
968 1731 1024 1758 haec

244 1776 335 1803 omnia
353 1777 460 1812 negotia
487 1777 637 1812 cognoscit.
663 1777 716 1805 Cor
741 1778 900 1812 sapientium
925 1778 1025 1812 cogitat

245 1829 305 1856 qua:
325 1823 358 1850 ab
373 1830 420 1850 ore
439 1825 562 1858 proprio,
585 1824 612 1851 in
625 1824 728 1857 judicio
741 1824 775 1850 de
791 1824 928 1858 corporeis
940 1828 968 1850 et
983 1823 1024 1849 in-

246 1869 384 1904 corporei:
404 1878 412 1897 :
433 1874 460 1896 et
484 1870 556 1904 quod
581 1869 631 1903 ipsi
661 1869 752 1896 facere
782 1870 895 1901 docent,
924 1868 1026 1903 pariter

247 1919 339 1949 agunt.

283 1960 307 1976 “
329 1960 430 1987 Diaboli
446 1959 568 1987 doctrina
584 1959 681 1986 eruditi
699 1960 844 1992 daemones,
861 1966 968 1987 sanctos
979 1969 1025 1996 op-

249 2012 379 2042 pugnant,
394 2012 495 2041 eosque
520 2014 534 2033 a
559 2006 675 2033 soientia
698 2007 744 2033 Dei
769 2014 861 2034 arcere
882 2013 1024 2039 conantur,

247 2060 306 2087 qua:
321 2052 389 2079 solet
417 2052 489 2086 ipsos
514 2052 639 2086 copulare
660 2051 777 2078 amicitia
795 2059 856 2079 eum
872 2053 1025 2080 caelestibus

248 2097 438 2132 potestatibus.
461 2095 517 2124 lloe
532 2097 618 2130 ipsum
635 2097 760 2124 Salomon
777 2105 894 2132 quoque,
911 2103 940 2125 nt
955 2099 1026 2126 arbi-

248 2149 316 2175 tror,
329 2143 380 2170 hoc
390 2142 472 2169 eliato
485 2143 631 2178 signiﬁcat,
645 2148 806 2177 perVersuni
817 2144 924 2178 quidem
940 2145 1025 2172 homi-

249 2195 309 2214 nem
324 2187 416 2214 dicens
437 2186 564 2215 Satanam
583 2197 590 2215 ;
607 2193 780 2216 transeuntes
794 2189 846 2216 doli
866 2188 949 2222 faces,
962 2198 1024 2217 ern-

1073 1607 1130 1625 νοια
1144 1597 1229 1631 λόγων
1249 1596 1320 1631 ζωῆς
1334 1596 1401 1622 ὲστι·
1420 1597 1437 1630 ἡ
1452 1595 1480 1621 δὲ
1492 1595 1598 1621 παιδεία
1618 1595 1754 1629 ἀφρόνων,
1771 1594 1786 1628 ή
1805 1600 1850 1618 κα-

1073 1644 1119 1670 κία
1132 1642 1214 1668 ἐστίν·
1230 1643 1246 1677 ἠ
1263 1641 1291 1666 δὲ
1313 1640 1503 1674 ἀνεξέλεγκτος
1527 1640 1644 1671 παιδεία,
1672 1640 1689 1674 ἠ
1718 1637 1851 1674 ἀφροσύνη

1074 1689 1154 1716 ἐστίν.

1107 1733 1162 1768 Τὴν
1174 1732 1273 1766 γνῶσιν
1284 1731 1506 1766 ὲπιγνωμοσύνην
1520 1728 1590 1761 εἷπε,
1607 1729 1682 1764 παρὰ
1698 1729 1730 1755 τὸ
1747 1729 1779 1755 τὰ
1794 1728 1850 1754 πάν·

1073 1787 1107 1806 τα
1119 1777 1201 1813 αὐτὴν
1222 1776 1410 1811 ἐπιγινώσκειν
1433 1776 1467 1803 τὰ
1487 1777 1644 1811 πράγματα·
1668 1776 1685 1810 ἡ
1707 1775 1737 1802 δὲ
1760 1773 1849 1809 καρδία

1072 1823 1126 1850 ⁴τῶν
1143 1823 1231 1857 σοφῶν
1246 1824 1299 1849 νοεῖ
1313 1822 1346 1849 τὰ
1359 1822 1412 1848 ἀπὸ
1422 1822 1468 1848 τοῦ
1482 1822 1546 1848 ἰδίου
1558 1822 1689 1856 στόματος
1703 1821 1733 1847 ἒν
1757 1828 1786 1845 τε
1799 1818 1849 1853 κρί-

1075 1879 1115 1896 σει
1140 1869 1272 1904 σωμάτων
1286 1869 1333 1895 καὶ
1348 1867 1509 1903 ἀσωμάτων,
1530 1868 1576 1893 καὶ
1595 1867 1665 1902 ἅπερ
1677 1866 1755 1893 αὐτοὶ
1771 1864 1849 1891 ποιεῖν

1073 1915 1224 1942 διδάσκουσι
1241 1913 1286 1940 καὶ
1298 1914 1470 1948 πράττουσινι

1109 1961 1209 1994 Λόγους
1221 1961 1244 1986 οἱ
1252 1959 1374 1992 δαίμονες
1384 1958 1458 1994 παρὰ
1465 1957 1510 1984 τοῦ
1527 1957 1650 1984 διαϐόλου
1664 1956 1847 1992 μανθάνοντες.

1076 2006 1242 2041 ἐπιχειροῦσι
1254 2007 1310 2036 τοῖς
1331 2004 1428 2038 ἁγίοις,
1447 2004 1494 2030 καὶ
1506 2002 1650 2038 πειρᾶσθαι
1663 2002 1790 2037 χωρίζειν
1804 1999 1847 2026 αὐ-

1075 2053 1136 2082 τοὺς
1148 2051 1314 2078 ἐπινοοῦνται
1325 2050 1378 2076 ἀπὸ
1384 2050 1432 2084 τῆς
1446 2048 1581 2082 γνώσεως,
1604 2049 1665 2083 ἥτις
1676 2048 1782 2082 πέφυκε
1795 2054 1850 2072 συν·

1075 2097 1168 2123 ἅπτειν
1193 2096 1289 2127 αὐτοὺς
1303 2096 1370 2131 πρὸς
1380 2095 1469 2129 φιλίαν
1488 2096 1546 2126 ταῖς
1561 2094 1732 2129 ἐπουρανίοις
1744 2092 1848 2125 δυνάμε-

1076 2150 1112 2168 σι’
1126 2142 1155 2168 τὸ
1163 2142 1184 2168 δ’
1193 2141 1258 2168 αὐτὸ
1264 2141 1341 2167 τοῦτο
1352 2142 1398 2168 καὶ
1409 2142 1423 2167 ὁ
1433 2140 1556 2175 Σολομῶν
1566 2140 1602 2171 ὡς
1613 2136 1692 2175 οἶμαι
1701 2139 1745 2166 διὰ
1757 2138 1848 2169 ταύτης

1076 2188 1125 2222 τῆς
1135 2187 1282 2222 παροιμίας
1293 2187 1433 2222 δεδήλωκε·
1447 2184 1551 2212 σκολιὸν
1564 2186 1611 2220 μὲν
1620 2185 1704 2221 ἄνδρα
1715 2185 1800 2218 λέγων
1808 2182 1848 2208 τὸν

249 2232 319 2261 ditas
332 2233 424 2260 abillo
445 2233 530 2261 malos
555 2234 711 2262 daemones:
730 2235 841 2265 amicos,
857 2241 966 2262 sanctos
979 2237 1024 2270 qui

1078 2234 1206 2260 Σατανᾶν·
1221 2233 1417 2269 πορευομένους
1435 2232 1462 2258 δὲ
1479 2232 1641 2267 λαμπτῆρας
1652 2231 1726 2257 δόλου
1741 2231 1801 2260 τοὺς
1813 2227 1848 2254 δι·

248 2279 362 2307 scientia
376 2287 424 2308 sua
440 2279 524 2307 Deum
540 2281 677 2316 attingunt
694 2285 722 2308 et
738 2283 808 2308 inter
819 2288 856 2308 se.
871 2287 875 2291 ·

284 2411 306 2427 “
321 2410 371 2438 Vir
389 2410 510 2447 iniquus,
523 2410 647 2439 diabolus
661 2415 714 2444 est,
729 2412 774 2446 qui
790 2412 835 2439 Dei
851 2411 955 2440 amicos
968 2417 1027 2439 lett-

249 2461 302 2490 tat,
325 2457 479 2491 inducitque
500 2456 527 2483 in
549 2456 606 2484 vias
630 2457 789 2491 perditionis
805 2461 832 2484 et
851 2465 904 2485 non
929 2458 1023 2486 bonas.

250 2503 394 2538 Postquam
407 2510 472 2530 vero
487 2506 642 2530 sanctorum
655 2502 772 2538 aliquem
787 2504 933 2539 deceperit,
942 2504 1025 2532 obﬁr-

251 2554 307 2576 mat
319 2548 370 2576 sibi
383 2556 436 2583 prtc
444 2548 530 2576 oculis
542 2548 767 2582 machinationes,
778 2550 877 2584 cogitat
888 2556 1026 2585 perversa.

250 2603 283 2622 ne
306 2595 375 2622 forte
399 2595 533 2630 paenitens
558 2595 677 2622 salvetur
701 2595 724 2622 is
739 2603 817 2629 quem
842 2601 954 2623 venatus
974 2601 1024 2624 est.

250 2641 273 2657 ⁸⁵
288 2640 403 2675 luspirat
414 2645 504 2668 autem
518 2640 628 2668 auribus
649 2640 708 2675 eius
722 2648 820 2676 pravas
834 2641 968 2675 quaslibet
981 2649 1026 2668 co-

250 2685 404 2719 gitationes,
420 2686 634 2720 desperationem
650 2690 677 2712 et
689 2687 870 2714 omnimodam
889 2687 1021 2722 intempe-

251 2733 344 2760 rantia:
359 2732 534 2768 voluptatem:
548 2732 609 2762 lltec
620 2739 661 2762 est
671 2735 760 2762 omnis
774 2734 900 2768 nequitia:
914 2733 1021 2765 l'ornax,

284 2811 306 2828 "
322 2820 346 2840 v.
364 2814 405 2841 Η.
443 2815 465 2831 ³⁵
477 2823 499 2842 v.
515 2815 557 2843 l6.
594 2816 616 2834 ⁸⁷
633 2816 715 2844 v.17.
755 2816 809 2843 ³⁸ν.
825 2816 868 2842 ⁸22.
907 2815 928 2832 ³⁸
945 2823 969 2842 v.
986 2815 1031 2843 “25.

1074 2280 1252 2314 δασκομένους
1261 2278 1324 2313 παρ’
1333 2278 1413 2304 αὑτοῦ
1425 2278 1525 2309 κακοὺς
1539 2277 1665 2312 δαίμονάς
1674 2285 1749 2311 φησι·
1764 2274 1847 2309 φίλους

1075 2324 1113 2356 δὲ,
1136 2324 1198 2354 τοὺς
1214 2323 1318 2357 ἁγίους,
1343 2323 1405 2354 τοὺς
1421 2322 1464 2348 διὰ
1482 2323 1530 2357 τῆς
1544 2321 1669 2356 γνώσεως
1689 2319 1847 2356 ἁπτομένους

1075 2369 1113 2404 τῷ
1127 2368 1185 2404 Θεῷ
1196 2370 1242 2395 καὶ
1255 2368 1388 2403 ἀλλήλοις.

1116 2415 1197 2449 Ἀνὴρ
1213 2414 1370 2450 παράνομος
1393 2414 1408 2439 ό
1427 2412 1547 2445 διάϐολός
1572 2413 1654 2439 ἐστιν·
1675 2409 1846 2445 dim-resipiscit

1073 2461 1100 2488 δὲ
1117 2461 1209 2496 φίλους
1226 2460 1304 2492 Θεοῦ,
1320 2461 1366 2487 καὶ
1389 2460 1490 2494 ἀπάγει
1512 2459 1610 2490 αὐτοὺς
1625 2459 1685 2490 ταῖς
1700 2458 1768 2494 πρὸς
1781 2454 1846 2483 ἀπώ-

1073 2507 1147 2534 λειαν
1157 2508 1226 2539 ὁδοῖς
1241 2507 1287 2533 καὶ
1300 2507 1350 2533 οὐκ
1363 2507 1485 2541 ἀγαθαῖς·
1500 2506 1563 2532 ὃταν
1579 2506 1607 2531 δέ
1626 2514 1687 2532 τινα
1701 2505 1755 2531 τῶν
1771 2502 1845 2535 ἁγίων

1074 2554 1209 2589 ἀπατήσῃ,
1237 2552 1356 2588 στηρίξει
1378 2554 1500 2588 νοήματα
1525 2553 1581 2583 τοῖς
1600 2550 1750 2586 ὀφθαλμοῖς
1762 2545 1844 2576 αὑτοῦ,

1074 2600 1121 2626 καὶ
1135 2599 1269 2632 λογίζεται
1280 2598 1489 2634 διεστραμμένα,
1509 2598 1544 2633 μή
1561 2605 1618 2628 πως
1634 2596 1707 2631 σωθῇ
1726 2591 1844 2631 μετανοή-

1075 2653 1124 2675 σας
1137 2644 1165 2670 ὃν
1182 2644 1319 2679 ὲΟήρευσε·
1337 2643 1420 2675 κνίζει
1430 2643 1457 2669 δὲ
1470 2644 1526 2674 τοῖς
1537 2642 1653 2677 χείλεσιν
1666 2641 1749 2668 αὑτοῦ
1760 2641 1786 2665 ὲν
1797 2637 1844 2666 τοῖς

1074 2689 1139 2716 ὠσὶν
1151 2690 1253 2716 ἐκείνου
1264 2689 1352 2715 πάντα
1361 2687 1395 2714 τὰ
1412 2687 1484 2714 κακὰ
1499 2687 1690 2722 ἐνθυμήματα,
1701 2681 1844 2720 ἀπόγνωσιν

1074 2743 1103 2762 τε
1120 2735 1165 2761 καὶ
1189 2735 1277 2762 πᾶσαν
1292 2733 1387 2769 ἡδονὴν
1403 2733 1557 2764 ἀκολασίας·
1576 2731 1650 2764 οὗτος
1668 2732 1780 2769 καμινός
1793 2730 1843 2756 Ean

1071 2815 1092 2831 “
1108 2822 1132 2842 v.
1148 2814 1192 2842 τε.
1230 2814 1249 2830 "
1265 2821 1290 2840 ι’.
1306 2813 1351 2841 29.
1387 2813 1409 2828 δ’
1421 2820 1444 2840 ν.
1458 2812 1503 2840 50.
