1919 3074
98 93 155 120 1ῠῖ

718 98 902 127 EXPOSITIO
918 99 951 127 IN
967 99 1171 130 PROVERBlA.

1684 110 1736 138 198

99 151 200 187 πάσης
210 152 324 185 κακίας·
342 154 391 181 καὶ
401 155 494 190 φλέγει
505 157 533 182 έν
546 157 613 192 αὐτῇ
623 156 670 189 τὰς
689 157 777 192 ψυχὰς
790 158 843 185 τῶν
854 158 893 184 ἁλι

961 160 986 186 in
1001 167 1053 194 qua
1071 160 1267 188 comburuntur
1281 163 1379 191 anima:
1393 171 1486 191 eorum
1501 165 1546 199 qui
1565 165 1628 193 illuc
1642 166 1735 194 labun-

102 198 299 234 σθησομένων-
315 200 387 228 ἀλλά
397 202 499 238 ταύτης
514 202 562 237 τῆς
574 203 685 238 καμίνου
694 204 845 231 ἐκτινάσσει
856 204 904 240 τὴν

103 245 198 280 φλόγα
213 246 333 282 Πνεῦμα
346 247 429 281 θεῖον,
444 249 595 285 διασυρίζον
615 251 709 284 σοφίαν
725 251 830 286 δρόσου·
842 251 904 277 πολ-

104 291 150 318 λοὶ
167 291 196 317 δὲ
215 292 257 318 ἑτι
277 293 335 320 τῶν
357 296 419 321 κατ’
437 295 521 331 αὐτὴν
542 296 654 332 ’πονηροὶ¹
675 297 822 332 ἅνθρωποι,
842 297 903 323 εἰώ-

104 335 170 362 θασι
184 337 389 371 μιμεῖσθαιτδν
404 339 509 375 πατέρα
517 341 607 372 αὐτοῖς
620 340 750 369 διάϐολον.

143 382 276 415 Κόλπους
294 384 413 412 ἐνταῦθα
426 387 475 418 τὰς
498 387 608 422 καρδίας
624 388 717 423 εἴρηκε
728 389 781 414 τῶν
793 384 901 415 ἀδίκων·

102 425 184 463 οἶμαι
197 428 227 455 δὲ
244 429 288 457 ὅτι
299 431 347 457 καὶ
357 433 494 467 πανταχοῦ
507 433 627 465 ὁκόλπος
641 434 657 469 ἢ
669 433 714 460 τὸν
728 433 800 467 νοῦν,
813 434 829 469 ἢ
854 434 903 468 τὴν

103 474 211 507 γνῶσιν
238 477 381 511 σημαίνει·
398 478 446 504 καὶ
467 479 529 510 τοὺς
545 479 594 514 μὲν
607 480 740 516 πονηροὺς
755 480 769 506 6
783 479 904 511 διάὃολος

100 519 319 554 ἐγκολπίζεται,
334 524 396 555 τοὺς
413 523 442 550 δὲ
461 523 579 557 δικαίους
589 525 604 551 ὁ
617 525 728 562 Κύριος.

140 614 175 640 Εἰ
187 615 247 647 ni;
270 615 285 641 6
308 615 393 642 ποιῶν
403 615 453 652 τὴν
468 616 605 652 ἁμαρτίαν
620 615 712 648 δοῦλός
732 618 800 650 ἐστι,
812 617 866 648 πᾶς
891 617 906 643 6

97 661 234 693 ἀποστὰς
250 661 303 697 τῆς
325 662 423 694 κακίας
441 663 485 689 διά
509 662 558 698 τῆς
576 663 686 698 ἀρετῆς,
702 663 755 690 τῶν
770 664 904 698 δαιμόνων

99 707 238 742 ἀφρόνων
261 707 347 734 ὄντων
371 707 508 735 δεσποτῶν
534 709 694 744 ἐκράτησεν
717 709 746 741 ὃς
770 710 817 736 καὶ
829 707 902 741 οἶκος

100 753 275 788 μυστηρίων
287 752 355 779 Θεοῦ
369 747 522 788 γενήσεται,
543 742 612 781 κατά
625 742 768 789 ἀναλογίαν
787 754 836 790 τῆς
852 764 901 781 κα-
917 742 938 769 Β

98 799 284 832 ταστάσεως,
299 800 407 835 ἑκάστῳ
420 799 474 827 τῶν
486 800 607 836 ἀδελφῶν
618 800 704 833 διδοὺς
715 800 814 835 γνῶσιν
825 809 901 827 πνευ-

101 845 245 880 ματικήν·
263 844 334 872 οὓτω
349 846 396 872 καὶ
413 846 519 878 Παῦλος
530 846 592 879 τοὺς
607 847 655 882 μὲν
670 848 698 874 ἐν
715 846 838 883 Κορίνθῳ
849 855 899 881 γα-

99 890 279 924 λαποτίζων,
303 892 366 923 τοὺς
390 892 418 918 δὲ
431 893 459 919 ὲν
485 892 588 928 Ἐφέσῳ
604 893 711 928 τρέφων
733 892 901 928 στερεωτέρᾳ

99 939 210 973 τροφῇ,
236 938 303 974 περὶ
320 938 403 974 ὕψους
417 939 463 966 καὶ
487 940 589 975 μήκους
603 939 650 966 καὶ
663 939 778 971 πλάτους
793 940 840 966 καὶ
853 939 900 974 βά-

99 983 170 1015 οους
202 983 403 1019 διαλεγόμενος·
426 985 473 1011 καὶ
490 984 534 1011 διὰ
555 984 655 1011 τούτων
675 984 729 1010 τῶν
748 984 898 1019 διαστημά-

99 1038 159 1055 των
188 1030 240 1065 τὴν
262 1029 312 1065 τῆς
331 1029 442 1065 λογικῆς
467 1030 572 1064 φύσεως
603 1029 741 1065 σημαίνων
757 1030 897 1066 διαίρεσιν,

101 1075 168 1109 ἣτις
181 1076 248 1106 τοὺς
258 1074 323 1110 περὶ
334 1074 450 1110 κρίσεως
462 1075 509 1101 καὶ
525 1075 649 1110 προνοίας
663 1073 709 1100 τοῦ
722 1073 788 1101 Θεοῦ
806 1074 898 1109 λόγους

101 1121 284 1157 ἐμπεριέχει,
311 1121 381 1148 πάνυ
406 1120 570 1156 βαθυτάτους
591 1121 772 1156 ὑπάρχοντας,
789 1120 837 1148 καὶ
851 1121 897 1147 ὲκ-

102 1166 263 1201 φεύγοντας
275 1168 325 1203 τὴν
340 1167 514 1203 ἀνθρωπίνην
534 1166 708 1194 κατάστασιν.

140 1213 266 1248 Κάμινοι
275 1214 300 1240 οι
314 1213 471 1249 πειρασμοί⁸
483 1212 527 1239 διὰ
538 1212 592 1248 γὰρ
603 1212 656 1240 τῶν
676 1212 835 1249 πειρασμῶν
848 1221 897 1240 κα-

105 1261 198 1296 θάρας
218 1260 266 1287 καὶ
283 1259 465 1295 ἀκηλιδώτους
486 1259 535 1292 τὰς
555 1259 667 1295 καρδίας
691 1259 746 1286 τῶν
763 1259 898 1286 ἐκλεκτῶν

104 1308 121 1334 6
132 1307 203 1338 Θεὸς
221 1306 372 1340 ἐκλέγεται.

147 1355 180 1380 ’0
194 1353 332 1389 αἱρετικδς
345 1352 476 1380 ὑπακούει
486 1352 611 1388 γλώσσης
627 1352 676 1388 τῆς
687 1353 740 1379 τῶν
756 1352 843 1379 ἀθέων
855 1352 896 1379 δο-

958 209 1010 231 tur.
1024 205 1075 232 Sed
1090 208 1161 233 cuitu
1178 207 1256 240 hujus
1271 217 1380 244 quoque
1391 209 1518 238 fornacis
1529 211 1642 240 discutit
1662 212 1736 239 ﬂatu-

957 258 1028 277 mam
1042 251 1150 279 divinus
1162 253 1290 287 Spiritus,
1309 255 1448 284 insibilaus
1473 257 1633 291 sapientiam
1655 266 1735 286 roris.

956 297 1051 324 Adhuc
1069 305 1133 326 vero
1149 299 1224 325 multi
1243 300 1294 327 hoc
1309 307 1390 335 pacto
1404 303 1517 337 improbi
1533 303 1669 335 homines,
1689 313 1734 340 pa-

958 347 1025 370 trcm
1038 351 1115 370 suum
1132 345 1266 373 diabolum
1278 347 1364 374 solent
1381 348 1490 377 imitari.

991 387 1014 404 "
1028 389 1108 416 Sinus
1126 389 1170 416 hic
1193 392 1274 418 corda
1291 393 1357 419 dixit
1383 394 1544 428 iniquorum.
1563 394 1631 422 Puto
1645 401 1732 423 autem

956 433 1044 461 sinum
1055 434 1154 469 ubique
1164 436 1316 469 signiﬁcare
1328 443 1374 465 aut
1385 445 1503 466 mentem
1521 445 1567 467 aut
1581 441 1732 469 scientiam.

956 478 990 506 Et
1005 479 1140 513 improbos
1155 482 1262 515 quidem
1278 487 1367 518 gestat
1381 483 1408 510 in
1422 484 1483 511 sinu
1497 485 1632 518 diabolus,
1645 485 1733 522 iustos

958 524 1093 552 Dominus.

849 570 926 598 CAP.
939 569 1021 597 XV“.

989 616 1012 632 “
1027 615 1055 644 Si
1068 617 1156 645 omnis
1170 617 1215 652 qui
1227 617 1292 646 facit
1304 625 1455 655 peccatum,
1471 629 1566 651 servus
1580 628 1631 657 est,
1644 626 1733 654 omnis

954 662 1072 691 vicissim
1096 664 1141 699 qui
1159 672 1174 691 a
1191 665 1309 699 nequitia
1336 668 1439 695 recedit
1461 675 1572 704 propter
1592 670 1729 703 virtutem,

952 709 1120 737 dzcmonibus
1144 711 1251 738 vesanis
1275 712 1393 741 dominis
1419 716 1557 749 pnevalet.
1578 715 1627 744 Hic
1650 718 1730 745 etiam

952 755 1141 789 mysteriorqu
1159 755 1205 783 Dei
1222 757 1388 786 domicilium
1403 760 1459 792 lict.
1474 768 1522 795 pro
1534 766 1622 790 status
1639 764 1733 790 condi-

953 800 1024 826 tione
1040 800 1156 834 singulis
1169 800 1299 829 fratribus
1313 804 1463 837 spiritalem
1480 806 1623 834 scientiam
1638 808 1732 835 distri-

950 845 1045 872 buens.
1063 845 1108 874 Sic
1124 846 1205 873 etiam
1225 847 1323 876 Paulus
1338 850 1493 878 Corinthios
1509 851 1588 884 lacte,
1600 853 1732 887 Ephesios

950 893 1079 920 solidiore
1105 894 1165 921 cibo
1179 896 1317 930 pascebat,
1341 897 1374 924 de
1395 898 1572 934 longitudine,
1589 899 1732 928 latitudine

950 944 977 965 et
992 939 1173 973 profunditato
1199 941 1323 976 loquens,
1337 945 1431 978 spatiis
1452 945 1493 972 his
1511 946 1668 981 signiﬁcans
1690 954 1732 974 ra-

952 985 1059 1013 tionalis
1073 992 1175 1015 natura:
1187 988 1383 1022 diversitatem,
1399 999 1457 1025 qua:
1473 991 1519 1019 Dei
1537 993 1571 1020 de
1584 993 1686 1026 judicio
1697 1001 1729 1021 ac

949 1031 1116 1064 providentia
1126 1039 1267 1062 sermones
1274 1037 1488 1070 comprehendit,
1497 1037 1645 1073 profundos
1653 1040 1730 1075 equi-

949 1075 1018 1108 dem,
1033 1082 1060 1104 et
1076 1078 1220 1107 humanam
1235 1082 1418 1111 conditionem
1432 1085 1603 1114 emetientes.

981 1211 1004 1227 ⁸⁸
1020 1210 1157 1240 Fornaces
1182 1218 1243 1240 sunt
1270 1215 1443 1243 tentationes.
1455 1215 1562 1244 Etenim
1584 1221 1727 1253 postquam

947 1263 995 1290 per
1007 1257 1170 1285 tentationes
1182 1259 1262 1285 corda
1277 1261 1412 1296 purgavit,
1431 1265 1484 1289 tum
1501 1263 1608 1291 demum
1633 1264 1729 1292 imma-

947 1303 1036 1329 culata
1048 1303 1099 1330 sibi
1113 1304 1188 1340 eligit
1204 1306 1284 1333 Deus.

983 1348 1005 1363 ”
1018 1348 1102 1376 Homo
1119 1350 1264 1378 luereticus
1278 1351 1490 1387 irreligiosorum
1506 1353 1662 1388 dogmatum
1678 1356 1729 1384 lin-

105 1400 234 1435 γμάτων’
248 1399 273 1426 οἱ
286 1399 313 1426 δὲ
325 1399 375 1434 τῆς
388 1399 558 1434 Ἐκκλησίας,
573 1398 633 1426 οὐδὲ
646 1399 832 1435 προσέχουσιν.
847 1398 895 1425 Διά

955 1401 1027 1427 gnam
1043 1395 1168 1429 obaudit;
1184 1402 1211 1424 at
1226 1397 1351 1425 Ecclesia:
1363 1399 1454 1426 ﬁdeles
1475 1400 1546 1428 nulla
1561 1404 1631 1428 hanc
1641 1407 1729 1430 atten-

73 1453 75 1455 '
105 1445 156 1472 τοῦ
171 1445 331 1476 ὑπακούειν,
343 1445 373 1471 τὸ
387 1443 508 1471 ἑκούσιον
522 1444 666 1475 δείκνυσιν,
679 1444 716 1476 ὡς
731 1445 771 1476 είς
781 1445 830 1480 τὴν
847 1443 895 1471 τοῦ

103 1491 177 1519 θεσῦ
191 1492 277 1527 σοφὴν
294 1491 425 1526 διοίκησιν
439 1490 609 1526 ἐξαμαρτών.
624 1506 658 1510 —
667 1489 750 1522 Οὗτος
764 1491 895 1518 ὑπακούει

105 1539 168 1570 ταῖς
181 1537 320 1572 γλώσσαις
336 1537 391 1564 τῶν
404 1537 577 1572 παρανόψυν,
592 1538 606 1563 6
623 1537 687 1569 τοὺς
700 1537 808 1568 ἀδίκους
819 1536 894 1572 δεχό-

108 1593 190 1620 μενος
208 1584 274 1620 παρ’
296 1583 385 1611 αὐτῶν
398 1583 554 1618 λογισμοὺς⁷
572 1584 619 1610 καὶ
626 1583 759 1619 ⁸σπεύδων
775 1583 895 1618 ἐνεργεῖν

107 1631 167 1656 κατ’
181 1630 290 1662 αὐτούς·
303 1626 344 1661 οἷς
355 1630 369 1655 6
384 1628 485 1660 δίκαιος
498 1629 605 1663 λέγεται
618 1629 655 1665 μὴ
665 1629 817 1664 προσέχειν,
832 1630 895 1666 ὁρα-

107 1677 160 1704 τῶν
181 1685 212 1703 τε
226 1677 273 1703 καὶ
286 1676 419 1711 ἀοράτων,
436 1675 557 1702 τουτέστι
579 1676 616 1711 μὴ
633 1676 678 1702 ἐπὶ
695 1676 775 1703 πλέον
786 1676 895 1712 τρέφειν

107 1722 136 1748 ἐν
147 1721 246 1757 ἑαυτῷ.
745 1720 754 1733 ⁵

148 1767 178 1793 '0
191 1767 298 1798 πιστὸς,
312 1767 404 1802 φησὶν,
419 1766 513 1801 ὄψεται
535 1767 598 1798 τοὺς
618 1767 712 1801 λόγους
728 1767 775 1794 τιιῦ
793 1767 893 1803 κόσμου

108 1814 213 1845 τούτου,
228 1813 354 1845 οὕστινας
371 1814 499 1848 χρήματα
517 1813 654 1849 τροπικῶς
672 1813 718 1839 τοῦ
748 1813 794 1840 νοῦ
809 1823 894 1850 προσ-

109 1859 265 1895 ηγόρευσεν·
279 1859 293 1886 6
305 1859 334 1885 δὲ
346 1858 458 1890 ἄπιστος
469 1858 528 1885 οὐδὲ
539 1858 585 1885 τοῦ
595 1858 720 1893 τυχόντος
733 1860 895 1895 πράγματος

110 1905 242 1940 γνώσεται
259 1904 348 1938 λόγον,
363 1903 407 1930 διὰ
422 1903 472 1939 τὴν
489 1904 658 1940 ἀκαθαρσίαν
670 1905 720 1939 τῆς
737 1904 825 1940 ψυχῆς
846 1905 895 1931 αὑ-

110 1951 164 1977 τοῦ·
180 1951 223 1977 ὅτι
234 1950 263 1976 δὲ
279 1949 391 1981 πλοῦτος
405 1949 492 1985 ψυχῆς
511 1951 527 1985 ή
539 1949 639 1984 γνῶσίς
652 1951 710 1976 ἐστι
723 1950 770 1977 τοῦ
785 1950 862 1983 Θεοῦ,
880 1952 893 1977 6

111 1997 214 2028 Παῦλος
222 1996 342 2023 διδάσκει
354 1995 440 2030 λέγων
450 1996 490 2022 τό·
509 1996 560 2023 Ἐν
569 1997 657 2023 παντὶ
666 1997 891 2031 ἐπλουτίσθητε,

948 1440 1020 1468 tione
1038 1441 1191 1476 dignantur.
1212 1445 1277 1471 Dum
1295 1449 1385 1473 autem
1411 1445 1554 1474 hmreticus
1579 1447 1724 1481 auscultat,

946 1485 1109 1514 voluntatem
1131 1495 1207 1515 suam
1224 1490 1494 1519 demoustratcontra
1514 1491 1559 1520 Dei
1574 1493 1724 1528 sapientem

945 1532 1142 1566 previdcntiam
1158 1536 1297 1568 peccandi.
1311 1551 1345 1556 --
1361 1537 1407 1564 llle
1423 1537 1606 1572 improborutn
1621 1539 1727 1574 linguas

946 1577 1031 1609 audit,
1050 1578 1094 1612 qui
1116 1579 1220 1613 iniquas
1233 1580 1268 1608 ab
1285 1582 1324 1609 eis
1349 1583 1463 1617 suscipit
1488 1583 1685 1616 meditationes,
1699 1591 1728 1613 ct

945 1622 1019 1656 paria
1036 1623 1080 1650 his
1094 1631 1175 1658 agere
1187 1626 1296 1660 satagit.
1313 1627 1417 1660 Quibus
1431 1629 1511 1655 homo
1524 1629 1614 1664 justus
1624 1631 1726 1658 dicitur

945 1676 999 1695 non
1015 1671 1166 1702 attendere,
1180 1679 1226 1699 seu
1247 1674 1409 1708 risibilibus,
1426 1682 1471 1702 scu
1487 1676 1681 1711 invisibilibus;
1699 1678 1725 1706 id

945 1718 998 1746 est,
1013 1714 1119 1742 illorum
1135 1715 1247 1744 consilia
1261 1718 1362 1746 diutius
1373 1725 1463 1747 mente
1473 1728 1524 1749 non
1538 1722 1619 1749 alere.

980 1760 1002 1775 ‘7
1020 1760 1131 1794 Fidelis,
1156 1762 1253 1795 inquit,
1276 1764 1356 1791 homo
1370 1765 1471 1792 videbit
1495 1767 1612 1793 rationes
1633 1768 1725 1795 mundi

945 1805 1034 1840 hujus,
1049 1813 1116 1840 quas
1141 1812 1236 1834 auctor
1252 1809 1355 1843 tropice
1382 1810 1491 1838 divitias
1516 1810 1669 1846 appellarit.
1685 1812 1725 1841 hi-

945 1851 1070 1879 credulus
1098 1858 1186 1880 autem
1215 1862 1248 1882 ne
1270 1856 1387 1883 minima:
1410 1857 1517 1891 quidem
1533 1859 1570 1886 rei
1592 1860 1721 1888 rationem

944 1902 1088 1932 cognoscet
1104 1904 1212 1933 propter
1227 1907 1324 1928 anima:
1349 1909 1404 1928 sua:
1434 1903 1630 1937 impuritatrm.
1647 1906 1723 1939 Quod

944 1951 1008 1972 vero
1033 1944 1131 1971 divitia:
1156 1946 1262 1978 animm,
1278 1946 1379 1981 agnitio
1405 1947 1450 1975 llei
1468 1948 1513 1981 sit,
1533 1948 1631 1977 Paulus
1646 1951 1726 1978 docet

944 1990 1056 2018 dicendo
1070 1990 1111 2017 δεῖ
1130 1990 1164 2017 In
1185 1993 1303 2018 omnibus
1330 1992 1422 2020 divites
1449 1994 1514 2028 facti
1536 1996 1639 2028 attigit:
1654 1997 1724 2023 omni

110 2041 143 2068 ὲν
155 2041 240 2076 πάσῃ
258 2041 363 2075 γνώσει
377 2041 426 2067 καὶ
440 2040 523 2075 πάσῃ
534 2041 636 2075 σοφίᾳ·
649 2042 672 2067 εί
682 2041 711 2067 δέ
718 2051 759 2074 τις
775 2042 893 2077 βούλοιτο

957 2038 1052 2064 rientia
1067 2042 1091 2064 et
1107 2038 1177 2064 omni
1199 2040 1338 2073 sapientia.
1361 2040 1436 2073 Quod
1457 2041 1479 2068 si
1499 2042 1560 2075 quis
1584 2043 1724 2071 ostendere

111 2088 190 2122 δεῖξαι
205 2088 243 2123 μὴ
255 2087 355 2123 ταύτην
369 2087 419 2123 τὴν
431 2087 532 2114 ἔννοιαν
543 2086 612 2114 εἶναι
626 2088 726 2124 ταύτης
736 2075 786 2124 τῆς
801 2098 891 2124 παροι-

955 2083 1008 2110 aelii
1023 2091 1074 2110 non
1087 2084 1157 2110 hunc
1172 2092 1230 2111 esse
1250 2085 1327 2114 huius
1343 2086 1414 2113 ell'ati
1435 2094 1553 2118 sensum,
1569 2088 1641 2114 dicat
1659 2096 1724 2116 sane

115 2135 184 2170 μίας,
204 2135 306 2168 λεγέτω
327 2133 380 2160 ποῦ
402 2133 556 2169 εὐπόρησαν
577 2134 723 2170 χρημάτων
742 2136 766 2161 οξ
785 2135 892 2170 περιελ-

955 2128 1077 2162 piomodo
1093 2129 1193 2155 divitiis
1207 2130 1403 2157 abundaverint
1427 2131 1474 2162 illi.
1493 2131 1537 2165 qui
1559 2132 1723 2161 circuierunt

113 2181 199 2212 θόντες
210 2181 240 2207 ὲν
258 2180 405 2215 μηλωταῖς,
423 2180 453 2205 ὲν
468 2179 581 2213 αἰγείοις
595 2179 720 2215 δέρμασι,
742 2181 892 2216 κακουχού-

957 2182 972 2200 n
989 2174 1102 2206 melotis,
1120 2175 1146 2201 in
1161 2175 1276 2209 pellibus
1294 2177 1423 2209 caprinis,
1445 2176 1546 2209 amicti,
1565 2178 1660 2211 pressi,
1676 2187 1724 2206 an—

115 2235 194 2262 μενοι,
214 2225 376 2261 θλιϐόμενοι,
401 2225 663 2261 στενοχωρούμενοι;
679 2227 741 2258 Πῶς
762 2227 790 2253 δὲ
810 2229 857 2255 καὶ
878 2229 893 2255 ὁ

955 2220 1053 2254 ςιιειὶειιί
1069 2220 1108 2247 ⁸⁵⁸2
1124 2221 1263 2253 Quomodo
1277 2222 1340 2248 item
1354 2222 1435 2249 hotno
1452 2223 1606 2251 incredulus
1617 2225 1723 2252 obolum

113 2274 221 2303 ἄπιστος
235 2272 284 2306 οὐχ
296 2270 461 2305 ἓξειόὃολὸν,
479 2271 582 2298 πολλῶν
595 2272 716 2299 ἀπίστων
730 2273 893 2310 περιϐεϐλη-

956 2275 999 2294 mu
1017 2267 1176 2301 possidebit,
1199 2274 1260 2293 cum
1279 2275 1373 2302 reapse
1404 2268 1479 2295 multi
1496 2270 1624 2297 increduli
1644 2271 1723 2298 lautis

116 2319 198 2353 μένων
214 2317 328 2345 πλοῦτον
342 2316 436 2349 πολὺν,
453 2317 524 2351 λέγω
547 2317 575 2343 δὲ
592 2316 722 2351 βασιλέων
736 2319 780 2345 καὶ
796 2319 892 2354 ἀρχόν-

955 2312 1046 2339 livitiis
1060 2311 1181 2345 allluant,
1197 2320 1272 2347 reges
1299 2313 1406 2348 inquam
1424 2319 1450 2341 et
1470 2315 1606 2350 principes
1632 2317 1722 2344 mundi

114 2373 161 2391 των
176 2364 223 2391 τοῦ
235 2365 338 2399 κόσμου
352 2363 463 2395 τούτου;

955 2359 1040 2392 unus?

145 2410 226 2445 Χείλη
240 2409 323 2436 πιστὰ
335 2409 397 2440 τοὺς
407 2408 525 2443 ἀγαθοὺς
538 2409 682 2445 λογισμούς
691 2417 781 2444 φησιν·
794 2410 890 2446 ἄφρονι

979 2407 1001 2423 ⁵⁰
1015 2406 1096 2434 Labia
1119 2405 1206 2433 ﬁdelia
1226 2405 1291 2433 dicit
1315 2406 1399 2433 bonas
1415 2407 1600 2441 cogitationes.
1619 2407 1723 2436 Vesano

115 2453 236 2483 δὲδεκτοὶ
260 2455 365 2482 ἔσονται
379 2455 492 2490 πονηροὶ
507 2455 639 2490 λογισμοίο
657 2455 698 2487 τίς
713 2456 767 2490 γὰρ
791 2455 890 2491 μετοχὴ

955 2460 1031 2480 amen
1047 2452 1191 2487 placebunt
1206 2452 1383 2486 cogitationes
1405 2453 1491 2480 malae.
1508 2452 1572 2479 Nam
1590 2461 1649 2488 qua:
1660 2461 1721 2488 par-

116 2502 264 2537 δικαιοσύνῃ
281 2501 349 2536 πρὸς
364 2500 483 2533 ἀδικίαν;
498 2501 522 2527 εἰ
540 2501 576 2536 μή
597 2509 647 2527 που
664 2501 832 2537 μετανοήσας
848 2502 891 2528 δέ-

955 2499 1061 2533 icipatio
1073 2499 1186 2533 justitia:
1204 2507 1264 2526 CIIII]
1284 2499 1444 2534 iniquitate?
1460 2503 1506 2526 aut
1521 2507 1581 2533 qua:
1595 2507 1722 2527 comnm-

117 2548 185 2584 ξηται
199 2531 329 2583 tegmina-xlv
340 2531 371 2573 τε
384 2547 431 2574 καὶ
447 2531 547 2574 πίστινί
570 2531 576 2536 1
664 2531 671 2536 1
774 2531 779 2537 Ι
824 2531 829 2533 Π

955 2546 990 2572 tio
1004 2545 1069 2572 lucis
1082 2553 1144 2571 cum
1158 2545 1292 2572 tenebris?
1304 2545 1355 2572 nisi
1372 2545 1442 2572 forte
1453 2544 1497 2572 illc
1511 2546 1644 2579 ptenitens
1658 2554 1722 2580 pru-

941 2591 1060 2618 dentiam
1078 2590 1212 2625 ﬁdemque
1230 2591 1372 2624 receperit.

146 2636 191 2663 Διά
212 2635 262 2672 μὲν
271 2636 323 2672 τῆς
344 2635 525 2672 δικαιοσύνης,
541 2637 591 2672 τὴν
605 2635 710 2662 ἀδικίαν
724 2636 891 2672 κρύπτομεν*

976 2637 997 2653 ⁵⁸
1015 2636 1122 2664 .lustitia
1152 2636 1322 2671 iniquitatem
1353 2637 1515 2669 obruimus,
1544 2637 1721 2671 temperantia

115 2682 151 2709 διὰ
162 2682 188 2709 δὲ
202 2682 253 2716 τῆς
265 2681 451 2717 σωφροσύνης,
468 2682 517 2717 τὴν
532 2681 688 2708 ἀκολασίαν·
700 2681 746 2708 καὶ
758 2681 837 2708 πάλιν
849 2681 893 2708 διὰ

955 2683 1086 2714 uxoriam,
1102 2682 1258 2716 pariterque
1279 2689 1373 2709 amore
1386 2682 1494 2713 odium.
1517 2687 1543 2709 et
1559 2681 1721 2709 liberalitate

115 2728 156 2762 τῆς
170 2727 292 2762 ἀγάπης,
305 2726 337 2752 τὺ
351 2727 437 2761 μῖσος·
456 2727 502 2753 καὶ
514 2726 558 2753 διὰ
569 2727 618 2762 τῆς
626 2726 834 2762 ἀφιλαργυρίας,
843 2726 892 2762 τὴν

955 2728 1097 2755 ηνιιτὶιίοιη.
1113 2727 1256 2755 Obruimus
1276 2727 1338 2754 item
1356 2728 1504 2754 humilitate
1517 2727 1681 2762 superbiam,
1692 2732 1720 2754 et

143 2823 161 2838 “
175 2831 199 2849 v.
213 2822 258 2851 53.
301 2820 323 2837 “
337 2828 361 2847 ν.
377 2820 403 2847 2.
442 2821 463 2837 ⁸⁸
478 2829 502 2848 v.
520 2821 546 2849 5.
584 2821 606 2838 ⁸⁸
618 2830 641 2849 v.
660 2822 686 2849 4.
725 2822 747 2838 ⁸⁷
761 2830 784 2849 v.
799 2822 825 2850 6.
860 2821 895 2850 “l

955 2831 971 2850 Γ.
986 2823 1041 2855 ι,5.

1083 2824 1103 2840 ⁶⁹
1116 2823 1197 2851 Hebr.
1212 2831 1250 2853 Sl.
1265 2824 1308 2851 37.
1347 2824 1369 2839 '°
1383 2831 1408 2849 v.
1426 2823 1451 2850 7.
1489 2823 1510 2839 "
1526 2830 1550 2850 v.
1561 2824 1588 2851 9.
