  <div class='ocr_page' id='page_1' title='image "/cluster/home/n/w/nwhite01/storage/ocr_20150623/17/njp.32101010944583/130.png"; bbox 0 0 1919 3074; ppageno 0'>
   <div class='ocr_carea' id='block_1_1' title="bbox 54 147 100 177">
    <p class='ocr_par' dir='ltr' id='par_1_1' title="bbox 54 147 100 177">
     <span class='ocr_line' id='line_1_1' title="bbox 54 147 100 177; baseline 0 0"><span class='ocrx_word' id='word_1_1' title='bbox 54 147 100 177; x_wconf 64' lang='grc' dir='ltr'>ιιι</span> 
     </span>
    </p>
   </div>
   <div class='ocr_carea' id='block_1_2' title="bbox 645 143 1108 180">
    <p class='ocr_par' dir='ltr' id='par_1_2' title="bbox 645 143 1108 180">
     <span class='ocr_line' id='line_1_2' title="bbox 645 143 1108 180; baseline -0.006 0"><span class='ocrx_word' id='word_1_2' title='bbox 645 144 828 180; x_wconf 75' lang='lat' dir='ltr'><strong>EXPOSITIO</strong></span> <span class='ocrx_word' id='word_1_3' title='bbox 848 144 881 178; x_wconf 72' lang='lat' dir='ltr'><strong>IN</strong></span> <span class='ocrx_word' id='word_1_4' title='bbox 900 143 1108 178; x_wconf 69' lang='lat' dir='ltr'><strong>Ptiovsnaia.</strong></span> 
     </span>
    </p>
   </div>
   <div class='ocr_carea' id='block_1_3' title="bbox 1636 147 1689 177">
    <p class='ocr_par' dir='ltr' id='par_1_3' title="bbox 1636 147 1689 177">
     <span class='ocr_line' id='line_1_3' title="bbox 1636 147 1689 177; baseline 0.057 -4"><span class='ocrx_word' id='word_1_5' title='bbox 1636 147 1689 177; x_wconf 61' lang='lat'><strong>20“!</strong></span> 
     </span>
    </p>
   </div>
   <div class='ocr_carea' id='block_1_4' title="bbox 57 203 860 246">
    <p class='ocr_par' dir='ltr' id='par_1_4' title="bbox 57 203 854 246">
     <span class='ocr_line' id='line_1_4' title="bbox 57 203 854 246; baseline -0.001 -9"><span class='ocrx_word' id='word_1_6' title='bbox 57 210 109 245; x_wconf 68' lang='grc' dir='ltr'>φοὶ,</span> <span class='ocrx_word' id='word_1_7' title='bbox 123 208 164 245; x_wconf 66' lang='grc' dir='ltr'>τῷ</span> <span class='ocrx_word' id='word_1_8' title='bbox 179 209 233 245; x_wconf 79' lang='grc' dir='ltr'><strong>τῆς</strong></span> <span class='ocrx_word' id='word_1_9' title='bbox 247 203 391 244; x_wconf 71' lang='grc' dir='ltr'>υἱοθεσῐας</span> <span class='ocrx_word' id='word_1_10' title='bbox 413 211 576 246; x_wconf 70' lang='grc' dir='ltr'><strong>γεννώμενοι</strong></span> <span class='ocrx_word' id='word_1_11' title='bbox 593 211 745 246; x_wconf 86' lang='grc' dir='ltr'>πνεύματι·</span> <span class='ocrx_word' id='word_1_12' title='bbox 759 210 854 238; x_wconf 79' lang='grc' dir='ltr'>τούτου</span> 
     </span>
    </p>
   </div>
   <div class='ocr_carea' id='block_1_5' title="bbox 915 203 1690 246">
    <p class='ocr_par' dir='ltr' id='par_1_5' title="bbox 915 204 1690 245">
     <span class='ocr_line' id='line_1_5' title="bbox 915 204 1690 245; baseline 0 -9"><span class='ocrx_word' id='word_1_13' title='bbox 915 210 1006 236; x_wconf 69' lang='lat' dir='ltr'><strong>itionis</strong></span> <span class='ocrx_word' id='word_1_14' title='bbox 1018 208 1112 245; x_wconf 75' lang='lat' dir='ltr'><strong>geniti.</strong></span> <span class='ocrx_word' id='word_1_15' title='bbox 1129 208 1204 237; x_wconf 83' lang='lat' dir='ltr'><strong>lianc</strong></span> <span class='ocrx_word' id='word_1_16' title='bbox 1220 204 1292 238; x_wconf 85' lang='lat' dir='ltr'><strong>enim</strong></span> <span class='ocrx_word' id='word_1_17' title='bbox 1305 210 1340 237; x_wconf 83' lang='lat' dir='ltr'><strong>ob</strong></span> <span class='ocrx_word' id='word_1_18' title='bbox 1354 208 1464 237; x_wconf 84' lang='lat' dir='ltr'><strong>causam</strong></span> <span class='ocrx_word' id='word_1_19' title='bbox 1479 204 1567 244; x_wconf 77' lang='lat' dir='ltr'><strong>angeli</strong></span> <span class='ocrx_word' id='word_1_20' title='bbox 1587 216 1620 236; x_wconf 78' lang='lat' dir='ltr'><strong>ex</strong></span> <span class='ocrx_word' id='word_1_21' title='bbox 1632 206 1690 236; x_wconf 57' lang='lat' dir='ltr'><strong>&#39;sa-</strong></span> 
     </span>
    </p>
   </div>
   <div class='ocr_carea' id='block_1_6' title="bbox 57 255 854 292">
    <p class='ocr_par' dir='ltr' id='par_1_6' title="bbox 57 255 854 292">
     <span class='ocr_line' id='line_1_6' title="bbox 57 255 854 292; baseline -0.001 -10"><span class='ocrx_word' id='word_1_22' title='bbox 57 255 109 291; x_wconf 73' lang='grc' dir='ltr'><strong>γὰρ</strong></span> <span class='ocrx_word' id='word_1_23' title='bbox 123 255 205 291; x_wconf 77' lang='grc' dir='ltr'>χάριν</span> <span class='ocrx_word' id='word_1_24' title='bbox 219 257 270 282; x_wconf 74' lang='grc' dir='ltr'>καὶ</span> <span class='ocrx_word' id='word_1_25' title='bbox 285 256 435 291; x_wconf 78' lang='grc' dir='ltr'><strong>γεννῶνται</strong></span> <span class='ocrx_word' id='word_1_26' title='bbox 447 256 498 283; x_wconf 80' lang='grc' dir='ltr'><strong>ὑπὸ</strong></span> <span class='ocrx_word' id='word_1_27' title='bbox 509 256 558 291; x_wconf 76' lang='grc' dir='ltr'>τῆς</span> <span class='ocrx_word' id='word_1_28' title='bbox 575 256 680 290; x_wconf 77' lang='grc' dir='ltr'>σοφίας,</span> <span class='ocrx_word' id='word_1_29' title='bbox 695 256 738 283; x_wconf 84' lang='grc' dir='ltr'>ῐνα</span> <span class='ocrx_word' id='word_1_30' title='bbox 753 255 854 292; x_wconf 85' lang='grc' dir='ltr'>ἀνθρώ-</span> 
     </span>
    </p>
   </div>
   <div class='ocr_carea' id='block_1_7' title="bbox 58 301 854 338">
    <p class='ocr_par' dir='ltr' id='par_1_7' title="bbox 58 301 854 338">
     <span class='ocr_line' id='line_1_7' title="bbox 58 301 854 338; baseline -0.001 -9"><span class='ocrx_word' id='word_1_31' title='bbox 58 307 123 334; x_wconf 64' lang='grc' dir='ltr'><strong>⁴ιδους</strong></span> <span class='ocrx_word' id='word_1_32' title='bbox 138 302 315 338; x_wconf 80' lang='grc' dir='ltr'>ὸδηγήσωσιν</span> <span class='ocrx_word' id='word_1_33' title='bbox 339 302 395 330; x_wconf 69' lang='grc' dir='ltr'><strong>ἀπὸ</strong></span> <span class='ocrx_word' id='word_1_34' title='bbox 411 302 508 334; x_wconf 78' lang='grc' dir='ltr'>κακίας</span> <span class='ocrx_word' id='word_1_35' title='bbox 533 302 572 334; x_wconf 86' lang='grc' dir='ltr'><strong>εἰς</strong></span> <span class='ocrx_word' id='word_1_36' title='bbox 595 302 696 338; x_wconf 75' lang='grc' dir='ltr'>ἀρετὴν</span> <span class='ocrx_word' id='word_1_37' title='bbox 708 323 715 334; x_wconf 91' lang='grc'><strong>,</strong></span> <span class='ocrx_word' id='word_1_38' title='bbox 730 302 777 329; x_wconf 77' lang='grc' dir='ltr'>καὶ</span> <span class='ocrx_word' id='word_1_39' title='bbox 799 301 854 330; x_wconf 75' lang='grc' dir='ltr'><strong>ἀπὸ</strong></span> 
     </span>
    </p>
   </div>
   <div class='ocr_carea' id='block_1_8' title="bbox 58 348 507 382">
    <p class='ocr_par' dir='ltr' id='par_1_8' title="bbox 58 348 507 382">
     <span class='ocr_line' id='line_1_8' title="bbox 58 348 507 382; baseline 0 -8"><span class='ocrx_word' id='word_1_40' title='bbox 58 348 194 382; x_wconf 63' lang='grc' dir='ltr'>ἀγνωσίας</span> <span class='ocrx_word' id='word_1_41' title='bbox 210 348 252 380; x_wconf 78' lang='grc' dir='ltr'>εἰς</span> <span class='ocrx_word' id='word_1_42' title='bbox 265 348 416 382; x_wconf 69' lang='grc' dir='ltr'>ἐπίγνωσιν</span> <span class='ocrx_word' id='word_1_43' title='bbox 429 348 507 375; x_wconf 81' lang='grc' dir='ltr'>Θεοῦ.</span> 
     </span>
    </p>
   </div>
   <div class='ocr_carea' id='block_1_9' title="bbox 93 391 854 430">
    <p class='ocr_par' dir='ltr' id='par_1_9' title="bbox 93 391 854 430">
     <span class='ocr_line' id='line_1_9' title="bbox 93 391 854 430; baseline 0 -10"><span class='ocrx_word' id='word_1_44' title='bbox 93 391 179 426; x_wconf 71' lang='grc' dir='ltr'>ηὗτός</span> <span class='ocrx_word' id='word_1_45' title='bbox 195 395 272 421; x_wconf 75' lang='grc' dir='ltr'>ἐστιν</span> <span class='ocrx_word' id='word_1_46' title='bbox 286 394 478 430; x_wconf 79' lang='grc' dir='ltr'>εὐμετάδολος,</span> <span class='ocrx_word' id='word_1_47' title='bbox 491 395 506 420; x_wconf 81' lang='grc' dir='ltr'><strong>ὁ</strong></span> <span class='ocrx_word' id='word_1_48' title='bbox 517 394 616 430; x_wconf 76' lang='grc' dir='ltr'>ῥᾳδίως</span> <span class='ocrx_word' id='word_1_49' title='bbox 631 394 685 421; x_wconf 73' lang='grc' dir='ltr'><strong>ἀπὸ</strong></span> <span class='ocrx_word' id='word_1_50' title='bbox 696 394 795 430; x_wconf 84' lang='grc' dir='ltr'>ἀρετῆς</span> <span class='ocrx_word' id='word_1_51' title='bbox 808 394 854 420; x_wconf 72' lang='grc' dir='ltr'><strong>ἐπὶ</strong></span> 
     </span>
    </p>
   </div>
   <div class='ocr_carea' id='block_1_10' title="bbox 57 440 854 476">
    <p class='ocr_par' dir='ltr' id='par_1_10' title="bbox 57 440 854 476">
     <span class='ocr_line' id='line_1_10' title="bbox 57 440 854 476; baseline 0 -10"><span class='ocrx_word' id='word_1_52' title='bbox 57 440 159 467; x_wconf 77' lang='grc' dir='ltr'>κακίαν</span> <span class='ocrx_word' id='word_1_53' title='bbox 170 440 418 476; x_wconf 74' lang='grc' dir='ltr'>μεταϐαλλόμενος,</span> <span class='ocrx_word' id='word_1_54' title='bbox 430 441 487 472; x_wconf 82' lang='grc' dir='ltr'>τοῖς</span> <span class='ocrx_word' id='word_1_55' title='bbox 503 441 630 476; x_wconf 81' lang='grc' dir='ltr'>πονηροῖς</span> <span class='ocrx_word' id='word_1_56' title='bbox 637 440 778 475; x_wconf 81' lang='grc' dir='ltr'><strong>λογισμοῖς</strong></span> <span class='ocrx_word' id='word_1_57' title='bbox 791 448 854 466; x_wconf 81' lang='grc' dir='ltr'>σνν-</span> 
     </span>
    </p>
   </div>
   <div class='ocr_carea' id='block_1_11' title="bbox 58 485 207 521">
    <p class='ocr_par' dir='ltr' id='par_1_11' title="bbox 58 485 207 521">
     <span class='ocr_line' id='line_1_11' title="bbox 58 485 207 521; baseline -0.007 -8"><span class='ocrx_word' id='word_1_58' title='bbox 58 485 207 521; x_wconf 75' lang='grc' dir='ltr'>απαχθείς.</span> 
     </span>
    </p>
   </div>
   <div class='ocr_carea' id='block_1_12' title="bbox 92 529 856 567">
    <p class='ocr_par' dir='ltr' id='par_1_12' title="bbox 92 529 856 567">
     <span class='ocr_line' id='line_1_12' title="bbox 92 529 856 567; baseline 0.003 -11"><span class='ocrx_word' id='word_1_59' title='bbox 92 531 209 566; x_wconf 77' lang='grc' dir='ltr'>Πατέρα</span> <span class='ocrx_word' id='word_1_60' title='bbox 225 529 343 557; x_wconf 77' lang='grc' dir='ltr'>ἐνταῦθα</span> <span class='ocrx_word' id='word_1_61' title='bbox 359 530 406 557; x_wconf 80' lang='grc' dir='ltr'>τὸν</span> <span class='ocrx_word' id='word_1_62' title='bbox 421 530 488 557; x_wconf 80' lang='grc' dir='ltr'>Θεόν</span> <span class='ocrx_word' id='word_1_63' title='bbox 504 539 570 566; x_wconf 80' lang='grc' dir='ltr'>φησι</span> <span class='ocrx_word' id='word_1_64' title='bbox 583 538 590 546; x_wconf 77' lang='grc'><strong><em>⁵</em></strong></span> <span class='ocrx_word' id='word_1_65' title='bbox 606 531 721 567; x_wconf 78' lang='grc' dir='ltr'>μητέρα,</span> <span class='ocrx_word' id='word_1_66' title='bbox 737 531 787 567; x_wconf 84' lang='grc' dir='ltr'>τὴν</span> <span class='ocrx_word' id='word_1_67' title='bbox 812 540 856 566; x_wconf 86' lang='grc' dir='ltr'>φι-</span> 
     </span>
    </p>
   </div>
   <div class='ocr_carea' id='block_1_13' title="bbox 55 575 855 613">
    <p class='ocr_par' dir='ltr' id='par_1_13' title="bbox 55 575 855 613">
     <span class='ocr_line' id='line_1_13' title="bbox 55 575 855 613; baseline 0.001 -11"><span class='ocrx_word' id='word_1_68' title='bbox 55 575 239 612; x_wconf 77' lang='grc' dir='ltr'>λανθρωπίαν</span> <span class='ocrx_word' id='word_1_69' title='bbox 253 576 335 603; x_wconf 76' lang='grc' dir='ltr'>αὐτοῦ</span> <span class='ocrx_word' id='word_1_70' title='bbox 348 584 355 592; x_wconf 93' lang='grc'><strong>·</strong></span> <span class='ocrx_word' id='word_1_71' title='bbox 379 576 396 612; x_wconf 77' lang='grc' dir='ltr'>ἢ</span> <span class='ocrx_word' id='word_1_72' title='bbox 413 577 459 604; x_wconf 75' lang='grc' dir='ltr'>καὶ</span> <span class='ocrx_word' id='word_1_73' title='bbox 478 577 627 613; x_wconf 73' lang='grc' dir='ltr'>πεποίηκεν</span> <span class='ocrx_word' id='word_1_74' title='bbox 643 577 724 603; x_wconf 66' lang='grc' dir='ltr'>αὑτὸν</span> <span class='ocrx_word' id='word_1_75' title='bbox 747 584 855 613; x_wconf 77' lang='grc' dir='ltr'>σαρκω-</span> 
     </span>
    </p>
   </div>
   <div class='ocr_carea' id='block_1_14' title="bbox 57 622 857 659">
    <p class='ocr_par' dir='ltr' id='par_1_14' title="bbox 57 622 857 659">
     <span class='ocr_line' id='line_1_14' title="bbox 57 622 857 659; baseline 0.001 -10"><span class='ocrx_word' id='word_1_76' title='bbox 57 622 141 657; x_wconf 70' lang='grc' dir='ltr'>θῆναι</span> <span class='ocrx_word' id='word_1_77' title='bbox 154 643 163 654; x_wconf 89' lang='grc'><strong>,</strong></span> <span class='ocrx_word' id='word_1_78' title='bbox 178 623 228 649; x_wconf 76' lang='grc' dir='ltr'>καὶ</span> <span class='ocrx_word' id='word_1_79' title='bbox 250 623 324 658; x_wconf 83' lang='grc' dir='ltr'>πάθη</span> <span class='ocrx_word' id='word_1_80' title='bbox 339 622 482 659; x_wconf 79' lang='grc' dir='ltr'>ὑπομεῖναι</span> <span class='ocrx_word' id='word_1_81' title='bbox 506 623 540 649; x_wconf 82' lang='grc' dir='ltr'>δι’</span> <span class='ocrx_word' id='word_1_82' title='bbox 555 624 628 658; x_wconf 80' lang='grc' dir='ltr'>ἡμᾶς</span> <span class='ocrx_word' id='word_1_83' title='bbox 638 630 645 638; x_wconf 83' lang='grc'><em>’</em></span> <span class='ocrx_word' id='word_1_84' title='bbox 663 623 677 649; x_wconf 81' lang='grc'>6</span> <span class='ocrx_word' id='word_1_85' title='bbox 691 623 719 649; x_wconf 79' lang='grc' dir='ltr'>δὲ</span> <span class='ocrx_word' id='word_1_86' title='bbox 731 623 798 654; x_wconf 80' lang='grc' dir='ltr'>Θεὸς</span> <span class='ocrx_word' id='word_1_87' title='bbox 809 623 857 650; x_wconf 77' lang='grc' dir='ltr'>καὶ</span> 
     </span>
    </p>
   </div>
   <div class='ocr_carea' id='block_1_15' title="bbox 58 667 856 704">
    <p class='ocr_par' dir='ltr' id='par_1_15' title="bbox 58 667 856 704">
     <span class='ocr_line' id='line_1_15' title="bbox 58 667 856 704; baseline 0.001 -10"><span class='ocrx_word' id='word_1_88' title='bbox 58 668 158 703; x_wconf 82' lang='grc' dir='ltr'>Πατὴρ</span> <span class='ocrx_word' id='word_1_89' title='bbox 172 668 263 704; x_wconf 74' lang='grc' dir='ltr'>ἡμῶν,</span> <span class='ocrx_word' id='word_1_90' title='bbox 276 669 325 695; x_wconf 75' lang='grc' dir='ltr'>οὐκ</span> <span class='ocrx_word' id='word_1_91' title='bbox 345 669 519 704; x_wconf 74' lang='grc' dir='ltr'>εὐφραίνεται</span> <span class='ocrx_word' id='word_1_92' title='bbox 535 669 582 695; x_wconf 78' lang='grc' dir='ltr'><strong>ἐπὶ</strong></span> <span class='ocrx_word' id='word_1_93' title='bbox 606 667 657 704; x_wconf 77' lang='grc' dir='ltr'>υἱῷ</span> <span class='ocrx_word' id='word_1_94' title='bbox 675 668 856 704; x_wconf 77' lang='grc' dir='ltr'>υίοθετηθέντι</span> 
     </span>
    </p>
   </div>
   <div class='ocr_carea' id='block_1_16' title="bbox 57 713 856 750">
    <p class='ocr_par' dir='ltr' id='par_1_16' title="bbox 57 713 856 750">
     <span class='ocr_line' id='line_1_16' title="bbox 57 713 856 750; baseline 0.001 -10"><span class='ocrx_word' id='word_1_95' title='bbox 57 714 132 749; x_wconf 71' lang='grc' dir='ltr'>μὲν,</span> <span class='ocrx_word' id='word_1_96' title='bbox 149 714 189 750; x_wconf 78' lang='grc' dir='ltr'>μὴ</span> <span class='ocrx_word' id='word_1_97' title='bbox 206 715 414 750; x_wconf 73' lang='grc' dir='ltr'><strong>πεπαιδευμένῳ</strong></span> <span class='ocrx_word' id='word_1_98' title='bbox 434 715 462 742; x_wconf 76' lang='grc' dir='ltr'>δὲ</span> <span class='ocrx_word' id='word_1_99' title='bbox 483 714 534 750; x_wconf 77' lang='grc' dir='ltr'><strong>τὴν</strong></span> <span class='ocrx_word' id='word_1_100' title='bbox 552 714 600 741; x_wconf 80' lang='grc' dir='ltr'><strong>τοῦ</strong></span> <span class='ocrx_word' id='word_1_101' title='bbox 615 713 682 741; x_wconf 79' lang='grc' dir='ltr'>Θεοῦ</span> <span class='ocrx_word' id='word_1_102' title='bbox 699 715 795 749; x_wconf 84' lang='grc' dir='ltr'>σοφίαν</span> <span class='ocrx_word' id='word_1_103' title='bbox 810 715 856 742; x_wconf 84' lang='grc' dir='ltr'>καὶ</span> 
     </span>
    </p>
   </div>
   <div class='ocr_carea' id='block_1_17' title="bbox 57 759 854 796">
    <p class='ocr_par' dir='ltr' id='par_1_17' title="bbox 57 759 854 796">
     <span class='ocr_line' id='line_1_17' title="bbox 57 759 854 796; baseline 0.001 -11"><span class='ocrx_word' id='word_1_104' title='bbox 57 759 182 793; x_wconf 78' lang='grc' dir='ltr'>γνῶσιν.</span> <span class='ocrx_word' id='word_1_105' title='bbox 204 759 274 786; x_wconf 76' lang='grc' dir='ltr'>ἀλλὰ</span> <span class='ocrx_word' id='word_1_106' title='bbox 299 760 383 795; x_wconf 79' lang='grc' dir='ltr'>κακίᾳ</span> <span class='ocrx_word' id='word_1_107' title='bbox 403 760 451 787; x_wconf 67' lang='grc' dir='ltr'>καὶ</span> <span class='ocrx_word' id='word_1_108' title='bbox 472 760 589 796; x_wconf 76' lang='grc' dir='ltr'>πονηρίᾳ</span> <span class='ocrx_word' id='word_1_109' title='bbox 614 759 708 787; x_wconf 71' lang='grc' dir='ltr'>ἑαυτὸν</span> <span class='ocrx_word' id='word_1_110' title='bbox 732 759 854 786; x_wconf 81' lang='grc' dir='ltr'>ὲκδὸντι·</span> 
     </span>
    </p>
   </div>
   <div class='ocr_carea' id='block_1_18' title="bbox 57 804 856 840">
    <p class='ocr_par' dir='ltr' id='par_1_18' title="bbox 57 804 856 840">
     <span class='ocr_line' id='line_1_18' title="bbox 57 804 856 840; baseline 0.001 -10"><span class='ocrx_word' id='word_1_111' title='bbox 57 805 118 835; x_wconf 71' lang='grc' dir='ltr'>υίὸς</span> <span class='ocrx_word' id='word_1_112' title='bbox 130 804 161 830; x_wconf 63' lang='grc' dir='ltr'>δὲ</span> <span class='ocrx_word' id='word_1_113' title='bbox 176 804 311 840; x_wconf 83' lang='grc' dir='ltr'>φρόνιμος</span> <span class='ocrx_word' id='word_1_114' title='bbox 331 805 471 840; x_wconf 80' lang='grc' dir='ltr'>εὐφραίνει</span> <span class='ocrx_word' id='word_1_115' title='bbox 492 805 543 839; x_wconf 84' lang='grc' dir='ltr'>τὴν</span> <span class='ocrx_word' id='word_1_116' title='bbox 567 804 673 840; x_wconf 80' lang='grc' dir='ltr'>μητέρα</span> <span class='ocrx_word' id='word_1_117' title='bbox 687 804 790 836; x_wconf 77' lang='grc' dir='ltr'>αὐτοῦ’,</span> <span class='ocrx_word' id='word_1_118' title='bbox 806 804 856 840; x_wconf 77' lang='grc' dir='ltr'>τὴν</span> 
     </span>
    </p>
   </div>
   <div class='ocr_carea' id='block_1_19' title="bbox 57 849 856 886">
    <p class='ocr_par' dir='ltr' id='par_1_19' title="bbox 57 849 856 886">
     <span class='ocr_line' id='line_1_19' title="bbox 57 849 856 886; baseline 0 -10"><span class='ocrx_word' id='word_1_119' title='bbox 57 849 107 876; x_wconf 80' lang='grc' dir='ltr'><strong>τοῦ</strong></span> <span class='ocrx_word' id='word_1_120' title='bbox 119 850 193 876; x_wconf 79' lang='grc' dir='ltr'>Θεοῦ</span> <span class='ocrx_word' id='word_1_121' title='bbox 217 849 436 885; x_wconf 78' lang='grc' dir='ltr'>φιλανθρωπίαν·</span> <span class='ocrx_word' id='word_1_122' title='bbox 452 850 470 885; x_wconf 69' lang='grc' dir='ltr'><strong>ἢ</strong></span> <span class='ocrx_word' id='word_1_123' title='bbox 490 851 537 877; x_wconf 79' lang='grc' dir='ltr'>καὶ</span> <span class='ocrx_word' id='word_1_124' title='bbox 552 850 684 886; x_wconf 79' lang='grc' dir='ltr'>προσάγει</span> <span class='ocrx_word' id='word_1_125' title='bbox 697 851 771 886; x_wconf 76' lang='grc' dir='ltr'><strong>ἡμᾶς</strong></span> <span class='ocrx_word' id='word_1_126' title='bbox 783 849 856 885; x_wconf 83' lang='grc' dir='ltr'>αὐτῷ</span> 
     </span>
    </p>
   </div>
   <div class='ocr_carea' id='block_1_20' title="bbox 57 883 893 932">
    <p class='ocr_par' dir='ltr' id='par_1_20' title="bbox 57 883 893 932">
     <span class='ocr_line' id='line_1_20' title="bbox 57 883 893 932; baseline 0.001 -10"><span class='ocrx_word' id='word_1_127' title='bbox 57 895 98 931; x_wconf 77' lang='grc' dir='ltr'>τῷ</span> <span class='ocrx_word' id='word_1_128' title='bbox 109 895 174 931; x_wconf 80' lang='grc' dir='ltr'><strong>Θεῷ</strong></span> <span class='ocrx_word' id='word_1_129' title='bbox 251 883 347 932; x_wconf 60' lang='lat' dir='ltr'><strong>“cepi,</strong></span> <span class='ocrx_word' id='word_1_130' title='bbox 361 896 400 928; x_wconf 83' lang='grc' dir='ltr'><strong>ὡς</strong></span> <span class='ocrx_word' id='word_1_131' title='bbox 413 883 487 928; x_wconf 56' lang='lat' dir='ltr'><strong>uicis;</strong></span> <span class='ocrx_word' id='word_1_132' title='bbox 500 883 796 931; x_wconf 59' lang='grc' dir='ltr'>ἀπογαλακτισθίντας,</span> <span class='ocrx_word' id='word_1_133' title='bbox 809 883 857 923; x_wconf 76' lang='grc' dir='ltr'>καὶ</span> <span class='ocrx_word' id='word_1_134' title='bbox 873 883 893 910; x_wconf 75' lang='grc' dir='ltr'><strong><em>Β</em></strong></span> 
     </span>
    </p>
   </div>
   <div class='ocr_carea' id='block_1_21' title="bbox 57 942 855 979">
    <p class='ocr_par' dir='ltr' id='par_1_21' title="bbox 57 942 855 979">
     <span class='ocr_line' id='line_1_21' title="bbox 57 942 855 979; baseline 0.003 -11"><span class='ocrx_word' id='word_1_135' title='bbox 57 942 110 976; x_wconf 81' lang='grc' dir='ltr'><strong>τῆς</strong></span> <span class='ocrx_word' id='word_1_136' title='bbox 138 943 330 978; x_wconf 72' lang='grc' dir='ltr'><strong>πνευματικῆς</strong></span> <span class='ocrx_word' id='word_1_137' title='bbox 364 944 478 978; x_wconf 75' lang='grc' dir='ltr'>στερεᾶς</span> <span class='ocrx_word' id='word_1_138' title='bbox 499 944 601 979; x_wconf 77' lang='grc' dir='ltr'>τροφῆς</span> <span class='ocrx_word' id='word_1_139' title='bbox 624 944 802 979; x_wconf 69' lang='grc' dir='ltr'>ἐφιεμένους·</span> <span class='ocrx_word' id='word_1_140' title='bbox 823 943 855 970; x_wconf 76' lang='grc' dir='ltr'>ἵν’</span> 
     </span>
    </p>
   </div>
   <div class='ocr_carea' id='block_1_22' title="bbox 57 987 859 1024">
    <p class='ocr_par' dir='ltr' id='par_1_22' title="bbox 57 987 859 1024">
     <span class='ocr_line' id='line_1_22' title="bbox 57 987 859 1024; baseline 0.002 -10"><span class='ocrx_word' id='word_1_141' title='bbox 57 987 100 1018; x_wconf 77' lang='grc' dir='ltr'>ὡς</span> <span class='ocrx_word' id='word_1_142' title='bbox 115 988 181 1014; x_wconf 73' lang='grc' dir='ltr'>καθ’</span> <span class='ocrx_word' id='word_1_143' title='bbox 194 988 341 1023; x_wconf 78' lang='grc' dir='ltr'>ὁμοιότητα</span> <span class='ocrx_word' id='word_1_144' title='bbox 355 988 466 1023; x_wconf 77' lang='grc' dir='ltr'>ἁδελφδς</span> <span class='ocrx_word' id='word_1_145' title='bbox 481 990 547 1024; x_wconf 68' lang='grc' dir='ltr'>ἡμῖν</span> <span class='ocrx_word' id='word_1_146' title='bbox 561 989 682 1024; x_wconf 79' lang='grc' dir='ltr'>γεγονὼς</span> <span class='ocrx_word' id='word_1_147' title='bbox 703 991 717 1016; x_wconf 81' lang='lat'><strong>6</strong></span> <span class='ocrx_word' id='word_1_148' title='bbox 734 989 797 1021; x_wconf 78' lang='grc' dir='ltr'><strong>Υἱὸς</strong></span> <span class='ocrx_word' id='word_1_149' title='bbox 812 990 859 1016; x_wconf 82' lang='grc' dir='ltr'><strong>αὺ-</strong></span> 
     </span>
    </p>
   </div>
   <div class='ocr_carea' id='block_1_23' title="bbox 57 1033 858 1072">
    <p class='ocr_par' dir='ltr' id='par_1_23' title="bbox 57 1033 858 1072">
     <span class='ocr_line' id='line_1_23' title="bbox 57 1033 858 1072; baseline 0.004 -12"><span class='ocrx_word' id='word_1_150' title='bbox 57 1033 109 1060; x_wconf 82' lang='grc' dir='ltr'><strong>τοῦ</strong></span> <span class='ocrx_word' id='word_1_151' title='bbox 123 1033 232 1068; x_wconf 79' lang='grc' dir='ltr'>Ἰησοῦς</span> <span class='ocrx_word' id='word_1_152' title='bbox 240 1034 366 1070; x_wconf 71' lang='grc' dir='ltr'>Χριστος,</span> <span class='ocrx_word' id='word_1_153' title='bbox 375 1034 462 1066; x_wconf 78' lang='grc' dir='ltr'>οὕτως</span> <span class='ocrx_word' id='word_1_154' title='bbox 473 1035 521 1062; x_wconf 78' lang='grc' dir='ltr'><strong>καὶ</strong></span> <span class='ocrx_word' id='word_1_155' title='bbox 531 1036 611 1070; x_wconf 81' lang='grc' dir='ltr'><strong>ἡμεῖς</strong></span> <span class='ocrx_word' id='word_1_156' title='bbox 620 1035 716 1072; x_wconf 78' lang='grc' dir='ltr'>πράξει</span> <span class='ocrx_word' id='word_1_157' title='bbox 729 1037 775 1063; x_wconf 69' lang='grc' dir='ltr'>καὶ</span> <span class='ocrx_word' id='word_1_158' title='bbox 787 1035 858 1071; x_wconf 82' lang='grc' dir='ltr'>λόγῳ</span> 
     </span>
    </p>
   </div>
   <div class='ocr_carea' id='block_1_24' title="bbox 59 1079 856 1117">
    <p class='ocr_par' dir='ltr' id='par_1_24' title="bbox 59 1079 856 1117">
     <span class='ocr_line' id='line_1_24' title="bbox 59 1079 856 1117; baseline 0.004 -12"><span class='ocrx_word' id='word_1_159' title='bbox 59 1079 282 1114; x_wconf 62' lang='grc' dir='ltr'>πολιτευώμεθα·</span> <span class='ocrx_word' id='word_1_160' title='bbox 300 1079 394 1106; x_wconf 64' lang='lat' dir='ltr'><strong>imas</strong></span> <span class='ocrx_word' id='word_1_161' title='bbox 408 1081 498 1116; x_wconf 81' lang='grc' dir='ltr'>μήτηρ</span> <span class='ocrx_word' id='word_1_162' title='bbox 512 1080 590 1116; x_wconf 85' lang='grc' dir='ltr'>ἡμῶν</span> <span class='ocrx_word' id='word_1_163' title='bbox 610 1081 683 1117; x_wconf 69' lang='grc' dir='ltr'>καὶὴ</span> <span class='ocrx_word' id='word_1_164' title='bbox 700 1081 856 1117; x_wconf 82' lang='grc' dir='ltr'>Ἐκκλησία.</span> 
     </span>
    </p>
   </div>
   <div class='ocr_carea' id='block_1_25' title="bbox 59 1124 857 1162">
    <p class='ocr_par' dir='ltr' id='par_1_25' title="bbox 59 1124 857 1162">
     <span class='ocr_line' id='line_1_25' title="bbox 59 1124 857 1162; baseline 0.005 -13"><span class='ocrx_word' id='word_1_165' title='bbox 59 1124 95 1158; x_wconf 74' lang='grc' dir='ltr'>ἠν</span> <span class='ocrx_word' id='word_1_166' title='bbox 111 1124 153 1158; x_wconf 86' lang='grc' dir='ltr'>τῷ</span> <span class='ocrx_word' id='word_1_167' title='bbox 167 1124 308 1160; x_wconf 83' lang='grc' dir='ltr'>Πνεύματι</span> <span class='ocrx_word' id='word_1_168' title='bbox 322 1125 362 1160; x_wconf 85' lang='grc' dir='ltr'><strong>τῷ</strong></span> <span class='ocrx_word' id='word_1_169' title='bbox 383 1126 453 1161; x_wconf 80' lang='grc' dir='ltr'>ἁγίῳ</span> <span class='ocrx_word' id='word_1_170' title='bbox 475 1125 564 1162; x_wconf 78' lang='grc' dir='ltr'>ἑαυτῷ</span> <span class='ocrx_word' id='word_1_171' title='bbox 578 1127 593 1153; x_wconf 81' lang='grc' dir='ltr'><strong><em>ὁ</em></strong></span> <span class='ocrx_word' id='word_1_172' title='bbox 612 1126 678 1158; x_wconf 86' lang='grc' dir='ltr'>Θεδς</span> <span class='ocrx_word' id='word_1_173' title='bbox 691 1127 740 1153; x_wconf 78' lang='grc' dir='ltr'>καὶ</span> <span class='ocrx_word' id='word_1_174' title='bbox 761 1127 857 1162; x_wconf 82' lang='grc' dir='ltr'>Πατὴρ</span> 
     </span>
    </p>
   </div>
   <div class='ocr_carea' id='block_1_26' title="bbox 59 1170 858 1208">
    <p class='ocr_par' dir='ltr' id='par_1_26' title="bbox 59 1170 858 1208">
     <span class='ocr_line' id='line_1_26' title="bbox 59 1170 858 1208; baseline 0.003 -12"><span class='ocrx_word' id='word_1_175' title='bbox 59 1170 207 1204; x_wconf 76' lang='grc' dir='ltr'>ἡρμόσατο</span> <span class='ocrx_word' id='word_1_176' title='bbox 221 1171 260 1202; x_wconf 82' lang='grc' dir='ltr'><strong>είς</strong></span> <span class='ocrx_word' id='word_1_177' title='bbox 271 1171 389 1204; x_wconf 82' lang='grc' dir='ltr'>γυναῖκα</span> <span class='ocrx_word' id='word_1_178' title='bbox 399 1180 407 1187; x_wconf 92' lang='grc'><strong>·</strong></span> <span class='ocrx_word' id='word_1_179' title='bbox 421 1172 509 1198; x_wconf 82' lang='grc' dir='ltr'><strong>τίκτει</strong></span> <span class='ocrx_word' id='word_1_180' title='bbox 523 1172 578 1208; x_wconf 81' lang='grc' dir='ltr'><strong>γὰρ</strong></span> <span class='ocrx_word' id='word_1_181' title='bbox 589 1172 632 1199; x_wconf 78' lang='grc' dir='ltr'><strong>ἀεὶ</strong></span> <span class='ocrx_word' id='word_1_182' title='bbox 648 1172 681 1199; x_wconf 82' lang='grc' dir='ltr'>δι’</span> <span class='ocrx_word' id='word_1_183' title='bbox 694 1173 779 1208; x_wconf 74' lang='grc' dir='ltr'>αὐτῆς</span> <span class='ocrx_word' id='word_1_184' title='bbox 793 1173 858 1200; x_wconf 82' lang='grc' dir='ltr'>ὲαυ-</span> 
     </span>
    </p>
   </div>
   <div class='ocr_carea' id='block_1_27' title="bbox 60 1215 858 1253">
    <p class='ocr_par' dir='ltr' id='par_1_27' title="bbox 60 1215 858 1253">
     <span class='ocr_line' id='line_1_27' title="bbox 60 1215 858 1253; baseline 0.004 -12"><span class='ocrx_word' id='word_1_185' title='bbox 60 1215 102 1250; x_wconf 83' lang='grc' dir='ltr'>τῷ</span> <span class='ocrx_word' id='word_1_186' title='bbox 115 1216 193 1247; x_wconf 75' lang='grc' dir='ltr'>υἱοὺς</span> <span class='ocrx_word' id='word_1_187' title='bbox 213 1215 261 1243; x_wconf 80' lang='grc' dir='ltr'>καὶ</span> <span class='ocrx_word' id='word_1_188' title='bbox 276 1216 426 1253; x_wconf 78' lang='grc' dir='ltr'><strong>θυγατέρας</strong></span> <span class='ocrx_word' id='word_1_189' title='bbox 435 1225 442 1233; x_wconf 90' lang='grc'><strong>·</strong></span> <span class='ocrx_word' id='word_1_190' title='bbox 459 1217 506 1244; x_wconf 84' lang='grc' dir='ltr'>καὶ</span> <span class='ocrx_word' id='word_1_191' title='bbox 518 1218 564 1244; x_wconf 71' lang='grc' dir='ltr'><strong>ἐπὶ</strong></span> <span class='ocrx_word' id='word_1_192' title='bbox 582 1217 631 1253; x_wconf 87' lang='grc' dir='ltr'>μὲν</span> <span class='ocrx_word' id='word_1_193' title='bbox 642 1219 698 1250; x_wconf 81' lang='grc' dir='ltr'>τοῖς</span> <span class='ocrx_word' id='word_1_194' title='bbox 710 1218 858 1245; x_wconf 77' lang='grc' dir='ltr'>πεπαιδευ-</span> 
     </span>
    </p>
   </div>
   <div class='ocr_carea' id='block_1_28' title="bbox 63 1260 858 1298">
    <p class='ocr_par' dir='ltr' id='par_1_28' title="bbox 63 1260 858 1298">
     <span class='ocr_line' id='line_1_28' title="bbox 63 1260 858 1298; baseline 0.004 -11"><span class='ocrx_word' id='word_1_195' title='bbox 63 1261 160 1295; x_wconf 75' lang='grc' dir='ltr'>μένοις</span> <span class='ocrx_word' id='word_1_196' title='bbox 172 1260 224 1296; x_wconf 83' lang='grc' dir='ltr'>τὴν</span> <span class='ocrx_word' id='word_1_197' title='bbox 239 1261 286 1288; x_wconf 80' lang='grc' dir='ltr'><strong>τοῦ</strong></span> <span class='ocrx_word' id='word_1_198' title='bbox 300 1261 368 1290; x_wconf 87' lang='grc' dir='ltr'>Θεοῦ</span> <span class='ocrx_word' id='word_1_199' title='bbox 383 1262 482 1296; x_wconf 86' lang='grc' dir='ltr'>γνῶσιν</span> <span class='ocrx_word' id='word_1_200' title='bbox 496 1263 544 1289; x_wconf 76' lang='grc' dir='ltr'><strong>καὶ</strong></span> <span class='ocrx_word' id='word_1_201' title='bbox 558 1263 666 1297; x_wconf 78' lang='grc' dir='ltr'>σοφίαν,</span> <span class='ocrx_word' id='word_1_202' title='bbox 681 1263 858 1298; x_wconf 80' lang='grc' dir='ltr'>εὐφραίνεται</span> 
     </span>
    </p>
   </div>
   <div class='ocr_carea' id='block_1_29' title="bbox 64 1307 857 1345">
    <p class='ocr_par' dir='ltr' id='par_1_29' title="bbox 64 1307 857 1345">
     <span class='ocr_line' id='line_1_29' title="bbox 64 1307 857 1345; baseline 0.003 -12"><span class='ocrx_word' id='word_1_203' title='bbox 64 1307 111 1333; x_wconf 72' lang='grc' dir='ltr'><strong>καὶ</strong></span> <span class='ocrx_word' id='word_1_204' title='bbox 127 1308 142 1333; x_wconf 79' lang='grc' dir='ltr'>ὁ</span> <span class='ocrx_word' id='word_1_205' title='bbox 166 1307 262 1343; x_wconf 81' lang='grc' dir='ltr'>Πατὴρ</span> <span class='ocrx_word' id='word_1_206' title='bbox 284 1307 362 1343; x_wconf 81' lang='grc' dir='ltr'>ἡμῶν</span> <span class='ocrx_word' id='word_1_207' title='bbox 377 1308 454 1341; x_wconf 76' lang='grc' dir='ltr'>θεὸς,</span> <span class='ocrx_word' id='word_1_208' title='bbox 467 1308 542 1344; x_wconf 78' lang='grc' dir='ltr'>καὶὴ</span> <span class='ocrx_word' id='word_1_209' title='bbox 558 1308 649 1345; x_wconf 84' lang='grc' dir='ltr'>μήτηρ</span> <span class='ocrx_word' id='word_1_210' title='bbox 665 1309 682 1344; x_wconf 82' lang='grc' dir='ltr'><strong>ὴ</strong></span> <span class='ocrx_word' id='word_1_211' title='bbox 700 1309 857 1344; x_wconf 81' lang='grc' dir='ltr'>Ἐκκλησία·</span> 
     </span>
    </p>
   </div>
   <div class='ocr_carea' id='block_1_30' title="bbox 64 1353 861 1390">
    <p class='ocr_par' dir='ltr' id='par_1_30' title="bbox 64 1353 861 1390">
     <span class='ocr_line' id='line_1_30' title="bbox 64 1353 861 1390; baseline 0.004 -11"><span class='ocrx_word' id='word_1_212' title='bbox 64 1353 112 1379; x_wconf 74' lang='grc' dir='ltr'><strong>ἐπὶ</strong></span> <span class='ocrx_word' id='word_1_213' title='bbox 123 1353 154 1380; x_wconf 83' lang='grc' dir='ltr'>δὲ</span> <span class='ocrx_word' id='word_1_214' title='bbox 165 1354 225 1385; x_wconf 79' lang='grc' dir='ltr'>τοῖς</span> <span class='ocrx_word' id='word_1_215' title='bbox 237 1353 420 1386; x_wconf 79' lang='grc' dir='ltr'>ἀπαιδεύτοις,</span> <span class='ocrx_word' id='word_1_216' title='bbox 431 1355 502 1382; x_wconf 80' lang='grc' dir='ltr'>πάνυ</span> <span class='ocrx_word' id='word_1_217' title='bbox 518 1354 567 1390; x_wconf 78' lang='grc' dir='ltr'>μὲν</span> <span class='ocrx_word' id='word_1_218' title='bbox 580 1354 693 1390; x_wconf 77' lang='grc' dir='ltr'>κήδεται</span> <span class='ocrx_word' id='word_1_219' title='bbox 707 1354 754 1381; x_wconf 80' lang='grc' dir='ltr'>καὶ</span> <span class='ocrx_word' id='word_1_220' title='bbox 770 1354 861 1382; x_wconf 81' lang='grc' dir='ltr'>λυπεῖ-</span> 
     </span>
    </p>
   </div>
   <div class='ocr_carea' id='block_1_31' title="bbox 65 1399 859 1437">
    <p class='ocr_par' dir='ltr' id='par_1_31' title="bbox 65 1399 859 1437">
     <span class='ocr_line' id='line_1_31' title="bbox 65 1399 859 1437; baseline 0.004 -12"><span class='ocrx_word' id='word_1_221' title='bbox 65 1407 121 1431; x_wconf 77' lang='grc' dir='ltr'>ται,</span> <span class='ocrx_word' id='word_1_222' title='bbox 141 1400 182 1431; x_wconf 84' lang='grc' dir='ltr'>ὡς</span> <span class='ocrx_word' id='word_1_223' title='bbox 198 1399 236 1435; x_wconf 86' lang='grc' dir='ltr'>μὴ</span> <span class='ocrx_word' id='word_1_224' title='bbox 252 1399 382 1427; x_wconf 77' lang='grc' dir='ltr'>θελόντων</span> <span class='ocrx_word' id='word_1_225' title='bbox 396 1400 474 1436; x_wconf 79' lang='grc' dir='ltr'>ἡμῶν</span> <span class='ocrx_word' id='word_1_226' title='bbox 488 1401 649 1437; x_wconf 70' lang='grc' dir='ltr'>ἐπιστρέψαι</span> <span class='ocrx_word' id='word_1_227' title='bbox 665 1401 712 1428; x_wconf 77' lang='grc' dir='ltr'><strong>καὶ</strong></span> <span class='ocrx_word' id='word_1_228' title='bbox 729 1401 859 1437; x_wconf 80' lang='grc' dir='ltr'>σωθῆναι,</span> 
     </span>
    </p>
   </div>
   <div class='ocr_carea' id='block_1_32' title="bbox 66 1445 469 1482">
    <p class='ocr_par' dir='ltr' id='par_1_32' title="bbox 66 1445 469 1482">
     <span class='ocr_line' id='line_1_32' title="bbox 66 1445 469 1482; baseline 0.002 -10"><span class='ocrx_word' id='word_1_229' title='bbox 66 1445 135 1472; x_wconf 72' lang='grc' dir='ltr'>ἀλλὰ.</span> <span class='ocrx_word' id='word_1_230' title='bbox 147 1447 182 1481; x_wconf 79' lang='grc' dir='ltr'><strong>τῇ</strong></span> <span class='ocrx_word' id='word_1_231' title='bbox 197 1446 284 1481; x_wconf 83' lang='grc' dir='ltr'>κακίᾳ</span> <span class='ocrx_word' id='word_1_232' title='bbox 295 1447 469 1482; x_wconf 76' lang='grc' dir='ltr'>προσμένειν.</span> 
     </span>
    </p>
   </div>
   <div class='ocr_carea' id='block_1_33' title="bbox 102 1490 860 1528">
    <p class='ocr_par' dir='ltr' id='par_1_33' title="bbox 102 1490 860 1528">
     <span class='ocr_line' id='line_1_33' title="bbox 102 1490 860 1528; baseline 0.001 -10"><span class='ocrx_word' id='word_1_233' title='bbox 102 1490 255 1527; x_wconf 78' lang='grc' dir='ltr'>Πρόσωπον</span> <span class='ocrx_word' id='word_1_234' title='bbox 270 1492 386 1519; x_wconf 72' lang='grc' dir='ltr'>ἐνταῦθα</span> <span class='ocrx_word' id='word_1_235' title='bbox 402 1492 450 1528; x_wconf 82' lang='grc' dir='ltr'>τὴν</span> <span class='ocrx_word' id='word_1_236' title='bbox 464 1492 580 1528; x_wconf 81' lang='grc' dir='ltr'>θεωρίαν</span> <span class='ocrx_word' id='word_1_237' title='bbox 595 1492 661 1528; x_wconf 84' lang='grc' dir='ltr'>φησί</span> <span class='ocrx_word' id='word_1_238' title='bbox 670 1501 677 1508; x_wconf 90' lang='grc'><strong>·</strong></span> <span class='ocrx_word' id='word_1_239' title='bbox 691 1492 794 1528; x_wconf 79' lang='grc' dir='ltr'>θεωρία</span> <span class='ocrx_word' id='word_1_240' title='bbox 806 1492 860 1528; x_wconf 83' lang='grc' dir='ltr'><strong>γὰρ</strong></span> 
     </span>
    </p>
   </div>
   <div class='ocr_carea' id='block_1_34' title="bbox 67 1538 859 1574">
    <p class='ocr_par' dir='ltr' id='par_1_34' title="bbox 67 1538 859 1574">
     <span class='ocr_line' id='line_1_34' title="bbox 67 1538 859 1574; baseline 0 -10"><span class='ocrx_word' id='word_1_241' title='bbox 67 1538 215 1573; x_wconf 73' lang='grc' dir='ltr'>νοημάτων</span> <span class='ocrx_word' id='word_1_242' title='bbox 232 1538 342 1565; x_wconf 81' lang='grc' dir='ltr'>συνετοῦ</span> <span class='ocrx_word' id='word_1_243' title='bbox 362 1538 468 1574; x_wconf 78' lang='grc' dir='ltr'>ἀνδρὸς,</span> <span class='ocrx_word' id='word_1_244' title='bbox 483 1538 564 1572; x_wconf 71' lang='grc' dir='ltr'>σοφία</span> <span class='ocrx_word' id='word_1_245' title='bbox 581 1538 629 1565; x_wconf 74' lang='grc' dir='ltr'>καὶ</span> <span class='ocrx_word' id='word_1_246' title='bbox 644 1538 744 1572; x_wconf 82' lang='grc' dir='ltr'>γνῶσις</span> <span class='ocrx_word' id='word_1_247' title='bbox 756 1538 803 1564; x_wconf 74' lang='grc' dir='ltr'>καὶ</span> <span class='ocrx_word' id='word_1_248' title='bbox 818 1538 859 1565; x_wconf 85' lang='grc' dir='ltr'>δι-</span> 
     </span>
    </p>
   </div>
   <div class='ocr_carea' id='block_1_35' title="bbox 70 1581 862 1618">
    <p class='ocr_par' dir='ltr' id='par_1_35' title="bbox 70 1581 862 1618">
     <span class='ocr_line' id='line_1_35' title="bbox 70 1581 862 1618; baseline -0.001 -9"><span class='ocrx_word' id='word_1_249' title='bbox 70 1582 200 1618; x_wconf 71' lang='grc' dir='ltr'>καιοσύνη</span> <span class='ocrx_word' id='word_1_250' title='bbox 213 1589 221 1597; x_wconf 89' lang='grc'><strong>·</strong></span> <span class='ocrx_word' id='word_1_251' title='bbox 234 1582 259 1609; x_wconf 64' lang='grc' dir='ltr'>οε</span> <span class='ocrx_word' id='word_1_252' title='bbox 274 1582 303 1609; x_wconf 81' lang='grc' dir='ltr'>δὲ</span> <span class='ocrx_word' id='word_1_253' title='bbox 316 1582 404 1617; x_wconf 76' lang='grc' dir='ltr'>νοεροὶ</span> <span class='ocrx_word' id='word_1_254' title='bbox 417 1582 550 1617; x_wconf 83' lang='grc' dir='ltr'>ὀφθαλμοὶ</span> <span class='ocrx_word' id='word_1_255' title='bbox 562 1582 609 1609; x_wconf 79' lang='grc' dir='ltr'><strong>τοῦ</strong></span> <span class='ocrx_word' id='word_1_256' title='bbox 623 1581 756 1617; x_wconf 73' lang='grc' dir='ltr'>ἄφρονος,</span> <span class='ocrx_word' id='word_1_257' title='bbox 772 1581 818 1608; x_wconf 75' lang='grc' dir='ltr'>καὶ</span> <span class='ocrx_word' id='word_1_258' title='bbox 832 1582 862 1608; x_wconf 79' lang='grc' dir='ltr'>ὲν</span> 
     </span>
    </p>
   </div>
   <div class='ocr_carea' id='block_1_36' title="bbox 71 1627 638 1664">
    <p class='ocr_par' dir='ltr' id='par_1_36' title="bbox 71 1627 638 1664">
     <span class='ocr_line' id='line_1_36' title="bbox 71 1627 638 1664; baseline 0 -10"><span class='ocrx_word' id='word_1_259' title='bbox 71 1627 176 1663; x_wconf 78' lang='grc' dir='ltr'>σώματι</span> <span class='ocrx_word' id='word_1_260' title='bbox 193 1629 225 1655; x_wconf 67' lang='grc' dir='ltr'>ἐν</span> <span class='ocrx_word' id='word_1_261' title='bbox 238 1627 312 1663; x_wconf 68' lang='grc' dir='ltr'>ἄκρᾳ</span> <span class='ocrx_word' id='word_1_262' title='bbox 325 1627 424 1659; x_wconf 78' lang='grc' dir='ltr'>κακίας</span> <span class='ocrx_word' id='word_1_263' title='bbox 436 1628 484 1654; x_wconf 78' lang='grc' dir='ltr'><strong>καὶ</strong></span> <span class='ocrx_word' id='word_1_264' title='bbox 495 1628 638 1664; x_wconf 85' lang='grc' dir='ltr'>πονηρίας.</span> 
     </span>
    </p>
   </div>
   <div class='ocr_carea' id='block_1_37' title="bbox 111 1715 860 1752">
    <p class='ocr_par' dir='ltr' id='par_1_37' title="bbox 111 1715 860 1752">
     <span class='ocr_line' id='line_1_37' title="bbox 111 1715 860 1752; baseline -0.001 -9"><span class='ocrx_word' id='word_1_265' title='bbox 111 1717 199 1752; x_wconf 84' lang='grc' dir='ltr'><strong>Ὀργὴ</strong></span> <span class='ocrx_word' id='word_1_266' title='bbox 217 1716 257 1751; x_wconf 76' lang='grc' dir='ltr'>τῷ</span> <span class='ocrx_word' id='word_1_267' title='bbox 269 1716 367 1752; x_wconf 79' lang='grc' dir='ltr'>ἄφρονι</span> <span class='ocrx_word' id='word_1_268' title='bbox 383 1715 433 1751; x_wconf 81' lang='grc' dir='ltr'><strong>υἱῷ</strong></span> <span class='ocrx_word' id='word_1_269' title='bbox 454 1715 529 1752; x_wconf 81' lang='grc' dir='ltr'>παρὰ</span> <span class='ocrx_word' id='word_1_270' title='bbox 541 1715 588 1742; x_wconf 75' lang='grc' dir='ltr'><strong>τοῦ</strong></span> <span class='ocrx_word' id='word_1_271' title='bbox 603 1715 670 1742; x_wconf 80' lang='grc' dir='ltr'>Θεοῦ</span> <span class='ocrx_word' id='word_1_272' title='bbox 687 1715 734 1742; x_wconf 75' lang='grc' dir='ltr'>καὶ</span> <span class='ocrx_word' id='word_1_273' title='bbox 754 1716 860 1751; x_wconf 77' lang='grc' dir='ltr'>Πατρος</span> 
     </span>
    </p>
   </div>
   <div class='ocr_carea' id='block_1_38' title="bbox 70 1761 860 1797">
    <p class='ocr_par' dir='ltr' id='par_1_38' title="bbox 70 1761 860 1797">
     <span class='ocr_line' id='line_1_38' title="bbox 70 1761 860 1797; baseline -0.003 -8"><span class='ocrx_word' id='word_1_274' title='bbox 70 1763 242 1797; x_wconf 57' lang='grc' dir='ltr'>ἐκπέμπεται</span> <span class='ocrx_word' id='word_1_275' title='bbox 252 1763 281 1788; x_wconf 84' lang='grc' dir='ltr'>ὲν</span> <span class='ocrx_word' id='word_1_276' title='bbox 292 1763 326 1797; x_wconf 77' lang='grc' dir='ltr'><strong>τῇ</strong></span> <span class='ocrx_word' id='word_1_277' title='bbox 337 1761 428 1797; x_wconf 71' lang='grc' dir='ltr'>ἡμέρᾳ</span> <span class='ocrx_word' id='word_1_278' title='bbox 440 1762 490 1797; x_wconf 84' lang='grc' dir='ltr'>τῆς</span> <span class='ocrx_word' id='word_1_279' title='bbox 502 1761 619 1796; x_wconf 83' lang='grc' dir='ltr'>κρίσεως</span> <span class='ocrx_word' id='word_1_280' title='bbox 629 1769 636 1776; x_wconf 80' lang='grc'><em>”</em></span> <span class='ocrx_word' id='word_1_281' title='bbox 653 1762 686 1796; x_wconf 78' lang='grc' dir='ltr'><strong>τῇ</strong></span> <span class='ocrx_word' id='word_1_282' title='bbox 700 1761 729 1787; x_wconf 80' lang='grc' dir='ltr'>δὲ</span> <span class='ocrx_word' id='word_1_283' title='bbox 746 1761 860 1796; x_wconf 84' lang='grc' dir='ltr'>Ἐκκλη-</span> 
     </span>
    </p>
   </div>
   <div class='ocr_carea' id='block_1_39' title="bbox 71 1806 861 1844">
    <p class='ocr_par' dir='ltr' id='par_1_39' title="bbox 71 1806 861 1844">
     <span class='ocr_line' id='line_1_39' title="bbox 71 1806 861 1844; baseline -0.003 -9"><span class='ocrx_word' id='word_1_284' title='bbox 71 1809 116 1844; x_wconf 61' lang='lat' dir='ltr'><strong>ei;</strong></span> <span class='ocrx_word' id='word_1_285' title='bbox 125 1810 159 1844; x_wconf 85' lang='grc' dir='ltr'>τῇ</span> <span class='ocrx_word' id='word_1_286' title='bbox 175 1808 366 1843; x_wconf 81' lang='grc' dir='ltr'>γεννησαμένῃ</span> <span class='ocrx_word' id='word_1_287' title='bbox 380 1807 420 1843; x_wconf 83' lang='grc' dir='ltr'>τῷ</span> <span class='ocrx_word' id='word_1_288' title='bbox 436 1806 586 1842; x_wconf 84' lang='grc' dir='ltr'>Πνεύματι,</span> <span class='ocrx_word' id='word_1_289' title='bbox 599 1807 646 1834; x_wconf 78' lang='grc' dir='ltr'>καὶ</span> <span class='ocrx_word' id='word_1_290' title='bbox 662 1808 696 1842; x_wconf 83' lang='grc' dir='ltr'><strong>τῇ</strong></span> <span class='ocrx_word' id='word_1_291' title='bbox 709 1807 763 1834; x_wconf 80' lang='grc' dir='ltr'><strong>τῶν</strong></span> <span class='ocrx_word' id='word_1_292' title='bbox 776 1807 861 1842; x_wconf 79' lang='grc' dir='ltr'>ἁγίων</span> 
     </span>
    </p>
   </div>
   <div class='ocr_carea' id='block_1_40' title="bbox 71 1853 861 1891">
    <p class='ocr_par' dir='ltr' id='par_1_40' title="bbox 71 1853 861 1891">
     <span class='ocr_line' id='line_1_40' title="bbox 71 1853 861 1891; baseline 0 -11"><span class='ocrx_word' id='word_1_293' title='bbox 71 1855 174 1891; x_wconf 70' lang='grc' dir='ltr'>χορείᾳ,</span> <span class='ocrx_word' id='word_1_294' title='bbox 187 1854 270 1889; x_wconf 84' lang='grc' dir='ltr'><strong>ὀδύνη</strong></span> <span class='ocrx_word' id='word_1_295' title='bbox 286 1854 347 1880; x_wconf 85' lang='grc' dir='ltr'>τότε</span> <span class='ocrx_word' id='word_1_296' title='bbox 359 1854 467 1885; x_wconf 82' lang='grc' dir='ltr'>πάντως</span> <span class='ocrx_word' id='word_1_297' title='bbox 478 1853 554 1880; x_wconf 75' lang='grc' dir='ltr'>ἔσται</span> <span class='ocrx_word' id='word_1_298' title='bbox 570 1853 616 1880; x_wconf 77' lang='grc' dir='ltr'><strong>ἐπὶ</strong></span> <span class='ocrx_word' id='word_1_299' title='bbox 629 1854 662 1889; x_wconf 85' lang='grc' dir='ltr'>τῇ</span> <span class='ocrx_word' id='word_1_300' title='bbox 677 1853 799 1889; x_wconf 77' lang='grc' dir='ltr'>ἀπωλείᾳ</span> <span class='ocrx_word' id='word_1_301' title='bbox 813 1853 861 1880; x_wconf 86' lang='grc' dir='ltr'><strong>τοῦ</strong></span> 
     </span>
    </p>
   </div>
   <div class='ocr_carea' id='block_1_41' title="bbox 72 1898 862 1934">
    <p class='ocr_par' dir='ltr' id='par_1_41' title="bbox 72 1898 862 1934">
     <span class='ocr_line' id='line_1_41' title="bbox 72 1898 862 1934; baseline -0.003 -8"><span class='ocrx_word' id='word_1_302' title='bbox 72 1900 186 1934; x_wconf 76' lang='grc' dir='ltr'>ἄφρονος</span> <span class='ocrx_word' id='word_1_303' title='bbox 199 1899 269 1926; x_wconf 79' lang='grc' dir='ltr'>υίοῦ’</span> <span class='ocrx_word' id='word_1_304' title='bbox 279 1899 326 1925; x_wconf 76' lang='grc' dir='ltr'>καὶ</span> <span class='ocrx_word' id='word_1_305' title='bbox 337 1899 379 1925; x_wconf 85' lang='grc' dir='ltr'>ὅτι.</span> <span class='ocrx_word' id='word_1_306' title='bbox 391 1899 405 1925; x_wconf 86' lang='grc' dir='ltr'><strong>ό</strong></span> <span class='ocrx_word' id='word_1_307' title='bbox 413 1899 461 1934; x_wconf 82' lang='grc' dir='ltr'>μὲν</span> <span class='ocrx_word' id='word_1_308' title='bbox 474 1898 604 1934; x_wconf 80' lang='grc' dir='ltr'>φρόνιμος</span> <span class='ocrx_word' id='word_1_309' title='bbox 612 1898 669 1930; x_wconf 79' lang='grc' dir='ltr'>υἱὸς</span> <span class='ocrx_word' id='word_1_310' title='bbox 678 1898 862 1925; x_wconf 78' lang='grc' dir='ltr'>καὶτεκοῦσαν</span> 
     </span>
    </p>
   </div>
   <div class='ocr_carea' id='block_1_42' title="bbox 73 1943 862 1980">
    <p class='ocr_par' dir='ltr' id='par_1_42' title="bbox 73 1943 862 1980">
     <span class='ocr_line' id='line_1_42' title="bbox 73 1943 862 1980; baseline -0.001 -9"><span class='ocrx_word' id='word_1_311' title='bbox 73 1945 188 1980; x_wconf 65' lang='grc' dir='ltr'>ἔχεινκαὶ</span> <span class='ocrx_word' id='word_1_312' title='bbox 203 1945 309 1980; x_wconf 84' lang='grc' dir='ltr'>μητέρα</span> <span class='ocrx_word' id='word_1_313' title='bbox 319 1951 326 1958; x_wconf 91' lang='grc'><strong>·</strong></span> <span class='ocrx_word' id='word_1_314' title='bbox 339 1945 353 1970; x_wconf 84' lang='grc' dir='ltr'>ὁ</span> <span class='ocrx_word' id='word_1_315' title='bbox 364 1944 392 1971; x_wconf 85' lang='grc' dir='ltr'>δὲ</span> <span class='ocrx_word' id='word_1_316' title='bbox 408 1944 502 1980; x_wconf 83' lang='grc' dir='ltr'>ἄφρων</span> <span class='ocrx_word' id='word_1_317' title='bbox 516 1944 600 1980; x_wconf 77' lang='grc' dir='ltr'>μόνην</span> <span class='ocrx_word' id='word_1_318' title='bbox 611 1943 743 1971; x_wconf 74' lang='grc' dir='ltr'>τεκοῦσαν</span> <span class='ocrx_word' id='word_1_319' title='bbox 754 1952 760 1957; x_wconf 92' lang='grc'><strong>·</strong></span> <span class='ocrx_word' id='word_1_320' title='bbox 778 1944 794 1979; x_wconf 82' lang='grc' dir='ltr'>ἡ</span> <span class='ocrx_word' id='word_1_321' title='bbox 808 1944 862 1980; x_wconf 79' lang='grc' dir='ltr'><strong>γὰρ</strong></span> 
     </span>
    </p>
   </div>
   <div class='ocr_carea' id='block_1_43' title="bbox 75 1989 862 2027">
    <p class='ocr_par' dir='ltr' id='par_1_43' title="bbox 75 1989 862 2027">
     <span class='ocr_line' id='line_1_43' title="bbox 75 1989 862 2027; baseline -0.003 -9"><span class='ocrx_word' id='word_1_322' title='bbox 75 1993 163 2027; x_wconf 77' lang='grc' dir='ltr'>μήτηρ</span> <span class='ocrx_word' id='word_1_323' title='bbox 175 1992 225 2018; x_wconf 76' lang='grc' dir='ltr'>καὶ</span> <span class='ocrx_word' id='word_1_324' title='bbox 246 1990 364 2018; x_wconf 76' lang='grc' dir='ltr'>τεκοῦσα</span> <span class='ocrx_word' id='word_1_325' title='bbox 377 1998 384 2005; x_wconf 89' lang='grc'><strong>”</strong></span> <span class='ocrx_word' id='word_1_326' title='bbox 399 1991 415 2026; x_wconf 79' lang='grc' dir='ltr'><strong>ἠ</strong></span> <span class='ocrx_word' id='word_1_327' title='bbox 432 1990 461 2016; x_wconf 81' lang='grc' dir='ltr'>δὲ</span> <span class='ocrx_word' id='word_1_328' title='bbox 475 1989 602 2022; x_wconf 74' lang='grc' dir='ltr'>τεκοῦσα,</span> <span class='ocrx_word' id='word_1_329' title='bbox 615 1990 649 2017; x_wconf 80' lang='grc' dir='ltr'>οὐ</span> <span class='ocrx_word' id='word_1_330' title='bbox 660 1991 767 2022; x_wconf 82' lang='grc' dir='ltr'>πάντως</span> <span class='ocrx_word' id='word_1_331' title='bbox 787 1990 862 2017; x_wconf 74' lang='grc' dir='ltr'>ἔσται</span> 
     </span>
    </p>
   </div>
   <div class='ocr_carea' id='block_1_44' title="bbox 74 2035 862 2072">
    <p class='ocr_par' dir='ltr' id='par_1_44' title="bbox 74 2035 862 2072">
     <span class='ocr_line' id='line_1_44' title="bbox 74 2035 862 2072; baseline -0.004 -8"><span class='ocrx_word' id='word_1_332' title='bbox 74 2039 118 2064; x_wconf 61' lang='grc' dir='ltr'>καὶ</span> <span class='ocrx_word' id='word_1_333' title='bbox 133 2038 242 2072; x_wconf 76' lang='grc' dir='ltr'>μήτηρ’</span> <span class='ocrx_word' id='word_1_334' title='bbox 260 2037 307 2063; x_wconf 75' lang='grc' dir='ltr'><strong>ἐὰν</strong></span> <span class='ocrx_word' id='word_1_335' title='bbox 318 2036 372 2070; x_wconf 84' lang='grc' dir='ltr'><strong>γὰρ</strong></span> <span class='ocrx_word' id='word_1_336' title='bbox 387 2035 510 2071; x_wconf 79' lang='grc' dir='ltr'>ἀποθάνῃ</span> <span class='ocrx_word' id='word_1_337' title='bbox 523 2035 553 2062; x_wconf 81' lang='grc' dir='ltr'><strong>τὸ</strong></span> <span class='ocrx_word' id='word_1_338' title='bbox 567 2035 660 2070; x_wconf 76' lang='grc' dir='ltr'>τεχθὲν</span> <span class='ocrx_word' id='word_1_339' title='bbox 673 2036 702 2061; x_wconf 81' lang='grc' dir='ltr'>ὲν</span> <span class='ocrx_word' id='word_1_340' title='bbox 718 2035 801 2070; x_wconf 79' lang='grc' dir='ltr'>κακίᾳ</span> <span class='ocrx_word' id='word_1_341' title='bbox 814 2037 862 2062; x_wconf 82' lang='grc' dir='ltr'>καὶ</span> 
     </span>
    </p>
   </div>
   <div class='ocr_carea' id='block_1_45' title="bbox 75 2081 862 2118">
    <p class='ocr_par' dir='ltr' id='par_1_45' title="bbox 75 2081 862 2118">
     <span class='ocr_line' id='line_1_45' title="bbox 75 2081 862 2118; baseline -0.004 -8"><span class='ocrx_word' id='word_1_342' title='bbox 75 2083 204 2118; x_wconf 74' lang='grc' dir='ltr'>ἀγνωσία,</span> <span class='ocrx_word' id='word_1_343' title='bbox 218 2082 336 2109; x_wconf 82' lang='grc' dir='ltr'>τεκοῦσα</span> <span class='ocrx_word' id='word_1_344' title='bbox 352 2082 401 2117; x_wconf 81' lang='grc' dir='ltr'>μὲν</span> <span class='ocrx_word' id='word_1_345' title='bbox 417 2081 486 2113; x_wconf 69' lang='grc' dir='ltr'>ἔστι,</span> <span class='ocrx_word' id='word_1_346' title='bbox 500 2082 592 2117; x_wconf 85' lang='grc' dir='ltr'>μήτηρ</span> <span class='ocrx_word' id='word_1_347' title='bbox 603 2081 631 2108; x_wconf 81' lang='grc' dir='ltr'>δὲ</span> <span class='ocrx_word' id='word_1_348' title='bbox 644 2082 694 2108; x_wconf 81' lang='grc' dir='ltr'>οὐκ</span> <span class='ocrx_word' id='word_1_349' title='bbox 705 2081 777 2107; x_wconf 74' lang='grc' dir='ltr'>ἐστι·</span> <span class='ocrx_word' id='word_1_350' title='bbox 794 2081 862 2107; x_wconf 82' lang='grc' dir='ltr'>διότι</span> 
     </span>
    </p>
   </div>
   <div class='ocr_carea' id='block_1_46' title="bbox 77 2126 863 2165">
    <p class='ocr_par' dir='ltr' id='par_1_46' title="bbox 77 2126 863 2165">
     <span class='ocr_line' id='line_1_46' title="bbox 77 2126 863 2165; baseline -0.004 -9"><span class='ocrx_word' id='word_1_351' title='bbox 77 2130 139 2165; x_wconf 77' lang='grc' dir='ltr'>μηδὲ</span> <span class='ocrx_word' id='word_1_352' title='bbox 161 2129 211 2156; x_wconf 83' lang='grc' dir='ltr'><strong>τοῦ</strong></span> <span class='ocrx_word' id='word_1_353' title='bbox 236 2129 287 2163; x_wconf 81' lang='grc' dir='ltr'>τῆς</span> <span class='ocrx_word' id='word_1_354' title='bbox 313 2127 448 2159; x_wconf 76' lang='grc' dir='ltr'>υἱοθεσίας</span> <span class='ocrx_word' id='word_1_355' title='bbox 469 2128 620 2163; x_wconf 81' lang='grc' dir='ltr'>μετέσχηκε</span> <span class='ocrx_word' id='word_1_356' title='bbox 646 2126 802 2162; x_wconf 71' lang='grc' dir='ltr'>Πνεῦμα-τος</span> <span class='ocrx_word' id='word_1_357' title='bbox 831 2127 863 2153; x_wconf 70' lang='grc' dir='ltr'><strong>τὸ</strong></span> 
     </span>
    </p>
   </div>
   <div class='ocr_carea' id='block_1_47' title="bbox 71 2172 863 2210">
    <p class='ocr_par' dir='ltr' id='par_1_47' title="bbox 71 2172 863 2210">
     <span class='ocr_line' id='line_1_47' title="bbox 71 2172 863 2210; baseline -0.005 -7"><span class='ocrx_word' id='word_1_358' title='bbox 71 2175 165 2210; x_wconf 76' lang='grc' dir='ltr'>,τεχθέν</span> <span class='ocrx_word' id='word_1_359' title='bbox 177 2182 184 2190; x_wconf 77' lang='grc'><strong><em>⁸</em></strong></span> <span class='ocrx_word' id='word_1_360' title='bbox 201 2174 335 2206; x_wconf 79' lang='grc' dir='ltr'>ὡσαύτως</span> <span class='ocrx_word' id='word_1_361' title='bbox 347 2174 376 2200; x_wconf 77' lang='grc' dir='ltr'>δὲ</span> <span class='ocrx_word' id='word_1_362' title='bbox 390 2173 437 2200; x_wconf 79' lang='grc' dir='ltr'>καὶ</span> <span class='ocrx_word' id='word_1_363' title='bbox 455 2174 502 2199; x_wconf 72' lang='grc' dir='ltr'><strong>ἐπὶ</strong></span> <span class='ocrx_word' id='word_1_364' title='bbox 516 2173 570 2200; x_wconf 82' lang='grc' dir='ltr'>τῶν</span> <span class='ocrx_word' id='word_1_365' title='bbox 585 2172 721 2208; x_wconf 86' lang='grc' dir='ltr'>αίσθητῶν</span> <span class='ocrx_word' id='word_1_366' title='bbox 737 2173 863 2208; x_wconf 83' lang='grc' dir='ltr'>μητέρων</span> 
     </span>
    </p>
   </div>
   <div class='ocr_carea' id='block_1_48' title="bbox 904 255 1689 291">
    <p class='ocr_par' dir='ltr' id='par_1_48' title="bbox 904 255 1689 291">
     <span class='ocr_line' id='line_1_48' title="bbox 904 255 1689 291; baseline -0.003 -8"><span class='ocrx_word' id='word_1_367' title='bbox 904 256 1004 291; x_wconf 89' lang='lat' dir='ltr'><strong>pientia</strong></span> <span class='ocrx_word' id='word_1_368' title='bbox 1025 255 1183 291; x_wconf 72' lang='lat' dir='ltr'><strong>gignuntur.</strong></span> <span class='ocrx_word' id='word_1_369' title='bbox 1199 260 1228 283; x_wconf 93' lang='lat' dir='ltr'><strong>ut</strong></span> <span class='ocrx_word' id='word_1_370' title='bbox 1244 256 1298 284; x_wconf 86' lang='lat' dir='ltr'><strong>sint</strong></span> <span class='ocrx_word' id='word_1_371' title='bbox 1315 255 1472 283; x_wconf 89' lang='lat' dir='ltr'><strong>hominibus</strong></span> <span class='ocrx_word' id='word_1_372' title='bbox 1485 256 1569 283; x_wconf 87' lang='lat' dir='ltr'><strong>duces</strong></span> <span class='ocrx_word' id='word_1_373' title='bbox 1586 263 1601 282; x_wconf 87' lang='lat' dir='ltr'><strong>a</strong></span> <span class='ocrx_word' id='word_1_374' title='bbox 1622 255 1689 282; x_wconf 88' lang='lat' dir='ltr'><strong>vitio</strong></span> 
     </span>
    </p>
   </div>
   <div class='ocr_carea' id='block_1_49' title="bbox 905 300 1686 335">
    <p class='ocr_par' dir='ltr' id='par_1_49' title="bbox 905 300 1686 335">
     <span class='ocr_line' id='line_1_49' title="bbox 905 300 1686 335; baseline -0.001 -8"><span class='ocrx_word' id='word_1_375' title='bbox 905 301 938 328; x_wconf 82' lang='lat' dir='ltr'><strong>ad</strong></span> <span class='ocrx_word' id='word_1_376' title='bbox 962 301 1107 332; x_wconf 69' lang='lat' dir='ltr'><strong>virtutem,</strong></span> <span class='ocrx_word' id='word_1_377' title='bbox 1124 304 1152 327; x_wconf 84' lang='lat' dir='ltr'><strong>et</strong></span> <span class='ocrx_word' id='word_1_378' title='bbox 1174 300 1208 327; x_wconf 87' lang='lat' dir='ltr'><strong>ab</strong></span> <span class='ocrx_word' id='word_1_379' title='bbox 1236 300 1342 328; x_wconf 74' lang='lat' dir='ltr'><strong>inscitia</strong></span> <span class='ocrx_word' id='word_1_380' title='bbox 1367 300 1401 328; x_wconf 86' lang='lat' dir='ltr'><strong>ad</strong></span> <span class='ocrx_word' id='word_1_381' title='bbox 1423 300 1469 328; x_wconf 87' lang='lat' dir='ltr'><strong>Dei</strong></span> <span class='ocrx_word' id='word_1_382' title='bbox 1492 300 1686 335; x_wconf 71' lang='lat' dir='ltr'><strong>cognitionem.</strong></span> 
     </span>
    </p>
   </div>
   <div class='ocr_carea' id='block_1_50' title="bbox 941 391 1690 426">
    <p class='ocr_par' dir='ltr' id='par_1_50' title="bbox 941 391 1690 426">
     <span class='ocr_line' id='line_1_50' title="bbox 941 391 1690 426; baseline -0.003 -6"><span class='ocrx_word' id='word_1_383' title='bbox 941 393 964 408; x_wconf 78' lang='grc'><strong>⁶¹</strong></span> <span class='ocrx_word' id='word_1_384' title='bbox 984 392 1031 420; x_wconf 90' lang='lat' dir='ltr'><strong>llle</strong></span> <span class='ocrx_word' id='word_1_385' title='bbox 1049 396 1093 420; x_wconf 84' lang='lat' dir='ltr'><strong>est</strong></span> <span class='ocrx_word' id='word_1_386' title='bbox 1111 391 1249 424; x_wconf 85' lang='lat' dir='ltr'><strong>volubilis.</strong></span> <span class='ocrx_word' id='word_1_387' title='bbox 1269 392 1314 426; x_wconf 90' lang='lat' dir='ltr'><strong>qui</strong></span> <span class='ocrx_word' id='word_1_388' title='bbox 1335 391 1416 418; x_wconf 88' lang='lat' dir='ltr'><strong>l&#39;acile</strong></span> <span class='ocrx_word' id='word_1_389' title='bbox 1437 399 1452 418; x_wconf 90' lang='lat' dir='ltr'><strong>a</strong></span> <span class='ocrx_word' id='word_1_390' title='bbox 1473 392 1574 420; x_wconf 85' lang='lat' dir='ltr'><strong>virtute</strong></span> <span class='ocrx_word' id='word_1_391' title='bbox 1594 391 1629 420; x_wconf 86' lang='lat' dir='ltr'><strong>ad</strong></span> <span class='ocrx_word' id='word_1_392' title='bbox 1648 391 1690 418; x_wconf 87' lang='lat' dir='ltr'><strong>vi-</strong></span> 
     </span>
    </p>
   </div>
   <div class='ocr_carea' id='block_1_51' title="bbox 906 438 1618 483">
    <p class='ocr_par' dir='ltr' id='par_1_51' title="bbox 906 438 1618 483">
     <span class='ocr_line' id='line_1_51' title="bbox 906 438 1618 483; baseline 0 -17"><span class='ocrx_word' id='word_1_393' title='bbox 906 439 972 466; x_wconf 86' lang='lat' dir='ltr'><strong>tium</strong></span> <span class='ocrx_word' id='word_1_394' title='bbox 988 439 1118 483; x_wconf 63' lang='lat' dir='ltr'><strong>declinat,</strong></span> <span class='ocrx_word' id='word_1_395' title='bbox 1133 438 1212 466; x_wconf 82' lang='lat' dir='ltr'><strong>malis</strong></span> <span class='ocrx_word' id='word_1_396' title='bbox 1228 438 1441 473; x_wconf 73' lang='lat' dir='ltr'><strong>cogitationibus</strong></span> <span class='ocrx_word' id='word_1_397' title='bbox 1452 439 1618 466; x_wconf 83' lang='lat' dir='ltr'><strong>abstractus.</strong></span> 
     </span>
    </p>
   </div>
   <div class='ocr_carea' id='block_1_52' title="bbox 942 526 1690 566">
    <p class='ocr_par' dir='ltr' id='par_1_52' title="bbox 942 526 1690 566">
     <span class='ocr_line' id='line_1_52' title="bbox 942 526 1690 566; baseline 0.007 -13"><span class='ocrx_word' id='word_1_398' title='bbox 942 527 964 543; x_wconf 86' lang='grc'><strong>⁸⁸</strong></span> <span class='ocrx_word' id='word_1_399' title='bbox 976 526 1087 554; x_wconf 86' lang='lat' dir='ltr'><strong>Patrem</strong></span> <span class='ocrx_word' id='word_1_400' title='bbox 1104 535 1177 554; x_wconf 88' lang='lat' dir='ltr'><strong>nune</strong></span> <span class='ocrx_word' id='word_1_401' title='bbox 1200 527 1263 555; x_wconf 78' lang='lat' dir='ltr'><strong>dit-it</strong></span> <span class='ocrx_word' id='word_1_402' title='bbox 1285 528 1370 554; x_wconf 85' lang='lat' dir='ltr'><strong>Deum</strong></span> <span class='ocrx_word' id='word_1_403' title='bbox 1388 536 1396 560; x_wconf 91' lang='lat'><strong>;</strong></span> <span class='ocrx_word' id='word_1_404' title='bbox 1418 533 1543 562; x_wconf 77' lang='lat' dir='ltr'><strong>matrem,</strong></span> <span class='ocrx_word' id='word_1_405' title='bbox 1565 530 1690 566; x_wconf 71' lang='lat' dir='ltr'><strong>benigni-</strong></span> 
     </span>
    </p>
   </div>
   <div class='ocr_carea' id='block_1_53' title="bbox 907 571 1689 608">
    <p class='ocr_par' dir='ltr' id='par_1_53' title="bbox 907 571 1689 608">
     <span class='ocr_line' id='line_1_53' title="bbox 907 571 1689 608; baseline 0.005 -8"><span class='ocrx_word' id='word_1_406' title='bbox 907 571 991 600; x_wconf 85' lang='lat' dir='ltr'><strong>tatem</strong></span> <span class='ocrx_word' id='word_1_407' title='bbox 1003 572 1062 608; x_wconf 84' lang='lat' dir='ltr'><strong>ejus</strong></span> <span class='ocrx_word' id='word_1_408' title='bbox 1076 580 1139 607; x_wconf 72' lang='lat' dir='ltr'><strong>erga</strong></span> <span class='ocrx_word' id='word_1_409' title='bbox 1155 572 1290 606; x_wconf 81' lang='lat' dir='ltr'><strong>homines,</strong></span> <span class='ocrx_word' id='word_1_410' title='bbox 1306 581 1366 608; x_wconf 74' lang='lat' dir='ltr'><strong>quae</strong></span> <span class='ocrx_word' id='word_1_411' title='bbox 1377 579 1404 601; x_wconf 87' lang='lat' dir='ltr'><strong>et</strong></span> <span class='ocrx_word' id='word_1_412' title='bbox 1418 574 1456 601; x_wconf 89' lang='lat' dir='ltr'><strong>illi</strong></span> <span class='ocrx_word' id='word_1_413' title='bbox 1472 575 1689 604; x_wconf 85' lang='lat' dir='ltr'><strong>incarnationem</strong></span> 
     </span>
    </p>
   </div>
   <div class='ocr_carea' id='block_1_54' title="bbox 906 618 1690 655">
    <p class='ocr_par' dir='ltr' id='par_1_54' title="bbox 906 618 1690 655">
     <span class='ocr_line' id='line_1_54' title="bbox 906 618 1690 655; baseline 0.005 -10"><span class='ocrx_word' id='word_1_414' title='bbox 906 619 1002 651; x_wconf 87' lang='lat' dir='ltr'><strong>suasit,</strong></span> <span class='ocrx_word' id='word_1_415' title='bbox 1016 623 1044 646; x_wconf 90' lang='lat' dir='ltr'><strong>et</strong></span> <span class='ocrx_word' id='word_1_416' title='bbox 1060 625 1109 653; x_wconf 87' lang='lat' dir='ltr'><strong>pro</strong></span> <span class='ocrx_word' id='word_1_417' title='bbox 1126 618 1204 646; x_wconf 84' lang='lat' dir='ltr'><strong>nobis</strong></span> <span class='ocrx_word' id='word_1_418' title='bbox 1216 619 1284 652; x_wconf 88' lang='lat' dir='ltr'><strong>pati.</strong></span> <span class='ocrx_word' id='word_1_419' title='bbox 1296 618 1393 646; x_wconf 79' lang='lat' dir='ltr'><strong>Noster</strong></span> <span class='ocrx_word' id='word_1_420' title='bbox 1407 624 1496 647; x_wconf 86' lang='lat' dir='ltr'><strong>autem</strong></span> <span class='ocrx_word' id='word_1_421' title='bbox 1513 621 1594 648; x_wconf 82' lang='lat' dir='ltr'><strong>Pater</strong></span> <span class='ocrx_word' id='word_1_422' title='bbox 1609 622 1690 655; x_wconf 88' lang='lat' dir='ltr'><strong>Dens.</strong></span> 
     </span>
    </p>
   </div>
   <div class='ocr_carea' id='block_1_55' title="bbox 907 664 1690 702">
    <p class='ocr_par' dir='ltr' id='par_1_55' title="bbox 907 664 1690 702">
     <span class='ocr_line' id='line_1_55' title="bbox 907 664 1690 702; baseline 0.006 -11"><span class='ocrx_word' id='word_1_423' title='bbox 907 672 960 691; x_wconf 89' lang='lat' dir='ltr'><strong>non</strong></span> <span class='ocrx_word' id='word_1_424' title='bbox 977 665 1086 692; x_wconf 69' lang='lat' dir='ltr'><strong>laetatur</strong></span> <span class='ocrx_word' id='word_1_425' title='bbox 1102 665 1231 700; x_wconf 77' lang='lat' dir='ltr'><strong>adOptivo</strong></span> <span class='ocrx_word' id='word_1_426' title='bbox 1247 664 1314 697; x_wconf 90' lang='lat' dir='ltr'><strong>ﬁlio,</strong></span> <span class='ocrx_word' id='word_1_427' title='bbox 1338 666 1385 700; x_wconf 83' lang='lat' dir='ltr'><strong>qui</strong></span> <span class='ocrx_word' id='word_1_428' title='bbox 1399 666 1446 693; x_wconf 85' lang='lat' dir='ltr'><strong>Dei</strong></span> <span class='ocrx_word' id='word_1_429' title='bbox 1461 667 1624 702; x_wconf 65' lang='lat' dir='ltr'><strong>sapientiam</strong></span> <span class='ocrx_word' id='word_1_430' title='bbox 1648 674 1690 696; x_wconf 81' lang='lat' dir='ltr'><strong>at-</strong></span> 
     </span>
    </p>
   </div>
   <div class='ocr_carea' id='block_1_56' title="bbox 906 710 1692 747">
    <p class='ocr_par' dir='ltr' id='par_1_56' title="bbox 906 710 1692 747">
     <span class='ocr_line' id='line_1_56' title="bbox 906 710 1692 747; baseline 0.006 -10"><span class='ocrx_word' id='word_1_431' title='bbox 906 718 960 745; x_wconf 90' lang='lat' dir='ltr'><strong>qne</strong></span> <span class='ocrx_word' id='word_1_432' title='bbox 976 711 1100 738; x_wconf 77' lang='lat' dir='ltr'><strong>notitiam</strong></span> <span class='ocrx_word' id='word_1_433' title='bbox 1121 718 1174 737; x_wconf 85' lang='lat' dir='ltr'><strong>non</strong></span> <span class='ocrx_word' id='word_1_434' title='bbox 1190 710 1226 738; x_wconf 86' lang='lat' dir='ltr'><strong>sit</strong></span> <span class='ocrx_word' id='word_1_435' title='bbox 1241 711 1365 744; x_wconf 84' lang='lat' dir='ltr'><strong>edoctus,</strong></span> <span class='ocrx_word' id='word_1_436' title='bbox 1380 712 1428 739; x_wconf 90' lang='lat' dir='ltr'><strong>sed</strong></span> <span class='ocrx_word' id='word_1_437' title='bbox 1443 713 1572 747; x_wconf 64' lang='lat' dir='ltr'><strong>nequitiae</strong></span> <span class='ocrx_word' id='word_1_438' title='bbox 1591 719 1620 742; x_wconf 83' lang='lat' dir='ltr'><strong>et</strong></span> <span class='ocrx_word' id='word_1_439' title='bbox 1638 715 1692 742; x_wconf 91' lang='lat' dir='ltr'><strong>im-</strong></span> 
     </span>
    </p>
   </div>
   <div class='ocr_carea' id='block_1_57' title="bbox 907 756 1690 791">
    <p class='ocr_par' dir='ltr' id='par_1_57' title="bbox 907 756 1690 791">
     <span class='ocr_line' id='line_1_57' title="bbox 907 756 1690 791; baseline 0.006 -9"><span class='ocrx_word' id='word_1_440' title='bbox 907 757 1036 791; x_wconf 77' lang='lat' dir='ltr'><strong>probitati</strong></span> <span class='ocrx_word' id='word_1_441' title='bbox 1059 756 1180 784; x_wconf 90' lang='lat' dir='ltr'><strong>deditus.</strong></span> <span class='ocrx_word' id='word_1_442' title='bbox 1203 756 1326 784; x_wconf 84' lang='lat' dir='ltr'><strong>Prudens</strong></span> <span class='ocrx_word' id='word_1_443' title='bbox 1347 757 1419 784; x_wconf 85' lang='lat' dir='ltr'><strong>ﬁlius</strong></span> <span class='ocrx_word' id='word_1_444' title='bbox 1439 757 1558 786; x_wconf 71' lang='lat' dir='ltr'><strong>la-tilicat</strong></span> <span class='ocrx_word' id='word_1_445' title='bbox 1576 765 1690 788; x_wconf 83' lang='lat' dir='ltr'><strong>matrem</strong></span> 
     </span>
    </p>
   </div>
   <div class='ocr_carea' id='block_1_58' title="bbox 907 802 1692 837">
    <p class='ocr_par' dir='ltr' id='par_1_58' title="bbox 907 802 1692 837">
     <span class='ocr_line' id='line_1_58' title="bbox 907 802 1692 837; baseline 0.006 -8"><span class='ocrx_word' id='word_1_446' title='bbox 907 809 999 835; x_wconf 87' lang='lat' dir='ltr'><strong>suam,</strong></span> <span class='ocrx_word' id='word_1_447' title='bbox 1025 803 1052 830; x_wconf 94' lang='lat' dir='ltr'><strong>id</strong></span> <span class='ocrx_word' id='word_1_448' title='bbox 1072 807 1114 830; x_wconf 87' lang='lat' dir='ltr'><strong>est</strong></span> <span class='ocrx_word' id='word_1_449' title='bbox 1127 802 1172 830; x_wconf 87' lang='lat' dir='ltr'><strong>Dei</strong></span> <span class='ocrx_word' id='word_1_450' title='bbox 1191 803 1401 837; x_wconf 72' lang='lat' dir='ltr'><strong>benignitatem.</strong></span> <span class='ocrx_word' id='word_1_451' title='bbox 1420 802 1468 830; x_wconf 85' lang='lat' dir='ltr'><strong>Vel</strong></span> <span class='ocrx_word' id='word_1_452' title='bbox 1485 805 1567 832; x_wconf 86' lang='lat' dir='ltr'><strong>etiam</strong></span> <span class='ocrx_word' id='word_1_453' title='bbox 1582 805 1692 834; x_wconf 82' lang='lat' dir='ltr'><strong>adducit</strong></span> 
     </span>
    </p>
   </div>
   <div class='ocr_carea' id='block_1_59' title="bbox 908 847 1712 885">
    <p class='ocr_par' dir='ltr' id='par_1_59' title="bbox 908 847 1712 885">
     <span class='ocr_line' id='line_1_59' title="bbox 908 847 1712 885; baseline 0.006 -10"><span class='ocrx_word' id='word_1_454' title='bbox 908 856 958 876; x_wconf 91' lang='lat' dir='ltr'><strong>nos</strong></span> <span class='ocrx_word' id='word_1_455' title='bbox 972 849 1006 876; x_wconf 88' lang='lat' dir='ltr'><strong>ad</strong></span> <span class='ocrx_word' id='word_1_456' title='bbox 1022 848 1105 877; x_wconf 90' lang='lat' dir='ltr'><strong>Deum</strong></span> <span class='ocrx_word' id='word_1_457' title='bbox 1127 847 1246 881; x_wconf 79' lang='lat' dir='ltr'><strong>Patrem,</strong></span> <span class='ocrx_word' id='word_1_458' title='bbox 1271 853 1301 876; x_wconf 79' lang='grc' dir='ltr'><strong>ιιι</strong></span> <span class='ocrx_word' id='word_1_459' title='bbox 1322 849 1393 877; x_wconf 89' lang='lat' dir='ltr'><strong>ﬁlios</strong></span> <span class='ocrx_word' id='word_1_460' title='bbox 1411 849 1468 883; x_wconf 86' lang='lat' dir='ltr'><strong>jam</strong></span> <span class='ocrx_word' id='word_1_461' title='bbox 1486 851 1647 885; x_wconf 80' lang='lat' dir='ltr'><strong>ablactatos,</strong></span> <span class='ocrx_word' id='word_1_462' title='bbox 1665 858 1693 880; x_wconf 85' lang='lat' dir='ltr'><strong>et</strong></span> <span class='ocrx_word' id='word_1_463' title='bbox 1710 872 1712 874; x_wconf 58' lang='grc' dir='ltr'><strong>τ</strong></span> 
     </span>
    </p>
   </div>
   <div class='ocr_carea' id='block_1_60' title="bbox 907 894 1693 931">
    <p class='ocr_par' dir='ltr' id='par_1_60' title="bbox 907 894 1693 931">
     <span class='ocr_line' id='line_1_60' title="bbox 907 894 1693 931; baseline 0.004 -9"><span class='ocrx_word' id='word_1_464' title='bbox 907 895 1040 930; x_wconf 82' lang='lat' dir='ltr'><strong>spiritalis</strong></span> <span class='ocrx_word' id='word_1_465' title='bbox 1060 895 1198 923; x_wconf 67' lang='lat' dir='ltr'><strong>solidioris</strong></span> <span class='ocrx_word' id='word_1_466' title='bbox 1217 895 1269 922; x_wconf 89' lang='lat' dir='ltr'><strong>cibi</strong></span> <span class='ocrx_word' id='word_1_467' title='bbox 1289 894 1413 931; x_wconf 79' lang='lat' dir='ltr'><strong>cupidos.</strong></span> <span class='ocrx_word' id='word_1_468' title='bbox 1434 896 1468 924; x_wconf 88' lang='lat' dir='ltr'><strong>Ut</strong></span> <span class='ocrx_word' id='word_1_469' title='bbox 1483 896 1518 924; x_wconf 89' lang='lat' dir='ltr'><strong>ob</strong></span> <span class='ocrx_word' id='word_1_470' title='bbox 1534 897 1693 925; x_wconf 85' lang='lat' dir='ltr'><strong>similitudi-</strong></span> 
     </span>
    </p>
   </div>
   <div class='ocr_carea' id='block_1_61' title="bbox 907 939 1692 977">
    <p class='ocr_par' dir='ltr' id='par_1_61' title="bbox 907 939 1692 977">
     <span class='ocr_line' id='line_1_61' title="bbox 907 939 1692 977; baseline 0.006 -11"><span class='ocrx_word' id='word_1_471' title='bbox 907 947 968 967; x_wconf 80' lang='lat' dir='ltr'><strong>nem</strong></span> <span class='ocrx_word' id='word_1_472' title='bbox 986 939 1072 967; x_wconf 79' lang='lat' dir='ltr'><strong>frater</strong></span> <span class='ocrx_word' id='word_1_473' title='bbox 1085 946 1178 968; x_wconf 84' lang='lat' dir='ltr'><strong>noster</strong></span> <span class='ocrx_word' id='word_1_474' title='bbox 1195 940 1316 973; x_wconf 84' lang='lat' dir='ltr'><strong>eﬁectus.</strong></span> <span class='ocrx_word' id='word_1_475' title='bbox 1334 941 1419 969; x_wconf 81' lang='lat' dir='ltr'><strong>Filius</strong></span> <span class='ocrx_word' id='word_1_476' title='bbox 1435 942 1493 977; x_wconf 88' lang='lat' dir='ltr'><strong>ejus</strong></span> <span class='ocrx_word' id='word_1_477' title='bbox 1512 941 1592 970; x_wconf 72' lang='lat' dir='ltr'><strong>Iesus</strong></span> <span class='ocrx_word' id='word_1_478' title='bbox 1609 943 1692 971; x_wconf 81' lang='lat' dir='ltr'><strong>Chri-</strong></span> 
     </span>
    </p>
   </div>
   <div class='ocr_carea' id='block_1_62' title="bbox 907 986 1691 1018">
    <p class='ocr_par' dir='ltr' id='par_1_62' title="bbox 907 986 1691 1018">
     <span class='ocr_line' id='line_1_62' title="bbox 907 986 1691 1018; baseline 0.004 -5"><span class='ocrx_word' id='word_1_479' title='bbox 907 990 975 1018; x_wconf 86' lang='lat' dir='ltr'><strong>stus,</strong></span> <span class='ocrx_word' id='word_1_480' title='bbox 991 986 1029 1013; x_wconf 86' lang='lat' dir='ltr'><strong>ita</strong></span> <span class='ocrx_word' id='word_1_481' title='bbox 1044 990 1072 1013; x_wconf 81' lang='lat' dir='ltr'><strong>et</strong></span> <span class='ocrx_word' id='word_1_482' title='bbox 1086 993 1135 1013; x_wconf 86' lang='lat' dir='ltr'><strong>nos</strong></span> <span class='ocrx_word' id='word_1_483' title='bbox 1151 991 1214 1014; x_wconf 81' lang='lat' dir='ltr'><strong>actu</strong></span> <span class='ocrx_word' id='word_1_484' title='bbox 1229 992 1255 1013; x_wconf 88' lang='lat' dir='ltr'><strong>et</strong></span> <span class='ocrx_word' id='word_1_485' title='bbox 1271 994 1397 1014; x_wconf 85' lang='lat' dir='ltr'><strong>sermone</strong></span> <span class='ocrx_word' id='word_1_486' title='bbox 1414 988 1548 1015; x_wconf 80' lang='lat' dir='ltr'><strong>vivamus.</strong></span> <span class='ocrx_word' id='word_1_487' title='bbox 1567 989 1614 1016; x_wconf 85' lang='lat' dir='ltr'><strong>Est</strong></span> <span class='ocrx_word' id='word_1_488' title='bbox 1635 997 1691 1016; x_wconf 85' lang='lat' dir='ltr'><strong>ma-</strong></span> 
     </span>
    </p>
   </div>
   <div class='ocr_carea' id='block_1_63' title="bbox 909 1032 1691 1071">
    <p class='ocr_par' dir='ltr' id='par_1_63' title="bbox 909 1032 1691 1071">
     <span class='ocr_line' id='line_1_63' title="bbox 909 1032 1691 1071; baseline 0.006 -13"><span class='ocrx_word' id='word_1_489' title='bbox 909 1035 950 1059; x_wconf 85' lang='lat' dir='ltr'><strong>ter</strong></span> <span class='ocrx_word' id='word_1_490' title='bbox 978 1037 1072 1060; x_wconf 86' lang='lat' dir='ltr'><strong>nostra</strong></span> <span class='ocrx_word' id='word_1_491' title='bbox 1100 1033 1183 1060; x_wconf 86' lang='lat' dir='ltr'><strong>etiam</strong></span> <span class='ocrx_word' id='word_1_492' title='bbox 1204 1032 1336 1067; x_wconf 86' lang='lat' dir='ltr'><strong>Ecclesia,</strong></span> <span class='ocrx_word' id='word_1_493' title='bbox 1372 1042 1453 1069; x_wconf 89' lang='lat' dir='ltr'><strong>quam</strong></span> <span class='ocrx_word' id='word_1_494' title='bbox 1483 1043 1531 1070; x_wconf 86' lang='lat' dir='ltr'><strong>per</strong></span> <span class='ocrx_word' id='word_1_495' title='bbox 1560 1035 1691 1071; x_wconf 86' lang='lat' dir='ltr'><strong>Spiritum</strong></span> 
     </span>
    </p>
   </div>
   <div class='ocr_carea' id='block_1_64' title="bbox 908 1078 1692 1118">
    <p class='ocr_par' dir='ltr' id='par_1_64' title="bbox 908 1078 1692 1118">
     <span class='ocr_line' id='line_1_64' title="bbox 908 1078 1692 1118; baseline 0.008 -14"><span class='ocrx_word' id='word_1_496' title='bbox 908 1083 1030 1105; x_wconf 85' lang='lat' dir='ltr'><strong>sanctum</strong></span> <span class='ocrx_word' id='word_1_497' title='bbox 1047 1078 1116 1106; x_wconf 86' lang='lat' dir='ltr'><strong>Deus</strong></span> <span class='ocrx_word' id='word_1_498' title='bbox 1130 1078 1212 1107; x_wconf 80' lang='lat' dir='ltr'><strong>l’ater</strong></span> <span class='ocrx_word' id='word_1_499' title='bbox 1225 1079 1276 1107; x_wconf 87' lang='lat' dir='ltr'><strong>sibi</strong></span> <span class='ocrx_word' id='word_1_500' title='bbox 1294 1087 1419 1115; x_wconf 84' lang='lat' dir='ltr'><strong>sponsam</strong></span> <span class='ocrx_word' id='word_1_501' title='bbox 1434 1081 1578 1116; x_wconf 80' lang='lat' dir='ltr'><strong>copulavit.</strong></span> <span class='ocrx_word' id='word_1_502' title='bbox 1599 1082 1692 1118; x_wconf 79' lang='lat' dir='ltr'><strong>Giguit</strong></span> 
     </span>
    </p>
   </div>
   <div class='ocr_carea' id='block_1_65' title="bbox 907 1123 1693 1163">
    <p class='ocr_par' dir='ltr' id='par_1_65' title="bbox 907 1123 1693 1163">
     <span class='ocr_line' id='line_1_65' title="bbox 907 1123 1693 1163; baseline 0.009 -13"><span class='ocrx_word' id='word_1_503' title='bbox 907 1123 979 1150; x_wconf 88' lang='lat' dir='ltr'><strong>enim</strong></span> <span class='ocrx_word' id='word_1_504' title='bbox 992 1123 1044 1151; x_wconf 89' lang='lat' dir='ltr'><strong>sibi</strong></span> <span class='ocrx_word' id='word_1_505' title='bbox 1065 1131 1114 1159; x_wconf 81' lang='lat' dir='ltr'><strong>per</strong></span> <span class='ocrx_word' id='word_1_506' title='bbox 1131 1126 1216 1159; x_wconf 86' lang='lat' dir='ltr'><strong>ipsam</strong></span> <span class='ocrx_word' id='word_1_507' title='bbox 1231 1132 1339 1161; x_wconf 72' lang='lat' dir='ltr'><strong>semper</strong></span> <span class='ocrx_word' id='word_1_508' title='bbox 1358 1126 1429 1154; x_wconf 88' lang='lat' dir='ltr'><strong>ﬁlios</strong></span> <span class='ocrx_word' id='word_1_509' title='bbox 1448 1127 1572 1163; x_wconf 82' lang='lat' dir='ltr'><strong>ﬁliasque</strong></span> <span class='ocrx_word' id='word_1_510' title='bbox 1593 1137 1599 1156; x_wconf 94' lang='lat'><strong>:</strong></span> <span class='ocrx_word' id='word_1_511' title='bbox 1617 1134 1644 1156; x_wconf 85' lang='lat' dir='ltr'><strong>et</strong></span> <span class='ocrx_word' id='word_1_512' title='bbox 1659 1130 1693 1158; x_wconf 84' lang='lat' dir='ltr'><strong>de</strong></span> 
     </span>
    </p>
   </div>
   <div class='ocr_carea' id='block_1_66' title="bbox 907 1169 1692 1207">
    <p class='ocr_par' dir='ltr' id='par_1_66' title="bbox 907 1169 1692 1207">
     <span class='ocr_line' id='line_1_66' title="bbox 907 1169 1692 1207; baseline 0.01 -12"><span class='ocrx_word' id='word_1_513' title='bbox 907 1170 1011 1196; x_wconf 80' lang='lat' dir='ltr'><strong>edoctis</strong></span> <span class='ocrx_word' id='word_1_514' title='bbox 1036 1169 1083 1198; x_wconf 86' lang='lat' dir='ltr'><strong>Dei</strong></span> <span class='ocrx_word' id='word_1_515' title='bbox 1107 1170 1232 1198; x_wconf 88' lang='lat' dir='ltr'><strong>notitiam</strong></span> <span class='ocrx_word' id='word_1_516' title='bbox 1253 1176 1336 1207; x_wconf 81' lang='lat' dir='ltr'><strong>atque</strong></span> <span class='ocrx_word' id='word_1_517' title='bbox 1360 1173 1524 1207; x_wconf 87' lang='lat' dir='ltr'><strong>sapientiam</strong></span> <span class='ocrx_word' id='word_1_518' title='bbox 1537 1174 1629 1202; x_wconf 86' lang='lat' dir='ltr'><strong>liberis</strong></span> <span class='ocrx_word' id='word_1_519' title='bbox 1646 1175 1692 1203; x_wconf 69' lang='lat' dir='ltr'><strong>lae-</strong></span> 
     </span>
    </p>
   </div>
   <div class='ocr_carea' id='block_1_67' title="bbox 909 1217 1694 1252">
    <p class='ocr_par' dir='ltr' id='par_1_67' title="bbox 909 1217 1694 1252">
     <span class='ocr_line' id='line_1_67' title="bbox 909 1217 1694 1252; baseline 0.01 -11"><span class='ocrx_word' id='word_1_520' title='bbox 909 1219 983 1242; x_wconf 88' lang='lat' dir='ltr'><strong>tatur</strong></span> <span class='ocrx_word' id='word_1_521' title='bbox 1008 1219 1085 1249; x_wconf 87' lang='lat' dir='ltr'><strong>pater</strong></span> <span class='ocrx_word' id='word_1_522' title='bbox 1105 1221 1197 1244; x_wconf 85' lang='lat' dir='ltr'><strong>noster</strong></span> <span class='ocrx_word' id='word_1_523' title='bbox 1222 1217 1291 1244; x_wconf 86' lang='lat' dir='ltr'><strong>Deus</strong></span> <span class='ocrx_word' id='word_1_524' title='bbox 1306 1223 1447 1252; x_wconf 89' lang='lat' dir='ltr'><strong>materque</strong></span> <span class='ocrx_word' id='word_1_525' title='bbox 1460 1219 1592 1248; x_wconf 80' lang='lat' dir='ltr'><strong>Ecclesia.</strong></span> <span class='ocrx_word' id='word_1_526' title='bbox 1608 1221 1641 1248; x_wconf 87' lang='lat' dir='ltr'><strong>Et</strong></span> <span class='ocrx_word' id='word_1_527' title='bbox 1659 1222 1694 1249; x_wconf 84' lang='lat' dir='ltr'><strong>de</strong></span> 
     </span>
    </p>
   </div>
   <div class='ocr_carea' id='block_1_68' title="bbox 910 1260 1693 1301">
    <p class='ocr_par' dir='ltr' id='par_1_68' title="bbox 910 1260 1693 1301">
     <span class='ocr_line' id='line_1_68' title="bbox 910 1260 1693 1301; baseline 0.01 -14"><span class='ocrx_word' id='word_1_528' title='bbox 910 1260 1053 1289; x_wconf 84' lang='lat' dir='ltr'><strong>ineruditis</strong></span> <span class='ocrx_word' id='word_1_529' title='bbox 1074 1261 1195 1290; x_wconf 89' lang='lat' dir='ltr'><strong>tristatur</strong></span> <span class='ocrx_word' id='word_1_530' title='bbox 1209 1270 1375 1298; x_wconf 73' lang='lat' dir='ltr'><strong>magnopere</strong></span> <span class='ocrx_word' id='word_1_531' title='bbox 1391 1271 1423 1292; x_wconf 86' lang='lat' dir='ltr'><strong>ac</strong></span> <span class='ocrx_word' id='word_1_532' title='bbox 1437 1265 1520 1299; x_wconf 81' lang='lat' dir='ltr'><strong>dolet,</strong></span> <span class='ocrx_word' id='word_1_533' title='bbox 1536 1268 1598 1301; x_wconf 85' lang='lat' dir='ltr'><strong>quia</strong></span> <span class='ocrx_word' id='word_1_534' title='bbox 1615 1267 1693 1295; x_wconf 86' lang='lat' dir='ltr'><strong>nolu-</strong></span> 
     </span>
    </p>
   </div>
   <div class='ocr_carea' id='block_1_69' title="bbox 910 1309 1695 1349">
    <p class='ocr_par' dir='ltr' id='par_1_69' title="bbox 910 1309 1695 1349">
     <span class='ocr_line' id='line_1_69' title="bbox 910 1309 1695 1349; baseline 0.011 -16"><span class='ocrx_word' id='word_1_535' title='bbox 910 1314 969 1334; x_wconf 87' lang='lat' dir='ltr'><strong>mus</strong></span> <span class='ocrx_word' id='word_1_536' title='bbox 990 1309 1110 1335; x_wconf 84' lang='lat' dir='ltr'><strong>converti</strong></span> <span class='ocrx_word' id='word_1_537' title='bbox 1134 1316 1167 1336; x_wconf 88' lang='lat' dir='ltr'><strong>ac</strong></span> <span class='ocrx_word' id='word_1_538' title='bbox 1192 1310 1304 1343; x_wconf 84' lang='lat' dir='ltr'><strong>salvari,</strong></span> <span class='ocrx_word' id='word_1_539' title='bbox 1330 1311 1378 1339; x_wconf 83' lang='lat' dir='ltr'><strong>sed</strong></span> <span class='ocrx_word' id='word_1_540' title='bbox 1402 1311 1430 1338; x_wconf 89' lang='lat' dir='ltr'><strong>in</strong></span> <span class='ocrx_word' id='word_1_541' title='bbox 1456 1314 1578 1348; x_wconf 84' lang='lat' dir='ltr'><strong>nequitia</strong></span> <span class='ocrx_word' id='word_1_542' title='bbox 1601 1321 1695 1349; x_wconf 86' lang='lat' dir='ltr'><strong>perse-</strong></span> 
     </span>
    </p>
   </div>
   <div class='ocr_carea' id='block_1_70' title="bbox 910 1359 1015 1381">
    <p class='ocr_par' dir='ltr' id='par_1_70' title="bbox 910 1359 1015 1381">
     <span class='ocr_line' id='line_1_70' title="bbox 910 1359 1015 1381; baseline 0.019 -2"><span class='ocrx_word' id='word_1_543' title='bbox 910 1359 972 1379; x_wconf 65' lang='grc' dir='ltr'>ποτε</span> <span class='ocrx_word' id='word_1_544' title='bbox 977 1360 1015 1381; x_wconf 86' lang='lat' dir='ltr'><strong>re.</strong></span> 
     </span>
    </p>
   </div>
   <div class='ocr_carea' id='block_1_71' title="bbox 945 1484 1692 1520">
    <p class='ocr_par' dir='ltr' id='par_1_71' title="bbox 945 1484 1692 1520">
     <span class='ocr_line' id='line_1_71' title="bbox 945 1484 1692 1520; baseline 0.012 -9"><span class='ocrx_word' id='word_1_545' title='bbox 945 1485 969 1501; x_wconf 74' lang='lat'><strong>“</strong></span> <span class='ocrx_word' id='word_1_546' title='bbox 989 1484 1097 1514; x_wconf 83' lang='lat' dir='ltr'><strong>Vultum</strong></span> <span class='ocrx_word' id='word_1_547' title='bbox 1123 1488 1174 1516; x_wconf 88' lang='lat' dir='ltr'><strong>hoc</strong></span> <span class='ocrx_word' id='word_1_548' title='bbox 1201 1488 1261 1517; x_wconf 86' lang='lat' dir='ltr'><strong>loco</strong></span> <span class='ocrx_word' id='word_1_549' title='bbox 1290 1490 1359 1518; x_wconf 84' lang='lat' dir='ltr'><strong>dicit.</strong></span> <span class='ocrx_word' id='word_1_550' title='bbox 1382 1492 1599 1520; x_wconf 85' lang='lat' dir='ltr'><strong>meditationem.</strong></span> <span class='ocrx_word' id='word_1_551' title='bbox 1627 1491 1692 1520; x_wconf 76' lang='lat' dir='ltr'><strong>Nam</strong></span> 
     </span>
    </p>
   </div>
   <div class='ocr_carea' id='block_1_72' title="bbox 911 1531 1710 1574">
    <p class='ocr_par' dir='ltr' id='par_1_72' title="bbox 911 1531 1710 1574">
     <span class='ocr_line' id='line_1_72' title="bbox 911 1531 1710 1574; baseline 0.013 -17"><span class='ocrx_word' id='word_1_552' title='bbox 911 1531 1053 1559; x_wconf 86' lang='lat' dir='ltr'><strong>meditatio</strong></span> <span class='ocrx_word' id='word_1_553' title='bbox 1065 1534 1262 1568; x_wconf 77' lang='lat' dir='ltr'><strong>cogitationum</strong></span> <span class='ocrx_word' id='word_1_554' title='bbox 1285 1537 1388 1564; x_wconf 86' lang='lat' dir='ltr'><strong>cordati</strong></span> <span class='ocrx_word' id='word_1_555' title='bbox 1405 1538 1467 1570; x_wconf 77' lang='lat' dir='ltr'><strong>viri,</strong></span> <span class='ocrx_word' id='word_1_556' title='bbox 1494 1539 1626 1574; x_wconf 83' lang='lat' dir='ltr'><strong>sapientia</strong></span> <span class='ocrx_word' id='word_1_557' title='bbox 1640 1545 1692 1571; x_wconf 89' lang='lat' dir='ltr'><strong>est.</strong></span> <span class='ocrx_word' id='word_1_558' title='bbox 1708 1538 1710 1540; x_wconf 80' lang='grc'><em>’</em></span> 
     </span>
    </p>
   </div>
   <div class='ocr_carea' id='block_1_73' title="bbox 911 1578 1693 1615">
    <p class='ocr_par' dir='ltr' id='par_1_73' title="bbox 911 1578 1693 1615">
     <span class='ocr_line' id='line_1_73' title="bbox 911 1578 1693 1615; baseline 0.012 -12"><span class='ocrx_word' id='word_1_559' title='bbox 911 1580 992 1611; x_wconf 91' lang='lat' dir='ltr'><strong>atque</strong></span> <span class='ocrx_word' id='word_1_560' title='bbox 1013 1578 1137 1613; x_wconf 85' lang='lat' dir='ltr'><strong>scientia,</strong></span> <span class='ocrx_word' id='word_1_561' title='bbox 1150 1585 1178 1607; x_wconf 91' lang='lat' dir='ltr'><strong>et</strong></span> <span class='ocrx_word' id='word_1_562' title='bbox 1191 1580 1308 1615; x_wconf 69' lang='lat' dir='ltr'><strong>iustitia.</strong></span> <span class='ocrx_word' id='word_1_563' title='bbox 1330 1582 1531 1611; x_wconf 83' lang='lat' dir='ltr'><strong>lntellectuales</strong></span> <span class='ocrx_word' id='word_1_564' title='bbox 1547 1592 1610 1611; x_wconf 84' lang='lat' dir='ltr'><strong>vero</strong></span> <span class='ocrx_word' id='word_1_565' title='bbox 1623 1585 1693 1612; x_wconf 89' lang='lat' dir='ltr'><strong>oculi</strong></span> 
     </span>
    </p>
   </div>
   <div class='ocr_carea' id='block_1_74' title="bbox 910 1623 1696 1662">
    <p class='ocr_par' dir='ltr' id='par_1_74' title="bbox 910 1623 1696 1662">
     <span class='ocr_line' id='line_1_74' title="bbox 910 1623 1696 1662; baseline 0.011 -13"><span class='ocrx_word' id='word_1_566' title='bbox 910 1623 960 1650; x_wconf 89' lang='lat' dir='ltr'><strong>viri</strong></span> <span class='ocrx_word' id='word_1_567' title='bbox 978 1623 1075 1655; x_wconf 89' lang='lat' dir='ltr'><strong>insani.</strong></span> <span class='ocrx_word' id='word_1_568' title='bbox 1095 1625 1122 1652; x_wconf 90' lang='lat' dir='ltr'><strong>in</strong></span> <span class='ocrx_word' id='word_1_569' title='bbox 1139 1633 1251 1660; x_wconf 88' lang='lat' dir='ltr'><strong>corpore</strong></span> <span class='ocrx_word' id='word_1_570' title='bbox 1266 1634 1374 1662; x_wconf 86' lang='lat' dir='ltr'><strong>quoque</strong></span> <span class='ocrx_word' id='word_1_571' title='bbox 1386 1636 1519 1656; x_wconf 89' lang='lat' dir='ltr'><strong>summam</strong></span> <span class='ocrx_word' id='word_1_572' title='bbox 1534 1630 1635 1658; x_wconf 86' lang='lat' dir='ltr'><strong>habent</strong></span> <span class='ocrx_word' id='word_1_573' title='bbox 1652 1639 1696 1658; x_wconf 81' lang='lat' dir='ltr'><strong>ne-</strong></span> 
     </span>
    </p>
   </div>
   <div class='ocr_carea' id='block_1_75' title="bbox 911 1668 1466 1706">
    <p class='ocr_par' dir='ltr' id='par_1_75' title="bbox 911 1668 1466 1706">
     <span class='ocr_line' id='line_1_75' title="bbox 911 1668 1466 1706; baseline 0.014 -10"><span class='ocrx_word' id='word_1_574' title='bbox 911 1669 1025 1704; x_wconf 77' lang='lat' dir='ltr'><strong>quitiam</strong></span> <span class='ocrx_word' id='word_1_575' title='bbox 1038 1676 1066 1698; x_wconf 83' lang='lat' dir='ltr'><strong>et</strong></span> <span class='ocrx_word' id='word_1_576' title='bbox 1081 1672 1295 1706; x_wconf 84' lang='lat' dir='ltr'><strong>improbitatem.</strong></span> <span class='ocrx_word' id='word_1_577' title='bbox 1361 1668 1363 1671; x_wconf 71' lang='grc'><em>’</em></span> <span class='ocrx_word' id='word_1_578' title='bbox 1463 1675 1466 1679; x_wconf 79' lang='grc'>’</span> 
     </span>
    </p>
   </div>
   <div class='ocr_carea' id='block_1_76' title="bbox 947 1715 1695 1753">
    <p class='ocr_par' dir='ltr' id='par_1_76' title="bbox 947 1715 1695 1753">
     <span class='ocr_line' id='line_1_76' title="bbox 947 1715 1695 1753; baseline 0.012 -11"><span class='ocrx_word' id='word_1_579' title='bbox 947 1715 970 1732; x_wconf 73' lang='grc'><strong>⁸⁸</strong></span> <span class='ocrx_word' id='word_1_580' title='bbox 987 1715 1027 1743; x_wconf 86' lang='lat' dir='ltr'><strong>Ira</strong></span> <span class='ocrx_word' id='word_1_581' title='bbox 1043 1717 1069 1743; x_wconf 94' lang='lat' dir='ltr'><strong>in</strong></span> <span class='ocrx_word' id='word_1_582' title='bbox 1085 1717 1168 1744; x_wconf 84' lang='lat' dir='ltr'><strong>ﬁlium</strong></span> <span class='ocrx_word' id='word_1_583' title='bbox 1185 1718 1381 1753; x_wconf 81' lang='lat' dir='ltr'><strong>imprudentem</strong></span> <span class='ocrx_word' id='word_1_584' title='bbox 1404 1727 1419 1747; x_wconf 89' lang='lat' dir='ltr'><strong>a</strong></span> <span class='ocrx_word' id='word_1_585' title='bbox 1445 1721 1500 1748; x_wconf 88' lang='lat' dir='ltr'><strong>Deo</strong></span> <span class='ocrx_word' id='word_1_586' title='bbox 1514 1721 1594 1749; x_wconf 83' lang='lat' dir='ltr'><strong>Patre</strong></span> <span class='ocrx_word' id='word_1_587' title='bbox 1608 1722 1695 1750; x_wconf 74' lang='lat' dir='ltr'><strong>eﬂun-</strong></span> 
     </span>
    </p>
   </div>
   <div class='ocr_carea' id='block_1_77' title="bbox 912 1761 1694 1802">
    <p class='ocr_par' dir='ltr' id='par_1_77' title="bbox 912 1761 1694 1802">
     <span class='ocr_line' id='line_1_77' title="bbox 912 1761 1694 1802; baseline 0.01 -15"><span class='ocrx_word' id='word_1_588' title='bbox 912 1761 986 1788; x_wconf 88' lang='lat' dir='ltr'><strong>ditur</strong></span> <span class='ocrx_word' id='word_1_589' title='bbox 1003 1762 1030 1788; x_wconf 90' lang='lat' dir='ltr'><strong>in</strong></span> <span class='ocrx_word' id='word_1_590' title='bbox 1046 1763 1091 1790; x_wconf 85' lang='lat' dir='ltr'><strong>die</strong></span> <span class='ocrx_word' id='word_1_591' title='bbox 1113 1763 1220 1798; x_wconf 83' lang='lat' dir='ltr'><strong>judicil.</strong></span> <span class='ocrx_word' id='word_1_592' title='bbox 1243 1764 1372 1792; x_wconf 69' lang='lat' dir='ltr'><strong>Ecclesia!</strong></span> <span class='ocrx_word' id='word_1_593' title='bbox 1394 1770 1485 1794; x_wconf 83' lang='lat' dir='ltr'><strong>autem</strong></span> <span class='ocrx_word' id='word_1_594' title='bbox 1509 1775 1569 1802; x_wconf 65' lang='lat' dir='ltr'><strong>qua:</strong></span> <span class='ocrx_word' id='word_1_595' title='bbox 1591 1769 1694 1802; x_wconf 75' lang='lat' dir='ltr'><strong>Spiritui</strong></span> 
     </span>
    </p>
   </div>
   <div class='ocr_carea' id='block_1_78' title="bbox 913 1807 1696 1847">
    <p class='ocr_par' dir='ltr' id='par_1_78' title="bbox 913 1807 1696 1847">
     <span class='ocr_line' id='line_1_78' title="bbox 913 1807 1696 1847; baseline 0.01 -15"><span class='ocrx_word' id='word_1_596' title='bbox 913 1807 1028 1841; x_wconf 84' lang='lat' dir='ltr'><strong>peperit,</strong></span> <span class='ocrx_word' id='word_1_597' title='bbox 1049 1811 1077 1834; x_wconf 89' lang='lat' dir='ltr'><strong>et</strong></span> <span class='ocrx_word' id='word_1_598' title='bbox 1100 1814 1258 1836; x_wconf 87' lang='lat' dir='ltr'><strong>sanctorum</strong></span> <span class='ocrx_word' id='word_1_599' title='bbox 1283 1811 1379 1841; x_wconf 66' lang='lat' dir='ltr'><strong>catini.</strong></span> <span class='ocrx_word' id='word_1_600' title='bbox 1402 1811 1480 1839; x_wconf 89' lang='lat' dir='ltr'><strong>dolor</strong></span> <span class='ocrx_word' id='word_1_601' title='bbox 1504 1820 1616 1847; x_wconf 86' lang='lat' dir='ltr'><strong>prorsus</strong></span> <span class='ocrx_word' id='word_1_602' title='bbox 1643 1814 1696 1840; x_wconf 88' lang='lat' dir='ltr'><strong>erit</strong></span> 
     </span>
    </p>
   </div>
   <div class='ocr_carea' id='block_1_79' title="bbox 913 1852 1695 1890">
    <p class='ocr_par' dir='ltr' id='par_1_79' title="bbox 913 1852 1695 1890">
     <span class='ocr_line' id='line_1_79' title="bbox 913 1852 1695 1890; baseline 0.013 -13"><span class='ocrx_word' id='word_1_603' title='bbox 913 1856 1024 1887; x_wconf 84' lang='lat' dir='ltr'><strong>propter</strong></span> <span class='ocrx_word' id='word_1_604' title='bbox 1050 1852 1100 1880; x_wconf 86' lang='lat' dir='ltr'><strong>lilii</strong></span> <span class='ocrx_word' id='word_1_605' title='bbox 1127 1853 1306 1888; x_wconf 82' lang='lat' dir='ltr'><strong>imprudentis</strong></span> <span class='ocrx_word' id='word_1_606' title='bbox 1320 1856 1510 1890; x_wconf 78' lang='lat' dir='ltr'><strong>perditionem.</strong></span> <span class='ocrx_word' id='word_1_607' title='bbox 1526 1858 1559 1885; x_wconf 78' lang='lat' dir='ltr'><strong>Et</strong></span> <span class='ocrx_word' id='word_1_608' title='bbox 1572 1859 1695 1887; x_wconf 85' lang='lat' dir='ltr'><strong>animad-</strong></span> 
     </span>
    </p>
   </div>
   <div class='ocr_carea' id='block_1_80' title="bbox 913 1899 1695 1938">
    <p class='ocr_par' dir='ltr' id='par_1_80' title="bbox 913 1899 1695 1938">
     <span class='ocr_line' id='line_1_80' title="bbox 913 1899 1695 1938; baseline 0.013 -15"><span class='ocrx_word' id='word_1_609' title='bbox 913 1902 1001 1928; x_wconf 88' lang='lat' dir='ltr'><strong>verte,</strong></span> <span class='ocrx_word' id='word_1_610' title='bbox 1025 1899 1160 1932; x_wconf 83' lang='lat' dir='ltr'><strong>quomodu</strong></span> <span class='ocrx_word' id='word_1_611' title='bbox 1191 1901 1307 1934; x_wconf 84' lang='lat' dir='ltr'><strong>prudens</strong></span> <span class='ocrx_word' id='word_1_612' title='bbox 1330 1901 1401 1929; x_wconf 87' lang='lat' dir='ltr'><strong>ﬁlius</strong></span> <span class='ocrx_word' id='word_1_613' title='bbox 1416 1908 1442 1930; x_wconf 87' lang='lat' dir='ltr'><strong>et</strong></span> <span class='ocrx_word' id='word_1_614' title='bbox 1457 1909 1598 1938; x_wconf 88' lang='lat' dir='ltr'><strong>parentem</strong></span> <span class='ocrx_word' id='word_1_615' title='bbox 1615 1905 1695 1934; x_wconf 80' lang='lat' dir='ltr'><strong>habet</strong></span> 
     </span>
    </p>
   </div>
   <div class='ocr_carea' id='block_1_81' title="bbox 912 1946 1693 1984">
    <p class='ocr_par' dir='ltr' id='par_1_81' title="bbox 912 1946 1693 1984">
     <span class='ocr_line' id='line_1_81' title="bbox 912 1946 1693 1984; baseline 0.009 -13"><span class='ocrx_word' id='word_1_616' title='bbox 912 1949 941 1972; x_wconf 80' lang='lat' dir='ltr'><strong>et</strong></span> <span class='ocrx_word' id='word_1_617' title='bbox 962 1949 1075 1972; x_wconf 85' lang='lat' dir='ltr'><strong>matrem</strong></span> <span class='ocrx_word' id='word_1_618' title='bbox 1095 1953 1103 1978; x_wconf 88' lang='lat'>;</span> <span class='ocrx_word' id='word_1_619' title='bbox 1131 1946 1289 1980; x_wconf 87' lang='lat' dir='ltr'><strong>imprudens</strong></span> <span class='ocrx_word' id='word_1_620' title='bbox 1313 1952 1404 1975; x_wconf 86' lang='lat' dir='ltr'><strong>autem</strong></span> <span class='ocrx_word' id='word_1_621' title='bbox 1435 1949 1519 1977; x_wconf 87' lang='lat' dir='ltr'><strong>solam</strong></span> <span class='ocrx_word' id='word_1_622' title='bbox 1543 1956 1693 1984; x_wconf 86' lang='lat' dir='ltr'><strong>parentem.</strong></span> 
     </span>
    </p>
   </div>
   <div class='ocr_carea' id='block_1_82' title="bbox 913 1988 1694 2028">
    <p class='ocr_par' dir='ltr' id='par_1_82' title="bbox 913 1988 1694 2028">
     <span class='ocr_line' id='line_1_82' title="bbox 913 1988 1694 2028; baseline 0.01 -12"><span class='ocrx_word' id='word_1_623' title='bbox 913 1989 979 2017; x_wconf 80' lang='lat' dir='ltr'><strong>Nam</strong></span> <span class='ocrx_word' id='word_1_624' title='bbox 994 1994 1090 2021; x_wconf 86' lang='lat' dir='ltr'><strong>mater.</strong></span> <span class='ocrx_word' id='word_1_625' title='bbox 1106 1992 1198 2026; x_wconf 89' lang='lat' dir='ltr'><strong>utique</strong></span> <span class='ocrx_word' id='word_1_626' title='bbox 1212 1994 1238 2019; x_wconf 82' lang='lat' dir='ltr'><strong>et</strong></span> <span class='ocrx_word' id='word_1_627' title='bbox 1252 2000 1350 2027; x_wconf 88' lang='lat' dir='ltr'><strong>parens</strong></span> <span class='ocrx_word' id='word_1_628' title='bbox 1364 1998 1425 2028; x_wconf 85' lang='lat' dir='ltr'><strong>est;</strong></span> <span class='ocrx_word' id='word_1_629' title='bbox 1445 1996 1492 2022; x_wconf 88' lang='lat' dir='ltr'><strong>sed</strong></span> <span class='ocrx_word' id='word_1_630' title='bbox 1509 2003 1561 2023; x_wconf 91' lang='lat' dir='ltr'><strong>non</strong></span> <span class='ocrx_word' id='word_1_631' title='bbox 1576 1988 1694 2025; x_wconf 86' lang='lat' dir='ltr'><strong>vicissim</strong></span> 
     </span>
    </p>
   </div>
   <div class='ocr_carea' id='block_1_83' title="bbox 913 2039 1696 2076">
    <p class='ocr_par' dir='ltr' id='par_1_83' title="bbox 913 2039 1696 2076">
     <span class='ocr_line' id='line_1_83' title="bbox 913 2039 1696 2076; baseline 0.009 -13"><span class='ocrx_word' id='word_1_632' title='bbox 913 2043 1021 2072; x_wconf 87' lang='lat' dir='ltr'><strong>parens,</strong></span> <span class='ocrx_word' id='word_1_633' title='bbox 1037 2042 1124 2064; x_wconf 84' lang='lat' dir='ltr'><strong>mater</strong></span> <span class='ocrx_word' id='word_1_634' title='bbox 1139 2045 1247 2073; x_wconf 88' lang='lat' dir='ltr'><strong>quoque</strong></span> <span class='ocrx_word' id='word_1_635' title='bbox 1266 2043 1318 2066; x_wconf 89' lang='lat' dir='ltr'><strong>est.</strong></span> <span class='ocrx_word' id='word_1_636' title='bbox 1337 2039 1402 2067; x_wconf 79' lang='lat' dir='ltr'><strong>Nam</strong></span> <span class='ocrx_word' id='word_1_637' title='bbox 1430 2041 1454 2068; x_wconf 87' lang='lat' dir='ltr'><strong>si</strong></span> <span class='ocrx_word' id='word_1_638' title='bbox 1475 2042 1521 2076; x_wconf 91' lang='lat' dir='ltr'><strong>qui</strong></span> <span class='ocrx_word' id='word_1_639' title='bbox 1537 2048 1630 2075; x_wconf 81' lang='lat' dir='ltr'><strong>partus</strong></span> <span class='ocrx_word' id='word_1_640' title='bbox 1645 2042 1696 2070; x_wconf 81' lang='lat' dir='ltr'><strong>fuit</strong></span> 
     </span>
    </p>
   </div>
   <div class='ocr_carea' id='block_1_84' title="bbox 913 2082 1696 2123">
    <p class='ocr_par' dir='ltr' id='par_1_84' title="bbox 913 2082 1696 2123">
     <span class='ocr_line' id='line_1_84' title="bbox 913 2082 1696 2123; baseline 0.01 -14"><span class='ocrx_word' id='word_1_641' title='bbox 913 2082 985 2110; x_wconf 86' lang='lat' dir='ltr'><strong>ﬁlius</strong></span> <span class='ocrx_word' id='word_1_642' title='bbox 1010 2083 1145 2111; x_wconf 87' lang='lat' dir='ltr'><strong>moriatur</strong></span> <span class='ocrx_word' id='word_1_643' title='bbox 1161 2084 1187 2111; x_wconf 93' lang='lat' dir='ltr'><strong>in</strong></span> <span class='ocrx_word' id='word_1_644' title='bbox 1205 2085 1324 2119; x_wconf 88' lang='lat' dir='ltr'><strong>nequitia</strong></span> <span class='ocrx_word' id='word_1_645' title='bbox 1340 2091 1366 2113; x_wconf 90' lang='lat' dir='ltr'><strong>et</strong></span> <span class='ocrx_word' id='word_1_646' title='bbox 1382 2086 1502 2120; x_wconf 85' lang='lat' dir='ltr'><strong>inscitia.</strong></span> <span class='ocrx_word' id='word_1_647' title='bbox 1525 2088 1570 2116; x_wconf 88' lang='lat' dir='ltr'><strong>illa</strong></span> <span class='ocrx_word' id='word_1_648' title='bbox 1587 2089 1696 2123; x_wconf 86' lang='lat' dir='ltr'><strong>quidem</strong></span> 
     </span>
    </p>
   </div>
   <div class='ocr_carea' id='block_1_85' title="bbox 913 2132 1697 2170">
    <p class='ocr_par' dir='ltr' id='par_1_85' title="bbox 913 2132 1697 2170">
     <span class='ocr_line' id='line_1_85' title="bbox 913 2132 1697 2170; baseline 0.008 -14"><span class='ocrx_word' id='word_1_649' title='bbox 913 2137 1013 2164; x_wconf 84' lang='lat' dir='ltr'><strong>parens</strong></span> <span class='ocrx_word' id='word_1_650' title='bbox 1038 2134 1090 2163; x_wconf 79' lang='lat' dir='ltr'><strong>est.</strong></span> <span class='ocrx_word' id='word_1_651' title='bbox 1115 2139 1170 2158; x_wconf 90' lang='lat' dir='ltr'><strong>non</strong></span> <span class='ocrx_word' id='word_1_652' title='bbox 1199 2138 1295 2160; x_wconf 87' lang='lat' dir='ltr'><strong>mater.</strong></span> <span class='ocrx_word' id='word_1_653' title='bbox 1317 2132 1499 2166; x_wconf 86' lang='lat' dir='ltr'><strong>Quamobrem</strong></span> <span class='ocrx_word' id='word_1_654' title='bbox 1523 2142 1556 2161; x_wconf 90' lang='lat' dir='ltr'><strong>ne</strong></span> <span class='ocrx_word' id='word_1_655' title='bbox 1579 2134 1697 2170; x_wconf 88' lang='lat' dir='ltr'><strong>Spiritus</strong></span> 
     </span>
    </p>
   </div>
   <div class='ocr_carea' id='block_1_86' title="bbox 914 2175 1694 2215">
    <p class='ocr_par' dir='ltr' id='par_1_86' title="bbox 914 2175 1694 2215">
     <span class='ocr_line' id='line_1_86' title="bbox 914 2175 1694 2215; baseline 0.006 -14"><span class='ocrx_word' id='word_1_656' title='bbox 914 2175 1023 2209; x_wconf 84' lang='lat' dir='ltr'><strong>quidem</strong></span> <span class='ocrx_word' id='word_1_657' title='bbox 1049 2176 1221 2211; x_wconf 84' lang='lat' dir='ltr'><strong>adoptionem</strong></span> <span class='ocrx_word' id='word_1_658' title='bbox 1248 2178 1395 2213; x_wconf 85' lang='lat' dir='ltr'><strong>participat</strong></span> <span class='ocrx_word' id='word_1_659' title='bbox 1409 2178 1431 2206; x_wconf 91' lang='lat' dir='ltr'><strong>is</strong></span> <span class='ocrx_word' id='word_1_660' title='bbox 1446 2180 1492 2214; x_wconf 91' lang='lat' dir='ltr'><strong>qni</strong></span> <span class='ocrx_word' id='word_1_661' title='bbox 1511 2185 1604 2215; x_wconf 86' lang='lat' dir='ltr'><strong>partus</strong></span> <span class='ocrx_word' id='word_1_662' title='bbox 1632 2179 1694 2207; x_wconf 81' lang='lat' dir='ltr'><strong>fuit.</strong></span> 
     </span>
    </p>
   </div>
   <div class='ocr_carea' id='block_1_87' title="bbox 76 2217 860 2258">
    <p class='ocr_par' dir='ltr' id='par_1_87' title="bbox 76 2217 860 2257">
     <span class='ocr_line' id='line_1_87' title="bbox 76 2217 860 2257; baseline -0.005 -9"><span class='ocrx_word' id='word_1_663' title='bbox 76 2221 244 2257; x_wconf 59' lang='grc' dir='ltr'>κληθήσεται,</span> <span class='ocrx_word' id='word_1_664' title='bbox 260 2220 308 2246; x_wconf 82' lang='grc' dir='ltr'>καὶ</span> <span class='ocrx_word' id='word_1_665' title='bbox 320 2220 366 2246; x_wconf 71' lang='grc' dir='ltr'><strong>ἐπὶ</strong></span> <span class='ocrx_word' id='word_1_666' title='bbox 378 2219 425 2246; x_wconf 84' lang='grc' dir='ltr'><strong>τοῦ</strong></span> <span class='ocrx_word' id='word_1_667' title='bbox 441 2219 556 2245; x_wconf 74' lang='grc' dir='ltr'>θανάτου</span> <span class='ocrx_word' id='word_1_668' title='bbox 577 2219 624 2245; x_wconf 77' lang='grc' dir='ltr'><strong>τοῦ</strong></span> <span class='ocrx_word' id='word_1_669' title='bbox 645 2217 774 2254; x_wconf 78' lang='grc' dir='ltr'>αἰσθητοῦ</span> <span class='ocrx_word' id='word_1_670' title='bbox 786 2228 792 2233; x_wconf 93' lang='grc'><strong>·</strong></span> <span class='ocrx_word' id='word_1_671' title='bbox 813 2218 860 2254; x_wconf 82' lang='grc' dir='ltr'>τὴν</span> 
     </span>
    </p>
   </div>
   <div class='ocr_carea' id='block_1_88' title="bbox 915 2217 1696 2258">
    <p class='ocr_par' dir='ltr' id='par_1_88' title="bbox 916 2221 1696 2258">
     <span class='ocr_line' id='line_1_88' title="bbox 916 2221 1696 2258; baseline 0.008 -11"><span class='ocrx_word' id='word_1_672' title='bbox 916 2221 1048 2248; x_wconf 88' lang='lat' dir='ltr'><strong>Similiter</strong></span> <span class='ocrx_word' id='word_1_673' title='bbox 1061 2226 1088 2249; x_wconf 90' lang='lat' dir='ltr'><strong>et</strong></span> <span class='ocrx_word' id='word_1_674' title='bbox 1101 2222 1135 2249; x_wconf 90' lang='lat' dir='ltr'><strong>de</strong></span> <span class='ocrx_word' id='word_1_675' title='bbox 1149 2222 1338 2250; x_wconf 88' lang='lat' dir='ltr'><strong>materialibus</strong></span> <span class='ocrx_word' id='word_1_676' title='bbox 1349 2223 1454 2251; x_wconf 86' lang='lat' dir='ltr'><strong>dicetur</strong></span> <span class='ocrx_word' id='word_1_677' title='bbox 1468 2226 1611 2258; x_wconf 86' lang='lat' dir='ltr'><strong>matribus,</strong></span> <span class='ocrx_word' id='word_1_678' title='bbox 1624 2230 1651 2252; x_wconf 76' lang='lat' dir='ltr'><strong>ct</strong></span> <span class='ocrx_word' id='word_1_679' title='bbox 1661 2226 1696 2253; x_wconf 83' lang='lat' dir='ltr'><strong>de</strong></span> 
     </span>
    </p>
   </div>
   <div class='ocr_carea' id='block_1_89' title="bbox 78 2264 863 2302">
    <p class='ocr_par' dir='ltr' id='par_1_89' title="bbox 78 2264 863 2302">
     <span class='ocr_line' id='line_1_89' title="bbox 78 2264 863 2302; baseline -0.004 -9"><span class='ocrx_word' id='word_1_680' title='bbox 78 2267 126 2302; x_wconf 72' lang='grc' dir='ltr'>γὰρ</span> <span class='ocrx_word' id='word_1_681' title='bbox 141 2267 249 2302; x_wconf 78' lang='grc' dir='ltr'>μητέρα</span> <span class='ocrx_word' id='word_1_682' title='bbox 264 2265 380 2301; x_wconf 71' lang='grc' dir='ltr'>ἐροῦμεν</span> <span class='ocrx_word' id='word_1_683' title='bbox 394 2265 441 2292; x_wconf 75' lang='grc' dir='ltr'>καὶ</span> <span class='ocrx_word' id='word_1_684' title='bbox 450 2264 581 2292; x_wconf 81' lang='grc' dir='ltr'>τεκοῦσαν</span> <span class='ocrx_word' id='word_1_685' title='bbox 591 2271 599 2279; x_wconf 88' lang='grc'>⁶</span> <span class='ocrx_word' id='word_1_686' title='bbox 609 2264 700 2290; x_wconf 80' lang='grc' dir='ltr'>οὐκέτι</span> <span class='ocrx_word' id='word_1_687' title='bbox 714 2264 743 2290; x_wconf 79' lang='grc' dir='ltr'>δὲ</span> <span class='ocrx_word' id='word_1_688' title='bbox 757 2264 863 2300; x_wconf 81' lang='grc' dir='ltr'>μητέρα</span> 
     </span>
    </p>
   </div>
   <div class='ocr_carea' id='block_1_90' title="bbox 79 2311 436 2344">
    <p class='ocr_par' dir='ltr' id='par_1_90' title="bbox 79 2311 436 2344">
     <span class='ocr_line' id='line_1_90' title="bbox 79 2311 436 2344; baseline -0.011 -4"><span class='ocrx_word' id='word_1_689' title='bbox 79 2313 120 2340; x_wconf 74' lang='grc' dir='ltr'><strong>τοῦ</strong></span> <span class='ocrx_word' id='word_1_690' title='bbox 133 2312 229 2344; x_wconf 72' lang='grc' dir='ltr'>παιδὸς</span> <span class='ocrx_word' id='word_1_691' title='bbox 242 2311 436 2343; x_wconf 73' lang='grc' dir='ltr'>ἀποθανόντος.</span> 
     </span>
    </p>
   </div>
   <div class='ocr_carea' id='block_1_91' title="bbox 110 2397 863 2436">
    <p class='ocr_par' dir='ltr' id='par_1_91' title="bbox 110 2397 863 2436">
     <span class='ocr_line' id='line_1_91' title="bbox 110 2397 863 2436; baseline -0.005 -8"><span class='ocrx_word' id='word_1_692' title='bbox 110 2400 271 2436; x_wconf 86' lang='grc' dir='ltr'>Πλημμελεῖ</span> <span class='ocrx_word' id='word_1_693' title='bbox 291 2408 348 2431; x_wconf 83' lang='grc' dir='ltr'>τις,</span> <span class='ocrx_word' id='word_1_694' title='bbox 363 2398 409 2425; x_wconf 79' lang='grc' dir='ltr'><strong>τοῦ</strong></span> <span class='ocrx_word' id='word_1_695' title='bbox 429 2398 532 2425; x_wconf 83' lang='grc' dir='ltr'>δικαίου</span> <span class='ocrx_word' id='word_1_696' title='bbox 556 2398 587 2424; x_wconf 81' lang='grc' dir='ltr'><strong>τὸ</strong></span> <span class='ocrx_word' id='word_1_697' title='bbox 601 2398 705 2425; x_wconf 85' lang='grc' dir='ltr'>δίκαιον</span> <span class='ocrx_word' id='word_1_698' title='bbox 727 2397 863 2433; x_wconf 78' lang='grc' dir='ltr'>ἀφαιρῶν,</span> 
     </span>
    </p>
   </div>
   <div class='ocr_carea' id='block_1_92' title="bbox 80 2442 862 2481">
    <p class='ocr_par' dir='ltr' id='par_1_92' title="bbox 80 2442 862 2481">
     <span class='ocr_line' id='line_1_92' title="bbox 80 2442 862 2481; baseline -0.005 -8"><span class='ocrx_word' id='word_1_699' title='bbox 80 2446 95 2481; x_wconf 70' lang='grc' dir='ltr'>ἢ</span> <span class='ocrx_word' id='word_1_700' title='bbox 117 2445 288 2481; x_wconf 69' lang='grc' dir='ltr'>διαστρέφων</span> <span class='ocrx_word' id='word_1_701' title='bbox 310 2443 392 2471; x_wconf 85' lang='grc' dir='ltr'>αὑτοῦ</span> <span class='ocrx_word' id='word_1_702' title='bbox 417 2443 484 2479; x_wconf 80' lang='grc' dir='ltr'>πρὸς</span> <span class='ocrx_word' id='word_1_703' title='bbox 510 2443 616 2470; x_wconf 73' lang='grc' dir='ltr'>ἀδικίαν</span> <span class='ocrx_word' id='word_1_704' title='bbox 638 2443 701 2474; x_wconf 81' lang='grc' dir='ltr'>τοὺς</span> <span class='ocrx_word' id='word_1_705' title='bbox 727 2442 862 2478; x_wconf 79' lang='grc' dir='ltr'>μαθητὰς,</span> 
     </span>
    </p>
   </div>
   <div class='ocr_carea' id='block_1_93' title="bbox 81 2488 864 2528">
    <p class='ocr_par' dir='ltr' id='par_1_93' title="bbox 81 2488 864 2528">
     <span class='ocr_line' id='line_1_93' title="bbox 81 2488 864 2528; baseline -0.008 -8"><span class='ocrx_word' id='word_1_706' title='bbox 81 2492 226 2528; x_wconf 72' lang='grc' dir='ltr'>ἁμαρτάνει</span> <span class='ocrx_word' id='word_1_707' title='bbox 237 2499 244 2506; x_wconf 73' lang='grc' dir='ltr'><strong><em>ο</em></strong></span> <span class='ocrx_word' id='word_1_708' title='bbox 261 2490 356 2525; x_wconf 82' lang='grc' dir='ltr'>κτῆσιν</span> <span class='ocrx_word' id='word_1_709' title='bbox 371 2490 425 2525; x_wconf 85' lang='grc' dir='ltr'><strong>γὰρ</strong></span> <span class='ocrx_word' id='word_1_710' title='bbox 439 2489 538 2521; x_wconf 81' lang='grc' dir='ltr'>αὐτοὺς</span> <span class='ocrx_word' id='word_1_711' title='bbox 552 2489 633 2524; x_wconf 75' lang='grc' dir='ltr'>ἔχων,</span> <span class='ocrx_word' id='word_1_712' title='bbox 649 2488 800 2524; x_wconf 73' lang='grc' dir='ltr'>ὲζημίωται</span> <span class='ocrx_word' id='word_1_713' title='bbox 812 2497 819 2503; x_wconf 73' lang='grc'><strong><em>⁸</em></strong></span> <span class='ocrx_word' id='word_1_714' title='bbox 833 2489 864 2515; x_wconf 87' lang='grc' dir='ltr'>οὺ</span> 
     </span>
    </p>
   </div>
   <div class='ocr_carea' id='block_1_94' title="bbox 81 2535 864 2574">
    <p class='ocr_par' dir='ltr' id='par_1_94' title="bbox 81 2535 864 2574">
     <span class='ocr_line' id='line_1_94' title="bbox 81 2535 864 2574; baseline -0.004 -10"><span class='ocrx_word' id='word_1_715' title='bbox 81 2538 129 2573; x_wconf 68' lang='grc' dir='ltr'>γὰρ</span> <span class='ocrx_word' id='word_1_716' title='bbox 143 2536 257 2574; x_wconf 80' lang='grc' dir='ltr'>ζητοῦσι</span> <span class='ocrx_word' id='word_1_717' title='bbox 273 2536 307 2564; x_wconf 77' lang='grc' dir='ltr'>τὰ</span> <span class='ocrx_word' id='word_1_718' title='bbox 319 2536 409 2571; x_wconf 74' lang='grc' dir='ltr'>ἡμῶν,</span> <span class='ocrx_word' id='word_1_719' title='bbox 423 2535 479 2562; x_wconf 76' lang='grc' dir='ltr'>ἀλλ’</span> <span class='ocrx_word' id='word_1_720' title='bbox 496 2536 586 2571; x_wconf 78' lang='grc' dir='ltr'>ἡμᾶς’</span> <span class='ocrx_word' id='word_1_721' title='bbox 601 2535 734 2566; x_wconf 81' lang='grc' dir='ltr'>δυνάστας</span> <span class='ocrx_word' id='word_1_722' title='bbox 745 2535 774 2562; x_wconf 72' lang='grc' dir='ltr'>δὲ</span> <span class='ocrx_word' id='word_1_723' title='bbox 791 2535 864 2568; x_wconf 83' lang='grc' dir='ltr'>λέγει</span> 
     </span>
    </p>
   </div>
   <div class='ocr_carea' id='block_1_95' title="bbox 81 2581 522 2620">
    <p class='ocr_par' dir='ltr' id='par_1_95' title="bbox 81 2581 522 2620">
     <span class='ocr_line' id='line_1_95' title="bbox 81 2581 522 2620; baseline -0.005 -10"><span class='ocrx_word' id='word_1_724' title='bbox 81 2585 136 2616; x_wconf 78' lang='grc' dir='ltr'>τοὺς</span> <span class='ocrx_word' id='word_1_725' title='bbox 148 2585 178 2612; x_wconf 82' lang='grc' dir='ltr'>ὲν</span> <span class='ocrx_word' id='word_1_726' title='bbox 193 2582 306 2620; x_wconf 79' lang='grc' dir='ltr'>Χριστῷ</span> <span class='ocrx_word' id='word_1_727' title='bbox 322 2581 522 2617; x_wconf 79' lang='grc' dir='ltr'>βασιλεύοντας.</span> 
     </span>
    </p>
   </div>
   <div class='ocr_carea' id='block_1_96' title="bbox 917 2267 1696 2304">
    <p class='ocr_par' dir='ltr' id='par_1_96' title="bbox 917 2267 1696 2304">
     <span class='ocr_line' id='line_1_96' title="bbox 917 2267 1696 2304; baseline 0.009 -13"><span class='ocrx_word' id='word_1_728' title='bbox 917 2270 1005 2292; x_wconf 88' lang='lat' dir='ltr'><strong>morte</strong></span> <span class='ocrx_word' id='word_1_729' title='bbox 1024 2267 1175 2294; x_wconf 84' lang='lat' dir='ltr'><strong>materialis</strong></span> <span class='ocrx_word' id='word_1_730' title='bbox 1200 2267 1268 2294; x_wconf 87' lang='lat' dir='ltr'><strong>ﬁlii:</strong></span> <span class='ocrx_word' id='word_1_731' title='bbox 1282 2275 1343 2295; x_wconf 90' lang='lat' dir='ltr'><strong>natn</strong></span> <span class='ocrx_word' id='word_1_732' title='bbox 1362 2273 1476 2297; x_wconf 89' lang='lat' dir='ltr'><strong>matrem</strong></span> <span class='ocrx_word' id='word_1_733' title='bbox 1491 2271 1599 2304; x_wconf 85' lang='lat' dir='ltr'><strong>quidem</strong></span> <span class='ocrx_word' id='word_1_734' title='bbox 1623 2271 1696 2298; x_wconf 77' lang='lat' dir='ltr'><strong>dice-</strong></span> 
     </span>
    </p>
   </div>
   <div class='ocr_carea' id='block_1_97' title="bbox 917 2311 1696 2349">
    <p class='ocr_par' dir='ltr' id='par_1_97' title="bbox 917 2311 1696 2349">
     <span class='ocr_line' id='line_1_97' title="bbox 917 2311 1696 2349; baseline 0.006 -12"><span class='ocrx_word' id='word_1_735' title='bbox 917 2318 977 2337; x_wconf 89' lang='lat' dir='ltr'><strong>mus</strong></span> <span class='ocrx_word' id='word_1_736' title='bbox 995 2311 1078 2339; x_wconf 83' lang='lat' dir='ltr'><strong>etiam</strong></span> <span class='ocrx_word' id='word_1_737' title='bbox 1104 2317 1256 2347; x_wconf 86' lang='lat' dir='ltr'><strong>parentem.</strong></span> <span class='ocrx_word' id='word_1_738' title='bbox 1275 2321 1445 2349; x_wconf 75' lang='lat' dir='ltr'><strong>nequaquam</strong></span> <span class='ocrx_word' id='word_1_739' title='bbox 1472 2320 1562 2343; x_wconf 85' lang='lat' dir='ltr'><strong>tamen</strong></span> <span class='ocrx_word' id='word_1_740' title='bbox 1583 2321 1696 2344; x_wconf 82' lang='lat' dir='ltr'><strong>matrem</strong></span> 
     </span>
    </p>
   </div>
   <div class='ocr_carea' id='block_1_98' title="bbox 915 2357 1121 2390">
    <p class='ocr_par' dir='ltr' id='par_1_98' title="bbox 915 2357 1121 2390">
     <span class='ocr_line' id='line_1_98' title="bbox 915 2357 1121 2390; baseline 0.019 -8"><span class='ocrx_word' id='word_1_741' title='bbox 915 2357 990 2390; x_wconf 77' lang='lat' dir='ltr'><strong>pueri</strong></span> <span class='ocrx_word' id='word_1_742' title='bbox 1011 2358 1121 2387; x_wconf 88' lang='lat' dir='ltr'><strong>mortui.</strong></span> 
     </span>
    </p>
   </div>
   <div class='ocr_carea' id='block_1_99' title="bbox 949 2401 1698 2443">
    <p class='ocr_par' dir='ltr' id='par_1_99' title="bbox 949 2401 1698 2443">
     <span class='ocr_line' id='line_1_99' title="bbox 949 2401 1698 2443; baseline 0.009 -15"><span class='ocrx_word' id='word_1_743' title='bbox 949 2401 974 2418; x_wconf 79' lang='lat'>“</span> <span class='ocrx_word' id='word_1_744' title='bbox 987 2401 1242 2439; x_wconf 81' lang='lat' dir='ltr'><strong>Delinquitaliquis,</strong></span> <span class='ocrx_word' id='word_1_745' title='bbox 1254 2413 1316 2433; x_wconf 87' lang='lat' dir='ltr'><strong>cum</strong></span> <span class='ocrx_word' id='word_1_746' title='bbox 1326 2405 1459 2440; x_wconf 85' lang='lat' dir='ltr'><strong>justitiam</strong></span> <span class='ocrx_word' id='word_1_747' title='bbox 1475 2407 1548 2442; x_wconf 74' lang='lat' dir='ltr'><strong>justo</strong></span> <span class='ocrx_word' id='word_1_748' title='bbox 1558 2408 1639 2443; x_wconf 83' lang='lat' dir='ltr'><strong>eripit</strong></span> <span class='ocrx_word' id='word_1_749' title='bbox 1650 2417 1658 2440; x_wconf 80' lang='lat'><strong>-,</strong></span> <span class='ocrx_word' id='word_1_750' title='bbox 1670 2415 1698 2435; x_wconf 78' lang='lat' dir='ltr'><strong>et</strong></span> 
     </span>
    </p>
   </div>
   <div class='ocr_carea' id='block_1_100' title="bbox 916 2449 1698 2492">
    <p class='ocr_par' dir='ltr' id='par_1_100' title="bbox 916 2449 1698 2492">
     <span class='ocr_line' id='line_1_100' title="bbox 916 2449 1698 2492; baseline 0.012 -17"><span class='ocrx_word' id='word_1_751' title='bbox 916 2456 976 2476; x_wconf 85' lang='lat' dir='ltr'><strong>cum</strong></span> <span class='ocrx_word' id='word_1_752' title='bbox 994 2449 1052 2483; x_wconf 88' lang='lat' dir='ltr'><strong>ejus</strong></span> <span class='ocrx_word' id='word_1_753' title='bbox 1067 2451 1214 2486; x_wconf 88' lang='lat' dir='ltr'><strong>discipulos</strong></span> <span class='ocrx_word' id='word_1_754' title='bbox 1227 2453 1259 2480; x_wconf 87' lang='lat' dir='ltr'><strong>ad</strong></span> <span class='ocrx_word' id='word_1_755' title='bbox 1273 2453 1442 2488; x_wconf 88' lang='lat' dir='ltr'><strong>iniquitatem</strong></span> <span class='ocrx_word' id='word_1_756' title='bbox 1459 2455 1618 2490; x_wconf 85' lang='lat' dir='ltr'><strong>distorquet.</strong></span> <span class='ocrx_word' id='word_1_757' title='bbox 1634 2464 1698 2492; x_wconf 88' lang='lat' dir='ltr'><strong>pec-</strong></span> 
     </span>
    </p>
   </div>
   <div class='ocr_carea' id='block_1_101' title="bbox 916 2495 1691 2534">
    <p class='ocr_par' dir='ltr' id='par_1_101' title="bbox 916 2495 1691 2534">
     <span class='ocr_line' id='line_1_101' title="bbox 916 2495 1691 2534; baseline 0.012 -13"><span class='ocrx_word' id='word_1_758' title='bbox 916 2500 969 2521; x_wconf 86' lang='lat' dir='ltr'><strong>cat.</strong></span> <span class='ocrx_word' id='word_1_759' title='bbox 993 2495 1060 2523; x_wconf 80' lang='lat' dir='ltr'><strong>Nam</strong></span> <span class='ocrx_word' id='word_1_760' title='bbox 1084 2503 1147 2524; x_wconf 91' lang='lat' dir='ltr'><strong>cum</strong></span> <span class='ocrx_word' id='word_1_761' title='bbox 1175 2497 1225 2525; x_wconf 87' lang='lat' dir='ltr'><strong>hos</strong></span> <span class='ocrx_word' id='word_1_762' title='bbox 1251 2499 1328 2534; x_wconf 89' lang='lat' dir='ltr'><strong>quasi</strong></span> <span class='ocrx_word' id='word_1_763' title='bbox 1345 2500 1542 2534; x_wconf 83' lang='lat' dir='ltr'><strong>possessionem</strong></span> <span class='ocrx_word' id='word_1_764' title='bbox 1568 2501 1691 2532; x_wconf 83' lang='lat' dir='ltr'><strong>haberet.</strong></span> 
     </span>
    </p>
   </div>
   <div class='ocr_carea' id='block_1_102' title="bbox 916 2540 1697 2580">
    <p class='ocr_par' dir='ltr' id='par_1_102' title="bbox 916 2540 1697 2580">
     <span class='ocr_line' id='line_1_102' title="bbox 916 2540 1697 2580; baseline 0.012 -15"><span class='ocrx_word' id='word_1_765' title='bbox 916 2540 1017 2567; x_wconf 88' lang='lat' dir='ltr'><strong>damno</strong></span> <span class='ocrx_word' id='word_1_766' title='bbox 1038 2540 1165 2570; x_wconf 79' lang='lat' dir='ltr'><strong>afﬁcitur.</strong></span> <span class='ocrx_word' id='word_1_767' title='bbox 1195 2542 1252 2571; x_wconf 83' lang='lat' dir='ltr'><strong>Non</strong></span> <span class='ocrx_word' id='word_1_768' title='bbox 1277 2545 1351 2571; x_wconf 89' lang='lat' dir='ltr'><strong>enim</strong></span> <span class='ocrx_word' id='word_1_769' title='bbox 1375 2551 1468 2573; x_wconf 86' lang='lat' dir='ltr'><strong>nostra</strong></span> <span class='ocrx_word' id='word_1_770' title='bbox 1491 2551 1626 2580; x_wconf 63' lang='lat' dir='ltr'><strong>quaerunt,</strong></span> <span class='ocrx_word' id='word_1_771' title='bbox 1650 2548 1697 2574; x_wconf 78' lang='lat' dir='ltr'><strong>sed</strong></span> 
     </span>
    </p>
   </div>
   <div class='ocr_carea' id='block_1_103' title="bbox 917 2587 1699 2626">
    <p class='ocr_par' dir='ltr' id='par_1_103' title="bbox 917 2587 1699 2626">
     <span class='ocr_line' id='line_1_103' title="bbox 917 2587 1699 2626; baseline 0.012 -14"><span class='ocrx_word' id='word_1_772' title='bbox 917 2593 976 2614; x_wconf 86' lang='lat' dir='ltr'><strong>nos.</strong></span> <span class='ocrx_word' id='word_1_773' title='bbox 993 2587 1128 2622; x_wconf 80' lang='lat' dir='ltr'><strong>Dynastas</strong></span> <span class='ocrx_word' id='word_1_774' title='bbox 1152 2588 1269 2624; x_wconf 86' lang='lat' dir='ltr'><strong>denique</strong></span> <span class='ocrx_word' id='word_1_775' title='bbox 1291 2591 1366 2624; x_wconf 87' lang='lat' dir='ltr'><strong>dicit,</strong></span> <span class='ocrx_word' id='word_1_776' title='bbox 1399 2593 1446 2626; x_wconf 87' lang='lat' dir='ltr'><strong>qui</strong></span> <span class='ocrx_word' id='word_1_777' title='bbox 1470 2592 1496 2619; x_wconf 94' lang='lat' dir='ltr'><strong>in</strong></span> <span class='ocrx_word' id='word_1_778' title='bbox 1520 2592 1630 2621; x_wconf 90' lang='lat' dir='ltr'><strong>Christo</strong></span> <span class='ocrx_word' id='word_1_779' title='bbox 1654 2601 1699 2620; x_wconf 84' lang='lat' dir='ltr'><strong>re-</strong></span> 
     </span>
    </p>
   </div>
   <div class='ocr_carea' id='block_1_104' title="bbox 916 2637 1009 2666">
    <p class='ocr_par' dir='ltr' id='par_1_104' title="bbox 916 2637 1009 2666">
     <span class='ocr_line' id='line_1_104' title="bbox 916 2637 1009 2666; baseline 0.022 -9"><span class='ocrx_word' id='word_1_780' title='bbox 916 2637 1009 2666; x_wconf 76' lang='lat' dir='ltr'><strong>gnam.</strong></span> 
     </span>
    </p>
   </div>
   <div class='ocr_carea' id='block_1_105' title="bbox 797 2688 986 2717">
    <p class='ocr_par' dir='ltr' id='par_1_105' title="bbox 797 2688 986 2717">
     <span class='ocr_line' id='line_1_105' title="bbox 797 2688 986 2717; baseline 0 0"><span class='ocrx_word' id='word_1_781' title='bbox 797 2689 874 2717; x_wconf 81' lang='lat' dir='ltr'><strong>CAP.</strong></span> <span class='ocrx_word' id='word_1_782' title='bbox 893 2688 986 2717; x_wconf 72' lang='lat' dir='ltr'><strong>XVIII.</strong></span> 
     </span>
    </p>
   </div>
   <div class='ocr_carea' id='block_1_106' title="bbox 117 2737 867 2778">
    <p class='ocr_par' dir='ltr' id='par_1_106' title="bbox 117 2737 867 2778">
     <span class='ocr_line' id='line_1_106' title="bbox 117 2737 867 2778; baseline -0.009 -9"><span class='ocrx_word' id='word_1_783' title='bbox 117 2742 145 2769; x_wconf 83' lang='lat'><strong>&#39;0</strong></span> <span class='ocrx_word' id='word_1_784' title='bbox 157 2741 295 2778; x_wconf 75' lang='grc' dir='ltr'>ἀγόμενος</span> <span class='ocrx_word' id='word_1_785' title='bbox 307 2741 340 2775; x_wconf 77' lang='grc' dir='ltr'><strong>τῇ</strong></span> <span class='ocrx_word' id='word_1_786' title='bbox 350 2739 405 2766; x_wconf 78' lang='grc' dir='ltr'><strong>τῶν</strong></span> <span class='ocrx_word' id='word_1_787' title='bbox 415 2738 552 2774; x_wconf 76' lang='grc' dir='ltr'>δαιμόνων</span> <span class='ocrx_word' id='word_1_788' title='bbox 565 2737 715 2774; x_wconf 68' lang='grc' dir='ltr'>ἀφροσύνῃ,</span> <span class='ocrx_word' id='word_1_789' title='bbox 728 2738 759 2763; x_wconf 85' lang='grc' dir='ltr'>οὐ</span> <span class='ocrx_word' id='word_1_790' title='bbox 771 2737 867 2772; x_wconf 79' lang='grc' dir='ltr'>χρείαν</span> 
     </span>
    </p>
   </div>
   <div class='ocr_carea' id='block_1_107' title="bbox 83 2782 866 2822">
    <p class='ocr_par' dir='ltr' id='par_1_107' title="bbox 83 2782 866 2822">
     <span class='ocr_line' id='line_1_107' title="bbox 83 2782 866 2822; baseline -0.009 -7"><span class='ocrx_word' id='word_1_791' title='bbox 83 2787 131 2822; x_wconf 76' lang='grc' dir='ltr'>ἔχει</span> <span class='ocrx_word' id='word_1_792' title='bbox 145 2787 243 2822; x_wconf 76' lang='grc' dir='ltr'>σοφίας</span> <span class='ocrx_word' id='word_1_793' title='bbox 263 2785 332 2812; x_wconf 83' lang='grc' dir='ltr'>Θεοῦ</span> <span class='ocrx_word' id='word_1_794' title='bbox 348 2784 365 2820; x_wconf 78' lang='grc' dir='ltr'>ἢ</span> <span class='ocrx_word' id='word_1_795' title='bbox 380 2783 520 2818; x_wconf 84' lang='grc' dir='ltr'>γνώσεως’</span> <span class='ocrx_word' id='word_1_796' title='bbox 541 2783 606 2810; x_wconf 77' lang='grc' dir='ltr'>διότι</span> <span class='ocrx_word' id='word_1_797' title='bbox 624 2783 749 2819; x_wconf 71' lang='grc' dir='ltr'>ἠγάπησε</span> <span class='ocrx_word' id='word_1_798' title='bbox 767 2782 866 2818; x_wconf 81' lang='grc' dir='ltr'>μᾶλλον</span> 
     </span>
    </p>
   </div>
   <div class='ocr_carea' id='block_1_108' title="bbox 115 2865 744 2898">
    <p class='ocr_par' dir='ltr' id='par_1_108' title="bbox 115 2865 744 2898">
     <span class='ocr_line' id='line_1_108' title="bbox 115 2865 744 2898; baseline -0.01 0"><span class='ocrx_word' id='word_1_799' title='bbox 115 2869 135 2886; x_wconf 76' lang='grc'><strong>⁸⁸</strong></span> <span class='ocrx_word' id='word_1_800' title='bbox 147 2878 172 2898; x_wconf 77' lang='lat' dir='ltr'><strong>v.</strong></span> <span class='ocrx_word' id='word_1_801' title='bbox 185 2868 232 2896; x_wconf 73' lang='grc'><strong>20.</strong></span> <span class='ocrx_word' id='word_1_802' title='bbox 281 2866 306 2884; x_wconf 74' lang='grc'><em>⁸³</em></span> <span class='ocrx_word' id='word_1_803' title='bbox 323 2875 348 2894; x_wconf 80' lang='lat' dir='ltr'><strong>v.</strong></span> <span class='ocrx_word' id='word_1_804' title='bbox 362 2868 407 2895; x_wconf 59' lang='lat' dir='ltr'><strong>Si.</strong></span> <span class='ocrx_word' id='word_1_805' title='bbox 447 2867 470 2883; x_wconf 75' lang='lat'><strong>“</strong></span> <span class='ocrx_word' id='word_1_806' title='bbox 486 2874 511 2892; x_wconf 82' lang='grc' dir='ltr'>ν.</span> <span class='ocrx_word' id='word_1_807' title='bbox 527 2866 571 2893; x_wconf 69' lang='lat'><strong>2.5.</strong></span> <span class='ocrx_word' id='word_1_808' title='bbox 612 2867 634 2882; x_wconf 75' lang='grc'>⁸⁵</span> <span class='ocrx_word' id='word_1_809' title='bbox 655 2874 680 2892; x_wconf 69' lang='grc' dir='ltr'><strong>γ.</strong></span> <span class='ocrx_word' id='word_1_810' title='bbox 699 2865 744 2892; x_wconf 70' lang='lat'><strong>25.</strong></span> 
     </span>
    </p>
   </div>
   <div class='ocr_carea' id='block_1_109' title="bbox 189 2916 529 2949">
    <p class='ocr_par' dir='ltr' id='par_1_109' title="bbox 189 2916 529 2949">
     <span class='ocr_line' id='line_1_109' title="bbox 189 2916 529 2949; baseline -0.006 0"><span class='ocrx_word' id='word_1_811' title='bbox 189 2919 332 2949; x_wconf 69' lang='lat' dir='ltr'><strong>Parnoc.</strong></span> <span class='ocrx_word' id='word_1_812' title='bbox 352 2918 411 2947; x_wconf 76' lang='lat' dir='ltr'><strong>(in.</strong></span> <span class='ocrx_word' id='word_1_813' title='bbox 434 2916 529 2948; x_wconf 78' lang='lat' dir='ltr'><strong>XVll.</strong></span> 
     </span>
    </p>
   </div>
   <div class='ocr_carea' id='block_1_110' title="bbox 785 2863 903 2892">
    <p class='ocr_par' dir='ltr' id='par_1_110' title="bbox 785 2863 903 2892">
     <span class='ocr_line' id='line_1_110' title="bbox 785 2863 903 2892; baseline 0.008 -1"><span class='ocrx_word' id='word_1_814' title='bbox 785 2865 807 2880; x_wconf 79' lang='lat'>“</span> <span class='ocrx_word' id='word_1_815' title='bbox 823 2873 847 2891; x_wconf 72' lang='grc' dir='ltr'>ι.</span> <span class='ocrx_word' id='word_1_816' title='bbox 858 2863 903 2892; x_wconf 74' lang='lat'><strong>26.</strong></span> 
     </span>
    </p>
   </div>
   <div class='ocr_carea' id='block_1_111' title="bbox 956 2737 1698 2777">
    <p class='ocr_par' dir='ltr' id='par_1_111' title="bbox 956 2737 1698 2777">
     <span class='ocr_line' id='line_1_111' title="bbox 956 2737 1698 2777; baseline 0.007 -13"><span class='ocrx_word' id='word_1_817' title='bbox 956 2737 979 2753; x_wconf 71' lang='grc' dir='ltr'>θ’</span> <span class='ocrx_word' id='word_1_818' title='bbox 992 2738 1043 2771; x_wconf 85' lang='lat' dir='ltr'><strong>Qui</strong></span> <span class='ocrx_word' id='word_1_819' title='bbox 1057 2738 1209 2767; x_wconf 73' lang='lat' dir='ltr'><strong>daemonum</strong></span> <span class='ocrx_word' id='word_1_820' title='bbox 1227 2740 1332 2768; x_wconf 82' lang='lat' dir='ltr'><strong>insania</strong></span> <span class='ocrx_word' id='word_1_821' title='bbox 1349 2741 1448 2777; x_wconf 75' lang='lat' dir='ltr'><strong>agitur.</strong></span> <span class='ocrx_word' id='word_1_822' title='bbox 1475 2741 1637 2777; x_wconf 81' lang='lat' dir='ltr'><strong>sapientiam</strong></span> <span class='ocrx_word' id='word_1_823' title='bbox 1654 2741 1698 2769; x_wconf 90' lang='lat' dir='ltr'><strong>Dei</strong></span> 
     </span>
    </p>
   </div>
   <div class='ocr_carea' id='block_1_112' title="bbox 921 2783 1701 2824">
    <p class='ocr_par' dir='ltr' id='par_1_112' title="bbox 921 2783 1701 2824">
     <span class='ocr_line' id='line_1_112' title="bbox 921 2783 1701 2824; baseline 0.006 -15"><span class='ocrx_word' id='word_1_824' title='bbox 921 2783 1118 2820; x_wconf 80' lang='lat' dir='ltr'><strong>scientiamque</strong></span> <span class='ocrx_word' id='word_1_825' title='bbox 1134 2793 1188 2814; x_wconf 91' lang='lat' dir='ltr'><strong>non</strong></span> <span class='ocrx_word' id='word_1_826' title='bbox 1208 2786 1324 2821; x_wconf 88' lang='lat' dir='ltr'><strong>requirit</strong></span> <span class='ocrx_word' id='word_1_827' title='bbox 1346 2796 1353 2814; x_wconf 89' lang='lat'><strong>:</strong></span> <span class='ocrx_word' id='word_1_828' title='bbox 1383 2787 1446 2822; x_wconf 83' lang='lat' dir='ltr'><strong>quia</strong></span> <span class='ocrx_word' id='word_1_829' title='bbox 1475 2787 1600 2815; x_wconf 86' lang='lat' dir='ltr'><strong>tenebras</strong></span> <span class='ocrx_word' id='word_1_830' title='bbox 1615 2787 1701 2824; x_wconf 77' lang='lat' dir='ltr'><strong>magis</strong></span> 
     </span>
    </p>
   </div>
   <div class='ocr_carea' id='block_1_113' title="bbox 943 2863 1039 2890">
    <p class='ocr_par' dir='ltr' id='par_1_113' title="bbox 943 2863 1039 2890">
     <span class='ocr_line' id='line_1_113' title="bbox 943 2863 1039 2890; baseline 0.01 -1"><span class='ocrx_word' id='word_1_831' title='bbox 943 2864 964 2879; x_wconf 78' lang='grc'><strong>⁸⁷</strong></span> <span class='ocrx_word' id='word_1_832' title='bbox 984 2871 1007 2890; x_wconf 79' lang='grc' dir='ltr'><strong>ι’,</strong></span> <span class='ocrx_word' id='word_1_833' title='bbox 1024 2863 1039 2890; x_wconf 77' lang='lat'><strong>2</strong></span> 
     </span>
    </p>
   </div>
   <div class='ocr_carea' id='block_1_114' title="bbox 1546 2911 1566 2941">
    <p class='ocr_par' dir='ltr' id='par_1_114' title="bbox 1546 2911 1566 2941">
     <span class='ocr_line' id='line_1_114' title="bbox 1546 2911 1566 2941; baseline 0 0"><span class='ocrx_word' id='word_1_834' title='bbox 1546 2911 1566 2941; x_wconf 77' lang='lat'><strong>7</strong></span> 
     </span>
    </p>
   </div>
  </div>
