1919 3074
207 140 279 171 203‘

653 137 933 168 SUPPLEMENTUM
951 137 997 165 AD
1015 135 1177 166 ORIGENIS
1194 136 1400 166 EXEGETICA.

1790 138 1845 167 ΞΜ

207 201 302 230 dilexit
317 207 399 236 quam
414 199 524 227 lucem:
538 201 566 226 et
581 196 696 225 stultitia
712 198 910 234 sua'gaudens,
920 202 998 233 putat

1058 198 1080 224 τὸ
1093 198 1188 229 σκότος
1202 197 1219 233 ἢ
1235 197 1265 224 τὸ
1280 197 1353 232 φῶς·
1368 195 1572 232 ἡνέάφροσύνῃ
1588 195 1688 231 χαίρει,
1702 195 1791 223 οἴεται
1806 198 1845 233 μὴ

207 259 237 280 se
253 249 393 286 sapientiae
407 255 458 283 ope
475 254 527 274 non
544 246 676 282 indigere.

242 297 266 314 ⁸⁸
280 296 359 324 Sicut
377 301 449 330 aqua
467 293 589 320 viviﬁcat
612 293 729 328 plantas,
748 292 784 319 ita
802 291 921 319 hominis
936 290 995 318 vir-

207 344 310 372 tutibus
322 341 443 370 roborati
456 347 548 368 sermo
565 344 683 372 recreat,
699 345 781 374 atque
795 338 829 365 ad
847 338 930 364 Deum
945 345 994 365 ex-

208 389 278 416 tollit
293 395 340 416 eos
352 387 398 422 qui
412 386 472 414 ﬂeri
483 386 621 421 sapientes
634 385 739 412 volunt.
758 383 883 411 Fluvium
903 387 995 410 scatu-

208 435 321 462 rientcm
343 433 410 461 dicit
432 431 644 460 incnarrabiicm
658 430 807 465 gratiarum
832 428 994 463 sapientiam

207 478 370 506 sanctissimi
380 477 511 512 Spiritus,
523 482 672 512 perennem
681 474 840 510 sapientiam
852 473 996 509 tripliciter

207 524 336 560 fulgentis
345 523 436 552 unicae
452 522 605 550 Trinitatis.

242 571 266 588 "
278 570 330 605 Qui
348 569 486 605 propriam
501 568 602 596 diaboli
617 566 767 602 nequitiam
777 566 804 593 in
819 573 850 593 se
863 564 994 597 admittit,

207 623 233 645 et
245 625 278 645 ex
294 618 353 651 ejus
368 622 464 643 norma
482 615 538 649 agit
554 613 702 649 cogitando
727 617 754 640 et
779 609 994 642 sermocinando,

208 664 253 691 hic
267 662 384 690 miratur
405 660 479 696 impii
496 667 651 695 personam.
669 658 754 686 Porro
765 658 898 693 justitiam
913 658 940 684 in
952 657 996 691 ju-

207 709 291 741 dicio,
315 712 343 736 et
359 705 542 741 corporalium
566 705 683 738 ratione,
713 712 767 732 non
793 705 870 732 decet
895 711 911 730 a
937 703 996 730 viro

207 760 302 783 sancto
315 754 414 782 deseri.

242 801 266 817 "
292 800 378 828 Ferox
406 798 521 826 audacia
548 805 564 825 a
595 797 805 825 mansuetudine
833 796 997 824 ahstrahens

207 847 338 879 animam,
357 844 437 872 morti
451 843 545 871 tradit.

244 893 265 909 "
281 877 378 926 Pigros
394 890 427 918 ad
442 889 630 925 paenitentiam
648 895 703 917 non
725 888 774 916 Dei
786 888 997 921 timorimpellit,
1013 877 1034 904 Β

206 938 253 965 sed
270 938 433 966 darmonum,
445 937 491 969 qul
510 933 572 961 illos
586 933 620 960 ad
634 932 856 967 desperationem
870 932 994 959 incitant.

208 983 254 1011 Vel
272 983 353 1010 timor
371 981 476 1009 Domini
499 979 635 1008 abstrahit
659 986 708 1007 eos
733 979 769 1006 ab
794 978 893 1013 ignava
906 986 994 1010 mora,

207 1029 375 1063 suscitatque
397 1034 431 1054 ex
457 1025 526 1053 vitio
553 1024 587 1052 ad
614 1024 686 1052 bona
705 1031 786 1060 opera
803 1032 835 1051 ac
859 1024 996 1058 paeniten-

205 1076 283 1103 tiam.
309 1074 428 1102 Semivir
449 1077 491 1100 est
509 1073 582 1100 enim
608 1072 699 1099 animo
724 1076 751 1097 et
772 1077 897 1105 corpore,
915 1069 996 1096 homo

205 1122 355 1151 dissolutus
367 1125 394 1148 et
407 1119 507 1152 mollis,
521 1119 568 1154 qui
583 1125 671 1153 neque
686 1124 715 1144 se
729 1117 819 1151 ipsum
831 1116 930 1142 docere
946 1122 995 1141 va-

207 1169 254 1200 let,
270 1174 357 1202 neque
372 1166 406 1194 ah
421 1165 483 1193 aliis
495 1165 554 1192 vult
569 1163 684 1191 erudiri.
699 1162 747 1190 Vel
764 1160 874 1189 desides
890 1161 924 1188 ad
937 1160 994 1186 vir-

207 1219 290 1242 tutem
307 1214 388 1241 timor
404 1211 619 1247 impendentium
637 1209 770 1236 malorum
785 1207 912 1242 impellit,
929 1206 993 1240 quia
1007 1217 1010 1219 λ

206 1261 240 1286 de
251 1258 342 1286 futuro
357 1257 484 1284 ﬁduciam
504 1263 559 1284 non
575 1255 687 1282 habent.
713 1254 763 1282 Vir
782 1254 828 1288 qui
846 1252 939 1280 habitu
953 1255 996 1279 est

206 1305 319 1338 femina,
332 1304 465 1332 nutricem
484 1302 614 1329 virtutem
639 1308 692 1328 non
723 1298 844 1327 habebit.
867 1297 995 1325 Esurient

206 1352 309 1388 potius,
336 1358 398 1378 cum
422 1357 456 1378 ex
480 1349 594 1376 adverso
622 1353 736 1383 regnum
759 1345 940 1380 conspicieut,
965 1344 993 1371 in

208 1396 377 1426 cruciatibus
391 1394 553 1424 excruciati.

242 1488 265 1504 "
279 1485 391 1515 Divitias
409 1485 533 1513 scientiae
559 1483 681 1516 Domini,
698 1487 727 1510 et
748 1480 894 1509 ecaciam
909 1478 994 1506 Verbi

207 1534 393 1562 fortitudinem
409 1531 486 1559 dicit.
507 1530 578 1557 Deus
592 1529 666 1557 enim
680 1528 754 1556 solus
774 1527 827 1554 scit
843 1525 994 1561 praeterita,

207 1560 364 1614 praesentia,
389 1585 421 1606 ac
447 1576 549 1604 futura.
574 1574 635 1610 Ipse
655 1573 783 1609 praecepit
806 1560 920 1600 dicens:
938 1560 1030 1598 Fiatc

207 1627 273 1659 lux;
289 1632 410 1660 moxque
435 1623 545 1655 caelum,
571 1626 600 1650 et
621 1626 705 1653 terra,
721 1624 749 1647 et
766 1618 897 1654 quidquid
913 1617 939 1644 in
957 1616 996 1644 eis

206 1677 259 1704 est,
273 1679 307 1699 ex
325 1670 412 1698 nihilo
431 1669 465 1696 ad
487 1666 671 1696 exsistentiam
691 1664 805 1693 deducta
830 1666 903 1691 sunt.
933 1660 996 1689 Haec

208 1719 295 1753 ipsum
312 1716 455 1744 Dominum
481 1714 622 1748 Deumque
642 1719 704 1740 esse
724 1710 812 1739 solum
837 1708 995 1737 ostendunt.

208 1765 247 1792 Ad
262 1764 333 1792 hunc
346 1769 394 1798 per
408 1767 511 1789 rectam
527 1760 612 1787 vitam
626 1758 693 1793 justi
711 1761 871 1787 accurrunt.
887 1760 916 1783 et
930 1761 995 1781 con-

208 1808 383 1844 templatione
398 1806 570 1833 attolluntur.
588 1803 637 1832 Vel
654 1803 719 1838 quia
748 1809 782 1830 ex
796 1801 896 1829 creatis
913 1800 1009 1827 rebus-

207 1861 355 1889 earumque
369 1851 569 1888 magniﬁcentia
584 1851 656 1878 Deus
666 1849 838 1885 cognoscitur
852 1854 914 1875 esse
935 1853 996 1873 om-

208 1901 344 1935 nipotens.
672 1900 674 1902 '

243 1987 266 2003 "
285 1985 420 2015 Utendum
437 1988 478 2012 est
493 1983 544 2010 hoc
555 1981 628 2009 dicto
642 1981 774 2007 adversus
789 1978 848 2006 illos
876 1977 922 2013 qui
935 1984 996 2005 cum

208 2041 224 2061 a
245 2033 300 2061 Deo
314 2031 456 2060 scientiam
477 2036 530 2056 non
553 2026 719 2061 acceperint,
746 2025 814 2052 alias
838 2025 934 2051 docere
951 2030 997 2058 ag-

209 2079 380 2114 grediuntur.
399 2076 466 2103 Nam
483 2073 566 2102 David
584 2072 622 2099 ait
637 2081 643 2099 :
659 2070 692 2098 Ut
707 2071 818 2097 audiam
833 2078 920 2097 vocem
934 2069 994 2095 lau-

209 2126 250 2154 dis
263 2131 326 2157 mw,
342 2130 367 2150 et
381 2128 442 2149 tunc
455 2119 516 2147 aliis
529 2125 650 2146 enarrem
665 2116 801 2144 mirabilia
813 2121 860 2142 tua
875 2116 908 2143 ⁷⁸.
923 2114 997 2142 Salo-

211 2179 272 2199 It|0n
285 2175 394 2205 quoque
408 2166 493 2194 dicit:
512 2165 579 2198 Qua:
599 2162 717 2190 uiderunt
745 2162 814 2188 oculi
836 2161 885 2193 tui,
901 2161 943 2187 die
963 2159 996 2186 ".

210 2217 286 2244 Multi
310 2215 382 2243 enim
413 2211 534 2240 nondum
560 2209 671 2236 virtutis
692 2212 782 2242 coepto
809 2214 902 2239 cursuI
928 2205 996 2233 alios

211 2267 284 2290 recte
299 2267 380 2296 agere
394 2267 446 2286 non
463 2257 545 2285 modo
557 2256 715 2287 hortantur,
729 2261 824 2281 verum
842 2253 925 2280 etiam
949 2259 996 2279 co-

210 2312 276 2343 gunt
289 2311 317 2333 et
327 2308 473 2340 imperant.

247 2353 270 2368 ⁷⁸
288 2351 414 2380 Hominis
441 2349 550 2385 nomine
576 2355 648 2375 nunc
671 2347 739 2374 dicit
763 2346 859 2374 Deum.
875 2345 997 2380 Namque

211 2399 283 2427 illius
294 2398 322 2426 in
328 2397 430 2432 judicio
443 2396 561 2424 furorem
574 2394 640 2421 lenit
652 2393 715 2425 sibi,
725 2393 770 2427 qui
784 2391 918 2419 mandatis
926 2391 999 2426 ejus-

211 2447 272 2473 dem
289 2444 461 2478 obsequitur.
479 2441 525 2469 Sic
552 2440 582 2467 iit
596 2440 677 2467 etiam
696 2440 722 2466 in
744 2436 942 2465 materiaiibus.
966 2437 999 2463 Et

210 2491 283 2519 sicut
305 2490 437 2517 Dominus
464 2492 558 2516 noster
585 2487 717 2522 panthera
734 2485 834 2513 catulis
857 2484 923 2511 orba
938 2483 997 2510 fieri

210 2537 311 2565 dicitur
335 2540 431 2563 contra
451 2539 621 2569 peccatores,
635 2536 662 2559 et
677 2537 752 2567 petra
769 2529 891 2558 scandali
907 2529 997 2556 incre-

211 2583 294 2615 dulis,
309 2581 349 2610 sic
369 2580 551 2616 pusillanimis
573 2585 637 2614 erga
652 2581 807 2614 peccantes.
827 2575 873 2602 Vel
886 2574 998 2610 pusilla-

212 2630 312 2657 nimem
329 2628 394 2656 dicit
403 2635 451 2662 pro
466 2627 603 2660 improbo,
619 2630 646 2652 et
662 2631 710 2659 pro
724 2623 798 2650 oinni
814 2623 936 2650 dzeznone
950 2621 995 2655 qui

213 2684 227 2702 a
244 2675 343 2702 virtute
360 2674 531 2708 scientiaque
549 2671 693 2699 exciderit.

250 2865 274 2881 "
289 2871 317 2892 ν.
333 2864 360 2891 4.
401 2864 422 2880 ε’
438 2870 462 2889 v.
483 2862 510 2891 5.
549 2862 572 2878 ⁷⁰
586 2869 611 2889 v.
627 2861 655 2890 6.
694 2862 714 2877 ⁷⁵
735 2869 760 2888 ν.
778 2860 805 2887 8.
822 2859 843 2875 τ’
857 2858 942 2886 v.10.
980 2858 1003 2873 ⁷⁸
1017 2864 1043 2886 v.

1047 243 1141 280 χρείαν
1160 244 1232 279 ἐχειν
1250 244 1357 279 σοφίας.

1083 290 1189 326 Ὥσπερ
1208 290 1240 316 τὸ
1262 289 1335 325 ὕδωρ
1358 288 1488 323 ζωογονεῖ
1508 288 1544 315 τὰ
1567 288 1639 323 φυτὰ
1651 308 1660 320 ,
1678 287 1768 320 οὕτως
1785 289 1847 319 ταῖς

1046 335 1157 371 ἀρεταῖς
1165 335 1261 370 ἀνδρὸς
1271 334 1462 370 ἐστομωμένου
1473 333 1552 368 λόγος
1562 334 1705 370 ἀναψύχει,
1715 335 1764 360 καὶ
1775 334 1847 370 πρὸς

1046 381 1113 408 Θεὸν
1128 382 1224 416 τπεροῖ
1237 381 1300 412 τοὺς
1312 380 1454 412 ἐθέλοντας
1473 380 1648 415 σοφισθῗψαι·
1667 380 1794 416 ποταμὸν
1817 380 1846 407 δὶ

1046 427 1227 463 ἀναπηδῶντά
1241 435 1318 462 φησι,
1330 427 1379 462 τὴν
1394 427 1588 462 άνεκδιήγητον
1599 426 1653 453 τῶν
1665 427 1788 462 χαρίτων
1802 435 1849 454 σο-

1046 473 1111 508 φίαν
1125 474 1173 500 τοῦ
1185 474 1319 508 παναγίου
1337 473 1505 508 Πνεύματος,
1522 473 1572 509 τὴν
1585 473 1729 509 άείρρυτον
1745 472 1847 508 σοφίαν

1045 521 1095 556 τῆς
1108 520 1288 557 τρισσοφαοῦς
1300 520 1402 552 ἑνιαίας
1414 519 1555 555 Θεότητος.

1088 567 1117 594 '0
1133 567 1182 603 τὴν
1204 567 1381 602 ὑπάρχουσαν
1400 565 1440 601 τῷ
1459 565 1575 600 διαϐόλῳ
1590 565 1691 592 κακίαν
1708 565 1847 601 ἀποδεχό-

1048 620 1138 648 μενος.
1155 612 1201 639 καὶ
1217 613 1276 639 κατ’
1292 612 1377 648 αὐτὴν
1390 611 1512 647 ἐνεργῶν
1523 611 1625 647 θεωρίᾳ
1638 611 1686 638 καὶ
1701 611 1786 647 λόγῳ,
1800 606 1847 637 οὗ·

1046 667 1092 699 τος
1107 658 1242 694 θαυμάζει
1258 658 1289 685 τὸ
1315 658 1461 693 πρόσωπον
1478 657 1525 684 τοῦ
1543 657 1659 689 ἀσεϐοῦς
1670 666 1676 672 ·
1689 657 1720 684 τδ
1737 658 1846 684 δίκαιον

1046 705 1075 731 δὲ
1090 705 1119 731 ὲν
1134 705 1234 740 κρίσει,
1248 706 1277 732 ὲν
1293 703 1365 740 λόγῳ
1375 713 1404 731 τε
1418 704 1565 740 σωμάτων,
1577 704 1607 730 οὐ
1622 703 1704 731 καλὸν
1717 704 1845 732 ἐκκλῖναι

1046 760 1130 778 οσιαν.

1087 797 1121 824 Ἡ
1135 797 1280 834 θρασύτης,
1291 798 1345 825 ἀπὸ
1357 797 1405 824 τοῦ
1417 797 1506 833 πράου
1517 797 1670 834 χωρίζουσα
1681 798 1732 834 τὴν
1741 798 1845 834 ψυχὴν,

1047 841 1088 877 τῷ
1101 841 1208 878 Θανάτῳ
1221 842 1339 870 δίδωσιν.

1089 888 1170 923 Ὀκνη
1175 888 1238 923 ροὺς
1260 889 1300 919 είς
1311 888 1454 923 μετάνοιαν
1467 889 1616 916 καταῦαλεῖ
1625 888 1656 916 οὐ
1668 887 1752 923 φόϐος
1762 887 1846 919 Θεοῦ,

1046 932 1103 960 ἀλλ’
1122 934 1136 960 6
1159 933 1214 960 τῶν
1232 934 1385 970 δαιμόνων·
1417 935 1582 972 διεγείρουσι
1604 934 1659 970 γὰρ
1682 934 1782 965 αὐτοὺς
1803 935 1847 965 εἰς

1045 980 1201 1014 ἀπόγνωσιν
1210 988 1216 995 ⁸
1227 980 1245 1015 ἢ
1255 981 1269 1007 6
1282 979 1328 1006 τοῦ
1343 980 1446 1016 Κυρίου
1464 980 1569 1016 [φόϐος]
1580 1000 1588 1012 ,
1603 980 1729 1016 χωρίζων
1742 980 1845 1012 αὐτοὺς

1045 1025 1092 1052 τοῦ
1108 1025 1236 1062 ὀκνηροῦ,
1252 1027 1299 1053 καὶ
1313 1026 1453 1062 διεγείρων
1469 1027 1567 1058 αὐτοὺς
1581 1028 1614 1054 ὲκ
1628 1027 1678 1062 τῆς
1692 1027 1793 1059 κακίας
1807 1027 1844 1054 δι’

1046 1073 1134 1108 ἔργων
1157 1073 1267 1107 ἀγαθῶν
1287 1074 1328 1104 εἰς
1353 1073 1514 1108 μετάνοιανο
1538 1073 1703 1108 ἀνδρόγυνος
1729 1073 1758 1099 δέ
1783 1074 1843 1100 ἐστι

1047 1118 1136 1155 ψυχὴν
1149 1119 1195 1145 καὶ
1212 1118 1302 1154 σῶμα,
1317 1119 1331 1145 6
1345 1119 1544 1154 ἐκκεχυμένος,
1561 1120 1576 1146 6
1591 1119 1723 1154 μαλακὸς,
1740 1120 1754 1146 ό
1772 1119 1843 1155 μήτε

1045 1164 1180 1191 διδάσκειν
1189 1164 1338 1199 δυνάμενος
1351 1165 1458 1195 ἑαυτὸν,
1471 1166 1539 1200 μήτε
1556 1163 1702 1199 μανθάνειν
1711 1165 1776 1200 παρ’
1785 1165 1844 1192 ἑτέ-

1048 1219 1101 1246 ρων
1122 1209 1299 1245 βουλόμενος·
1319 1210 1337 1245 ἢ
1363 1211 1425 1242 τοὺς
1447 1209 1594 1240 ὀκνοῦντας
1616 1209 1685 1244 πρὸς
1710 1209 1813 1244 ἀρετὴν
1827 1210 1844 1236 ὸ

1045 1256 1099 1283 τῶν
1115 1256 1208 1283 κακῶν
1224 1256 1306 1290 φόὸος
1331 1255 1562 1291 προκαταὸάλλει,
1579 1255 1609 1282 τὸ
1628 1255 1842 1292 παραθαῤῥῦνον

1046 1302 1115 1339 πρὸς
1126 1302 1158 1329 τὸ
1173 1301 1269 1338 μέλλον
1285 1302 1335 1328 οὐκ
1349 1301 1474 1337 ἔχοντας·
1488 1301 1558 1336 ἀνὴρ
1573 1300 1600 1327 δὲ
1617 1301 1666 1336 τὴν
1681 1301 1842 1336 προαίρεσιν

1045 1347 1145 1383 θῆλυς,
1163 1347 1212 1382 οὺχ
1225 1346 1281 1379 ἕξει
1295 1347 1343 1383 τὴν
1367 1346 1520 1382 τρέφουσαν
1544 1347 1659 1381 ἀρετήν·
1682 1346 1843 1372 πεινάσουσι

1044 1393 1083 1426 δὲ,
1097 1394 1141 1420 ὅτε
1152 1393 1181 1426 ἐξ
1193 1393 1317 1425 ἐναντίας
1328 1392 1405 1419 ἴδωσι
1418 1392 1467 1428 τὴν
1478 1392 1626 1427 βασιλείαν,
1638 1392 1667 1419 ὲν
1681 1393 1715 1427 τῇ
1729 1391 1843 1427 βασάνῳ

1045 1438 1265 1475 βασανιζόμενοι.

1080 1484 1132 1511 Τὸν
1147 1484 1262 1511 πλοῦτον
1276 1483 1325 1519 τῆς
1339 1483 1465 1518 γνώσεως
1478 1483 1524 1510 τοῦ
1539 1483 1654 1520 Κυρίου,
1668 1483 1716 1510 καὶ
1726 1482 1757 1511 τὸ
1767 1484 1843 1519 Eup-

1045 1531 1157 1567 γητικὺν
1177 1530 1224 1557 τοῦ
1239 1530 1345 1564 Λόγου,
1365 1530 1441 1566 ἰσχύν
1465 1539 1564 1566 φησιν·
1585 1530 1666 1562 αὐτὸς
1682 1531 1738 1566 γὰρ
1760 1529 1843 1565 μόνος

1047 1577 1176 1613 γινώσκει
1189 1577 1224 1604 τὰ
1240 1577 1336 1613 πρῴην
1349 1598 1356 1610 ,
1373 1577 1420 1604 καὶ
1435 1577 1470 1604 τὰ
1484 1577 1619 1604 ἐνεστῶτα
1632 1597 1640 1609 ,
1661 1577 1709 1604 καὶ
1724 1576 1759 1604 τά
1775 1576 1843 1612 μέλι-

1047 1625 1127 1652 λοντα
1137 1633 1144 1640 ο
1159 1625 1239 1656 αὐτὸς
1261 1625 1307 1651 καὶ
1327 1623 1478 1650 ἐνετείλατο
1492 1623 1586 1655 εἰπὼν,
1604 1623 1747 1659 γενηθήτω
1762 1623 1821 1658 φῶς
1832 1631 1841 1638 ·

1046 1671 1171 1707 οὐρανὸς,
1185 1671 1233 1698 καὶ
1247 1671 1294 1706 γῆ,
1313 1669 1360 1696 καὶ
1375 1669 1410 1696 τὰ
1424 1670 1454 1696 ὲν
1474 1670 1576 1702 αὐτοῖς,
1592 1669 1622 1701 ἐξ
1636 1670 1686 1696 οὐκ
1700 1669 1786 1696 ὄντων
1801 1670 1842 1701 είς

1046 1718 1078 1744 τὸ
1090 1715 1158 1744 εἶναι
1169 1717 1349 1752 παρήχθησαν
1358 1725 1365 1732 ·
1381 1717 1451 1744 αὑτὰ
1462 1717 1491 1743 δὲ
1504 1716 1640 1743 δείκνυσιν
1649 1716 1730 1742 αὐτὸν
1738 1715 1844 1751 Κύριον

1047 1764 1094 1791 καὶ
1110 1763 1176 1790 Θεὸν
1195 1764 1273 1799 μόνον
1299 1761 1384 1790 εἶναι’
1401 1764 1447 1790 καὶ
1467 1763 1511 1790 διὰ
1538 1763 1587 1798 μὲν
1608 1762 1655 1789 τοῦ
1680 1761 1761 1799 όρθοῦ
1780 1760 1842 1797 βίου

1047 1810 1258 1846 προστρέχουσιν
1281 1809 1356 1845 αὑτῷ
1378 1810 1403 1836 οἱ
1423 1809 1538 1841 δίκαιοι,
1551 1809 1594 1836 διὰ
1609 1809 1638 1835 δὲ
1655 1809 1705 1844 τῆς
1723 1808 1843 1844 θεωρίας

1047 1855 1191 1891 ὑψοῦνται·
1215 1855 1232 1890 ἢ
1256 1855 1297 1881 ὅτι
1321 1856 1353 1882 ἐκ
1375 1855 1430 1881 τῶν
1452 1855 1625 1890 κτισμάτων,
1648 1854 1665 1888 ἤ
1690 1853 1739 1889 τῆς
1755 1861 1843 1888 μεγα-

1047 1903 1161 1938 λοσὺνης
1179 1902 1285 1935 αὐτῶν,
1305 1901 1422 1938 φανερόν
1439 1902 1512 1928 ἐστιν
1531 1901 1572 1928 ὃτι
1591 1901 1605 1926 6
1621 1899 1688 1931 Θεὸς
1707 1899 1842 1926 παντοδύο

1047 1958 1142 1985 ναμος.

1082 1995 1221 2031 Χρηστέον
1236 1994 1322 2030 τούτῳ
1336 1994 1375 2029 τῷ
1391 1993 1465 2030 ῥητῷ
1490 1993 1558 2029 πρὸς
1570 1993 1633 2024 τοὺς
1646 1991 1683 2027 μὴ
1705 1991 1841 2023 λαϐόντας

1049 2042 1098 2077 μὲν
1111 2041 1211 2076 γνῶσιν
1225 2041 1302 2077 παρὰ
1319 2039 1387 2066 Θεοῦ
1399 2059 1406 2072 ,
1419 2039 1553 2066 διδάσκειν
1578 2038 1606 2064 δὲ
1625 2038 1720 2069 ἄλλους
1736 2037 1843 2073 ἐπιχει-

1048 2087 1161 2124 ροῦντας
1172 2095 1180 2103 ο
1197 2087 1211 2113 6
1225 2086 1280 2122 γὰρ
1296 2086 1378 2113 Δαυῖδ
1393 2094 1459 2121 φησι
1469 2092 1475 2100 ·
1494 2084 1550 2112 Τοῦ
1565 2084 1694 2111 ἀκοῦσαι
1705 2084 1763 2118 μὲν

1046 2131 1104 2166 νῆς
1115 2130 1258 2164 σινέσεώς
1273 2139 1332 2158 σου
1343 2150 1351 2163 ,
1365 2130 1417 2157 καὶ
1434 2130 1501 2157 τότε
1517 2129 1718 2164 διηγήσασθαι
1732 2128 1843 2161 ἄλλοις

1047 2177 1084 2204 τὰ
1098 2176 1249 2211 θαυμάσιά
1261 2183 1318 2203 σου
1326 2184 1332 2191 ⁸
1351 2176 1398 2202 καὶ
1410 2176 1424 2201 6
1434 2174 1559 2209 Σολομῶν
1571 2181 1637 2209 φησι
1649 2182 1656 2188 ·
1676 2174 1705 2200 Ἃ
1719 2170 1803 2199 εἶδον
1815 2174 1845 2199 οἱ

1012 2238 1034 2266 D
1049 2223 1197 2257 ὀφθαλμοί
1215 2229 1290 2255 σου,
1311 2221 1396 2256 leg-8'
1414 2221 1506 2248 πολλοὶ
1527 2220 1581 2256 γὰρ
1602 2220 1650 2246 καὶ
1674 2219 1776 2256 ἀρετῆς
1803 2218 1844 2254 μὴ

1049 2268 1246 2304 ἀπαρξάμενοι,
1258 2268 1353 2300 ἄλλους
1365 2267 1535 2302 κατορθῶσαι
1549 2266 1580 2293 οὺ
1597 2266 1678 2301 μόνον
1693 2264 1845 2300 παραινοῦ-

1052 2322 1104 2346 σιν,
1121 2313 1190 2340 am
1203 2315 1250 2341 καὶ
1267 2314 1406 2349 βιάζονται
1420 2314 1467 2340 καὶ
1482 2311 1727 2348 παρακελεύουσιν.

1088 2360 1187 2396 Ἀνδρα
1201 2359 1317 2386 ἐνταῦθα
1331 2360 1376 2386 τὸν
1387 2359 1452 2385 Θεόν
1464 2367 1529 2394 φησι
1542 2367 1549 2374 ·
1566 2358 1611 2384 τὸν
1624 2357 1678 2394 γὰρ
1693 2357 1780 2392 θυμὸν
1794 2356 1846 2383 αὖ·

1051 2407 1097 2434 τοῦ
1113 2407 1160 2434 τὸν
1173 2408 1202 2433 ὲν
1217 2408 1249 2442 τῇ
1265 2405 1351 2442 κρίσει
1367 2405 1552 2441 καταπραΰνει
1562 2405 1604 2439 ἐφ’
1617 2403 1724 2432 ἑαυτὸν,
1734 2403 1748 2428 6
1761 2402 1847 2438 θερα-

1053 2453 1156 2485 πεύσας
1177 2453 1257 2479 αὑτὸν
1282 2454 1310 2479 ὲν
1326 2453 1386 2484 ταῖς
1403 2451 1523 2483 ὲντολαῖς
1549 2449 1630 2477 αὑτοῦ
1641 2458 1648 2465 ’
1667 2449 1801 2480 ὡσαύτως
1816 2449 1847 2475 δὲ

1051 2499 1098 2525 καὶ
1110 2499 1155 2525 ἐπὶ
1168 2498 1221 2525 τῶν
1235 2497 1372 2533 αἰσθητῶν
1381 2506 1387 2513 ·
1402 2498 1495 2533 ὥσπερ
1506 2496 1534 2523 δὲ
1545 2498 1559 2523 6
1569 2496 1670 2532 Κύριος
1681 2495 1761 2530 ἡμῶν
1772 2494 1847 2529 πάρ-

1048 2546 1124 2577 δαλις
1138 2545 1310 2581 ἀπορουμένη
1326 2544 1434 2578 λέγεται
1449 2543 1572 2578 γίνεσθαι
1590 2542 1658 2578 πρὸς
1673 2543 1736 2573 τοὺς
1751 2541 1846 2576 πλημ-

1050 2591 1214 2628 μελοῦντας,
1238 2592 1285 2618 καὶ
1308 2591 1396 2625 πέτρα
1422 2589 1570 2616 σκανδάλου
1598 2588 1667 2625 πρὸς
1694 2588 1759 2619 τοὺς
1779 2588 1847 2614 ἀπι-

1049 2638 1196 2669 στοῦντας,
1219 2637 1289 2663 οὕτω
1310 2637 1358 2663 καὶ
1380 2635 1538 2670 ὁλιγόψυχος
1559 2635 1605 2661 ἐπὶ
1637 2635 1693 2665 τοῖς
1715 2632 1846 2668 ἁμαρτά·

1050 2693 1137 2711 νουσι·
1154 2684 1262 2710 δύναται
1275 2683 1303 2709 δὲ
1317 2682 1475 2716 όλιγάψυχον
1487 2681 1576 2715 λέγειν
1589 2680 1635 2706 καὶ
1648 2679 1694 2706 τὸν
1711 2678 1844 2714 πονηρὸν.

1051 2732 1097 2757 καὶ
1120 2731 1208 2757 πάντα
1230 2729 1342 2765 δαίμονα
1363 2728 1464 2764 ἀρετῆς
1485 2725 1681 2754 ἐκπεπτωκότα
1703 2725 1752 2752 καὶ
1773 2723 1846 2758 γνιίμ

1052 2786 1132 2809 σεως.

1045 2857 1103 2884 ⁸13.
1143 2856 1166 2872 ⁷³
1178 2855 1249 2882 Psal.
1269 2862 1332 2888 an,
1347 2854 1374 2881 7.
1411 2853 1434 2870 "
1455 2851 1534 2879 Prov.
1551 2858 1614 2884 xxv,
1630 2853 1657 2881 8.
1697 2849 1721 2864 ⁷⁶
1737 2856 1764 2876 v.
1781 2848 1827 2875 ta.
