1919 3074
88 127 135 155 2H5
144 137 153 146 ‘—

688 131 872 160 EXPOSITIO
890 131 923 158 ΙΝ
942 131 1150 160 PROVERBIA.

1680 133 1734 162 206

119 186 170 214 Τὸν
185 187 249 223 βίον
264 189 317 216 τδν
338 189 421 226 ὀρθὸν
439 190 527 218 τοίνυν
551 188 628 217 εἶπεν
649 190 719 226 δόμα
735 190 880 226 ἀνθρώπου

978 192 1132 220 "Rectam
1158 191 1250 227 itaque
1273 190 1357 219 vitam
1384 191 1451 219 dicit
1476 192 1597 220 hominis
1621 192 1735 226 donum,

92 236 159 266 am;
178 234 266 261 αὐτὸν
290 235 424 264 πλατύνει
444 237 492 263 καὶ
514 236 628 272 παρέχει
644 236 690 263 τοῦ
708 237 893 273 πληρώματος

92 281 161 313 ἄξιον
183 280 232 307 τοῦ
251 281 322 308 Θεοῦ
334 290 341 297 ·
358 283 428 318 ὅπερ
441 283 578 318 καθέδραν
592 283 731 310 δυναστῶν
751 283 890 319 ὀνομάζει.

93 328 173 362 ἠγουν
192 326 250 353 τῶν
270 327 359 362 ἁγίων
377 327 520 363 δυνάμεων
530 336 536 344 ·
552 328 599 355 νοῦ
613 328 669 364 γὰρ
681 328 802 365 καθέδρα
818 329 892 356 ἐστὶν

93 372 148 405 ἕξις
160 372 263 408 ἀρίστη
275 393 283 406 ,
298 373 458 409 δυσκίνητον
478 373 494 408 ἦ
514 373 643 409 ἀκίνητον
662 373 829 410 διατηροῦσα
846 374 892 402 τὸν

91 418 290 454 καθεζόμενον.

127 465 243 493 Ἀνοιαν
263 465 346 493 παύει
366 466 483 500 γνῶσις·
499 466 570 502 αὕτη
593 466 647 502 γάρ
669 467 743 493 ἐστιν
755 468 769 494 ὁ
791 466 892 503 κλῆρος

87 512 139 547 τῆς
151 512 265 546 φύσεως
278 512 330 548 τῆς
344 513 458 548 λογικῆς
467 522 473 528 ·
489 513 537 540 καὶ
553 514 582 540 ἐν
594 513 739 546 δυνάσταις
748 514 834 550 ὁρίζει
851 514 893 548 γί-

87 558 186 585 νεσθαί
202 567 240 591 τι,
262 559 311 586 καὶ
327 559 449 586 ποιοῦσν
466 559 506 594 τῷ
519 559 574 596 γὰρ
588 560 688 595 γνῶσιν
700 560 789 596 ἔχοντι
805 561 890 593 θείαν,

87 606 232 632 κλίνονται
247 606 348 638 πάντες
361 614 367 619 ·
384 606 401 641 ἢ
415 605 570 641 ἀντιλογίας
586 606 704 634 ἐνταῦθα
718 607 780 639 τοὺς
793 608 825 634 ὲκ
838 607 892 635 τῶν

86 651 231 687 δαιμόνων
253 652 315 679 καθ’
334 651 412 687 ἡμῶν
429 653 621 688 ἐγειρομένους
647 653 793 689 λογισμούς
813 663 890 690 φησι,

84 698 153 730 τοὺς
163 699 200 733 τῇ
214 698 300 734 ἀρετῇ
312 698 485 730 ἀντιπάλους,
494 699 542 725 καὶ
551 698 598 725 τοῦ
610 698 677 726 Θεοῦ
690 700 806 736 χωρίσαι
819 701 892 736 ἡμᾶς

87 743 262 776 σπεύδοντας
272 752 278 758 ·
296 744 377 771 παύει
400 744 429 771 δὲ
449 744 551 777 ταύτας
572 746 620 780 ἀφ’
635 745 713 781 ἡμῶν
730 747 744 772 ὁ
760 747 809 782 τῆς
822 746 893 781 γνώ-

86 799 162 822 σεως
171 790 287 826 κλῆρος,
299 791 346 818 καὶ
360 791 424 824 τοὺς
436 792 570 824 δυνάστας
584 793 714 828 δαίμονας
727 793 813 829 ὁρίζει
828 795 893 822 ἁνα-

85 838 210 872 χωρεῐν,
225 837 264 868 ὡς
284 837 493 873 κεκληρωμένος
510 838 549 874 τῷ
565 838 639 874 Θεῷ,
658 839 688 873 ἐξ
702 839 784 867 αὐτοῦ
798 849 828 868 τε
845 841 892 868 καὶ

85 882 183 909 ἄλλων
195 882 235 915 ὡς
252 882 328 910 Θείαν
344 883 447 918 γνῶσιν
461 884 542 920 ἔχων.

127 975 170 1001 Ἢ
183 975 234 1010 τὴν
245 974 333 1010 ψυχὴν
350 975 441 1010 λέγει,
458 975 531 1011 ζωῆς
554 976 600 1002 καὶ
616 975 732 1003 θανάτου
751 977 890 1012 δεκτικὴν,

87 1021 139 1055 ἀφ’
152 1018 192 1047 ὧν
211 1021 242 1047 τὸ
257 1021 431 1054 αὐτεξούσιον
450 1021 584 1048 δείκνυται
598 1021 652 1048 τῶν
672 1022 720 1049 νῦν
732 1031 763 1048 τε
776 1023 824 1049 καὶ
836 1023 891 1049 τῶν

90 1067 250 1102 μελλόντων
265 1068 328 1099 τοὺς
341 1068 464 1103 καρποὺς
485 1068 570 1104 αὐτῆς
591 1067 744 1096 ἀπολαῦσαι
758 1068 849 1095 καλῶν
861 1077 891 1096 τε

89 1112 108 1147 ἢ
123 1113 233 1139 κακῶν.

128 1159 180 1190 ⁸ος
191 1156 256 1194 εὗρε
271 1159 370 1194 σοφίαν
378 1159 497 1194 ἀγαθὴν,
515 1155 579 1192 εὗρε
591 1159 705 1195 χάριτας
716 1158 786 1186 Θεοῦ
796 1167 803 1174 ·
814 1175 848 1179 -
862 1159 890 1185 Ὀ

90 1204 219 1239 κατέχων
242 1205 342 1232 κακίαν
352 1225 360 1237 ,
373 1205 468 1240 ἄφρων
484 1205 532 1232 καὶ
548 1205 667 1240 ἀσεϐὴς,
686 1205 724 1237 ὼς
742 1205 891 1241 ὲφευρετὴς

91 1250 182 1286 αὐτῆς
193 1251 330 1284 διάϐολος.

946 242 1077 273 quantum
1103 236 1219 272 quisque
1241 237 1268 264 id
1294 237 1420 272 ampliat,
1436 242 1464 265 et
1480 245 1541 265 cum
1567 238 1737 273 plenitudine

946 284 1026 312 otl'ert
1058 284 1140 319 digna
1159 283 1232 311 Deo:
1254 283 1334 319 idque
1353 284 1436 311 etiam
1465 284 1622 312 cathedram
1649 286 1737 321 dyna-

946 335 1050 358 starnm
1062 329 1195 361 nominat,
1205 329 1231 356 id
1245 334 1286 356 est
1301 334 1457 357 sanctarum
1476 335 1651 364 potestatum.
1666 330 1737 358 Men-

947 377 982 404 tis
994 376 1067 404 enim
1080 375 1210 404 cathedra
1227 380 1281 409 est,
1295 376 1399 410 optima
1424 376 1595 403 consuetudo
1609 384 1670 412 quae
1690 377 1737 404 ﬂr-

946 431 1020 450 mum
1037 423 1257 457 immobilemque
1273 427 1346 451 tenet
1361 422 1499 450 sedentem
1516 423 1542 449 in
1564 422 1620 449 illa.

982 468 1005 484 "
1026 467 1179 496 Amentiam
1191 467 1341 502 exstinguit
1366 466 1504 499 scientia;
1525 465 1583 494 haec
1601 466 1672 493 enim
1688 470 1730 493 est

946 514 1087 542 rationalis
1105 518 1210 542 natura:
1227 513 1285 540 dos.
1306 512 1368 547 Ipsa
1391 511 1513 548 dynastis
1533 519 1642 547 quoque
1668 511 1735 539 deti;

946 562 987 589 nit
998 561 1063 596 quid
1083 565 1186 596 agant;
1204 564 1230 587 et
1245 559 1272 587 lii
1290 559 1404 587 faciunt.
1421 558 1487 586 Nam
1507 559 1530 586 ei
1547 558 1593 593 qui
1610 558 1730 585 divinam

945 607 1086 635 scientiam
1100 607 1192 640 habet,
1209 607 1301 634 cuncti
1317 606 1516 640 obsequuntur.
1530 604 1578 632 Vel
1595 602 1733 632 contradiJ

945 654 1050 681 ctiones
1067 654 1119 681 hoc
1137 653 1196 680 loco
1223 652 1290 680 dicit
1316 652 1468 680 concitatas
1490 651 1625 679 adversus
1644 659 1695 678 nos
1718 659 1733 677 a

947 698 1116 727 daemonibus
1128 697 1320 732 cogitationes,
1335 697 1446 724 virtutis
1470 696 1608 728 inimlcas,
1631 703 1736 732 nosque

946 753 960 771 a
978 744 1033 772 Deo
1045 751 1174 779 separare
1187 748 1353 778 satageutes.
1378 743 1432 770 [ias
1450 749 1516 770 vero
1537 742 1565 770 in
1583 742 1665 770 nobis
1689 749 1737 770 ex-

945 789 1061 826 stinguit
1075 789 1195 817 scientia:
1209 789 1269 821 dos,
1294 789 1476 824 dynastasque
1491 788 1627 816 damones
1643 787 1736 822 fugere

943 835 1019 870 jubet
1034 843 1043 867 ;
1064 839 1192 870 tanquam
1206 834 1261 862 Deo
1275 834 1377 862 addicti
1392 835 1488 867 simus,
1512 833 1547 860 ab
1569 841 1656 869 eoque
1667 833 1736 860 alia-

908 884 929 912 Β
946 889 1004 908 rum
1021 888 1129 916 quoque
1145 887 1236 908 rerum
1250 879 1397 908 scientiam
1412 880 1489 915 quasi
1502 879 1620 907 divinam
1634 880 1735 908 habea-

943 934 1012 954 mus.

983 973 1006 988 "'
1021 971 1069 1000 Vel
1085 973 1202 1000 animam
1222 972 1300 1005 dicit,
1322 972 1387 1000 vita:
1408 971 1560 1007 mortisque
1587 979 1729 1007 capacem,

942 1019 1013 1046 unde
1025 1019 1143 1047 liberum
1157 1018 1217 1054 ejus
1242 1017 1387 1045 arbitrium
1415 1021 1593 1049 monstratur.
1617 1018 1650 1045 ad
1668 1024 1731 1045 car-

942 1064 1045 1100 pendos
1071 1069 1127 1091 tum
1154 1064 1298 1099 praesentis
1320 1067 1375 1090 lum
1403 1062 1488 1090 futuri
1509 1067 1597 1091 status
1613 1063 1731 1095 fructus,

944 1112 1078 1138 bonorum
1094 1110 1201 1137 scilicet
1212 1110 1253 1137 vel
1271 1110 1404 1138 malorum
1420 1116 1543 1145 operum.

979 1155 1001 1171 ⁸ο
1018 1155 1068 1188 Qui
1083 1155 1244 1190 sapientiam
1257 1155 1357 1183 bonam
1372 1155 1487 1189 invenit,
1504 1156 1606 1191 gratias
1625 1155 1672 1184 Dei
1690 1155 1733 1183 in-

944 1203 1029 1231 venit.
1043 1217 1078 1223 —
1094 1202 1145 1236 Qui
1163 1203 1312 1238 nequitiam
1329 1203 1438 1236 retinet,
1452 1211 1571 1235 vesanus
1587 1210 1630 1233 est
1644 1208 1671 1232 et
1681 1205 1732 1233 im-

945 1250 1017 1284 pius,
1034 1254 1064 1277 ut
1079 1249 1205 1278 inventor
1221 1249 1296 1278 illius
1315 1249 1452 1278 diabolus.

830 1300 908 1328 CAP.
928 1298 1001 1326 XIX.

128 1345 250 1378 Πλοῦτος
262 1346 390 1380 γνώσεως
406 1348 453 1374 καὶ
465 1348 561 1382 σοφίας
574 1349 751 1385 προστίθησιν
763 1350 828 1385 ἡμῖν
841 1349 890 1383 ἀγ-

92 1390 189 1424 τθιους
202 1390 318 1422 πολλούς
327 1399 334 1406 ·
350 1392 365 1418 ὁ
378 1391 406 1418 δὲ
416 1392 580 1428 ἀκάθαρτος,
594 1394 623 1420 ὃν
640 1394 743 1430 πένητά
757 1403 833 1431 φησι,
844 1395 890 1421 καὶ

92 1435 147 1462 ἀπὸ
159 1435 207 1462 τοῦ
220 1435 343 1468 δοθέντος
359 1436 432 1472 αὐτῷ
447 1438 480 1464 ἐκ
495 1439 590 1471 παιδὸς
603 1439 720 1474 ἀγγέλου
732 1440 888 1476 χωρίζεται·

92 1482 110 1517 ὴ
131 1481 188 1518 γὰρ
211 1483 384 1518 πνευματικὴ
409 1483 502 1518 φιλία,
526 1484 609 1521 ἁρετή
639 1487 696 1512 ἐστι
723 1487 770 1512 καὶ
791 1486 891 1520 γνῶσις

92 1528 173 1562 θεοῦ,
184 1529 220 1555 δι’
233 1526 272 1557 ὧν
287 1530 478 1566 συναπτόμεθα
489 1531 557 1567 πρὸς
570 1532 660 1566 φιλίαν
671 1534 731 1564 ταῖς
743 1533 836 1567 ἁγίαις
850 1533 887 1560 δυ-

979 1346 1002 1362 ⁸¹
1019 1346 1124 1374 Divitiae
1150 1347 1272 1375 scientia
1298 1355 1329 1375 ac
1357 1346 1498 1382 sapientia:
1523 1346 1627 1375 addunt
1655 1347 1732 1374 nobis

943 1392 1053 1429 angelos
1070 1393 1235 1428 complures.
1249 1394 1284 1421 At
1304 1394 1439 1430 impurus,
1455 1402 1535 1429 quem
1556 1399 1651 1422 auctor
1665 1402 1732 1430 pan-

944 1446 1037 1475 perem
1050 1439 1184 1473 nominat,
1200 1439 1282 1467 etiatn
1298 1440 1362 1468 dato
1379 1440 1430 1468 sibi
1446 1448 1479 1468 ex
1497 1441 1614 1476 pueritia
1635 1441 1732 1476 angelo

943 1486 1076 1521 privatur.
1100 1485 1167 1513 Nam
1192 1486 1326 1521 spiritalis
1352 1487 1484 1519 amicitia,
1513 1487 1602 1515 virtus
1629 1491 1672 1515 est
1699 1495 1731 1515 ac

943 1533 1070 1566 scientia,
1081 1540 1097 1561 ι
1109 1533 1207 1568 quibus
1221 1533 1311 1560 amice
1328 1533 1488 1568 copulamur
1503 1541 1566 1561 cuin
1587 1533 1731 1568 potestati-

92 1573 208 1604 νάμεσιν
219 1582 226 1589 ·
258 1574 315 1609 εῐγε
329 1575 352 1601 οἱ
368 1575 559 1610 μετανοοῦντες
576 1576 725 1613 ἄνθρωποι,
743 1578 830 1613 χαρᾶς
846 1578 882 1604 αἴ·

947 1581 992 1607 bns
1017 1580 1119 1608 sanctis
1139 1589 1146 1607 :
1170 1580 1390 1615 quandoquidem
1414 1580 1576 1614 pmnitentes
1606 1580 1732 1608 homines

92 1629 143 1646 τιοι
159 1621 281 1655 γίνονται
296 1622 352 1653 τοῖς
366 1622 505 1656 ἁγγέλοις’
519 1622 591 1649 οὕτω
603 1623 650 1650 καὶ
665 1624 679 1650 ὁ
691 1623 786 1659 Σωτὴρ
797 1624 890 1658 φίλους

92 1667 182 1695 καλεῖ.
193 1667 257 1699 τοὺς
269 1667 378 1700 δούλους
393 1668 467 1701 ποτὲ,
480 1668 529 1704 τῆς
543 1668 665 1704 μείζονος
676 1670 760 1696 αὐτοῦ
775 1669 890 1705 θεωρίας

93 1712 269 1745 καταξιώσας
277 1721 284 1728 ·
299 1713 371 1740 οὕτω
386 1715 432 1740 καὶ
448 1714 572 1750 Ἀΰραὰμ
583 1715 730 1748 πλουτίσας
739 1717 768 1742 ἐν
779 1716 888 1750 γνώσει,

91 1758 140 1794 τὴν
156 1758 293 1795 μυστικὴν
302 1759 411 1795 ἐκείνην
423 1760 589 1796 παρατίθησι
600 1761 739 1797 τράπεζαν
749 1763 805 1794 τοῖς
820 1761 890 1788 κατὰ

91 1805 140 1840 τὴν
157 1805 333 1842 μεσημβρίαν
355 1807 462 1841 φανεῖσι
477 1806 566 1841 φίλοις
584 1807 679 1834 αὑτοῦ·
694 1808 780 1835 Σαοὺλ
799 1808 828 1834 δὲ
842 1809 889 1835 καὶ

91 1851 145 1878 ἀπὸ
159 1851 206 1878 τοῦ
218 1852 389 1888 ὑπάρχοντος
404 1853 480 1888 φίλου
496 1853 540 1881 διὰ
554 1855 604 1891 τὴν
618 1854 717 1882 κακίαν
731 1855 894 1891 χωρίζεταικ

91 1899 248 1934 γέγραπται
272 1899 345 1934 γάρ·
363 1900 419 1927 Καὶ
434 1900 551 1934 ἀπέστη
569 1901 688 1936 πνεῦμα
705 1902 816 1936 Κυρίου
829 1902 889 1932 ἀπὸ

91 1945 202 1971 Σαούλ·
221 1944 272 1971 καί
285 1945 403 1980 πνεῦμα
420 1946 553 1980 πονηρὸν
568 1947 649 1982 παρὰ
661 1947 774 1981 Κυρίου
786 1948 890 1983 Ean-ire

90 1990 144 2016 τὸν
155 1991 259 2018 Σαούλ
268 1999 275 2005 ·
293 1992 342 2018 καὶ
353 1990 462 2027 πνεῦμα
476 1993 579 2028 Κυρίου
595 1993 680 2028 λέγων
692 1993 739 2020 τὸν
753 1993 867 2028 ἄγγελον
880 2003 886 2009 ’

95 2035 126 2061 ’0
144 2036 252 2068 ποιῶν,
269 2036 335 2072 γὰρ.
348 2037 431 2072 φησὶ,
446 2038 517 2071 τοὺς
526 2038 674 2073 ἀγγέλους
686 2039 780 2066 αὐτοῦ
796 2040 888 2066 πνεύ-

89 2088 167 2113 ματα
177 2100 185 2112 ,
203 2080 254 2107 καὶ
271 2080 343 2114 τοὺς
364 2083 556 2118 λειτουργοὺς
569 2083 663 2110 αὑτοῦ
679 2083 740 2118 πῦρ
755 2083 869 2119 φλέγον
879 2093 886 2100 ”

92 2126 127 2153 i9.-
146 2126 188 2152 érzt
196 2125 226 2152 δὲ
236 2125 347 2160 ἄγγελοι
355 2127 416 2159 τοὺς
425 2127 584 2163 ἀνθρώπους
592 2129 834 2164 ὲμπεπίστευνται,
847 2129 887 2156 δι-

90 2171 184 2198 δάσκει
200 2173 230 2198 ἐν
246 2173 303 2204 τοῖς
318 2173 494 2207 Εὐαγγελίοις
503 2175 518 2202 ὀ
527 2174 629 2211 Κύριος
639 2195 646 2207 ,
666 2174 778 2209 Ὁρᾶτε,
788 2175 886 2210 λέγων,

941 1626 1032 1661 gaudii
1058 1634 1140 1654 causa
1168 1627 1240 1654 ﬁunt
1262 1627 1377 1662 angelis.
1405 1626 1451 1655 Sic
1483 1627 1566 1654 etiam
1596 1626 1730 1655 Dominus

941 1673 1044 1701 amicos
1056 1678 1145 1706 vocat,
1163 1673 1209 1709 qni
1224 1678 1305 1701 antea
1319 1673 1392 1701 servi
1405 1678 1497 1706 erant,
1516 1673 1619 1708 majore
1631 1674 1673 1701 sui
1688 1681 1732 1700 co-

941 1719 1062 1754 gnitione
1084 1720 1211 1755 dignans.
1239 1720 1286 1748 Sic
1312 1721 1376 1748 item
1411 1721 1585 1748 Abrahamus
1615 1720 1729 1748 scicntia

942 1766 1095 1800 abundans,
1116 1767 1260 1801 mysticam
1277 1766 1351 1793 illam
1366 1767 1478 1800 apponit
1494 1774 1616 1794 mensam
1644 1774 1728 1802 appa-

940 1812 1064 1840 rentibus
1087 1812 1138 1840 sub
1153 1812 1295 1839 meridiem
1321 1812 1419 1839 amicis
1445 1812 1511 1838 suis.
1538 1811 1604 1839 Saul
1633 1817 1728 1839 contra

940 1859 975 1886 ab
997 1858 1148 1886 inhaerente
1167 1857 1220 1885 sibi
1243 1858 1332 1886 amico
1356 1859 1392 1886 ob
1415 1859 1564 1893 nequitiam
1588 1858 1729 1886 dividitur.

940 1905 1076 1940 Scriptum
1091 1909 1133 1933 est
1147 1905 1220 1932 enim
1243 1914 1250 1932 :
1277 1905 1313 1933 Et
1327 1905 1446 1932 discessit
1456 1905 1566 1940 spiritus
1586 1904 1694 1932 Domini
1712 1913 1730 1931 α

941 1951 1041 1983 8ηᾶ1ε;
1064 1956 1088 1978 et
1102 1951 1212 1986 spiritus
1233 1951 1320 1979 malus
1345 1960 1362 1978 α
1386 1952 1498 1979 Domino
1520 1951 1628 1979 Sat'dem
1641 1952 1728 1986 suffa-

939 1997 1016 2025 cabat
1036 1998 1069 2026 ³³.
1086 1998 1120 2025 Et
1135 1998 1261 2033 spiritum
1282 1998 1388 2026 Domini
1408 1998 1503 2026 dicens
1523 1998 1662 2033 angelum,
1676 1998 1728 2029 Qui

939 2044 1016 2078 facil,
1037 2044 1086 2078 ait,
1113 2044 1221 2080 angelos
1248 2053 1310 2072 suos
1328 2046 1449 2080 spiritus,
1470 2049 1496 2072 et
1517 2045 1651 2072 ministros
1665 2053 1728 2072 suos

939 2092 1027 2126 ignem
1051 2095 1171 2118 urentem
1190 2091 1224 2118 ⁸³.
1244 2090 1304 2119 Jam
1320 2091 1393 2127 quod
1408 2091 1513 2126 angelis
1529 2091 1652 2119 homines
1673 2091 1729 2120 sint

939 2137 1133 2170 commendati,
1148 2138 1229 2165 docet
1242 2137 1269 2165 in
1282 2137 1439 2169 Evangeliis
1460 2137 1592 2165 Dominus
1610 2137 1706 2164 dicens
1720 2149 1726 2165 ;

938 2182 1033 2210 Cauete
1053 2191 1085 2210 ne
1097 2183 1271 2210 contemnalis
1285 2191 1366 2210 unum
1381 2191 1414 2210 ea:
1430 2183 1471 2210 his
1484 2182 1669 2218 pusillis,quia
1683 2191 1729 2210 an-

88 2218 130 2251 μὴ
145 2218 359 2267 καταφροζῆτε
375 2219 445 2253 ἐνὸς
459 2219 519 2247 τῶν
527 2220 642 2255 μικρῶν
653 2221 776 2254 τούτων,
792 2221 837 2248 ὅτι
859 2223 882 2248 ot

947 2229 990 2262 teli
1012 2237 1104 2257 eorum
1125 2237 1227 2263 semper
1250 2230 1338 2257 vident
1351 2230 1446 2265 faciem
1464 2229 1556 2257 Patria
1577 2230 1629 2257 mei
1643 2229 1728 2265 quiin

91 2263 213 2298 ἄγγελοι
224 2263 325 2290 αὐτῶν
338 2263 387 2291 διὰ
397 2266 509 2299 παντὸς
518 2267 671 2298 βλέπουσι
680 2266 713 2294 τὸ
723 2267 882 2302 πρόσωπον

947 2276 1010 2303 τωίὶι
1019 2280 1057 2303 eu
1069 2276 1103 2303 “.
1121 2277 1188 2304 Item
1201 2275 1304 2305 Jacob:
1321 2263 1436 2312 Angelus
1448 2281 1519 2308 tuus,
1536 2276 1580 2311 qui
1597 2263 1666 2303 eruit
1686 2283 1730 2303 mc

92 2309 144 2336 τοῦ
161 2309 278 2343 Πατρός
289 2318 350 2343 μου
368 2310 420 2337 τοῦ
435 2311 471 2337 ἐν
482 2312 638 2346 οἰφανοῖς·
653 2313 699 2340 καὶ
711 2313 793 2340 πάλιν
805 2314 819 2339 ὁ
839 2314 887 2340 Ἰα-

91 2355 165 2382 κ-ἰ6·
186 2356 215 2381 '0
230 2355 360 2390 ἄγγελός
375 2364 434 2383 σου
450 2358 466 2384 ὀ
477 2358 626 2392 ῥυόμενός
639 2366 678 2393 με
691 2359 752 2386 ἀπὸ
765 2359 887 2386 πάντων

92 2409 150 2428 των
162 2410 276 2429 κακων.

127 2447 205 2474 Ὅσοι
217 2449 283 2480 τοὺς
300 2448 364 2485 περὶ
378 2449 493 2484 κρίσεως
515 2449 562 2476 καὶ
574 2449 703 2485 προνοίας
724 2449 884 2484 ἀγνοοῦντες

92 2491 184 2526 λόγους
195 2514 204 2526 ,
221 2493 269 2520 τὸν
285 2494 450 2530 δημιουργὸν
463 2494 662 2531 βλασφημοῦσι,
678 2495 815 2531 μάρτυρές
831 2496 885 2522 εἱσι

92 2538 214 2573 ψευδεῖς·
231 2541 284 2568 οὐκ
304 2540 473 2577 ἀτιμώρητοι
493 2541 522 2568 δὲ
543 2541 715 2576 διαμένουσιν
736 2542 765 2568 ἐν
791 2541 885 2577 ἡμέρα

93 2586 225 2622 κρίσεως·
245 2588 293 2615 καὶ
308 2588 365 2614 ὅσοι
380 2588 460 2615 πάλιν
479 2588 532 2614 ὑπὸ
560 2588 615 2615 τῶν
638 2588 710 2614 ἰδίων
727 2587 820 2615 παθῶν
846 2589 887 2614 ὲν-

91 2633 247 2668 σχλούμενοι
263 2634 420 2669 νομίζουσιν
432 2634 620 2671 ἀκατὸρθωτον
633 2632 703 2661 εῖναι
715 2634 765 2670 τὴν
773 2635 883 2671 ἀρετὴν,

92 2676 159 2705 οὗτοι
173 2680 214 2714 τῷ
225 2679 354 2706 δεδωκότι
369 2680 415 2706 τὸν
432 2679 514 2715 νόμον
529 2678 691 2713 ἐγκαλοῦσιν
705 2679 815 2711 ἀδίκως.

123 2724 153 2751 Οἰ
165 2725 271 2760 χυδαζοι
287 2725 319 2751 οὐ
336 2725 367 2751 τὸ
382 2724 492 2760 ἀξίωμα
510 2725 643 2761 τιμῶντες
658 2725 814 2752 ἀποδιδόασι
837 2725 883 2751 τὸν

124 2782 144 2799 ⁷⁵
164 2791 191 2810 v.
217 2782 262 2811 16.
303 2782 327 2799 ’⁸
342 2782 428 2810 v.18.
464 2783 527 2810 ην.
562 2784 608 2811 2|.
656 2783 679 2799 ⁸⁰
694 2784 779 2811 v.22.

92 2824 161 2851 xrnt,
179 2819 222 2847 10.
264 2819 288 2834 ³⁵
310 2818 380 2845 Gen.
408 2825 503 2849 xtvtn.
525 2818 568 2846 16.
606 2819 629 2835 ⁸⁸
643 2827 670 2846 v.
689 2819 716 2847 5.
753 2819 775 2834 "
795 2827 820 2846 v.
835 2818 862 2846 6.

938 2323 970 2349 de
986 2323 1086 2349 cunctis
1106 2323 1184 2349 malis
1197 2322 1233 2350 ".

972 2447 995 2463 ⁸⁸
1014 2447 1151 2482 Quotquot
1167 2448 1199 2475 de
1212 2447 1315 2482 judicio
1329 2453 1357 2476 et
1371 2448 1541 2483 providentia
1566 2447 1727 2483 ignorantes

938 2495 1112 2527 doctrinam,
1136 2498 1289 2521 creatorem
1317 2494 1527 2529 blasphemant,
1553 2498 1639 2522 testes
1663 2498 1726 2522 sunt

938 2541 1107 2572 mendaces;
1133 2547 1221 2575 neque
1246 2540 1370 2575 impunes
1389 2544 1470 2567 erunt
1495 2539 1522 2567 in
1550 2540 1594 2568 die
1615 2540 1721 2575 judicii.

937 2585 1076 2620 Quotquot
1097 2585 1161 2613 item
1176 2592 1191 2612 a
1208 2585 1266 2613 suis
1287 2585 1481 2620 cupiditatibus
1493 2585 1592 2614 irretiti
1604 2604 1612 2617 ,
1628 2585 1723 2613 existi-

936 2636 1014 2660 mant
1028 2630 1222 2666 impossibilem
1248 2638 1311 2664 esse
1335 2631 1475 2665 virtutem,
1489 2631 1517 2658 hi
1535 2631 1600 2666 legis
1609 2630 1722 2659 latorem

936 2677 1036 2710 injuste
1051 2679 1191 2705 accusant.

971 2723 994 2739 "
1010 2723 1143 2758 Volgares
1164 2721 1287 2749 hom.nos
1305 2727 1358 2746 non
1372 2718 1437 2754 quia
1454 2713 1613 2754 dignitatem
1631 2718 1720 2746 hono-

831 2783 882 2808 01‘

982 2782 1005 2799 ⁸⁸
1023 2781 1032 2809 l
1048 2781 1115 2817 Reg.
1135 2789 1191 2815 xw,
1213 2780 1258 2808 14.
1304 2780 1326 2797 ³³
1341 2779 1414 2808 Psal.
1441 2785 1501 2810 cm,
1520 2779 1545 2807 4.
1583 2778 1605 2794 ³⁸
1620 2777 1717 2806 Matth.

122 2866 157 2903 (9)
169 2867 252 2896 Vides
268 2866 427 2896 doctrinam
443 2866 474 2893 de
485 2866 644 2894 custodibus
657 2866 796 2894 hominum
808 2865 912 2901 angelis
926 2864 968 2893 hic
982 2869 1006 2892 et
1020 2863 1103 2891 infra.
