1919 3074
180 182 183 190 ,
215 151 266 181 107

658 145 939 175 SUPPLEMENTUM
957 145 1001 172 Αἱ)
1018 145 1179 173 ORIGE‘NlS
1199 144 1404 173 EXEGETICA.

1781 145 1831 172 203

217 214 288 242 rent,
305 208 485 237 reverentiam
500 207 641 240 exhibent,
658 207 705 234 sed
721 210 891 235 assentautes
907 213 998 241 respe-

1062 206 1142 238 )όϐον,
1160 206 1227 233 ἀλλὰ
1244 206 1358 238 κόλακες
1373 205 1450 237 ὄντες
1464 203 1740 241 «pascimini-novisti:
1750 213 1757 220 ·
1778 206 1792 232 6
1805 205 1832 233 δὲ

216 263 290 285 ctum
307 262 428 291 persona:
444 254 551 281 habent.
572 254 606 281 At
617 254 688 280 cnim
703 253 745 280 vir
757 259 841 280 verax
853 253 924 281 baud
937 253 1004 280 adu-

217 303 320 331 labitur
336 301 373 329 rei
387 299 474 333 malze,
491 298 539 326 sed
553 298 743 333 reprehendet.

251 351 276 367 ³·
302 349 461 381 Quicunque
487 345 545 373 odit
565 345 672 380 inopem
695 345 828 379 fratrem,
856 345 900 373 hic
924 345 1003 380 juxta

218 398 282 427 illud
302 405 309 423 :
326 395 400 423 Beati
412 399 544 429 pauperes
559 391 667 426 spiritu,
683 392 812 427 quoniam
830 392 949 427 ipsorum
962 395 1004 419 est

216 450 330 479 regnum
345 441 489 472 caelorum,
511 447 526 466 a
548 437 596 465 Dei
619 441 647 466 et
661 438 818 473 angelorum
832 445 927 465 amore
941 445 1005 473 pro—

217 490 261 518 cul
284 489 347 517 erit.
362 487 422 522 Vel,
438 487 602 523 quicumque
625 485 738 513 fratrem
762 486 875 513 virtutis
889 485 1003 519 inopem

217 537 286 569 odit,
299 536 332 564 ab
346 534 443 563 aﬂ'e'ctu
461 541 568 569 quoque
582 532 709 560 amicitiae
723 532 819 567 procul
833 533 886 560 erit
898 532 924 558 in
938 532 1001 560 vita.

216 597 254 605 ——
274 581 376 609 Bonam
392 580 585 616 cogitationem
609 578 755 613 appellavit
777 577 822 605 Dei
831 576 1006 612 agnitionem,

219 628 264 664 qui
298 634 358 655 eam
376 625 539 653 habentibus
554 625 636 652 corde
656 631 724 659 puro
763 623 833 651 solet
856 623 1004 661 appropin-

218 681 314 711 quare.
335 672 386 706 Qui
401 680 466 707 ergo
488 671 558 699 hanc
575 670 747 706 disciplinam
765 669 863 697 docilis
878 668 1005 704 suscipit,

220 721 339 756 prudens
356 723 397 747 est
409 738 418 752 ,
432 723 460 745 et
482 717 602 745 inveniet
623 724 694 744 eam.
710 731 746 736 —
758 716 809 750 Qui
833 715 917 743 multa
933 715 1004 743 mala

220 768 286 795 facit
299 766 381 794 verbo
401 770 429 793 et
445 771 545 800 opere,
563 764 587 792 is
602 763 733 791 malitiam
747 767 930 796 consummat,
945 770 1006 798 qute

219 821 301 843 omne
323 820 408 849 genus
435 811 538 848 peccati
564 810 766 845 complectitur.
792 809 843 844 Qui
866 817 932 837 vero
957 809 1005 836 ad-

220 866 315 887 versus
330 858 451 886 homines
466 863 607 884 sermones
629 855 760 883 exitiosos
780 856 839 883 sine
852 855 938 883 limite
962 855 1004 882 ef—

221 905 324 937 l’undit,
345 908 374 931 et
392 903 420 930 in
444 902 528 930 Deum
549 900 753 941 blasphemias,
772 901 817 928 hic
837 908 891 928 non
916 901 1006 929 salva-

219 951 301 979 bitur.

254 997 278 1014 ⁶⁹
294 996 387 1032 Neque
406 995 503 1023 animae
521 1001 610 1030 neque
628 994 752 1030 corporis
773 993 877 1021 delicia
903 999 1006 1021 vesano

219 1047 344 1078 prosunt.
359 1040 426 1069 Nam
446 1041 602 1077 spiritales,
623 1047 686 1068 cum
709 1039 745 1067 sit
761 1047 807 1066 sus
825 1039 1005 1074 voluptarius,

220 1089 332 1125 pedibus
353 1087 528 1116 conculcabit
547 1095 556 1114 :
577 1094 592 1113 a
608 1093 736 1114 sensuum
757 1090 848 1111 autem
867 1084 1007 1119 voluptate

219 1142 285 1163 caro
298 1134 357 1170 ejus
373 1133 407 1161 ad
429 1133 590 1168 cupiditates
601 1129 826 1164 commovebitur,
841 1134 868 1158 et
882 1130 909 1157 in
922 1129 1006 1157 Deum

222 1179 405 1215 blasphemiae
420 1177 544 1213 iactabit.
560 1175 673 1204 Etiamsi
692 1183 707 1203 e
723 1182 804 1202 servo
817 1183 902 1211 nuper
921 1175 958 1202 sit
974 1174 1006 1202 li-

220 1225 354 1259 bertinus,
370 1225 406 1252 ita
418 1231 447 1252 se
459 1227 544 1259 geret.

257 1272 281 1289 ”
295 1271 324 1299 Si
341 1271 387 1306 qui
405 1276 479 1298 recte
503 1269 646 1305 gloriatur,
670 1269 696 1297 in
716 1267 832 1296 Domino
853 1269 1004 1304 gloriatur;

222 1318 352 1346 Dominus
369 1321 458 1344 autem
477 1321 571 1343 noster
584 1315 717 1350 sapientia
745 1319 802 1348 est;
827 1315 951 1349 sequitur
977 1320 1006 1342 ut

221 1366 268 1400 qui
293 1367 366 1391 recte
391 1360 535 1399 gloriatur,
562 1361 589 1388 in
616 1360 750 1396 sapientia
777 1360 921 1395 glorietur.
940 1360 1006 1388 Glo-

222 1411 302 1438 riatio
324 1409 407 1445 igitur
436 1407 599 1442 longanimis
622 1410 650 1434 et
675 1406 876 1440 misericordis,
897 1407 1007 1442 sapien-

223 1458 258 1484 tia
283 1462 325 1484 εει
346 1460 373 1483 et
400 1454 502 1489 agnitio
525 1453 582 1481 Dei.
607 1452 771 1488 Supervenit
796 1457 886 1480 autem
911 1460 1008 1487 pecca-

222 1502 326 1530 toribus
354 1500 509 1528 absterrens
536 1507 583 1526 eos
610 1506 624 1526 a
651 1498 744 1532 malo,
772 1506 844 1526 nunc
867 1499 977 1533 quidem
997 1518 1006 1533 ,

1053 252 1155 289 ἀληθὴς
1171 252 1240 288 ἀνὴρ
1256 253 1286 279 οὐ
1303 251 1462 280 κολακεύσει
1472 251 1502 278 τδ
1518 251 1612 284 κακὸν,
1626 250 1684 277 ἀλλ’
1694 250 1797 285 ἐλέγξει
1807 270 1816 278 .

1087 341 1146 372 Πᾶς
1159 340 1189 372 ὃς
1207 341 1281 376 μισεῖ
1295 340 1340 366 τὸν
1354 339 1460 375 πτωχὸν
1471 339 1593 374 ἀδελφὺν,
1606 338 1677 366 κατὰ
1689 339 1729 371 τὸ,
1743 339 1835 366 Μακα-

1055 395 1107 422 ριοι
1124 387 1148 413 οί
1171 387 1273 422 πτωχοὶ
1285 386 1323 421 τῷ
1343 385 1487 421 πνεύματι,
1504 386 1544 411 ὄτι
1562 384 1650 412 αὐτῶν
1671 385 1744 411 ἐστιν
1759 384 1775 419 ἡ
1792 384 1836 418 βα-

1055 432 1140 459 σιλεία
1153 432 1207 458 τῶν
1219 432 1340 468 οὐρανῶν
1349 452 1357 464 ,
1375 432 1422 458 καὶ
1436 431 1546 466 ἀγάπης
1567 430 1636 458 Θεοῦ
1650 431 1697 457 καὶ
1718 430 1836 464 ἀγγέλων

1056 479 1164 515 μακρὰν
1190 479 1282 506 ἔσται·
1302 478 1319 514 ἢ
1336 479 1390 510 πᾶς
1412 478 1442 510 ὃς
1469 477 1582 512 ἀδελφὸν
1608 476 1708 512 ἀρετῆς
1734 476 1835 511 πτωχὸν

1053 525 1116 552 ὄντα
1130 526 1213 560 μισεῖ,
1225 525 1273 552 καὶ
1288 525 1337 560 τῆς
1354 525 1422 561 πρὸς
1438 524 1472 551 τὰ
1486 524 1558 560 πάθη
1573 523 1663 558 φιλίας
1673 523 1836 559 μακρύνεται

1054 569 1102 597 τοῦ
1122 570 1188 605 βίου.
1201 571 1361 607 --“Αγαθὴν
1386 570 1489 598 ἔννοιαν
1512 570 1563 606 ’τὴν
1583 569 1631 597 τοῦ
1649 569 1718 596 Θεοῦ
1741 569 1838 604 γνῶσιν

1054 614 1198 650 ὠνόμασε,
1220 616 1268 642 καὶ
1292 617 1349 648 τοῖς
1365 616 1462 643 εἰδόσιν
1483 615 1568 651 αὐτὴν
1583 617 1638 647 τοῖς
1656 608 1785 650 καθαροῖς
1805 616 1836 650 τῇ

1054 660 1162 696 καρδίᾳ,
1180 660 1258 688 είωθε
1273 661 1378 693 τούτοις
1393 662 1510 696 ἐγγιείνν
1526 662 1540 688 6
1555 661 1584 688 δὲ
1607 660 1764 696 πειθόμενος
1782 660 1838 686 τού-

1053 715 1111 738 τοις
1126 707 1166 738 εἰς
1179 707 1306 742 μάθησιν,
1323 708 1453 744 φρόνιμός
1469 709 1538 739 ἐστι,
1557 707 1604 734 καὶ
1619 707 1729 743 εὑρήσει
1746 707 1837 742 αὑτήν.

1054 753 1125 780 —'0
1139 753 1223 780 πολλὰ
1240 753 1395 781 κακοποιῶν
1413 754 1447 780 δι’
1462 753 1550 790 ἔργων
1572 754 1620 780 καὶ
1640 754 1726 788 λόγων
1737 773 1745 786 ,
1766 753 1837 780 τελι-

1056 802 1176 837 σιουργεῖ
1188 801 1297 834 κακίαν,
1313 801 1331 837 ἦ
1347 802 1421 828 ἐστιν
1438 802 1513 828 πᾶσα
1534 801 1671 837 ἁμαρτία”
1694 801 1724 832 ὃς
1750 800 1779 827 δὲ
1798 809 1839 827 τε-

1055 847 1207 885 λεσιουργεῖ
1222 849 1292 876 κατὰ
1303 848 1453 885 ἀνθρώπων
1467 848 1563 882 λόγους
1574 849 1614 880 εἰς
1628 847 1766 876 ἀπώλειαν
1775 867 1782 879 ,
1795 846 1840 873 καὶ

1058 895 1231 931 βλασφημίας
1246 895 1316 923 κατὰ
1333 895 1409 928 Θεὸν,
1422 896 1454 922 οὐ
1468 895 1619 931 σωθήσεται
1635 891 1723 926 οὗτος.

1092 984 1189 1021 Οὗτεὴ
1207 984 1276 1012 κατὰ
1299 983 1389 1020 ψυχὴν
1413 983 1518 1020 τρυφὴ,
1546 983 1608 1010 οὔτε
1632 984 1649 1020 ἠ
1670 983 1742 1011 κατὰ
1765 983 1838 1019 σῶμα

1058 1032 1190 1067 συμφέρει
1204 1031 1243 1066 τῷ
1261 1031 1358 1067 ἄφρονι
1368 1039 1374 1047 ι
1391 1030 1441 1066 τὴν
1453 1030 1504 1066 μὲν
1517 1030 1571 1066 γὰρ
1587 1031 1774 1066 καταπατήσει
1788 1031 1840 1062 τοῖς

1057 1077 1131 1109 ποσὶ,
1141 1078 1231 1112 χοῖρος
1247 1076 1388 1112 φιλήδονος
1400 1075 1437 1103 ὢν
1446 1085 1453 1091 ·
1471 1076 1525 1103 ὑπὸ
1537 1076 1565 1103 δὲ
1578 1076 1627 1111 τῆς
1639 1076 1769 1112 αἰσθητῆς
1781 1085 1839 1112 τρυ-

1057 1123 1137 1159 φῆς-ἡ
1155 1123 1223 1158 σὰρξ
1238 1122 1320 1150 αὐτοῦ
1337 1121 1404 1158 πρὸς
1415 1122 1488 1157 πάθη
1505 1121 1696 1157 κινηθήσεται,
1714 1122 1761 1148 καὶ
1775 1122 1839 1149 κατὰ

1056 1168 1124 1195 Θεοῦ
1143 1167 1316 1204 βλασφημίας
1333 1167 1406 1203 ῥίψει
1417 1177 1423 1182 ·
1441 1168 1465 1193 εί
1480 1168 1527 1194 καὶ
1544 1167 1598 1194 ἀπὺ
1617 1167 1720 1194 δούλων
1738 1168 1838 1194 ἐλεύθε-

1059 1223 1114 1250 ρος,
1129 1214 1209 1240 τοῦτο
1225 1215 1343 1250 ποιήσει.

1091 1261 1124 1287 Εἰ
1138 1261 1152 1287 6
1168 1260 1343 1295 καυχώμενος
1357 1260 1454 1296 ὀρθῶς,
1472 1260 1501 1286 ἐν
1515 1259 1610 1296 Κυρίῳ
1623 1261 1773 1296 μυκᾶται,
1787 1260 1801 1286 6
1814 1260 1840 1286 at

1057 1306 1158 1343 Κύριος
1175 1306 1252 1342 ήμῶν
1270 1306 1350 1341 σοφία
1369 1306 1457 1338 ἐστὶν,
1476 1307 1490 1332 6
1510 1306 1684 1342 καυχώμενος
1701 1307 1799 1343 ὀρθῶς,
1814 1308 1840 1333 ὲν

1058 1353 1139 1388 σοφίᾳ
1155 1353 1305 1388 καυχᾶται·
1326 1352 1358 1379 τὸ
1373 1352 1504 1388 καύχημα
1526 1353 1614 1380 τοίνυν
1638 1353 1686 1380 τοῦ
1709 1353 1840 1389 μακροθύ-

1059 1407 1110 1434 μου
1126 1399 1173 1425 καὶ
1185 1398 1329 1435 ἐλεήμονος
1340 1419 1348 1432 ,
1376 1399 1449 1425 ἐστὶν
1463 1400 1479 1435 ἠ
1493 1399 1572 1434 σοφία
1586 1400 1633 1427 καὶ
1652 1401 1668 1435 ἠ
1684 1400 1784 1434 γνῶσις
1796 1399 1841 1426 αὺ-

1056 1444 1104 1471 τοῦ
1116 1453 1122 1460 ·
1140 1445 1285 1480 ἐπέρχεται
1301 1445 1331 1472 δὲ
1347 1446 1403 1476 τοῖς
1423 1445 1592 1482 παρανόμοις
1606 1446 1783 1473 ἀπαλλάττων
1796 1446 1840 1472 αὺα

1057 1491 1119 1523 τοὺς
1135 1491 1245 1523 κακίας,
1259 1491 1306 1518 νῦν
1321 1491 1370 1527 μὲν
1387 1491 1578 1527 ἐνδεχομένως,
1594 1494 1623 1519 ὲν
1633 1492 1662 1519 δὲ
1675 1492 1715 1528 τῷ
1724 1493 1839 1529 μέλλοντι

222 1547 309 1582 quoad
328 1546 384 1574 neri
403 1549 511 1581 potest;
527 1544 553 1572 in
570 1543 663 1571 futuro
678 1549 768 1572 autem
785 1544 895 1577 saeculo,
908 1552 1004 1574 neces-
1020 1545 1043 1576 (Ξ
1059 1537 1136 1564 “1‘7"”-
1151 1537 1317 1572 ἀναγκαίως-

222 1601 303 1621 επιο.

222 1648 227 1652 θ
255 1640 279 1656 ἰ
294 1639 424 1667 Dominus
436 1642 528 1665 noster
541 1637 610 1674 ignis
629 1644 793 1666 consumens
807 1642 860 1670 est,
875 1644 903 1667 et
919 1639 1009 1668 iratus

221 1685 272 1713 leo.
301 1683 329 1712 ln
348 1683 536 1719 peccatoribus
559 1682 678 1710 amburit
698 1683 906 1718 consuluitque,
932 1689 962 1711 ut
974 1685 1006 1711 li-

222 1739 283 1766 gna,
291 1730 382 1758 fenum
404 1734 451 1757 aut
469 1728 596 1764 stipulam
607 1749 615 1763 ,
633 1729 794 1757 militantem
808 1729 938 1758 adversus
952 1730 1008 1765 spi-

222 1777 302 1805 ritum
323 1783 443 1804 carnem.
468 1774 526 1802 Lux
547 1782 612 1803 vero
632 1780 659 1802 et
683 1783 729 1803 ros
749 1780 823 1803 recte
848 1776 1007 1811 agentibus,

222 1828 375 1851 monstrans
393 1821 447 1850 illis
461 1826 582 1848 actarum
603 1828 695 1849 rerum
714 1821 845 1854 rationes,
861 1827 888 1849 ct
902 1823 1007 1849 exstin-

221 1876 306 1905 guens
323 1868 407 1903 ignita
423 1867 475 1895 tela
495 1868 622 1903 maligni,
639 1866 861 1903 refrigeransque
873 1868 948 1896 illum
960 1869 1007 1904 qul

221 1915 256 1943 ab
267 1914 371 1950 agendo
381 1914 517 1949 contingit
528 1914 666 1941 ardorem.

255 2004 278 2021 "
293 2004 427 2040 Impuram
444 2003 564 2030 animam
576 2006 698 2030 scortum
712 2002 873 2037 appellavit;
886 2007 914 2030 et
928 2002 1007 2038 hujus

220 2051 383 2082 mercedem,
399 2049 469 2076 dixit
482 2049 603 2084 ejusdem
619 2049 813 2082 substantiam,
834 2056 868 2077 ex
883 2057 936 2084 qua
952 2057 1006 2077 non

220 2103 295 2130 purae
313 2095 380 2122 llunt
395 2094 557 2122 oblationes.

257 2142 281 2158 "
301 2141 405 2168 Docere
428 2140 529 2168 liberos
548 2139 677 2167 virtutem
694 2145 721 2167 et
739 2141 863 2168 notitiam
879 2141 946 2175 Dei,
959 2150 1008 2177 pa-

222 2192 328 2214 rentum
346 2185 464 2214 olliciutn
477 2190 527 2213 est.
547 2185 600 2213 Sed
619 2186 780 2221 sapientiam
796 2187 888 2221 pueris
901 2188 1004 2222 indere,

221 2234 328 2261 Domini
351 2238 401 2261 est.
426 2233 493 2260 Nam
513 2233 654 2260 mulierem
679 2232 722 2259 hic
740 2231 806 2259 dicit
829 2233 1002 2268 sapientiam.

220 2281 298 2312 Ama,
314 2279 414 2314 inquit,
428 2279 600 2315 sapientiam,
613 2284 640 2307 et
651 2278 825 2306 conservabit
842 2283 885 2312 te;
900 2279 1005 2308 honora

219 2332 292 2358 cam,
308 2329 338 2352 ut
348 2330 373 2352 te
388 2325 593 2360 complectatur.

255 2417 280 2433 “
301 2416 595 2451 Praecepta,quatenus
615 2421 678 2443 sunt
699 2423 714 2442 a
734 2415 910 2451 praecipiente
930 2416 1002 2448 Deo,

220 2463 256 2489 ita
270 2461 441 2496 appellantur
456 2470 462 2488 :
479 2465 612 2496 quatenus
620 2467 685 2488 vero
696 2461 796 2488 utentis
811 2461 863 2488 iter
871 2460 1002 2496 dirigunt,

220 2507 270 2534 vite
296 2507 432 2534 dicuntur.
459 2506 511 2539 Qui
535 2505 580 2532 illa
603 2505 738 2538 custodit,
765 2510 856 2533 servat
883 2506 1002 2534 animant

220 2560 296 2580 suam
313 2553 346 2580 de
362 2557 449 2579 morte
466 2552 499 2579 ad
516 2552 600 2579 vitam
615 2559 624 2579 :
639 2552 684 2586 qui
699 2553 861 2585 contemnit,
873 2557 1003 2580 aeternam

220 2603 337 2626 mortem
353 2597 483 2626 incurret.

254 2645 279 2661 "
295 2644 324 2672 ln
345 2644 426 2672 rebus
442 2644 552 2679 quidem
575 2644 750 2673 scnsibilibus
771 2646 807 2672 ita
830 2644 868 2672 (lt.
894 2645 1004 2678 Quanto

219 2690 259 2717 sol
280 2690 342 2717 luna
358 2690 541 2725 praestantior,
559 2695 635 2718 tanto
651 2695 761 2725 przcstat
777 2690 829 2726 .ille
853 2691 899 2724 qui
915 2691 1003 2717 virtu-

221 2737 294 2764 tibus
309 2737 405 2771 ioopes
421 2736 576 2771 miseratur,
599 2744 727 2765 recreans
748 2745 794 2765 eos
814 2737 956 2773 disciplina
976 2741 1004 2764 et

221 2782 331 2811 monitis
351 2782 465 2811 Domini.
484 2783 586 2811 Donum
604 2788 693 2812 autem
710 2784 763 2812 Deo
775 2784 898 2811 oblatum
911 2805 919 2816 ,
940 2783 1005 2810 dicit

257 2863 280 2878 ”
292 2870 316 2889 ν.
331 2863 359 2890 '7.
396 2864 454 2890 ην.
473 2864 516 2892 10.
556 2865 585 2900 _"
603 2873 627 2892 ν.
646 2865 690 2892 Η.
727 2866 748 2880 ⁹¹
769 2873 794 2892 v.
816 2865 859 2891 1‘2.
904 2866 925 2880 "
945 2865 1024 2893 v.13.

1100 1627 1128 1653 Ὀ
1144 1627 1246 1663 Κύριος
1262 1626 1339 1662 ἡμῶν
1354 1627 1409 1663 πῦρ
1425 1628 1475 1663 μὲν
1495 1628 1690 1655 καταναλίσκον
1712 1629 1758 1655 καὶ
1777 1628 1839 1654 λέων

1058 1673 1232 1708 ὀργιζόμενος
1242 1681 1249 1688 ·
1267 1674 1335 1708 πρὸς
1345 1673 1373 1700 δὲ
1388 1674 1451 1705 τοὺς
1470 1675 1676 1710 ἁμαρτάνοντας
1698 1675 1839 1701 κατακαίον

1058 1721 1104 1746 καὶ
1119 1719 1273 1752 ἀναλίσκον,
1286 1719 1324 1751 ὡς
1344 1719 1408 1752 ξύλα
1423 1721 1527 1756 χόρτων
1543 1720 1685 1756 καλάμην,
1698 1722 1748 1757 τὴν
1764 1729 1839 1756 στρα-

1057 1765 1204 1801 τευομένην
1221 1766 1311 1802 σάρκα
1328 1767 1399 1793 κατὰ
1415 1766 1461 1793 τοῦ
1486 1767 1655 1802 πνεύματος·
1672 1767 1730 1802 φῶς
1750 1768 1777 1795 δὲ
1795 1767 1838 1794 καὶ

1058 1812 1151 1849 δρόσος
1167 1813 1235 1849 πρὸς
1245 1814 1309 1845 τοὺς
1323 1813 1523 1849 κατορθοῦντας
1534 1834 1540 1846 ,
1558 1814 1663 1846 δεικνὺς
1681 1815 1773 1847 αὐτοῖς
1789 1813 1838 1840 τῶν

1057 1859 1206 1893 γεγονότων
1221 1860 1283 1891 τοὺς
1297 1859 1407 1893 λόγους,
1427 1860 1474 1887 καὶ
1488 1860 1694 1888 κατασϐεννύων
1710 1862 1744 1888 τὰ
1760 1869 1839 1887 πεπυ-

1059 1906 1170 1943 ρωμένα
1187 1906 1250 1941 βέλη
1265 1906 1313 1932 τοῦ
1321 1906 1451 1942 πονηροῦ,
1467 1907 1512 1933 καὶ
1522 1907 1680 1943 περιψύχων
1695 1907 1741 1935 τὸν
1753 1909 1783 1934 ὲκ
1794 1907 1839 1941 τῆς

1058 1952 1184 1990 ’πράξεως
1201 1953 1382 1988 συμϐαίνοντα
1393 1952 1534 1980 καύσωνα.

1093 1999 1149 2036 Τὴν
1160 1999 1314 2036 ἀκάθαρτον
1322 1999 1420 2036 ψυχὴν,
1435 2000 1547 2037 ἑταίραν
1559 2000 1684 2036 ὠνόμασε
1693 2009 1700 2016 ι
1718 2000 1764 2028 καὶ
1777 1998 1839 2026 ταύ-

1057 2057 1107 2084 της
1123 2048 1152 2075 τὸ
1165 2048 1293 2084 μίσθωμα
1304 2067 1311 2079 ,
1328 2048 1377 2083 τὴν
1388 2048 1553 2075 κατάστασιν
1564 2048 1674 2084 εῐρηκεν
1690 2048 1783 2084 αὐτῆς,
1796 2047 1837 2082 ἀφ’

1056 2092 1090 2129 ἧς
1103 2094 1133 2120 οὐ
1144 2094 1263 2129 καθαραὶ
1274 2093 1395 2127 γίνονται
1411 2094 1570 2129 προσευχαί.

1093 2140 1130 2167 Τὸ
1145 2141 1194 2176 μὲν
1207 2140 1344 2167 διδάσκειν
1361 2141 1423 2173 τοὺς
1438 2141 1512 2173 υίοὺς
1525 2141 1588 2176 περὶ
1605 2140 1705 2176 ἀρετῆς
1718 2141 1763 2167 καὶ
1774 2139 1838 2174 γνὼ-

1059 2195 1127 2219 σεως
1143 2186 1190 2213 τοῦ
1213 2186 1280 2213 Θεοῦ
1291 2207 1298 2218 ,
1322 2187 1376 2214 τῶν
1401 2187 1526 2223 πατέρων
1546 2188 1636 2214 ἐστίν·
1651 2187 1682 2214 τὸ
1703 2187 1732 2214 δὲ
1750 2186 1837 2220 σοφίαν

1057 2232 1148 2259 δοῦναι
1162 2233 1219 2264 τοῖς
1233 2233 1321 2265 παισὶ,
1331 2232 1379 2259 τοῦ
1390 2234 1493 2269 Κυρίου
1511 2234 1569 2260 ἐστί
1578 2243 1584 2249 ·
1602 2235 1719 2268 γυναῖκα
1730 2233 1782 2268 γὰρ
1797 2233 1836 2258 ὲν-

1056 2278 1144 2306 ταῦθα
1159 2279 1209 2314 τὴν
1224 2279 1319 2313 σοφίαν
1334 2279 1417 2313 λέγει’
1433 2279 1722 2316 ὲράσθητιγὰρ,φησὶ,
1736 2280 1782 2315 τῆς
1797 2286 1837 2305 σο-

1059 2326 1120 2361 φίας
1130 2346 1137 2358 ,
1147 2327 1194 2353 xui.
1215 2327 1329 2362 τηρήσει
1349 2335 1378 2353 σε
1389 2336 1396 2342 ·
1408 2327 1522 2362 τίμησσν
1542 2327 1643 2362 αὐτὴν,
1661 2327 1703 2354 ἵνα
1721 2335 1750 2353 σε
1765 2334 1837 2362 περι-

1058 2372 1137 2410 λάῆῃ.

1092 2420 1124 2446 Αἱ
1144 2419 1265 2452 ἐντολαὶ,
1290 2419 1328 2451 ὡς
1347 2419 1414 2454 πρὸς
1434 2419 1482 2454 μὲν
1504 2419 1550 2445 τὸν
1566 2419 1752 2454 ἐντειλάμενον
1766 2417 1836 2448 Θεδν,

1057 2464 1202 2491 καλοῦνται
1214 2464 1318 2490 ὲντολαί
1328 2473 1335 2479 ·
1351 2464 1388 2496 ὼς
1403 2464 1430 2490 δὲ
1445 2465 1512 2501 πρὸς
1526 2464 1572 2490 τὸν
1588 2464 1713 2491 ὁδεύοντα
1727 2463 1788 2490 νοῦν
1811 2463 1837 2488 ἐν

1057 2511 1153 2542 αὐταῖς
1164 2531 1172 2543 ,
1186 2509 1331 2537 καλοῦνται
1347 2510 1416 2537 ὁδοί·
1436 2511 1483 2537 καὶ
1499 2512 1514 2537 6
1530 2511 1580 2546 μὲν
1590 2511 1750 2546 φυλάσσων,
1766 2509 1838 2545 τηρεῖ

1057 2557 1090 2583 ὲκ
1107 2556 1222 2583 θανάτου
1238 2556 1306 2592 πρὸς
1326 2555 1399 2592 ζωὴν
1420 2556 1469 2592 τὴν
1485 2556 1574 2592 ψυχὴν
1589 2556 1703 2583 ἑαυτοῦ’
1718 2558 1732 2583 6
1752 2556 1778 2582 at
1793 2563 1837 2581 κα-

1058 2603 1209 2638 ταφρονῶν,
1223 2603 1269 2629 τὸν
1282 2603 1434 2637 ἀπέραντον
1449 2602 1563 2630 θάνατον
1580 2603 1709 2629 θανεῖται.

1099 2650 1160 2676 Ἐπὶ
1173 2649 1223 2684 μὲν
1233 2649 1287 2676 τῶν
1301 2649 1438 2684 αίσθητῶν
1447 2648 1532 2680 οὕτως
1545 2648 1614 2684 ἔχει·
1628 2649 1690 2675 ὅσον
1701 2648 1728 2674 δὲ
1740 2648 1754 2674 ὁ
1768 2646 1836 2682 ἥλιος

1055 2696 1106 2731 τῆς
1123 2695 1238 2730 σελήνης
1263 2694 1415 2729 ὑπερφυὴς,
1440 2694 1566 2720 τοσοῦτον
1588 2695 1603 2720 ὸ
1631 2693 1713 2720 ἐλεῶν
1732 2692 1792 2722 τοὺς
1810 2690 1836 2715 ὲν

1057 2741 1179 2776 πτωχείᾳ
1194 2740 1299 2776 ἀρετῶν
1314 2739 1362 2766 καὶ
1375 2738 1566 2774 ἀνακτώμενος
1578 2740 1676 2771 αὐτοὺς
1693 2740 1722 2765 ἐν
1735 2736 1835 2770 παιδείᾳ

1057 2786 1104 2812 καὶ
1119 2786 1244 2821 νουθεσίᾳ
1255 2785 1359 2820 Κυρίου
1369 2794 1376 2800 ·
1394 2785 1463 2820 δόμα
1485 2785 1513 2811 δὲ
1529 2785 1628 2812 διδόναι
1644 2785 1684 2821 τῷ
1701 2784 1777 2820 Θεῷ.
1790 2781 1834 2813 τὴν

1064 2866 1086 2888 ³-³
1103 2865 1185 2893 v.14.
1231 2865 1254 2880 ⁹⁸
1273 2872 1296 2890 v.
1317 2864 1356 2892 lii.

1401 2865 1425 2880 “
1442 2873 1466 2891 ν.
1482 2865 1522 2892 Π.
