1919 3074
111 87 170 115 209

716 84 899 114 EXPOSITIO
916 83 949 112 IN
969 82 1175 112 PROVERBIA.

1707 83 1764 111 210

118 146 304 182 καθαρότητα
323 148 376 182 τῆς
402 148 514 183 καρδίας
531 147 672 182 ὠνόμασεο
689 145 760 173 κατὰ
783 144 917 179 ἀναλογίαε

979 144 1070 171 cordis
1082 142 1249 171 munditiem.
1270 141 1337 169 Nam
1354 147 1403 176 pro
1425 144 1483 168 rata
1499 145 1577 176 parte
1596 141 1767 169 innocentiae.

123 193 179 229 γὰρ
193 193 244 228 τῆς
260 194 402 226 ἀπαθείας
416 194 495 229 ἡμῶν
512 192 714 229 καταξιούμεθα
729 191 855 227 γνώσεως
872 191 923 217 ὑπὸ

126 239 174 266 τοῦ
190 239 270 266 Θεοῦ.

167 287 201 312 '0
211 285 288 320 λέγει
300 286 425 312 τοιοῦτόν
442 287 499 313 ἐστι
513 285 577 321 περὶ
592 286 646 312 τῶν
656 287 686 313 ὲν
699 285 737 321 τῷ
749 285 798 321 βίῳ
807 292 814 299 ·
831 283 886 318 ἐγὼ
896 283 924 310 δὲ

129 332 243 368 νομίζω,
253 331 305 368 τὴν
319 332 369 368 μὲν
386 332 485 368 πολλὴν
500 332 602 368 ζημίαν
612 353 619 365 ,
638 331 766 368 στέρησιν
788 330 925 366 περιέχειν

127 378 180 413 τῆς
195 378 315 414 θεωρίας
332 379 388 405 τῶν
407 379 558 413 γεγονότων
571 388 578 394 ·
594 379 642 414 τὴν
660 378 689 405 δὲ
705 378 862 414 προσθήκην
875 377 924 413 τῆς

125 424 236 459 ψυχῆς,
254 424 409 460 ἀφανισμὸν
430 425 486 452 τῶν
502 425 624 460 φυσικῶν
641 425 704 461 περὶ
723 424 790 451 Θεοῦ
803 423 922 456 ἐννοιῶν,

126 470 309 496 παντάπασιν
319 469 403 505 αὐτῆς
420 470 460 502 είς
474 469 584 504 ἀλογίαν
604 469 813 504 καταπεσούσης
825 477 831 484 ·
848 469 896 495 κα)⁴
909 469 924 496 ό

125 515 264 552 Σωτὴρδὲ
273 517 301 542 ὲν
313 517 369 547 τοῖς
378 515 551 550 Εὐαγγελίοις
566 516 648 551 φησί·
667 515 698 542 Τί
704 513 924 549 ὠφεληθήσεται

124 562 301 596 ἅνθρωπος,
310 562 364 588 ἐὰν
379 561 432 588 τόν
447 562 564 596 κόσμον
575 561 650 590 ὅλον
664 560 809 595 κερδήσῃ,
818 560 876 594 τὴν
890 559 924 586 δὲ

124 609 240 642 ψυχὴν
250 608 343 635 αὐτοῦ
350 607 486 642 ἀπολέσῃ
497 607 546 634 καί
552 605 678 641 ζημιωθῇ
680 607 814 639 ;Ενταῦθα
822 607 838 642 ἠ
849 606 924 633 ἀπώ-

124 653 189 680 λεια
200 653 250 689 τὴν
262 655 374 688 ἄγνοιαν
388 654 520 689 σωμάτων
544 654 591 680 καὶ
609 653 763 689 ἀσωμάτων
781 653 922 688 ἐμφαίνει·

123 700 143 734 ἡ
166 699 197 726 δὲ
212 699 299 734 ζημία
316 699 364 735 τὴν
381 699 497 736 ἐσχάτην
511 699 621 734 ἀλογίαν
636 700 810 736 παρίστησιν.

163 787 200 813 El
215 786 298 822 φόϐος
312 787 414 822 Κυρίου
429 788 468 819 εἰς
483 787 555 823 ζωὴν
566 787 659 823 ἀνδρὶ,
675 787 755 822 φόϐος
771 788 800 815 δὲ
819 788 920 824 Κυρίου

125 832 213 867 σοφία
225 833 272 860 καὶ
284 833 393 860 παιδεία
403 852 410 865 ,
425 834 443 868 ὴ
459 832 514 869 ζωὴ
529 833 574 860 τοῦ
593 833 688 869 ἀνδρὸς
702 833 756 869 ἄρα
771 835 850 869 σοφία
863 835 921 861 ἐστὶ

123 879 178 905 καὶ
201 879 326 906 παιδεία·
351 879 383 905 τὸ
404 877 450 906 οὖν
470 879 570 914 γνῶναι
593 881 688 916 σοφίαν
717 881 764 908 καὶ
785 881 919 914 παιδείαν,

124 923 233 957 γνῶναί
248 925 306 950 ἐστι
322 924 367 950 τὸν
382 923 499 960 Χριστὸν
512 924 566 951 ’καὶ
579 926 629 962 τὴν
640 926 722 953 αὐτοῦ
729 926 901 953 διδασκαλίαν
911 934 919 942 ·

126 971 142 996 ὸ
156 968 204 997 οὖν
228 971 330 1005 ἄφοϐος
353 971 431 998 ἔσται
461 972 490 999 ὲν
514 973 598 1009 κακίᾳ
613 975 660 1001 καὶ
679 966 817 1011 ἆγνωσίᾳ,
834 976 862 1002 ὲν
877 972 920 1007 αἷς

124 1016 179 1044 οὐκ
195 1016 270 1044 ἔστιν
286 1018 301 1044 ό
318 1018 452 1053 Χριστός⁸
470 1019 494 1045 oi
515 1017 561 1046 οὖν
581 1021 611 1047 ὲν
631 1021 716 1056 κακίᾳ
732 1021 778 1047 καὶ
798 1021 920 1057 ἀγνωσία

124 1061 247 1095 ζῶντες,
265 1063 315 1089 οὐκ
329 1064 537 1091 ὲπισκέπτονται
551 1066 580 1092 ἐν
599 1066 691 1098 αὐτοῖς
710 1067 755 1093 τὸν
769 1067 849 1102 φόϐον
872 1066 919 1094 τοῦ

124 1109 197 1136 Θεοῦ
209 1129 217 1141 .
241 1110 289 1137 καὶ
305 1110 337 1137 τὸ
351 1111 426 1143 ἔλεος
441 1111 483 1146 ἐφ’
502 1112 610 1145 ἑαυτοῖς
623 1113 660 1149 μὴ
674 1113 842 1146 ἐλπίζοντες·
859 1114 919 1141 οὐδὲ

125 1154 248 1190 Χριστός
262 1157 337 1183 ἐστιν
349 1157 379 1184 ἐν
393 1157 496 1190 αὐτοῖς,
512 1158 588 1193 παρὰ
597 1158 628 1185 τδ
643 1158 681 1195 μὴ
698 1159 783 1186 θέλειν
799 1159 907 1192 αὐτούς.

167 1287 198 1315 '0
215 1288 254 1323 μὴ
263 1289 352 1325 ὀρθῶς
366 1289 450 1326 βιοὺς,
464 1291 579 1327 κρύπτει
593 1293 622 1319 ὲν
635 1294 670 1328 τῇ
683 1293 755 1329 ψυχῇ
772 1293 854 1321 αὐτοῦ
869 1294 920 1327 τὰς

125 1334 221 1368 χτῖρας
242 1334 353 1369 ἀϋίκως,
379 1336 430 1372 τὴν
444 1337 541 1364 ἑαυτοῦ
555 1338 605 1373 γῆν
618 1339 785 1374 ἐργάσασθαι
804 1340 841 1376 μὴ
859 1340 920 1375 βου-

126 1379 252 1414 λόμενος,
269 1382 393 1408 τουτέστι
409 1383 439 1410 τὸ
453 1383 532 1419 σῶμα
543 1393 549 1399 ·
570 1385 637 1420 μηδὲ
665 1385 855 1421 ἐμπλησθῆναι
872 1387 920 1423 ἀρ-

124 1435 181 1454 των
191 1427 314 1463 ψυχικῶν
322 1437 328 1443 ·
341 1429 369 1456 αί
380 1429 433 1466 γὰρ
441 1431 591 1465 πρακτικαὶ
601 1431 707 1466 ἀρεταὶ,
720 1433 819 1468 χειρῶν
828 1433 919 1469 ἔχουσι

975 194 1086 221 nostra,
1099 187 1214 215 scientia
1227 188 1359 215 donamur
1373 192 1388 212 a
1405 185 1467 213 Deo.

1011 280 1035 297 "
1049 279 1126 313 Quod
1141 278 1217 312 dicit,
1234 278 1270 306 ita
1282 284 1377 312 reapse
1391 277 1418 305 in
1442 277 1534 305 mundi
1554 277 1635 305 rebus
1654 268 1761 305 contio?

975 325 1022 361 git.
1041 325 1099 360 Ego
1114 333 1178 353 vero
1189 325 1328 356 existimo,
1344 331 1426 358 grave
1440 323 1549 360 quidem
1561 324 1702 356 damnum,
1717 323 1760 351 in-

975 372 1060 407 telligi
1090 372 1271 407 privationem
1302 371 1421 398 notionis
1452 377 1547 398 eorum
1572 376 1633 404 quae
1661 369 1759 396 ﬁunt:

975 419 1073 447 animat
1093 425 1160 446 vero
1183 418 1377 451 traditionem,
1396 416 1617 445 obscurationem
1633 422 1693 442 esse
1715 422 1761 442 na-

975 464 1103 492 turalium
1119 464 1217 491 deDeo
1235 463 1387 495 notionum,
1400 469 1463 490 cum
1483 461 1574 489 anima
1587 461 1613 488 in
1625 461 1761 488 omnimo-

973 511 1035 538 dam
1063 510 1203 537 vesaniam
1223 509 1331 538 incidit.
1352 508 1480 536 Salvator
1500 515 1608 543 quoque
1627 507 1653 534 in
1671 507 1761 534 Evan-

973 557 1052 592 geliis
1077 557 1116 584 ait
1137 565 1145 585 :
1170 555 1243 589 Quid
1266 555 1383 590 proderit
1414 555 1533 587 homini,
1559 555 1582 582 si
1611 555 1762 581 universum

974 603 1102 631 mundum
1115 603 1243 635 lucretur,
1257 602 1353 629 anima
1367 609 1429 629 vero
1439 609 1495 629 sua
1505 600 1611 628 exitiale
1624 599 1762 626 detrimen-

973 653 1030 675 tum
1057 648 1178 683 patiatur
1195 648 1217 664 ’⁷
1238 647 1250 675 2
1275 646 1332 674 Hoc
1356 647 1417 674 loco
1441 645 1558 682 perditio
1580 645 1760 681 ignorantiam

973 694 1154 728 corporalium
1172 693 1438 728 incorporaliamque
1447 700 1538 721 rerum
1557 692 1670 720 denotat
1686 700 1694 719 :
1712 692 1762 718 de-

974 740 1146 772 trimentum,
1163 743 1315 766 extremam
1334 738 1472 766 vesaniam
1486 737 1633 773 signiﬁcat.

1009 785 1032 801 ”
1051 784 1079 812 Si
1094 786 1176 813 timor
1189 785 1297 812 Domini
1317 785 1350 812 ad
1367 783 1451 811 vitam
1465 784 1525 811 viro
1536 788 1598 817 est;
1615 783 1695 811 timor
1708 790 1759 810 au-

973 821 1026 859 tem
1039 830 1146 859 Domini
1159 830 1293 866 sapientia
1309 829 1491 865 etdisciplina
1503 837 1512 861 ς
1529 832 1653 864 sequitur
1664 833 1693 857 ut
1703 829 1759 857 vita

970 878 1020 905 viri
1037 878 1074 906 sit
1093 877 1226 913 sapientia
1237 885 1269 905 ac
1287 875 1441 911 disciplina.
1462 875 1533 910 Ergo
1555 883 1635 904 nosse
1650 876 1760 910 sapien-

971 922 1037 950 tiam
1053 930 1086 950 ac
1101 922 1291 957 disciplinain.
1311 921 1381 949 idem
1399 927 1442 950 est
1465 929 1498 950 ac
1516 929 1599 950 nosse
1619 921 1758 949 Christum

970 968 1082 1004 ejusque
1102 967 1265 995 doctrinam.
1285 967 1336 1001 Qui
1349 975 1415 1004 ergo
1437 968 1496 995 sine
1519 967 1566 995 Dei
1586 967 1683 994 timore
1697 972 1759 1000 est,

970 1015 998 1042 in
1027 1014 1150 1049 nequitia
1175 1018 1203 1042 et
1230 1013 1382 1048 ignorantia
1405 1014 1577 1047 versabitur,
1607 1013 1634 1040 in
1658 1012 1758 1048 quibus

969 1064 1046 1088 certe
1060 1059 1188 1087 Christus
1207 1066 1261 1086 non
1279 1063 1474 1086 commoratur.
1497 1059 1582 1094 Igitur
1600 1059 1646 1094 qui
1664 1059 1691 1086 in
1709 1064 1756 1086 ne-

969 1105 1053 1141 quitia
1069 1109 1098 1133 et
1113 1105 1267 1141 ignorantia
1283 1104 1398 1137 vivunt.
1415 1112 1469 1132 non
1491 1104 1713 1132 animadvertunt
1728 1103 1756 1130 in

969 1159 999 1180 se
1025 1151 1152 1179 timorem
1180 1151 1226 1178 Dei
1241 1170 1250 1183 ,
1274 1157 1362 1185 neque
1384 1150 1601 1179 misericordiam
1624 1150 1685 1185 ejus
1702 1149 1758 1178 sibi

969 1201 1098 1235 sperant;
1115 1203 1203 1232 neque
1222 1196 1349 1225 Christus
1367 1196 1395 1224 in
1414 1196 1455 1225 eis
1474 1201 1534 1230 est,
1549 1196 1611 1231 quia
1633 1197 1685 1230 ipsi
1705 1203 1756 1224 no-

969 1245 1036 1272 lunt.

1002 1291 1024 1308 "
1040 1290 1093 1324 Qui
1115 1294 1191 1318 recte
1210 1296 1266 1317 non
1285 1288 1364 1321 vivit,
1380 1294 1476 1315 manus
1491 1287 1517 1315 in
1535 1288 1646 1324 propria
1665 1288 1759 1316 anima

969 1335 1113 1364 abscondit
1126 1335 1238 1371 injuste,
1256 1339 1356 1362 terram
1372 1340 1449 1360 suam
1464 1333 1559 1361 nolens
1571 1333 1714 1366 excolere,
1729 1333 1755 1360 id

968 1389 1011 1411 est
1032 1389 1148 1418 corpus,
1173 1389 1262 1416 neque
1283 1379 1453 1416 spiritalibus
1489 1379 1606 1408 saturari
1629 1379 1754 1414 partibus.

968 1429 1035 1458 Nam
1056 1429 1185 1466 practice
1205 1428 1321 1457 virtutes
1343 1435 1474 1457 manuum
1493 1431 1588 1455 tenent
1604 1427 1756 1459 rationem.

124 1473 216 1507 λόγον,
235 1475 262 1500 αἱ
277 1474 322 1501 τὸν
337 1474 420 1510 ἄρτον
433 1475 472 1510 τῷ
486 1476 599 1512 στόματι
612 1478 628 1512 ἠ
633 1477 691 1512 μῶν
700 1479 916 1514 προσφέρουσαι,

975 1483 1062 1510 eaeque
1079 1481 1178 1511 panem
1215 1473 1256 1501 ori
1280 1477 1373 1501 nostro
1395 1472 1562 1504 admovent,
1579 1478 1694 1506 panem,
1719 1472 1759 1498 in-

123 1518 173 1545 τὸν
183 1519 238 1546 ἀπὸ
253 1520 307 1546 τῶν
319 1520 442 1556 οὐρανῶν
455 1522 612 1549 καταὸἀντα
621 1543 629 1555 ,
651 1523 697 1550 καὶ
717 1523 790 1560 ζωὴν
809 1524 914 1552 διδόντα

975 1530 1062 1557 quam,
1076 1521 1124 1556 qui
1140 1520 1174 1548 de
1188 1519 1257 1548 ctelo
1269 1518 1428 1552 descendit,
1445 1519 1583 1554 vitamque
1594 1517 1697 1546 mundo
1711 1518 1757 1546 dat

122 1564 164 1600 τῷ
174 1565 271 1601 κόσμῳ
284 1566 317 1592 δι’
331 1566 424 1593 ἐνθέου
441 1567 536 1602 σοφίας
547 1569 594 1596 καὶ
609 1569 746 1603 γνώσεως.

966 1576 1016 1603 per
1031 1568 1152 1596 divinam
1168 1565 1331 1602 sapientiam
1345 1569 1373 1592 et
1387 1564 1540 1592 scientiam.

859 1618 935 1647 CAP.
954 1617 1014 1646 XX.

159 1659 296 1695 Ei_0up.bg
308 1660 463 1696 δρακόντων
482 1663 497 1688 ό
518 1659 588 1694 οἶνος
602 1663 708 1695 αὐτῶν,
723 1664 871 1691 ἀκόλαστον
885 1664 914 1691 δὲ

122 1706 139 1732 ὀ
151 1703 239 1737 οἶνος,
255 1706 404 1738 ἀκόλαστος
424 1707 478 1742 ἀρα
495 1708 509 1733 6
532 1707 633 1743 θυμὸς,
645 1708 809 1742 ἀκολάστους
831 1710 915 1736 ποιῶν

124 1750 188 1782 τοὺς
213 1750 392 1786 ἀνθρώπους
414 1752 461 1791 καὶ
483 1752 639 1788 ὺὸριστικδν
661 1754 678 1789 ὴ
699 1754 787 1790 ὀργή·
812 1755 916 1789 γίνεται

125 1795 180 1831 γὰρ
192 1793 247 1822 ἀτέὺ
258 1795 365 1829 ζέοντος
376 1797 462 1833 θυμοῦ
474 1807 482 1814 ·
498 1800 523 1826 εἰ
533 1799 561 1826 δὲ
574 1799 644 1826 οῐνου
655 1801 678 1826 oi
690 1800 841 1837 Ναζαραῖοι
850 1801 922 1828 κατὰ

124 1841 170 1867 τὸν
190 1841 274 1877 νόμον
293 1843 458 1878 ἀπέχονται,
482 1843 568 1880 θυμοῦ
588 1845 642 1881 ἀρα
665 1846 728 1879 τοὺς
748 1847 921 1883 Ναζαραίους

125 1887 204 1919 ἐκτὸς
216 1885 285 1914 εἶναι
301 1888 521 1924 νενομοθέτηται.

166 1975 300 2003 Ἐνταῦοα
312 1977 358 2003 τὸν
374 1977 492 2012 Χριστὸν
509 1978 639 2015 ἄντικρυς
648 1979 744 2015 εἴρηκε
760 1980 884 2015 βασιλέα·
901 1981 916 2008 6

125 2020 178 2056 γὰρ
191 2021 288 2049 τοῦτον
303 2022 346 2050 διὰ
359 2023 413 2050 τῶν
424 2025 566 2060 ἁμαρτιῶν
578 2025 750 2060 παροξύνων,
765 2027 916 2062 ἁμαρτάνει

124 2067 165 2099 εἰς
175 2068 226 2104 τὴν
243 2069 340 2095 ἑαυτοῦ
356 2069 454 2104 ψυχήν.

163 2115 272 2150 Ὥσπερ
287 2116 302 2141 ὁ
318 2116 413 2151 ἄφρων
427 2115 457 2142 τὸ
468 2116 568 2148 ὕνειδος
582 2117 633 2144 οὐκ
646 2117 814 2153 αἰσχύνεται,
829 2107 919 2151 οὕτως’

126 2161 141 2187 ό
154 2161 349 2196 δανεισάμενος
364 2163 436 2188 σῖτον
453 2163 562 2198 σπεῖραι
583 2163 612 2190 ἐν
627 2163 741 2199 ἀμητῷ·
766 2164 817 2200 ἤδη
831 2164 872 2191 ὅτι
883 2165 916 2191 ἐκ

126 2206 172 2233 τοῦ
181 2206 319 2241 γεωργίου
332 2206 414 2232 αὑτοῦ
427 2206 621 2242 ἀποδοθήσεται
635 2207 675 2242 τῷ
686 2207 849 2240 δανείσαντι,
864 2207 915 2235 κᾶν

125 2252 193 2288 τύχῃ
210 2252 356 2279 ἀποθανεω
371 2252 418 2279 τὸν
436 2252 690 2281 δανεισθέντα.-Εί
705 2254 778 2281 ἔστιν
797 2255 826 2281 ὲν
844 2255 915 2289 ἀμη-

126 2298 163 2333 τῷ
173 2299 248 2325 σῖτον
260 2298 434 2325 δανείσασθαι
447 2299 522 2334 παρὰ
537 2299 591 2326 τῶν
607 2300 802 2335 ἐργασαμένων
816 2301 845 2327 ὲν
859 2301 914 2331 τοῖς

127 2344 155 2377 ἒξ
165 2345 237 2371 ἔτεσι
248 2344 297 2380 τὴν
309 2344 411 2370 ἑαυτῶν
426 2345 488 2380 γῆν,
503 2346 625 2372 τουτέστι
641 2346 716 2381 παρά
729 2346 784 2373 τῶν
798 2346 847 2381 τῆς
862 2346 914 2382 πρὸ

127 2391 171 2417 τοῦ
184 2390 304 2426 Χριστοῦ
324 2391 472 2425 παρουσίας
489 2392 518 2417 ἐν
534 2392 589 2423 τοῖς
605 2391 634 2425 ἐξ
652 2392 732 2418 αίῶσι
751 2392 914 2428 λαμψάντων

126 2435 235 2462 δικαίων
249 2437 296 2463 καὶ
313 2436 460 2472 προφητῶν
474 2437 523 2469 τὰς
542 2437 642 2473 ἀρετὰς
660 2438 846 2473 μιμήσασθαι,
861 2438 915 2464 τῶν

127 2483 171 2509 καὶ
192 2482 348 2518 τρεφόντων
371 2483 401 2509 ὲν
413 2482 452 2518 τῷ
467 2483 573 2519 ἑϐδόμῳ
587 2483 641 2509 ἔτει
656 2483 743 2518 χήραν
763 2484 811 2510 καὶ
831 2484 916 2520 ὀρφα-

128 2529 205 2560 νοὺς,
226 2529 268 2560 είς
291 2528 323 2555 τὸ
345 2529 558 2564 ἀνταποδοθῆναι
578 2530 669 2561 αὐτοῖς
692 2531 722 2557 ὲν
741 2532 774 2566 τῇ
793 2530 915 2567 βασιλείᾳ

126 2574 176 2601 τῶν
188 2574 314 2610 οὐρανῶν
328 2574 376 2601 τὸν
388 2574 484 2610 μισθὸν
504 2576 553 2611 τῆς
570 2575 708 2608 ἐνδείξεως
726 2576 780 2603 τῶν
795 2576 911 2612 ἀρετῶν,

130 2619 165 2651 ὡς
176 2619 291 2656 ἀπαρχὴ
304 2619 451 2654 γεγονότες
465 2621 520 2647 τῶν
531 2620 647 2656 ἀρετῶν.

155 2709 208 2743 Οὓς
230 2711 292 2737 κατ’
307 2709 410 2748 ἀρετὴν
431 2711 551 2746 δηλονότι
568 2713 715 2749 γεγέννηκε
741 2721 782 2745 τις
795 2732 802 2745 ,
822 2713 912 2740 εἰκόνα

154 2803 176 2822 ⁸*
191 2811 220 2832 v.
240 2804 284 2831 l9.
322 2803 357 2840 "7
371 2802 469 2831 Matth.
484 2810 537 2836 In,
551 2803 594 2832 26.
633 2805 656 2822 ’⁸
672 2812 697 2834 v.
711 2805 758 2834 25.
796 2807 818 2822 "
835 2814 860 2833 τ.
877 2806 923 2833 ﬁt.

1003 1663 1014 1679 ι
1039 1662 1068 1690 Si
1096 1661 1171 1689 (uror
1192 1660 1362 1691 draconum,
1383 1658 1478 1686 vinum
1500 1665 1616 1690 eorum;
1641 1662 1684 1686 est
1707 1664 1755 1685 au-

969 1713 1023 1736 tem
1051 1714 1097 1735 res
1122 1707 1308 1741 intemperans
1333 1705 1453 1738 vinum;
1476 1712 1542 1740 ergo
1570 1705 1757 1740 intemperans

967 1753 1061 1785 iuror.
1083 1753 1297 1787 intemperantes
1319 1758 1368 1779 seu
1392 1749 1509 1778 eﬂ‘renes
1532 1750 1637 1778 faciens
1662 1751 1754 1778 homi-

969 1805 1025 1825 nes.
1042 1797 1090 1824 Eat
1108 1797 1172 1824 item
1191 1795 1386 1823 contumeliosa
1407 1796 1448 1822 ira
1460 1814 1469 1827 ,
1483 1802 1543 1830 quae
1560 1794 1590 1822 tit
1608 1801 1643 1822 ex
1655 1795 1755 1822 arden-

968 1849 994 1872 te
1011 1843 1113 1871 t‘urore.
1133 1842 1211 1876 Quod
1230 1842 1253 1870 si
1273 1843 1335 1870 vino
1349 1842 1472 1870 Nazartei
1486 1842 1562 1877 juxta
1585 1841 1673 1877 legem
1690 1842 1756 1874 abs-

969 1890 1067 1921 tinent,
1086 1893 1162 1917 extra
1179 1887 1300 1916 furorem
1315 1896 1376 1917 esse
1393 1887 1538 1916 Nazarmos
1550 1888 1608 1923 lege
1623 1892 1754 1917 statutum

966 1938 1019 1962 est.
1184 1935 1190 1941 '

1005 1981 1015 1996 ²
1032 1979 1091 2007 Hoc
1111 1978 1171 2006 loco
1191 1979 1332 2007 Christum
1353 1979 1494 2008 evidenter
1516 1979 1663 2015 appellavit
1681 1980 1757 2014 regis

968 2026 1087 2054 nomine.
1105 2025 1173 2053 Nam
1188 2026 1235 2060 qui
1249 2024 1389 2053 Christum
1403 2025 1523 2061 peccatis
1538 2025 1640 2058 irritat,
1656 2025 1754 2053 adver-

968 2079 1016 2099 sus
1025 2071 1146 2099 animam
1164 2078 1244 2098 suam
1259 2075 1362 2105 peccat.

1005 2117 1015 2133 ³
1028 2118 1105 2145 Sicut
1119 2117 1219 2146 stultus
1234 2117 1415 2152 exprobratos
1430 2125 1484 2145 non
1501 2117 1647 2149 erubescit,
1660 2116 1698 2144 ita
1708 2117 1754 2151 qui

931 2176 954 2206 υ
968 2163 1061 2192 fenore
1079 2164 1181 2199 accipit
1196 2157 1368 2191 frumentum
1389 2163 1423 2191 ad
1439 2163 1586 2192 serendum
1608 2163 1635 2191 in
1655 2171 1753 2191 messe.

968 2209 1049 2237 Certe
1064 2217 1099 2237 ex
1113 2209 1173 2245 ejus
1193 2217 1260 2245 agro
1275 2209 1404 2237 reddetur
1418 2216 1478 2237 sors
1494 2209 1640 2242 ieneranti,
1658 2211 1755 2237 etiam-

967 2254 990 2282 si
1012 2254 1120 2282 interim
1143 2255 1213 2282 mori
1234 2255 1382 2289 contigerit
1399 2254 1424 2282 ei
1439 2255 1486 2290 qui
1507 2262 1568 2282 cum
1593 2254 1690 2283 fenore
1709 2262 1754 2283 ac-

968 2306 1087 2335 ceperat.
1101 2315 1138 2321 —
1153 2300 1212 2328 Jam
1237 2300 1357 2328 triticum
1380 2307 1443 2328 eum
1462 2300 1557 2329 fenore
1576 2300 1665 2335 accipi
1681 2307 1754 2328 mes-

967 2346 1005 2373 sis
1029 2351 1168 2380 tetnpore,
1188 2346 1221 2374 ab
1245 2346 1279 2373 iis
1311 2345 1357 2380 qui
1385 2353 1480 2381 agrum
1502 2353 1581 2373 suum
1604 2352 1652 2373 sex
1675 2347 1754 2374 annis

966 2396 1045 2419 erant
1062 2392 1186 2427 operati.
1208 2392 1260 2419 hoc
1279 2391 1417 2427 signiﬁcat
1440 2391 1548 2419 illorum
1567 2397 1631 2418 ante
1650 2391 1757 2419 Christi-

966 2437 1114 2465 adventum
1138 2445 1186 2465 sex
1209 2438 1337 2465 aetatibus
1359 2437 1494 2465 clarorum
1513 2436 1650 2471 justorum
1671 2441 1755 2471 atque

967 2483 1161 2517 prophetarum
1176 2483 1294 2511 virtutes
1314 2483 1416 2510 imitari
1434 2487 1581 2517 oportere,
1602 2482 1648 2517 qui
1670 2482 1753 2509 etiam

967 2529 1082 2564 septimo
1105 2536 1177 2556 anno
1200 2530 1358 2557 nutrierunt
1378 2528 1475 2556 viduas
1497 2533 1526 2555 et
1544 2529 1706 2563 orphanos;
1725 2532 1755 2555 ut

966 2575 1017 2603 sibi
1044 2575 1206 2603 redderetur
1227 2576 1254 2603 in
1279 2583 1364 2611 regno
1393 2575 1525 2603 caelorum
1551 2583 1655 2603 merces
1675 2583 1754 2603 exer-

963 2626 1000 2649 tze
1028 2621 1161 2653 virtutis,
1192 2621 1239 2656 qui
1273 2622 1329 2649 into
1359 2621 1469 2648 fuerunt
1493 2621 1625 2649 virtutum
1655 2621 1752 2656 primi-

967 2667 1021 2694 tite.

1003 2713 1014 2728 ⁸
1029 2712 1101 2746 Quos
1111 2713 1259 2740 secundum
1276 2713 1408 2742 virtutem
1423 2714 1486 2749 quis
1501 2713 1593 2749 genuit
1603 2733 1613 2748 ,
1626 2720 1673 2742 eos
1684 2713 1753 2742 ima-

969 2806 1060 2834 ‘vJ.
1104 2807 1194 2835 ἀεὶ.
1240 2806 1331 2834 ιιι.
1377 2806 1469 2834 ‘v.7.
