1919 3074
177 96 226 123 2H

624 96 905 124 SUPPLEMENTUM
928 94 972 123 AD
990 95 1152 124 ORIGENIS
1170 95 1376 124 EXEGETICA.

1751 96 1811 123 ΞΒ

176 161 267 190 ginem
291 158 318 182 et
336 155 521 183 laudationem
545 155 683 190 relinquet
704 157 824 191 posteris
847 157 890 183 vir
911 157 978 186 im-A

1028 155 1059 182 ut
1078 156 1251 191 μακαρισμὸν
1273 155 1430 189 καταλείψει
1452 157 1507 188 τοϊς
1533 155 1678 191 μετέπειτα
1692 156 1707 182 ὁ
1723 156 1814 191 ἀμω-

176 200 345 234 tnaeulatus,
361 205 388 229 et
413 202 446 228 ad
463 200 577 236 justitite
598 202 794 229 nutrimentum
820 209 908 237 usque
933 202 962 229 in

179 247 270 274 ﬁnem.

213 292 224 308 '
247 292 314 320 ﬂori
335 292 403 320 dixit
424 296 452 319 et
475 292 540 319 alibi
564 293 737 321 maledicum.
757 293 810 321 Sed
832 297 861 321 et
883 293 963 321 Chri-

178 343 238 366 stus
252 348 259 365 :
271 338 323 371 Qui
337 337 463 366 Εεειεεὶω
478 340 612 366 maledicit
624 359 632 372 ,
650 339 798 374 priuabilur
815 340 868 374 ﬁde
879 360 886 370 .
904 348 965 372 qua!

178 384 225 411 (tu:
254 385 278 411 ei
306 389 362 412 erat
393 390 453 412 ante
483 385 728 413 obtrectationem'.
754 385 824 412 Dicit
856 385 964 412 fortas-

177 437 207 457 se
223 430 305 457 etiam
320 430 354 458 de
375 431 496 459 tenebris
518 431 722 459 exterioribus:
738 431 799 458 ideo
817 436 846 459 et
867 431 900 459 de
921 431 965 458 fu-

177 478 240 501 turo
266 475 377 503 dicitur.
405 476 438 503 Et
460 477 518 511 ipse
541 477 687 511 Christus,
714 481 796 511 pater
820 481 964 511 materque

178 519 231 547 dici
258 525 349 555 potest
377 530 385 548 :
410 527 487 557 pater
511 523 623 557 quidem
650 523 819 552 habentium.
836 523 963 558 spiritum

178 567 349 600 adoptionis;
374 572 461 595 mater
483 568 666 604 indigentium
686 569 758 596 lacte
774 574 802 596 et
822 576 876 597 non
900 569 965 597 soli-

178 611 256 639 diore
271 612 340 640 cibo.
361 611 484 648 Namque
498 619 526 642 et
544 615 573 642 in
587 614 675 642 Paulo
693 614 807 650 loquens
821 615 944 643 Christus
955 635 962 647 ,

178 662 256 693 pater
276 658 455 694 Ephesiorum
475 660 576 693 ﬁebat,
590 660 730 695 sapientiae
754 661 822 696 ipsis
841 661 966 688 revolans

179 698 309 738 mysteria
335 712 343 731 :
373 708 464 732 mater
485 712 551 733 vero
574 706 778 734 Corinthiorum
802 706 901 741 quibus
923 706 966 734 lac

178 749 326 783 prtebebat.

1015 207 1074 234 μος,
1087 199 1133 225 καὶ
1149 199 1320 233 δικαιοσύνην
1331 199 1486 235 ἀνατροφῆς
1500 199 1553 232 ἕως
1563 200 1667 232 τέλους.

1049 291 1183 326 Τελευτᾷν
1201 290 1255 326 γὰρ
1280 288 1356 317 εἶπεν
1371 290 1488 326 ἀλλαχοῦ
1510 291 1556 318 τὸν
1584 291 1811 325 κακολογοῦντα·

1013 336 1082 362 ἀλλὰ
1100 337 1147 363 καὶ
1163 337 1293 372 Χριστός·
1309 337 1364 363 Καὶ
1377 338 1394 363 ό
1412 337 1469 370 τὴν
1483 337 1664 371 Ἐκκλησίαν
1675 339 1814 365 κακολο-

1013 381 1091 416 τῶν,
1107 382 1325 416 στερηθήσεται
1340 383 1397 417 τῆς
1417 383 1548 417 πίστεως
1562 406 1568 412 .
1591 383 1657 417 ἣτις
1670 382 1710 419 ἦν
1721 383 1814 416 αὐτῷ

1014 427 1077 461 φῶς
1090 428 1146 461 πρὸ
1170 427 1226 462 τῆς
1245 428 1405 463 διαϐολῆς·
1424 429 1496 463 λέγει
1518 430 1540 456 δ’
1558 429 1592 456 ἂν
1613 430 1740 465 καὶπερὶ
1756 429 1810 456 τοῦ

1015 471 1147 508 ὲξωτέρου
1172 473 1301 505 σκάτους·
1316 473 1357 500 διὸ
1376 475 1423 501 καὶ
1449 475 1495 501 ἐπὶ
1513 474 1656 510 μέλλοντος
1676 475 1811 511 εἴρηται-

1015 518 1061 544 καὶ
1076 519 1090 544 ὸ
1106 519 1223 554 Χριστὸς
1248 519 1276 545 δὲ
1286 540 1293 551 ,
1309 520 1400 556 πατὴρ
1421 521 1468 547 καὶ
1485 521 1576 556 μήτηρ
1600 521 1712 548 δύναται
1726 521 1812 554 λέγε-

1015 562 1093 589 σθαι·
1114 563 1205 599 πατὴρ
1227 564 1276 600 μὲν
1293 564 1346 591 cu'w
1371 565 1488 600 ἐχόντων
1514 565 1623 601 πνεῦμα
1646 565 1811 598 υἱοθεσίας⁷

1016 610 1109 646 μήτηρ
1123 609 1152 637 δὲ
1176 610 1231 636 τῶν
1253 611 1387 646 δεομένων
1410 611 1544 645 γάλακτος
1572 611 1619 638 καὶ
1638 611 1668 637 ού
1691 611 1813 647 στερεᾶς

1014 656 1134 692 τροφῆς·
1150 657 1266 693 καὶγὰρ
1285 658 1332 684 καὶ
1347 658 1362 683 ὁ
1388 658 1418 684 ὲν
1440 657 1540 692 Παύλῳ
1565 657 1653 684 λαλῶν
1676 657 1812 694 Χριστὸς,

1015 703 1106 738 πατὴρ
1127 703 1176 738 μὲν
1197 703 1251 730 τῶν
1275 703 1406 738 Ἐφεσίων
1435 704 1559 738 ἐγίνετο,
1594 704 1689 739 σοφίας
1712 705 1813 736 αὐτοῖς

1015 747 1212 775 ἀποκαλύπτων
1227 750 1377 785 μυστήρια·
1389 751 1479 786 μήτηρ
1493 750 1549 785 (10)
1562 750 1723 785 Κορινθίων,
1736 750 1813 784 γάλα

1016 791 1132 825 ποτίζων
1148 794 1256 826 αὐτούς.

224 840 234 855 ⁷
265 840 451 875 Exeogitatam
476 841 554 869 nobis
583 848 598 868 a
627 841 744 875 maligno
770 841 934 876 voluptatem
952 863 959 875 ,

1049 839 1105 875 Τὴν
1129 840 1162 866 ὲκ
1183 840 1230 867 τοῦ
1255 840 1374 877 πονηροῦ
1392 841 1587 877 ἐφευρεθεῖσαν
1611 843 1677 878 ἡμῖν
1697 840 1812 878 ἡδονὴν,

180 893 260 920 quam
287 891 390 921 partem
416 887 442 914 in
471 887 568 921 primis
592 887 733 922 appellat.
756 887 832 914 brevi
856 887 965 922 quidem

180 936 272 966 guttur
286 931 418 968 inungere
436 932 539 960 senties
550 952 558 966 ,
572 939 635 960 mox
654 937 744 960 tamen
761 932 824 960 felle
845 932 966 960 amario-

181 982 248 1001 rem.

215 1019 229 1035 ⁸
243 1019 317 1048 Cave
330 1020 407 1048 dicas
422 1022 548 1057 superbia
561 1027 731 1055 commotus,
741 1024 799 1058 Ego
815 1024 890 1051 solus
905 1031 966 1051 eum

179 1065 305 1094 hostibus
319 1075 435 1103 pugnam
450 1075 610 1101 conseram;
626 1070 672 1096 sed
690 1070 836 1097 Dominum
849 1075 965 1104 expecta

181 1116 210 1139 ct
224 1112 331 1146 invoca,
349 1119 378 1140 ut
396 1114 446 1141 tibi
460 1114 618 1141 auxilietur.
635 1114 674 1141 Ne
695 1115 743 1142 tibi
756 1115 878 1142 conlldas
889 1115 966 1150 quasi

182 1158 286 1192 absque
309 1159 424 1186 Domino
441 1159 544 1193 aliquid
558 1159 666 1190 valeas;
689 1160 752 1194 quia
777 1165 875 1193 praeter
892 1160 967 1187 illum

182 1210 238 1231 non
251 1209 292 1232 est
310 1205 466 1235 auxiliator.
486 1206 532 1233 Ait
553 1205 639 1233 David
650 1206 661 1221 ⁹
677 1215 684 1233 :
699 1205 760 1233 Non
773 1207 844 1233 enim
861 1207 889 1233 in
904 1214 968 1234 arcu

181 1260 238 1278 meo
249 1251 368 1284 sperabo.

219 1297 242 1313 η
256 1296 286 1323 In
302 1296 383 1323 rebus
395 1296 502 1330 quidem
517 1295 691 1323 sensibilibus
701 1300 830 1323 stateram
844 1304 968 1332 magnam

182 1350 216 1370 ac
233 1350 345 1378 parvam
368 1350 428 1369 esse
449 1342 575 1376 dicimus,
592 1343 618 1369 in
637 1342 736 1377 quibus
749 1350 857 1375 aurum,
871 1351 969 1378 argen-

183 1394 253 1421 tum,
267 1395 316 1422 ωε,
333 1388 464 1421 sericum,
476 1393 505 1416 et
515 1388 567 1415 alia
584 1389 685 1424 quaevis
699 1389 894 1423 ponderantur.
910 1390 970 1416 Alia

183 1441 250 1462 vero
272 1434 344 1462 vasis
365 1434 504 1468 metimur,
527 1434 692 1461 frumentum
705 1454 713 1467 ,
730 1435 842 1468 vinum,
864 1435 970 1468 oleum,

1015 885 1050 920 ῆν
1077 885 1174 922 μερίδα
1200 886 1282 921 φησὶν
1297 887 1326 913 ὲν
1349 885 1486 922 πρώτοις,
1504 887 1671 923 πρόσκαιρον
1693 888 1745 922 μὲν
1768 887 1812 913 λι-

1017 931 1106 958 παίνει
1129 932 1175 958 σὺν
1208 932 1336 968 φάρυγγα
1354 952 1362 964 ,
1390 931 1502 968 ὕστερον
1525 933 1617 969 μέντοι
1643 934 1814 970 πικρότερον

1016 976 1098 1012 χολῆς
1115 977 1250 1012 εὑρήσεις.

1051 1023 1098 1058 Μὴ
1114 1024 1193 1060 εἴπῃς
1206 1024 1266 1050 καθ’
1280 1024 1470 1060 ὑπερηφανίαν
1485 1025 1644 1061 κινούμενος
1654 1034 1660 1040 ·
1673 1025 1739 1060 ’ἐγὼ
1757 1026 1813 1061 μό-

1017 1079 1061 1103 νος
1074 1072 1129 1103 τοῖς
1141 1071 1248 1108 ἐχθροῖς
1261 1072 1408 1108 πολεμήσω
1417 1093 1424 1105 ,
1448 1072 1505 1099 ἀλλ’
1526 1073 1674 1108 ὑπόμεινον
1686 1073 1733 1100 τὸν
1750 1073 1813 1101 Κύ-

1019 1125 1076 1153 ριον
1098 1118 1145 1144 καὶ
1170 1118 1317 1151 ὲπικαλοῦ,
1341 1119 1385 1145 ἵνα
1417 1128 1458 1146 σοι
1484 1119 1621 1156 βοηθήσῃο
1647 1120 1685 1156 μὴ
1710 1120 1812 1156 θάρρει

1019 1162 1110 1198 σαυτῷ
1124 1163 1162 1195 ὡς
1177 1164 1262 1199 χωρὶς
1283 1165 1386 1199 Κυρίου
1400 1165 1547 1200 δυνάμενος
1557 1174 1564 1180 ·
1581 1166 1622 1192 ὃτι
1643 1165 1696 1202 γὰρ
1722 1167 1812 1202 χωρὶς

1018 1208 1101 1236 αὑτοῦ
1117 1209 1167 1236 οὐκ
1182 1210 1240 1236 ἐστι
1256 1209 1361 1246 βοηθὸς,
1377 1211 1450 1246 λέγει
1465 1211 1546 1238 Δαυτδ
1557 1220 1565 1227 ·
1578 1213 1620 1240 Οὐ
1634 1213 1690 1248 γὰρ
1699 1213 1750 1240 ἐπὶ
1769 1213 1812 1246 τῷ

1018 1255 1095 1289 τόξῳ
1104 1265 1164 1290 μου
1176 1255 1278 1283 same.

1060 1301 1122 1327 Ἐπὶ
1136 1301 1186 1336 μὲν
1196 1301 1249 1328 τῶν
1259 1302 1405 1338 αἰσθητῶν,
1421 1303 1551 1339 πάθμιον
1564 1303 1636 1339 μέγα
1648 1304 1696 1331 καὶ
1709 1303 1811 1340 μικρόν

1021 1355 1110 1382 φαμεν
1124 1344 1209 1379 εἶναι,
1229 1348 1258 1374 ὲν
1281 1345 1322 1380 οἷς
1335 1349 1452 1384 χρυσὸς,
1469 1349 1601 1385 ἄργυρος,
1621 1350 1737 1385 χαλκὸς,
1762 1350 1814 1386 μέ-

1020 1395 1089 1427 ταξα
1108 1395 1174 1430 (Η),
1188 1395 1235 1422 καὶ
1253 1396 1303 1422 ὃσα
1316 1395 1384 1422 ἄλλα
1401 1395 1609 1431 σταθμίζονται-
1627 1396 1714 1432 μέτρα
1728 1396 1756 1422 δὲ
1777 1396 1812 1422 τὰ

1020 1441 1050 1466 ὲν
1067 1442 1189 1475 ἀγγείοις
1212 1441 1401 1477 μετρούμενα,
1421 1442 1493 1473 σῖτος
1504 1462 1511 1474 ,
1534 1439 1619 1473 οἶνος,
1635 1441 1740 1474 ἔλαιον,
1763 1442 1812 1468 καὶ

183 1481 330 1516 legumina.
345 1480 432 1507 Aliter
445 1487 521 1513 vero,
537 1481 620 1508 etiam
642 1480 725 1508 horno
740 1489 820 1516 quem
838 1482 971 1516 appellant

1028 1487 1122 1523 Εσπρια
1132 1497 1139 1503 ·
1155 1488 1243 1520 ἄλλως
1259 1497 1288 1514 τε
1310 1487 1338 1514 δὲ
1355 1487 1400 1514 τὸν
1413 1487 1489 1523 παρά
1503 1495 1558 1513 τισι
1577 1487 1749 1523 θρασύδειλον
1768 1487 1814 1513 λε-

185 1526 370 1562 θρασύδειλον,
389 1527 518 1554 audacem
545 1526 625 1554 simul
643 1532 671 1554 et
685 1527 823 1561 timidum,
841 1532 970 1555 stateram

1028 1534 1154 1569 γόμενον,
1179 1534 1250 1569 μέγα
1265 1534 1312 1560 καὶ
1328 1534 1424 1569 μικρὸν
1446 1531 1514 1560 εἶναι
1538 1533 1667 1569 στάθμιον
1690 1533 1811 1569 νομίζω·

186 1580 314 1608 magnam
325 1577 353 1600 et
367 1580 477 1608 parvam
495 1579 556 1600 esse
573 1577 649 1607 puto.
661 1572 776 1601 Omnino
787 1573 920 1608 quidquid
930 1578 974 1601 est

1028 1579 1138 1607 καθόλου
1164 1580 1194 1606 δὲ
1216 1580 1306 1606 πᾶσαν
1329 1577 1482 1614 ὑπερϐολὴν
1505 1577 1552 1604 καὶ
1574 1577 1705 1611 ἔλλειψιν·
1733 1575 1814 1603 τοῦτο

185 1618 388 1654 ltyperbolicum
402 1623 429 1646 et
447 1618 636 1646 diminutivum
648 1638 656 1651 ,
677 1624 780 1647 statera
797 1627 894 1654 magna
911 1627 974 1654 par-

1028 1625 1153 1660 πάθμιον
1166 1624 1236 1659 μέγα
1246 1624 1294 1651 καὶ
1307 1623 1402 1659 μικρόν
1412 1624 1485 1650 ἐστιν
1495 1631 1501 1638 ·
1513 1622 1629 1658 ἑκάτερα
1639 1621 1694 1658 γὰρ
1705 1621 1814 1654 κακίαι,

186 1672 274 1700 vaque
289 1669 342 1692 est.
356 1663 479 1700 Utraque
499 1665 569 1692 mala
582 1668 640 1697 est,
659 1671 756 1699 nempe
770 1673 907 1693 mensurae
923 1666 974 1694 du-

1028 1670 1070 1697 mi.
1086 1670 1173 1705 μέτρα
1200 1669 1294 1696 δισσά-
1307 1669 1394 1700 ἄλλως
1414 1677 1444 1695 τε
1466 1668 1512 1694 καὶ
1536 1669 1551 1695 ὁ
1573 1666 1603 1695 εὖ
1627 1669 1676 1704 μὲν
1698 1669 1814 1704 πάσχειν

185 1711 282 1745 plices.
311 1711 397 1738 Aliter
418 1711 554 1746 denique,
572 1715 600 1738 et
619 1710 665 1745 qui
689 1710 824 1739 beneﬁcio
844 1711 920 1739 affici
940 1712 974 1739 ab

1028 1718 1068 1752 ὑφ’
1084 1717 1185 1753 ἐτέρων
1200 1716 1370 1752 βουλόμενος,
1383 1715 1464 1747 αὐτὸς
1476 1715 1505 1741 δὲ
1520 1715 1621 1750 ὁμοίως
1635 1715 1732 1747 ἄλλους
1746 1716 1814 1742 ἀνα-

187 1758 250 1785 aliis
265 1757 339 1792 vult],
357 1764 407 1786 nec
427 1758 485 1793 ipse
501 1758 622 1787 vicissim
642 1757 710 1786 alios
725 1758 807 1786 solari
824 1758 972 1791 deliberat,

186 1812 345 1832 mensuram
362 1804 445 1833 habet
466 1805 600 1841 duplicem
617 1815 625 1834 :
640 1814 691 1836 nec
715 1810 851 1843 praecepto
866 1805 974 1833 obtem-

186 1856 265 1887 perat
283 1851 383 1879 dicenti
400 1859 408 1878 :
422 1851 590 1887 Quaecunque
613 1854 692 1881 uultis
717 1855 788 1881 vobis
808 1854 866 1888 ﬁeri
880 1854 911 1881 ab
927 1854 974 1880 Ito-

185 1897 310 1930 minibus,
328 1898 384 1924 Ιιατ
398 1906 444 1925 vos
459 1899 580 1926 similiter
599 1899 652 1926 illis
668 1900 748 1934 facile
759 1901 792 1927 ¹¹.

223 1943 245 1958 ¹¹
267 1943 442 1978 Nequaquam
465 1949 507 1971 est
521 1951 589 1979 opus
611 1944 719 1972 Domini
742 1945 816 1973 auris
837 1945 907 1973 male
925 1953 974 1972 an.

187 1989 264 2017 diens
276 2009 284 2022 ,
300 1990 347 2017 sed
369 1990 415 2018 illa
433 1998 494 2024 quae
509 1991 596 2018 bonas
617 1998 663 2018 res
684 1992 829 2019 auscultat.
844 1991 911 2020 ltem
926 2001 976 2021 ne-

187 2044 323 2071 quaquam
346 2036 416 2064 male
435 2037 532 2064 videns
553 2036 670 2068 oculus,
693 2044 761 2071 opus
785 2037 889 2065 Dotnini
912 2044 973 2071 est,

187 2084 234 2110 scd
265 2082 310 2117 qui
337 2082 411 2109 videt
439 2086 466 2109 et
497 2082 549 2109 sibi
575 2087 754 2117 repraesentat
780 2091 824 2111 res
849 2084 972 2112 divinas.

187 2127 255 2154 Nam
283 2135 345 2162 qua:
371 2119 447 2155 auris
472 2127 614 2155 Dominum
639 2129 736 2162 audit,
761 2133 790 2157 et
812 2130 858 2164 qui
882 2131 975 2158 oculus

1024 1762 1123 1789 παύειν
1148 1762 1185 1798 μὴ
1204 1761 1439 1797 προαιρούμενος,
1463 1760 1549 1795 μέτρα
1575 1759 1630 1795 ἔχει
1652 1760 1747 1786 δισσά.-
1775 1760 1813 1796 μὴ

1023 1808 1187 1844 πειθόμενος
1199 1807 1340 1844 τῇὲντολῇ
1351 1807 1383 1842 τῇ
1403 1805 1519 1842 λεγούσῃ
1537 1814 1545 1822 ·
1558 1805 1661 1833 Πάντα
1685 1806 1745 1833 ὅσα
1766 1807 1813 1833 θέ-

1024 1856 1093 1881 λετε
1112 1854 1163 1881 ἵνα
1175 1853 1301 1880 ποιῶσιν
1314 1852 1388 1887 ὑμῖν
1417 1853 1445 1879 οὶ
1468 1851 1635 1886 ἅνθρωποι,
1659 1852 1708 1879 καὶ
1730 1852 1814 1886 ὑμεῖς

1025 1900 1131 1934 ὁμοίως
1146 1900 1255 1926 ποιεῖτε
1269 1897 1378 1931 αὐτοῖς.

1060 1945 1128 1981 Οὐχὶ
1142 1945 1173 1972 τὸ
1185 1945 1277 1978 κακῶς
1292 1945 1391 1973 ἀκοῦον
1403 1943 1459 1979 οὖς,
1474 1946 1553 1981 ἔργον
1569 1945 1627 1972 ἐστὶ
1639 1944 1687 1971 τοῦ
1699 1943 1812 1979 Κυρίου,

1025 1989 1093 2016 ἀλλὰ
1105 1989 1135 2016 τὸ
1153 1990 1199 2017 ἐπὶ
1213 1990 1306 2022 καλοῖς
1318 1991 1452 2026 προσέχον
1463 1998 1471 2006 ο
1488 1991 1536 2017 καὶ
1554 1990 1614 2025 οὺχῖ
1634 1988 1725 2020 κακῶς
1744 1988 1814 2023 ὁρῶν

1024 2034 1178 2070 ὀφθαλμὸς,
1195 2034 1275 2070 ἔργον
1298 2035 1358 2061 ἐστὶ
1371 2035 1418 2062 τοῦ
1435 2035 1553 2070 Κυρίου,
1570 2035 1626 2061 ἀλλ’
1648 2035 1663 2060 ὁ
1677 2033 1750 2069 ὁρῶν
1768 2033 1814 2059 καὶ

1026 2080 1226 2116 φανταζόμενος
1239 2081 1273 2107 τὰ
1286 2080 1345 2107 θεῖα
1354 2090 1360 2096 ·
1375 2082 1389 2108 ὁ
1401 2081 1455 2117 γὰρ
1466 2081 1571 2108 ἀκούων
1582 2080 1629 2107 τοῦ
1642 2079 1756 2115 Κυρίου,
1768 2078 1814 2105 καὶ

1027 2127 1132 2162 βλέπων
1145 2127 1195 2158 τὰς
1212 2127 1320 2158 ἐντολὰς
1336 2127 1417 2154 αὑτοῦ
1428 2147 1435 2159 ,
1454 2127 1533 2163 ἔργον
1556 2126 1615 2154 ἐστὶ
1630 2125 1677 2152 τοῦ
1692 2125 1814 2160 Κυρίου*

187 2176 292 2206 spectat
316 2172 443 2199 mandata
467 2172 526 2207 ejus
544 2191 551 2204 ,
576 2172 634 2199 haec
658 2179 740 2207 opera
765 2172 872 2201 Domini
898 2180 974 2202 sunt.

1028 2173 1073 2199 καὶ
1093 2173 1139 2199 ἐπὶ
1164 2172 1219 2199 τῶν
1240 2172 1327 2200 ἄλλων
1350 2172 1440 2208 μερῶν
1463 2172 1510 2199 τοῦ
1538 2171 1662 2207 σώματος
1684 2170 1814 2200 ὡσαύτως

187 2217 223 2246 Ει
243 2219 277 2245 de
301 2218 408 2245 emeris
432 2218 555 2252 corporis
577 2218 702 2253 partibus
724 2218 851 2246 similiter
868 2224 910 2247 est
933 2221 974 2248 di-

187 2264 314 2292 cendum.
331 2263 388 2291 Hoc
405 2268 498 2290 autem
521 2263 605 2291 uteris
624 2263 699 2292 dicto
718 2264 849 2292 adversus
867 2272 913 2294 eos
927 2268 974 2301 qui

189 2315 312 2337 nostrum
339 2310 393 2337 hoc
417 2317 518 2345 corpus
544 2310 723 2344 vituperant,
746 2315 774 2338 et
796 2310 855 2338 Deo
875 2313 974 2340 convi-

187 2357 305 2383 ciantur.

224 2401 247 2416 ¹³
257 2400 285 2428 Id
299 2405 386 2431 est,ne
400 2401 445 2428 diu
459 2399 588 2434 dormias,
603 2401 650 2428 sed
667 2405 725 2428 esto
749 2401 877 2436 vigilans.
893 2401 931 2430 Ne
945 2403 972 2430 in

187 2445 326 2474 infernum
339 2445 504 2480 projiciaris,
524 2445 579 2474 noli
601 2447 750 2474 obtrectari
767 2457 775 2476 :
789 2453 818 2475 et
830 2455 878 2483 per
890 2450 975 2476 virtu-

189 2498 229 2520 tes
243 2492 317 2527 aperi
341 2492 436 2520 oculos
459 2492 557 2521 animae
580 2497 642 2520 tuae.
658 2493 781 2528 Denique
802 2501 850 2529 per
864 2495 974 2530 sapien-

190 2536 261 2563 tiam
275 2535 504 2564 intelleetualibus
515 2541 641 2565 saturare
655 2539 781 2573 panibus.

224 2625 250 2644 ιδ
260 2625 413 2653 Alternatio
428 2625 500 2654 inter
513 2625 620 2654 Domini
634 2632 662 2654 et
679 2627 778 2655 diaboli
797 2636 892 2664 opera,
909 2629 974 2656 abo-

223 2684 234 2700 '
250 2693 276 2711 v.
290 2685 336 2714 ‘20,
375 2686 385 2701 ⁸
398 2685 493 2713 Matth.
506 2692 581 2720 mu,
597 2686 640 2714 17.
687 2687 697 2702 ⁷
713 2694 740 2714 v.
752 2687 797 2714 2L
841 2688 853 2704 ⁸
867 2695 892 2716 v.
904 2687 947 2714 εἰ.

187 2719 250 2747 "v.
267 2721 310 2747 15.
349 2721 371 2737 ιδ
384 2729 411 2748 v.
425 2721 469 2748 25.

225 2776 281 2810 (10)
299 2777 469 2805 Desidet-amr
478 2778 522 2806 δέ.
538 2778 616 2806 Eutr.
637 2777 718 2805 Pun.

1001 2688 1011 2704 '
1026 2688 1072 2716 Ps.
1089 2696 1164 2722 mu,
1185 2688 1211 2716 7.
1259 2688 1280 2704 ¹⁰
1295 2695 1320 2715 v.
1336 2687 1379 2714 10.
1425 2687 1445 2702 ¹¹
1461 2685 1525 2712 Luc.
1545 2693 1581 2717 τι,
1592 2684 1637 2711 3|.

1025 2219 1135 2246 λεκτέον
1146 2228 1152 2234 ·
1168 2220 1259 2256 χρήσῃ
1274 2219 1302 2246 δὲ
1319 2219 1358 2254 τῷ
1373 2219 1447 2255 ῥητῷ
1462 2218 1548 2254 τούτῳ
1566 2218 1634 2254 πρὸς
1655 2218 1719 2249 τοὺς
1735 2224 1815 2251 κατη-

1025 2263 1175 2300 γοροῦντας
1199 2265 1278 2300 ἡμῶν
1303 2264 1426 2291 τοῦτοτὸ
1442 2264 1535 2299 σῶμα,
1559 2263 1607 2289 καὶ
1624 2262 1671 2288 τὸν
1685 2261 1752 2288 Θεὸν
1774 2262 1816 2288 ὲν-

1027 2308 1196 2344 υὸρίζοντας.

1062 2397 1192 2424 Τουτέιπι
1221 2398 1258 2434 μὴ
1280 2397 1392 2424 κάθευδε
1406 2397 1506 2429 πολλὰ,
1522 2396 1578 2423 ἀλλ’
1593 2396 1733 2431 ἄγρυπνος
1753 2394 1813 2421 ἔσο·

1027 2445 1070 2471 ἶνα
1086 2445 1123 2480 μὴ
1135 2444 1254 2480 ὲξαρθῇς
1269 2445 1309 2475 εἰς
1322 2444 1373 2479 τὴν
1389 2444 1515 2477 γέενναν,
1541 2442 1578 2478 μὴ
1591 2441 1736 2468 καταλάλει
1747 2449 1753 2455 ·
1770 2441 1815 2467 καὶ

1026 2490 1070 2516 διὰ
1093 2490 1142 2525 μὲν
1166 2490 1220 2516 τῶν
1243 2488 1364 2525 ἀρετῶν,
1379 2489 1471 2522 ἄνοιγε
1496 2488 1560 2518 τοὺς
1581 2486 1738 2521 ὀφθαλμοὺς
1766 2485 1815 2521 τῆς

1026 2536 1115 2571 ψυχῆς
1131 2544 1178 2562 σου
1189 2545 1195 2550 -
1212 2536 1255 2562 διὰ
1266 2535 1295 2562 δὲ
1312 2535 1362 2570 τῆς
1387 2535 1498 2569 σοφίας,
1521 2534 1624 2569 νοητῶν
1644 2532 1816 2568 ἐμπλήσθητι

1103 2591 1128 2609 ν.

1103 2591 1128 2609 ν.

1027 2583 1102 2654 ἀρᾷ-Ξ
1116 2628 1256 2664 σταθμιεῖν
1277 2628 1372 2655 ἑαυτόν
1393 2636 1435 2659 τις
1451 2627 1497 2654 ἐπὶ
1516 2627 1571 2658 τοῖς
1588 2625 1636 2652 τοῦ
1653 2623 1758 2659 Κυρίου
1771 2622 1817 2650 καὶ

1693 2683 1716 2698 ¹¹
1730 2690 1755 2709 v.
1773 2681 1815 2710 12.

224 2805 281 2847 in}
304 2812 430 2841 Notemus
448 2805 550 2849 μέταξα
563 2805 637 2850 apud
653 2814 809 2849 Origenem,
832 2813 903 2847 quod
922 2811 1059 2840 immerito
1083 2810 1204 2840 nonnulli
1219 2809 1378 2839 vocabulum
1391 2807 1562 2837 barbaricum
1579 2805 1782 2834 existimarunt.
