1919 3074
109 87 165 115 2ὶὸ

707 88 890 117 EXPOSITIO
908 89 940 115 IN
960 86 1167 116 PBOVERBIA.

1695 85 1757 115 ευτ’

113 146 162 173 τοῦ
171 144 296 172 διαϐὁλου
310 145 407 183 ἔργοις
417 168 423 180 ,
446 147 583 184 βδέλυγμα
600 148 696 185 Κυρίῳ
705 158 711 164 ·
737 149 818 184 ζυγὸν
832 149 860 175 δὲ
873 149 906 175 δο-

967 148 1080 176 minatio
1095 147 1220 175 Domino.
1236 146 1361 174 Dolosam
1377 149 1508 173 stateram
1525 145 1590 173 dicit
1612 150 1745 177 mentem,

113 191 171 218 λιον
183 191 259 225 λέγει
275 193 323 218 τὸν
337 193 402 220 νοῦν
412 214 419 226 ,
438 193 484 220 τὸν
499 194 638 228 πεφυκότα
657 195 705 230 μὲν
727 195 837 226 δικαίως
851 195 912 230 κρί-

113 248 173 266 νειν
182 239 218 266 τὰ
232 238 398 274 πράγματα,
413 239 626 275 παρεκκλίνοντα
636 240 664 267 δὲ
675 242 708 276 τῇ
724 240 772 268 τοῦ
786 241 912 275 αὐτεξου-

115 286 178 313 «iw
193 287 264 321 ῥοπῇ
275 286 322 312 διὰ
340 286 435 320 φίλους
451 286 468 322 ἢ
481 287 619 322 χρήματα.

154 332 200 367 Μὴ
216 331 336 366 ταχέως.
358 332 440 366 φησὶν
452 353 458 364 ,
472 332 518 358 ἐπὶ
536 332 586 368 τὴν
603 332 768 367 ἐπαγγελίαν
784 334 852 369 πρὸς
865 333 911 360 τὸν

110 375 292 408 Θεὸνκινοῦ,
310 377 354 403 ἵνα
379 377 416 412 μὴ
439 377 489 412 τῆς
504 377 598 412 χρείας
619 386 648 404 σε
664 378 802 410 πολλάκις,
826 379 842 414 ἢ
861 379 910 414 τῆς

109 420 163 448 τοῦ
178 421 305 454 πλείονος
317 421 463 457 ἐπιθυμίας
474 422 596 458 ἐλούσης,
617 423 687 460 ἄρξῃ
701 425 850 459 μετανοεῖν,
864 425 910 451 καὶ

110 467 235 503 ὑδρία-εις
246 468 325 500 Θεὸν,
343 468 514 504 προτιμήσας
531 468 613 495 αὑτοῦ
624 469 717 506 ἕτερον
729 478 735 484 ·
756 471 772 505 ἡ
794 470 840 497 ἐπὶ
853 472 910 502 τοῖς

108 506 232 547 ἀγαθοῖς
260 514 288 540 δὲ
314 514 455 548 μετάνοια,
479 514 509 540 οὐ
533 514 648 546 δικαίοις
666 515 826 551 συμϐαίνει,
842 516 909 543 ἀλλὰ

109 558 222 590 ἀδίκοις
233 568 242 574 σ
257 559 345 586 ἄδικοι
361 559 389 586 δὲ
410 559 491 594 μηδὲν
507 559 715 596 ἀπερισκέπτως
728 561 908 596 ὑπισχνείτω-

110 613 165 631 σαν
181 605 222 640 τῷ
238 604 298 640 Θεῷ
308 614 316 621 ν
333 606 401 641 μετά
417 606 470 641 γὰρ
485 606 516 632 τὺ
532 605 670 639 εὔξασθαι,
687 608 825 642 μετανοεῖν
837 607 909 642 γίνεο

107 649 251 676 ται.-Τὺ
262 651 330 686 ταχὺ
343 651 524 684 συντάξασθαι
535 651 575 687 τῷ
593 652 688 688 Κυρίῳ
698 673 705 684 ,
724 653 791 688 ὅπερ
805 653 864 679 ἐστὶ
877 654 908 680 τὸ

107 695 230 728 ἁγιάσαι
246 704 274 722 τι
289 696 343 723 τῶν
358 696 441 723 αὑτοῦ
452 717 458 729 ,
473 698 518 724 καὶ
539 697 585 724 ἐπὶ
605 697 692 733 τούτῳ
712 697 806 725 θᾶττον
826 707 909 735 μετα-

109 741 286 778 μεληθῆναι,
303 743 385 776 παγίς
402 742 511 778 ἐστιτῷ
530 743 616 779 ἀνδρί.

146 788 306 824 Λικμὴτωρ
332 788 436 815 ἀσεϐῶν
449 789 463 815 6
478 789 596 825 Χριστός
620 790 708 817 ἐστιν·
733 791 858 819 ὲπιὸαλεῖ
878 792 906 819 δὲ

106 832 169 862 τοῖς
187 830 317 857 ἀσεϐέσιν
334 831 429 868 ὥσπερ
439 831 508 859 λέων
525 833 610 869 θήρας
620 842 627 849 ·
644 835 740 870 τροχὸς
755 836 794 868 δὲ,
807 836 909 869 ἀλωνος

107 874 243 910 χωρίζων
255 875 291 902 τὰ
306 876 395 912 ἄχυρα
407 877 461 904 ἀπὸ
473 877 520 904 τοῦ
532 877 607 905 σίτου
618 887 625 894 ’
644 880 660 916 ἢ
679 880 775 916 τροχὸν
786 881 910 909 ὲπιὸαλεῖ

108 921 162 956 τὴν
176 921 361 949 ἁναπόδιστον
372 923 519 959 τιμωρίαν.

148 967 270 1002 Ταμιεῖα
287 968 391 1000 κοιλίας
404 969 479 995 ἐστὶν
492 969 506 996 ὁ
518 969 590 1003 νοῦς,
603 971 620 1006 ὴ
633 972 741 1007 καρδία,
750 973 798 1000 καὶ
813 974 829 1008 ἡ
840 974 910 1008 γνῶ-

111 1021 168 1045 σις,
183 1013 251 1040 ἔνθα
263 1014 353 1040 πάντα
366 1014 400 1041 τὰ
416 1015 475 1042 θεῖά
490 1024 519 1042 τε
535 1016 581 1043 καὶ
603 1017 689 1053 ἀσεϐῆ
706 1019 908 1047 ὲναποτίθενται

109 1058 270 1094 διδάγματα
282 1068 289 1074 ·
305 1059 400 1096 ὥσπερ
420 1061 448 1088 δέ
463 1070 506 1094 τις
519 1062 615 1098 λύχνον
628 1063 710 1098 ἀψας,
734 1064 788 1092 τῶν
808 1066 837 1092 ἐν
853 1067 908 1098 τοῖς

110 1105 252 1139 ταμιείοις
268 1106 402 1140 κειμένων
415 1108 505 1143 εὑρεῖν
522 1117 547 1135 τι
572 1108 707 1143 βούλεται,
725 1110 810 1143 οὕτως
821 1111 835 1137 ὁ
852 1111 910 1138 Κύ-

113 1159 173 1185 ριος
186 1151 226 1186 τῷ
241 1152 311 1186 φωτὶ
323 1150 377 1187 τῆς
394 1153 521 1188 γνώσεως
532 1154 615 1182 αὑτοῦ
633 1157 731 1192 ἐρευνᾷ
751 1157 785 1184 τὰ
799 1160 908 1193 ταμιεῖα

111 1197 168 1224 τῶν
183 1198 213 1224 ὲν
230 1198 321 1232 λόγοις
336 1200 383 1226 καὶ
400 1200 531 1236 πράξεσιν
550 1201 716 1238 ἀνθρώπων
730 1205 787 1236 τοῖς
809 1204 837 1231 δὲ
859 1206 908 1241 τὴν

111 1242 216 1276 γνῶσιν
242 1244 290 1271 τοῦ
323 1245 426 1280 Κυρίου
450 1246 641 1282 ἐπισταμένοις
665 1248 828 1284 ἀνθρώποις,
851 1250 908 1285 φῶς

112 1290 187 1318 ἔστιν
201 1292 312 1324 αὐτοῖς·
337 1293 362 1319 εί
386 1291 432 1320 οὖν
446 1294 478 1320 τὺ
501 1294 558 1329 φῶς
572 1294 618 1321 τοῦ
637 1295 750 1331 Κυρίου,
772 1297 788 1332 ἡ
808 1296 908 1331 γνῶσις

112 1337 160 1364 τοῦ
175 1338 283 1374 Κυρίου
297 1339 366 1371 ἐστὶ,
381 1340 411 1366 τὸ
424 1340 452 1366 δὲ
467 1340 524 1375 φῶς
540 1341 587 1367 τοῦ
612 1342 716 1377 Κυρίου
737 1343 754 1378 ἡ
769 1342 837 1378 πνοὴ
854 1342 907 1369 τῶν

112 1383 280 1419 ἀνθρώπων,
298 1384 352 1420 ἄρα
376 1386 392 1420 ἡ
414 1386 515 1420 γνῶσις
529 1386 577 1414 τοῦ
592 1387 696 1423 Κυρίου
708 1389 776 1424 πνοὴ
795 1388 848 1415 τῶν
861 1389 908 1415 ἀν-

114 1429 234 1465 θρώπων
246 1431 305 1457 ἐστί
316 1440 323 1446 ·
351 1431 396 1458 τὸν
411 1432 438 1459 δὲ
454 1433 482 1460 ὲν
497 1433 593 1469 ἀγνοίᾳ
607 1432 728 1461 διάὸολον
743 1434 848 1470 φαίνειν
863 1435 907 1461 δο-

114 1475 227 1509 κοῦντα,
243 1476 340 1512 λύχνον
363 1478 504 1513 ὠνόμασεν
524 1479 688 1506 ἐκκενοῦντα
713 1479 759 1508 τὸν
778 1480 840 1507 νοῦν
853 1480 907 1508 τῶν
920 1498 942 1527 c

115 1521 225 1555 ἀγαθῶν
241 1521 379 1556 γνώσεων,
395 1523 441 1549 καὶ
456 1524 758 1560 μετασχηματιζόμενον
775 1527 814 1557 είς
824 1526 905 1561 ἄγγε-

114 1566 159 1592 λον
173 1567 264 1601 φωτός
274 1576 282 1582 ο
302 1568 363 1594 ἐπεὶ
374 1568 402 1594 δὲ
419 1569 450 1595 τὸ
468 1568 526 1603 φῶς
537 1568 584 1595 τοῦ
600 1569 713 1605 Κυρίου,
729 1570 777 1605 οὐχ
798 1570 905 1597 εὓεαντο

114 1613 216 1647 γνῶναι
241 1614 302 1640 οὐδὲ
320 1614 483 1649 πορεύεσθαι
499 1615 528 1641 ὲν
544 1614 628 1650 αὐτῷ,
655 1615 704 1650 τὴν
734 1615 842 1650 ἄγνοιαν
865 1617 903 1649 ὡς

117 1657 172 1692 φῶς
187 1659 342 1693 ἐλογίζοντο
356 1660 380 1686 οἱ
391 1659 498 1691 ἀσεϐεῖς
507 1667 515 1675 ·
531 1661 555 1686 εἰ
568 1659 596 1686 δὲ
610 1660 659 1695 τὴν
671 1660 781 1694 ἄγνοιαν
795 1661 832 1692 ὡς
846 1662 902 1696 φῶς

116 1701 198 1738 εἶχον,
211 1704 333 1740 δηλονότι
350 1705 397 1732 καὶ
412 1705 447 1732 τὰ
461 1704 528 1740 ἔργα
542 1704 589 1731 τοῦ
601 1704 652 1740 τῆς
669 1706 779 1740 ἀγνοίας
790 1708 903 1743 ἐφευρε-

116 1749 161 1776 τοῦ
177 1750 302 1776 διαὸόλου
316 1750 448 1786 ἔπραττον
460 1759 467 1766 ·
488 1752 512 1778 oi
531 1750 559 1777 δὲ
572 1752 604 1786 τῇ
621 1751 716 1787 ἀγνοίᾳ
733 1752 814 1779 αὑτοῦ
834 1761 903 1788 συμ-

116 1796 305 1831 πορευθέντες,
325 1796 374 1823 σὺν
400 1796 474 1832 αὐτῷ
489 1796 595 1823 ἔσονται
610 1797 651 1828 είς
665 1796 765 1829 αίῶνας
782 1797 901 1825 αἰώνων·

115 1842 140 1868 ot
152 1842 180 1869 δὲ
193 1843 226 1878 τῇ
241 1842 341 1877 γνώσει
357 1841 404 1869 τοῦ
416 1842 529 1878 Κυρίου,
546 1843 594 1870 σὺν
605 1843 644 1879 τῷ
657 1844 761 1879 Κυρίῳ.

963 201 1023 228 qua:
1045 200 1106 220 cum
1127 196 1223 219 natura
1238 195 1394 225 comparata
1417 190 1453 217 sit
1472 190 1506 217 ad
1530 195 1604 217 recte
1618 190 1651 218 de
1666 191 1747 218 rebus

959 238 1144 272 iudicandum,
1161 237 1281 264 declinat
1295 241 1386 264 tamen
1403 235 1481 263 liberi
1497 235 1602 263 arbitrii
1615 235 1746 270 pondere.

962 289 1071 319 propter
1084 282 1240 311 aﬂ‘ectiones
1259 287 1306 310 aut
1322 283 1474 317 pecuniam.

999 331 1021 347 ¹¹
1041 329 1079 357 Ne
1100 329 1230 360 festines,
1255 328 1362 363 inquit,
1387 327 1545 363 promittere
1561 327 1694 361 Domino;
1712 335 1746 355 ne

961 377 1033 404 forte
1053 381 1078 403 te
1091 383 1140 403 usu
1156 382 1245 402 rerum
1263 374 1352 410 aliquo
1362 395 1370 408 ,
1394 380 1423 402 ut
1438 375 1482 408 ﬁt,
1497 375 1538 402 vel
1553 374 1656 409 riiajore
1669 375 1747 409 cupi-

961 423 1044 450 ditate
1059 421 1333 456 trahente,pmnitere
1347 421 1481 456 incipias,
1496 421 1602 456 Deoque
1619 421 1745 455 iniuriam

960 467 1058 500 facias,
1076 466 1186 502 praelato
1203 466 1266 494 alio.
1281 465 1413 494 Caeterum
1435 467 1514 495 bonis
1526 467 1593 494 viris
1613 466 1749 502 pwniten-

961 513 997 541 tia
1013 521 1065 540 non
1080 512 1188 544 accidit,
1203 513 1249 539 sed
1266 512 1356 547 potius
1371 520 1423 540 non
1434 511 1636 547 justis.lnjusti
1654 513 1746 547 itaque

958 563 1071 586 caveant
1092 565 1126 585 ne
1153 557 1216 592 quid
1243 557 1444 585 inconsiderate
1473 557 1648 592 promittant;
1683 565 1751 584 nam

958 609 1050 632 votum
1065 604 1222 639 paenitentia
1231 602 1560 637 subsequitur.—Subito
1576 603 1749 635 vovereDeo..

959 650 986 678 id
998 654 1040 678 est
1055 650 1079 677 ei
1091 649 1192 684 aliquid
1208 657 1318 677 suorum
1334 656 1510 682 consecrare,
1527 652 1555 676 et
1572 656 1634 676 mox
1651 648 1746 676 celeri.-

959 701 1000 725 ter
1012 697 1050 724 rei
1061 697 1194 732 poenitere
1205 716 1213 730 ,
1227 696 1340 731 laqueus
1356 695 1414 723 viro
1427 695 1466 723 fit.

994 784 1145 813 Ventilator
1163 778 1307 819 impiorum
1324 782 1451 811 Christus
1468 787 1530 816 est;
1547 782 1625 818 isque
1646 782 1751 817 impios

925 826 946 853 Β
960 830 1123 865 insequitur,
1137 834 1166 858 ut
1185 829 1228 858 leo
1244 829 1326 857 feras.
1340 829 1409 857 Rota
1434 829 1460 856 in
1476 837 1539 858 area
1560 828 1653 864 paleas
1665 836 1680 855 a
1696 829 1746 855 tri-

961 877 1014 905 tico
1028 884 1183 905 secernens.
1200 876 1249 904 Vel
1271 882 1358 904 rotam
1378 875 1517 910 immittet,
1533 876 1560 904 id
1575 880 1617 904 est
1633 883 1750 911 ,pceuam

959 922 1177 950 irrevocabilem.

996 969 1018 984 “
1032 968 1141 996 Ventris
1165 968 1336 1003 receptacula
1369 968 1492 1004 intelligo
1518 972 1656 1000 mentem,
1686 975 1745 1000 cor,

959 1015 1111 1048 scientiam,
1132 1015 1176 1042 ubi
1193 1023 1288 1043 omnes
1300 1015 1381 1043 simul
1396 1015 1493 1043 divina;
1501 1020 1529 1043 et
1541 1015 1629 1050 impia:
1644 1015 1746 1043 doctri-

959 1070 1001 1090 na:
1015 1066 1195 1097 reponuntur.
1211 1063 1250 1090 Ac
1265 1062 1347 1090 veluti
1370 1063 1470 1098 aliquis
1492 1062 1630 1090 lucernam
1649 1069 1748 1090 accen-

958 1108 1006 1140 dit,
1022 1107 1142 1142 reperire
1157 1107 1257 1142 aliquid
1269 1107 1296 1134 in
1312 1107 1492 1143 receptaculis
1504 1107 1622 1142 positum
1636 1106 1742 1139 volens;

959 1153 996 1181 ita
1008 1152 1139 1181 Dominus
1153 1153 1275 1180 scientia:
1289 1160 1344 1180 suae
1356 1152 1457 1180 lumine
1470 1156 1608 1181 scrutatur
1621 1157 1745 1188 recepta-

958 1199 1018 1227 cula
1042 1199 1222 1226 humanorum
1246 1198 1393 1225 verborum
1417 1201 1445 1226 et
1469 1205 1590 1233 operum.
1617 1198 1743 1226 Attamen

959 1243 1121 1271 habentibus
1141 1242 1281 1270 scientiam
1299 1242 1405 1270 Domini
1433 1243 1599 1277 hominibus,
1617 1242 1663 1271 lux
1683 1243 1745 1271 inde

958 1290 1091 1318 oboritur.
1105 1289 1134 1316 Si
1148 1295 1214 1324 ergo
1224 1289 1272 1317 lux
1292 1288 1410 1321 Domini,
1428 1289 1543 1316 scientia
1564 1289 1672 1316 Domini
1691 1293 1748 1322 est,

958 1335 1004 1363 lux
1029 1340 1120 1363 autem
1140 1335 1247 1362 Domini
1275 1334 1407 1369 aspiratio
1428 1335 1492 1362 vitae
1516 1339 1559 1362 est
1579 1335 1743 1367 hominibus.

958 1381 1050 1416 utique
1071 1382 1182 1410 scientia
1200 1382 1306 1410 Domini
1327 1381 1457 1416 aspiratio
1482 1381 1573 1409 vitalis
1591 1381 1745 1409 hominibus

958 1432 1008 1455 est.
1023 1428 1059 1455 At
1075 1435 1139 1456 vero
1156 1429 1304 1463 diabolum,
1316 1430 1362 1463 qui
1383 1429 1408 1456 in
1424 1428 1532 1455 inscitia
1549 1435 1682 1463 apparere
1700 1428 1743 1456 vi—

958 1473 1049 1506 detur,
1071 1473 1211 1502 lucernam
1226 1475 1372 1510 appellavit
1389 1481 1450 1509 quae
1464 1478 1583 1501 mentem
1600 1473 1679 1500 bonis
1696 1470 1745 1500 no-

959 1519 1078 1547 tionibus
1092 1525 1219 1554 evacuat,
1237 1528 1288 1548 nec
1306 1528 1360 1548 non
1379 1519 1601 1555 transfiguratum
1621 1520 1647 1546 in
1662 1527 1744 1554 ange-

958 1565 1013 1593 lum
1023 1565 1102 1594 lucis.
1121 1565 1190 1600 Quia
1206 1574 1272 1595 vero
1285 1567 1372 1595 lucem
1383 1566 1490 1594 Domini
1505 1567 1651 1594 noluerunt
1662 1574 1746 1601 agno-

959 1618 1046 1645 scere,
1062 1619 1150 1646 neque
1160 1612 1186 1640 in
1203 1620 1234 1640 ea
1250 1612 1401 1646 ambulare,
1423 1613 1559 1641 inscitiam
1574 1612 1643 1640 lucis
1659 1613 1745 1639 instar

956 1657 1160 1685 aestimaverunt
1183 1657 1270 1693 impii.
1293 1658 1368 1691 Quod
1389 1658 1413 1685 si
1438 1658 1574 1686 inscitiam
1599 1657 1667 1685 lucis
1684 1657 1745 1684 loco

957 1704 1119 1737 habuerunt,
1135 1704 1228 1740 utique
1239 1709 1267 1732 et
1279 1711 1360 1739 opera
1375 1703 1446 1738 ejus,
1458 1705 1505 1739 qui
1518 1706 1644 1731 inventor
1660 1703 1745 1730 insci-

957 1749 1000 1776 tia:
1009 1754 1052 1777 est
1066 1750 1181 1782 diaboli,
1195 1750 1338 1778 faciebant.
1355 1749 1498 1785 Reliquum
1511 1757 1576 1785 ergo
1588 1754 1642 1783 est,
1659 1754 1688 1777 ut
1698 1751 1745 1784 qui

956 1803 1018 1822 cum
1045 1795 1152 1823 inscitia
1173 1795 1246 1823 illius
1266 1796 1318 1824 iter
1338 1797 1472 1830 fecerunt,
1491 1805 1553 1825 cum
1573 1797 1668 1824 eodem
1691 1795 1747 1822 sint

957 1847 1007 1876 per
1020 1840 1120 1868 saecula
1138 1841 1300 1869 saeculorum
1319 1850 1326 1868 :
1344 1843 1391 1878 qui
1403 1850 1466 1870 vero
1483 1850 1545 1870 cum
1563 1840 1678 1870 scientia
1690 1839 1744 1868 Do-

958 1886 1035 1918 mini.
1046 1893 1108 1914 cum
1120 1886 1235 1914 Domino
1249 1887 1315 1915 sint.

848 1932 927 1960 CAP.
947 1933 1018 1961 ΧΧῙ.

156 1976 298 2004 Ἐκὸάλλει
325 1977 356 2003 τὸ
379 1976 461 2013 ῥητὸν
485 1977 564 2004 τοῦτο
584 1979 634 2014 τὴν
656 1978 700 2006 διὰ
721 1979 774 2006 τῶν
800 1979 905 2014 ἀλόγων

117 2020 192 2053 ζώων
205 2021 302 2048 θυσίαν
312 2030 318 2036 ·
334 2022 413 2048 θυσία
428 2023 481 2058 γὰρ
493 2022 531 2058 τῷ
545 2023 605 2059 Θεῷ
622 2024 730 2059 πνεῦμα
745 2033 905 2061 συντετριμ-

139 2068 207 2094 ένον.

139 2077 207 2094 ειιον.

119 2077 181 2136 μυεῖ
197 2110 269 2145 ἁγνὰ
286 2111 333 2138 καὶ
354 2111 422 2146 ὀρθά
442 2112 511 2148 ἔργα
530 2113 642 2149 Κυρίου,
659 2113 688 2140 ἓν
703 2114 732 2141 δὲ
748 2115 802 2142 τῶν
818 2115 905 2152 ἔργων

119 2156 198 2183 αὑτοῦ
212 2159 271 2184 ἐστι
281 2158 328 2184 καὶ
344 2158 358 2184 ὁ
374 2158 446 2190 νοῦς,
463 2158 542 2194 ὀρθὸς
560 2159 613 2195 ἄρα
623 2160 734 2196 ἐκτίσθη
759 2161 805 2188 καὶ
824 2162 904 2195 ἁγνὸς

119 2201 191 2238 παρὰ
204 2202 253 2229 τοῦ
267 2201 335 2230 Θεοῦ
346 2204 360 2229 ό
372 2203 442 2236 νοῦς,
456 2205 502 2230 καὶ
515 2204 594 2239 ὀρθὸν
603 2205 745 2240 ὀφείλομεν
758 2206 904 2241 διαφυλάτ-
921 2197 943 2224 Ι)

118 2257 170 2275 τειν
182 2248 266 2275 αὑτὸν
280 2248 350 2284 πρὸς
362 2249 442 2276 αὐτὸν
453 2251 546 2277 ἐκτῶν
555 2251 746 2287 ἐπερχομένων
757 2253 822 2288 ἡμῖν
831 2253 905 2287 παρά

119 2293 162 2321 τοῦ
179 2294 302 2330 πονηροῦ
318 2295 424 2323 κακῶν.

151 2341 202 2368 Τὸν
218 2339 295 2369 οἶκον
309 2342 355 2368 τὸν
369 2343 563 2379 κεκονιαμένον
581 2344 628 2371 καὶ
651 2345 750 2377 κοινὸν,
773 2346 806 2380 τῇ
829 2346 908 2372 ὑπαί-

120 2387 172 2424 θρῳ
185 2389 274 2424 γωνίᾳ
296 2388 466 2416 ἀντέθεικεν·
483 2391 509 2416 εί
526 2390 554 2416 δὲ
567 2391 581 2416 ὁ
595 2389 668 2422 οἶκος
685 2391 699 2417 ο
716 2391 907 2426 κεκονιαμένος

121 2436 163 2462 καὶ
172 2435 273 2467 κοινὸς,
292 2436 309 2470 ἡ
324 2435 407 2462 κακία
420 2436 504 2468 ἐστὶν,
522 2435 681 2472 ήῦπιαιθρος
691 2437 775 2471 γωνία
789 2438 805 2472 ἡ
822 2438 907 2473 ἀρετή

120 2481 187 2508 ἐστιν
223 2482 312 2516 γωνία
326 2482 414 2509 τοίνυν
429 2482 560 2518 ὕπαιθρος
574 2483 657 2513 ἐστιν,
680 2482 779 2518 πρᾶξις
793 2482 909 2518 θεωρίας

119 2528 303 2564 ἐφαπτομένη,
318 2529 366 2556 καὶ
380 2527 551 2564 φωτιζομὲνη
567 2529 619 2555 ὑπὸ
641 2528 688 2555 τοῦ
703 2529 753 2564 τῆς
773 2529 910 2555 δικαιοσύ-

118 2582 160 2609 νης
172 2574 267 2610 ἡλίου·
287 2574 378 2606 καλῶς
394 2574 423 2601 δὲ
438 2575 484 2601 καὶ
496 2576 510 2601 ὁ
525 2574 630 2607 Παῦλος
643 2575 688 2602 τὸν
707 2574 837 2610 ἀρχιερέα
853 2574 908 2602 τῶν

123 2619 262 2652 Ἰουδαίων,
269 2621 359 2655 τοῖχον
371 2617 432 2646 εἷπε
445 2620 845 2656 κεκονιαμένοντυφθησόμενον
853 2620 909 2656 (12)

117 2665 163 2692 tm)
176 2665 223 2693 τοῦ
238 2665 325 2692 Θεοῦ·
343 2665 391 2692 καὶ
404 2666 418 2691 ὁ
433 2666 529 2701 Σωτὴρ
539 2668 568 2693 ὲν
584 2666 760 2700 Εὐαγγελίοις
777 2667 838 2698 τοὺς
855 2667 909 2693 Φα-

119 2712 244 2745 ρισαίους,
259 2711 365 2745 τάφους
380 2709 442 2737 sine
465 2712 689 2747 κεκονιαμένους’
709 2709 738 2738 εὖ
760 2711 788 2738 δὲ
810 2711 857 2738 καὶ
876 2712 906 2738 τὺ

140 2759 159 2775 "
167 2768 190 2785 ν.
203 2760 251 2786 ‘25.
293 2760 314 2776 "
329 2759 406 2786 v.27.

145 2805 196 2841 (12)
215 2806 284 2834 Cod.
304 2805 553 2842 τυπτηθησὸμινον.

996 1981 1018 1998 ⁸⁷
1030 1981 1157 2010 Excludit
1172 1981 1281 2010 eﬁ‘atum
1297 1982 1348 2010 hoc
1363 1981 1565 2010 irrationalium
1579 1981 1739 2009 animalium

959 2027 1134 2056 sacrificium.
1149 2027 1216 2056 Nam
1224 2029 1388 2056 sacriﬁcium
1401 2028 1457 2056 Deo
1471 2027 1584 2063 spiritus
1598 2027 1744 2055 contritus.

996 2074 1018 2089 "
1030 2073 1058 2101 Si
1074 2078 1169 2102 sancta
1183 2080 1210 2102 et
1225 2080 1300 2102 recta
1327 2079 1391 2103 sunt
1411 2083 1493 2110 opera
1518 2074 1641 2107 Domini;
1659 2081 1743 2101 unum

959 2125 1025 2146 vero
1040 2127 1074 2146 ex
1094 2119 1224 2155 operibus
1239 2119 1297 2154 ejus
1312 2125 1354 2147 est
1376 2121 1460 2148 etiam
1478 2128 1573 2154 mens;
1587 2127 1655 2155 ergo
1670 2124 1743 2146 recta

958 2169 1049 2192 creata
1065 2170 1107 2192 est
1122 2170 1150 2192 et
1164 2171 1260 2192 sancta
1278 2174 1293 2192 a
1310 2166 1365 2193 Deo
1381 2173 1471 2198 mens,
1479 2173 1560 2201 quam
1578 2173 1627 2193 nos
1645 2169 1745 2192 rectam

957 2217 1121 2238 conservare
1135 2211 1264 2240 debemus
1279 2220 1346 2247 erga
1363 2212 1463 2247 ipsum,
1476 2217 1573 2240 contra
1592 2211 1746 2246 ingruentia

957 2254 1039 2283 nobis
1051 2263 1066 2283 a
1080 2256 1188 2284 diabolo
1203 2257 1284 2284 mala.

995 2301 1016 2316 "
1028 2301 1142 2329 Domum
1159 2303 1234 2330 calce
1249 2303 1327 2330 lltam
1348 2307 1376 2330 et
1389 2309 1559 2330 communem
1579 2303 1749 2338 comparavit

958 2348 1058 2382 angulo
1069 2348 1195 2376 subdiali.
1208 2349 1267 2376 Jam
1281 2349 1304 2376 si
1317 2349 1413 2376 domus
1432 2349 1508 2376 calce
1521 2348 1567 2375 lita
1582 2353 1610 2376 et
1624 2356 1749 2376 commu-

959 2393 1012 2427 nis,
1028 2393 1148 2428 nequitia
1170 2394 1458 2429 intelligitur;utique
1476 2394 1591 2429 angulus
1605 2394 1747 2427 subdialis,

959 2436 1046 2464 virtus
1061 2442 1112 2465 est.
1128 2438 1250 2473 Angulus
1265 2439 1398 2466 subdialis
1411 2440 1494 2474 igitur
1508 2443 1550 2467 est
1569 2443 1646 2466 actus
1659 2438 1747 2466 medi-

960 2483 1063 2509 tatione
1085 2489 1226 2515 accensus,
1250 2488 1278 2510 et
1301 2491 1317 2510 a
1346 2483 1404 2511 sole
1427 2483 1541 2518 iustitiae
1565 2482 1744 2510 illuminatus.

959 2528 1074 2564 Egregie
1095 2536 1161 2556 vero
1177 2530 1259 2556 etiam
1283 2529 1384 2558 Paulus
1405 2528 1562 2564 pontiﬁcem
1590 2528 1746 2556 Iudaeorum

960 2575 1091 2609 parietem
1107 2575 1181 2603 calce
1195 2576 1274 2604 litum
1286 2584 1334 2604 seu
1347 2575 1501 2604 dealbatam
1519 2574 1664 2610 appellavit
1675 2573 1709 2607 ὀ,
1719 2579 1747 2600 et

961 2628 976 2647 a
1005 2619 1061 2648 Deo
1085 2622 1303 2656 percutiendum.
1321 2622 1355 2649 Et
1379 2621 1510 2650 Dominus
1539 2621 1566 2648 in
1596 2620 1748 2656 Evangeliis

961 2665 1113 2694 Pharistaos
1138 2667 1209 2695 dixit
1231 2668 1356 2703 sepulcra
1374 2664 1746 2696 dealbata“'“.Beneetiam

962 2719 1044 2748 super
1056 2713 1157 2749 angulo
1169 2713 1249 2747 dixit,
1268 2714 1313 2741 ubi
1331 2713 1401 2749 lapis
1416 2715 1526 2750 ponitur
1541 2712 1575 2741 ab
1585 2712 1744 2741 aedificanti-

448 2760 469 2774 "
482 2759 543 2786 v.5.
578 2760 598 2776 “
615 2768 639 2788 ν,
656 2760 682 2788 8.
709 2760 729 2776 "
745 2768 768 2787 ν.
783 2760 810 2788 9.
830 2760 853 2776 "
867 2759 926 2788 Act.
937 2760 1050 2796 “111,5.
1078 2762 1138 2779 ’ω’
1152 2761 1245 2790 Matth.
1258 2768 1335 2795 xxiii,
1348 2761 1393 2789 27.
