1919 3074
201 100 255 129 215

649 98 932 129 SUPPLEMENTUM
951 98 997 125 AD
1017 96 1177 125 ORIGENI‘S
1196 97 1401 127 EXEGETICA.

1779 97 1831 124 2l6

169 140 176 149 ‘
200 159 252 188 ltus
263 159 433 194 reprobatns,
446 159 492 194 qui
507 163 595 186 tamen
607 158 695 186 factus
706 163 749 186 est
759 163 840 194 caput
851 157 974 193 anguli“

1038 157 1084 183 ἐπὶ
1097 157 1198 191 γωνίας
1213 155 1300 190 εἶπεν,
1316 156 1379 184 ἔνθα
1392 157 1407 184 6
1421 156 1494 188 λίθος
1508 156 1596 183 κεῖται
1623 156 1638 183 6
1661 155 1828 192 ἀποδοκιμαη

199 207 246 241 qui
266 211 307 234 est
323 206 448 234 Christus
465 206 605 232 Dominus.
622 205 708 234 Porro
727 205 794 234 illud
809 210 850 233 est
865 211 986 232 commu—

199 259 244 284 ne,
258 252 331 286 quod
343 252 421 279 unice
433 251 478 278 Dei
493 258 544 278 non
558 255 609 279 est.

233 341 258 357 ’⁸
271 341 367 368 Munus
389 340 524 368 oecultutn
551 341 615 368 illud
643 345 685 368 est
702 340 774 375 quod
795 339 840 367 dat
862 339 984 370 dextera,

197 392 224 415 et
237 395 251 413 a
271 387 381 414 sinislra
407 387 561 422 ignoratur.
576 387 708 415 Furorem
728 391 825 414 eontra
847 393 877 413 se
903 385 988 412 vehe-

198 439 313 461 mentem
325 433 352 460 in
371 433 416 461 die
429 433 522 466 judicii
539 435 670 468 concitat,
684 434 732 470 qui
746 433 866 461 tribuere
877 431 988 467 egenti-

195 481 245 507 bus
257 487 368 507 munera
385 479 485 514 parcit.
875 514 879 519 I

230 527 254 543 "
264 526 448 562 Congregatio
464 525 604 561 gigantum
619 529 661 552 est
678 524 799 560 nequitia
813 529 840 552 et
859 524 979 552 inscitia.

194 571 323 606 Gigantes
340 579 406 599 vero
417 577 481 599 sunt
493 572 640 598 dmntones.
654 569 681 598 ιιι
698 570 860 604 est,magnis
874 571 901 598 in
918 578 982 605 pec.-

193 616 262 643 catis
275 615 387 650 jacebit,
400 615 446 651 qui
459 615 492 643 de
506 615 547 643 via
564 614 676 649 iustitiae
695 615 817 643 aberrat.

226 703 250 718 "
263 703 329 729 Sine
341 703 454 738 cortjuge
465 707 576 736 praestat
585 709 747 737 esse,quam
762 703 810 730 tali
823 704 977 731 convivere.

192 747 275 775 David
283 756 390 783 quoque
401 748 440 775 ait
450 757 456 775 :
465 747 498 775 In
509 753 579 775 terra
590 749 720 775 desertae!
727 750 797 776 invia
808 750 978 783 etinaquora,

190 794 230 820 sic
246 794 274 821 in
297 799 388 821 sancto
406 795 518 828 apparui
534 794 580 821 tibi
591 794 625 822 ".
644 794 754 821 Deserta
783 795 866 829 igitur
891 800 977 828 terra,

1039 201 1112 233 σθεὶς
1126 201 1179 229 ὑπὸ
1194 202 1247 229 τῶν
1259 202 1416 238 οἰκοδόμων,
1433 203 1481 229 καὶ
1493 202 1638 238 γενόμενος
1655 201 1762 237 κεφαλὴ
1778 211 1832 236 γω-

1037 248 1108 280 νίας,
1125 247 1154 281 ὃς
1171 249 1229 275 ἐστι
1245 248 1379 285 Χριστός·
1397 247 1484 275 κοινὸν
1492 247 1520 274 δέ
1531 248 1615 280 ἐστιν,
1633 247 1647 274 ὃ
1661 247 1698 283 μὴ
1708 247 1756 274 τοῦ
1771 248 1831 280 ἑνός

1037 293 1094 319 ἐστι
1111 292 1189 319 Θεοῦ.

1070 338 1150 370 Δόσις
1163 338 1273 374 λάθριός
1288 340 1373 371 ἐστιν,
1390 339 1404 366 ὂ
1424 340 1496 366 ποιεῖ
1511 340 1527 375 ἠ
1545 337 1631 371 δεξιὰ,
1648 338 1686 374 μὴ
1699 338 1832 372 γινώσκει

1035 383 1091 419 aer)
1108 384 1242 420 ἀριστερά
1252 393 1258 399 ·
1276 383 1361 420 θυμὸν
1378 383 1480 419 ἐγείρει
1495 384 1556 410 κατ’
1576 383 1658 410 αὐτοῦ
1674 382 1785 418 ίσχυρδν
1799 384 1831 409 ἐν

1033 431 1067 465 τῇ
1085 429 1177 465 ἡμέρᾳ
1188 430 1237 464 τῆς
1251 429 1380 466 κρίσεως,
1393 431 1407 457 6
1420 430 1474 457 τῶν
1489 429 1558 465 πρὸς
1577 430 1641 461 τοὺς
1659 429 1761 461 ἐνδεεῖς
1775 428 1830 455 δὼ-

1035 484 1090 511 ρων
1107 476 1276 511 φειδόμενος.

1074 521 1106 548 Ἦ
1124 521 1268 558 συναγωγὴ
1282 521 1336 548 τῶν
1349 522 1493 556 γιγάντων,
1510 522 1527 558 ἡ
1543 521 1626 548 κακία
1639 521 1686 548 καὶ
1697 522 1715 556 ἡ
1734 521 1828 554 ἀγνω-

1033 568 1080 595 σία
1098 568 1190 595 ἐστίν·
1219 567 1345 603 γίγαντες
1363 568 1392 595 δὲ
1414 569 1439 595 oi
1462 568 1604 603 δαίμονες·
1632 568 1772 594 τουτέστιν
1795 568 1828 593 ἓν

1032 613 1164 648 μεγάλαις
1184 613 1331 649 ἁμαρτίαις
1354 613 1540 640 ἀναπαύσεται
1562 613 1576 639 ὁ
1600 613 1776 649 πλανώμενος
1794 614 1828 646 ἐξ

1030 659 1089 686 ὁδοῦ
1101 659 1284 696 δικαιοσύνης.

1072 706 1210 740 ’Δγύναιον
1226 705 1294 733 εἶναι
1308 708 1441 742 κρεῖττον,
1461 705 1477 742 ἢ
1492 705 1605 741 τοιαύτῃ
1618 707 1738 732 συνεῖναι
1750 713 1759 720 θ
1775 706 1826 731 καὶ

1028 751 1042 777 6
1054 750 1137 777 Δαυῖδ
1156 759 1252 786 φησιν·
1275 750 1328 777 Ἐν
1341 749 1380 785 τῇ
1394 749 1493 785 ἐρήμῳ
1510 749 1559 776 καὶ
1582 749 1680 781 ἀϐάτῳ
1695 748 1747 775 καὶ
1769 749 1826 775 ἁν-

1028 794 1119 828 ύδρῳ,
1139 795 1234 828 οὕτως
1245 795 1280 821 ἐν
1292 794 1332 828 τῷ
1352 795 1424 829 ἁγίῳ
1442 794 1546 829 ὤφθην
1557 802 1622 821 σοι’
1646 794 1750 830 ἔρημος
1766 794 1827 820 τοί-

193 840 282 866 anima
295 843 337 867 est
359 840 459 866 virtute
474 840 597 874 praedita,
612 844 640 866 et
654 847 714 874 qua:
728 840 833 874 priscos
851 840 976 868 homines

1028 849 1074 867 νυν
1087 841 1123 876 γῆ
1143 842 1217 868 ἐστιν
1232 842 1247 876 ἠ
1266 841 1367 876 ἀρετὴν
1383 841 1482 876 ἔχουσα
1495 840 1579 877 ψυχὴ,
1597 841 1644 867 καὶ
1663 840 1700 876 μὴ
1718 840 1824 875 ἔχουσα

190 893 244 912 ιδοη
264 885 346 913 habet
359 885 538 917 habitatores.
552 887 598 920 qui
619 887 740 920 corrupti
761 890 839 912 erant
853 885 879 913 in
903 886 976 913 anti-

189 932 251 967 quis
268 931 461 966 cupidilatibns
476 932 590 960 erroris.
606 932 696 966 Quare
720 939 754 959 ne
774 931 897 959 diabolus
915 933 975 967 qui-

188 977 249 1005 dem
264 976 384 1011 requiem
403 977 428 1004 iu
440 985 472 1004 ea
488 977 606 1007 inuenit:
620 979 752 1013 siquidem
768 986 839 1013 δἐι-ε
854 986 903 1013 per
918 979 973 1006 ari-

187 1022 236 1049 dos
245 1022 319 1049 locos
332 1030 458 1057 quzerens
471 1024 600 1058 requiem,
609 1031 661 1051 non
674 1024 789 1051 invenit.
804 1023 863 1058 Ipse
872 1023 972 1058 quippe

187 1075 235 1095 rex
252 1073 294 1096 est
310 1069 431 1096 omnium
453 1069 479 1096 in
498 1070 577 1104 aquis
594 1069 760 1104 degentium,
773 1069 800 1096 id
817 1074 860 1096 est
882 1069 972 1097 [torni-

186 1121 248 1141 num
257 1116 302 1149 qui
315 1115 340 1142 in
350 1115 407 1142 otio
416 1120 441 1142 et
455 1114 632 1142 delectatione
642 1115 791 1142 carnalium
803 1114 974 1150 voluptatum

184 1164 339 1186 versantur.
351 1159 416 1187 Item
429 1168 436 1185 ε
451 1159 595 1194 Sapientia
610 1159 707 1186 aedium
718 1164 798 1187 tectae
816 1164 880 1187 sunt
895 1167 971 1186 man-

183 1206 284 1232 siones.
298 1205 374 1238 Quod
390 1206 412 1232 si
431 1206 467 1232 ita
481 1211 533 1238 est,
544 1212 609 1240 ergo
622 1205 718 1232 mulier
734 1205 835 1238 rixosa,
852 1204 930 1233 dicax
944 1210 972 1233 et

183 1250 325 1281 iracunda.
347 1251 468 1286 nequitia
492 1256 547 1284 est,
562 1259 623 1286 quae
639 1251 863 1280 contubernalem
891 1259 969 1279 suum

181 1297 248 1325 facit
267 1298 388 1326 rixosum
411 1304 438 1327 et
452 1299 573 1327 dicacem
593 1304 621 1327 et
635 1300 806 1330 iracundum.

217 1385 389 1421 I“Sapientia
416 1387 522 1414 Domini
545 1387 697 1423 requiescet
717 1389 744 1416 in
764 1389 846 1417 corde
858 1390 923 1425 justi
936 1398 969 1418 ac

179 1430 329 1465 sapientis;
340 1432 435 1459 vesani
448 1438 538 1460 autem
556 1434 680 1461 homines
692 1433 892 1462 calumniantur
906 1442 966 1463 eam

179 1481 209 1503 ut
223 1477 407 1511 pessumdent.

214 1522 236 1538 "
253 1521 391 1556 Sapientia
419 1528 461 1551 est
487 1524 553 1552 urbs
575 1524 691 1558 munita,
708 1525 734 1554 in
752 1534 805 1561 qua
828 1526 966 1561 sapientes

179 1566 319 1600 habitant,~
340 1574 445 1597 mentes
460 1578 524 1598 suas
541 1575 687 1606 purgantes
704 1571 737 1599 ab
749 1572 821 1599 omni
848 1572 966 1601 eia-tione

178 1619 240 1646 quae
250 1618 345 1640 contra
360 1614 406 1641 Dei
418 1615 558 1646 scientiam
570 1615 720 1644 extollitur.
735 1631 771 1637 —
789 1616 906 1646 Munitas
919 1626 965 1645 ur-

176 1659 225 1686 bes
244 1659 309 1686 dicit
331 1659 435 1688 animas
455 1661 676 1691 circumvallatas
697 1667 725 1691 et
750 1663 907 1699 subjugalas
929 1665 964 1692 ab

178 1703 268 1738 impiis
291 1703 461 1733 daemonibus
483 1707 662 1743 scelestisque
679 1709 837 1738 hominibus
851 1711 896 1745 qui
915 1711 963 1738 ad-

177 1755 272 1776 versus
283 1748 330 1777 Dei
350 1750 490 1778 scientiam
510 1753 696 1781 extolluntur:
710 1762 825 1789 quorum
843 1755 962 1783 circum-

176 1793 336 1823 vallationes
359 1803 491 1831 superans
511 1799 632 1834 sapiens,
648 1805 826 1835 apparentem
852 1800 960 1829 illorum

174 1841 358 1874 securitatem,
373 1843 419 1871 tali
435 1845 566 1878 sapientia
583 1846 704 1874 munitus
715 1846 809 1874 diillat.

211 1928 234 1943 ³⁸
246 1928 291 1963 0s,
303 1929 433 1965 linguam,
444 1937 574 1966 mentem,
587 1934 666 1967 iram,
682 1939 711 1962 et
722 1936 898 1970 cupiditatem
915 1938 960 1972 qui

174 1974 294 2008 cohibet,
312 1976 335 2003 is
358 1977 476 2006 animam
497 1987 574 2007 suam
591 1988 606 2006 a
620 1980 704 2008 futuri
723 1981 818 2016 judicii
850 1983 961 2010 tribula-

173 2021 247 2049 tione
260 2022 389 2050 custodit.

209 2066 230 2082 ³¹
244 2066 316 2094 Idem
330 2072 372 2094 est
385 2067 492 2095 diverse
505 2069 694 2098 consideratus
704 2072 862 2107 :andax,qui
874 2075 960 2109 quod-

171 2112 238 2139 libet
257 2113 391 2148 intrepide
410 2114 588 2148 aggreditur:
603 2114 738 2151 ἴοι-οι,ᾳυί
757 2117 958 2148 inconsiderate

1025 886 1088 917 τοὺς
1106 885 1236 917 παλαιοὺς
1258 884 1417 921 ἀνθρώπους
1435 885 1615 916 ἐνοικοῦντας,
1628 885 1692 916 τοὺς
1708 884 1823 920 φθειρο-

1027 931 1123 967 μένους
1136 931 1206 958 κατά
1219 931 1269 962 τὰς
1284 930 1402 962 παλαιὰς
1412 930 1559 966 ἐπιθυμίας
1573 930 1623 966 τῆς
1637 930 1762 966 ἀπάτης·
1778 929 1823 956 διὸ

1024 978 1084 1005 οὐδὲ
1099 978 1219 1014 εὑρίσκει
1238 978 1266 1004 ἐν
1284 978 1352 1013 αὐτῇ
1376 978 1527 1005 ἀνάπαυσιν
1549 978 1564 1004 6
1588 976 1723 1009 διάϐολος⁸
1757 977 1821 1011 εἴγε

1022 1023 1160 1059 δυσχερῶς
1176 1024 1210 1050 δι’
1224 1022 1345 1058 ἀνύδρων
1368 1024 1459 1050 τόπων
1479 1022 1567 1058 ζητῶν
1580 1024 1743 1054 ἀνάπαυσιν,
1769 1023 1820 1050 καὶ

1022 1069 1071 1104 οὐχ
1084 1069 1220 1104 εὑρίσκει·
1240 1070 1321 1101 αὐτὸς
1336 1069 1390 1104 γὰρ
1409 1069 1535 1104 βασιλεύς
1560 1070 1618 1095 ἐστι
1636 1070 1745 1096 πάντων
1759 1069 1821 1095 τῶν

1022 1115 1051 1141 ὲν
1069 1116 1124 1147 τοῖς
1138 1115 1226 1148 ὕδασι,
1242 1115 1364 1142 τουτέστι
1380 1115 1434 1141 τῶν
1449 1116 1478 1141 ἐν
1499 1115 1650 1142 ἀναπαύσει
1671 1115 1718 1141 καὶ
1743 1115 1819 1141 ἀπο-

1021 1160 1114 1187 λαύσει
1136 1162 1274 1197 σαρκικῶν
1291 1161 1403 1197 ἡδονῶν.
1435 1161 1490 1188 Καὶ
1519 1162 1688 1197 πάλινζΤῆς
1716 1162 1819 1196 σοφίας

1021 1208 1131 1242 στεγναὶ
1143 1208 1171 1234 αἱ
1187 1207 1323 1244 διατριϐαὶ
1333 1208 1414 1235 οἴκων
1430 1208 1513 1243 αὐτῆς
1524 1216 1531 1223 °
1548 1209 1573 1234 εί
1594 1208 1622 1235 δὲ
1635 1208 1725 1240 τοῦτο,
1746 1209 1817 1235 οὐκ·

1020 1253 1067 1280 οὖν
1083 1254 1130 1280 καὶ
1143 1254 1159 1289 ἡ
1175 1253 1243 1289 γυνὴ
1259 1254 1275 1289 ἡ
1292 1254 1410 1289 μάχιμος
1436 1254 1483 1280 καὶ
1495 1252 1658 1290 γλωωιῦδης
1672 1254 1720 1281 καὶ
1734 1254 1815 1289 ὀργί-

1018 1297 1074 1330 λος,
1092 1298 1210 1334 ἡκακία
1230 1298 1315 1330 ἐστὶν,
1337 1299 1398 1334 ἥτις
1424 1299 1469 1325 τὸν
1496 1298 1618 1331 συζῶντα
1645 1299 1714 1336 αὐτῇ
1738 1300 1816 1327 ποιεῖ

1020 1344 1138 1380 μάχιμον
1153 1345 1199 1371 καὶ
1216 1344 1362 1380 γλωσσώδη
1378 1345 1425 1371 καὶ
1440 1344 1557 1380 ὀργίλον.

1052 1391 1137 1425 Σοφία
1165 1391 1269 1426 Κυρίου
1299 1390 1488 1417 ἀναπαύσεται
1519 1392 1548 1417 ὲν
1577 1390 1676 1427 καρδίᾳ
1702 1391 1812 1418 δικαίου

1018 1435 1120 1471 σοφοῦτ
1147 1436 1264 1472 άψρονες
1287 1435 1315 1462 δὲ
1337 1436 1432 1472 ἄνδρες
1455 1437 1640 1464 διαόάλλουσιν
1659 1437 1746 1473 αὐτὴν
1762 1438 1815 1464 τοῦ

980 1502 1001 1531 c
1018 1482 1137 1517 φθεῖραι.

1059 1528 1092 1554 Ἦ
1110 1529 1189 1564 σοφία
1204 1529 1263 1555 ἐστὶ
1280 1529 1356 1561 πόλις
1368 1529 1464 1566 ὀχυρὰ.
1484 1530 1514 1556 ὲν
1537 1526 1554 1566 ᾖ
1569 1530 1594 1556 οξ
1622 1530 1700 1565 σοφοὶ
1716 1539 1813 1558 κατοι-

1017 1573 1105 1606 κοῦσι,
1139 1574 1285 1609 λογισμοὺς
1315 1574 1520 1611 καθαιροῦντες,
1550 1575 1598 1602 καὶ
1625 1577 1679 1602 πᾶν
1705 1575 1812 1611 ὕψωμα

1015 1620 1197 1656 ἐπαιρόμενον
1207 1621 1277 1648 κατά
1291 1621 1341 1656 τῆς
1351 1621 1478 1656 γνώσεως
1492 1621 1538 1648 τοῦ
1553 1621 1632 1650 Θεοῦ.
1647 1638 1683 1643 --
1709 1622 1809 1654 Πόλεις

1014 1666 1114 1702 ὀχυράς
1141 1675 1221 1702 φησιν
1237 1667 1285 1699 τὰς
1301 1667 1485 1703 ὀχυρωθείσας
1509 1667 1555 1694 καὶ
1585 1668 1812 1705 κατακρατηθεί-

1016 1720 1065 1744 σας
1081 1712 1170 1747 ψυχὰς
1193 1713 1245 1740 ὑπὸ
1260 1712 1314 1740 τῶν
1334 1713 1440 1739 ἀσεϐῶν
1456 1713 1590 1749 δαιμόνων
1610 1713 1656 1741 καὶ
1678 1714 1809 1750 πονηρῶν

1013 1757 1176 1794 ἀνθρώπων,
1191 1758 1245 1785 τῶν
1259 1758 1448 1794 ἐπαιρομένων
1463 1760 1535 1786 κατὰ
1549 1759 1599 1794 τῆς
1613 1759 1742 1794 γνώσεως
1756 1759 1806 1787 τοῦ

1012 1802 1080 1830 Θεοῦ
1090 1812 1096 1818 ·
1119 1799 1156 1829 ὧν
1171 1804 1201 1830 τὺ
1225 1804 1356 1839 ὀχύρωμα
1370 1804 1467 1835 ἐπιϐὰς
1489 1805 1503 1831 ὁ
1528 1805 1619 1839 σοφὸς,
1637 1804 1685 1831 καὶ
1698 1804 1748 1840 τὴν
1762 1805 1809 1831 δο-

1012 1846 1114 1874 κοῦσαν
1128 1848 1277 1882 ἀσφάλειαν
1294 1848 1394 1881 αὐτῶν,
1412 1849 1446 1884 τῇ
1463 1848 1548 1880 οὕτως
1568 1849 1648 1885 σοφίᾳ
1666 1857 1814 1885 περιφρα-,

1012 1893 1086 1928 χθεὶς
1101 1893 1235 1920 καθεῖλεν.

1048 1941 1138 1976 Στόμα
1154 1941 1200 1968 καὶ
1212 1940 1337 1975 γλῶσσαν
1351 1941 1397 1967 καὶ
1407 1940 1479 1974 νοῦν,
1498 1941 1582 1976 θυμὸν
1595 1941 1642 1969 καὶ
1653 1941 1806 1978 ἐπιθυμίαν

1010 1984 1039 2016 ὃς
1054 1986 1196 2020 φυλάσσει,
1210 1986 1334 2020 διατηρεῖ
1347 1988 1379 2013 ἐκ
1392 1987 1441 2022 τῆς
1464 1987 1493 2013 ὲν
1518 1987 1607 2024 κρίσει
1619 1986 1737 2022 θλίψεως
1754 1987 1805 2024 τὴν

1010 2031 1098 2067 ψυχὴν
1111 2031 1204 2058 αὐτοῦ.

1044 2078 1131 2109 Αὐτός
1158 2078 1216 2104 ἐστι
1238 2077 1372 2114 διαφόρως
1392 2078 1598 2114 ἑπινοούμενος·
1629 2078 1733 2115 θρασὺς
1751 2079 1805 2115 μὲν

1009 2122 1074 2159 γὰρ,
1091 2124 1106 2149 6
1133 2124 1187 2150 πᾶν
1208 2123 1297 2150 ὁτιοῦν
1319 2123 1428 2158 ἀφόϐως
1456 2124 1602 2151 ἐπιτελῶν·
1630 2124 1761 2160 αὐθάδης,
1789 2126 1806 2151 ὁ

171 2158 247 2186 liberi
268 2159 386 2186 hominis
404 2159 589 2187 conditionem
613 2165 725 2196 usurpat
741 2164 956 2201 :supcrbus,,qui
973 2174 977 2200 ]

1028 2158 1191 2205 νεπικρίτως
1215 2169 1415 2206 ἐλευθεριάζειν
1442 2171 1619 2206 βουλόμενος·
1643 2158 1764 2202 ἀλαζῶν.
1789 2171 1806 2197 ὸ

172 2203 275 2236 majora
290 2203 363 2231 veris
381 2204 477 2231 merita
492 2203 577 2238 jactat
591 2213 597 2231 :
613 2207 755 2241 pestilens;
773 2209 819 2243 qui
835 2218 888 2238 non
903 2212 955 2239 sibi

169 2249 220 2282 ipsi
237 2249 433 2281 tantummodo,
449 2251 495 2277 sed
504 2256 531 2278 et
549 2251 611 2279 aliis
626 2252 724 2280 noxius
735 2259 788 2281 est.
803 2254 956 2291 Tantopere

168 2294 242 2321 enim
259 2300 301 2322 est
315 2296 458 2329 exitiosus,
471 2302 500 2324 ut
512 2297 572 2325 aliis
590 2306 699 2333 quoque
713 2300 802 2328 labem
818 2304 954 2338 propriam

168 2340 349 2375 impertiatur.
375 2342 426 2376 Qui
446 2344 563 2379 denique
582 2344 743 2379 iniuriarum
766 2353 810 2375 est
838 2357 954 2384 memor,

166 2390 269 2420 peccat.

201 2432 224 2447 ³¹
235 2431 283 2459 Est
298 2433 380 2460 etiam
408 2434 477 2461 bona
502 2435 635 2470 cupiditas
649 2445 657 2463 :
669 2438 769 2474 quippe
794 2441 952 2477 angelorum

165 2483 207 2505 est
222 2478 289 2506 nihil
306 2487 423 2514 unquam
439 2489 552 2516 pravum
574 2490 689 2517 cupere;
707 2487 868 2519 daemonum,
881 2497 953 2517 sem—

166 2531 213 2558 per
229 2524 299 2551 male
320 2527 535 2561 concupiscere;
558 2528 700 2557 hominum
727 2533 853 2568 denique,
873 2537 952 2562 modo

165 2571 368 2605 concupiscere.
391 2573 470 2600 modo
487 2581 577 2602 secus.
604 2575 664 2604 Jam
692 2579 785 2611 verba,
813 2584 868 2607 tota
895 2581 950 2614 die.

164 2621 301 2649 potiuntur
327 2625 379 2652 pro
404 2623 458 2646 tota
482 2620 546 2647 vita.
572 2621 617 2650 Sic
637 2628 680 2650 est
703 2624 840 2652 illndzln
859 2627 951 2655 timore

163 2659 270 2688 Domini
286 2667 341 2690 esto
361 2668 417 2691 lota
431 2665 473 2691 die
484 2665 518 2699 ³³,
533 2666 559 2693 id
573 2671 616 2694 est
631 2671 687 2696 tota
705 2670 772 2697 vita.

196 2762 220 2778 ’³
234 2763 327 2793 Matth.
341 2773 398 2798 ut,
414 2767 459 2794 42.
511 2769 534 2785 ⁸⁸
546 2777 571 2796 v.
591 2770 633 2798 ﬂ.
672 2771 694 2788 "
707 2778 732 2796 ν.
751 2771 793 2799 ιϐ.

159 2795 181 2813 ⁵¹
194 2804 218 2825 υ.
234 2798 279 2826 ᾔ.
319 2801 342 2816 ³¹
356 2809 383 2828 ν.
393 2795 439 2829 25.
479 2803 500 2819 ³³
515 2795 686 2839 Premit-emt,
697 2795 744 2833 ι’ἱ.

843 2772 866 2789 ⁸⁸
880 2781 905 2801 v.
919 2774 961 2803 l9.

1012 2216 1132 2251 μείζοσιν
1148 2216 1245 2243 ἑαυτὸν
1260 2216 1332 2252 ἤπερ
1349 2216 1404 2251 ἔχει
1419 2216 1557 2252 σεμνύνων
1570 2225 1576 2232 ·
1594 2216 1721 2252 λοιμὺς,ό
1731 2216 1804 2252 πρὸς

1008 2262 1047 2298 τῷ
1060 2262 1153 2289 ἑαυτὸν
1166 2262 1376 2295 καταϐλάπτειν,
1386 2263 1433 2289 καὶ
1448 2264 1550 2298 ἑτέροις
1565 2262 1722 2298 μεταδιδούς
1732 2271 1739 2278 ·
1756 2272 1804 2289 το-

1010 2307 1103 2334 σοῦτον
1129 2308 1184 2344 γάρ
1209 2309 1266 2335 ἐστι
1282 2308 1439 2343 βλαπτικὺς,
1454 2308 1492 2340 ὠς
1510 2308 1557 2335 καὶ
1575 2308 1665 2340 ἄλλοις
1687 2309 1801 2344 μεταδι-

1008 2353 1082 2380 δόναι
1099 2353 1197 2386 κακίας
1207 2363 1213 2369 ·
1228 2354 1257 2386 ὃς
1270 2354 1298 2380 δὲ
1319 2355 1493 2390 μνησικακεῖ,
1509 2354 1678 2390 παράνομος.

1044 2443 1123 2469 Ἐστι
1149 2442 1204 2478 γὰρ
1236 2443 1283 2469 καὶ
1312 2442 1401 2478 ἀγαθὴ
1425 2440 1571 2477 ἐπιθυμία·
1599 2440 1724 2476 ἀγγέλων
1745 2441 1800 2476 μὲν

1006 2487 1052 2516 οὖν
1065 2489 1094 2515 τό
1113 2489 1151 2525 μὴ
1164 2489 1307 2525 ἐπιθυμεῖν
1324 2497 1389 2515 ποτε
1401 2488 1549 2524 ἐπιθυμίας
1561 2488 1660 2520 κακίας
1670 2495 1678 2501 ·
1698 2487 1800 2523 δαιμό-

1003 2544 1056 2562 νων
1073 2535 1142 2562 δὲτὸ
1155 2535 1197 2562 ἀεὶ
1212 2535 1300 2566 κακὰς
1318 2534 1477 2570 ἐπιθυμεῖν·
1498 2533 1660 2570 ἀνθρώπων,
1678 2534 1709 2560 τὺ
1729 2535 1798 2562 ποτὲ

1004 2581 1055 2617 μὲν
1072 2580 1224 2616 ἐπιθυμεῖν,
1242 2581 1306 2607 ποτὲ
1317 2581 1345 2607 δὲ
1361 2580 1397 2616 μή
1409 2589 1415 2595 ·
1431 2580 1462 2607 τὸ
1476 2580 1505 2606 δὲ
1524 2580 1588 2615 ὅλην
1608 2580 1657 2615 τὴν
1673 2580 1795 2616 ἡμέραν,

1002 2627 1063 2654 ἀντὶ
1077 2627 1110 2653 δι’
1126 2627 1186 2653 ὅλου
1203 2626 1250 2653 τοῦ
1278 2626 1353 2662 βίου·
1381 2626 1501 2652 τοιοῦτόν
1527 2626 1585 2652 ἐστι
1612 2625 1659 2652 καὶ
1681 2625 1724 2657 τὸ,
1746 2626 1798 2652 ‘Er

1002 2673 1084 2709 φόϐῳ
1098 2673 1210 2706 Kvplov
1226 2672 1288 2700 ἴσθι
1301 2671 1379 2706 ὅλην
1393 2672 1451 2706 τὴν
1464 2671 1588 2706 ἡμέραν,
1608 2671 1671 2698 ἀντὶ
1693 2670 1742 2698 τοῦ
1759 2670 1798 2699 δι’

1001 2718 1061 2744 ὅλου
1075 2717 1122 2744 τοῦ
1134 2717 1201 2753 βίου.

1015 2776 1037 2792 ’⁷
1053 2774 1124 2803 Paul.
1144 2782 1210 2808 uti,
1229 2775 1256 2803 5.
1295 2776 1330 2811 _"
1345 2784 1368 2803 ν.
1386 2776 1430 2804 20.
1476 2776 1499 2792 ’³
1513 2776 1596 2804 v.22.
1646 2775 1670 2792 ⁸⁶
1689 2774 1781 2806 γοεὸ.
