  <div class='ocr_page' id='page_1' title='image "/cluster/home/n/w/nwhite01/storage/ocr_20150623/17/njp.32101010944583/138.png"; bbox 0 0 1919 3074; ppageno 0'>
   <div class='ocr_carea' id='block_1_1' title="bbox 71 115 114 144">
    <p class='ocr_par' dir='ltr' id='par_1_1' title="bbox 71 115 114 144">
     <span class='ocr_line' id='line_1_1' title="bbox 71 115 114 144; baseline 0 -1"><span class='ocrx_word' id='word_1_1' title='bbox 71 115 114 144; x_wconf 56' lang='grc' dir='ltr'><strong>ΣΠ</strong></span> 
     </span>
    </p>
   </div>
   <div class='ocr_carea' id='block_1_2' title="bbox 655 115 1119 148">
    <p class='ocr_par' dir='ltr' id='par_1_2' title="bbox 655 115 1119 148">
     <span class='ocr_line' id='line_1_2' title="bbox 655 115 1119 148; baseline 0.011 -5"><span class='ocrx_word' id='word_1_2' title='bbox 655 115 838 145; x_wconf 78' lang='lat' dir='ltr'><strong>EXPOSITIO</strong></span> <span class='ocrx_word' id='word_1_3' title='bbox 858 118 892 146; x_wconf 87' lang='lat' dir='ltr'><strong>IN</strong></span> <span class='ocrx_word' id='word_1_4' title='bbox 910 117 1119 148; x_wconf 75' lang='lat' dir='ltr'><strong>PROVERBIA.</strong></span> 
     </span>
    </p>
   </div>
   <div class='ocr_carea' id='block_1_3' title="bbox 1645 124 1698 151">
    <p class='ocr_par' dir='ltr' id='par_1_3' title="bbox 1645 124 1698 151">
     <span class='ocr_line' id='line_1_3' title="bbox 1645 124 1698 151; baseline 0 0"><span class='ocrx_word' id='word_1_5' title='bbox 1645 124 1698 151; x_wconf 67' lang='grc'><strong>218</strong></span> 
     </span>
    </p>
   </div>
   <div class='ocr_carea' id='block_1_4' title="bbox 70 172 875 216">
    <p class='ocr_par' dir='ltr' id='par_1_4' title="bbox 70 172 866 211">
     <span class='ocr_line' id='line_1_4' title="bbox 70 172 866 211; baseline 0 -8"><span class='ocrx_word' id='word_1_6' title='bbox 70 199 71 203; x_wconf 51' lang='grc' dir='ltr'><strong>η</strong></span> <span class='ocrx_word' id='word_1_7' title='bbox 104 175 200 202; x_wconf 74' lang='grc' dir='ltr'>Ἵππον</span> <span class='ocrx_word' id='word_1_8' title='bbox 211 172 290 208; x_wconf 79' lang='grc' dir='ltr'>λέγει</span> <span class='ocrx_word' id='word_1_9' title='bbox 304 174 355 202; x_wconf 76' lang='grc' dir='ltr'>τὸν</span> <span class='ocrx_word' id='word_1_10' title='bbox 369 174 443 208; x_wconf 81' lang='grc' dir='ltr'>νοῦν,</span> <span class='ocrx_word' id='word_1_11' title='bbox 458 176 504 201; x_wconf 81' lang='grc' dir='ltr'><strong>τδν</strong></span> <span class='ocrx_word' id='word_1_12' title='bbox 520 174 724 211; x_wconf 77' lang='grc' dir='ltr'><strong>πολεμούμενον</strong></span> <span class='ocrx_word' id='word_1_13' title='bbox 744 177 798 203; x_wconf 86' lang='grc' dir='ltr'>ὑπὸ</span> <span class='ocrx_word' id='word_1_14' title='bbox 819 176 866 203; x_wconf 80' lang='grc' dir='ltr'><strong>τοῦ</strong></span> 
     </span>
    </p>
   </div>
   <div class='ocr_carea' id='block_1_5' title="bbox 931 172 1700 216">
    <p class='ocr_par' dir='ltr' id='par_1_5' title="bbox 953 177 1700 216">
     <span class='ocr_line' id='line_1_5' title="bbox 953 177 1700 216; baseline 0.001 -11"><span class='ocrx_word' id='word_1_15' title='bbox 953 178 975 194; x_wconf 78' lang='grc'>³⁸</span> <span class='ocrx_word' id='word_1_16' title='bbox 988 177 1094 213; x_wconf 86' lang='lat' dir='ltr'><strong>Equum</strong></span> <span class='ocrx_word' id='word_1_17' title='bbox 1113 178 1178 207; x_wconf 89' lang='lat' dir='ltr'><strong>dicit</strong></span> <span class='ocrx_word' id='word_1_18' title='bbox 1194 183 1324 212; x_wconf 82' lang='lat' dir='ltr'><strong>mentem.</strong></span> <span class='ocrx_word' id='word_1_19' title='bbox 1346 187 1361 207; x_wconf 89' lang='lat' dir='ltr'><strong>a</strong></span> <span class='ocrx_word' id='word_1_20' title='bbox 1380 180 1490 210; x_wconf 81' lang='lat' dir='ltr'><strong>diabolo</strong></span> <span class='ocrx_word' id='word_1_21' title='bbox 1507 185 1700 216; x_wconf 73' lang='lat' dir='ltr'><strong>oppugnatam,</strong></span> 
     </span>
    </p>
   </div>
   <div class='ocr_carea' id='block_1_6' title="bbox 72 219 867 257">
    <p class='ocr_par' dir='ltr' id='par_1_6' title="bbox 72 219 867 257">
     <span class='ocr_line' id='line_1_6' title="bbox 72 219 867 257; baseline -0.001 -9"><span class='ocrx_word' id='word_1_22' title='bbox 72 220 200 252; x_wconf 75' lang='grc' dir='ltr'>διαϐόλου,</span> <span class='ocrx_word' id='word_1_23' title='bbox 223 219 273 246; x_wconf 79' lang='grc' dir='ltr'><strong>καὶ</strong></span> <span class='ocrx_word' id='word_1_24' title='bbox 290 219 541 255; x_wconf 79' lang='grc' dir='ltr'>ἀντιπολεμοῦντα·</span> <span class='ocrx_word' id='word_1_25' title='bbox 565 220 708 255; x_wconf 74' lang='grc' dir='ltr'>Ἐπιῢήσῃ</span> <span class='ocrx_word' id='word_1_26' title='bbox 726 221 790 256; x_wconf 86' lang='grc' dir='ltr'>γὰρ,</span> <span class='ocrx_word' id='word_1_27' title='bbox 814 230 867 257; x_wconf 79' lang='grc' dir='ltr'><strong>φη-</strong></span> 
     </span>
    </p>
   </div>
   <div class='ocr_carea' id='block_1_7' title="bbox 73 265 865 302">
    <p class='ocr_par' dir='ltr' id='par_1_7' title="bbox 73 265 865 302">
     <span class='ocr_line' id='line_1_7' title="bbox 73 265 865 302; baseline 0.004 -10"><span class='ocrx_word' id='word_1_28' title='bbox 73 267 122 297; x_wconf 79' lang='grc' dir='ltr'>σὶν,</span> <span class='ocrx_word' id='word_1_29' title='bbox 138 265 187 292; x_wconf 75' lang='grc' dir='ltr'><strong>ἐπὶ</strong></span> <span class='ocrx_word' id='word_1_30' title='bbox 208 265 283 298; x_wconf 80' lang='grc' dir='ltr'>τοὺς</span> <span class='ocrx_word' id='word_1_31' title='bbox 309 266 423 298; x_wconf 76' lang='grc' dir='ltr'>ἵππους</span> <span class='ocrx_word' id='word_1_32' title='bbox 445 274 519 293; x_wconf 73' lang='grc' dir='ltr'>σουε</span> <span class='ocrx_word' id='word_1_33' title='bbox 545 266 594 292; x_wconf 77' lang='grc' dir='ltr'>καὶ</span> <span class='ocrx_word' id='word_1_34' title='bbox 611 267 630 300; x_wconf 78' lang='grc' dir='ltr'><strong><em>ἠ</em></strong></span> <span class='ocrx_word' id='word_1_35' title='bbox 646 267 775 294; x_wconf 62' lang='lat' dir='ltr'><strong>(atracia</strong></span> <span class='ocrx_word' id='word_1_36' title='bbox 796 277 865 302; x_wconf 88' lang='grc' dir='ltr'>σου,</span> 
     </span>
    </p>
   </div>
   <div class='ocr_carea' id='block_1_8' title="bbox 72 310 867 348">
    <p class='ocr_par' dir='ltr' id='par_1_8' title="bbox 72 310 867 348">
     <span class='ocr_line' id='line_1_8' title="bbox 72 310 867 348; baseline 0.005 -11"><span class='ocrx_word' id='word_1_37' title='bbox 72 311 219 344; x_wconf 80' lang='grc' dir='ltr'>σωτηρία·</span> <span class='ocrx_word' id='word_1_38' title='bbox 244 311 293 337; x_wconf 69' lang='grc' dir='ltr'>καὶ</span> <span class='ocrx_word' id='word_1_39' title='bbox 307 311 355 337; x_wconf 79' lang='grc' dir='ltr'><strong>ἐπὶ</strong></span> <span class='ocrx_word' id='word_1_40' title='bbox 369 310 415 337; x_wconf 78' lang='grc' dir='ltr'><strong>τοῦ</strong></span> <span class='ocrx_word' id='word_1_41' title='bbox 434 311 541 338; x_wconf 83' lang='grc' dir='ltr'><strong>Παύλου</strong></span> <span class='ocrx_word' id='word_1_42' title='bbox 557 313 571 339; x_wconf 99' lang='lat'><strong>6</strong></span> <span class='ocrx_word' id='word_1_43' title='bbox 589 312 692 348; x_wconf 81' lang='grc' dir='ltr'>Κύριος</span> <span class='ocrx_word' id='word_1_44' title='bbox 705 321 711 328; x_wconf 88' lang='grc'>·</span> <span class='ocrx_word' id='word_1_45' title='bbox 732 313 787 340; x_wconf 84' lang='grc' dir='ltr'><strong>Τοῦ</strong></span> <span class='ocrx_word' id='word_1_46' title='bbox 807 314 867 346; x_wconf 78' lang='grc' dir='ltr'><strong>βα-</strong></span> 
     </span>
    </p>
   </div>
   <div class='ocr_carea' id='block_1_9' title="bbox 69 356 517 392">
    <p class='ocr_par' dir='ltr' id='par_1_9' title="bbox 69 356 517 392">
     <span class='ocr_line' id='line_1_9' title="bbox 69 356 517 392; baseline -0.002 -8"><span class='ocrx_word' id='word_1_47' title='bbox 69 357 182 384; x_wconf 77' lang='grc' dir='ltr'>στάσαι</span> <span class='ocrx_word' id='word_1_48' title='bbox 197 356 232 384; x_wconf 81' lang='grc' dir='ltr'><strong>τό</strong></span> <span class='ocrx_word' id='word_1_49' title='bbox 249 356 345 392; x_wconf 75' lang='grc' dir='ltr'><strong>ὄνομά</strong></span> <span class='ocrx_word' id='word_1_50' title='bbox 351 365 424 391; x_wconf 81' lang='grc' dir='ltr'>μου,</span> <span class='ocrx_word' id='word_1_51' title='bbox 441 357 517 392; x_wconf 82' lang='grc' dir='ltr'>φησί,</span> 
     </span>
    </p>
   </div>
   <div class='ocr_carea' id='block_1_10' title="bbox 916 224 1699 261">
    <p class='ocr_par' dir='ltr' id='par_1_10' title="bbox 916 224 1699 261">
     <span class='ocr_line' id='line_1_10' title="bbox 916 224 1699 261; baseline 0.001 -10"><span class='ocrx_word' id='word_1_52' title='bbox 916 224 960 252; x_wconf 92' lang='lat' dir='ltr'><strong>cui</strong></span> <span class='ocrx_word' id='word_1_53' title='bbox 977 229 1066 252; x_wconf 81' lang='lat' dir='ltr'><strong>tamen</strong></span> <span class='ocrx_word' id='word_1_54' title='bbox 1089 225 1146 259; x_wconf 89' lang='lat' dir='ltr'><strong>ipsa</strong></span> <span class='ocrx_word' id='word_1_55' title='bbox 1175 231 1317 260; x_wconf 76' lang='lat' dir='ltr'><strong>repugnat.</strong></span> <span class='ocrx_word' id='word_1_56' title='bbox 1339 227 1469 254; x_wconf 80' lang='lat' dir='ltr'><strong>Asrendes</strong></span> <span class='ocrx_word' id='word_1_57' title='bbox 1502 227 1582 257; x_wconf 87' lang='lat' dir='ltr'><strong>enim.</strong></span> <span class='ocrx_word' id='word_1_58' title='bbox 1603 227 1699 261; x_wconf 72' lang='lat' dir='ltr'><strong>inquit.</strong></span> 
     </span>
    </p>
   </div>
   <div class='ocr_carea' id='block_1_11' title="bbox 917 271 1701 307">
    <p class='ocr_par' dir='ltr' id='par_1_11' title="bbox 917 271 1701 307">
     <span class='ocr_line' id='line_1_11' title="bbox 917 271 1701 307; baseline 0.003 -10"><span class='ocrx_word' id='word_1_59' title='bbox 917 279 995 306; x_wconf 78' lang='lat' dir='ltr'><strong>super</strong></span> <span class='ocrx_word' id='word_1_60' title='bbox 1009 279 1088 306; x_wconf 78' lang='lat' dir='ltr'><strong>equos</strong></span> <span class='ocrx_word' id='word_1_61' title='bbox 1101 276 1177 304; x_wconf 85' lang='lat' dir='ltr'><strong>tuos;</strong></span> <span class='ocrx_word' id='word_1_62' title='bbox 1192 276 1216 298; x_wconf 87' lang='lat' dir='ltr'><strong>et</strong></span> <span class='ocrx_word' id='word_1_63' title='bbox 1227 273 1358 307; x_wconf 79' lang='lat' dir='ltr'><strong>equitatus</strong></span> <span class='ocrx_word' id='word_1_64' title='bbox 1371 277 1441 305; x_wconf 86' lang='lat' dir='ltr'><strong>tuus,</strong></span> <span class='ocrx_word' id='word_1_65' title='bbox 1457 271 1567 299; x_wconf 73' lang='lat' dir='ltr'><strong>saluatio</strong></span> <span class='ocrx_word' id='word_1_66' title='bbox 1576 272 1609 299; x_wconf 84' lang='grc'><strong>³⁵.</strong></span> <span class='ocrx_word' id='word_1_67' title='bbox 1623 271 1654 298; x_wconf 85' lang='grc' dir='ltr'>Ει</span> <span class='ocrx_word' id='word_1_68' title='bbox 1668 273 1701 300; x_wconf 87' lang='lat' dir='ltr'><strong>de</strong></span> 
     </span>
    </p>
   </div>
   <div class='ocr_carea' id='block_1_12' title="bbox 916 315 1676 353">
    <p class='ocr_par' dir='ltr' id='par_1_12' title="bbox 916 315 1676 353">
     <span class='ocr_line' id='line_1_12' title="bbox 916 315 1676 353; baseline 0.005 -11"><span class='ocrx_word' id='word_1_69' title='bbox 916 315 999 343; x_wconf 83' lang='lat' dir='ltr'><strong>Paulo</strong></span> <span class='ocrx_word' id='word_1_70' title='bbox 1014 315 1154 349; x_wconf 85' lang='lat' dir='ltr'><strong>Dominus,</strong></span> <span class='ocrx_word' id='word_1_71' title='bbox 1169 315 1203 345; x_wconf 86' lang='lat' dir='ltr'><strong>Ut</strong></span> <span class='ocrx_word' id='word_1_72' title='bbox 1213 323 1310 352; x_wconf 71' lang='lat' dir='ltr'><strong>portat,</strong></span> <span class='ocrx_word' id='word_1_73' title='bbox 1327 318 1426 353; x_wconf 84' lang='lat' dir='ltr'><strong>inquit,</strong></span> <span class='ocrx_word' id='word_1_74' title='bbox 1440 326 1534 345; x_wconf 81' lang='lat' dir='ltr'><strong><em>nomen</em></strong></span> <span class='ocrx_word' id='word_1_75' title='bbox 1547 325 1632 346; x_wconf 83' lang='lat' dir='ltr'><strong>meum</strong></span> <span class='ocrx_word' id='word_1_76' title='bbox 1641 318 1676 346; x_wconf 82' lang='grc'><strong>³⁸.</strong></span> 
     </span>
    </p>
   </div>
   <div class='ocr_carea' id='block_1_13' title="bbox 807 405 988 434">
    <p class='ocr_par' dir='ltr' id='par_1_13' title="bbox 807 405 988 434">
     <span class='ocr_line' id='line_1_13' title="bbox 807 405 988 434; baseline 0.011 -2"><span class='ocrx_word' id='word_1_77' title='bbox 807 405 883 433; x_wconf 71' lang='lat' dir='ltr'><strong>CAP.</strong></span> <span class='ocrx_word' id='word_1_78' title='bbox 904 407 988 434; x_wconf 72' lang='lat' dir='ltr'><strong>XXII.</strong></span> 
     </span>
    </p>
   </div>
   <div class='ocr_carea' id='block_1_14' title="bbox 105 450 865 489">
    <p class='ocr_par' dir='ltr' id='par_1_14' title="bbox 105 450 865 489">
     <span class='ocr_line' id='line_1_14' title="bbox 105 450 865 489; baseline 0.007 -13"><span class='ocrx_word' id='word_1_79' title='bbox 105 450 162 486; x_wconf 78' lang='grc' dir='ltr'><strong>Τὴν</strong></span> <span class='ocrx_word' id='word_1_80' title='bbox 181 451 388 486; x_wconf 65' lang='grc' dir='ltr'><strong>σημαινομένην</strong></span> <span class='ocrx_word' id='word_1_81' title='bbox 406 451 507 488; x_wconf 85' lang='grc' dir='ltr'>ἀρετὴν</span> <span class='ocrx_word' id='word_1_82' title='bbox 526 452 579 479; x_wconf 79' lang='grc' dir='ltr'><strong>ὑπὸ</strong></span> <span class='ocrx_word' id='word_1_83' title='bbox 603 453 703 480; x_wconf 86' lang='grc' dir='ltr'>οίκείου</span> <span class='ocrx_word' id='word_1_84' title='bbox 722 454 865 489; x_wconf 81' lang='grc' dir='ltr'>ὀνόματος,</span> 
     </span>
    </p>
   </div>
   <div class='ocr_carea' id='block_1_15' title="bbox 70 493 868 533">
    <p class='ocr_par' dir='ltr' id='par_1_15' title="bbox 70 493 868 533">
     <span class='ocr_line' id='line_1_15' title="bbox 70 493 868 533; baseline 0.003 -10"><span class='ocrx_word' id='word_1_85' title='bbox 70 495 157 530; x_wconf 73' lang='grc' dir='ltr'>ὅνομα</span> <span class='ocrx_word' id='word_1_86' title='bbox 174 493 238 521; x_wconf 73' lang='grc' dir='ltr'>εἷπε</span> <span class='ocrx_word' id='word_1_87' title='bbox 263 495 361 522; x_wconf 57' lang='grc' dir='ltr'>καλόν</span> <span class='ocrx_word' id='word_1_88' title='bbox 379 496 456 523; x_wconf 78' lang='grc' dir='ltr'>τοῦτο</span> <span class='ocrx_word' id='word_1_89' title='bbox 468 497 522 533; x_wconf 84' lang='grc' dir='ltr'><strong>γάρ</strong></span> <span class='ocrx_word' id='word_1_90' title='bbox 533 498 591 524; x_wconf 78' lang='grc' dir='ltr'>ἐστι</span> <span class='ocrx_word' id='word_1_91' title='bbox 611 498 658 525; x_wconf 77' lang='grc' dir='ltr'>καὶ</span> <span class='ocrx_word' id='word_1_92' title='bbox 669 498 750 524; x_wconf 79' lang='grc' dir='ltr'>καλὸν</span> <span class='ocrx_word' id='word_1_93' title='bbox 763 499 793 526; x_wconf 75' lang='grc' dir='ltr'><strong>τὸ</strong></span> <span class='ocrx_word' id='word_1_94' title='bbox 808 499 868 525; x_wconf 81' lang='grc' dir='ltr'>δνο-</span> 
     </span>
    </p>
   </div>
   <div class='ocr_carea' id='block_1_16' title="bbox 71 541 868 577">
    <p class='ocr_par' dir='ltr' id='par_1_16' title="bbox 71 541 868 577">
     <span class='ocr_line' id='line_1_16' title="bbox 71 541 868 577; baseline 0.005 -10"><span class='ocrx_word' id='word_1_95' title='bbox 71 550 120 576; x_wconf 87' lang='grc' dir='ltr'><strong>μα,</strong></span> <span class='ocrx_word' id='word_1_96' title='bbox 138 542 212 577; x_wconf 77' lang='grc' dir='ltr'>ὅπερ</span> <span class='ocrx_word' id='word_1_97' title='bbox 225 541 282 576; x_wconf 76' lang='grc' dir='ltr'>ἔχει</span> <span class='ocrx_word' id='word_1_98' title='bbox 295 541 327 568; x_wconf 88' lang='grc' dir='ltr'>τὺ</span> <span class='ocrx_word' id='word_1_99' title='bbox 353 542 551 577; x_wconf 82' lang='grc' dir='ltr'><strong>σημαινόμενον</strong></span> <span class='ocrx_word' id='word_1_100' title='bbox 572 543 689 577; x_wconf 73' lang='grc' dir='ltr'>ἀγαθόν’</span> <span class='ocrx_word' id='word_1_101' title='bbox 708 543 794 576; x_wconf 80' lang='grc' dir='ltr'>οὕτως</span> <span class='ocrx_word' id='word_1_102' title='bbox 808 544 868 571; x_wconf 75' lang='grc' dir='ltr'>οὐδὲ</span> 
     </span>
    </p>
   </div>
   <div class='ocr_carea' id='block_1_17' title="bbox 67 587 869 625">
    <p class='ocr_par' dir='ltr' id='par_1_17' title="bbox 67 587 869 625">
     <span class='ocr_line' id='line_1_17' title="bbox 67 587 869 625; baseline 0.002 -11"><span class='ocrx_word' id='word_1_103' title='bbox 67 588 118 623; x_wconf 67' lang='grc' dir='ltr'>τὴν</span> <span class='ocrx_word' id='word_1_104' title='bbox 131 587 229 614; x_wconf 71' lang='grc' dir='ltr'>ἄδικον</span> <span class='ocrx_word' id='word_1_105' title='bbox 245 589 362 622; x_wconf 83' lang='grc' dir='ltr'>γυναῖκα</span> <span class='ocrx_word' id='word_1_106' title='bbox 381 588 559 624; x_wconf 82' lang='grc' dir='ltr'><strong>Δικαιοσύνην</strong></span> <span class='ocrx_word' id='word_1_107' title='bbox 581 589 750 625; x_wconf 79' lang='grc' dir='ltr'>καλουμένην</span> <span class='ocrx_word' id='word_1_108' title='bbox 762 590 869 616; x_wconf 76' lang='grc' dir='ltr'>ἐπαινέ-</span> 
     </span>
    </p>
   </div>
   <div class='ocr_carea' id='block_1_18' title="bbox 70 633 870 671">
    <p class='ocr_par' dir='ltr' id='par_1_18' title="bbox 70 633 870 671">
     <span class='ocr_line' id='line_1_18' title="bbox 70 633 870 671; baseline 0.005 -12"><span class='ocrx_word' id='word_1_109' title='bbox 70 641 168 668; x_wconf 87' lang='grc' dir='ltr'>σομεν,</span> <span class='ocrx_word' id='word_1_110' title='bbox 180 633 250 660; x_wconf 79' lang='grc' dir='ltr'>ἀλλὰ</span> <span class='ocrx_word' id='word_1_111' title='bbox 264 633 312 669; x_wconf 78' lang='grc' dir='ltr'><strong>τὴν</strong></span> <span class='ocrx_word' id='word_1_112' title='bbox 323 633 437 670; x_wconf 78' lang='grc' dir='ltr'>ἔχουσαν</span> <span class='ocrx_word' id='word_1_113' title='bbox 451 635 499 670; x_wconf 81' lang='grc' dir='ltr'>τὴν</span> <span class='ocrx_word' id='word_1_114' title='bbox 515 635 697 671; x_wconf 84' lang='grc' dir='ltr'>δικαιοσύνην,</span> <span class='ocrx_word' id='word_1_115' title='bbox 711 636 762 663; x_wconf 72' lang='grc' dir='ltr'><strong>κᾶν</strong></span> <span class='ocrx_word' id='word_1_116' title='bbox 778 636 870 663; x_wconf 81' lang='grc' dir='ltr'><strong>ἀδικία</strong></span> 
     </span>
    </p>
   </div>
   <div class='ocr_carea' id='block_1_19' title="bbox 70 679 869 718">
    <p class='ocr_par' dir='ltr' id='par_1_19' title="bbox 70 679 869 718">
     <span class='ocr_line' id='line_1_19' title="bbox 70 679 869 718; baseline 0.005 -13"><span class='ocrx_word' id='word_1_117' title='bbox 70 679 239 714; x_wconf 78' lang='grc' dir='ltr'>νομίζηται·</span> <span class='ocrx_word' id='word_1_118' title='bbox 273 679 344 716; x_wconf 83' lang='grc' dir='ltr'>ὑπὲρ</span> <span class='ocrx_word' id='word_1_119' title='bbox 376 680 404 707; x_wconf 81' lang='grc' dir='ltr'>δὲ</span> <span class='ocrx_word' id='word_1_120' title='bbox 429 680 560 716; x_wconf 79' lang='grc' dir='ltr'>ἀργύριον</span> <span class='ocrx_word' id='word_1_121' title='bbox 577 681 623 708; x_wconf 82' lang='grc' dir='ltr'>καὶ</span> <span class='ocrx_word' id='word_1_122' title='bbox 641 682 762 718; x_wconf 87' lang='grc' dir='ltr'>χρυσίον,</span> <span class='ocrx_word' id='word_1_123' title='bbox 787 683 869 718; x_wconf 87' lang='grc' dir='ltr'>σοφία</span> 
     </span>
    </p>
   </div>
   <div class='ocr_carea' id='block_1_20' title="bbox 72 724 164 760">
    <p class='ocr_par' dir='ltr' id='par_1_20' title="bbox 72 724 164 760">
     <span class='ocr_line' id='line_1_20' title="bbox 72 724 164 760; baseline 0 -10"><span class='ocrx_word' id='word_1_124' title='bbox 72 724 150 760; x_wconf 70' lang='grc' dir='ltr'>θεῖκή</span> <span class='ocrx_word' id='word_1_125' title='bbox 156 744 164 750; x_wconf 93' lang='grc'>.</span> 
     </span>
    </p>
   </div>
   <div class='ocr_carea' id='block_1_21' title="bbox 105 770 870 811">
    <p class='ocr_par' dir='ltr' id='par_1_21' title="bbox 105 770 870 811">
     <span class='ocr_line' id='line_1_21' title="bbox 105 770 870 811; baseline 0.007 -15"><span class='ocrx_word' id='word_1_126' title='bbox 105 770 426 806; x_wconf 81' lang='grc' dir='ltr'>Συναντῶσινὰλλήλοις,</span> <span class='ocrx_word' id='word_1_127' title='bbox 439 771 453 797; x_wconf 91' lang='lat'><strong>6</strong></span> <span class='ocrx_word' id='word_1_128' title='bbox 468 771 517 807; x_wconf 74' lang='grc' dir='ltr'>μὲν</span> <span class='ocrx_word' id='word_1_129' title='bbox 531 771 657 804; x_wconf 79' lang='grc' dir='ltr'>πλούσιος</span> <span class='ocrx_word' id='word_1_130' title='bbox 669 772 713 800; x_wconf 78' lang='grc' dir='ltr'>διὰ</span> <span class='ocrx_word' id='word_1_131' title='bbox 726 773 780 801; x_wconf 86' lang='grc' dir='ltr'><strong>τῶν</strong></span> <span class='ocrx_word' id='word_1_132' title='bbox 793 775 870 811; x_wconf 77' lang='grc' dir='ltr'>ἐλεη-</span> 
     </span>
    </p>
   </div>
   <div class='ocr_carea' id='block_1_22' title="bbox 955 456 1702 492">
    <p class='ocr_par' dir='ltr' id='par_1_22' title="bbox 955 456 1702 492">
     <span class='ocr_line' id='line_1_22' title="bbox 955 456 1702 492; baseline 0 -8"><span class='ocrx_word' id='word_1_133' title='bbox 955 456 978 472; x_wconf 87' lang='grc'>³⁷</span> <span class='ocrx_word' id='word_1_134' title='bbox 990 456 1177 492; x_wconf 71' lang='grc' dir='ltr'>δίεοίθσοιιιηι</span> <span class='ocrx_word' id='word_1_135' title='bbox 1191 465 1205 484; x_wconf 88' lang='lat' dir='ltr'><strong>a</strong></span> <span class='ocrx_word' id='word_1_136' title='bbox 1219 457 1328 492; x_wconf 87' lang='lat' dir='ltr'><strong>proprio</strong></span> <span class='ocrx_word' id='word_1_137' title='bbox 1341 457 1592 491; x_wconf 87' lang='lat' dir='ltr'><strong>nominevirtutem,</strong></span> <span class='ocrx_word' id='word_1_138' title='bbox 1607 465 1702 485; x_wconf 84' lang='lat' dir='ltr'><strong>nomen</strong></span> 
     </span>
    </p>
   </div>
   <div class='ocr_carea' id='block_1_23' title="bbox 920 501 1704 538">
    <p class='ocr_par' dir='ltr' id='par_1_23' title="bbox 920 501 1704 538">
     <span class='ocr_line' id='line_1_23' title="bbox 920 501 1704 538; baseline 0.003 -9"><span class='ocrx_word' id='word_1_139' title='bbox 920 501 989 529; x_wconf 72' lang='lat' dir='ltr'><strong>dixit</strong></span> <span class='ocrx_word' id='word_1_140' title='bbox 1012 503 1122 530; x_wconf 83' lang='lat' dir='ltr'><strong>bonum.</strong></span> <span class='ocrx_word' id='word_1_141' title='bbox 1140 501 1207 530; x_wconf 83' lang='lat' dir='ltr'><strong>Nam</strong></span> <span class='ocrx_word' id='word_1_142' title='bbox 1226 503 1292 531; x_wconf 83' lang='lat' dir='ltr'><strong>illud</strong></span> <span class='ocrx_word' id='word_1_143' title='bbox 1316 503 1417 531; x_wconf 88' lang='lat' dir='ltr'><strong>bonum</strong></span> <span class='ocrx_word' id='word_1_144' title='bbox 1441 509 1483 531; x_wconf 87' lang='lat' dir='ltr'><strong>est</strong></span> <span class='ocrx_word' id='word_1_145' title='bbox 1508 511 1616 537; x_wconf 85' lang='lat' dir='ltr'><strong>nomen,</strong></span> <span class='ocrx_word' id='word_1_146' title='bbox 1633 504 1704 538; x_wconf 77' lang='lat' dir='ltr'><strong>quod</strong></span> 
     </span>
    </p>
   </div>
   <div class='ocr_carea' id='block_1_24' title="bbox 921 548 1705 584">
    <p class='ocr_par' dir='ltr' id='par_1_24' title="bbox 921 548 1705 584">
     <span class='ocr_line' id='line_1_24' title="bbox 921 548 1705 584; baseline 0.003 -10"><span class='ocrx_word' id='word_1_147' title='bbox 921 548 1004 575; x_wconf 89' lang='lat' dir='ltr'><strong>habet</strong></span> <span class='ocrx_word' id='word_1_148' title='bbox 1030 548 1129 576; x_wconf 90' lang='lat' dir='ltr'><strong>bonum</strong></span> <span class='ocrx_word' id='word_1_149' title='bbox 1148 556 1181 576; x_wconf 75' lang='lat' dir='ltr'><strong>ex</strong></span> <span class='ocrx_word' id='word_1_150' title='bbox 1203 556 1252 576; x_wconf 88' lang='lat' dir='ltr'><strong>suo</strong></span> <span class='ocrx_word' id='word_1_151' title='bbox 1266 548 1337 576; x_wconf 91' lang='lat' dir='ltr'><strong>bono</strong></span> <span class='ocrx_word' id='word_1_152' title='bbox 1346 556 1429 583; x_wconf 87' lang='lat' dir='ltr'><strong>opere</strong></span> <span class='ocrx_word' id='word_1_153' title='bbox 1450 549 1641 584; x_wconf 73' lang='lat' dir='ltr'><strong>signiﬁcatum.</strong></span> <span class='ocrx_word' id='word_1_154' title='bbox 1658 549 1705 576; x_wconf 84' lang='lat' dir='ltr'><strong>Sic</strong></span> 
     </span>
    </p>
   </div>
   <div class='ocr_carea' id='block_1_25' title="bbox 921 593 1706 628">
    <p class='ocr_par' dir='ltr' id='par_1_25' title="bbox 921 593 1706 628">
     <span class='ocr_line' id='line_1_25' title="bbox 921 593 1706 628; baseline 0.003 -8"><span class='ocrx_word' id='word_1_155' title='bbox 921 600 1008 628; x_wconf 87' lang='lat' dir='ltr'><strong>neque</strong></span> <span class='ocrx_word' id='word_1_156' title='bbox 1024 593 1152 628; x_wconf 79' lang='lat' dir='ltr'><strong>injustam</strong></span> <span class='ocrx_word' id='word_1_157' title='bbox 1166 593 1317 626; x_wconf 84' lang='lat' dir='ltr'><strong>mulierem,</strong></span> <span class='ocrx_word' id='word_1_158' title='bbox 1334 594 1356 621; x_wconf 92' lang='lat' dir='ltr'><strong>si</strong></span> <span class='ocrx_word' id='word_1_159' title='bbox 1371 594 1441 622; x_wconf 84' lang='lat' dir='ltr'><strong>forte</strong></span> <span class='ocrx_word' id='word_1_160' title='bbox 1458 593 1568 621; x_wconf 68' lang='lat' dir='ltr'><strong>Iustitia</strong></span> <span class='ocrx_word' id='word_1_161' title='bbox 1586 595 1706 628; x_wconf 78' lang='lat' dir='ltr'><strong>appelle-</strong></span> 
     </span>
    </p>
   </div>
   <div class='ocr_carea' id='block_1_26' title="bbox 921 638 1705 674">
    <p class='ocr_par' dir='ltr' id='par_1_26' title="bbox 921 638 1705 674">
     <span class='ocr_line' id='line_1_26' title="bbox 921 638 1705 674; baseline 0 -8"><span class='ocrx_word' id='word_1_162' title='bbox 921 642 975 672; x_wconf 87' lang='lat' dir='ltr'><strong>tur,</strong></span> <span class='ocrx_word' id='word_1_163' title='bbox 992 638 1179 672; x_wconf 83' lang='lat' dir='ltr'><strong>laudabimus;</strong></span> <span class='ocrx_word' id='word_1_164' title='bbox 1205 638 1252 666; x_wconf 87' lang='lat' dir='ltr'><strong>sed</strong></span> <span class='ocrx_word' id='word_1_165' title='bbox 1282 639 1357 666; x_wconf 85' lang='lat' dir='ltr'><strong>illam</strong></span> <span class='ocrx_word' id='word_1_166' title='bbox 1380 640 1471 673; x_wconf 82' lang='lat' dir='ltr'><strong>potius</strong></span> <span class='ocrx_word' id='word_1_167' title='bbox 1496 647 1557 674; x_wconf 65' lang='lat' dir='ltr'><strong>qua:</strong></span> <span class='ocrx_word' id='word_1_168' title='bbox 1570 640 1705 674; x_wconf 79' lang='lat' dir='ltr'><strong>justitiam</strong></span> 
     </span>
    </p>
   </div>
   <div class='ocr_carea' id='block_1_27' title="bbox 922 683 1708 720">
    <p class='ocr_par' dir='ltr' id='par_1_27' title="bbox 922 683 1708 720">
     <span class='ocr_line' id='line_1_27' title="bbox 922 683 1708 720; baseline 0.001 -9"><span class='ocrx_word' id='word_1_169' title='bbox 922 683 1030 717; x_wconf 79' lang='lat' dir='ltr'><strong>habent,</strong></span> <span class='ocrx_word' id='word_1_170' title='bbox 1043 684 1151 712; x_wconf 87' lang='lat' dir='ltr'><strong>etiamsi</strong></span> <span class='ocrx_word' id='word_1_171' title='bbox 1175 684 1200 711; x_wconf 87' lang='lat' dir='ltr'><strong>ei</strong></span> <span class='ocrx_word' id='word_1_172' title='bbox 1226 683 1361 718; x_wconf 77' lang='lat' dir='ltr'><strong>lniustitia</strong></span> <span class='ocrx_word' id='word_1_173' title='bbox 1379 692 1478 712; x_wconf 85' lang='lat' dir='ltr'><strong>nomen</strong></span> <span class='ocrx_word' id='word_1_174' title='bbox 1495 685 1540 712; x_wconf 87' lang='lat' dir='ltr'><strong>sit.</strong></span> <span class='ocrx_word' id='word_1_175' title='bbox 1558 685 1643 720; x_wconf 81' lang='lat' dir='ltr'><strong>Supra</strong></span> <span class='ocrx_word' id='word_1_176' title='bbox 1663 693 1708 712; x_wconf 86' lang='lat' dir='ltr'><strong>ar-</strong></span> 
     </span>
    </p>
   </div>
   <div class='ocr_carea' id='block_1_28' title="bbox 921 730 1706 766">
    <p class='ocr_par' dir='ltr' id='par_1_28' title="bbox 921 730 1706 766">
     <span class='ocr_line' id='line_1_28' title="bbox 921 730 1706 766; baseline 0.003 -10"><span class='ocrx_word' id='word_1_177' title='bbox 921 733 1031 764; x_wconf 76' lang='lat' dir='ltr'><strong>gentum</strong></span> <span class='ocrx_word' id='word_1_178' title='bbox 1049 737 1130 764; x_wconf 88' lang='lat' dir='ltr'><strong>porro</strong></span> <span class='ocrx_word' id='word_1_179' title='bbox 1143 733 1185 757; x_wconf 87' lang='lat' dir='ltr'><strong>est</strong></span> <span class='ocrx_word' id='word_1_180' title='bbox 1198 734 1226 757; x_wconf 87' lang='lat' dir='ltr'><strong>et</strong></span> <span class='ocrx_word' id='word_1_181' title='bbox 1242 737 1323 765; x_wconf 85' lang='lat' dir='ltr'><strong>supra</strong></span> <span class='ocrx_word' id='word_1_182' title='bbox 1337 738 1444 763; x_wconf 80' lang='lat' dir='ltr'><strong>aurum,</strong></span> <span class='ocrx_word' id='word_1_183' title='bbox 1456 730 1548 758; x_wconf 89' lang='lat' dir='ltr'><strong>divina</strong></span> <span class='ocrx_word' id='word_1_184' title='bbox 1563 731 1706 766; x_wconf 86' lang='lat' dir='ltr'><strong>sapientia.</strong></span> 
     </span>
    </p>
   </div>
   <div class='ocr_carea' id='block_1_29' title="bbox 958 775 1706 812">
    <p class='ocr_par' dir='ltr' id='par_1_29' title="bbox 958 775 1706 812">
     <span class='ocr_line' id='line_1_29' title="bbox 958 775 1706 812; baseline 0 -9"><span class='ocrx_word' id='word_1_185' title='bbox 958 775 980 792; x_wconf 83' lang='grc'><strong>³⁸</strong></span> <span class='ocrx_word' id='word_1_186' title='bbox 993 775 1110 803; x_wconf 82' lang='lat' dir='ltr'><strong>Obviam</strong></span> <span class='ocrx_word' id='word_1_187' title='bbox 1126 775 1189 808; x_wconf 85' lang='lat' dir='ltr'><strong>sibi,</strong></span> <span class='ocrx_word' id='word_1_188' title='bbox 1216 775 1295 803; x_wconf 82' lang='lat' dir='ltr'><strong>dives</strong></span> <span class='ocrx_word' id='word_1_189' title='bbox 1320 776 1429 810; x_wconf 86' lang='lat' dir='ltr'><strong>quidem</strong></span> <span class='ocrx_word' id='word_1_190' title='bbox 1445 776 1625 812; x_wconf 81' lang='lat' dir='ltr'><strong>eleemosynis</strong></span> <span class='ocrx_word' id='word_1_191' title='bbox 1639 776 1706 803; x_wconf 88' lang='lat' dir='ltr'><strong>iram</strong></span> 
     </span>
    </p>
   </div>
   <div class='ocr_carea' id='block_1_30' title="bbox 73 816 875 857">
    <p class='ocr_par' dir='ltr' id='par_1_30' title="bbox 73 816 869 856">
     <span class='ocr_line' id='line_1_30' title="bbox 73 816 869 856; baseline 0.008 -15"><span class='ocrx_word' id='word_1_192' title='bbox 73 816 201 851; x_wconf 82' lang='grc' dir='ltr'>μοσυνῶν</span> <span class='ocrx_word' id='word_1_193' title='bbox 229 816 369 852; x_wconf 86' lang='grc' dir='ltr'>καθαιρῶν</span> <span class='ocrx_word' id='word_1_194' title='bbox 391 817 436 844; x_wconf 87' lang='grc' dir='ltr'><strong>τὸν</strong></span> <span class='ocrx_word' id='word_1_195' title='bbox 456 817 551 854; x_wconf 80' lang='grc' dir='ltr'>θυμὸν,</span> <span class='ocrx_word' id='word_1_196' title='bbox 577 819 623 845; x_wconf 80' lang='grc' dir='ltr'>καὶ</span> <span class='ocrx_word' id='word_1_197' title='bbox 656 819 796 855; x_wconf 78' lang='grc' dir='ltr'>κτώμενος</span> <span class='ocrx_word' id='word_1_198' title='bbox 821 821 869 856; x_wconf 78' lang='grc' dir='ltr'>τὴν</span> 
     </span>
    </p>
   </div>
   <div class='ocr_carea' id='block_1_31' title="bbox 931 816 1709 857">
    <p class='ocr_par' dir='ltr' id='par_1_31' title="bbox 931 821 1709 857">
     <span class='ocr_line' id='line_1_31' title="bbox 931 821 1709 857; baseline 0 -9"><span class='ocrx_word' id='word_1_199' title='bbox 931 821 1106 856; x_wconf 63' lang='grc' dir='ltr'>ιιειίηευθηε,</span> <span class='ocrx_word' id='word_1_200' title='bbox 1125 827 1152 848; x_wconf 85' lang='lat' dir='ltr'><strong>et</strong></span> <span class='ocrx_word' id='word_1_201' title='bbox 1167 829 1286 849; x_wconf 89' lang='lat' dir='ltr'><strong>amorem</strong></span> <span class='ocrx_word' id='word_1_202' title='bbox 1299 822 1351 849; x_wconf 87' lang='lat' dir='ltr'><strong>sibi</strong></span> <span class='ocrx_word' id='word_1_203' title='bbox 1363 822 1530 855; x_wconf 81' lang='lat' dir='ltr'><strong>concilians;</strong></span> <span class='ocrx_word' id='word_1_204' title='bbox 1550 830 1650 857; x_wconf 86' lang='lat' dir='ltr'><strong>panper</strong></span> <span class='ocrx_word' id='word_1_205' title='bbox 1661 830 1709 848; x_wconf 80' lang='lat' dir='ltr'><strong>au-</strong></span> 
     </span>
    </p>
   </div>
   <div class='ocr_carea' id='block_1_32' title="bbox 72 863 870 901">
    <p class='ocr_par' dir='ltr' id='par_1_32' title="bbox 72 863 870 901">
     <span class='ocr_line' id='line_1_32' title="bbox 72 863 870 901; baseline 0.006 -12"><span class='ocrx_word' id='word_1_206' title='bbox 72 863 187 899; x_wconf 81' lang='grc' dir='ltr'><strong>ἀγάπην</strong></span> <span class='ocrx_word' id='word_1_207' title='bbox 198 871 205 878; x_wconf 86' lang='grc'><strong>”</strong></span> <span class='ocrx_word' id='word_1_208' title='bbox 223 864 238 889; x_wconf 91' lang='lat'><strong>6</strong></span> <span class='ocrx_word' id='word_1_209' title='bbox 253 863 293 896; x_wconf 79' lang='grc' dir='ltr'><strong>δὲ,</strong></span> <span class='ocrx_word' id='word_1_210' title='bbox 307 863 352 890; x_wconf 84' lang='grc' dir='ltr'>διὰ</span> <span class='ocrx_word' id='word_1_211' title='bbox 361 863 412 899; x_wconf 81' lang='grc' dir='ltr'><strong>τῆς</strong></span> <span class='ocrx_word' id='word_1_212' title='bbox 426 864 520 896; x_wconf 84' lang='grc' dir='ltr'>πενίας</span> <span class='ocrx_word' id='word_1_213' title='bbox 538 864 568 891; x_wconf 84' lang='grc' dir='ltr'>τὸ</span> <span class='ocrx_word' id='word_1_214' title='bbox 590 868 811 901; x_wconf 79' lang='grc' dir='ltr'>ταπεινοφρονεῖν</span> <span class='ocrx_word' id='word_1_215' title='bbox 831 867 870 894; x_wconf 84' lang='grc' dir='ltr'>δι-</span> 
     </span>
    </p>
   </div>
   <div class='ocr_carea' id='block_1_33' title="bbox 72 909 869 945">
    <p class='ocr_par' dir='ltr' id='par_1_33' title="bbox 72 909 869 945">
     <span class='ocr_line' id='line_1_33' title="bbox 72 909 869 945; baseline 0.006 -11"><span class='ocrx_word' id='word_1_216' title='bbox 72 909 261 943; x_wconf 77' lang='grc' dir='ltr'>δασκόμενος·</span> <span class='ocrx_word' id='word_1_217' title='bbox 278 909 324 935; x_wconf 83' lang='grc' dir='ltr'><strong>τὸν</strong></span> <span class='ocrx_word' id='word_1_218' title='bbox 338 909 386 944; x_wconf 86' lang='grc' dir='ltr'>μὲν</span> <span class='ocrx_word' id='word_1_219' title='bbox 403 909 466 945; x_wconf 79' lang='grc' dir='ltr'>γὰρ,</span> <span class='ocrx_word' id='word_1_220' title='bbox 482 910 553 936; x_wconf 81' lang='grc' dir='ltr'>θέλει</span> <span class='ocrx_word' id='word_1_221' title='bbox 566 910 755 938; x_wconf 83' lang='grc' dir='ltr'>παιδεύεσθαι·</span> <span class='ocrx_word' id='word_1_222' title='bbox 770 912 815 939; x_wconf 77' lang='grc' dir='ltr'><strong>τὸν</strong></span> <span class='ocrx_word' id='word_1_223' title='bbox 829 913 869 945; x_wconf 82' lang='grc' dir='ltr'><strong>δὲ,</strong></span> 
     </span>
    </p>
   </div>
   <div class='ocr_carea' id='block_1_34' title="bbox 75 954 871 993">
    <p class='ocr_par' dir='ltr' id='par_1_34' title="bbox 75 954 871 993">
     <span class='ocr_line' id='line_1_34' title="bbox 75 954 871 993; baseline 0.006 -12"><span class='ocrx_word' id='word_1_224' title='bbox 75 955 250 990; x_wconf 73' lang='grc' dir='ltr'>μεταδιδόναι</span> <span class='ocrx_word' id='word_1_225' title='bbox 262 963 270 971; x_wconf 71' lang='grc'><strong>⁸</strong></span> <span class='ocrx_word' id='word_1_226' title='bbox 289 954 360 982; x_wconf 81' lang='grc' dir='ltr'>ὥστε</span> <span class='ocrx_word' id='word_1_227' title='bbox 375 955 421 982; x_wconf 78' lang='grc' dir='ltr'>τὸν</span> <span class='ocrx_word' id='word_1_228' title='bbox 443 956 492 991; x_wconf 83' lang='grc' dir='ltr'><strong>μὲν</strong></span> <span class='ocrx_word' id='word_1_229' title='bbox 507 957 667 993; x_wconf 76' lang='grc' dir='ltr'>εὐχάριστον</span> <span class='ocrx_word' id='word_1_230' title='bbox 680 955 761 991; x_wconf 76' lang='grc' dir='ltr'>εἶναι,</span> <span class='ocrx_word' id='word_1_231' title='bbox 778 958 823 985; x_wconf 83' lang='grc' dir='ltr'>τὸν</span> <span class='ocrx_word' id='word_1_232' title='bbox 841 959 871 986; x_wconf 74' lang='grc' dir='ltr'>δὲ</span> 
     </span>
    </p>
   </div>
   <div class='ocr_carea' id='block_1_35' title="bbox 75 1001 221 1037">
    <p class='ocr_par' dir='ltr' id='par_1_35' title="bbox 75 1001 221 1037">
     <span class='ocr_line' id='line_1_35' title="bbox 75 1001 221 1037; baseline 0 -9"><span class='ocrx_word' id='word_1_233' title='bbox 75 1001 221 1037; x_wconf 62' lang='grc' dir='ltr'>ἐλεήμονα.</span> 
     </span>
    </p>
   </div>
   <div class='ocr_carea' id='block_1_36' title="bbox 111 1048 870 1087">
    <p class='ocr_par' dir='ltr' id='par_1_36' title="bbox 111 1048 870 1087">
     <span class='ocr_line' id='line_1_36' title="bbox 111 1048 870 1087; baseline 0.005 -12"><span class='ocrx_word' id='word_1_234' title='bbox 111 1048 189 1084; x_wconf 84' lang='grc' dir='ltr'><strong>Ζωὴν</strong></span> <span class='ocrx_word' id='word_1_235' title='bbox 204 1048 253 1075; x_wconf 55' lang='grc' dir='ltr'><strong>καὶ⁵</strong></span> <span class='ocrx_word' id='word_1_236' title='bbox 268 1048 347 1081; x_wconf 84' lang='grc' dir='ltr'>δόξαν</span> <span class='ocrx_word' id='word_1_237' title='bbox 366 1049 413 1075; x_wconf 71' lang='grc' dir='ltr'>καὶ</span> <span class='ocrx_word' id='word_1_238' title='bbox 427 1049 540 1076; x_wconf 82' lang='grc' dir='ltr'>πλοῦτον</span> <span class='ocrx_word' id='word_1_239' title='bbox 556 1050 681 1086; x_wconf 81' lang='grc' dir='ltr'>οὐράνιον</span> <span class='ocrx_word' id='word_1_240' title='bbox 702 1051 870 1087; x_wconf 85' lang='grc' dir='ltr'>κληρονομή-</span> 
     </span>
    </p>
   </div>
   <div class='ocr_carea' id='block_1_37' title="bbox 83 1095 871 1133">
    <p class='ocr_par' dir='ltr' id='par_1_37' title="bbox 83 1095 871 1133">
     <span class='ocr_line' id='line_1_37' title="bbox 83 1095 871 1133; baseline 0.004 -12"><span class='ocrx_word' id='word_1_241' title='bbox 83 1103 118 1121; x_wconf 84' lang='grc' dir='ltr'><strong>σει</strong></span> <span class='ocrx_word' id='word_1_242' title='bbox 133 1095 148 1121; x_wconf 84' lang='lat'><strong>6</strong></span> <span class='ocrx_word' id='word_1_243' title='bbox 164 1095 265 1130; x_wconf 78' lang='grc' dir='ltr'>σοφίαν</span> <span class='ocrx_word' id='word_1_244' title='bbox 287 1095 336 1122; x_wconf 76' lang='grc' dir='ltr'>καὶ</span> <span class='ocrx_word' id='word_1_245' title='bbox 353 1095 435 1130; x_wconf 75' lang='grc' dir='ltr'>φόϐον</span> <span class='ocrx_word' id='word_1_246' title='bbox 456 1096 558 1131; x_wconf 74' lang='grc' dir='ltr'>Κυρίου</span> <span class='ocrx_word' id='word_1_247' title='bbox 586 1096 672 1132; x_wconf 75' lang='grc' dir='ltr'>ἔχων·</span> <span class='ocrx_word' id='word_1_248' title='bbox 701 1097 791 1129; x_wconf 85' lang='grc' dir='ltr'>πάσας</span> <span class='ocrx_word' id='word_1_249' title='bbox 816 1097 871 1133; x_wconf 82' lang='grc' dir='ltr'>γὰρ</span> 
     </span>
    </p>
   </div>
   <div class='ocr_carea' id='block_1_38' title="bbox 82 1140 873 1179">
    <p class='ocr_par' dir='ltr' id='par_1_38' title="bbox 82 1140 873 1179">
     <span class='ocr_line' id='line_1_38' title="bbox 82 1140 873 1179; baseline 0.004 -12"><span class='ocrx_word' id='word_1_250' title='bbox 82 1141 126 1172; x_wconf 69' lang='grc' dir='ltr'>τὰς</span> <span class='ocrx_word' id='word_1_251' title='bbox 150 1140 276 1175; x_wconf 79' lang='grc' dir='ltr'>γενέσεις</span> <span class='ocrx_word' id='word_1_252' title='bbox 292 1140 355 1176; x_wconf 73' lang='grc' dir='ltr'>ἔσχε</span> <span class='ocrx_word' id='word_1_253' title='bbox 377 1140 455 1168; x_wconf 83' lang='grc' dir='ltr'>Νῶε·</span> <span class='ocrx_word' id='word_1_254' title='bbox 481 1141 582 1174; x_wconf 76' lang='grc' dir='ltr'>ταύτας</span> <span class='ocrx_word' id='word_1_255' title='bbox 602 1142 727 1179; x_wconf 78' lang='grc' dir='ltr'>Ἀϐραάμ</span> <span class='ocrx_word' id='word_1_256' title='bbox 740 1151 747 1159; x_wconf 90' lang='grc'><strong>·</strong></span> <span class='ocrx_word' id='word_1_257' title='bbox 770 1142 873 1176; x_wconf 79' lang='grc' dir='ltr'>ταύτας</span> 
     </span>
    </p>
   </div>
   <div class='ocr_carea' id='block_1_39' title="bbox 84 1186 624 1223">
    <p class='ocr_par' dir='ltr' id='par_1_39' title="bbox 84 1186 624 1223">
     <span class='ocr_line' id='line_1_39' title="bbox 84 1186 624 1223; baseline 0.002 -10"><span class='ocrx_word' id='word_1_258' title='bbox 84 1188 125 1213; x_wconf 81' lang='grc' dir='ltr'><strong>καὶ</strong></span> <span class='ocrx_word' id='word_1_259' title='bbox 140 1188 164 1213; x_wconf 89' lang='grc' dir='ltr'><strong>οί</strong></span> <span class='ocrx_word' id='word_1_260' title='bbox 182 1186 261 1222; x_wconf 83' lang='grc' dir='ltr'>παρὰ</span> <span class='ocrx_word' id='word_1_261' title='bbox 279 1187 384 1223; x_wconf 81' lang='grc' dir='ltr'><strong>Πέτρου</strong></span> <span class='ocrx_word' id='word_1_262' title='bbox 397 1187 624 1222; x_wconf 78' lang='grc' dir='ltr'>μαθητευθέντες.</span> 
     </span>
    </p>
   </div>
   <div class='ocr_carea' id='block_1_40' title="bbox 121 1231 873 1267">
    <p class='ocr_par' dir='ltr' id='par_1_40' title="bbox 121 1231 873 1267">
     <span class='ocr_line' id='line_1_40' title="bbox 121 1231 873 1267; baseline 0.003 -9"><span class='ocrx_word' id='word_1_263' title='bbox 121 1232 165 1259; x_wconf 87' lang='grc' dir='ltr'>Ἐν</span> <span class='ocrx_word' id='word_1_264' title='bbox 179 1232 221 1266; x_wconf 81' lang='grc' dir='ltr'><strong>τῷ</strong></span> <span class='ocrx_word' id='word_1_265' title='bbox 232 1231 312 1258; x_wconf 86' lang='grc' dir='ltr'>αἰῶνι</span> <span class='ocrx_word' id='word_1_266' title='bbox 323 1232 361 1267; x_wconf 82' lang='grc' dir='ltr'>τῷ</span> <span class='ocrx_word' id='word_1_267' title='bbox 380 1232 502 1267; x_wconf 83' lang='grc' dir='ltr'>μέλλοντι</span> <span class='ocrx_word' id='word_1_268' title='bbox 515 1233 538 1259; x_wconf 90' lang='grc' dir='ltr'><strong>οί</strong></span> <span class='ocrx_word' id='word_1_269' title='bbox 551 1234 580 1259; x_wconf 83' lang='grc' dir='ltr'>ὲν</span> <span class='ocrx_word' id='word_1_270' title='bbox 593 1233 675 1260; x_wconf 78' lang='grc' dir='ltr'>παντὶ</span> <span class='ocrx_word' id='word_1_271' title='bbox 697 1232 873 1260; x_wconf 69' lang='grc' dir='ltr'>πλουτισθέν-</span> 
     </span>
    </p>
   </div>
   <div class='ocr_carea' id='block_1_41' title="bbox 86 1277 874 1315">
    <p class='ocr_par' dir='ltr' id='par_1_41' title="bbox 86 1277 874 1315">
     <span class='ocr_line' id='line_1_41' title="bbox 86 1277 874 1315; baseline 0.003 -11"><span class='ocrx_word' id='word_1_272' title='bbox 86 1286 134 1310; x_wconf 81' lang='grc' dir='ltr'>τες,</span> <span class='ocrx_word' id='word_1_273' title='bbox 160 1278 189 1304; x_wconf 84' lang='grc' dir='ltr'>ὲν</span> <span class='ocrx_word' id='word_1_274' title='bbox 206 1277 282 1314; x_wconf 81' lang='grc' dir='ltr'>πάσῃ</span> <span class='ocrx_word' id='word_1_275' title='bbox 301 1277 402 1312; x_wconf 80' lang='grc' dir='ltr'>γνώσει</span> <span class='ocrx_word' id='word_1_276' title='bbox 425 1279 472 1305; x_wconf 74' lang='grc' dir='ltr'>καὶ</span> <span class='ocrx_word' id='word_1_277' title='bbox 491 1279 584 1314; x_wconf 69' lang='grc' dir='ltr'>σοφίᾳ,</span> <span class='ocrx_word' id='word_1_278' title='bbox 606 1279 717 1315; x_wconf 78' lang='grc' dir='ltr'>ἄρξουσι</span> <span class='ocrx_word' id='word_1_279' title='bbox 734 1279 788 1306; x_wconf 87' lang='grc' dir='ltr'><strong>τῶν</strong></span> <span class='ocrx_word' id='word_1_280' title='bbox 804 1280 874 1306; x_wconf 83' lang='grc' dir='ltr'>ἀκα-</span> 
     </span>
    </p>
   </div>
   <div class='ocr_carea' id='block_1_42' title="bbox 88 1322 874 1358">
    <p class='ocr_par' dir='ltr' id='par_1_42' title="bbox 88 1322 874 1358">
     <span class='ocr_line' id='line_1_42' title="bbox 88 1322 874 1358; baseline 0.004 -10"><span class='ocrx_word' id='word_1_281' title='bbox 88 1322 187 1358; x_wconf 76' lang='grc' dir='ltr'>θάρτων</span> <span class='ocrx_word' id='word_1_282' title='bbox 202 1323 252 1349; x_wconf 73' lang='grc' dir='ltr'><strong>καὶ</strong></span> <span class='ocrx_word' id='word_1_283' title='bbox 264 1323 455 1358; x_wconf 84' lang='grc' dir='ltr'>ὲστερημένων</span> <span class='ocrx_word' id='word_1_284' title='bbox 471 1323 566 1350; x_wconf 85' lang='grc' dir='ltr'>τούτου</span> <span class='ocrx_word' id='word_1_285' title='bbox 585 1323 631 1350; x_wconf 79' lang='grc' dir='ltr'><strong>τοῦ</strong></span> <span class='ocrx_word' id='word_1_286' title='bbox 652 1323 766 1351; x_wconf 86' lang='grc' dir='ltr'>πλούτου</span> <span class='ocrx_word' id='word_1_287' title='bbox 776 1333 782 1339; x_wconf 90' lang='grc'><strong>·</strong></span> <span class='ocrx_word' id='word_1_288' title='bbox 802 1325 874 1356; x_wconf 81' lang='grc' dir='ltr'>τίνες</span> 
     </span>
    </p>
   </div>
   <div class='ocr_carea' id='block_1_43' title="bbox 85 1367 873 1403">
    <p class='ocr_par' dir='ltr' id='par_1_43' title="bbox 85 1367 873 1403">
     <span class='ocr_line' id='line_1_43' title="bbox 85 1367 873 1403; baseline 0.001 -9"><span class='ocrx_word' id='word_1_289' title='bbox 85 1368 111 1394; x_wconf 72' lang='grc' dir='ltr'>δὲ</span> <span class='ocrx_word' id='word_1_290' title='bbox 128 1368 152 1394; x_wconf 86' lang='grc' dir='ltr'><strong>οἱ</strong></span> <span class='ocrx_word' id='word_1_291' title='bbox 174 1368 282 1394; x_wconf 69' lang='grc' dir='ltr'>οἰκέται</span> <span class='ocrx_word' id='word_1_292' title='bbox 302 1367 350 1394; x_wconf 81' lang='grc' dir='ltr'><strong>καὶ</strong></span> <span class='ocrx_word' id='word_1_293' title='bbox 363 1367 434 1399; x_wconf 89' lang='grc' dir='ltr'>τίνες</span> <span class='ocrx_word' id='word_1_294' title='bbox 453 1369 476 1394; x_wconf 79' lang='grc' dir='ltr'>οἱ</span> <span class='ocrx_word' id='word_1_295' title='bbox 500 1368 639 1400; x_wconf 81' lang='grc' dir='ltr'>δεσπόται,</span> <span class='ocrx_word' id='word_1_296' title='bbox 660 1369 710 1396; x_wconf 77' lang='grc' dir='ltr'><strong>οὐκ</strong></span> <span class='ocrx_word' id='word_1_297' title='bbox 726 1370 873 1403; x_wconf 79' lang='grc' dir='ltr'>ἀναγκαῖον</span> 
     </span>
    </p>
   </div>
   <div class='ocr_carea' id='block_1_44' title="bbox 85 1411 874 1450">
    <p class='ocr_par' dir='ltr' id='par_1_44' title="bbox 85 1411 874 1450">
     <span class='ocr_line' id='line_1_44' title="bbox 85 1411 874 1450; baseline 0.003 -10"><span class='ocrx_word' id='word_1_298' title='bbox 85 1413 265 1449; x_wconf 78' lang='grc' dir='ltr'>δημοσιεύειν,</span> <span class='ocrx_word' id='word_1_299' title='bbox 285 1413 331 1440; x_wconf 79' lang='grc' dir='ltr'>διὰ</span> <span class='ocrx_word' id='word_1_300' title='bbox 344 1414 374 1440; x_wconf 84' lang='grc' dir='ltr'>τὸ</span> <span class='ocrx_word' id='word_1_301' title='bbox 391 1411 459 1440; x_wconf 80' lang='grc' dir='ltr'>εἶναι</span> <span class='ocrx_word' id='word_1_302' title='bbox 479 1413 526 1441; x_wconf 77' lang='grc' dir='ltr'><strong>τὸν</strong></span> <span class='ocrx_word' id='word_1_303' title='bbox 540 1414 604 1450; x_wconf 79' lang='grc' dir='ltr'>περὶ</span> <span class='ocrx_word' id='word_1_304' title='bbox 619 1414 708 1441; x_wconf 78' lang='grc' dir='ltr'>αὐτῶν</span> <span class='ocrx_word' id='word_1_305' title='bbox 723 1415 801 1449; x_wconf 90' lang='grc' dir='ltr'>λόγον</span> <span class='ocrx_word' id='word_1_306' title='bbox 822 1424 874 1450; x_wconf 84' lang='grc' dir='ltr'>μυ-</span> 
     </span>
    </p>
   </div>
   <div class='ocr_carea' id='block_1_45' title="bbox 86 1459 874 1496">
    <p class='ocr_par' dir='ltr' id='par_1_45' title="bbox 86 1459 874 1496">
     <span class='ocr_line' id='line_1_45' title="bbox 86 1459 874 1496; baseline 0.003 -10"><span class='ocrx_word' id='word_1_307' title='bbox 86 1459 173 1487; x_wconf 69' lang='grc' dir='ltr'>στικὸν</span> <span class='ocrx_word' id='word_1_308' title='bbox 192 1460 241 1487; x_wconf 73' lang='grc' dir='ltr'>καὶ</span> <span class='ocrx_word' id='word_1_309' title='bbox 255 1459 420 1496; x_wconf 59' lang='grc' dir='ltr'>βαθύτερον</span> <span class='ocrx_word' id='word_1_310' title='bbox 443 1460 490 1486; x_wconf 80' lang='grc' dir='ltr'><strong>καὶ</strong></span> <span class='ocrx_word' id='word_1_311' title='bbox 511 1459 579 1496; x_wconf 75' lang='grc' dir='ltr'>πρὸς</span> <span class='ocrx_word' id='word_1_312' title='bbox 601 1461 682 1495; x_wconf 80' lang='grc' dir='ltr'>ῥητὸν</span> <span class='ocrx_word' id='word_1_313' title='bbox 704 1461 732 1487; x_wconf 87' lang='grc' dir='ltr'>δὲ</span> <span class='ocrx_word' id='word_1_314' title='bbox 753 1460 874 1488; x_wconf 74' lang='grc' dir='ltr'>δείκνυσι</span> 
     </span>
    </p>
   </div>
   <div class='ocr_carea' id='block_1_46' title="bbox 924 867 1708 899">
    <p class='ocr_par' dir='ltr' id='par_1_46' title="bbox 924 867 1708 899">
     <span class='ocr_line' id='line_1_46' title="bbox 924 867 1708 899; baseline 0.004 -6"><span class='ocrx_word' id='word_1_315' title='bbox 924 871 987 899; x_wconf 87' lang='lat' dir='ltr'><strong>tem,</strong></span> <span class='ocrx_word' id='word_1_316' title='bbox 1005 875 1021 894; x_wconf 88' lang='lat' dir='ltr'><strong>a</strong></span> <span class='ocrx_word' id='word_1_317' title='bbox 1036 867 1192 895; x_wconf 87' lang='lat' dir='ltr'><strong>conditione</strong></span> <span class='ocrx_word' id='word_1_318' title='bbox 1210 875 1259 895; x_wconf 79' lang='lat' dir='ltr'><strong>sua</strong></span> <span class='ocrx_word' id='word_1_319' title='bbox 1284 867 1464 896; x_wconf 88' lang='lat' dir='ltr'><strong>humilitatem</strong></span> <span class='ocrx_word' id='word_1_320' title='bbox 1489 868 1612 896; x_wconf 86' lang='lat' dir='ltr'><strong>edoctus.</strong></span> <span class='ocrx_word' id='word_1_321' title='bbox 1631 868 1708 896; x_wconf 85' lang='lat' dir='ltr'><strong>Hunc</strong></span> 
     </span>
    </p>
   </div>
   <div class='ocr_carea' id='block_1_47' title="bbox 923 913 1707 949">
    <p class='ocr_par' dir='ltr' id='par_1_47' title="bbox 923 913 1707 949">
     <span class='ocr_line' id='line_1_47' title="bbox 923 913 1707 949; baseline 0.001 -10"><span class='ocrx_word' id='word_1_322' title='bbox 923 913 980 940; x_wconf 83' lang='lat' dir='ltr'><strong>vult</strong></span> <span class='ocrx_word' id='word_1_323' title='bbox 995 914 1116 946; x_wconf 90' lang='lat' dir='ltr'><strong>erudiri;</strong></span> <span class='ocrx_word' id='word_1_324' title='bbox 1147 913 1221 941; x_wconf 87' lang='lat' dir='ltr'><strong>illum</strong></span> <span class='ocrx_word' id='word_1_325' title='bbox 1243 913 1353 949; x_wconf 74' lang='lat' dir='ltr'><strong>largiri;</strong></span> <span class='ocrx_word' id='word_1_326' title='bbox 1383 918 1412 941; x_wconf 90' lang='lat' dir='ltr'><strong>ut</strong></span> <span class='ocrx_word' id='word_1_327' title='bbox 1442 913 1510 941; x_wconf 83' lang='lat' dir='ltr'><strong>alter</strong></span> <span class='ocrx_word' id='word_1_328' title='bbox 1538 914 1574 941; x_wconf 86' lang='lat' dir='ltr'><strong>sit</strong></span> <span class='ocrx_word' id='word_1_329' title='bbox 1602 918 1707 949; x_wconf 74' lang='lat' dir='ltr'><strong>gratus,</strong></span> 
     </span>
    </p>
   </div>
   <div class='ocr_carea' id='block_1_48' title="bbox 923 959 1173 988">
    <p class='ocr_par' dir='ltr' id='par_1_48' title="bbox 923 959 1173 988">
     <span class='ocr_line' id='line_1_48' title="bbox 923 959 1173 988; baseline 0.004 -2"><span class='ocrx_word' id='word_1_330' title='bbox 923 959 992 987; x_wconf 85' lang='lat' dir='ltr'><strong>alter</strong></span> <span class='ocrx_word' id='word_1_331' title='bbox 1007 960 1173 988; x_wconf 85' lang='lat' dir='ltr'><strong>misericors.</strong></span> 
     </span>
    </p>
   </div>
   <div class='ocr_carea' id='block_1_49' title="bbox 959 1049 1710 1085">
    <p class='ocr_par' dir='ltr' id='par_1_49' title="bbox 959 1049 1710 1085">
     <span class='ocr_line' id='line_1_49' title="bbox 959 1049 1710 1085; baseline -0.003 -7"><span class='ocrx_word' id='word_1_332' title='bbox 959 1050 981 1066; x_wconf 87' lang='grc'>³⁹</span> <span class='ocrx_word' id='word_1_333' title='bbox 996 1050 1085 1078; x_wconf 72' lang='lat' dir='ltr'><strong>Vitam</strong></span> <span class='ocrx_word' id='word_1_334' title='bbox 1110 1053 1139 1077; x_wconf 84' lang='lat' dir='ltr'><strong>et</strong></span> <span class='ocrx_word' id='word_1_335' title='bbox 1162 1050 1276 1085; x_wconf 74' lang='lat' dir='ltr'><strong>gloriam</strong></span> <span class='ocrx_word' id='word_1_336' title='bbox 1299 1054 1327 1077; x_wconf 90' lang='lat' dir='ltr'><strong>et</strong></span> <span class='ocrx_word' id='word_1_337' title='bbox 1355 1050 1466 1078; x_wconf 82' lang='lat' dir='ltr'><strong>divitias</strong></span> <span class='ocrx_word' id='word_1_338' title='bbox 1478 1049 1604 1077; x_wconf 73' lang='lat' dir='ltr'><strong>cmlestes</strong></span> <span class='ocrx_word' id='word_1_339' title='bbox 1617 1057 1710 1077; x_wconf 88' lang='lat' dir='ltr'><strong>conse-</strong></span> 
     </span>
    </p>
   </div>
   <div class='ocr_carea' id='block_1_50' title="bbox 923 1093 1709 1130">
    <p class='ocr_par' dir='ltr' id='par_1_50' title="bbox 923 1093 1709 1130">
     <span class='ocr_line' id='line_1_50' title="bbox 923 1093 1709 1130; baseline 0 -10"><span class='ocrx_word' id='word_1_340' title='bbox 923 1098 1021 1129; x_wconf 86' lang='lat' dir='ltr'><strong>quetur</strong></span> <span class='ocrx_word' id='word_1_341' title='bbox 1033 1093 1078 1126; x_wconf 91' lang='lat' dir='ltr'><strong>qui</strong></span> <span class='ocrx_word' id='word_1_342' title='bbox 1095 1094 1257 1128; x_wconf 80' lang='lat' dir='ltr'><strong>sapientiam</strong></span> <span class='ocrx_word' id='word_1_343' title='bbox 1278 1095 1457 1130; x_wconf 86' lang='lat' dir='ltr'><strong>timoremque</strong></span> <span class='ocrx_word' id='word_1_344' title='bbox 1472 1094 1518 1122; x_wconf 87' lang='lat' dir='ltr'><strong>Dei</strong></span> <span class='ocrx_word' id='word_1_345' title='bbox 1532 1094 1623 1122; x_wconf 85' lang='lat' dir='ltr'><strong>habet.</strong></span> <span class='ocrx_word' id='word_1_346' title='bbox 1636 1095 1709 1122; x_wconf 85' lang='lat' dir='ltr'><strong>Cttn-</strong></span> 
     </span>
    </p>
   </div>
   <div class='ocr_carea' id='block_1_51' title="bbox 923 1138 1710 1174">
    <p class='ocr_par' dir='ltr' id='par_1_51' title="bbox 923 1138 1710 1174">
     <span class='ocr_line' id='line_1_51' title="bbox 923 1138 1710 1174; baseline -0.001 -8"><span class='ocrx_word' id='word_1_347' title='bbox 923 1143 967 1168; x_wconf 91' lang='lat' dir='ltr'><strong>cta</strong></span> <span class='ocrx_word' id='word_1_348' title='bbox 981 1139 1054 1166; x_wconf 88' lang='lat' dir='ltr'><strong>enim</strong></span> <span class='ocrx_word' id='word_1_349' title='bbox 1080 1139 1138 1166; x_wconf 64' lang='lat' dir='ltr'><strong>haec</strong></span> <span class='ocrx_word' id='word_1_350' title='bbox 1158 1145 1256 1174; x_wconf 70' lang='lat' dir='ltr'><strong>genera</strong></span> <span class='ocrx_word' id='word_1_351' title='bbox 1277 1139 1372 1166; x_wconf 85' lang='lat' dir='ltr'><strong>habuit</strong></span> <span class='ocrx_word' id='word_1_352' title='bbox 1385 1138 1457 1172; x_wconf 81' lang='lat' dir='ltr'><strong>Noe;</strong></span> <span class='ocrx_word' id='word_1_353' title='bbox 1478 1139 1572 1166; x_wconf 85' lang='lat' dir='ltr'><strong>eadem</strong></span> <span class='ocrx_word' id='word_1_354' title='bbox 1585 1138 1710 1166; x_wconf 53' lang='lat' dir='ltr'><strong>Abraha.</strong></span> 
     </span>
    </p>
   </div>
   <div class='ocr_carea' id='block_1_52' title="bbox 924 1184 1708 1220">
    <p class='ocr_par' dir='ltr' id='par_1_52' title="bbox 924 1184 1708 1220">
     <span class='ocr_line' id='line_1_52' title="bbox 924 1184 1708 1220; baseline -0.001 -8"><span class='ocrx_word' id='word_1_355' title='bbox 924 1192 1001 1218; x_wconf 88' lang='lat' dir='ltr'><strong>mus;</strong></span> <span class='ocrx_word' id='word_1_356' title='bbox 1023 1184 1118 1212; x_wconf 85' lang='lat' dir='ltr'><strong>eadem</strong></span> <span class='ocrx_word' id='word_1_357' title='bbox 1135 1184 1173 1212; x_wconf 90' lang='lat' dir='ltr'><strong>illi</strong></span> <span class='ocrx_word' id='word_1_358' title='bbox 1188 1185 1270 1212; x_wconf 90' lang='lat' dir='ltr'><strong>etiam</strong></span> <span class='ocrx_word' id='word_1_359' title='bbox 1286 1185 1361 1220; x_wconf 88' lang='lat' dir='ltr'><strong>quia</strong></span> <span class='ocrx_word' id='word_1_360' title='bbox 1379 1185 1459 1212; x_wconf 86' lang='lat' dir='ltr'><strong>Petro</strong></span> <span class='ocrx_word' id='word_1_361' title='bbox 1477 1184 1586 1212; x_wconf 82' lang='lat' dir='ltr'><strong>fuerunt</strong></span> <span class='ocrx_word' id='word_1_362' title='bbox 1598 1184 1708 1212; x_wconf 85' lang='lat' dir='ltr'><strong>eruditi.</strong></span> 
     </span>
    </p>
   </div>
   <div class='ocr_carea' id='block_1_53' title="bbox 959 1231 1710 1266">
    <p class='ocr_par' dir='ltr' id='par_1_53' title="bbox 959 1231 1710 1266">
     <span class='ocr_line' id='line_1_53' title="bbox 959 1231 1710 1266; baseline -0.001 -8"><span class='ocrx_word' id='word_1_363' title='bbox 959 1231 982 1247; x_wconf 74' lang='grc'><strong>⁸⁸</strong></span> <span class='ocrx_word' id='word_1_364' title='bbox 999 1231 1025 1258; x_wconf 92' lang='lat' dir='ltr'><strong>In</strong></span> <span class='ocrx_word' id='word_1_365' title='bbox 1049 1231 1143 1258; x_wconf 90' lang='lat' dir='ltr'><strong>futuro</strong></span> <span class='ocrx_word' id='word_1_366' title='bbox 1167 1231 1280 1263; x_wconf 67' lang='lat' dir='ltr'><strong>saeculo,</strong></span> <span class='ocrx_word' id='word_1_367' title='bbox 1296 1231 1341 1266; x_wconf 87' lang='lat' dir='ltr'><strong>qui</strong></span> <span class='ocrx_word' id='word_1_368' title='bbox 1364 1231 1519 1259; x_wconf 90' lang='lat' dir='ltr'><strong>omnimoda</strong></span> <span class='ocrx_word' id='word_1_369' title='bbox 1546 1231 1659 1259; x_wconf 89' lang='lat' dir='ltr'><strong>scientia</strong></span> <span class='ocrx_word' id='word_1_370' title='bbox 1677 1238 1710 1258; x_wconf 80' lang='lat' dir='ltr'><strong>ac</strong></span> 
     </span>
    </p>
   </div>
   <div class='ocr_carea' id='block_1_54' title="bbox 926 1276 1709 1312">
    <p class='ocr_par' dir='ltr' id='par_1_54' title="bbox 926 1276 1709 1312">
     <span class='ocr_line' id='line_1_54' title="bbox 926 1276 1709 1312; baseline -0.001 -7"><span class='ocrx_word' id='word_1_371' title='bbox 926 1277 1059 1312; x_wconf 80' lang='lat' dir='ltr'><strong>sapientia</strong></span> <span class='ocrx_word' id='word_1_372' title='bbox 1075 1278 1176 1305; x_wconf 76' lang='lat' dir='ltr'><strong>divites</strong></span> <span class='ocrx_word' id='word_1_373' title='bbox 1195 1277 1307 1307; x_wconf 84' lang='lat' dir='ltr'><strong>fuerint.</strong></span> <span class='ocrx_word' id='word_1_374' title='bbox 1326 1277 1540 1304; x_wconf 86' lang='lat' dir='ltr'><strong>dominabuntur</strong></span> <span class='ocrx_word' id='word_1_375' title='bbox 1553 1276 1668 1312; x_wconf 86' lang='lat' dir='ltr'><strong>impuris</strong></span> <span class='ocrx_word' id='word_1_376' title='bbox 1682 1278 1709 1301; x_wconf 70' lang='grc' dir='ltr'>ει</span> 
     </span>
    </p>
   </div>
   <div class='ocr_carea' id='block_1_55' title="bbox 925 1323 1712 1358">
    <p class='ocr_par' dir='ltr' id='par_1_55' title="bbox 925 1323 1712 1358">
     <span class='ocr_line' id='line_1_55' title="bbox 925 1323 1712 1358; baseline 0 -7"><span class='ocrx_word' id='word_1_377' title='bbox 925 1323 958 1351; x_wconf 89' lang='lat' dir='ltr'><strong>iis</strong></span> <span class='ocrx_word' id='word_1_378' title='bbox 975 1324 1101 1351; x_wconf 85' lang='lat' dir='ltr'><strong>omnibus</strong></span> <span class='ocrx_word' id='word_1_379' title='bbox 1112 1324 1158 1358; x_wconf 89' lang='lat' dir='ltr'><strong>qui</strong></span> <span class='ocrx_word' id='word_1_380' title='bbox 1174 1323 1229 1351; x_wconf 90' lang='lat' dir='ltr'><strong>illis</strong></span> <span class='ocrx_word' id='word_1_381' title='bbox 1242 1323 1347 1350; x_wconf 84' lang='lat' dir='ltr'><strong>divitiis</strong></span> <span class='ocrx_word' id='word_1_382' title='bbox 1357 1323 1505 1350; x_wconf 86' lang='lat' dir='ltr'><strong>caruerint.</strong></span> <span class='ocrx_word' id='word_1_383' title='bbox 1517 1323 1633 1356; x_wconf 83' lang='lat' dir='ltr'><strong>Quinam</strong></span> <span class='ocrx_word' id='word_1_384' title='bbox 1647 1330 1712 1351; x_wconf 79' lang='lat' dir='ltr'><strong>vero</strong></span> 
     </span>
    </p>
   </div>
   <div class='ocr_carea' id='block_1_56' title="bbox 925 1370 1765 1406">
    <p class='ocr_par' dir='ltr' id='par_1_56' title="bbox 925 1370 1765 1406">
     <span class='ocr_line' id='line_1_56' title="bbox 925 1370 1765 1406; baseline -0.001 -8"><span class='ocrx_word' id='word_1_385' title='bbox 925 1372 977 1399; x_wconf 89' lang='lat' dir='ltr'><strong>sint</strong></span> <span class='ocrx_word' id='word_1_386' title='bbox 994 1371 1087 1398; x_wconf 85' lang='lat' dir='ltr'><strong>famuli</strong></span> <span class='ocrx_word' id='word_1_387' title='bbox 1104 1377 1130 1398; x_wconf 87' lang='lat' dir='ltr'><strong>et</strong></span> <span class='ocrx_word' id='word_1_388' title='bbox 1147 1371 1259 1406; x_wconf 88' lang='lat' dir='ltr'><strong>quinam</strong></span> <span class='ocrx_word' id='word_1_389' title='bbox 1274 1371 1387 1404; x_wconf 85' lang='lat' dir='ltr'><strong>domini,</strong></span> <span class='ocrx_word' id='word_1_390' title='bbox 1402 1377 1454 1397; x_wconf 89' lang='lat' dir='ltr'><strong>non</strong></span> <span class='ocrx_word' id='word_1_391' title='bbox 1471 1375 1512 1398; x_wconf 87' lang='lat' dir='ltr'><strong>est</strong></span> <span class='ocrx_word' id='word_1_392' title='bbox 1526 1377 1638 1398; x_wconf 86' lang='lat' dir='ltr'><strong>necesse</strong></span> <span class='ocrx_word' id='word_1_393' title='bbox 1650 1370 1710 1397; x_wconf 84' lang='lat' dir='ltr'><strong>vul-</strong></span> <span class='ocrx_word' id='word_1_394' title='bbox 1762 1382 1765 1385; x_wconf 55' lang='grc' dir='ltr'><strong>ι</strong></span> 
     </span>
    </p>
   </div>
   <div class='ocr_carea' id='block_1_57' title="bbox 925 1415 1708 1453">
    <p class='ocr_par' dir='ltr' id='par_1_57' title="bbox 925 1415 1708 1453">
     <span class='ocr_line' id='line_1_57' title="bbox 925 1415 1708 1453; baseline -0.001 -10"><span class='ocrx_word' id='word_1_395' title='bbox 925 1424 1000 1453; x_wconf 71' lang='lat' dir='ltr'><strong>gare,</strong></span> <span class='ocrx_word' id='word_1_396' title='bbox 1016 1417 1079 1452; x_wconf 83' lang='lat' dir='ltr'><strong>quia</strong></span> <span class='ocrx_word' id='word_1_397' title='bbox 1095 1418 1129 1445; x_wconf 84' lang='lat' dir='ltr'><strong>de</strong></span> <span class='ocrx_word' id='word_1_398' title='bbox 1142 1418 1194 1445; x_wconf 87' lang='lat' dir='ltr'><strong>hac</strong></span> <span class='ocrx_word' id='word_1_399' title='bbox 1206 1425 1235 1444; x_wconf 90' lang='lat' dir='ltr'><strong>re</strong></span> <span class='ocrx_word' id='word_1_400' title='bbox 1256 1424 1347 1445; x_wconf 85' lang='lat' dir='ltr'><strong>sermo</strong></span> <span class='ocrx_word' id='word_1_401' title='bbox 1363 1417 1492 1452; x_wconf 72' lang='lat' dir='ltr'><strong>mysticus</strong></span> <span class='ocrx_word' id='word_1_402' title='bbox 1515 1420 1557 1444; x_wconf 90' lang='lat' dir='ltr'><strong>est</strong></span> <span class='ocrx_word' id='word_1_403' title='bbox 1575 1420 1604 1444; x_wconf 83' lang='lat' dir='ltr'><strong>et</strong></span> <span class='ocrx_word' id='word_1_404' title='bbox 1617 1415 1708 1443; x_wconf 83' lang='lat' dir='ltr'><strong>altior.</strong></span> 
     </span>
    </p>
   </div>
   <div class='ocr_carea' id='block_1_58' title="bbox 927 1461 1712 1496">
    <p class='ocr_par' dir='ltr' id='par_1_58' title="bbox 927 1461 1712 1496">
     <span class='ocr_line' id='line_1_58' title="bbox 927 1461 1712 1496; baseline 0 -8"><span class='ocrx_word' id='word_1_405' title='bbox 927 1461 960 1489; x_wconf 86' lang='lat' dir='ltr'><strong>Et</strong></span> <span class='ocrx_word' id='word_1_406' title='bbox 986 1462 1052 1496; x_wconf 76' lang='lat' dir='ltr'><strong>ipsis</strong></span> <span class='ocrx_word' id='word_1_407' title='bbox 1078 1462 1169 1490; x_wconf 85' lang='lat' dir='ltr'><strong>verbis</strong></span> <span class='ocrx_word' id='word_1_408' title='bbox 1194 1463 1238 1490; x_wconf 89' lang='lat' dir='ltr'><strong>hic</strong></span> <span class='ocrx_word' id='word_1_409' title='bbox 1273 1462 1476 1490; x_wconf 83' lang='lat' dir='ltr'><strong>demonstratur</strong></span> <span class='ocrx_word' id='word_1_410' title='bbox 1499 1461 1626 1489; x_wconf 61' lang='lat' dir='ltr'><strong>humanae</strong></span> <span class='ocrx_word' id='word_1_411' title='bbox 1648 1461 1712 1488; x_wconf 69' lang='lat' dir='ltr'><strong>vitm</strong></span> 
     </span>
    </p>
   </div>
   <div class='ocr_carea' id='block_1_59' title="bbox 85 1501 875 1542">
    <p class='ocr_par' dir='ltr' id='par_1_59' title="bbox 85 1505 875 1542">
     <span class='ocr_line' id='line_1_59' title="bbox 85 1505 875 1542; baseline 0.003 -10"><span class='ocrx_word' id='word_1_412' title='bbox 85 1506 128 1532; x_wconf 79' lang='grc' dir='ltr'>τοῦ</span> <span class='ocrx_word' id='word_1_413' title='bbox 150 1506 324 1542; x_wconf 81' lang='grc' dir='ltr'><strong>ἀνθρωπίνου</strong></span> <span class='ocrx_word' id='word_1_414' title='bbox 344 1505 402 1541; x_wconf 76' lang='grc' dir='ltr'>βίου</span> <span class='ocrx_word' id='word_1_415' title='bbox 419 1506 449 1532; x_wconf 82' lang='grc' dir='ltr'><strong>τὸ</strong></span> <span class='ocrx_word' id='word_1_416' title='bbox 465 1506 597 1533; x_wconf 81' lang='grc' dir='ltr'>ἄστατον·</span> <span class='ocrx_word' id='word_1_417' title='bbox 613 1507 681 1534; x_wconf 78' lang='grc' dir='ltr'>ἀλλὰ</span> <span class='ocrx_word' id='word_1_418' title='bbox 705 1507 753 1535; x_wconf 76' lang='grc' dir='ltr'>καὶ</span> <span class='ocrx_word' id='word_1_419' title='bbox 772 1508 802 1534; x_wconf 73' lang='grc' dir='ltr'>ἐν</span> <span class='ocrx_word' id='word_1_420' title='bbox 815 1509 875 1540; x_wconf 85' lang='grc' dir='ltr'>ταῖς</span> 
     </span>
    </p>
   </div>
   <div class='ocr_carea' id='block_1_60' title="bbox 931 1501 1713 1542">
    <p class='ocr_par' dir='ltr' id='par_1_60' title="bbox 931 1506 1713 1542">
     <span class='ocr_line' id='line_1_60' title="bbox 931 1506 1713 1542; baseline -0.003 -8"><span class='ocrx_word' id='word_1_421' title='bbox 931 1507 1119 1534; x_wconf 82' lang='lat' dir='ltr'><strong>inconstantia.</strong></span> <span class='ocrx_word' id='word_1_422' title='bbox 1136 1507 1190 1534; x_wconf 87' lang='lat' dir='ltr'><strong>Sed</strong></span> <span class='ocrx_word' id='word_1_423' title='bbox 1204 1507 1287 1534; x_wconf 83' lang='lat' dir='ltr'><strong>etiam</strong></span> <span class='ocrx_word' id='word_1_424' title='bbox 1314 1507 1339 1533; x_wconf 95' lang='lat' dir='ltr'><strong>in</strong></span> <span class='ocrx_word' id='word_1_425' title='bbox 1369 1506 1529 1542; x_wconf 73' lang='lat' dir='ltr'><strong>oligarcbiis</strong></span> <span class='ocrx_word' id='word_1_426' title='bbox 1547 1506 1645 1534; x_wconf 85' lang='lat' dir='ltr'><strong>divites</strong></span> <span class='ocrx_word' id='word_1_427' title='bbox 1670 1506 1713 1533; x_wconf 88' lang='lat' dir='ltr'><strong>iu-</strong></span> 
     </span>
    </p>
   </div>
   <div class='ocr_carea' id='block_1_61' title="bbox 86 1547 875 1589">
    <p class='ocr_par' dir='ltr' id='par_1_61' title="bbox 86 1547 875 1589">
     <span class='ocr_line' id='line_1_61' title="bbox 86 1547 875 1589; baseline 0.001 -10"><span class='ocrx_word' id='word_1_428' title='bbox 86 1552 255 1588; x_wconf 77' lang='grc' dir='ltr'>ὸλιγαρχίαις</span> <span class='ocrx_word' id='word_1_429' title='bbox 267 1553 292 1579; x_wconf 93' lang='grc' dir='ltr'>οἱ</span> <span class='ocrx_word' id='word_1_430' title='bbox 306 1552 428 1579; x_wconf 84' lang='grc' dir='ltr'>πλούσιοι</span> <span class='ocrx_word' id='word_1_431' title='bbox 446 1547 500 1578; x_wconf 65' lang='grc' dir='ltr'><strong>τῶν</strong></span> <span class='ocrx_word' id='word_1_432' title='bbox 516 1552 633 1588; x_wconf 84' lang='grc' dir='ltr'>πτωχῶν</span> <span class='ocrx_word' id='word_1_433' title='bbox 656 1552 786 1589; x_wconf 75' lang='grc' dir='ltr'>ἄρχουσιν</span> <span class='ocrx_word' id='word_1_434' title='bbox 796 1563 802 1569; x_wconf 89' lang='grc'>·</span> <span class='ocrx_word' id='word_1_435' title='bbox 828 1554 875 1580; x_wconf 74' lang='grc' dir='ltr'><strong>καὶ</strong></span> 
     </span>
    </p>
   </div>
   <div class='ocr_carea' id='block_1_62' title="bbox 87 1597 874 1635">
    <p class='ocr_par' dir='ltr' id='par_1_62' title="bbox 87 1597 874 1635">
     <span class='ocr_line' id='line_1_62' title="bbox 87 1597 874 1635; baseline 0.001 -10"><span class='ocrx_word' id='word_1_436' title='bbox 87 1599 172 1630; x_wconf 68' lang='grc' dir='ltr'>ἄλλως</span> <span class='ocrx_word' id='word_1_437' title='bbox 183 1599 209 1625; x_wconf 81' lang='grc' dir='ltr'><strong>οἱ</strong></span> <span class='ocrx_word' id='word_1_438' title='bbox 223 1598 324 1632; x_wconf 84' lang='grc' dir='ltr'>γνῶσιν</span> <span class='ocrx_word' id='word_1_439' title='bbox 338 1597 456 1633; x_wconf 78' lang='grc' dir='ltr'>ἔχοντες,</span> <span class='ocrx_word' id='word_1_440' title='bbox 469 1597 524 1625; x_wconf 79' lang='grc' dir='ltr'><strong>τῶν</strong></span> <span class='ocrx_word' id='word_1_441' title='bbox 539 1597 577 1634; x_wconf 83' lang='grc' dir='ltr'>μὴ</span> <span class='ocrx_word' id='word_1_442' title='bbox 592 1598 720 1626; x_wconf 82' lang='grc' dir='ltr'>τοιούτων</span> <span class='ocrx_word' id='word_1_443' title='bbox 729 1600 857 1635; x_wconf 83' lang='grc' dir='ltr'>ἄρχουσιν</span> <span class='ocrx_word' id='word_1_444' title='bbox 867 1608 874 1615; x_wconf 94' lang='grc'><strong>·</strong></span> 
     </span>
    </p>
   </div>
   <div class='ocr_carea' id='block_1_63' title="bbox 87 1643 876 1681">
    <p class='ocr_par' dir='ltr' id='par_1_63' title="bbox 87 1643 876 1681">
     <span class='ocr_line' id='line_1_63' title="bbox 87 1643 876 1681; baseline 0.003 -11"><span class='ocrx_word' id='word_1_445' title='bbox 87 1645 131 1670; x_wconf 72' lang='grc' dir='ltr'><strong>καί</strong></span> <span class='ocrx_word' id='word_1_446' title='bbox 141 1644 167 1670; x_wconf 81' lang='grc' dir='ltr'>οἱ</span> <span class='ocrx_word' id='word_1_447' title='bbox 183 1643 240 1671; x_wconf 84' lang='grc' dir='ltr'><strong>ἀπὸ</strong></span> <span class='ocrx_word' id='word_1_448' title='bbox 255 1644 310 1670; x_wconf 85' lang='grc' dir='ltr'><strong>τῶν</strong></span> <span class='ocrx_word' id='word_1_449' title='bbox 326 1643 356 1675; x_wconf 77' lang='grc' dir='ltr'><strong>ἐξ</strong></span> <span class='ocrx_word' id='word_1_450' title='bbox 372 1643 455 1670; x_wconf 82' lang='grc' dir='ltr'>ὲθνῶν</span> <span class='ocrx_word' id='word_1_451' title='bbox 471 1643 572 1675; x_wconf 72' lang='grc' dir='ltr'>πιστοὶ,</span> <span class='ocrx_word' id='word_1_452' title='bbox 586 1645 643 1675; x_wconf 86' lang='grc' dir='ltr'>τοῖς</span> <span class='ocrx_word' id='word_1_453' title='bbox 654 1643 684 1676; x_wconf 77' lang='grc' dir='ltr'><strong>ἐξ</strong></span> <span class='ocrx_word' id='word_1_454' title='bbox 704 1644 822 1681; x_wconf 83' lang='grc' dir='ltr'>Ἰσραὴλ,</span> <span class='ocrx_word' id='word_1_455' title='bbox 836 1643 876 1677; x_wconf 79' lang='grc' dir='ltr'>οἷς</span> 
     </span>
    </p>
   </div>
   <div class='ocr_carea' id='block_1_64' title="bbox 87 1688 877 1724">
    <p class='ocr_par' dir='ltr' id='par_1_64' title="bbox 87 1688 877 1724">
     <span class='ocr_line' id='line_1_64' title="bbox 87 1688 877 1724; baseline 0.003 -8"><span class='ocrx_word' id='word_1_456' title='bbox 87 1689 210 1716; x_wconf 58' lang='lat' dir='ltr'><strong>istisro</strong></span> <span class='ocrx_word' id='word_1_457' title='bbox 235 1689 337 1724; x_wconf 78' lang='grc' dir='ltr'>πρόσθε</span> <span class='ocrx_word' id='word_1_458' title='bbox 355 1710 363 1722; x_wconf 91' lang='grc'><strong>,</strong></span> <span class='ocrx_word' id='word_1_459' title='bbox 390 1688 563 1716; x_wconf 80' lang='grc' dir='ltr'>διδασκαλίαν</span> <span class='ocrx_word' id='word_1_460' title='bbox 584 1689 735 1722; x_wconf 81' lang='grc' dir='ltr'>δανείζουσι</span> <span class='ocrx_word' id='word_1_461' title='bbox 753 1699 761 1706; x_wconf 92' lang='grc'><strong>·</strong></span> <span class='ocrx_word' id='word_1_462' title='bbox 788 1691 877 1719; x_wconf 79' lang='grc' dir='ltr'>καίτοι</span> 
     </span>
    </p>
   </div>
   <div class='ocr_carea' id='block_1_65' title="bbox 88 1734 877 1770">
    <p class='ocr_par' dir='ltr' id='par_1_65' title="bbox 88 1734 877 1770">
     <span class='ocr_line' id='line_1_65' title="bbox 88 1734 877 1770; baseline 0.005 -10"><span class='ocrx_word' id='word_1_463' title='bbox 88 1735 220 1770; x_wconf 82' lang='grc' dir='ltr'>πρότερον</span> <span class='ocrx_word' id='word_1_464' title='bbox 238 1734 343 1760; x_wconf 74' lang='grc' dir='ltr'>ἔθνεσιν</span> <span class='ocrx_word' id='word_1_465' title='bbox 356 1734 490 1766; x_wconf 78' lang='grc' dir='ltr'>ἐδάνειςον</span> <span class='ocrx_word' id='word_1_466' title='bbox 503 1736 602 1761; x_wconf 81' lang='grc' dir='ltr'>ἐκεῖνοι</span> <span class='ocrx_word' id='word_1_467' title='bbox 620 1735 738 1767; x_wconf 80' lang='grc' dir='ltr'><strong>πολλοῖς,</strong></span> <span class='ocrx_word' id='word_1_468' title='bbox 753 1737 799 1764; x_wconf 79' lang='grc' dir='ltr'>καὶ</span> <span class='ocrx_word' id='word_1_469' title='bbox 814 1737 877 1764; x_wconf 85' lang='grc' dir='ltr'>τού-</span> 
     </span>
    </p>
   </div>
   <div class='ocr_carea' id='block_1_66' title="bbox 86 1778 877 1818">
    <p class='ocr_par' dir='ltr' id='par_1_66' title="bbox 86 1778 877 1818">
     <span class='ocr_line' id='line_1_66' title="bbox 86 1778 877 1818; baseline 0.005 -12"><span class='ocrx_word' id='word_1_470' title='bbox 86 1789 137 1807; x_wconf 82' lang='grc' dir='ltr'><strong>των</strong></span> <span class='ocrx_word' id='word_1_471' title='bbox 155 1778 256 1816; x_wconf 77' lang='grc' dir='ltr'>ἦρχον·</span> <span class='ocrx_word' id='word_1_472' title='bbox 276 1779 323 1806; x_wconf 78' lang='grc' dir='ltr'>νῦν</span> <span class='ocrx_word' id='word_1_473' title='bbox 338 1779 367 1806; x_wconf 80' lang='grc' dir='ltr'><strong>δὲ</strong></span> <span class='ocrx_word' id='word_1_474' title='bbox 387 1779 437 1815; x_wconf 85' lang='grc' dir='ltr'>τῆς</span> <span class='ocrx_word' id='word_1_475' title='bbox 451 1780 588 1815; x_wconf 82' lang='grc' dir='ltr'>βασιλείας</span> <span class='ocrx_word' id='word_1_476' title='bbox 609 1780 658 1807; x_wconf 85' lang='grc' dir='ltr'><strong>ἀπ’</strong></span> <span class='ocrx_word' id='word_1_477' title='bbox 674 1781 763 1809; x_wconf 78' lang='grc' dir='ltr'>αὐτῶν</span> <span class='ocrx_word' id='word_1_478' title='bbox 784 1782 877 1818; x_wconf 78' lang='grc' dir='ltr'>ἀρθεί-</span> 
     </span>
    </p>
   </div>
   <div class='ocr_carea' id='block_1_67' title="bbox 86 1825 398 1860">
    <p class='ocr_par' dir='ltr' id='par_1_67' title="bbox 86 1825 398 1860">
     <span class='ocr_line' id='line_1_67' title="bbox 86 1825 398 1860; baseline 0.003 -8"><span class='ocrx_word' id='word_1_479' title='bbox 86 1833 145 1860; x_wconf 83' lang='grc' dir='ltr'>σης,</span> <span class='ocrx_word' id='word_1_480' title='bbox 158 1825 281 1858; x_wconf 78' lang='grc' dir='ltr'>ἔμπαλιν</span> <span class='ocrx_word' id='word_1_481' title='bbox 292 1825 398 1860; x_wconf 77' lang='grc' dir='ltr'>γέγονε.</span> 
     </span>
    </p>
   </div>
   <div class='ocr_carea' id='block_1_68' title="bbox 119 1871 877 1911">
    <p class='ocr_par' dir='ltr' id='par_1_68' title="bbox 119 1871 877 1911">
     <span class='ocr_line' id='line_1_68' title="bbox 119 1871 877 1911; baseline 0.005 -13"><span class='ocrx_word' id='word_1_482' title='bbox 119 1872 171 1898; x_wconf 83' lang='grc' dir='ltr'><strong>Τὸν</strong></span> <span class='ocrx_word' id='word_1_483' title='bbox 189 1873 221 1899; x_wconf 84' lang='grc' dir='ltr'>ἐν</span> <span class='ocrx_word' id='word_1_484' title='bbox 235 1873 295 1904; x_wconf 84' lang='grc' dir='ltr'>ταῖς</span> <span class='ocrx_word' id='word_1_485' title='bbox 317 1873 436 1906; x_wconf 77' lang='grc' dir='ltr'>ἐντολαῖς</span> <span class='ocrx_word' id='word_1_486' title='bbox 453 1874 543 1908; x_wconf 75' lang='grc' dir='ltr'>ἱλαρὸν</span> <span class='ocrx_word' id='word_1_487' title='bbox 554 1874 648 1911; x_wconf 81' lang='grc' dir='ltr'>ἄνδρα,</span> <span class='ocrx_word' id='word_1_488' title='bbox 663 1875 711 1902; x_wconf 72' lang='grc' dir='ltr'>καὶ</span> <span class='ocrx_word' id='word_1_489' title='bbox 724 1876 753 1902; x_wconf 85' lang='grc' dir='ltr'>ὲν</span> <span class='ocrx_word' id='word_1_490' title='bbox 764 1871 877 1911; x_wconf 77' lang='grc' dir='ltr'>ἐλεημο-</span> 
     </span>
    </p>
   </div>
   <div class='ocr_carea' id='block_1_69' title="bbox 85 1918 879 1955">
    <p class='ocr_par' dir='ltr' id='par_1_69' title="bbox 85 1918 879 1955">
     <span class='ocr_line' id='line_1_69' title="bbox 85 1918 879 1955; baseline 0.006 -11"><span class='ocrx_word' id='word_1_491' title='bbox 85 1918 178 1950; x_wconf 50' lang='lat' dir='ltr'><strong>cuius;</strong></span> <span class='ocrx_word' id='word_1_492' title='bbox 194 1918 286 1954; x_wconf 81' lang='grc' dir='ltr'>δότην,</span> <span class='ocrx_word' id='word_1_493' title='bbox 311 1919 405 1955; x_wconf 82' lang='grc' dir='ltr'><strong>ἀγαπᾷ</strong></span> <span class='ocrx_word' id='word_1_494' title='bbox 421 1921 435 1946; x_wconf 91' lang='lat'><strong>6</strong></span> <span class='ocrx_word' id='word_1_495' title='bbox 450 1920 529 1952; x_wconf 86' lang='grc' dir='ltr'>Θεός·</span> <span class='ocrx_word' id='word_1_496' title='bbox 553 1921 647 1954; x_wconf 85' lang='grc' dir='ltr'>καθὼς</span> <span class='ocrx_word' id='word_1_497' title='bbox 674 1922 722 1948; x_wconf 83' lang='grc' dir='ltr'>καὶ</span> <span class='ocrx_word' id='word_1_498' title='bbox 743 1923 757 1949; x_wconf 86' lang='lat'><strong>6</strong></span> <span class='ocrx_word' id='word_1_499' title='bbox 773 1922 879 1955; x_wconf 84' lang='grc' dir='ltr'>Παῦλός</span> 
     </span>
    </p>
   </div>
   <div class='ocr_carea' id='block_1_70' title="bbox 85 1963 879 2006">
    <p class='ocr_par' dir='ltr' id='par_1_70' title="bbox 85 1963 879 2006">
     <span class='ocr_line' id='line_1_70' title="bbox 85 1963 879 2006; baseline 0.009 -17"><span class='ocrx_word' id='word_1_500' title='bbox 85 1971 176 1998; x_wconf 77' lang='grc' dir='ltr'>φησιν·</span> <span class='ocrx_word' id='word_1_501' title='bbox 201 1963 229 1990; x_wconf 87' lang='grc'><strong>’0</strong></span> <span class='ocrx_word' id='word_1_502' title='bbox 250 1963 358 1996; x_wconf 75' lang='grc' dir='ltr'>ἐλεῶν,</span> <span class='ocrx_word' id='word_1_503' title='bbox 371 1965 407 1992; x_wconf 78' lang='grc' dir='ltr'>ἐν</span> <span class='ocrx_word' id='word_1_504' title='bbox 418 1967 586 2001; x_wconf 75' lang='grc' dir='ltr'>ἱλαρότητι·</span> <span class='ocrx_word' id='word_1_505' title='bbox 602 1968 651 2004; x_wconf 82' lang='grc' dir='ltr'><strong>τὴν</strong></span> <span class='ocrx_word' id='word_1_506' title='bbox 664 1968 694 1995; x_wconf 75' lang='grc' dir='ltr'>δὲ</span> <span class='ocrx_word' id='word_1_507' title='bbox 711 1970 879 2006; x_wconf 85' lang='grc' dir='ltr'>ματαιότητα</span> 
     </span>
    </p>
   </div>
   <div class='ocr_carea' id='block_1_71' title="bbox 85 2009 877 2050">
    <p class='ocr_par' dir='ltr' id='par_1_71' title="bbox 85 2009 877 2050">
     <span class='ocr_line' id='line_1_71' title="bbox 85 2009 877 2050; baseline 0.009 -14"><span class='ocrx_word' id='word_1_508' title='bbox 85 2009 138 2036; x_wconf 84' lang='grc' dir='ltr'><strong>τῶν</strong></span> <span class='ocrx_word' id='word_1_509' title='bbox 151 2009 243 2045; x_wconf 72' lang='grc' dir='ltr'>ἔργων</span> <span class='ocrx_word' id='word_1_510' title='bbox 256 2010 301 2037; x_wconf 86' lang='grc' dir='ltr'>διὰ</span> <span class='ocrx_word' id='word_1_511' title='bbox 311 2011 361 2046; x_wconf 86' lang='grc' dir='ltr'>τῆς</span> <span class='ocrx_word' id='word_1_512' title='bbox 370 2011 470 2048; x_wconf 79' lang='grc' dir='ltr'>ἀρετῆς</span> <span class='ocrx_word' id='word_1_513' title='bbox 481 2013 495 2040; x_wconf 89' lang='lat'><strong>6</strong></span> <span class='ocrx_word' id='word_1_514' title='bbox 510 2013 612 2050; x_wconf 77' lang='grc' dir='ltr'>Κύριος</span> <span class='ocrx_word' id='word_1_515' title='bbox 620 2014 668 2042; x_wconf 79' lang='grc' dir='ltr'>καὶ</span> <span class='ocrx_word' id='word_1_516' title='bbox 681 2014 731 2050; x_wconf 80' lang='grc' dir='ltr'>τῆς</span> <span class='ocrx_word' id='word_1_517' title='bbox 742 2015 877 2050; x_wconf 82' lang='grc' dir='ltr'>γνώσεως,</span> 
     </span>
    </p>
   </div>
   <div class='ocr_carea' id='block_1_72' title="bbox 87 2056 223 2083">
    <p class='ocr_par' dir='ltr' id='par_1_72' title="bbox 87 2056 223 2083">
     <span class='ocr_line' id='line_1_72' title="bbox 87 2056 223 2083; baseline 0 -1"><span class='ocrx_word' id='word_1_518' title='bbox 87 2056 223 2083; x_wconf 76' lang='grc' dir='ltr'>συντελεῖ.</span> 
     </span>
    </p>
   </div>
   <div class='ocr_carea' id='block_1_73' title="bbox 117 2102 878 2143">
    <p class='ocr_par' dir='ltr' id='par_1_73' title="bbox 117 2102 878 2143">
     <span class='ocr_line' id='line_1_73' title="bbox 117 2102 878 2143; baseline 0.008 -15"><span class='ocrx_word' id='word_1_519' title='bbox 117 2102 202 2139; x_wconf 87' lang='grc' dir='ltr'>Δῶρα</span> <span class='ocrx_word' id='word_1_520' title='bbox 219 2102 267 2129; x_wconf 82' lang='grc' dir='ltr'>τοῦ</span> <span class='ocrx_word' id='word_1_521' title='bbox 285 2103 430 2140; x_wconf 81' lang='grc' dir='ltr'>ἀνθρώπου</span> <span class='ocrx_word' id='word_1_522' title='bbox 445 2105 494 2137; x_wconf 82' lang='grc' dir='ltr'>τὰς</span> <span class='ocrx_word' id='word_1_523' title='bbox 504 2106 553 2142; x_wconf 78' lang='grc' dir='ltr'><strong>τῆς</strong></span> <span class='ocrx_word' id='word_1_524' title='bbox 566 2106 657 2142; x_wconf 81' lang='grc' dir='ltr'>ψυχῆς</span> <span class='ocrx_word' id='word_1_525' title='bbox 668 2106 768 2143; x_wconf 76' lang='grc' dir='ltr'>ἀρετὰς</span> <span class='ocrx_word' id='word_1_526' title='bbox 780 2107 878 2142; x_wconf 84' lang='grc' dir='ltr'>ὀνομά-</span> 
     </span>
    </p>
   </div>
   <div class='ocr_carea' id='block_1_74' title="bbox 83 2145 878 2188">
    <p class='ocr_par' dir='ltr' id='par_1_74' title="bbox 83 2145 878 2188">
     <span class='ocr_line' id='line_1_74' title="bbox 83 2145 878 2188; baseline 0.008 -14"><span class='ocrx_word' id='word_1_527' title='bbox 83 2146 136 2180; x_wconf 83' lang='grc' dir='ltr'>ζει,</span> <span class='ocrx_word' id='word_1_528' title='bbox 155 2145 242 2175; x_wconf 77' lang='grc' dir='ltr'>δι’ὤν</span> <span class='ocrx_word' id='word_1_529' title='bbox 257 2147 340 2176; x_wconf 83' lang='grc' dir='ltr'>νικῶν</span> <span class='ocrx_word' id='word_1_530' title='bbox 355 2150 401 2176; x_wconf 83' lang='grc' dir='ltr'><strong>τὸν</strong></span> <span class='ocrx_word' id='word_1_531' title='bbox 411 2151 641 2187; x_wconf 70' lang='grc' dir='ltr'>διάϐολον,τίμιον</span> <span class='ocrx_word' id='word_1_532' title='bbox 657 2152 752 2179; x_wconf 81' lang='grc' dir='ltr'>ἑαυτὸν</span> <span class='ocrx_word' id='word_1_533' title='bbox 765 2153 878 2188; x_wconf 76' lang='grc' dir='ltr'>παρέχει</span> 
     </span>
    </p>
   </div>
   <div class='ocr_carea' id='block_1_75' title="bbox 82 2195 879 2235">
    <p class='ocr_par' dir='ltr' id='par_1_75' title="bbox 82 2195 879 2235">
     <span class='ocr_line' id='line_1_75' title="bbox 82 2195 879 2235; baseline 0.006 -14"><span class='ocrx_word' id='word_1_534' title='bbox 82 2195 122 2230; x_wconf 76' lang='grc' dir='ltr'>τῷ</span> <span class='ocrx_word' id='word_1_535' title='bbox 135 2195 211 2230; x_wconf 80' lang='grc' dir='ltr'>Θεῷ,</span> <span class='ocrx_word' id='word_1_536' title='bbox 226 2196 275 2222; x_wconf 75' lang='grc' dir='ltr'>καὶ</span> <span class='ocrx_word' id='word_1_537' title='bbox 288 2196 444 2231; x_wconf 80' lang='grc' dir='ltr'>ἀφαιρεῖται</span> <span class='ocrx_word' id='word_1_538' title='bbox 464 2197 513 2234; x_wconf 83' lang='grc' dir='ltr'>τὴν</span> <span class='ocrx_word' id='word_1_539' title='bbox 535 2198 635 2226; x_wconf 72' lang='grc' dir='ltr'>ἑαυτοῦ</span> <span class='ocrx_word' id='word_1_540' title='bbox 657 2198 745 2235; x_wconf 77' lang='grc' dir='ltr'>ψυχὴν</span> <span class='ocrx_word' id='word_1_541' title='bbox 756 2198 810 2226; x_wconf 80' lang='grc' dir='ltr'><strong>ἀπὸ</strong></span> <span class='ocrx_word' id='word_1_542' title='bbox 824 2199 879 2226; x_wconf 87' lang='grc' dir='ltr'><strong>τῶν</strong></span> 
     </span>
    </p>
   </div>
   <div class='ocr_carea' id='block_1_76' title="bbox 82 2242 526 2278">
    <p class='ocr_par' dir='ltr' id='par_1_76' title="bbox 82 2242 526 2278">
     <span class='ocr_line' id='line_1_76' title="bbox 82 2242 526 2278; baseline 0.007 -10"><span class='ocrx_word' id='word_1_543' title='bbox 82 2242 271 2277; x_wconf 78' lang='grc' dir='ltr'>&gt;¹τησαμένων</span> <span class='ocrx_word' id='word_1_544' title='bbox 286 2242 370 2278; x_wconf 83' lang='grc' dir='ltr'>αὐτὴν</span> <span class='ocrx_word' id='word_1_545' title='bbox 381 2243 526 2278; x_wconf 87' lang='grc' dir='ltr'>δαιμόνων.</span> 
     </span>
    </p>
   </div>
   <div class='ocr_carea' id='block_1_77' title="bbox 118 2288 879 2327">
    <p class='ocr_par' dir='ltr' id='par_1_77' title="bbox 118 2288 879 2327">
     <span class='ocr_line' id='line_1_77' title="bbox 118 2288 879 2327; baseline 0.008 -13"><span class='ocrx_word' id='word_1_546' title='bbox 118 2289 179 2324; x_wconf 83' lang='grc' dir='ltr'><strong>Τῆς</strong></span> <span class='ocrx_word' id='word_1_547' title='bbox 196 2288 338 2325; x_wconf 83' lang='grc' dir='ltr'>χειρίστης</span> <span class='ocrx_word' id='word_1_548' title='bbox 364 2290 446 2323; x_wconf 77' lang='grc' dir='ltr'>ἕξεως</span> <span class='ocrx_word' id='word_1_549' title='bbox 467 2290 514 2317; x_wconf 76' lang='grc' dir='ltr'>τὸν</span> <span class='ocrx_word' id='word_1_550' title='bbox 535 2291 678 2327; x_wconf 77' lang='grc' dir='ltr'>ἄνθρωπον</span> <span class='ocrx_word' id='word_1_551' title='bbox 701 2292 879 2320; x_wconf 77' lang='grc' dir='ltr'>ὲκΰάλλεσθαι</span> 
     </span>
    </p>
   </div>
   <div class='ocr_carea' id='block_1_78' title="bbox 81 2333 879 2375">
    <p class='ocr_par' dir='ltr' id='par_1_78' title="bbox 81 2333 879 2375">
     <span class='ocr_line' id='line_1_78' title="bbox 81 2333 879 2375; baseline 0.008 -15"><span class='ocrx_word' id='word_1_552' title='bbox 81 2333 215 2368; x_wconf 77' lang='grc' dir='ltr'>βούλεται</span> <span class='ocrx_word' id='word_1_553' title='bbox 232 2335 278 2362; x_wconf 81' lang='grc' dir='ltr'>διὰ</span> <span class='ocrx_word' id='word_1_554' title='bbox 292 2336 480 2371; x_wconf 84' lang='grc' dir='ltr'>πνευματικῆς</span> <span class='ocrx_word' id='word_1_555' title='bbox 502 2337 676 2370; x_wconf 81' lang='grc' dir='ltr'>διδασκαλίας</span> <span class='ocrx_word' id='word_1_556' title='bbox 697 2338 756 2374; x_wconf 78' lang='grc' dir='ltr'>μεθ’</span> <span class='ocrx_word' id='word_1_557' title='bbox 771 2337 805 2375; x_wconf 80' lang='grc' dir='ltr'>ἧς</span> <span class='ocrx_word' id='word_1_558' title='bbox 822 2337 879 2375; x_wconf 73' lang='grc' dir='ltr'>εἶχε</span> 
     </span>
    </p>
   </div>
   <div class='ocr_carea' id='block_1_79' title="bbox 83 2380 879 2422">
    <p class='ocr_par' dir='ltr' id='par_1_79' title="bbox 83 2380 879 2422">
     <span class='ocr_line' id='line_1_79' title="bbox 83 2380 879 2422; baseline 0.013 -17"><span class='ocrx_word' id='word_1_559' title='bbox 83 2380 271 2413; x_wconf 68' lang='grc' dir='ltr'><strong>φιλονεικίας⁸</strong></span> <span class='ocrx_word' id='word_1_560' title='bbox 293 2383 338 2408; x_wconf 74' lang='grc' dir='ltr'><strong>καὶ</strong></span> <span class='ocrx_word' id='word_1_561' title='bbox 363 2382 456 2418; x_wconf 77' lang='grc' dir='ltr'>λοιμὸν</span> <span class='ocrx_word' id='word_1_562' title='bbox 480 2384 507 2410; x_wconf 82' lang='grc' dir='ltr'>δὲ</span> <span class='ocrx_word' id='word_1_563' title='bbox 524 2385 571 2411; x_wconf 86' lang='grc' dir='ltr'><strong>τὸν</strong></span> <span class='ocrx_word' id='word_1_564' title='bbox 595 2385 718 2412; x_wconf 76' lang='grc' dir='ltr'>διάϐολον</span> <span class='ocrx_word' id='word_1_565' title='bbox 736 2386 802 2414; x_wconf 74' lang='grc' dir='ltr'>ὄντα</span> <span class='ocrx_word' id='word_1_566' title='bbox 829 2387 879 2422; x_wconf 82' lang='grc' dir='ltr'>τῆς</span> 
     </span>
    </p>
   </div>
   <div class='ocr_carea' id='block_1_80' title="bbox 81 2426 879 2469">
    <p class='ocr_par' dir='ltr' id='par_1_80' title="bbox 81 2426 879 2469">
     <span class='ocr_line' id='line_1_80' title="bbox 81 2426 879 2469; baseline 0.009 -16"><span class='ocrx_word' id='word_1_567' title='bbox 81 2426 175 2462; x_wconf 66' lang='grc' dir='ltr'>ψυχῆς</span> <span class='ocrx_word' id='word_1_568' title='bbox 191 2427 373 2455; x_wconf 83' lang='grc' dir='ltr'>ὲκδιὼκεσθαι</span> <span class='ocrx_word' id='word_1_569' title='bbox 386 2429 440 2456; x_wconf 83' lang='grc' dir='ltr'>δεῖ·</span> <span class='ocrx_word' id='word_1_570' title='bbox 453 2430 501 2456; x_wconf 81' lang='grc' dir='ltr'>ἐὰν</span> <span class='ocrx_word' id='word_1_571' title='bbox 516 2430 571 2466; x_wconf 82' lang='grc' dir='ltr'>γὰρ</span> <span class='ocrx_word' id='word_1_572' title='bbox 587 2432 616 2457; x_wconf 81' lang='grc' dir='ltr'>ὲν</span> <span class='ocrx_word' id='word_1_573' title='bbox 629 2432 697 2468; x_wconf 77' lang='grc' dir='ltr'>αὐτῇ</span> <span class='ocrx_word' id='word_1_574' title='bbox 708 2432 818 2469; x_wconf 84' lang='grc' dir='ltr'>καθίσῃ,</span> <span class='ocrx_word' id='word_1_575' title='bbox 835 2433 879 2459; x_wconf 85' lang='grc' dir='ltr'>διὰ</span> 
     </span>
    </p>
   </div>
   <div class='ocr_carea' id='block_1_81' title="bbox 82 2473 879 2514">
    <p class='ocr_par' dir='ltr' id='par_1_81' title="bbox 82 2473 879 2514">
     <span class='ocr_line' id='line_1_81' title="bbox 82 2473 879 2514; baseline 0.008 -14"><span class='ocrx_word' id='word_1_576' title='bbox 82 2473 133 2508; x_wconf 75' lang='grc' dir='ltr'>τῆς</span> <span class='ocrx_word' id='word_1_577' title='bbox 146 2473 321 2510; x_wconf 78' lang='grc' dir='ltr'>ἀκαθαρσίας</span> <span class='ocrx_word' id='word_1_578' title='bbox 335 2476 439 2507; x_wconf 79' lang='grc' dir='ltr'>πάντας</span> <span class='ocrx_word' id='word_1_579' title='bbox 446 2476 509 2509; x_wconf 80' lang='grc' dir='ltr'>τοὺς</span> <span class='ocrx_word' id='word_1_580' title='bbox 520 2476 616 2512; x_wconf 81' lang='grc' dir='ltr'>ὀρθοὺς</span> <span class='ocrx_word' id='word_1_581' title='bbox 622 2477 768 2514; x_wconf 78' lang='grc' dir='ltr'>λογισμοὺς</span> <span class='ocrx_word' id='word_1_582' title='bbox 781 2479 879 2514; x_wconf 82' lang='grc' dir='ltr'>ἀτιμά-</span> 
     </span>
    </p>
   </div>
   <div class='ocr_carea' id='block_1_82' title="bbox 84 2519 880 2559">
    <p class='ocr_par' dir='ltr' id='par_1_82' title="bbox 84 2519 880 2559">
     <span class='ocr_line' id='line_1_82' title="bbox 84 2519 880 2559; baseline 0.008 -13"><span class='ocrx_word' id='word_1_583' title='bbox 84 2519 143 2551; x_wconf 70' lang='grc' dir='ltr'>ζειν</span> <span class='ocrx_word' id='word_1_584' title='bbox 160 2521 302 2557; x_wconf 83' lang='grc' dir='ltr'>συνέδριον</span> <span class='ocrx_word' id='word_1_585' title='bbox 317 2521 372 2558; x_wconf 78' lang='grc' dir='ltr'>γὰρ</span> <span class='ocrx_word' id='word_1_586' title='bbox 388 2522 438 2558; x_wconf 80' lang='grc' dir='ltr'>τὴν</span> <span class='ocrx_word' id='word_1_587' title='bbox 453 2523 542 2559; x_wconf 79' lang='grc' dir='ltr'>ψυχὴν</span> <span class='ocrx_word' id='word_1_588' title='bbox 555 2524 602 2550; x_wconf 69' lang='grc' dir='ltr'><strong>καὶ</strong></span> <span class='ocrx_word' id='word_1_589' title='bbox 617 2526 631 2551; x_wconf 86' lang='lat'><strong>6</strong></span> <span class='ocrx_word' id='word_1_590' title='bbox 653 2525 811 2558; x_wconf 85' lang='grc' dir='ltr'>Ἀπόστολος</span> <span class='ocrx_word' id='word_1_591' title='bbox 825 2526 880 2553; x_wconf 89' lang='grc' dir='ltr'>δεί-</span> 
     </span>
    </p>
   </div>
   <div class='ocr_carea' id='block_1_83' title="bbox 84 2564 878 2607">
    <p class='ocr_par' dir='ltr' id='par_1_83' title="bbox 84 2564 878 2607">
     <span class='ocr_line' id='line_1_83' title="bbox 84 2564 878 2607; baseline 0.006 -14"><span class='ocrx_word' id='word_1_592' title='bbox 84 2575 175 2602; x_wconf 84' lang='grc' dir='ltr'>κνυσι,</span> <span class='ocrx_word' id='word_1_593' title='bbox 190 2568 225 2594; x_wconf 79' lang='grc' dir='ltr'>δι’</span> <span class='ocrx_word' id='word_1_594' title='bbox 242 2564 281 2594; x_wconf 87' lang='grc' dir='ltr'>ὧν</span> <span class='ocrx_word' id='word_1_595' title='bbox 299 2567 447 2604; x_wconf 80' lang='grc' dir='ltr'>λογισμοὺς</span> <span class='ocrx_word' id='word_1_596' title='bbox 463 2569 723 2607; x_wconf 79' lang='grc' dir='ltr'>κατηγοροῦντας,ἢ</span> <span class='ocrx_word' id='word_1_597' title='bbox 739 2571 786 2598; x_wconf 82' lang='grc' dir='ltr'>καὶ</span> <span class='ocrx_word' id='word_1_598' title='bbox 811 2572 878 2598; x_wconf 82' lang='grc' dir='ltr'>ἀπο-</span> 
     </span>
    </p>
   </div>
   <div class='ocr_carea' id='block_1_84' title="bbox 84 2612 880 2652">
    <p class='ocr_par' dir='ltr' id='par_1_84' title="bbox 84 2612 880 2652">
     <span class='ocr_line' id='line_1_84' title="bbox 84 2612 880 2652; baseline 0.006 -13"><span class='ocrx_word' id='word_1_599' title='bbox 84 2612 266 2650; x_wconf 76' lang='grc' dir='ltr'>λογουμένους</span> <span class='ocrx_word' id='word_1_600' title='bbox 280 2614 388 2648; x_wconf 72' lang='grc' dir='ltr'>εἰσάγει</span> <span class='ocrx_word' id='word_1_601' title='bbox 398 2623 404 2630; x_wconf 87' lang='grc'><strong>·</strong></span> <span class='ocrx_word' id='word_1_602' title='bbox 419 2615 538 2648; x_wconf 80' lang='grc' dir='ltr'>Μεταξὺ</span> <span class='ocrx_word' id='word_1_603' title='bbox 550 2615 614 2651; x_wconf 79' lang='grc' dir='ltr'>γὰρ,</span> <span class='ocrx_word' id='word_1_604' title='bbox 625 2617 717 2652; x_wconf 81' lang='grc' dir='ltr'>φησὶν,</span> <span class='ocrx_word' id='word_1_605' title='bbox 735 2617 880 2651; x_wconf 75' lang='grc' dir='ltr'>ἀλλήλων</span> 
     </span>
    </p>
   </div>
   <div class='ocr_carea' id='block_1_85' title="bbox 85 2659 880 2698">
    <p class='ocr_par' dir='ltr' id='par_1_85' title="bbox 85 2659 880 2698">
     <span class='ocr_line' id='line_1_85' title="bbox 85 2659 880 2698; baseline 0.006 -13"><span class='ocrx_word' id='word_1_606' title='bbox 85 2659 142 2686; x_wconf 76' lang='grc' dir='ltr'><strong>τῶν</strong></span> <span class='ocrx_word' id='word_1_607' title='bbox 159 2659 321 2696; x_wconf 80' lang='grc' dir='ltr'>λογισμῶν</span> <span class='ocrx_word' id='word_1_608' title='bbox 346 2662 592 2698; x_wconf 59' lang='grc' dir='ltr'>κατηγρρούντιιημ</span> <span class='ocrx_word' id='word_1_609' title='bbox 608 2662 627 2696; x_wconf 81' lang='grc' dir='ltr'>ἢ</span> <span class='ocrx_word' id='word_1_610' title='bbox 650 2663 699 2689; x_wconf 77' lang='grc' dir='ltr'><strong>καί</strong></span> <span class='ocrx_word' id='word_1_611' title='bbox 717 2663 880 2698; x_wconf 68' lang='grc' dir='ltr'>ἀπολογου-</span> 
     </span>
    </p>
   </div>
   <div class='ocr_carea' id='block_1_86' title="bbox 83 2705 879 2743">
    <p class='ocr_par' dir='ltr' id='par_1_86' title="bbox 83 2705 879 2743">
     <span class='ocr_line' id='line_1_86' title="bbox 83 2705 879 2743; baseline 0.004 -10"><span class='ocrx_word' id='word_1_612' title='bbox 83 2705 194 2740; x_wconf 69' lang='grc' dir='ltr'><strong>μένων·</strong></span> <span class='ocrx_word' id='word_1_613' title='bbox 213 2707 287 2734; x_wconf 81' lang='grc' dir='ltr'>ὅπου</span> <span class='ocrx_word' id='word_1_614' title='bbox 305 2707 333 2734; x_wconf 83' lang='grc' dir='ltr'>δὲ</span> <span class='ocrx_word' id='word_1_615' title='bbox 350 2707 502 2743; x_wconf 78' lang='grc' dir='ltr'>κατηγορία</span> <span class='ocrx_word' id='word_1_616' title='bbox 521 2708 568 2734; x_wconf 76' lang='grc' dir='ltr'>καὶ</span> <span class='ocrx_word' id='word_1_617' title='bbox 584 2708 727 2743; x_wconf 80' lang='grc' dir='ltr'>ἀπολογία,</span> <span class='ocrx_word' id='word_1_618' title='bbox 751 2710 808 2736; x_wconf 80' lang='grc' dir='ltr'>ἐκεῖ</span> <span class='ocrx_word' id='word_1_619' title='bbox 831 2709 879 2736; x_wconf 78' lang='grc' dir='ltr'>καὶ</span> 
     </span>
    </p>
   </div>
   <div class='ocr_carea' id='block_1_87' title="bbox 115 2798 889 2836">
    <p class='ocr_par' dir='ltr' id='par_1_87' title="bbox 115 2798 889 2836">
     <span class='ocr_line' id='line_1_87' title="bbox 115 2798 889 2836; baseline 0.004 -10"><span class='ocrx_word' id='word_1_620' title='bbox 115 2800 137 2816; x_wconf 75' lang='grc'><strong>⁸⁸</strong></span> <span class='ocrx_word' id='word_1_621' title='bbox 151 2809 177 2829; x_wconf 81' lang='grc' dir='ltr'>ν.</span> <span class='ocrx_word' id='word_1_622' title='bbox 194 2801 242 2829; x_wconf 70' lang='lat' dir='ltr'><strong>3t.</strong></span> <span class='ocrx_word' id='word_1_623' title='bbox 286 2799 310 2815; x_wconf 86' lang='grc'><strong><em>³⁸</em></strong></span> <span class='ocrx_word' id='word_1_624' title='bbox 331 2798 458 2836; x_wconf 23' lang='lat' dir='ltr'><strong>llabhiii.</strong></span> <span class='ocrx_word' id='word_1_625' title='bbox 473 2800 499 2827; x_wconf 89' lang='lat'><strong>8.</strong></span> <span class='ocrx_word' id='word_1_626' title='bbox 539 2799 562 2815; x_wconf 81' lang='grc'><strong>³⁸</strong></span> <span class='ocrx_word' id='word_1_627' title='bbox 572 2800 635 2836; x_wconf 48' lang='lat' dir='ltr'><strong>Act.</strong></span> <span class='ocrx_word' id='word_1_628' title='bbox 651 2809 688 2836; x_wconf 86' lang='lat' dir='ltr'><strong>ix,</strong></span> <span class='ocrx_word' id='word_1_629' title='bbox 706 2803 746 2831; x_wconf 76' lang='lat' dir='ltr'><strong>l5.</strong></span> <span class='ocrx_word' id='word_1_630' title='bbox 787 2804 808 2820; x_wconf 87' lang='grc'><strong>³⁷</strong></span> <span class='ocrx_word' id='word_1_631' title='bbox 823 2803 889 2831; x_wconf 71' lang='lat' dir='ltr'><strong>v.1.</strong></span> 
     </span>
    </p>
   </div>
   <div class='ocr_carea' id='block_1_88' title="bbox 82 2833 613 2868">
    <p class='ocr_par' dir='ltr' id='par_1_88' title="bbox 82 2833 613 2868">
     <span class='ocr_line' id='line_1_88' title="bbox 82 2833 613 2868; baseline 0 -6"><span class='ocrx_word' id='word_1_632' title='bbox 82 2834 104 2851; x_wconf 79' lang='grc'><strong><em>⁸⁸</em></strong></span> <span class='ocrx_word' id='word_1_633' title='bbox 119 2844 141 2864; x_wconf 81' lang='lat' dir='ltr'><strong>v.</strong></span> <span class='ocrx_word' id='word_1_634' title='bbox 155 2837 184 2865; x_wconf 82' lang='lat'><strong>9.</strong></span> <span class='ocrx_word' id='word_1_635' title='bbox 223 2836 248 2852; x_wconf 74' lang='grc'><strong>⁸⁵</strong></span> <span class='ocrx_word' id='word_1_636' title='bbox 265 2843 293 2863; x_wconf 75' lang='grc' dir='ltr'><strong>ι’.</strong></span> <span class='ocrx_word' id='word_1_637' title='bbox 310 2835 356 2862; x_wconf 81' lang='grc'><strong>10.</strong></span> <span class='ocrx_word' id='word_1_638' title='bbox 396 2834 419 2851; x_wconf 68' lang='grc'><strong>⁵⁵</strong></span> <span class='ocrx_word' id='word_1_639' title='bbox 433 2833 512 2862; x_wconf 76' lang='lat' dir='ltr'><strong>Rom.</strong></span> <span class='ocrx_word' id='word_1_640' title='bbox 524 2842 557 2868; x_wconf 83' lang='lat' dir='ltr'><strong>tt,</strong></span> <span class='ocrx_word' id='word_1_641' title='bbox 568 2835 613 2863; x_wconf 77' lang='grc'><strong>15.</strong></span> 
     </span>
    </p>
   </div>
   <div class='ocr_carea' id='block_1_89' title="bbox 926 1553 1713 1589">
    <p class='ocr_par' dir='ltr' id='par_1_89' title="bbox 926 1553 1713 1589">
     <span class='ocr_line' id='line_1_89' title="bbox 926 1553 1713 1589; baseline -0.001 -8"><span class='ocrx_word' id='word_1_642' title='bbox 926 1553 1023 1587; x_wconf 88' lang='lat' dir='ltr'><strong>opibus</strong></span> <span class='ocrx_word' id='word_1_643' title='bbox 1035 1554 1209 1587; x_wconf 83' lang='lat' dir='ltr'><strong>dominantur</strong></span> <span class='ocrx_word' id='word_1_644' title='bbox 1219 1563 1225 1581; x_wconf 93' lang='lat'><strong>:</strong></span> <span class='ocrx_word' id='word_1_645' title='bbox 1235 1559 1316 1589; x_wconf 87' lang='lat' dir='ltr'><strong>atque</strong></span> <span class='ocrx_word' id='word_1_646' title='bbox 1331 1555 1452 1589; x_wconf 86' lang='lat' dir='ltr'><strong>insuper,</strong></span> <span class='ocrx_word' id='word_1_647' title='bbox 1464 1554 1509 1589; x_wconf 89' lang='lat' dir='ltr'><strong>qui</strong></span> <span class='ocrx_word' id='word_1_648' title='bbox 1525 1553 1638 1581; x_wconf 84' lang='lat' dir='ltr'><strong>scientia</strong></span> <span class='ocrx_word' id='word_1_649' title='bbox 1650 1558 1713 1581; x_wconf 86' lang='lat' dir='ltr'><strong>sunt</strong></span> 
     </span>
    </p>
   </div>
   <div class='ocr_carea' id='block_1_90' title="bbox 926 1599 1714 1635">
    <p class='ocr_par' dir='ltr' id='par_1_90' title="bbox 926 1599 1714 1635">
     <span class='ocr_line' id='line_1_90' title="bbox 926 1599 1714 1635; baseline 0 -10"><span class='ocrx_word' id='word_1_650' title='bbox 926 1599 1041 1634; x_wconf 68' lang='lat' dir='ltr'><strong>praediti,</strong></span> <span class='ocrx_word' id='word_1_651' title='bbox 1056 1600 1083 1627; x_wconf 90' lang='lat' dir='ltr'><strong>in</strong></span> <span class='ocrx_word' id='word_1_652' title='bbox 1094 1607 1142 1627; x_wconf 85' lang='lat' dir='ltr'><strong>eos</strong></span> <span class='ocrx_word' id='word_1_653' title='bbox 1153 1600 1199 1635; x_wconf 91' lang='lat' dir='ltr'><strong>qui</strong></span> <span class='ocrx_word' id='word_1_654' title='bbox 1215 1600 1294 1627; x_wconf 87' lang='lat' dir='ltr'><strong>aliter</strong></span> <span class='ocrx_word' id='word_1_655' title='bbox 1309 1608 1338 1628; x_wconf 85' lang='lat' dir='ltr'><strong>se</strong></span> <span class='ocrx_word' id='word_1_656' title='bbox 1353 1600 1464 1633; x_wconf 87' lang='lat' dir='ltr'><strong>habent,</strong></span> <span class='ocrx_word' id='word_1_657' title='bbox 1479 1600 1622 1634; x_wconf 90' lang='lat' dir='ltr'><strong>imperium</strong></span> <span class='ocrx_word' id='word_1_658' title='bbox 1635 1607 1714 1626; x_wconf 81' lang='lat' dir='ltr'><strong>exer-</strong></span> 
     </span>
    </p>
   </div>
   <div class='ocr_carea' id='block_1_91' title="bbox 926 1645 1717 1681">
    <p class='ocr_par' dir='ltr' id='par_1_91' title="bbox 926 1645 1717 1681">
     <span class='ocr_line' id='line_1_91' title="bbox 926 1645 1717 1681; baseline 0.001 -9"><span class='ocrx_word' id='word_1_659' title='bbox 926 1650 999 1673; x_wconf 83' lang='lat' dir='ltr'><strong>cent.</strong></span> <span class='ocrx_word' id='word_1_660' title='bbox 1016 1645 1136 1680; x_wconf 87' lang='lat' dir='ltr'><strong>Denique</strong></span> <span class='ocrx_word' id='word_1_661' title='bbox 1146 1646 1191 1681; x_wconf 83' lang='lat' dir='ltr'><strong>qui</strong></span> <span class='ocrx_word' id='word_1_662' title='bbox 1207 1653 1240 1674; x_wconf 83' lang='lat' dir='ltr'><strong>ex</strong></span> <span class='ocrx_word' id='word_1_663' title='bbox 1258 1647 1383 1681; x_wconf 74' lang='lat' dir='ltr'><strong>gentibus</strong></span> <span class='ocrx_word' id='word_1_664' title='bbox 1408 1646 1592 1680; x_wconf 83' lang='lat' dir='ltr'><strong>crediderunt,</strong></span> <span class='ocrx_word' id='word_1_665' title='bbox 1608 1645 1717 1673; x_wconf 80' lang='lat' dir='ltr'><strong>Israeli-</strong></span> 
     </span>
    </p>
   </div>
   <div class='ocr_carea' id='block_1_92' title="bbox 928 1691 1712 1728">
    <p class='ocr_par' dir='ltr' id='par_1_92' title="bbox 928 1691 1712 1728">
     <span class='ocr_line' id='line_1_92' title="bbox 928 1691 1712 1728; baseline 0 -9"><span class='ocrx_word' id='word_1_666' title='bbox 928 1692 963 1719; x_wconf 85' lang='lat' dir='ltr'><strong>tis</strong></span> <span class='ocrx_word' id='word_1_667' title='bbox 977 1692 1023 1727; x_wconf 90' lang='lat' dir='ltr'><strong>qui</strong></span> <span class='ocrx_word' id='word_1_668' title='bbox 1038 1696 1119 1719; x_wconf 84' lang='lat' dir='ltr'><strong>antea</strong></span> <span class='ocrx_word' id='word_1_669' title='bbox 1132 1691 1316 1728; x_wconf 86' lang='lat' dir='ltr'><strong>imperabant,</strong></span> <span class='ocrx_word' id='word_1_670' title='bbox 1325 1692 1512 1728; x_wconf 79' lang='lat' dir='ltr'><strong>magisterium</strong></span> <span class='ocrx_word' id='word_1_671' title='bbox 1532 1691 1712 1719; x_wconf 86' lang='lat' dir='ltr'><strong>fenerantur:</strong></span> 
     </span>
    </p>
   </div>
   <div class='ocr_carea' id='block_1_93' title="bbox 927 1738 1713 1774">
    <p class='ocr_par' dir='ltr' id='par_1_93' title="bbox 927 1738 1713 1774">
     <span class='ocr_line' id='line_1_93' title="bbox 927 1738 1713 1774; baseline -0.003 -8"><span class='ocrx_word' id='word_1_672' title='bbox 927 1747 1082 1774; x_wconf 81' lang='lat' dir='ltr'><strong>quanquam</strong></span> <span class='ocrx_word' id='word_1_673' title='bbox 1101 1739 1141 1766; x_wconf 89' lang='lat' dir='ltr'><strong>illi</strong></span> <span class='ocrx_word' id='word_1_674' title='bbox 1161 1743 1241 1767; x_wconf 86' lang='lat' dir='ltr'><strong>antea</strong></span> <span class='ocrx_word' id='word_1_675' title='bbox 1261 1739 1388 1774; x_wconf 75' lang='lat' dir='ltr'><strong>gentibus</strong></span> <span class='ocrx_word' id='word_1_676' title='bbox 1403 1738 1599 1766; x_wconf 83' lang='lat' dir='ltr'><strong>fenerahantur</strong></span> <span class='ocrx_word' id='word_1_677' title='bbox 1609 1738 1713 1771; x_wconf 78' lang='lat' dir='ltr'><strong>multis,</strong></span> 
     </span>
    </p>
   </div>
   <div class='ocr_carea' id='block_1_94' title="bbox 929 1784 1714 1820">
    <p class='ocr_par' dir='ltr' id='par_1_94' title="bbox 929 1784 1714 1820">
     <span class='ocr_line' id='line_1_94' title="bbox 929 1784 1714 1820; baseline -0.001 -8"><span class='ocrx_word' id='word_1_678' title='bbox 929 1785 1016 1820; x_wconf 89' lang='lat' dir='ltr'><strong>iisque</strong></span> <span class='ocrx_word' id='word_1_679' title='bbox 1033 1785 1256 1812; x_wconf 82' lang='lat' dir='ltr'><strong>dominabantur.</strong></span> <span class='ocrx_word' id='word_1_680' title='bbox 1274 1785 1350 1813; x_wconf 86' lang='lat' dir='ltr'><strong>Nunc</strong></span> <span class='ocrx_word' id='word_1_681' title='bbox 1366 1792 1432 1813; x_wconf 87' lang='lat' dir='ltr'><strong>vero</strong></span> <span class='ocrx_word' id='word_1_682' title='bbox 1448 1790 1543 1820; x_wconf 88' lang='lat' dir='ltr'><strong>erepto</strong></span> <span class='ocrx_word' id='word_1_683' title='bbox 1562 1784 1595 1812; x_wconf 86' lang='lat' dir='ltr'><strong>iis</strong></span> <span class='ocrx_word' id='word_1_684' title='bbox 1618 1792 1714 1820; x_wconf 72' lang='lat' dir='ltr'><strong>regno,</strong></span> 
     </span>
    </p>
   </div>
   <div class='ocr_carea' id='block_1_95' title="bbox 927 1827 1143 1858">
    <p class='ocr_par' dir='ltr' id='par_1_95' title="bbox 927 1827 1143 1858">
     <span class='ocr_line' id='line_1_95' title="bbox 927 1827 1143 1858; baseline -0.005 0"><span class='ocrx_word' id='word_1_685' title='bbox 927 1827 1092 1858; x_wconf 76' lang='lat' dir='ltr'><strong>contrarium</strong></span> <span class='ocrx_word' id='word_1_686' title='bbox 1105 1831 1143 1857; x_wconf 83' lang='lat' dir='ltr'><strong>lit.</strong></span> 
     </span>
    </p>
   </div>
   <div class='ocr_carea' id='block_1_96' title="bbox 963 1875 1715 1912">
    <p class='ocr_par' dir='ltr' id='par_1_96' title="bbox 963 1875 1715 1912">
     <span class='ocr_line' id='line_1_96' title="bbox 963 1875 1715 1912; baseline -0.001 -9"><span class='ocrx_word' id='word_1_687' title='bbox 963 1877 985 1892; x_wconf 77' lang='lat'><strong>“</strong></span> <span class='ocrx_word' id='word_1_688' title='bbox 1001 1876 1120 1903; x_wconf 84' lang='lat' dir='ltr'><strong>Hilarem</strong></span> <span class='ocrx_word' id='word_1_689' title='bbox 1147 1877 1172 1904; x_wconf 94' lang='lat' dir='ltr'><strong>in</strong></span> <span class='ocrx_word' id='word_1_690' title='bbox 1198 1876 1379 1912; x_wconf 79' lang='lat' dir='ltr'><strong>exsequendis</strong></span> <span class='ocrx_word' id='word_1_691' title='bbox 1407 1875 1543 1903; x_wconf 82' lang='lat' dir='ltr'><strong>mandatis</strong></span> <span class='ocrx_word' id='word_1_692' title='bbox 1565 1876 1664 1908; x_wconf 86' lang='lat' dir='ltr'><strong>virum,</strong></span> <span class='ocrx_word' id='word_1_693' title='bbox 1686 1879 1715 1903; x_wconf 85' lang='lat' dir='ltr'><strong>et</strong></span> 
     </span>
    </p>
   </div>
   <div class='ocr_carea' id='block_1_97' title="bbox 932 1921 1713 1957">
    <p class='ocr_par' dir='ltr' id='par_1_97' title="bbox 932 1921 1713 1957">
     <span class='ocr_line' id='line_1_97' title="bbox 932 1921 1713 1957; baseline -0.003 -7"><span class='ocrx_word' id='word_1_694' title='bbox 932 1923 1114 1957; x_wconf 84' lang='lat' dir='ltr'><strong>eleemosynis</strong></span> <span class='ocrx_word' id='word_1_695' title='bbox 1125 1923 1322 1957; x_wconf 80' lang='lat' dir='ltr'><strong>indulgentem.</strong></span> <span class='ocrx_word' id='word_1_696' title='bbox 1338 1922 1426 1957; x_wconf 75' lang='lat' dir='ltr'><strong>diligit</strong></span> <span class='ocrx_word' id='word_1_697' title='bbox 1440 1921 1522 1949; x_wconf 86' lang='lat' dir='ltr'><strong>Deus.</strong></span> <span class='ocrx_word' id='word_1_698' title='bbox 1543 1921 1621 1949; x_wconf 87' lang='lat' dir='ltr'><strong>Sicut</strong></span> <span class='ocrx_word' id='word_1_699' title='bbox 1631 1922 1713 1948; x_wconf 87' lang='lat' dir='ltr'><strong>etiam</strong></span> 
     </span>
    </p>
   </div>
   <div class='ocr_carea' id='block_1_98' title="bbox 928 1966 1719 2002">
    <p class='ocr_par' dir='ltr' id='par_1_98' title="bbox 928 1966 1719 2002">
     <span class='ocr_line' id='line_1_98' title="bbox 928 1966 1719 2002; baseline -0.004 -6"><span class='ocrx_word' id='word_1_700' title='bbox 928 1968 1028 1996; x_wconf 87' lang='lat' dir='ltr'><strong>Paulus</strong></span> <span class='ocrx_word' id='word_1_701' title='bbox 1038 1969 1077 1996; x_wconf 90' lang='lat' dir='ltr'><strong>ait</strong></span> <span class='ocrx_word' id='word_1_702' title='bbox 1091 1969 1162 2001; x_wconf 72' lang='grc' dir='ltr'>ιριιί</span> <span class='ocrx_word' id='word_1_703' title='bbox 1184 1969 1334 2002; x_wconf 72' lang='lat' dir='ltr'><strong>miseretur,</strong></span> <span class='ocrx_word' id='word_1_704' title='bbox 1350 1975 1410 1995; x_wconf 78' lang='lat' dir='ltr'><strong>eum</strong></span> <span class='ocrx_word' id='word_1_705' title='bbox 1431 1968 1566 1994; x_wconf 75' lang='lat' dir='ltr'><strong>hilaritate</strong></span> <span class='ocrx_word' id='word_1_706' title='bbox 1577 1967 1611 1994; x_wconf 63' lang='grc' dir='ltr'><strong>θ’.</strong></span> <span class='ocrx_word' id='word_1_707' title='bbox 1632 1966 1719 1994; x_wconf 77' lang='lat' dir='ltr'><strong>Vani-</strong></span> 
     </span>
    </p>
   </div>
   <div class='ocr_carea' id='block_1_99' title="bbox 930 2013 1713 2049">
    <p class='ocr_par' dir='ltr' id='par_1_99' title="bbox 930 2013 1713 2049">
     <span class='ocr_line' id='line_1_99' title="bbox 930 2013 1713 2049; baseline -0.004 -7"><span class='ocrx_word' id='word_1_708' title='bbox 930 2020 1012 2042; x_wconf 86' lang='lat' dir='ltr'><strong>tatem</strong></span> <span class='ocrx_word' id='word_1_709' title='bbox 1029 2019 1119 2042; x_wconf 86' lang='lat' dir='ltr'><strong>autem</strong></span> <span class='ocrx_word' id='word_1_710' title='bbox 1141 2022 1264 2049; x_wconf 88' lang='lat' dir='ltr'><strong>operum,</strong></span> <span class='ocrx_word' id='word_1_711' title='bbox 1280 2021 1330 2049; x_wconf 90' lang='lat' dir='ltr'><strong>per</strong></span> <span class='ocrx_word' id='word_1_712' title='bbox 1352 2016 1482 2041; x_wconf 88' lang='lat' dir='ltr'><strong>virtutem</strong></span> <span class='ocrx_word' id='word_1_713' title='bbox 1510 2021 1543 2041; x_wconf 89' lang='lat' dir='ltr'><strong>ac</strong></span> <span class='ocrx_word' id='word_1_714' title='bbox 1567 2013 1713 2042; x_wconf 81' lang='lat' dir='ltr'><strong>scientiam</strong></span> 
     </span>
    </p>
   </div>
   <div class='ocr_carea' id='block_1_100' title="bbox 930 2059 1249 2087">
    <p class='ocr_par' dir='ltr' id='par_1_100' title="bbox 930 2059 1249 2087">
     <span class='ocr_line' id='line_1_100' title="bbox 930 2059 1249 2087; baseline -0.003 0"><span class='ocrx_word' id='word_1_715' title='bbox 930 2063 1099 2087; x_wconf 80' lang='lat' dir='ltr'><strong>consummat</strong></span> <span class='ocrx_word' id='word_1_716' title='bbox 1110 2059 1249 2087; x_wconf 87' lang='lat' dir='ltr'><strong>Dominus.</strong></span> 
     </span>
    </p>
   </div>
   <div class='ocr_carea' id='block_1_101' title="bbox 963 2103 1720 2139">
    <p class='ocr_par' dir='ltr' id='par_1_101' title="bbox 963 2103 1720 2139">
     <span class='ocr_line' id='line_1_101' title="bbox 963 2103 1720 2139; baseline -0.001 -6"><span class='ocrx_word' id='word_1_717' title='bbox 963 2106 987 2122; x_wconf 78' lang='lat'><strong><em>“</em></strong></span> <span class='ocrx_word' id='word_1_718' title='bbox 1002 2106 1074 2133; x_wconf 82' lang='lat' dir='ltr'><strong>Dona</strong></span> <span class='ocrx_word' id='word_1_719' title='bbox 1086 2105 1213 2139; x_wconf 87' lang='lat' dir='ltr'><strong>hominis,</strong></span> <span class='ocrx_word' id='word_1_720' title='bbox 1230 2106 1347 2133; x_wconf 80' lang='lat' dir='ltr'><strong>virtutes</strong></span> <span class='ocrx_word' id='word_1_721' title='bbox 1362 2105 1460 2131; x_wconf 63' lang='lat' dir='ltr'><strong>animae</strong></span> <span class='ocrx_word' id='word_1_722' title='bbox 1473 2103 1601 2139; x_wconf 84' lang='lat' dir='ltr'><strong>appellat.</strong></span> <span class='ocrx_word' id='word_1_723' title='bbox 1616 2103 1720 2138; x_wconf 69' lang='lat' dir='ltr'><strong>quibus</strong></span> 
     </span>
    </p>
   </div>
   <div class='ocr_carea' id='block_1_102' title="bbox 929 2150 1714 2186">
    <p class='ocr_par' dir='ltr' id='par_1_102' title="bbox 929 2150 1714 2186">
     <span class='ocr_line' id='line_1_102' title="bbox 929 2150 1714 2186; baseline -0.005 -6"><span class='ocrx_word' id='word_1_724' title='bbox 929 2151 1065 2180; x_wconf 90' lang='lat' dir='ltr'><strong>diabolum</strong></span> <span class='ocrx_word' id='word_1_725' title='bbox 1085 2152 1207 2186; x_wconf 84' lang='lat' dir='ltr'><strong>vincens,</strong></span> <span class='ocrx_word' id='word_1_726' title='bbox 1236 2150 1420 2179; x_wconf 87' lang='lat' dir='ltr'><strong>honorabilem</strong></span> <span class='ocrx_word' id='word_1_727' title='bbox 1445 2157 1475 2178; x_wconf 78' lang='lat' dir='ltr'><strong>se</strong></span> <span class='ocrx_word' id='word_1_728' title='bbox 1499 2150 1555 2177; x_wconf 89' lang='lat' dir='ltr'><strong>Deo</strong></span> <span class='ocrx_word' id='word_1_729' title='bbox 1587 2150 1714 2182; x_wconf 79' lang='lat' dir='ltr'><strong>exhibet;</strong></span> 
     </span>
    </p>
   </div>
   <div class='ocr_carea' id='block_1_103' title="bbox 931 2195 1723 2234">
    <p class='ocr_par' dir='ltr' id='par_1_103' title="bbox 931 2195 1723 2234">
     <span class='ocr_line' id='line_1_103' title="bbox 931 2195 1723 2234; baseline -0.004 -7"><span class='ocrx_word' id='word_1_730' title='bbox 931 2206 1063 2234; x_wconf 83' lang='lat' dir='ltr'><strong>suamque</strong></span> <span class='ocrx_word' id='word_1_731' title='bbox 1074 2199 1194 2227; x_wconf 85' lang='lat' dir='ltr'><strong>animam</strong></span> <span class='ocrx_word' id='word_1_732' title='bbox 1211 2198 1246 2225; x_wconf 89' lang='lat' dir='ltr'><strong>ab</strong></span> <span class='ocrx_word' id='word_1_733' title='bbox 1261 2196 1460 2232; x_wconf 85' lang='lat' dir='ltr'><strong>occupantibus</strong></span> <span class='ocrx_word' id='word_1_734' title='bbox 1472 2203 1534 2224; x_wconf 82' lang='lat' dir='ltr'><strong>eam</strong></span> <span class='ocrx_word' id='word_1_735' title='bbox 1548 2195 1723 2225; x_wconf 60' lang='lat' dir='ltr'><strong>daemonibus.</strong></span> 
     </span>
    </p>
   </div>
   <div class='ocr_carea' id='block_1_104' title="bbox 931 2245 1021 2280">
    <p class='ocr_par' dir='ltr' id='par_1_104' title="bbox 931 2245 1021 2280">
     <span class='ocr_line' id='line_1_104' title="bbox 931 2245 1021 2280; baseline -0.022 -6"><span class='ocrx_word' id='word_1_736' title='bbox 931 2245 1021 2280; x_wconf 79' lang='lat' dir='ltr'><strong>eripit.</strong></span> 
     </span>
    </p>
   </div>
   <div class='ocr_carea' id='block_1_105' title="bbox 969 2287 1718 2325">
    <p class='ocr_par' dir='ltr' id='par_1_105' title="bbox 969 2287 1718 2325">
     <span class='ocr_line' id='line_1_105' title="bbox 969 2287 1718 2325; baseline -0.003 -7"><span class='ocrx_word' id='word_1_737' title='bbox 969 2291 992 2308; x_wconf 73' lang='lat'><strong>“</strong></span> <span class='ocrx_word' id='word_1_738' title='bbox 1009 2290 1148 2318; x_wconf 81' lang='lat' dir='ltr'><strong>Hominem</strong></span> <span class='ocrx_word' id='word_1_739' title='bbox 1176 2296 1224 2325; x_wconf 90' lang='lat' dir='ltr'><strong>per</strong></span> <span class='ocrx_word' id='word_1_740' title='bbox 1250 2288 1402 2323; x_wconf 86' lang='lat' dir='ltr'><strong>spiritalem</strong></span> <span class='ocrx_word' id='word_1_741' title='bbox 1434 2287 1585 2316; x_wconf 86' lang='lat' dir='ltr'><strong>doctrinam</strong></span> <span class='ocrx_word' id='word_1_742' title='bbox 1608 2287 1718 2316; x_wconf 81' lang='lat' dir='ltr'><strong>extrahi</strong></span> 
     </span>
    </p>
   </div>
   <div class='ocr_carea' id='block_1_106' title="bbox 932 2333 1723 2372">
    <p class='ocr_par' dir='ltr' id='par_1_106' title="bbox 932 2333 1723 2372">
     <span class='ocr_line' id='line_1_106' title="bbox 932 2333 1723 2372; baseline -0.006 -8"><span class='ocrx_word' id='word_1_743' title='bbox 932 2337 1036 2364; x_wconf 79' lang='lat' dir='ltr'><strong>vulttle</strong></span> <span class='ocrx_word' id='word_1_744' title='bbox 1060 2335 1176 2372; x_wconf 88' lang='lat' dir='ltr'><strong>pessimo</strong></span> <span class='ocrx_word' id='word_1_745' title='bbox 1207 2335 1292 2362; x_wconf 85' lang='lat' dir='ltr'><strong>animi</strong></span> <span class='ocrx_word' id='word_1_746' title='bbox 1318 2335 1422 2369; x_wconf 87' lang='lat' dir='ltr'><strong>habitu,</strong></span> <span class='ocrx_word' id='word_1_747' title='bbox 1451 2341 1513 2362; x_wconf 90' lang='lat' dir='ltr'><strong>cum</strong></span> <span class='ocrx_word' id='word_1_748' title='bbox 1534 2334 1593 2369; x_wconf 83' lang='lat' dir='ltr'><strong>ejus</strong></span> <span class='ocrx_word' id='word_1_749' title='bbox 1614 2333 1723 2360; x_wconf 79' lang='lat' dir='ltr'><strong>comite</strong></span> 
     </span>
    </p>
   </div>
   <div class='ocr_carea' id='block_1_107' title="bbox 931 2381 1716 2416">
    <p class='ocr_par' dir='ltr' id='par_1_107' title="bbox 931 2381 1716 2416">
     <span class='ocr_line' id='line_1_107' title="bbox 931 2381 1716 2416; baseline -0.006 -6"><span class='ocrx_word' id='word_1_750' title='bbox 931 2384 1000 2411; x_wconf 78' lang='lat' dir='ltr'><strong>rixa.</strong></span> <span class='ocrx_word' id='word_1_751' title='bbox 1027 2382 1169 2410; x_wconf 86' lang='lat' dir='ltr'><strong>Diabolum</strong></span> <span class='ocrx_word' id='word_1_752' title='bbox 1195 2388 1315 2416; x_wconf 87' lang='lat' dir='ltr'><strong>quoqtte,</strong></span> <span class='ocrx_word' id='word_1_753' title='bbox 1343 2381 1442 2408; x_wconf 67' lang='lat' dir='ltr'><strong>animae</strong></span> <span class='ocrx_word' id='word_1_754' title='bbox 1468 2385 1583 2415; x_wconf 88' lang='lat' dir='ltr'><strong>pestem,</strong></span> <span class='ocrx_word' id='word_1_755' title='bbox 1607 2383 1716 2414; x_wconf 85' lang='lat' dir='ltr'><strong>oportet</strong></span> 
     </span>
    </p>
   </div>
   <div class='ocr_carea' id='block_1_108' title="bbox 930 2426 1722 2465">
    <p class='ocr_par' dir='ltr' id='par_1_108' title="bbox 930 2426 1722 2465">
     <span class='ocr_line' id='line_1_108' title="bbox 930 2426 1722 2465; baseline -0.009 -7"><span class='ocrx_word' id='word_1_756' title='bbox 930 2431 1051 2465; x_wconf 77' lang='lat' dir='ltr'><strong>eﬂugare</strong></span> <span class='ocrx_word' id='word_1_757' title='bbox 1069 2437 1076 2455; x_wconf 90' lang='lat'><strong>:</strong></span> <span class='ocrx_word' id='word_1_758' title='bbox 1093 2436 1155 2456; x_wconf 89' lang='lat' dir='ltr'><strong>nam</strong></span> <span class='ocrx_word' id='word_1_759' title='bbox 1171 2429 1192 2456; x_wconf 89' lang='lat' dir='ltr'><strong>si</strong></span> <span class='ocrx_word' id='word_1_760' title='bbox 1206 2427 1261 2454; x_wconf 91' lang='lat' dir='ltr'><strong>illic</strong></span> <span class='ocrx_word' id='word_1_761' title='bbox 1276 2427 1406 2460; x_wconf 85' lang='lat' dir='ltr'><strong>resideat,</strong></span> <span class='ocrx_word' id='word_1_762' title='bbox 1425 2432 1517 2455; x_wconf 87' lang='lat' dir='ltr'><strong>rectas</strong></span> <span class='ocrx_word' id='word_1_763' title='bbox 1527 2433 1622 2453; x_wconf 90' lang='lat' dir='ltr'><strong>omnes</strong></span> <span class='ocrx_word' id='word_1_764' title='bbox 1641 2426 1722 2460; x_wconf 75' lang='lat' dir='ltr'><strong>cogi-</strong></span> 
     </span>
    </p>
   </div>
   <div class='ocr_carea' id='block_1_109' title="bbox 932 2471 1718 2509">
    <p class='ocr_par' dir='ltr' id='par_1_109' title="bbox 932 2471 1718 2509">
     <span class='ocr_line' id='line_1_109' title="bbox 932 2471 1718 2509; baseline -0.008 -5"><span class='ocrx_word' id='word_1_765' title='bbox 932 2477 1049 2504; x_wconf 89' lang='lat' dir='ltr'><strong>tationes</strong></span> <span class='ocrx_word' id='word_1_766' title='bbox 1065 2474 1220 2509; x_wconf 87' lang='lat' dir='ltr'><strong>impuritate</strong></span> <span class='ocrx_word' id='word_1_767' title='bbox 1241 2473 1429 2501; x_wconf 87' lang='lat' dir='ltr'><strong>contaminare</strong></span> <span class='ocrx_word' id='word_1_768' title='bbox 1446 2473 1526 2500; x_wconf 87' lang='lat' dir='ltr'><strong>solet.</strong></span> <span class='ocrx_word' id='word_1_769' title='bbox 1551 2471 1675 2506; x_wconf 84' lang='lat' dir='ltr'><strong>Namque</strong></span> <span class='ocrx_word' id='word_1_770' title='bbox 1687 2476 1718 2500; x_wconf 85' lang='lat' dir='ltr'><strong>et</strong></span> 
     </span>
    </p>
   </div>
   <div class='ocr_carea' id='block_1_110' title="bbox 931 2519 1719 2557">
    <p class='ocr_par' dir='ltr' id='par_1_110' title="bbox 931 2519 1719 2557">
     <span class='ocr_line' id='line_1_110' title="bbox 931 2519 1719 2557; baseline -0.006 -7"><span class='ocrx_word' id='word_1_771' title='bbox 931 2521 1077 2557; x_wconf 82' lang='lat' dir='ltr'><strong>Apostolus</strong></span> <span class='ocrx_word' id='word_1_772' title='bbox 1088 2520 1205 2548; x_wconf 87' lang='lat' dir='ltr'><strong>tribunal</strong></span> <span class='ocrx_word' id='word_1_773' title='bbox 1220 2519 1340 2548; x_wconf 89' lang='lat' dir='ltr'><strong>ostendit</strong></span> <span class='ocrx_word' id='word_1_774' title='bbox 1358 2526 1419 2547; x_wconf 87' lang='lat' dir='ltr'><strong>esse</strong></span> <span class='ocrx_word' id='word_1_775' title='bbox 1435 2519 1566 2551; x_wconf 87' lang='lat' dir='ltr'><strong>animam,</strong></span> <span class='ocrx_word' id='word_1_776' title='bbox 1581 2523 1719 2552; x_wconf 84' lang='lat' dir='ltr'><strong>quatenus</strong></span> 
     </span>
    </p>
   </div>
   <div class='ocr_carea' id='block_1_111' title="bbox 930 2563 1718 2605">
    <p class='ocr_par' dir='ltr' id='par_1_111' title="bbox 930 2563 1718 2605">
     <span class='ocr_line' id='line_1_111' title="bbox 930 2563 1718 2605; baseline -0.008 -9"><span class='ocrx_word' id='word_1_777' title='bbox 930 2569 1110 2605; x_wconf 77' lang='lat' dir='ltr'><strong>cogitationes</strong></span> <span class='ocrx_word' id='word_1_778' title='bbox 1124 2571 1298 2599; x_wconf 86' lang='lat' dir='ltr'><strong>accusantes,</strong></span> <span class='ocrx_word' id='word_1_779' title='bbox 1315 2566 1451 2600; x_wconf 86' lang='lat' dir='ltr'><strong>simulque</strong></span> <span class='ocrx_word' id='word_1_780' title='bbox 1473 2564 1653 2592; x_wconf 82' lang='lat' dir='ltr'><strong>defendentes</strong></span> <span class='ocrx_word' id='word_1_781' title='bbox 1676 2563 1718 2590; x_wconf 77' lang='lat' dir='ltr'><strong>in-</strong></span> 
     </span>
    </p>
   </div>
   <div class='ocr_carea' id='block_1_112' title="bbox 931 2610 1718 2649">
    <p class='ocr_par' dir='ltr' id='par_1_112' title="bbox 931 2610 1718 2649">
     <span class='ocr_line' id='line_1_112' title="bbox 931 2610 1718 2649; baseline -0.009 -6"><span class='ocrx_word' id='word_1_782' title='bbox 931 2616 1015 2644; x_wconf 90' lang='lat' dir='ltr'><strong>ducit.</strong></span> <span class='ocrx_word' id='word_1_783' title='bbox 1029 2615 1152 2646; x_wconf 78' lang='lat' dir='ltr'><strong>Interim,</strong></span> <span class='ocrx_word' id='word_1_784' title='bbox 1165 2614 1263 2649; x_wconf 78' lang='lat' dir='ltr'><strong>inquit.</strong></span> <span class='ocrx_word' id='word_1_785' title='bbox 1277 2614 1386 2640; x_wconf 82' lang='lat' dir='ltr'><strong>invicem</strong></span> <span class='ocrx_word' id='word_1_786' title='bbox 1412 2611 1597 2639; x_wconf 81' lang='lat' dir='ltr'><strong>accusantibus</strong></span> <span class='ocrx_word' id='word_1_787' title='bbox 1616 2610 1718 2644; x_wconf 82' lang='lat' dir='ltr'><strong>cogita-</strong></span> 
     </span>
    </p>
   </div>
   <div class='ocr_carea' id='block_1_113' title="bbox 933 2655 1718 2695">
    <p class='ocr_par' dir='ltr' id='par_1_113' title="bbox 933 2655 1718 2695">
     <span class='ocr_line' id='line_1_113' title="bbox 933 2655 1718 2695; baseline -0.008 -6"><span class='ocrx_word' id='word_1_788' title='bbox 933 2662 1047 2689; x_wconf 77' lang='lat' dir='ltr'><strong>tionibus</strong></span> <span class='ocrx_word' id='word_1_789' title='bbox 1073 2665 1098 2688; x_wconf 78' lang='lat' dir='ltr'><strong>et</strong></span> <span class='ocrx_word' id='word_1_790' title='bbox 1127 2660 1327 2695; x_wconf 78' lang='lat' dir='ltr'><strong>defendentibus</strong></span> <span class='ocrx_word' id='word_1_791' title='bbox 1337 2659 1370 2685; x_wconf 77' lang='lat'><strong>&quot;.</strong></span> <span class='ocrx_word' id='word_1_792' title='bbox 1386 2657 1436 2685; x_wconf 86' lang='lat' dir='ltr'><strong>Ubi</strong></span> <span class='ocrx_word' id='word_1_793' title='bbox 1457 2662 1548 2684; x_wconf 85' lang='lat' dir='ltr'><strong>autem</strong></span> <span class='ocrx_word' id='word_1_794' title='bbox 1578 2655 1718 2683; x_wconf 84' lang='lat' dir='ltr'><strong>accusatio</strong></span> 
     </span>
    </p>
   </div>
   <div class='ocr_carea' id='block_1_114' title="bbox 931 2700 1717 2745">
    <p class='ocr_par' dir='ltr' id='par_1_114' title="bbox 931 2700 1717 2745">
     <span class='ocr_line' id='line_1_114' title="bbox 931 2700 1717 2745; baseline -0.011 -9"><span class='ocrx_word' id='word_1_795' title='bbox 931 2715 1013 2745; x_wconf 88' lang='lat' dir='ltr'><strong>atque</strong></span> <span class='ocrx_word' id='word_1_796' title='bbox 1031 2708 1164 2741; x_wconf 80' lang='lat' dir='ltr'><strong>defensio,</strong></span> <span class='ocrx_word' id='word_1_797' title='bbox 1180 2706 1217 2735; x_wconf 91' lang='lat' dir='ltr'><strong>ibi</strong></span> <span class='ocrx_word' id='word_1_798' title='bbox 1234 2706 1362 2734; x_wconf 87' lang='lat' dir='ltr'><strong>tribunal.</strong></span> <span class='ocrx_word' id='word_1_799' title='bbox 1377 2705 1430 2732; x_wconf 88' lang='lat' dir='ltr'><strong>Sed</strong></span> <span class='ocrx_word' id='word_1_800' title='bbox 1453 2709 1481 2731; x_wconf 90' lang='lat' dir='ltr'><strong>et</strong></span> <span class='ocrx_word' id='word_1_801' title='bbox 1494 2701 1617 2731; x_wconf 86' lang='lat' dir='ltr'><strong>diabolus</strong></span> <span class='ocrx_word' id='word_1_802' title='bbox 1629 2700 1717 2735; x_wconf 84' lang='lat' dir='ltr'><strong>pesti-</strong></span> 
     </span>
    </p>
   </div>
   <div class='ocr_carea' id='block_1_115' title="bbox 1306 2791 1717 2828">
    <p class='ocr_par' dir='ltr' id='par_1_115' title="bbox 1306 2791 1717 2828">
     <span class='ocr_line' id='line_1_115' title="bbox 1306 2791 1717 2828; baseline -0.01 -3"><span class='ocrx_word' id='word_1_803' title='bbox 1306 2800 1331 2825; x_wconf 82' lang='lat'><strong>7.</strong></span> <span class='ocrx_word' id='word_1_804' title='bbox 1359 2799 1378 2815; x_wconf 71' lang='grc' dir='ltr'><strong>ιι</strong></span> <span class='ocrx_word' id='word_1_805' title='bbox 1396 2805 1420 2825; x_wconf 73' lang='grc' dir='ltr'><strong>ι’.</strong></span> <span class='ocrx_word' id='word_1_806' title='bbox 1436 2797 1461 2824; x_wconf 90' lang='lat'><strong>8.</strong></span> <span class='ocrx_word' id='word_1_807' title='bbox 1494 2795 1516 2812; x_wconf 68' lang='grc' dir='ltr'><strong>δ’</strong></span> <span class='ocrx_word' id='word_1_808' title='bbox 1529 2795 1607 2823; x_wconf 74' lang='lat' dir='ltr'><strong>ltom.</strong></span> <span class='ocrx_word' id='word_1_809' title='bbox 1624 2800 1677 2828; x_wconf 76' lang='lat' dir='ltr'><strong>xu,</strong></span> <span class='ocrx_word' id='word_1_810' title='bbox 1686 2791 1717 2821; x_wconf 85' lang='lat'><strong>8.</strong></span> 
     </span>
    </p>
   </div>
   <div class='ocr_carea' id='block_1_116' title="bbox 928 2801 1283 2830">
    <p class='ocr_par' dir='ltr' id='par_1_116' title="bbox 928 2801 1283 2830">
     <span class='ocr_line' id='line_1_116' title="bbox 928 2801 1283 2830; baseline -0.006 -1"><span class='ocrx_word' id='word_1_811' title='bbox 928 2801 1034 2830; x_wconf 70' lang='lat' dir='ltr'><strong>“v.2.</strong></span> <span class='ocrx_word' id='word_1_812' title='bbox 1071 2802 1092 2819; x_wconf 82' lang='lat'><strong>&quot;</strong></span> <span class='ocrx_word' id='word_1_813' title='bbox 1112 2802 1182 2830; x_wconf 78' lang='lat' dir='ltr'><strong>v.4.</strong></span> <span class='ocrx_word' id='word_1_814' title='bbox 1221 2801 1243 2816; x_wconf 79' lang='lat'><strong>&quot;°</strong></span> <span class='ocrx_word' id='word_1_815' title='bbox 1260 2808 1283 2828; x_wconf 83' lang='grc' dir='ltr'>ν.</span> 
     </span>
    </p>
   </div>
  </div>
