1919 3074
236 133 290 161 219

677 124 956 156 SUPPLEMENTUM
976 122 1022 151 AD
1040 118 1201 150 ORIGENIS
1219 116 1422 146 EXEGETICA.

1804 109 1861 137 220

238 189 297 216 lens
321 193 433 216 cunctos
457 188 595 221 vituperat
617 190 710 221 utpote
731 182 1019 217 contumeliosus;ch

1073 179 1207 215 συνέδριον
1219 186 1225 193 ·
1250 177 1317 204 ἀλλὰ
1343 175 1389 202 καὶ
1408 174 1423 201 6
1441 172 1534 208 λοιμὸς
1553 170 1680 206 ἀτιμάζει
1696 168 1807 221 πάντας
1821 167 1857 219 di;

237 236 302 271 quia
325 235 433 270 propria
454 232 646 261 commendare
662 232 767 263 volens,
789 231 878 257 aliena
894 234 1019 257 contem-

236 283 303 316 ρ·.ῖηι
329 280 453 315 deprimit
469 287 476 303 :
492 286 572 313 quem
590 283 618 305 tu
644 278 678 306 de
693 277 809 313 spiritali
826 280 961 304 conventu
977 274 1020 302 fac

237 327 354 362 ejicias:
373 332 460 359 neque
472 325 516 352 ille
541 323 729 351 tantummodo
755 322 917 357 expelletur.
932 321 979 348 sed
993 325 1020 347 et

238 370 382 397 comitatus
395 370 465 404 ejus.
477 369 577 404 jurgia,
591 369 790 401 contentiones,
807 368 885 401 rixae,
904 371 932 394 et
946 373 1020 401 qua:-

236 422 342 449 cunque
355 415 467 441 exitium
479 414 608 441 inferunt.

270 461 294 476 ⁵ο
306 460 357 493 Qui
375 460 480 487 animas
503 463 610 486 nostras
636 462 778 486 conservat
793 456 935 487 Dominus.
950 455 1019 482 idem

235 506 337 540 pariter
361 505 477 540 spiritali
504 506 619 532 scientia
651 512 702 532 nos
729 503 835 538 pascit,
855 503 1021 530 condescen-

236 553 304 579 dens
329 551 494 585 dicensque:
513 550 568 586 Ego
594 558 652 577 sum
675 555 767 585 pauor
791 548 1018 582 bonar";quem

238 603 328 625 tamen
351 597 432 624 homo
449 596 556 630 iniquus
571 600 744 630 aspernatur.
769 594 846 627 Quod
860 594 883 621 si
899 601 944 620 rex
960 593 1021 627 qui—

237 643 298 669 dem
315 641 482 669 subditorum
505 640 628 668 Christus
644 645 700 673 est;
726 645 820 674 pastor
836 646 900 666 vero
913 637 1018 668 ovium;

237 688 292 715 erit
306 686 451 722 aliquando
466 685 538 713 solus
563 687 653 713 ovium
670 693 729 719 rex,
744 685 778 712 ad
795 683 916 718 regalem
931 682 1019 718 digni-

238 738 320 760 tatem
336 731 538 759 translatarum.

272 778 295 794 ⁸⁸
309 777 490 805 Adversarius
505 779 599 803 noster
609 773 737 802 diabolus
757 777 885 808 tanquam
905 772 948 800 leo
964 773 1020 800 cir-

237 824 294 850 cuit
309 829 434 857 quaerens
458 828 538 856 quem
565 819 695 850 devoret;
710 825 790 853 quem
816 819 916 845 timens
931 817 1018 852 piger,

237 869 270 895 ad
286 868 414 895 virtutum
425 866 585 894 exercitium
608 871 638 892 se
656 868 806 899 comparat.
819 863 923 899 Quippe
936 863 979 891 leo
991 864 1017 891 in
1034 853 1055 880 Β

237 914 288 941 viis
304 913 416 948 justitiaa
433 912 533 947 quierit
547 912 664 946 aliquem
679 910 785 942 venari,
799 909 825 936 id
846 914 888 937 est
901 914 931 936 ut
945 910 1017 937 dixi-

236 967 296 986 mus
316 959 449 990 diabolus,
467 963 495 985 et
511 958 537 985 in
560 957 658 992 plateis
684 963 744 991 quae
758 956 791 983 ad
808 955 956 990 perniciem
971 955 1019 982 de-

236 1003 336 1036 ferunt,
363 1009 462 1038 praeter
481 1011 562 1038 quam
588 1002 659 1037 quod
681 1002 833 1029 daemonum
859 1001 1018 1036 phalangem

234 1049 402 1083 circumfert,
421 1049 478 1084 ipse
489 1055 596 1083 quoque
610 1049 661 1075 sibi
678 1048 811 1075 obnoxios
824 1047 963 1074 interﬁcit.

271 1093 390 1121 “Fovea
416 1093 547 1129 profunda
576 1092 699 1120 diabolus
716 1097 768 1119 est.
794 1092 900 1119 Invisus
927 1097 1017 1119 autem

235 1140 349 1168 Domino
369 1145 421 1173 est,
437 1139 482 1174 qui
511 1139 626 1173 propriae
641 1138 781 1165 securitati
807 1145 860 1165 non
890 1138 1017 1166 consulit.

236 1187 320 1215 Jobus
335 1188 444 1222 quidem
459 1194 511 1213 non
529 1190 588 1213 erat
610 1185 714 1213 invisus
737 1185 861 1217 Domino,
876 1186 922 1213 sed
937 1192 1019 1220 expe-

236 1232 344 1260 rimenti
359 1239 452 1263 causa,
465 1231 492 1258 in
511 1239 541 1258 os
561 1230 672 1265 maligni
691 1230 790 1258 diaboli
818 1230 941 1257 incurrit.
962 1230 1017 1257 Ve-

236 1282 386 1305 rumtamen
414 1277 460 1311 qui
477 1276 591 1303 Domino
606 1277 711 1303 invisus
728 1282 780 1309 est,
796 1281 927 1311 perpetuo
942 1277 1019 1304 dese-

236 1323 307 1351 ritur
323 1322 350 1349 in
366 1321 453 1354 fovea.
471 1322 534 1357 quia
552 1322 722 1357 voluptarius
738 1327 781 1350 est
807 1327 835 1350 et
859 1323 962 1357 peccati
977 1322 1018 1351 sui

235 1376 371 1396 6011901118.

269 1412 447 1452 “'"Longea
460 1415 553 1442 vesani
584 1415 702 1442 hominis
729 1414 812 1442 corde
835 1419 877 1442 est
891 1414 968 1450 virga
984 1413 1018 1441 de

235 1459 327 1487 radice
346 1459 429 1488 Jessaa
446 1461 582 1494 Christus,
597 1461 646 1496 qui
661 1465 754 1495 pascet
781 1460 910 1496 populum
939 1467 1017 1487 suum

235 1513 332 1533 novum
345 1506 469 1534 Israelem
485 1507 512 1534 in
528 1507 636 1542 pascuis
650 1507 741 1545 ovium
755 1514 876 1534 suarum.

270 1552 293 1567 "
309 1552 386 1579 Sicut
402 1552 525 1580 diabolus
538 1552 729 1580 calumniatur.
747 1559 797 1580 nos
821 1552 892 1587 apud
909 1552 991 1579 Deum
1008 1573 1015 1585 ,

235 1594 333 1623 tollens
347 1602 363 1622 a
378 1595 456 1623 nobis
469 1597 585 1624 virtutes
600 1604 669 1632 quas
684 1597 740 1632 ipse
751 1604 804 1624 non
821 1597 933 1624 dederat
946 1606 954 1630 ;
981 1597 1017 1624 ita

234 1645 262 1668 et
281 1649 331 1669 nos
343 1641 541 1669 calumniantur
556 1642 631 1670 illum
645 1650 708 1670 cum
731 1643 850 1670 tollimus
868 1643 904 1670 ab
915 1651 949 1671 eo
963 1643 1016 1670 ini-

234 1687 352 1721 quitates
367 1695 434 1722 quas
447 1688 472 1715 ei
485 1695 540 1715 non
557 1688 691 1716 dedimus.
706 1689 739 1716 Et
757 1693 894 1724 quatenus
906 1689 1017 1724 quidem

239 1733 386 1768 accipimus
399 1734 433 1762 ab
445 1741 478 1762 eo
493 1734 650 1769 iniquitates
659 1754 666 1768 ,
685 1735 855 1770 tanquamab
870 1734 951 1769 inope
963 1735 1017 1761 vir-

236 1783 323 1806 tutum
339 1779 498 1814 accipimus.
514 1779 652 1813 Quatenus
680 1787 744 1808 vero
758 1781 872 1808 virtutes
895 1781 920 1807 ei
945 1780 1019 1808 cedi-

234 1832 307 1857 mus,
326 1830 419 1853 nostro
442 1833 504 1854 cum
521 1826 683 1854 detrimento
709 1831 837 1862 tanquam
855 1826 936 1854 diviti
966 1826 1015 1853 iniv

234 1871 337 1906 quitate
347 1872 479 1899 cedimus.
493 1871 532 1899 Ne
545 1871 626 1905 forte,
644 1873 740 1907 inquit,
762 1877 891 1907 tanquam
918 1872 1017 1907 exigua

234 1915 302 1942 dans
311 1915 436 1951 principi,
444 1916 515 1950 apud
527 1923 606 1951 quem
616 1916 798 1944 calumniatur
806 1917 882 1951 plura
895 1916 1015 1949 lucraris,

234 1961 344 1995 gravius
357 1962 454 1988 animae
466 1961 658 1988 detrimentum
673 1963 802 1996 patiatur.

269 2007 293 2022 "
307 2007 358 2040 Qui
370 2007 578 2042 sapientissimis
591 2007 638 2034 Dei
655 2007 746 2034 verbis
761 2009 887 2040 attendit,
905 2014 931 2035 et
958 2009 1017 2044 ejus

233 2052 361 2080 observat
372 2053 509 2085 inundata,
524 2053 570 2080 hic
581 2061 628 2080 cor
645 2054 801 2084 continuat.
823 2059 851 2081 et
864 2054 935 2082 bona
957 2062 1018 2082 esse

234 2099 382 2134 cognoscit.
398 2098 444 2126 ille
458 2099 533 2126 audit
548 2099 594 2126 Dei
607 2099 699 2129 verba,
719 2099 764 2133 qui
779 2107 840 2134 qua:
855 2102 1017 2128 mandantur

234 2144 268 2171 ab
287 2144 339 2171 illis
360 2144 529 2178 exsequitur.
550 2144 611 2171 Non
632 2144 701 2170 enim
721 2145 854 2172 auditores
872 2145 938 2180 legis
947 2147 1017 2181 justi

234 2191 304 2223 apud
321 2190 423 2222 Deum,
439 2191 483 2217 sed
510 2191 624 2224 [actores
649 2190 712 2225 legis
733 2191 954 2225 justi/imbuatur
978 2193 1011 2220 ⁸⁸.
1029 2191 1051 2218 b

234 2237 309 2270 Quod
323 2239 344 2264 si
359 2237 563 2265 conlirinaveris
579 2245 626 2264 cur
644 2243 718 2264 tuum
734 2239 767 2264 ad
783 2238 924 2265 sciendum
933 2247 1016 2274 atque

233 2289 262 2312 et
284 2284 434 2319 agendum;
464 2283 650 2311 manifestabit
678 2284 725 2311 tibi
754 2284 825 2311 Dens
841 2284 912 2311 viam
937 2292 1013 2312 suam

234 2338 293 2366 qua:
308 2331 374 2358 dicit
387 2339 394 2357 :
411 2329 467 2365 Ego
483 2338 541 2357 sum
553 2330 594 2357 via
606 2335 631 2357 et
646 2330 742 2357 veritas
753 2330 789 2358 ⁸⁵.

1029 1518 1052 1547 C

267 2418 291 2435 ⁸⁶
307 2417 358 2451 Qui
374 2417 470 2445 dilatat
492 2417 611 2452 puritate
627 2425 676 2445 cor
689 2424 779 2451 suum,
804 2419 850 2446 Dei
875 2419 1014 2447 doctrinas

235 2464 377 2498 intelliget,
391 2463 536 2498 practicas,
551 2464 682 2496 eruditas,
699 2465 876 2500 theologicas.
891 2465 1014 2500 Namque

233 2509 322 2536 omnis
340 2508 517 2536 Salomonicae
530 2510 671 2544 scriptura
687 2511 810 2544 materia,
826 2511 959 2538 trifariam
972 2511 1014 2538 di-

232 2555 347 2588 viditur,
360 2556 387 2582 in
407 2556 535 2590 ethicam,
552 2557 691 2592 physicam
705 2562 732 2584 et
747 2556 933 2591 theologicam.
947 2557 1013 2584 Per-

234 2601 396 2627 tiueutvero
404 2600 436 2627 ad
449 2601 566 2634 primam
582 2601 738 2633 Proverbia,
754 2603 786 2629 ad
800 2602 947 2629 secundam
963 2601 1014 2628 Ec-

233 2645 383 2677 clesiastes.
399 2645 431 2672 ad
448 2646 557 2673 tertiam
580 2646 720 2674 Canticum
741 2646 910 2674 canticorum
925 2654 933 2673 :
950 2653 1012 2681 qum

234 2690 373 2718 intellecta
388 2697 436 2726 per
452 2691 598 2725 puritatem
613 2691 688 2719 cordi
714 2691 914 2725 inscribuntur;
932 2696 960 2718 ut
972 2698 1011 2719 re-

1071 213 1216 260 ὑϐριστήςο
1233 223 1250 258 ἢ
1260 222 1297 254 ὡς
1310 221 1344 248 τὰ
1357 221 1410 247 ἴδια
1427 220 1558 254 συστῆσαι
1573 216 1744 252 βουλόμενος,
1761 213 1857 240 τὰτῶν

1070 271 1157 298 ἄλλων
1172 269 1277 304 ἀτίμως
1300 267 1440 295 ἐκϐάλλει·
1466 265 1495 292 ὃν
1510 264 1607 291 ἔκϐαλε
1631 264 1662 289 ὲκ
1684 262 1858 296 συστήματος

1071 314 1256 350 πνευματικοῦ
1269 321 1275 328 ·
1293 313 1341 340 καὶ
1348 313 1379 339 οὺ
1389 312 1468 347 μόνον
1480 310 1559 341 αὐτὸς
1573 308 1783 343 ὲκὸληθήσεται,
1791 306 1860 333 άλλά-

1071 363 1118 388 xui.
1128 360 1162 387 τὰ
1174 360 1287 386 συνόντα
1303 357 1387 393 αὐτῷ,
1399 357 1494 393 ἔριδες,
1506 353 1675 390 φιλονεικίαι,
1694 354 1794 388 μάχαι,
1813 351 1858 378 καὶ

1069 407 1120 434 ὅσα
1132 406 1225 441 λοιμὸν
1241 404 1376 431 ἀποτελεῖ.

1079 451 1082 455 ’
1110 454 1139 479 Ὃ
1150 451 1286 488 διατηρῶν
1306 450 1355 481 τὰς
1373 448 1461 484 ψυχὰς
1480 447 1557 482 ἡμῶν
1571 446 1683 481 Κύριος,
1705 441 1787 475 οὗτος
1813 442 1858 469 καὶ

1070 499 1120 534 τῆς
1136 496 1323 533 πνευματικῆς
1339 495 1412 530 ἡμᾶς
1425 494 1551 528 γνώσεως
1564 491 1710 526 ποιμαίνει,
1725 497 1861 523 συγκατα-

1072 545 1173 572 σαίνων
1195 544 1241 571 καὶ
1261 543 1362 576 λέγων·
1387 539 1458 575 Ἐγώ
1478 541 1536 574 ειμι
1554 540 1570 565 d
1587 537 1700 572 ποιμὴν
1712 538 1730 563 ὁ
1753 535 1856 567 καλὸς,

1071 592 1100 618 ὃν
1125 589 1253 625 ἀτιμάζει
1268 590 1282 615 ὁ
1298 587 1471 623 παράνομος·
1488 586 1513 612 εἰ
1533 585 1562 610 δὲ
1588 583 1714 618 βασιλεὺς
1730 581 1781 617 μὲν
1801 581 1856 607 ἔστι

1070 637 1123 664 τῶν
1137 634 1352 672 βασιλευομένων
1361 635 1376 660 6
1385 631 1511 668 Χριστὸς,
1525 630 1624 665 ποιμὴν
1637 629 1664 655 δὲ
1677 630 1691 656 6
1701 627 1856 663 προὸάτων,

1070 683 1146 709 ἔσται
1161 681 1226 708 ποτὲ
1245 680 1325 715 μόνος
1337 678 1463 714 βασιλεὺς
1478 677 1532 703 τῶν
1547 675 1699 712 προϐάτων,
1712 675 1755 705 εἰς
1768 673 1799 700 τὸ
1813 672 1859 707 βαρ

1072 727 1174 755 σιλικὸν
1192 726 1366 762 μεταὸάντων
1380 724 1497 759 ἀξίωμα.

1112 775 1140 801 '0
1169 773 1266 809 ἐχθρὸς
1284 772 1363 808 ἡμῶν
1393 770 1515 801 διάϐολος
1539 769 1576 800 ὡς
1593 767 1661 794 λέων
1683 766 1857 802 περιέρχεται

1071 820 1160 856 ζητῶν
1175 819 1236 846 τίνα
1250 818 1372 853 καταπίῃ
1385 825 1391 832 ·
1405 817 1496 843 ὅντινα
1512 814 1679 850 φοϐούμενος
1702 813 1717 839 6
1732 810 1858 846 ὀκνηρὸς,

1071 865 1139 901 πρὸς
1150 865 1198 901 τὴν
1207 864 1337 900 ἐργασίαν
1349 862 1403 889 τῶν
1419 861 1522 897 ἀρετῶν
1538 859 1695 887 ἀναδύεται·
1711 857 1778 884 εἰδὲ
1794 856 1858 883 λέων

1069 912 1098 937 ὲν
1114 912 1174 943 ταῖς
1184 910 1252 941 ὁδοῖς
1264 909 1314 944 τῆς
1327 907 1499 942 δικαιοσύνης
1512 907 1586 942 ζητεῖ
1593 904 1725 941 θηρεῦσαί
1742 912 1815 934 τινα,
1830 903 1857 934 ὃς

1069 959 1142 984 ἐστιν
1156 958 1169 984 6
1182 956 1304 988 διάϐολος
1314 964 1321 970 ·
1337 956 1365 981 ὲν
1381 955 1410 981 δὲ
1426 955 1487 985 ταῖς
1500 949 1638 984 πλατείαις
1648 953 1710 983 ταῖς
1728 950 1798 985 πρὸς
1812 948 1857 984 τὴν

1069 1003 1206 1031 ἀπώλειαν
1222 1001 1383 1038 φερούσαις,
1401 1000 1470 1036 μετὰ
1481 1000 1530 1035 τὴν
1547 999 1675 1033 φάλαγγα
1697 997 1754 1024 τῶν
1767 996 1858 1031 δαιμό-

1069 1058 1122 1076 νων
1141 1048 1235 1080 αὺτοῠ,
1249 1047 1330 1079 αὐτὸς
1343 1046 1451 1080 φονεύει
1471 1045 1533 1076 τοὺς
1544 1043 1618 1078 αὐτῷ
1632 1042 1825 1078 πειθομένους.

1105 1094 1206 1132 Βόθρος
1222 1093 1306 1129 βαθὺς
1320 1091 1463 1122 όδιάὸολὸς
1473 1092 1546 1117 ἐστιν
1555 1099 1561 1104 ·
1573 1090 1587 1116 6
1601 1089 1629 1116 δὲ
1645 1088 1774 1124 μισηθεὶς
1786 1086 1859 1122 παρὰ

1069 1139 1182 1174 Κυρίου,
1196 1139 1210 1164 6
1226 1138 1262 1174 μὴ
1289 1137 1377 1172 ἐαυτῷ
1394 1136 1536 1172 προσέχων
1555 1134 1700 1170 ἀσφαλῶς·
1724 1134 1740 1160 ὁ
1759 1133 1787 1159 δὲ
1802 1131 1856 1158 ’1ὼὸ

1068 1184 1099 1210 οὐ
1115 1183 1239 1219 μισηθεὶς
1252 1183 1305 1209 ὑπὸ
1321 1182 1434 1218 Κυρίου.
1452 1181 1519 1208 ἀλλὰ
1540 1180 1656 1216 δοκιμῆς
1677 1180 1760 1214 χάριν
1776 1179 1815 1209 είς
1829 1176 1858 1203 τὸ

1069 1228 1115 1255 τοῦ
1125 1227 1282 1264 παρανόμου
1295 1226 1482 1261 πέπτωκεμῦ)
1494 1225 1584 1260 στόμα·
1598 1225 1612 1251 ό
1626 1224 1654 1251 δὲ
1668 1223 1797 1259 μισηθεὶς,
1809 1221 1857 1247 ὑπὸ

1069 1275 1183 1311 Κυρίου,
1199 1276 1239 1306 εἰς
1253 1274 1329 1306 τέλος
1340 1271 1575 1307 καταλιμπάνεται
1596 1271 1625 1297 ὲν
1641 1269 1680 1305 τῷ
1702 1269 1803 1304 βόθρῳ,
1814 1277 1855 1302 φι-

1069 1323 1177 1359 λήδονος
1189 1321 1226 1348 ὢν
1239 1323 1267 1348 ὲν
1284 1320 1383 1355 γνώσει
1400 1319 1548 1355 ἁμαρτίας.

1103 1368 1219 1403 Μακρὰν
1245 1367 1299 1394 ἀπὸ
1323 1366 1374 1401 τῆς
1397 1365 1509 1401 καρδίας
1531 1363 1577 1391 τοῦ
1601 1363 1720 1399 ἄφρονός
1744 1362 1817 1388 ἔστιν
1839 1360 1853 1395 ἡ

1071 1414 1167 1450 ῥάεδος
1180 1415 1197 1449 ἡ
1209 1414 1241 1440 ὲκ
1253 1413 1302 1448 τῆς
1316 1411 1394 1448 ῥίζης
1410 1411 1508 1438 Ἰεσσαὶ
1519 1411 1534 1437 ό
1546 1409 1673 1446 Χριστὸς,
1690 1408 1720 1440 ὃς
1733 1407 1857 1442 ποιμανεῖ

1069 1459 1115 1486 τὸν
1126 1458 1190 1486 λαὸν
1204 1456 1286 1484 αὑτοῦ
1301 1457 1347 1483 τὸν
1362 1456 1421 1483 νέον
1440 1455 1548 1491 Ἰσραὴλ
1562 1455 1591 1481 ὲν
1607 1455 1639 1490 τῇ
1649 1455 1720 1489 νομῇ
1732 1453 1786 1479 τῶν
1795 1453 1854 1478 ἑαν-

1071 1505 1120 1532 τοῦ
1138 1503 1292 1540 προϐάτων.

1104 1551 1208 1585 Ὠσπερ
1223 1551 1237 1576 6
1249 1548 1371 1579 διάϐολος
1383 1546 1545 1582 συκοφαντεῖ
1558 1545 1630 1581 ἡμᾶς
1644 1544 1714 1580 πρὸς
1726 1543 1771 1570 τὸν
1781 1542 1854 1573 Θεὸν,

1067 1596 1212 1632 λαμϐάνων
1235 1595 1300 1631 παρ’
1319 1593 1396 1630 ήμῶν
1422 1592 1470 1624 τὰς
1493 1591 1603 1627 ἀρετὰς,
1623 1590 1655 1622 ἃς
1687 1590 1725 1625 μὴ
1745 1589 1855 1615 δέδωκεν

1068 1643 1146 1677 ἡμῖν,
1163 1640 1234 1667 οὕτω
1247 1640 1294 1667 καὶ
1312 1639 1394 1675 ἡμεῖς
1412 1637 1632 1672 συκοφαντοῦμεν
1649 1636 1731 1662 αὑτὸν
1754 1634 1854 1670 λαμὸἀ-

1068 1695 1159 1718 νοντες
1170 1687 1234 1722 παρ’
1243 1686 1325 1713 αὑτοῦ
1338 1685 1388 1717 τὰς
1401 1684 1500 1716 κακίας
1511 1684 1543 1715 ἃς
1557 1683 1593 1718 μὴ
1604 1681 1761 1716 δεδώκαμεν
1774 1678 1852 1713 αὐτῷ·

1068 1734 1115 1760 καὶ
1131 1732 1198 1758 καθὸ
1217 1732 1265 1767 μὲν
1281 1731 1454 1767 λαμὸάνομεν
1464 1729 1528 1765 παρ’
1540 1728 1621 1755 αὐτοῦ
1635 1728 1685 1760 τὰς
1700 1727 1808 1758 κακίας,
1820 1726 1854 1756 ὡς

1069 1778 1145 1814 παρὰ
1162 1777 1276 1812 πένητος
1293 1778 1321 1804 ἐν
1340 1777 1451 1813 ἀρεταῖς
1468 1774 1656 1810 λαμϐάνομεν·
1683 1773 1751 1800 καθὸ
1767 1772 1794 1798 δὲ
1809 1770 1853 1802 τὰς

1068 1824 1168 1860 ἀρετὰς
1180 1823 1259 1859 ἡμῶν
1271 1822 1396 1857 διδόαμεν
1411 1821 1485 1856 αὐτῷ
1502 1821 1544 1846 ἐπ’
1558 1818 1705 1846 ἐλαττώσει
1722 1818 1808 1854 ἡμῶν,
1819 1816 1854 1848 ὡς

1068 1870 1190 1904 πλουσίῳ
1210 1869 1238 1894 ὲν
1259 1867 1344 1902 κακίᾳ
1362 1866 1503 1902 διδόαμεν·
1525 1866 1628 1901 μήποτε
1645 1864 1684 1896 δὲ,
1703 1863 1795 1899 φησὶν,
1819 1862 1852 1893 ὡς

1068 1916 1145 1950 ὀλίγα
1159 1915 1246 1946 διδοὺς
1264 1913 1373 1950 ἄρχοντι
1384 1921 1391 1928 θ
1410 1912 1473 1947 παρ’
1487 1908 1509 1945 ᾧ
1535 1912 1698 1945 συκοφαντεῖ
1723 1910 1758 1937 τά
1775 1909 1852 1936 πλείω

1068 1961 1229 1997 κερδαίνων,
1247 1959 1327 1986 πλέον
1343 1958 1390 1984 καὶ
1407 1957 1555 1992 βλάπτεται
1571 1956 1621 1997 τὴν
1634 1955 1735 1991 ψυχήν,

1109 2007 1139 2034 Ὀ
1149 2008 1206 2038 τοῖς
1219 2005 1368 2039 πανσόφοις
1379 2004 1469 2038 λόγοις
1484 1996 1625 2037 προσέχων
1641 2000 1688 2027 τοῦ
1712 1999 1790 2031 Θεοῦ,
1810 1998 1851 2025 καὶ

1068 2052 1152 2080 ποιῶν
1168 2051 1203 2078 τὰ
1220 2050 1446 2086 προστασσόμενα
1457 2048 1503 2074 ὑπ’
1516 2047 1609 2079 αὐτοῦ,
1629 2044 1707 2079 οὗτος
1722 2046 1851 2079 ἐπέστησε

1067 2099 1115 2134 τὴν
1128 2098 1251 2134 καρδίαν,
1270 2097 1317 2124 καὶ
1331 2096 1400 2131 ἔγνω
1416 2096 1456 2122 ὅτι
1469 2095 1546 2121 καλοί
1563 2095 1648 2121 εἰσιν·
1666 2090 1746 2126 οὗτος
1764 2090 1849 2120 ἀκούει

1067 2145 1122 2171 τῶν
1134 2144 1181 2170 τοῦ
1197 2143 1264 2170 Θεοῦ
1282 2143 1378 2176 λόγων,
1392 2143 1406 2169 6
1420 2141 1504 2168 ποιῶν
1520 2141 1555 2167 τὰ
1572 2140 1797 2177 προστασσόμενα
1808 2137 1850 2164 ὑπ’

1065 2188 1163 2216 αὐτῶν·
1175 2189 1215 2215 Οὐ
1230 2188 1284 2222 γὰρ
1297 2188 1329 2214 at
1337 2186 1478 2221 ἀκροαταὶ
1491 2186 1542 2213 τοῦ
1550 2186 1642 2220 νόμον
1655 2186 1764 2212 δίκαιοι
1775 2182 1848 2218 παρὰ

1067 2234 1107 2267 τῷ
1122 2233 1192 2266 Θεῷ,
1206 2234 1273 2260 ἀλλ’
1287 2235 1314 2260 οι
1328 2233 1445 2267 ποιηταὶ
1465 2232 1518 2259 τοῦ
1530 2232 1623 2266 νόμου
1640 2231 1847 2265 δικαιωθήσον-

1066 2289 1123 2308 ται.
1144 2280 1204 2306 Ἐὰν
1217 2279 1245 2306 δὲ
1262 2279 1412 2314 ἐπιστήσῃς
1435 2279 1483 2314 σὴν
1497 2278 1611 2312 καρδίαν
1629 2276 1676 2304 τοῦ
1694 2276 1794 2311 γνῶναι
1805 2275 1847 2302 καὶ

1067 2325 1188 2359 ποιῆσαι,
1203 2324 1332 2359 γνωρίσει
1349 2332 1389 2349 σοι
1405 2323 1455 2358 τὴν
1474 2323 1532 2349 ὁδὸν
1547 2321 1628 2349 αὐτοῦ
1643 2322 1693 2358 τὴν
1706 2321 1829 2348 εἰποῦσαν
1839 2327 1845 2335 ”

1074 2369 1146 2405 Ἐνώ
1159 2370 1217 2404 εὶμι
1228 2369 1247 2402 ἡ
1265 2368 1335 2401 ὁδὸς
1346 2367 1395 2394 καὶ
1408 2367 1426 2400 ἡ
1436 2367 1571 2399 ἀλήθεια.

1105 2416 1134 2442 '0
1148 2415 1285 2447 πλατύνας
1298 2414 1342 2441 διὰ
1357 2414 1406 2449 τῆς
1420 2413 1605 2447 καθαρότητος
1621 2412 1670 2447 τὴν
1681 2411 1792 2447 καρδίαν
1801 2408 1832 2436 αὖ

1063 2462 1121 2494 τοῦ,
1140 2463 1231 2498 νοήσει
1244 2461 1307 2493 τοὺς
1323 2460 1369 2488 τοῦ
1389 2459 1456 2486 Θεοῦ
1478 2459 1582 2494 λόγους,
1601 2459 1664 2490 τούς
1687 2467 1716 2484 τε
1734 2464 1844 2492 πρακτι-

1064 2510 1139 2541 κοὺς,
1160 2509 1207 2535 καὶ
1223 2508 1286 2540 τοὺς
1310 2507 1492 2541 σοφιστικοὺς,
1514 2505 1561 2532 καὶ
1580 2505 1643 2537 τοὺς
1657 2503 1842 2538 θεολογικούς·

1066 2554 1142 2581 πᾶσα
1154 2553 1209 2589 γάρ
1225 2554 1242 2588 ἡ
1257 2552 1328 2579 κατὰ
1339 2552 1388 2586 τὴν
1401 2551 1512 2586 Γραφὴν
1523 2549 1707 2586 πραγματεία,
1726 2549 1846 2584 τέμνεται

1065 2599 1176 2635 τριχῶς,
1194 2600 1234 2630 εἰς
1253 2598 1351 2633 ἠθικὴν
1367 2598 1415 2624 καὶ
1429 2596 1545 2632 φυσικὴν
1559 2596 1606 2622 καὶ
1616 2595 1788 2631 θεολογικήν·
1803 2592 1845 2620 καὶ

1065 2645 1205 2673 ἀκολουθεῖ
1221 2647 1253 2680 τῇ
1269 2645 1317 2680 μὲν
1330 2643 1435 2680 πρώτῃ,
1456 2644 1483 2669 αἱ
1507 2643 1668 2678 Προοιμίαιι
1691 2644 1723 2678 τῇ
1746 2642 1773 2668 δὲ
1792 2640 1846 2667 δευ-

1063 2691 1139 2727 τέρᾳ,
1151 2691 1165 2717 ό
1182 2689 1405 2729 Ἐκκλησιαστής·
1415 2690 1448 2724 τῇ
1458 2688 1487 2715 δὲ
1498 2688 1588 2725 τρίτῃ,
1606 2688 1699 2723 ’ᾼσμα
1710 2686 1841 2722 ᾀσμάτων

269 2736 383 2772 ⁸⁸ιπ12.
420 2736 528 2765 "Joan.
566 2738 662 2772 Χ,1ι.
700 2737 818 2766 "v.15.
858 2738 978 2766 "v.14.
1012 2738 1023 2754 ⁵

1085 2738 1156 2767 ν.15.
1186 2737 1209 2754 ⁵³
1223 2737 1296 2765 ν.16.
1335 2737 1357 2752 ⁵⁸
1373 2743 1397 2764 v.
1412 2735 1454 2764 17.
1489 2735 1512 2751 ⁸⁸
1526 2734 1604 2762 Rom.
1615 2733 1698 2766 tt,l5.
1736 2732 1758 2748 ”
1771 2731 1844 2758 Joau.

235 2771 322 2801 xlv.6.
348 2771 371 2787 "
386 2779 409 2798 ν.
422 2772 466 2798 2υ.

272 2819 328 2854 (15)
345 2819 425 2853 Cod.,
443 2820 562 2847 πέπωκε.
