1919 3074
248 124 301 153 29.5

690 116 969 146 SUPPLEMENTUM
989 116 1035 143 AD
1051 113 1212 143 ORIGENIS
1228 112 1435 141 EXEGETICA.

1823 110 1874 138 22L

251 179 382 208 scandere
396 185 478 213 supra
492 176 623 207 litteram,
636 175 684 202 sed
701 175 842 202 mordicus
861 174 926 202 huic
949 174 1035 202 inhae-

1092 172 1183 207 (ωρεῖν
1200 170 1247 197 τοῦ
1267 169 1365 206 ῥητοῦ,
1384 169 1442 197 ἀλλ’
1454 169 1599 205 ἀπλήστως
1617 167 1691 205 ἔχειν
1703 166 1773 202 πρὸς
1798 168 1874 200 αὐτὰ,

252 234 324 258 rere.
340 225 414 252 lalsze
429 224 490 250 vitae
503 221 646 257 proprium
660 225 712 249 est.

286 271 310 288 ⁸⁵
330 270 358 297 Si
370 269 477 296 invidus
490 268 611 295 triticum
625 266 775 302 impietatis
783 266 918 299 comedat,
933 270 962 294 et
972 266 1036 294 vino

251 315 392 351 illegitimo
406 313 540 346 ebrietur,
557 320 610 340 non
619 317 728 348 oportet
738 320 798 340 cum
813 312 864 339 hoc
877 312 1034 344 convivari;

252 368 340 396 neque
361 360 433 388 enim
458 359 568 394 expedit
583 359 641 386 licri
666 359 777 394 impium
793 366 826 386 ac
841 364 1011 393 peccatorem
1027 365 1035 385 :

251 415 313 435 nam
340 406 496 441 huiusmodi
526 405 684 440 iniquitates
711 404 863 440 spiritalem
893 404 1035 432 scientiam

250 453 434 487 pcssumdant.

287 497 309 512 “
325 495 398 522 Nihil
416 495 491 522 dicas
515 493 645 529 prudens,
662 492 758 528 inquit,
776 492 802 519 id
828 496 872 520 est
898 499 979 526 grave
1003 499 1035 520 ac

252 543 411 579 mysticum;
435 550 493 570 non-
511 541 583 569 enim
606 545 632 568 te
651 543 757 575 omrtet
771 538 932 580 margaritas
945 537 1035 573 'proji-

252 597 314 617 cere
331 594 393 616 ante
406 595 512 625 porcos.

286 634 307 650 ⁸⁷
329 634 471 660 Terminos
493 637 611 660 aeternos
635 632 775 669 religionis
799 641 834 662 ne
864 634 1034 668 transferas;

251 685 339 712 neque
357 678 390 704 ad
413 678 551 712 regionem
571 677 688 706 accedas
711 686 807 706 eorum
823 679 869 714 qui
890 687 921 708 se
943 687 959 707 a
980 680 1036 708 Deo

251 724 439 758 sejllltxerunl,
461 729 488 751 et
515 724 714 759 possessionem
734 724 888 753 daemonum
904 725 1034 754 malitiam

251 769 380 801 retinent,
394 768 470 803 cujus
482 775 563 796 causa
581 770 685 797 ccelcsti
701 769 782 798 Patre
794 771 882 798 orbati
897 776 971 799 sunt.
985 772 1035 805 Qui

250 814 322 841 enim
339 821 385 841 eos
401 814 548 841 vindicavit
562 822 595 842 ex
610 815 729 843 tenebris
741 815 768 842 in
784 816 1034 851 splendidissimam

250 859 351 891 luccm,
369 858 446 886 fortis
461 863 514 887 est.

286 905 309 921 “
322 905 406 933 Filius
423 905 492 933 bene
506 910 626 933 moratus
641 905 712 934 labia
732 914 781 935 sua
797 907 824 934 in
842 908 975 943 sapientia
987 917 1035 937 ex-

231 984 233 987 .
250 951 374 984 ercebit;
390 951 566 986 vicissimque
582 952 717 988 sapientia
735 960 795 980 cum
818 961 851 981 eo
866 955 1037 990 colloquetur

249 1004 282 1024 ac
298 997 486 1031 permanebit:
504 1002 532 1024 at
544 1005 690 1032 perversos
704 999 776 1026 illam
794 1001 910 1028 amittet.

284 1043 307 1059 "
319 1033 348 1071 Si
364 1044 462 1071 timore
478 1044 582 1071 Domini
600 1045 719 1072 declinat
732 1046 830 1080 aliquis
845 1054 859 1073 a
876 1047 959 1079 malo,
976 1048 1036 1083 pul-

248 1089 313 1117 chre
327 1090 452 1117 hortatur
479 1094 508 1116 ut
522 1096 570 1124 per
584 1097 694 1118 omnem
714 1092 797 1119 vitam
813 1091 850 1119 ab
867 1094 941 1120 onmi
966 1095 1036 1123 malo

248 1134 424 1162 declinemus.

282 1180 306 1195 "
319 1180 447 1215 Quisquis
464 1180 567 1208 malitia
581 1185 625 1208 est
638 1181 741 1214 ebrius,
754 1186 782 1210 et
801 1189 835 1210 ex
849 1184 980 1219 sapientia
999 1185 1032 1212 ad

247 1227 384 1254 inscitiam
409 1227 488 1261 quasi
513 1228 636 1256 tnmchus
657 1229 788 1261 transilit,
817 1230 916 1258 divinas
942 1232 1036 1267 gratia:

246 1274 299 1301 erit
313 1273 406 1307 inops;
423 1281 511 1308 neque
531 1279 607 1302 veste
622 1276 736 1310 nuptiali
760 1277 888 1304 induetur
910 1278 1034 1313 quisquis

248 1318 276 1346 in
291 1318 457 1347 daemoniaca
482 1324 561 1347 nocte
577 1320 739 1355 dormitante,
755 1329 866 1350 carnem
889 1331 966 1350 suatn
988 1324 1036 1351 de-

247 1363 305 1391 triti
333 1364 421 1392 instar
444 1365 583 1400 panniculi
607 1366 777 1395 vulneratam
805 1372 939 1402 atterens,
969 1369 1033 1405 facit

246 1409 403 1436 incendium
419 1410 560 1444 gehennae.

282 1455 304 1470 ⁷¹
321 1455 367 1482 Ait
382 1455 474 1483 senior
485 1457 604 1490 quidam,
618 1457 735 1485 animam
746 1465 807 1486 esse
823 1464 938 1486 matrem
958 1467 1035 1487 men-

247 1501 300 1533 tis;
324 1501 421 1529 animaa
444 1503 576 1531 vocabulo
599 1505 730 1532 denotans
761 1505 913 1540 patheticas
936 1506 1033 1534 animae

245 1546 403 1582 qualitates,
428 1548 558 1583 impetum
576 1554 604 1577 et
617 1550 794 1585 cupiditatem
808 1559 816 1577 :
830 1551 934 1578 etenim
946 1552 1033 1579 virtu-

247 1597 304 1619 tum
320 1593 454 1621 exercitio
472 1595 499 1622 in
518 1595 606 1622 lucem
620 1600 739 1623 mentem
755 1596 848 1624 educit
867 1605 874 1623 :
899 1597 1032 1631 siquidem

246 1638 406 1667 fortitudine
425 1647 458 1667 ac
476 1642 651 1676 temperantia
676 1642 839 1677 sapientiam
856 1642 1033 1677 adipiscimur

246 1690 276 1711 et
301 1684 443 1712 scientiam
468 1685 528 1719 Dei,
557 1694 618 1721 qua
639 1693 703 1715 sunt
728 1687 845 1715 virtutes
869 1688 985 1723 impetus
1005 1693 1033 1715 et

245 1730 415 1765 cupiditatis.
442 1731 573 1760 Fortasse
598 1733 700 1768 aliquis
725 1734 798 1762 dicet
826 1739 943 1762 matrem
972 1741 1033 1762 esse

246 1776 451 1805 Testamentum
467 1783 544 1806 vetus
558 1780 630 1814 quod
649 1781 787 1808 contemni
800 1783 903 1818 nequit.

280 1823 303 1838 ⁷³
316 1821 447 1851 Homines
467 1824 518 1852 hoc
543 1823 604 1852 loco
622 1825 689 1853 dicit
715 1825 910 1861 magistrorum
930 1825 1031 1860 scripta

244 1868 394 1896 volumina.
414 1868 466 1902 Qui
493 1877 560 1898 vero
581 1872 689 1905 operati
710 1871 792 1899 simul
806 1875 871 1899 sunt
885 1876 912 1899 et
930 1871 1030 1900 docue-

244 1919 320 1947 runt,
341 1915 449 1949 iterque
461 1915 488 1942 in
505 1915 605 1943 ccelum
623 1916 755 1951 fecerunt,
771 1917 971 1945 ambulationes
984 1925 1032 1945 no-

243 1958 368 1986 minavit.
386 1959 462 1986 Multi
477 1960 550 1987 enim
566 1961 693 1988 doctores
701 1968 874 1996 nequaquam
886 1962 919 1989 ad
931 1963 1030 1990 caelum

244 2002 297 2029 iter
313 2003 448 2037 fecerunt,
464 2005 527 2039 quia
545 2005 620 2032 dicta
638 2006 751 2040 propria
768 2014 823 2034 non
839 2007 1029 2035 observarunt.

243 2048 311 2076 Nam
327 2050 373 2083 qui
390 2050 504 2078 disserit
523 2050 550 2077 in
568 2051 800 2079 ambulationibus
812 2053 876 2085 (hoc
899 2057 942 2081 est
957 2054 1030 2081 enim

244 2093 335 2121 facere
355 2100 382 2122 et
410 2095 529 2130 docere).
546 2095 625 2130 digne
641 2097 764 2125 ambulat
781 2098 925 2127 vocatione
946 2107 999 2134 qua
1015 2107 1030 2127 ο

244 2138 300 2166 Deo
316 2144 429 2167 vocatus
446 2140 509 2168 l'uit.

278 2181 379 2210 Mentis
393 2189 535 2217 peccatum
554 2185 643 2214 simile
657 2186 767 2220 phiala,
781 2195 871 2223 opera
887 2195 1028 2224 peccatum
1046 2201 1067 2230 ο

242 2227 350 2262 poculo.
369 2229 489 2264 Ὕστερον
503 2239 566 2259 vero
578 2233 699 2268 estquod
714 2242 729 2261 a
744 2235 839 2269 coquis
853 2236 963 2272 τριΰεύς
983 2244 1029 2272 ap-

243 2273 370 2306 pellatur.
383 2274 466 2302 Multa
480 2277 560 2314 enim_
569 2274 658 2312 pulsat
668 2279 769 2316 ὕπερον
783 2280 1030 2318 [pistillus],nequc

243 2323 332 2346 tamen
348 2321 436 2355 aperit
452 2321 540 2350 locum
555 2331 635 2359 quem
649 2325 749 2360 pulsat.
763 2326 798 2354 At
812 2334 876 2355 vero
888 2328 1029 2363 discipulis

242 2363 332 2392 aiebat
350 2365 481 2394 Servator
498 2376 505 2395 :
523 2367 644 2404 Pulsale,
661 2376 686 2398 et
707 2372 842 2406 aperietur
854 2374 925 2401 vobis
937 2374 972 2401 ".

276 2452 300 2468 "
313 2452 388 2482 Mens
405 2462 466 2490 quae
483 2456 600 2484 alienum
628 2460 771 2488 consilium
787 2466 835 2489 aut
850 2462 1022 2498 disciplinam

240 2497 370 2532 suscipit,
391 2499 475 2528 malas
504 2502 686 2537 cogitationes
712 2505 825 2534 fovebit.
850 2506 902 2541 Qui
921 2497 1026 2536 fantem

240 2549 350 2571 cautum
364 2553 393 2572 se
409 2552 496 2582 geret,
512 2547 537 2576 is
554 2549 615 2576 vitm
631 2558 743 2586 compos
757 2552 813 2581 lict.

275 2590 299 2606 "
313 2590 382 2619 Mala
410 2600 453 2621 res
464 2595 589 2623 socordia
608 2597 742 2625 indolcns.
758 2597 827 2626 Nam
843 2604 937 2633 postea
951 2600 1025 2628 dices

239 2636 436 2664 conscientiam
454 2643 526 2666 tuam
541 2640 663 2675 pulsans,
681 2642 739 2670 Non
759 2643 891 2677 laboravi,
917 2651 970 2672 non
984 2645 1025 2672 fni

240 2681 376 2711 sollicitus
387 2684 498 2719 premis
514 2686 695 2722 adipiscendi,
712 2692 740 2716 et
756 2689 893 2718 cruciatus
908 2690 1023 2718 vitandi.

277 2775 300 2791 υ
315 2783 341 2802 ν,
356 2777 383 2804 ϐ.
399 2778 422 2794 Id
436 2787 460 2807 τ’
473 2779 499 2808 9.

241 2807 265 2824 "
280 2817 305 2837 ν.
321 2811 367 2839 5.3.

1085 216 1159 252 ζωῆς
1171 216 1229 242 ἐστι
1240 215 1364 250 ψευδοῦς.

1118 263 1150 290 Ei
1167 263 1181 290 ό
1196 262 1330 299 βάσκανος
1343 263 1405 289 σῖτα
1419 260 1546 292 ἀσεῦείας
1562 260 1657 291 ἐσθίει,
1674 257 1723 286 καὶ
1739 257 1807 293 οϊνῳ
1827 266 1876 285 πα-

1086 310 1198 346 ρανόμῳ
1211 308 1388 345 μεθύσκεται,
1404 308 1435 335 οὐ
1448 307 1488 334 δεῖ
1501 307 1529 334 δὲ
1548 307 1715 334 συνδειπνεῖν
1723 305 1828 340 τούτῳ·
1845 306 1873 332 οὐ

1085 355 1139 391 χρὴ
1155 356 1210 392 ἀρα
1227 353 1298 382 εἶναι
1318 354 1404 389 ἀσεϐῆ
1420 353 1468 380 καὶ
1487 352 1644 388 παράνομον
1655 361 1662 368 ·
1683 349 1769 379 αὗται
1781 350 1836 386 γὰρ
1849 351 1874 377 αἱ

1085 403 1180 430 κακίαι
1192 403 1367 439 λυμαίνονται
1382 402 1482 436 γνῶσιν
1495 401 1694 436 πνευματικήν.

1118 489 1209 525 Μηδὲν
1216 489 1278 524 λέγε
1288 489 1408 521 συνετὸν,
1418 489 1494 524 φησὶ,
1506 488 1630 515 τουτέστι
1642 487 1710 523 βαθὺ
1719 488 1768 514 καὶ
1783 496 1873 523 μυστι-

1085 535 1143 563 κόν·
1155 536 1184 563 οὐ
1197 536 1239 562 δεῖ
1245 535 1299 571 γάρ
1315 544 1345 562 σε
1360 535 1450 571 βαλεῖν
1458 535 1521 567 τοὺς
1534 534 1706 571 μαργαρίτας
1720 534 1873 570 ἔμπροσθεν

1085 581 1139 608 τῶν
1150 581 1260 618 χοίρων.

1123 627 1202 662 Ὀρια
1218 626 1315 654 αίὼνια
1335 626 1490 658 θεοσεϐείας
1510 626 1548 662 μὴ
1566 626 1695 663 μέταιρε’
1713 628 1755 658 είς
1774 626 1804 653 δέ
1824 627 1872 662 γῆν

1085 672 1139 700 τῶν
1153 672 1397 709 ἀπορφανισάντων
1416 672 1528 703 ἑαυτοὺς
1544 671 1597 698 ἀπὸ
1614 672 1661 698 τοῦ
1676 671 1745 698 Θεοῦ
1757 692 1765 704 ,
1783 672 1871 707 κτῆμα

1085 719 1113 746 δέ
1128 719 1261 754 δαιμόνων
1272 719 1321 754 τὴν
1339 719 1438 746 κακίαν
1459 719 1579 754 ἐχοντας,
1597 718 1634 754 μὴ
1647 718 1785 754 εἰσέλθῃς,
1800 719 1832 746 δι’
1843 720 1871 754 ἠν

1086 767 1270 803 ἐστερήθησαν
1285 766 1331 794 τοῦ
1349 765 1509 802 ἐπουρανίου
1523 765 1630 800 Πατρός
1641 774 1647 780 ·
1661 767 1675 792 ὁ
1690 766 1746 801 γὰρ
1762 765 1871 802 λυτρού-

1088 822 1167 849 μενος
1178 813 1276 845 αὑτοὺς
1285 813 1386 848 Κύριος
1402 813 1434 839 ἐκ
1443 811 1489 838 τοῦ
1506 811 1705 848 ὑπερλάμπρου
1719 812 1811 846 φωτὸς
1824 813 1872 839 ἀπὸ

1051 854 1072 881 Β
1086 859 1208 891 σκότους,
1223 858 1333 895 ἰσχυρός
1350 859 1434 886 ἐστιν.

1121 904 1185 936 Υἱὸς
1199 904 1278 940 ὀρθὸς
1292 904 1457 939 ἐνδιατρίψει
1467 903 1502 931 τὰ
1517 905 1595 940 χείλη
1614 902 1696 931 αὑτοῦ
1720 903 1816 938 σοφία,
1829 903 1872 929 καὶ

1085 951 1102 986 ἡ
1120 950 1200 985 σοφία
1216 950 1284 986 πρὸς
1300 950 1381 977 αὑτὸν
1398 950 1557 986 συλλαλήσει
1579 949 1627 977 καὶ
1649 944 1796 985 διαμενεῖ·
1814 949 1828 975 ὁ
1846 948 1871 975 δὲ

1084 996 1213 1032 πρεὸλὸς
1228 997 1382 1023 ἐκπεσεῖται
1395 997 1442 1023 ἀπ’
1453 997 1548 1032 αὐτῆς.

1120 1044 1151 1070 Εί
1165 1043 1204 1078 τῷ
1216 1043 1291 1078 φόῦῳ
1303 1043 1406 1078 Κυρίου
1421 1043 1540 1070 ἐκκλίνει
1552 1051 1593 1075 τις
1608 1043 1662 1070 ἀπὸ
1674 1041 1774 1074 κακοῦ,
1789 1041 1872 1072 καλῶς

1085 1090 1214 1124 παραινεῖ
1229 1088 1272 1116 διὰ
1295 1088 1385 1124 πάσης
1407 1088 1459 1123 τῆς
1479 1089 1552 1124 ζωῆς
1575 1088 1711 1116 ἐκκλίνειν
1732 1088 1808 1123 ἡμᾶς
1823 1086 1871 1114 ἀπὸ

1084 1134 1186 1165 παντὸς
1202 1133 1298 1161 κακοῦ.

1118 1179 1177 1210 Πᾶς
1200 1179 1214 1205 ό
1238 1179 1267 1205 ἐν
1284 1178 1368 1213 κακίᾳ
1392 1178 1518 1213 μέθυσος,
1540 1179 1588 1206 καὶ
1608 1180 1623 1206 ὁ
1642 1180 1675 1205 ἐκ
1692 1179 1790 1214 σοφίας
1808 1179 1870 1215 πρὸς

1083 1225 1220 1259 ἀγνωσίαν
1228 1225 1449 1261 καταπορνεύων,
1461 1225 1612 1260 πτωχεύσει
1625 1225 1657 1252 ὲκ
1665 1225 1741 1257 θείας
1752 1225 1868 1262 χάριτος·

1083 1271 1130 1297 καὶ
1141 1271 1190 1297 οὐκ
1202 1270 1340 1297 ἐνδύσεται
1349 1271 1450 1307 ἔνδυμα
1462 1271 1509 1298 τοῦ
1523 1272 1611 1306 γάμου
1626 1272 1680 1303 πᾶς
1693 1272 1707 1298 ὁ
1729 1272 1759 1298 ἐν
1769 1274 1801 1307 τῇ
1816 1272 1869 1298 δαι-

1085 1317 1207 1352 μονιώδει
1225 1317 1303 1344 νυκτὶ
1316 1317 1450 1353 ὑπνώδης,
1465 1317 1533 1345 ἀλλά
1546 1317 1594 1353 τὴν
1606 1317 1644 1349 ὡς
1658 1318 1743 1353 ῥάκος
1760 1327 1870 1354 τετραυ-

1083 1364 1255 1399 ματισμένην
1268 1364 1358 1400 σάρκα
1371 1364 1513 1391 διαθλίϐων
1524 1364 1637 1400 γεέννης
1651 1365 1748 1400 φλόγα.

1120 1454 1192 1489 Ἔφη
1208 1462 1249 1486 τις
1268 1454 1323 1480 τῶν
1341 1454 1485 1489 γερόντων,
1502 1453 1550 1489 τὴν
1568 1453 1657 1489 ψυχὴν
1679 1451 1751 1481 εἶναι
1768 1454 1868 1490 μητέρα

1083 1500 1129 1527 τοῦ
1139 1500 1196 1533 νοῦ,
1207 1500 1295 1536 ψυχὴν
1307 1500 1393 1534 λέγων
1404 1500 1435 1527 τὸ
1450 1499 1599 1535 παθητικὸν
1611 1500 1660 1535 τῆς
1672 1500 1773 1537 ψυχῆς,
1790 1500 1868 1535 θυμόν

1082 1555 1112 1573 τε
1123 1546 1171 1574 καὶ
1183 1545 1339 1581 ἐπιθυμίαν·
1351 1546 1395 1572 διὰ
1410 1545 1464 1582 γὰρ
1475 1545 1530 1572 τῶν
1543 1546 1703 1581 πρακτικῶν
1715 1547 1821 1582 ἀρετῶν
1832 1548 1866 1579 εἰς

1081 1593 1139 1627 φῶς
1154 1592 1269 1628 προάγει
1281 1592 1326 1618 τὸν
1339 1591 1412 1619 νοῦν·
1426 1592 1470 1619 διὰ
1484 1591 1539 1627 γὰρ
1559 1592 1684 1628 ἀνδρείας
1702 1594 1752 1620 καὶ
1768 1601 1867 1629 σωφρο-

1082 1638 1165 1674 σύνης
1181 1637 1309 1675 κτώμεθα
1321 1638 1415 1673 σοφίαν
1433 1639 1479 1665 καὶ
1494 1637 1595 1672 γνῶσιν
1607 1638 1686 1671 Θεοῦ,
1707 1639 1791 1675 αἴπερ
1803 1639 1865 1665 εἰσὶν

1081 1684 1176 1720 ἀρεταὶ
1192 1684 1277 1720 θυμοῦ
1294 1684 1341 1711 καὶ
1349 1684 1505 1720 ἐπιθυμίας·
1520 1685 1595 1719 λέγει
1607 1685 1628 1711 δ’
1639 1685 1672 1712 ἂν
1686 1685 1753 1717 ἴσως
1766 1686 1866 1722 μητέρα

1081 1731 1127 1758 καὶ
1138 1732 1187 1767 τὴν
1202 1731 1319 1759 παλαιὰν
1334 1731 1472 1768 Διαθήκην
1486 1733 1517 1759 οὐ
1531 1732 1747 1768 καταφρόνητον.

1123 1821 1293 1858 ’Δνθρώπους
1304 1822 1430 1856 ἐνταῦθα,
1438 1823 1493 1850 τῶν
1504 1823 1671 1854 διδασκάλων
1683 1824 1735 1857 τὰς
1751 1833 1864 1861 συγγρα-

1081 1869 1134 1904 φάς
1150 1877 1232 1904 φησι⁶
1253 1869 1317 1901 τοὺς
1335 1869 1364 1896 δέ
1381 1871 1547 1906 ποιήσαντας
1564 1872 1612 1898 καὶ
1634 1871 1804 1905 διδάξαντας,
1823 1872 1864 1899 καὶ

1079 1915 1130 1950 τὴν
1154 1915 1267 1950 πορείαν
1292 1915 1360 1951 πρὸς
1378 1915 1508 1952 οὐρανοὺς
1524 1918 1737 1953 ποιησαμένους,
1752 1918 1863 1954 περιπά-

1081 1969 1142 1993 τους
1153 1961 1288 1996 ὠνόμασε·
1302 1961 1394 1988 πολλοὶ
1409 1962 1464 1998 γὰρ
1478 1963 1641 1997 διδάξαντες,
1655 1963 1686 1990 οὺ
1701 1965 1772 2000 πρὸς
1787 1965 1862 2001 οὐρα-

1080 2005 1125 2032 νὸν
1139 2006 1187 2042 τὴν
1201 2007 1312 2042 πορείαν
1329 2007 1501 2044 ἐποιήσαντο,
1518 2010 1560 2036 ὅτι
1572 2010 1621 2036 οὐκ
1633 2009 1780 2045 ἐφύλαξαν·
1793 2011 1862 2047 ὁγὰρ

1080 2053 1182 2087 ὁμιλῶν
1196 2054 1224 2079 ἐν
1240 2053 1412 2088 περιπάτοις,
1424 2055 1546 2082 τουτέστι
1566 2057 1653 2083 ποιεῖν
1671 2065 1701 2084 τε
1727 2059 1774 2085 καὶ
1794 2058 1861 2085 διδά-

1081 2105 1165 2130 σκειν,
1182 2098 1265 2131 ἀξίως
1279 2101 1426 2134 περιπατεῖ
1436 2100 1488 2136 τῆς
1501 2101 1624 2137 κλήσεως
1638 2099 1672 2139 ἧς
1685 2104 1787 2140 ἐκλήθη
1815 2103 1862 2131 ὑπὸ

1080 2143 1127 2170 τοῦ
1140 2143 1219 2170 Θεοῦ.

1122 2188 1155 2215 Ἦ
1170 2189 1219 2223 μὲν
1235 2189 1306 2216 κατά
1316 2190 1435 2217 διάνοιαν
1452 2192 1575 2228 ἁμαρτία
1591 2192 1662 2221 ἔοικε
1689 2195 1788 2231 φιάλῃ·
1807 2196 1822 2231 ή
1836 2195 1861 2221 δὲ

1081 2235 1140 2261 κατ’
1153 2234 1302 2270 ἐνέργειαν,
1325 2237 1447 2273 πσεηρίῳ
1459 2246 1465 2253 ·
1482 2237 1583 2275 ὕπερον
1600 2239 1629 2266 δέ
1647 2241 1705 2267 ἐστι
1716 2261 1724 2274 ,
1744 2242 1773 2268 τὸ
1793 2242 1862 2277 παρὰ

1080 2281 1136 2311 τοϊς
1150 2280 1291 2316 μαγείροις
1301 2281 1446 2317 λεγόμενον
1460 2283 1570 2318 τριὸεύς
1579 2293 1586 2299 ·
1606 2285 1690 2313 πολλά
1701 2286 1757 2322 γὰρ
1775 2286 1861 2322 κρούει

1078 2325 1158 2352 τοῦτο
1170 2326 1199 2352 τὸ
1213 2325 1323 2362 ὕπερον,
1339 2329 1386 2354 καὶ
1396 2329 1445 2355 οὐκ
1456 2329 1560 2363 ἀνοίγει
1572 2330 1618 2357 τὸν
1625 2331 1708 2359 τόπον
1721 2332 1751 2359 ὃν
1764 2331 1859 2367 κρούει·

1077 2371 1133 2402 τοῖς
1146 2370 1174 2397 δὲ
1185 2371 1318 2407 μαθηταῖς
1333 2373 1347 2398 ὁ
1359 2373 1460 2409 Κύριός
1473 2383 1537 2409 φησι
1547 2383 1554 2390 ’
1572 2376 1708 2409 Κρούετε,
1721 2376 1769 2403 καί
1786 2377 1858 2404 ἀνοι-

1079 2415 1203 2450 γήσεται
1219 2417 1299 2452 ὑμῖν.

1115 2463 1187 2495 Νοῦς
1199 2463 1344 2499 δεξάμενος
1357 2464 1495 2501 ἀλλότριον
1505 2466 1595 2502 νόημα
1606 2466 1622 2502 ἦ
1638 2467 1766 2503 μάθησιν,
1789 2467 1860 2503 μελε-

1078 2509 1155 2544 τήσει
1168 2509 1313 2545 λογισμοὺς
1328 2509 1438 2541 κακούς·
1451 2511 1464 2536 ὁ
1476 2510 1504 2537 δέ
1517 2511 1637 2547 τηρήσας
1651 2512 1758 2544 ἑαυτὸν,
1772 2511 1859 2547 κληρο-

1079 2556 1191 2590 νομήσει
1203 2556 1286 2591 ζωήν.

1115 2601 1227 2636 Δεινὸνή
1240 2601 1399 2636 ἀναλγησίαο
1407 2599 1466 2629 εἶτα
1477 2603 1548 2638 ἐρεῖς
1561 2604 1729 2639 τυπτόμενος
1740 2605 1788 2641 τὴν
1800 2612 1858 2631 συν-

1059 2644 1198 2687 .είδησιν,
1226 2645 1276 2672 οὐκ
1300 2647 1417 2674 ἐπόνεσα
1443 2647 1583 2683 φροντίσαι
1608 2648 1661 2675 τῶν
1701 2650 1750 2685 μὲν
1775 2649 1857 2685 γερῶν

1078 2692 1179 2726 τυχεῖν,
1203 2691 1334 2727 ρυσθῆναι
1349 2693 1378 2719 δὲ
1394 2692 1449 2719 τῶν
1472 2693 1596 2729 βασάνων
1607 2703 1614 2710 ο
1640 2695 1784 2728 ἐνέπαιξάν
1801 2703 1855 2731 μοι,

534 2780 559 2802 η⁶⁷
572 2781 652 2809 v.10.
691 2781 714 2798 “
726 2781 809 2810 v.16.
848 2782 871 2799 ⁸⁸
888 2790 911 2810 v.
931 2783 972 2813 ΓΙ.
1010 2784 1033 2801 ⁷⁵

1092 2784 1132 2812 il.
1170 2785 1191 2801 ⁷¹
1204 2792 1229 2812 ν.
1244 2785 1290 2814 ει.
1329 2785 1352 2802 ⁷¹
1366 2786 1445 2815 v.5l.
1477 2787 1501 2802 "
1514 2787 1610 2815 Matth.
1624 2796 1672 2822 vn,
1685 2788 1712 2816 7.
1742 2788 1764 2805 "
1780 2795 1802 2815 ν.
1814 2786 1853 2815 δι.
