1919 3074
62 137 104 166 ἥδ

649 130 831 161 EXPOSITIO
850 129 883 158 IN
902 127 1108 157 PROVERBiA.

1635 122 1689 149 126

65 197 171 225 τουτέστι
185 197 416 233 προσωνείδισάν
432 205 476 233 μοι
485 204 493 212 ”
511 194 566 231 ἐγὼ
580 194 608 222 δὲ
620 193 705 221 θέλων
719 193 770 220 οὐκ
782 191 856 228 ᾔδειν
870 204 877 223 λ

930 189 1054 217 luserunt
1074 186 1151 220 mihi,
1174 185 1201 214 id
1227 189 1271 214 est
1295 183 1361 212 mihi
1380 181 1524 212 conviciati
1544 185 1618 210 sunt.
1634 180 1691 214 Ego

69 244 123 272 κύει
135 243 234 280 δρθρος
248 243 358 280 ψυχῆς,
372 243 421 271 καὶ
431 242 577 278 ἐπίγνωσις
587 240 732 276 ἁμαρτίας.

907 241 972 262 vero
984 237 1079 268 sponte
1094 231 1197 260 nescivi
1213 230 1387 267 quandonam
1404 228 1554 257 diluculum
1580 227 1691 259 animai,

908 286 937 307 et
953 279 1055 314 peccati
1070 277 1199 313 cognitio.

789 325 867 354 CAP.
887 324 983 352 XXIV.

108 380 138 408 ’0
148 378 220 411 οἶκος
233 380 290 406 τῶν
304 379 412 415 ἀρετῶν
427 377 496 414 μετὰ
505 376 580 407 θείας
597 374 692 410 σοφίας
707 373 856 408 οἰκοδομεῖ-

67 434 122 457 ται,
140 425 188 452 καὶ
212 424 283 463 μετὲι
307 423 441 455 συνέσεως
463 422 546 457 φόϐου
569 420 637 448 Θεοῦ
664 419 712 445 καὶ
730 417 858 452 γνώσεως

67 471 240 507 ἀνορθοῦται.

103 518 132 544 '0
161 517 228 552 περὶ
251 516 301 552 τὴν
320 515 421 546 πίστιν,
437 514 453 550 ἦ
466 523 526 541 τινα
537 513 591 539 τῶν
605 511 709 548 ἀρετῶν
722 507 857 542 ναυαγῶν,

64 561 258 597 ἀκυϐέρνητος
272 560 341 596 πρὸς
360 560 476 595 πόλεμον
494 558 549 585 τῶν
569 555 764 591 ἀντικειμένων
779 553 859 580 δυνά-

66 620 155 647 μεων,
180 609 214 643 τῇ
241 616 272 634 τε
298 606 421 641 θεολογίᾳ
437 605 483 631 καὶ
500 605 561 635 ταῖς
575 603 699 639 ἀρεταῑς·
718 601 732 627 6
745 599 773 626 δὲ
792 597 860 634 μετὰ

63 645 266 692 κυϐερνήσεως
280 651 418 688 πολεμῶν,
435 651 524 677 ἔοικεν
541 649 589 675 ἐπὶ
608 647 660 682 γῆς
684 645 746 673 νοῦν
766 645 838 680 ἔχειν
851 652 858 659 ·

63 689 238 738 προήγείται
249 698 278 726 δὲ
291 698 340 733 τῆς
354 697 401 724 τοῦ
413 695 480 723 Θεοῦ
493 693 630 730 βοηθείας,
643 690 741 727 καρδία
753 689 862 725 βουλευο

62 733 184 782 «aI-1;
202 745 293 771 πάντα
306 743 374 779 μετὰ
391 741 487 777 βουλῆς
499 738 629 766 ποιοῦσα·
646 735 757 763 δυνατδν
769 734 798 761 δὲ
813 733 861 760 και

63 793 115 820 ἐπὶ
123 776 221 827 πάσης
237 776 336 825 ἀρετὴς
350 787 381 814 τὸ
392 776 461 813 αὐτὸ
474 784 553 811 τοῦτο
568 783 664 810 είπεῖψ
678 780 736 807 ἔστι
749 778 804 814 γὰρ
815 776 862 804 καὶ

355 809 573 866 lilybeia
594 828 659 863 περὶ
677 809 804 861 ἀγάπῆνπ.
818 823 864 850 καί¹
879 809 900 836 Β

67 870 273 920 φιλαργυρίαν,
287 881 334 907 καὶ
345 879 410 914 περὶ
421 879 535 904 ἕκαστον
552 876 580 902 δὲ
597 874 686 909 δόγμα
699 871 799 907 ὁμοίως
814 870 864 905 τῆς

68 917 228 963 emacitas-i1;
235 927 282 954 καὶ
290 924 468 958 ἀποπολικῆς
480 920 641 956 Ἐκκλησίας
653 917 794 954 συμϐαίνει
802 924 866 943 ναυ-

71 977 172 1010 άγιον·
197 975 223 1000 εί
242 973 272 1000 δὲ
297 971 365 1008 μετὰ
387 968 577 1004 κυϐερνήσεως
598 966 726 1000 πολεμεῖν
749 964 789 990 δεῖ
809 963 866 994 τοῖς

72 1008 291 1055 ἀντικειμένοις,
311 1015 449 1052 ναυμαχίᾳ
471 1012 661 1049 παραπλήσιος
676 1011 742 1046 ἡμῖν
765 1009 838 1036 ἐστιν
853 1008 867 1034 6

75 1067 134 1103 βίος
147 1066 195 1093 ἐπὶ
208 1065 260 1100 τῆς
273 1063 333 1099 γῆς·
346 1063 392 1089 ἐὰν
401 1061 456 1097 γὰρ
470 1059 592 1094 θέλωμεν
603 1058 693 1093 ἡμεῖς,
708 1055 868 1090 ποντίζομεν

76 1098 181 1143 αὐτοὺς
196 1111 228 1137 ὲν
238 1098 380 1145 προσευχῇ
395 1105 518 1142 καρδίας,
541 1103 588 1131 καὶ
606 1100 712 1136 διανοίᾳ
722 1100 790 1135 πρὸς
801 1098 868 1125 Θεὸν

78 1144 277 1194 τετραμμένῃλ
295 1154 342 1181 ἐὰν
353 1153 382 1180 δὲ
397 1152 434 1188 μὴ
451 1151 582 1185 θέλωμεν,
604 1146 801 1181 ποπιζόμεθαδ
821 1144 869 1171 ἐὰν

80 1205 109 1232 ὣ
192 1191 395 1235 γπολεμούμεθα
413 1197 459 1224 ὑπ’
476 1195 599 1226 ἐκείνων,
622 1194 648 1220 εί
668 1192 716 1219 καὶ
727 1191 810 1222 πολὺς
823 1191 870 1218 καὶ

84 1246 198 1282 σφοδρὸς
209 1245 225 1271 6
240 1244 357 1278 πόλεμος
368 1240 474 1273 αὐτῶν,
490 1239 568 1266 οὐθέν
582 1239 648 1264 ἐστι·
667 1235 778 1272 νηστείᾳ
792 1235 871 1271 μόνον

84 1293 131 1320 καὶ
137 1290 289 1327 ἐγκρατείᾳ
297 1287 509 1324 περιφράξωμεν
517 1285 640 1316 ἑαυτοὺς,
649 1284 696 1310 καὶ
706 1283 743 1315 ὼς
751 1282 871 1317 ἀράχνην

86 1339 183 1369 αὐτούς
195 1345 227 1363 τε
239 1337 287 1363 καὶ
300 1334 335 1362 τὰ
341 1335 412 1361 ὅπλα
425 1332 514 1360 αὐτῶν
531 1330 709 1366 συγκάψομεψ
726 1329 773 1356 ὲὰν
784 1328 812 1355 δὲ
822 1336 872 1354 κα-

88 1384 120 1411 τὰ
133 1384 184 1419 τὴν
195 1382 245 1409 τοῦ
260 1381 363 1418 Κυρίου
383 1379 491 1414 φωνὴν,
509 1379 576 1405 ὅπου
592 1377 646 1403 είσὶ
658 1375 705 1402 δύο
720 1375 737 1410 ἢ
751 1375 839 1410 τρεῖς,
855 1373 872 1408 ἠ

90 1429 195 1466 καρδία,
213 1429 228 1456 ό
246 1427 319 1460 νοῦς,
333 1426 408 1461 καὶὴ
428 1424 511 1460 ψυχὴ,
525 1423 735 1458 συμφωνήσουσι
750 1420 778 1446 δὲ
790 1421 819 1447 ὲν
832 1420 874 1446 ὲν-

90 1476 176 1508 τολαῖς
185 1475 270 1502 αὐτοῦ
289 1472 472 1510 περιέχεσθαι,
484 1473 498 1498 6
510 1470 612 1506 Κύριος
628 1468 686 1505 μεθ’
696 1467 785 1503 ἡμῶν.

122 1567 216 1594 Πάντα
233 1563 288 1599 γὰρ
300 1564 351 1590 ὅσα
366 1561 478 1598 πράττει
497 1561 511 1587 6
528 1558 593 1590 Θεὸς
612 1556 746 1588 νοοῦντες,
765 1554 813 1581 καὶ
825 1554 875 1581 ὃσα

92 1612 209 1639 διδάσκει
235 1611 412 1645 πράττοντες,
437 1607 496 1633 κατ’
508 1605 584 1631 οὐδὲν
606 1601 805 1638 παραϐαίνουσι
830 1599 875 1626 τὸν

93 1658 167 1692 λόγον
180 1656 275 1684 αὑτοῦ·
293 1654 376 1681 πύλαι
390 1653 418 1679 δὲ
430 1651 519 1687 σοφῶν
536 1651 564 1677 αἱ
575 1647 722 1685 πρακτικαί
735 1647 801 1673 εἰσιν
813 1645 875 1681 ἀρε-

94 1691 145 1736 ταί,
161 1703 210 1730 καὶ
233 1703 250 1737 ἡ
274 1700 320 1727 τοῦ
334 1699 380 1726 νοῦ
397 1697 505 1733 θεωρία,
525 1697 558 1722 δι’
572 1692 609 1722 ῶν
629 1694 780 1729 εἰσέρχεται
797 1691 876 1726 σοφία

94 1749 169 1777 Θεοῦ·
188 1749 240 1776 οὐκ
256 1745 410 1774 ἐκκλίνουσι
422 1744 461 1776 δὲ,
476 1742 537 1769 οὒτε
554 1740 630 1775 δεξιὰ
647 1739 709 1767 οὔτε
734 1737 876 1774 ἀριστερὰ,

95 1797 132 1823 ὄτι
150 1794 304 1828 λογίζονται
324 1792 353 1817 ὲν
368 1788 515 1824 συνεδρίοις
535 1785 605 1814 εἶναι
621 1784 703 1813 καλοῦ
718 1785 764 1811 καὶ
777 1782 876 1810 κακοῦ·

95 1842 140 1869 καὶ
161 1840 209 1868 τοῦ
225 1839 276 1875 μὲν
288 1836 382 1870 καλοῦ,
395 1833 603 1865 ἀντιποιοῦνται,
615 1831 645 1858 τὺ
654 1831 682 1857 δὲ
701 1830 786 1858 κακὸν
796 1836 880 1865 προσ-

98 1886 268 1915 σκοποῦσιν.

132 1977 196 2008 Τοῖς
212 1975 250 2011 μὴ
274 1974 396 2000 θέλουσιν
419 1971 471 1999 ὑπὸ
492 1971 541 2007 τὴν
559 1969 605 1996 τοῦ
626 1967 695 1995 θεοῦ
718 1965 813 2001 σοφίαν
835 1965 883 1992 καὶ

97 2022 196 2056 γνῶσιν
217 2019 402 2054 παιδευθῆναι,
417 2017 460 2045 διὰ
471 2016 518 2044 τοῦ
541 2015 685 2046 ἐνεστῶτος
697 2012 810 2040 θανάτου
823 2019 884 2038 συν-

98 2069 163 2103 αντᾷ
178 2069 193 2094 6
211 2066 330 2097 αἰώνιος·
348 2065 441 2100 ἄφρων
461 2063 490 2090 δέ
512 2063 585 2089 ἐστιν
595 2062 610 2087 ὁ
621 2058 780 2095 γλυκανθεὶς
794 2058 842 2093 μὲν
855 2057 884 2084 ὲν

99 2102 179 2150 σοφίᾳ
191 2112 272 2144 Θεοῦ,
290 2109 349 2138 εἶτα
363 2109 519 2137 καταλιπὼν
541 2107 639 2142 αὐτὴν,
658 2107 692 2141 τῇ
705 2105 734 2132 δὲ
746 2102 886 2140 ἀφροσύνῃ

944 371 967 387 ⁷⁸
985 370 1130 406 Sapientia:
1143 369 1240 397 domus
1254 374 1317 396 cum
1333 367 1424 395 divina
1448 366 1581 401 sapientia
1604 365 1693 393 aedili-

910 422 1010 448 catur;
1035 421 1141 444 etcum
1163 414 1304 443 intellectu
1329 413 1434 441 timoris
1454 413 1501 441 Dei
1525 416 1608 447 atque
1633 412 1694 448 eius

910 462 1049 498 agnitione
1062 462 1185 496 erigitur.

945 507 1034 542 "Qui
1061 507 1123 534 ﬁdei
1146 506 1189 534 vel
1214 505 1359 540 cujuslibet
1386 504 1496 531 virtutis
1522 503 1694 539 naufragium

911 555 1024 590 patitur,
1037 554 1096 582 sine
1108 552 1178 581 duce
1189 557 1291 588 pugnat
1306 559 1368 579 cum
1389 550 1554 578 adversariis
1571 555 1694 584 potesta-

911 601 993 633 tibus,
1014 600 1040 628 id
1056 604 1099 627 est
1115 599 1173 626 sine
1189 598 1324 633 theologia
1338 602 1365 624 et
1380 596 1547 624 virtutibus:
1563 596 1609 630 qui
1628 603 1694 624 vero

911 645 961 675 sub
993 644 1126 681 regimine
1159 648 1269 679 pugnat.
1306 642 1414 670 videtur
1442 646 1559 669 mentem
1583 641 1611 668 in
1643 641 1695 668 hoc

912 691 1012 718 mundo
1029 690 1138 718 habere.
1156 688 1239 716 Prteit
1252 693 1341 716 autem
1357 687 1449 715 divino
1468 686 1573 714 auxilio
1587 694 1636 714 cor
1647 687 1696 714 de-

914 737 1044 769 liberans,
1057 735 1130 772 quod
1156 735 1223 764 nihil
1241 735 1300 763 sine
1318 733 1434 762 consilio
1452 735 1519 769 agit.
1533 733 1614 768 quue
1626 733 1696 760 adeo

915 785 949 813 de
971 783 1093 819 qualibet
1109 782 1211 810 virtute
1237 781 1292 809 dici
1316 785 1415 816 potest.
1444 781 1490 808 Est
1513 780 1595 808 etiam
1623 779 1697 806 circa

916 828 1124 864 temperantiam
1143 826 1324 861 naufragium,
1344 830 1372 853 et
1386 825 1461 853 circa
1482 824 1656 855 charitatem,
1671 828 1700 850 et

915 880 1026 911 propter
1045 873 1168 909 pecuniae
1183 879 1315 903 amorem.
1334 875 1362 899 et
1379 871 1452 898 circa
1468 870 1574 904 singula
1596 869 1700 904 pariter

915 922 1042 957 dogmata
1064 918 1206 947 catholicae
1220 922 1248 946 et
1262 917 1420 952 apostolicae
1440 915 1569 944 Ecclesiae
1591 915 1700 942 contin-

916 968 955 1004 git
971 966 1154 1002 naufragium.
1170 964 1199 993 Si
1215 971 1280 999 ergo
1295 971 1349 991 non
1359 963 1417 990 sine
1430 962 1563 996 regimine
1578 968 1700 996 pugnare

917 1018 1026 1050 oportet
1044 1020 1107 1041 cum
1129 1011 1304 1042 adversariis.
1325 1010 1381 1037 vita
1398 1013 1490 1037 nostra
1511 1009 1537 1036 in
1560 1012 1633 1036 terra
1650 1015 1702 1042 pu-

917 1067 977 1096 με
991 1059 1083 1087 navali
1097 1057 1195 1086 similis
1213 1061 1266 1084 est.
1282 1055 1349 1083 Nam
1361 1055 1384 1082 si
1400 1062 1449 1082 nos
1464 1053 1642 1085 voluerimus,
1655 1053 1702 1080 de-

920 1112 1073 1141 mergemus
1098 1102 1274 1131 adversarios
1298 1101 1423 1129 oratione
1444 1099 1546 1132 cordis,
1566 1103 1593 1126 et
1611 1103 1702 1126 mente

920 1150 953 1178 ad
967 1151 1049 1178 Deum
1067 1155 1211 1177 conversa.
1225 1147 1255 1174 Si
1274 1153 1337 1173 vero
1354 1145 1532 1177 uoluerimus,
1547 1151 1596 1172 nos
1609 1144 1704 1179 utique

922 1199 1121 1231 demergemur.
1135 1194 1170 1222 Et
1183 1194 1205 1222 si
1216 1194 1250 1221 ab
1266 1192 1320 1219 illis
1333 1198 1529 1226 oppugnemnr,
1553 1195 1702 1225 quantum-

920 1242 988 1270 libet
1006 1242 1135 1269 diuturna
1153 1239 1280 1273 aerisque
1302 1243 1391 1272 pugna
1415 1236 1462 1268 sit,
1480 1234 1548 1262 nihil
1578 1235 1704 1262 interest.

921 1289 1027 1325 Jejunio
1044 1292 1148 1315 tantum
1166 1291 1195 1313 et
1209 1287 1335 1312 oratione
1348 1286 1455 1310 nosmet
1476 1280 1704 1311 commnniamus,

923 1340 950 1363 et
974 1339 1103 1368 tanquam
1126 1331 1221 1359 aranei
1246 1330 1328 1358 telam
1347 1329 1420 1364 ipsos
1446 1331 1474 1355 et
1501 1334 1597 1355 eorum
1630 1333 1706 1353 arma

923 1381 1110 1409 concidemus.
1133 1378 1208 1412 Quod
1225 1376 1247 1404 si
1261 1375 1411 1416 secundum
1432 1373 1538 1402 Domini
1553 1372 1656 1399 dictum
1671 1370 1707 1403 ",

924 1425 1023 1454 alicubi
1044 1425 1098 1453 sint
1110 1424 1163 1451 duo
1179 1422 1221 1450 vel
1241 1427 1309 1455 tres,
1338 1427 1386 1448 cor
1406 1419 1547 1450 nimirum,
1571 1424 1659 1450 mens,
1679 1421 1708 1444 et

885 1484 910 1516 ρ
925 1472 1028 1504 anima,
1039 1470 1065 1498 si
1081 1469 1163 1497 modo
1177 1466 1368 1496 consenserint
1382 1467 1454 1494 intra
1473 1464 1544 1491 illius
1559 1467 1710 1498 praecepto-

928 1527 987 1547 rum
1003 1518 1071 1545 iines
1085 1516 1247 1547 consistere,
1264 1513 1396 1542 Dominus
1414 1511 1556 1539 nobiscum
1576 1514 1628 1537 est.

963 1564 986 1580 "
1003 1563 1053 1596 (lui
1074 1565 1173 1589 cuncta
1189 1567 1250 1595 qnze
1267 1559 1338 1587 Deus
1355 1557 1420 1585 facit
1449 1556 1581 1590 cogilant,
1602 1559 1630 1581 et
1651 1561 1712 1588 qum

929 1607 1008 1635 docet
1026 1605 1141 1637 faciunt,
1157 1603 1311 1631 nullatenus
1322 1601 1476 1630 doctrinam
1490 1600 1549 1634 eius
1570 1603 1712 1633 transgre-

930 1653 1050 1680 diuntur.
1071 1649 1159 1677 Porta:
1173 1655 1240 1676 vero
1253 1648 1417 1681 sapientium
1434 1650 1497 1673 sunt
1515 1644 1641 1679 practicte
1655 1643 1713 1670 vir-

930 1703 1013 1731 tutes,
1025 1701 1052 1724 et
1066 1693 1164 1723 mentis
1175 1692 1383 1728 contemplatio,
1404 1699 1452 1727 per
1467 1698 1536 1726 quas
1561 1689 1712 1724 ingreditur

931 1743 1063 1779 sapientia
1079 1742 1136 1770 Dei.
1155 1740 1233 1769 Haud
1248 1746 1330 1774 porro
1346 1737 1483 1765 declinant
1507 1736 1564 1763 sive
1587 1735 1715 1762 dextror-

931 1797 991 1817 sum
1007 1789 1064 1816 sive
1082 1787 1284 1816 sinistrorsum.
1298 1785 1364 1820 quia
1387 1790 1417 1810 se
1442 1784 1568 1816 reputant
1588 1780 1663 1807 velut
1686 1779 1714 1805 in

933 1834 1115 1864 tribunalibus
1131 1832 1249 1864 versari,
1265 1830 1310 1858 ubi
1327 1830 1360 1857 de
1371 1834 1446 1856 recto
1458 1832 1485 1855 et
1502 1833 1587 1861 pravo
1606 1830 1716 1853 conten-

933 1882 1019 1910 ditur.
1034 1880 1068 1908 Et
1082 1884 1184 1908 rectum
1206 1877 1315 1913 quidem
1341 1880 1461 1908 tuentur,
1486 1880 1601 1909 pravutn
1624 1876 1717 1900 autem

935 1927 1081 1962 repellunt.

971 1973 993 1989 '°
1013 1972 1047 1999 lis
1061 1971 1108 2006 qui
1132 1969 1229 1998 nolunt
1254 1967 1304 2003 sub
1321 1967 1369 1995 Dei
1390 1965 1524 2001 sapientia
1549 1963 1719 1997 scientiaque

936 2019 1050 2051 erudiri,
1075 2024 1126 2052 per
1151 2016 1320 2051 ingruentem
1336 2018 1452 2040 mortem
1468 2011 1576 2039 obviam
1592 2009 1622 2036 lit
1641 2014 1721 2036 aeter-

939 2072 990 2092 nus
1009 2065 1089 2091 Deus.
1104 2062 1208 2090 Escors
1222 2065 1275 2093 est,
1298 2059 1355 2095 qui,
1374 2062 1481 2094 gustata
1499 2054 1634 2091 sapientia
1661 2053 1721 2086 Dei,

939 2112 1037 2140 deinde
1050 2111 1103 2138 hac
1119 2109 1232 2141 omissa,
1248 2106 1372 2135 stultitiae
1384 2105 1505 2132 adhaeret
1522 2111 1530 2130 :
1549 2108 1635 2137 quare
1651 2105 1677 2127 et
1694 2100 1722 2127 in

99 2145 207 2192 συνάξει
218 2166 225 2174 ·
243 2157 285 2184 διὸ
297 2156 345 2184 καὶ
359 2155 540 2182 συναπέθανεν
556 2154 616 2184 ταῖς
633 2150 796 2187 ἁμαρτίαις
817 2149 842 2175 εί
857 2148 877 2175 δί

940 2157 1060 2193 peccatis
1076 2155 1203 2184 moritur.
1214 2153 1291 2188 Quod
1314 2151 1337 2179 si
1361 2151 1490 2178 virtutem
1505 2147 1624 2183 nequitia
1638 2145 1724 2173 demi-

98 2204 199 2240 ἀρετὴν
213 2204 230 2238 ή
238 2201 322 2229 κακία
336 2202 416 2236 μειοῖ,
425 2200 471 2227 καὶ
480 2199 529 2235 τὴν
539 2197 636 2225 κακίαν
645 2196 763 2232 δηλονότι
774 2196 791 2230 ἡ
804 2193 887 2230 ἀρετὴ

97 2239 260 2284 διαφθείρει·
275 2246 354 2274 τοῦτο
368 2246 395 2273 δὲ
409 2246 552 2281 γενήσεται
573 2244 601 2270 ὲν
612 2242 651 2278 τῷ
665 2241 787 2278 μέλλοντι
798 2239 887 2271 αίῶνι,

97 2296 151 2328 ἕως
165 2296 199 2323 ἃν
218 2293 318 2329 ἐκλίπῃ
330 2294 348 2328 ἡ
360 2292 452 2319 κακία·
465 2291 494 2318 τὸ
506 2290 560 2325 7&9
573 2288 814 2325 ὲμμολυνθήσεται,
829 2285 889 2313 ἀντὶ

97 2342 156 2373 τοῦ,
169 2340 398 2375 διαφθαρήσεται⁴
407 2336 590 2372 διαφθείρεται
598 2335 626 2361 δὲ
634 2335 651 2370 ή
659 2333 822 2370 ἀκαθαρσία,
830 2332 889 2368 ἢτοι

99 2389 154 2416 ὑπὸ
166 2385 337 2424 πρακτικῆς,
352 2384 369 2420 ἢ
381 2384 433 2411 ὑπὸ
449 2382 574 2419 δριμείας
588 2381 735 2412 κολάσεως.

136 2439 281 2477 Χρηπέον
289 2438 377 2472 τούτῳ
387 2436 427 2472 τῷ
439 2434 512 2472 ρητῷ
521 2434 590 2470 πρὸς
601 2434 663 2465 τοὺς
674 2431 891 2466 καταξιωθέντας

99 2475 178 2516 θείας
197 2483 347 2519 γνώσεως,
369 2481 414 2508 ἵνα
441 2480 477 2516 μὴ
498 2477 619 2514 ἀμελῶσι
638 2477 688 2512 τῆς
709 2475 890 2509 διδασκαλίας,

100 2532 209 2559 πολλῶν
230 2527 416 2564 ἀπαγομένων
436 2526 489 2553 ὑπὸ
510 2526 560 2561 τῆς
579 2525 678 2556 κακίας
699 2524 739 2555 είς
760 2523 890 2550 θάνατον·

99 2579 165 2609 τοὺς
179 2576 209 2603 δὲ
222 2574 416 2610 γτεινομένους
429 2572 459 2605 ἐξ
469 2571 587 2603 ἀκακῐας
601 2572 640 2602 είς
655 2570 777 2602 θάνατον,
788 2568 825 2607 μὴ
835 2568 894 2603 φεί-

103 2632 137 2659 σῃ
154 2621 290 2659 πρίασθαι
301 2619 341 2655 τῷ
362 2619 421 2654 ἰδίῳ
435 2618 544 2654 αἰματι·
556 2616 670 2653 ὲκπριιιῦ
684 2615 789 2651 (Μηδὲ,
807 2614 895 2646 διδοὺς

103 2656 236 2704 χρήματα
256 2666 273 2702 ἢ
297 2665 378 2699 λόγον
398 2663 534 2698 ὠφέλιμον
546 2681 553 2694 ,
569 2661 616 2688 ἐὰν
633 2661 663 2688 δὲ
683 2660 762 2697 εἴπῃς
774 2660 824 2686 οὐκ
837 2656 896 2685 οἶδα

104 2713 213 2745 τοῦτον,
233 2710 342 2746 ιλέγξει
359 2718 389 2736 σε
401 2708 572 2744 ψευδόμενον,
585 2706 632 2734 καὶ
645 2706 694 2743 ἔσῃ
707 2705 797 2740 ἔνοχος
809 2704 895 2736 δυσὶν,

105 2760 189 2795 ἧγουν
206 2758 305 2795 ψεύδει
315 2756 365 2784 καὶ
377 2755 449 2790 φόνῳ
461 2763 467 2770 '
488 2755 503 2781 ὁ
517 2753 571 2789 γὰρ
586 2753 692 2783 πλάσας
708 2751 801 2786 πνοὴν,
816 2749 897 2782 αὐτὸς

142 2818 166 2834 ⁷⁸
182 2826 210 2845 v.
225 2818 254 2845 5.
296 2816 320 2832 "
337 2822 364 2841 v.
381 2814 410 2842 6.
448 2814 472 2830 "
483 2813 577 2840 Matth.
595 2820 675 2845 xvm,
694 2811 738 2840 20.

139 2864 197 2902 (l6)
222 2860 382 2896 Ἐκπριοῦ.
400 2859 480 2887 Forte
496 2859 608 2895 ὲκπρίω.
628 2858 706 2886 Εοιτ.
733 2859 845 2886 PnnoL.

941 2204 1011 2236 nuit,
1029 2202 1151 2239 profecto
1166 2199 1314 2235 nequitiam
1326 2204 1436 2233 quoque
1454 2196 1515 2224 vice
1534 2201 1613 2222 versa
1636 2194 1724 2220 virtus

931 2248 1066 2283 ‘dissipat.
1083 2247 1140 2275 Hoc
1161 2251 1251 2274 autem
1272 2245 1319 2272 ﬂet
1333 2244 1360 2271 in
1378 2243 1469 2270 l‘nturo
1485 2240 1597 2273 saeculo,
1607 2247 1663 2275 quo
1675 2246 1725 2266 ne-

940 2295 1032 2328 quitiae
1055 2294 1118 2321 linis
1142 2293 1306 2328 imponetur.
1339 2291 1361 2307 δι
1385 2288 1507 2323 Namque
1537 2285 1724 2321 inquinabitur

941 2340 1009 2368 dixit
1022 2347 1072 2375 pro
1092 2338 1282 2373 dissipabitur.
1303 2335 1455 2370 Dissipatur
1467 2340 1534 2361 vero
1552 2331 1723 2359 immunditia

942 2386 985 2415 vel
998 2385 1118 2422 practica
1132 2385 1242 2416 virtute,
1258 2382 1300 2411 vel
1315 2381 1414 2409 acerba
1431 2379 1582 2414 punitione.

977 2433 1000 2448 ⁸¹
1015 2430 1150 2460 Utendum
1163 2434 1205 2457 est
1223 2428 1275 2456 hoc
1301 2428 1375 2455 dicto
1392 2426 1523 2453 adversus
1538 2431 1586 2452 eos
1603 2423 1649 2458 qui
1665 2426 1728 2450 sunt

945 2478 1034 2513 adepti
1054 2476 1153 2504 divinae
1175 2474 1298 2503 scientiae
1315 2471 1487 2503 beneﬁcium,
1511 2469 1658 2505 quominus
1670 2476 1730 2496 sus-

946 2528 1054 2560 ceptam
1071 2522 1223 2550 doctrinam
1247 2520 1397 2555 negligant,
1409 2517 1539 2552 quoniam
1556 2515 1632 2543 multi
1645 2522 1660 2541 a
1675 2522 1730 2541 ma-

947 2559 1005 2598 litia
1019 2570 1045 2598 in
1065 2573 1182 2596 mortem
1204 2565 1335 2603 pertracti
1358 2565 1478 2592 luerunt.
1500 2563 1535 2589 At
1549 2561 1609 2589 illos
1622 2559 1668 2595 qui
1689 2559 1732 2586 in-

949 2619 1043 2643 sontes
1058 2614 1092 2642 ad
1106 2619 1200 2641 necem
1217 2612 1365 2643 ducuntur,
1379 2616 1413 2636 ne
1425 2614 1524 2636 renuas
1538 2605 1648 2642 proprio
1668 2611 1732 2631 san-

949 2659 1030 2694 guine
1057 2657 1209 2685 redimere:
1224 2655 1329 2683 redime
1353 2654 1449 2682 saltem
1470 2652 1531 2680 data
1549 2648 1672 2686 pecunia,
1688 2647 1731 2674 vel

949 2693 1009 2731 utili
1033 2703 1179 2730 verborum
1203 2700 1367 2737 patrocinio.
1392 2697 1471 2733 Quod
1494 2697 1516 2725 si
1540 2694 1655 2726 dixeris,
1672 2693 1731 2721 Non

950 2750 1013 2777 novi
1030 2749 1113 2782 hunc,
1130 2747 1256 2783 argueris
1275 2745 1409 2774 mendacii
1426 2753 1435 2778 ;
1457 2743 1566 2778 erisque
1586 2738 1733 2776 dupliciter

779 2811 802 2828 "
820 2810 892 2838 v.7.
930 2810 953 2827 “
965 2818 990 2838 v.
1002 2808 1028 2837 8.
1067 2809 1090 2825 "
1113 2808 1186 2836 v.9.
1220 2807 1243 2824 ¹¹
1268 2806 1359 2843 v.1l.
