  <div class='ocr_page' id='page_1' title='image "/cluster/home/n/w/nwhite01/storage/ocr_20150623/17/njp.32101010944583/143.png"; bbox 0 0 1919 3074; ppageno 0'>
   <div class='ocr_carea' id='block_1_1' title="bbox 253 126 307 154">
    <p class='ocr_par' dir='ltr' id='par_1_1' title="bbox 253 126 307 154">
     <span class='ocr_line' id='line_1_1' title="bbox 253 126 307 154; baseline -0.019 0"><span class='ocrx_word' id='word_1_1' title='bbox 253 126 307 154; x_wconf 69' lang='lat'><strong>227</strong></span> 
     </span>
    </p>
   </div>
   <div class='ocr_carea' id='block_1_2' title="bbox 698 124 1459 156">
    <p class='ocr_par' dir='ltr' id='par_1_2' title="bbox 698 124 1459 156">
     <span class='ocr_line' id='line_1_2' title="bbox 698 124 1459 156; baseline 0.007 -5"><span class='ocrx_word' id='word_1_2' title='bbox 698 124 982 155; x_wconf 72' lang='lat' dir='ltr'><strong>SUPPLEMENTUM</strong></span> <span class='ocrx_word' id='word_1_3' title='bbox 1001 126 1046 153; x_wconf 83' lang='lat' dir='ltr'><strong>AD</strong></span> <span class='ocrx_word' id='word_1_4' title='bbox 1064 125 1230 155; x_wconf 78' lang='lat' dir='ltr'><strong>ORIGENIS</strong></span> <span class='ocrx_word' id='word_1_5' title='bbox 1249 126 1459 156; x_wconf 82' lang='lat' dir='ltr'><strong>EXEGETICA.</strong></span> 
     </span>
    </p>
   </div>
   <div class='ocr_carea' id='block_1_3' title="bbox 1832 132 1880 160">
    <p class='ocr_par' dir='ltr' id='par_1_3' title="bbox 1832 132 1880 160">
     <span class='ocr_line' id='line_1_3' title="bbox 1832 132 1880 160; baseline 0 0"><span class='ocrx_word' id='word_1_6' title='bbox 1832 132 1880 160; x_wconf 69' lang='lat'><strong>2‘28</strong></span> 
     </span>
    </p>
   </div>
   <div class='ocr_carea' id='block_1_4' title="bbox 255 183 1044 224">
    <p class='ocr_par' dir='ltr' id='par_1_4' title="bbox 255 183 1042 221">
     <span class='ocr_line' id='line_1_4' title="bbox 255 183 1042 221; baseline 0 -7"><span class='ocrx_word' id='word_1_7' title='bbox 255 193 320 214; x_wconf 87' lang='lat' dir='ltr'><strong>reus</strong></span> <span class='ocrx_word' id='word_1_8' title='bbox 335 189 362 213; x_wconf 91' lang='lat' dir='ltr'><strong>et</strong></span> <span class='ocrx_word' id='word_1_9' title='bbox 373 185 407 213; x_wconf 86' lang='lat' dir='ltr'><strong>de</strong></span> <span class='ocrx_word' id='word_1_10' title='bbox 422 184 528 213; x_wconf 73' lang='lat' dir='ltr'><strong>falso&#39;et</strong></span> <span class='ocrx_word' id='word_1_11' title='bbox 544 184 578 212; x_wconf 88' lang='lat' dir='ltr'><strong>de</strong></span> <span class='ocrx_word' id='word_1_12' title='bbox 589 183 752 213; x_wconf 85' lang='lat' dir='ltr'><strong>homicidio.</strong></span> <span class='ocrx_word' id='word_1_13' title='bbox 767 184 834 213; x_wconf 87' lang='lat' dir='ltr'><strong>Nam</strong></span> <span class='ocrx_word' id='word_1_14' title='bbox 849 186 896 221; x_wconf 99' lang='lat' dir='ltr'><strong>qui</strong></span> <span class='ocrx_word' id='word_1_15' title='bbox 911 185 974 214; x_wconf 85' lang='lat' dir='ltr'><strong>fecit</strong></span> <span class='ocrx_word' id='word_1_16' title='bbox 985 186 1042 221; x_wconf 86' lang='lat' dir='ltr'><strong>spi-</strong></span> 
     </span>
    </p>
   </div>
   <div class='ocr_carea' id='block_1_5' title="bbox 1089 183 1880 224">
    <p class='ocr_par' dir='ltr' id='par_1_5' title="bbox 1093 183 1880 224">
     <span class='ocr_line' id='line_1_5' title="bbox 1093 183 1880 224; baseline 0.006 -11"><span class='ocrx_word' id='word_1_17' title='bbox 1093 183 1148 213; x_wconf 74' lang='grc' dir='ltr'>οἶδε</span> <span class='ocrx_word' id='word_1_18' title='bbox 1161 186 1250 214; x_wconf 86' lang='grc' dir='ltr'>πάντα</span> <span class='ocrx_word' id='word_1_19' title='bbox 1267 187 1318 214; x_wconf 83' lang='grc' dir='ltr'>ὅσα</span> <span class='ocrx_word' id='word_1_20' title='bbox 1339 187 1500 214; x_wconf 83' lang='grc' dir='ltr'>ἀποδίδωσιν</span> <span class='ocrx_word' id='word_1_21' title='bbox 1521 187 1630 224; x_wconf 77' lang='grc' dir='ltr'><strong>ἑκάστῳ</strong></span> <span class='ocrx_word' id='word_1_22' title='bbox 1649 188 1720 217; x_wconf 82' lang='grc' dir='ltr'>κατὰ</span> <span class='ocrx_word' id='word_1_23' title='bbox 1738 189 1772 217; x_wconf 80' lang='grc' dir='ltr'><strong>τὺ</strong></span> <span class='ocrx_word' id='word_1_24' title='bbox 1792 191 1862 218; x_wconf 82' lang='grc' dir='ltr'>ποιόν</span> <span class='ocrx_word' id='word_1_25' title='bbox 1873 197 1880 204; x_wconf 90' lang='lat'>&#39;</span> 
     </span>
    </p>
   </div>
   <div class='ocr_carea' id='block_1_6' title="bbox 255 229 1043 266">
    <p class='ocr_par' dir='ltr' id='par_1_6' title="bbox 255 229 1043 266">
     <span class='ocr_line' id='line_1_6' title="bbox 255 229 1043 266; baseline -0.003 -5"><span class='ocrx_word' id='word_1_26' title='bbox 255 233 349 265; x_wconf 89' lang='lat' dir='ltr'><strong>ritum,</strong></span> <span class='ocrx_word' id='word_1_27' title='bbox 366 231 389 259; x_wconf 90' lang='lat' dir='ltr'><strong>is</strong></span> <span class='ocrx_word' id='word_1_28' title='bbox 408 230 483 258; x_wconf 85' lang='lat' dir='ltr'><strong>novit</strong></span> <span class='ocrx_word' id='word_1_29' title='bbox 498 229 604 265; x_wconf 79' lang='lat' dir='ltr'><strong>singula</strong></span> <span class='ocrx_word' id='word_1_30' title='bbox 620 237 681 265; x_wconf 62' lang='lat' dir='ltr'><strong>qual</strong></span> <span class='ocrx_word' id='word_1_31' title='bbox 697 230 813 265; x_wconf 91' lang='lat' dir='ltr'><strong>singulis</strong></span> <span class='ocrx_word' id='word_1_32' title='bbox 825 231 912 263; x_wconf 86' lang='lat' dir='ltr'><strong>dedit,</strong></span> <span class='ocrx_word' id='word_1_33' title='bbox 929 239 980 266; x_wconf 89' lang='lat' dir='ltr'><strong>pro</strong></span> <span class='ocrx_word' id='word_1_34' title='bbox 992 239 1043 259; x_wconf 84' lang='lat' dir='ltr'><strong>eu-</strong></span> 
     </span>
    </p>
   </div>
   <div class='ocr_carea' id='block_1_7' title="bbox 252 275 1042 312">
    <p class='ocr_par' dir='ltr' id='par_1_7' title="bbox 252 275 1042 312">
     <span class='ocr_line' id='line_1_7' title="bbox 252 275 1042 312; baseline 0.003 -8"><span class='ocrx_word' id='word_1_35' title='bbox 252 279 352 312; x_wconf 80' lang='lat' dir='ltr'><strong>]usque</strong></span> <span class='ocrx_word' id='word_1_36' title='bbox 373 276 516 311; x_wconf 73' lang='lat' dir='ltr'><strong>qualitate,</strong></span> <span class='ocrx_word' id='word_1_37' title='bbox 532 276 635 303; x_wconf 89' lang='lat' dir='ltr'><strong>bonum</strong></span> <span class='ocrx_word' id='word_1_38' title='bbox 659 275 754 310; x_wconf 85' lang='lat' dir='ltr'><strong>bono,.</strong></span> <span class='ocrx_word' id='word_1_39' title='bbox 773 277 844 305; x_wconf 89' lang='lat' dir='ltr'><strong>malo</strong></span> <span class='ocrx_word' id='word_1_40' title='bbox 870 278 952 306; x_wconf 90' lang='lat' dir='ltr'><strong>mala.</strong></span> <span class='ocrx_word' id='word_1_41' title='bbox 974 278 1042 306; x_wconf 84' lang='lat' dir='ltr'><strong>Nam</strong></span> 
     </span>
    </p>
   </div>
   <div class='ocr_carea' id='block_1_8' title="bbox 254 322 1044 359">
    <p class='ocr_par' dir='ltr' id='par_1_8' title="bbox 254 322 1044 359">
     <span class='ocr_line' id='line_1_8' title="bbox 254 322 1044 359; baseline 0.001 -9"><span class='ocrx_word' id='word_1_42' title='bbox 254 324 326 358; x_wconf 89' lang='lat' dir='ltr'><strong>quod</strong></span> <span class='ocrx_word' id='word_1_43' title='bbox 346 330 399 350; x_wconf 91' lang='lat' dir='ltr'><strong>nou</strong></span> <span class='ocrx_word' id='word_1_44' title='bbox 413 322 564 349; x_wconf 89' lang='lat' dir='ltr'><strong>secundum</strong></span> <span class='ocrx_word' id='word_1_45' title='bbox 579 322 762 356; x_wconf 91' lang='lat' dir='ltr'><strong>quantitatem</strong></span> <span class='ocrx_word' id='word_1_46' title='bbox 784 322 915 358; x_wconf 85' lang='lat' dir='ltr'><strong>cujusque</strong></span> <span class='ocrx_word' id='word_1_47' title='bbox 931 324 986 357; x_wconf 89' lang='lat' dir='ltr'><strong>det,</strong></span> <span class='ocrx_word' id='word_1_48' title='bbox 999 331 1044 359; x_wconf 84' lang='lat' dir='ltr'><strong>pa-</strong></span> 
     </span>
    </p>
   </div>
   <div class='ocr_carea' id='block_1_9' title="bbox 255 369 1041 407">
    <p class='ocr_par' dir='ltr' id='par_1_9' title="bbox 255 369 1041 407">
     <span class='ocr_line' id='line_1_9' title="bbox 255 369 1041 407; baseline 0.001 -9"><span class='ocrx_word' id='word_1_49' title='bbox 255 375 293 398; x_wconf 89' lang='lat' dir='ltr'><strong>tet</strong></span> <span class='ocrx_word' id='word_1_50' title='bbox 307 378 315 397; x_wconf 88' lang='lat'><strong>:</strong></span> <span class='ocrx_word' id='word_1_51' title='bbox 330 370 391 397; x_wconf 77' lang='lat' dir='ltr'><strong>Non</strong></span> <span class='ocrx_word' id='word_1_52' title='bbox 408 369 478 396; x_wconf 80' lang='lat' dir='ltr'><strong>enim</strong></span> <span class='ocrx_word' id='word_1_53' title='bbox 494 374 554 397; x_wconf 79' lang='lat' dir='ltr'><strong>sunt</strong></span> <span class='ocrx_word' id='word_1_54' title='bbox 570 370 710 405; x_wconf 73' lang='lat' dir='ltr'><strong>condigna:</strong></span> <span class='ocrx_word' id='word_1_55' title='bbox 724 371 862 405; x_wconf 70' lang='lat' dir='ltr'><strong>passiones</strong></span> <span class='ocrx_word' id='word_1_56' title='bbox 875 372 956 407; x_wconf 73' lang='lat' dir='ltr'><strong>hujus</strong></span> <span class='ocrx_word' id='word_1_57' title='bbox 974 376 1041 399; x_wconf 77' lang='lat' dir='ltr'><strong>tem-</strong></span> 
     </span>
    </p>
   </div>
   <div class='ocr_carea' id='block_1_10' title="bbox 251 416 1041 453">
    <p class='ocr_par' dir='ltr' id='par_1_10' title="bbox 251 416 1041 453">
     <span class='ocr_line' id='line_1_10' title="bbox 251 416 1041 453; baseline 0.003 -9"><span class='ocrx_word' id='word_1_58' title='bbox 251 418 323 452; x_wconf 77' lang='lat' dir='ltr'><strong>puris</strong></span> <span class='ocrx_word' id='word_1_59' title='bbox 337 417 371 444; x_wconf 82' lang='lat' dir='ltr'><strong>ad</strong></span> <span class='ocrx_word' id='word_1_60' title='bbox 388 416 506 451; x_wconf 76' lang='lat' dir='ltr'><strong>futuram</strong></span> <span class='ocrx_word' id='word_1_61' title='bbox 526 416 640 451; x_wconf 77' lang='lat' dir='ltr'><strong>gloriam</strong></span> <span class='ocrx_word' id='word_1_62' title='bbox 654 417 689 445; x_wconf 84' lang='lat'><strong>&quot;.</strong></span> <span class='ocrx_word' id='word_1_63' title='bbox 704 417 782 450; x_wconf 85' lang='lat' dir='ltr'><strong>Quod</strong></span> <span class='ocrx_word' id='word_1_64' title='bbox 806 418 830 445; x_wconf 80' lang='lat' dir='ltr'><strong>si</strong></span> <span class='ocrx_word' id='word_1_65' title='bbox 854 419 916 453; x_wconf 83' lang='lat' dir='ltr'><strong>quis</strong></span> <span class='ocrx_word' id='word_1_66' title='bbox 942 426 1041 446; x_wconf 83' lang='lat' dir='ltr'><strong>secun-</strong></span> 
     </span>
    </p>
   </div>
   <div class='ocr_carea' id='block_1_11' title="bbox 251 462 1041 499">
    <p class='ocr_par' dir='ltr' id='par_1_11' title="bbox 251 462 1041 499">
     <span class='ocr_line' id='line_1_11' title="bbox 251 462 1041 499; baseline 0.004 -9"><span class='ocrx_word' id='word_1_67' title='bbox 251 464 316 490; x_wconf 88' lang='lat' dir='ltr'><strong>dum</strong></span> <span class='ocrx_word' id='word_1_68' title='bbox 341 463 524 497; x_wconf 79' lang='lat' dir='ltr'><strong>quantitatem</strong></span> <span class='ocrx_word' id='word_1_69' title='bbox 552 462 704 496; x_wconf 69' lang='lat' dir='ltr'><strong>intelligere</strong></span> <span class='ocrx_word' id='word_1_70' title='bbox 725 463 813 496; x_wconf 85' lang='lat' dir='ltr'><strong>malit,</strong></span> <span class='ocrx_word' id='word_1_71' title='bbox 838 472 888 499; x_wconf 89' lang='lat' dir='ltr'><strong>pro</strong></span> <span class='ocrx_word' id='word_1_72' title='bbox 915 465 1041 499; x_wconf 88' lang='lat' dir='ltr'><strong>portione</strong></span> 
     </span>
    </p>
   </div>
   <div class='ocr_carea' id='block_1_12' title="bbox 252 508 1042 544">
    <p class='ocr_par' dir='ltr' id='par_1_12' title="bbox 252 508 1042 544">
     <span class='ocr_line' id='line_1_12' title="bbox 252 508 1042 544; baseline 0.004 -8"><span class='ocrx_word' id='word_1_73' title='bbox 252 510 350 536; x_wconf 88' lang='lat' dir='ltr'><strong>virium</strong></span> <span class='ocrx_word' id='word_1_74' title='bbox 365 509 499 544; x_wconf 84' lang='lat' dir='ltr'><strong>cujusque</strong></span> <span class='ocrx_word' id='word_1_75' title='bbox 516 508 724 537; x_wconf 76' lang='lat' dir='ltr'><strong>retributionem</strong></span> <span class='ocrx_word' id='word_1_76' title='bbox 742 510 799 537; x_wconf 87' lang='lat' dir='ltr'><strong>fleri</strong></span> <span class='ocrx_word' id='word_1_77' title='bbox 816 511 956 538; x_wconf 80' lang='lat' dir='ltr'><strong>existimet</strong></span> <span class='ocrx_word' id='word_1_78' title='bbox 973 519 980 538; x_wconf 88' lang='lat'>:</span> <span class='ocrx_word' id='word_1_79' title='bbox 1001 511 1042 539; x_wconf 59' lang='lat' dir='ltr'><strong>sin</strong></span> 
     </span>
    </p>
   </div>
   <div class='ocr_carea' id='block_1_13' title="bbox 251 554 1042 592">
    <p class='ocr_par' dir='ltr' id='par_1_13' title="bbox 251 554 1042 592">
     <span class='ocr_line' id='line_1_13' title="bbox 251 554 1042 592; baseline 0.004 -10"><span class='ocrx_word' id='word_1_80' title='bbox 251 561 297 583; x_wconf 87' lang='lat' dir='ltr'><strong>cut</strong></span> <span class='ocrx_word' id='word_1_81' title='bbox 309 556 393 583; x_wconf 82' lang='lat' dir='ltr'><strong>etiam</strong></span> <span class='ocrx_word' id='word_1_82' title='bbox 415 554 534 590; x_wconf 77' lang='lat' dir='ltr'><strong>Spiritus</strong></span> <span class='ocrx_word' id='word_1_83' title='bbox 545 555 715 583; x_wconf 83' lang='lat' dir='ltr'><strong>charismata</strong></span> <span class='ocrx_word' id='word_1_84' title='bbox 731 563 782 591; x_wconf 90' lang='lat' dir='ltr'><strong>pro</strong></span> <span class='ocrx_word' id='word_1_85' title='bbox 800 556 864 584; x_wconf 74' lang='lat' dir='ltr'><strong>lldei</strong></span> <span class='ocrx_word' id='word_1_86' title='bbox 880 561 940 584; x_wconf 84' lang='lat' dir='ltr'><strong>rata</strong></span> <span class='ocrx_word' id='word_1_87' title='bbox 964 561 1042 592; x_wconf 86' lang='lat' dir='ltr'><strong>parte</strong></span> 
     </span>
    </p>
   </div>
   <div class='ocr_carea' id='block_1_14' title="bbox 252 603 362 630">
    <p class='ocr_par' dir='ltr' id='par_1_14' title="bbox 252 603 362 630">
     <span class='ocr_line' id='line_1_14' title="bbox 252 603 362 630; baseline -0.018 0"><span class='ocrx_word' id='word_1_88' title='bbox 252 603 362 630; x_wconf 83' lang='lat' dir='ltr'><strong>dantur.</strong></span> 
     </span>
    </p>
   </div>
   <div class='ocr_carea' id='block_1_15' title="bbox 286 647 1038 685">
    <p class='ocr_par' dir='ltr' id='par_1_15' title="bbox 286 647 1038 685">
     <span class='ocr_line' id='line_1_15' title="bbox 286 647 1038 685; baseline 0.004 -11"><span class='ocrx_word' id='word_1_89' title='bbox 286 648 310 664; x_wconf 73' lang='grc'><strong>⁵⁸</strong></span> <span class='ocrx_word' id='word_1_90' title='bbox 322 647 372 675; x_wconf 84' lang='lat' dir='ltr'><strong>Mel</strong></span> <span class='ocrx_word' id='word_1_91' title='bbox 394 647 522 681; x_wconf 86' lang='lat' dir='ltr'><strong>comedit,</strong></span> <span class='ocrx_word' id='word_1_92' title='bbox 541 647 587 682; x_wconf 91' lang='lat' dir='ltr'><strong>qui</strong></span> <span class='ocrx_word' id='word_1_93' title='bbox 608 655 623 675; x_wconf 91' lang='lat' dir='ltr'><strong>a</strong></span> <span class='ocrx_word' id='word_1_94' title='bbox 635 647 735 676; x_wconf 83' lang='lat' dir='ltr'><strong>divinis</strong></span> <span class='ocrx_word' id='word_1_95' title='bbox 747 648 897 684; x_wconf 88' lang='lat' dir='ltr'><strong>Seripturis</strong></span> <span class='ocrx_word' id='word_1_96' title='bbox 917 649 1038 685; x_wconf 79' lang='lat' dir='ltr'><strong>juvatur.</strong></span> 
     </span>
    </p>
   </div>
   <div class='ocr_carea' id='block_1_16' title="bbox 252 695 1040 731">
    <p class='ocr_par' dir='ltr' id='par_1_16' title="bbox 252 695 1040 731">
     <span class='ocr_line' id='line_1_16' title="bbox 252 695 1040 731; baseline 0 -7"><span class='ocrx_word' id='word_1_97' title='bbox 252 697 305 731; x_wconf 87' lang='lat' dir='ltr'><strong>Qui</strong></span> <span class='ocrx_word' id='word_1_98' title='bbox 322 701 413 724; x_wconf 89' lang='lat' dir='ltr'><strong>autem</strong></span> <span class='ocrx_word' id='word_1_99' title='bbox 435 697 470 724; x_wconf 90' lang='lat' dir='ltr'><strong>ab</strong></span> <span class='ocrx_word' id='word_1_100' title='bbox 481 695 548 730; x_wconf 81' lang='lat' dir='ltr'><strong>ipsis</strong></span> <span class='ocrx_word' id='word_1_101' title='bbox 568 696 693 723; x_wconf 88' lang='lat' dir='ltr'><strong>extundit</strong></span> <span class='ocrx_word' id='word_1_102' title='bbox 707 695 787 724; x_wconf 90' lang='lat' dir='ltr'><strong>factis</strong></span> <span class='ocrx_word' id='word_1_103' title='bbox 801 697 952 730; x_wconf 83' lang='lat' dir='ltr'><strong>doctrinas,</strong></span> <span class='ocrx_word' id='word_1_104' title='bbox 967 698 1040 725; x_wconf 90' lang='lat' dir='ltr'><strong>unde</strong></span> 
     </span>
    </p>
   </div>
   <div class='ocr_carea' id='block_1_17' title="bbox 251 742 1041 778">
    <p class='ocr_par' dir='ltr' id='par_1_17' title="bbox 251 742 1041 778">
     <span class='ocr_line' id='line_1_17' title="bbox 251 742 1041 778; baseline 0 -8"><span class='ocrx_word' id='word_1_105' title='bbox 251 743 403 770; x_wconf 87' lang='lat' dir='ltr'><strong>hauserunt</strong></span> <span class='ocrx_word' id='word_1_106' title='bbox 423 742 510 770; x_wconf 84' lang='lat' dir='ltr'><strong>sancti</strong></span> <span class='ocrx_word' id='word_1_107' title='bbox 533 742 673 777; x_wconf 67' lang='lat' dir='ltr'><strong>propheta:</strong></span> <span class='ocrx_word' id='word_1_108' title='bbox 692 747 720 770; x_wconf 90' lang='lat' dir='ltr'><strong>et</strong></span> <span class='ocrx_word' id='word_1_109' title='bbox 746 743 862 778; x_wconf 83' lang='lat' dir='ltr'><strong>apostoli</strong></span> <span class='ocrx_word' id='word_1_110' title='bbox 885 743 980 778; x_wconf 87' lang='lat' dir='ltr'><strong>agendi</strong></span> <span class='ocrx_word' id='word_1_111' title='bbox 1013 749 1041 771; x_wconf 89' lang='lat' dir='ltr'><strong>et</strong></span> 
     </span>
    </p>
   </div>
   <div class='ocr_carea' id='block_1_18' title="bbox 252 787 1039 822">
    <p class='ocr_par' dir='ltr' id='par_1_18' title="bbox 252 787 1039 822">
     <span class='ocr_line' id='line_1_18' title="bbox 252 787 1039 822; baseline 0 -6"><span class='ocrx_word' id='word_1_112' title='bbox 252 789 366 816; x_wconf 88' lang='lat' dir='ltr'><strong>docendi</strong></span> <span class='ocrx_word' id='word_1_113' title='bbox 395 788 540 822; x_wconf 89' lang='lat' dir='ltr'><strong>rationem,</strong></span> <span class='ocrx_word' id='word_1_114' title='bbox 573 788 618 816; x_wconf 89' lang='lat' dir='ltr'><strong>hic</strong></span> <span class='ocrx_word' id='word_1_115' title='bbox 650 787 741 815; x_wconf 82' lang='lat' dir='ltr'><strong>favum</strong></span> <span class='ocrx_word' id='word_1_116' title='bbox 766 789 895 816; x_wconf 90' lang='lat' dir='ltr'><strong>comedit.</strong></span> <span class='ocrx_word' id='word_1_117' title='bbox 925 789 958 816; x_wconf 86' lang='lat' dir='ltr'><strong>Et</strong></span> <span class='ocrx_word' id='word_1_118' title='bbox 987 789 1039 817; x_wconf 86' lang='lat' dir='ltr'><strong>mel</strong></span> 
     </span>
    </p>
   </div>
   <div class='ocr_carea' id='block_1_19' title="bbox 251 833 1038 869">
    <p class='ocr_par' dir='ltr' id='par_1_19' title="bbox 251 833 1038 869">
     <span class='ocr_line' id='line_1_19' title="bbox 251 833 1038 869; baseline 0.003 -9"><span class='ocrx_word' id='word_1_119' title='bbox 251 835 359 869; x_wconf 87' lang='lat' dir='ltr'><strong>quidem</strong></span> <span class='ocrx_word' id='word_1_120' title='bbox 379 833 524 861; x_wconf 77' lang='lat' dir='ltr'><strong>comedere</strong></span> <span class='ocrx_word' id='word_1_121' title='bbox 544 833 645 869; x_wconf 89' lang='lat' dir='ltr'><strong>cuique</strong></span> <span class='ocrx_word' id='word_1_122' title='bbox 659 833 763 860; x_wconf 88' lang='lat' dir='ltr'><strong>volenti</strong></span> <span class='ocrx_word' id='word_1_123' title='bbox 783 839 915 869; x_wconf 66' lang='lat' dir='ltr'><strong>praestat;</strong></span> <span class='ocrx_word' id='word_1_124' title='bbox 933 834 980 862; x_wconf 89' lang='lat' dir='ltr'><strong>sed</strong></span> <span class='ocrx_word' id='word_1_125' title='bbox 995 834 1038 862; x_wconf 86' lang='lat' dir='ltr'><strong>fa-</strong></span> 
     </span>
    </p>
   </div>
   <div class='ocr_carea' id='block_1_20' title="bbox 251 879 1038 914">
    <p class='ocr_par' dir='ltr' id='par_1_20' title="bbox 251 879 1038 914">
     <span class='ocr_line' id='line_1_20' title="bbox 251 879 1038 914; baseline 0 -6"><span class='ocrx_word' id='word_1_126' title='bbox 251 888 325 913; x_wconf 89' lang='lat' dir='ltr'><strong>vum,</strong></span> <span class='ocrx_word' id='word_1_127' title='bbox 342 879 449 908; x_wconf 86' lang='lat' dir='ltr'><strong>nonnisi</strong></span> <span class='ocrx_word' id='word_1_128' title='bbox 464 879 582 907; x_wconf 88' lang='lat' dir='ltr'><strong>mundus</strong></span> <span class='ocrx_word' id='word_1_129' title='bbox 593 880 677 908; x_wconf 88' lang='lat' dir='ltr'><strong>homo</strong></span> <span class='ocrx_word' id='word_1_130' title='bbox 691 884 791 914; x_wconf 82' lang='lat' dir='ltr'><strong>potest.</strong></span> <span class='ocrx_word' id='word_1_131' title='bbox 809 880 857 908; x_wconf 89' lang='lat' dir='ltr'><strong>Vel</strong></span> <span class='ocrx_word' id='word_1_132' title='bbox 872 880 924 907; x_wconf 90' lang='lat' dir='ltr'><strong>mel</strong></span> <span class='ocrx_word' id='word_1_133' title='bbox 944 881 1038 908; x_wconf 90' lang='lat' dir='ltr'><strong>dicen-</strong></span> 
     </span>
    </p>
   </div>
   <div class='ocr_carea' id='block_1_21' title="bbox 251 925 1038 961">
    <p class='ocr_par' dir='ltr' id='par_1_21' title="bbox 251 925 1038 961">
     <span class='ocr_line' id='line_1_21' title="bbox 251 925 1038 961; baseline 0.001 -8"><span class='ocrx_word' id='word_1_134' title='bbox 251 927 313 953; x_wconf 85' lang='lat' dir='ltr'><strong>dum</strong></span> <span class='ocrx_word' id='word_1_135' title='bbox 331 931 373 953; x_wconf 86' lang='lat' dir='ltr'><strong>est</strong></span> <span class='ocrx_word' id='word_1_136' title='bbox 385 925 544 960; x_wconf 76' lang='lat' dir='ltr'><strong>allegoriam</strong></span> <span class='ocrx_word' id='word_1_137' title='bbox 557 933 637 959; x_wconf 86' lang='lat' dir='ltr'><strong>esse;</strong></span> <span class='ocrx_word' id='word_1_138' title='bbox 655 926 746 954; x_wconf 80' lang='lat' dir='ltr'><strong>favum</strong></span> <span class='ocrx_word' id='word_1_139' title='bbox 765 930 867 959; x_wconf 86' lang='lat' dir='ltr'><strong>autem,</strong></span> <span class='ocrx_word' id='word_1_140' title='bbox 883 933 945 954; x_wconf 91' lang='lat' dir='ltr'><strong>eam</strong></span> <span class='ocrx_word' id='word_1_141' title='bbox 957 933 1038 961; x_wconf 84' lang='lat' dir='ltr'><strong>quam</strong></span> 
     </span>
    </p>
   </div>
   <div class='ocr_carea' id='block_1_22' title="bbox 249 970 1038 1006">
    <p class='ocr_par' dir='ltr' id='par_1_22' title="bbox 249 970 1038 1006">
     <span class='ocr_line' id='line_1_22' title="bbox 249 970 1038 1006; baseline 0.001 -8"><span class='ocrx_word' id='word_1_142' title='bbox 249 971 366 998; x_wconf 74' lang='lat' dir='ltr'><strong>dicimus</strong></span> <span class='ocrx_word' id='word_1_143' title='bbox 381 970 595 1006; x_wconf 90' lang='lat' dir='ltr'><strong>speculationem</strong></span> <span class='ocrx_word' id='word_1_144' title='bbox 616 974 644 998; x_wconf 91' lang='lat' dir='ltr'><strong>et</strong></span> <span class='ocrx_word' id='word_1_145' title='bbox 665 970 882 1006; x_wconf 87' lang='lat' dir='ltr'><strong>indagationem,</strong></span> <span class='ocrx_word' id='word_1_146' title='bbox 902 978 963 1006; x_wconf 66' lang='lat' dir='ltr'><strong>quae</strong></span> <span class='ocrx_word' id='word_1_147' title='bbox 987 971 1038 999; x_wconf 89' lang='lat' dir='ltr'><strong>ha-</strong></span> 
     </span>
    </p>
   </div>
   <div class='ocr_carea' id='block_1_23' title="bbox 249 1016 1039 1051">
    <p class='ocr_par' dir='ltr' id='par_1_23' title="bbox 249 1016 1039 1051">
     <span class='ocr_line' id='line_1_23' title="bbox 249 1016 1039 1051; baseline 0.001 -7"><span class='ocrx_word' id='word_1_148' title='bbox 249 1017 314 1044; x_wconf 90' lang='lat' dir='ltr'><strong>bent</strong></span> <span class='ocrx_word' id='word_1_149' title='bbox 328 1017 524 1044; x_wconf 87' lang='lat' dir='ltr'><strong>abstrusiorem</strong></span> <span class='ocrx_word' id='word_1_150' title='bbox 538 1024 647 1044; x_wconf 88' lang='lat' dir='ltr'><strong>sensum</strong></span> <span class='ocrx_word' id='word_1_151' title='bbox 667 1021 695 1045; x_wconf 89' lang='lat' dir='ltr'><strong>et</strong></span> <span class='ocrx_word' id='word_1_152' title='bbox 717 1016 948 1051; x_wconf 80' lang='lat' dir='ltr'><strong>profundiorem:</strong></span> <span class='ocrx_word' id='word_1_153' title='bbox 966 1017 1039 1045; x_wconf 85' lang='lat' dir='ltr'><strong>inest</strong></span> 
     </span>
    </p>
   </div>
   <div class='ocr_carea' id='block_1_24' title="bbox 250 1063 1039 1096">
    <p class='ocr_par' dir='ltr' id='par_1_24' title="bbox 250 1063 1039 1096">
     <span class='ocr_line' id='line_1_24' title="bbox 250 1063 1039 1096; baseline 0.001 -6"><span class='ocrx_word' id='word_1_154' title='bbox 250 1063 322 1090; x_wconf 88' lang='lat' dir='ltr'><strong>enim</strong></span> <span class='ocrx_word' id='word_1_155' title='bbox 340 1063 402 1091; x_wconf 86' lang='lat' dir='ltr'><strong>favo</strong></span> <span class='ocrx_word' id='word_1_156' title='bbox 417 1063 480 1090; x_wconf 89' lang='lat' dir='ltr'><strong>mel.</strong></span> <span class='ocrx_word' id='word_1_157' title='bbox 499 1063 599 1090; x_wconf 85' lang='lat' dir='ltr'><strong>Guttur</strong></span> <span class='ocrx_word' id='word_1_158' title='bbox 626 1063 694 1090; x_wconf 82' lang='lat' dir='ltr'><strong>dicit</strong></span> <span class='ocrx_word' id='word_1_159' title='bbox 710 1063 923 1096; x_wconf 57' lang='lat' dir='ltr'><strong>falimentariam</strong></span> <span class='ocrx_word' id='word_1_160' title='bbox 939 1064 1039 1091; x_wconf 65' lang='lat' dir='ltr'><strong>animm</strong></span> 
     </span>
    </p>
   </div>
   <div class='ocr_carea' id='block_1_25' title="bbox 250 1107 1037 1142">
    <p class='ocr_par' dir='ltr' id='par_1_25' title="bbox 250 1107 1037 1142">
     <span class='ocr_line' id='line_1_25' title="bbox 250 1107 1037 1142; baseline 0 -6"><span class='ocrx_word' id='word_1_161' title='bbox 250 1109 419 1141; x_wconf 80' lang='lat' dir='ltr'><strong>facultatem,</strong></span> <span class='ocrx_word' id='word_1_162' title='bbox 436 1108 460 1134; x_wconf 91' lang='lat' dir='ltr'><strong>vi</strong></span> <span class='ocrx_word' id='word_1_163' title='bbox 477 1107 556 1142; x_wconf 86' lang='lat' dir='ltr'><strong>cujus</strong></span> <span class='ocrx_word' id='word_1_164' title='bbox 573 1108 628 1135; x_wconf 89' lang='lat' dir='ltr'><strong>cibi</strong></span> <span class='ocrx_word' id='word_1_165' title='bbox 644 1107 670 1135; x_wconf 91' lang='lat' dir='ltr'><strong>in</strong></span> <span class='ocrx_word' id='word_1_166' title='bbox 686 1111 809 1134; x_wconf 84' lang='lat' dir='ltr'><strong>ventrem</strong></span> <span class='ocrx_word' id='word_1_167' title='bbox 829 1107 988 1135; x_wconf 90' lang='lat' dir='ltr'><strong>mittuntur.</strong></span> <span class='ocrx_word' id='word_1_168' title='bbox 1008 1108 1037 1136; x_wconf 90' lang='lat' dir='ltr'><strong>Si</strong></span> 
     </span>
    </p>
   </div>
   <div class='ocr_carea' id='block_1_26' title="bbox 249 1153 1037 1189">
    <p class='ocr_par' dir='ltr' id='par_1_26' title="bbox 249 1153 1037 1189">
     <span class='ocr_line' id='line_1_26' title="bbox 249 1153 1037 1189; baseline 0.001 -8"><span class='ocrx_word' id='word_1_169' title='bbox 249 1162 315 1189; x_wconf 75' lang='lat' dir='ltr'><strong>ergo</strong></span> <span class='ocrx_word' id='word_1_170' title='bbox 339 1155 395 1182; x_wconf 74' lang='lat' dir='ltr'><strong>haec</strong></span> <span class='ocrx_word' id='word_1_171' title='bbox 419 1158 493 1182; x_wconf 90' lang='lat' dir='ltr'><strong>recte</strong></span> <span class='ocrx_word' id='word_1_172' title='bbox 515 1153 700 1186; x_wconf 88' lang='lat' dir='ltr'><strong>constitueris,</strong></span> <span class='ocrx_word' id='word_1_173' title='bbox 727 1158 756 1180; x_wconf 84' lang='lat' dir='ltr'><strong>et</strong></span> <span class='ocrx_word' id='word_1_174' title='bbox 778 1161 840 1188; x_wconf 74' lang='lat' dir='ltr'><strong>qua:</strong></span> <span class='ocrx_word' id='word_1_175' title='bbox 861 1154 895 1181; x_wconf 78' lang='lat' dir='ltr'><strong>ad</strong></span> <span class='ocrx_word' id='word_1_176' title='bbox 917 1159 1037 1182; x_wconf 87' lang='lat' dir='ltr'><strong>mentem</strong></span> 
     </span>
    </p>
   </div>
   <div class='ocr_carea' id='block_1_27' title="bbox 249 1198 1035 1235">
    <p class='ocr_par' dir='ltr' id='par_1_27' title="bbox 249 1198 1035 1235">
     <span class='ocr_line' id='line_1_27' title="bbox 249 1198 1035 1235; baseline -0.003 -7"><span class='ocrx_word' id='word_1_177' title='bbox 249 1201 389 1235; x_wconf 86' lang='lat' dir='ltr'><strong>pertinent</strong></span> <span class='ocrx_word' id='word_1_178' title='bbox 405 1205 432 1227; x_wconf 92' lang='lat' dir='ltr'><strong>et</strong></span> <span class='ocrx_word' id='word_1_179' title='bbox 448 1206 508 1234; x_wconf 70' lang='lat' dir='ltr'><strong>quae</strong></span> <span class='ocrx_word' id='word_1_180' title='bbox 533 1199 567 1225; x_wconf 90' lang='lat' dir='ltr'><strong>ad</strong></span> <span class='ocrx_word' id='word_1_181' title='bbox 595 1198 808 1233; x_wconf 84' lang='lat' dir='ltr'><strong>indagationem,</strong></span> <span class='ocrx_word' id='word_1_182' title='bbox 836 1203 917 1226; x_wconf 85' lang='lat' dir='ltr'><strong>erunt</strong></span> <span class='ocrx_word' id='word_1_183' title='bbox 934 1199 980 1226; x_wconf 92' lang='lat' dir='ltr'><strong>tibi</strong></span> <span class='ocrx_word' id='word_1_184' title='bbox 1004 1207 1035 1227; x_wconf 83' lang='lat' dir='ltr'><strong>ex</strong></span> 
     </span>
    </p>
   </div>
   <div class='ocr_carea' id='block_1_28' title="bbox 249 1244 1036 1280">
    <p class='ocr_par' dir='ltr' id='par_1_28' title="bbox 249 1244 1036 1280">
     <span class='ocr_line' id='line_1_28' title="bbox 249 1244 1036 1280; baseline 0.001 -8"><span class='ocrx_word' id='word_1_185' title='bbox 249 1246 390 1280; x_wconf 73' lang='lat' dir='ltr'><strong>sapientia:</strong></span> <span class='ocrx_word' id='word_1_186' title='bbox 415 1252 499 1272; x_wconf 85' lang='lat' dir='ltr'><strong>sensu</strong></span> <span class='ocrx_word' id='word_1_187' title='bbox 523 1244 656 1279; x_wconf 85' lang='lat' dir='ltr'><strong>sapientia</strong></span> <span class='ocrx_word' id='word_1_188' title='bbox 682 1246 739 1279; x_wconf 85' lang='lat' dir='ltr'><strong>ipsa</strong></span> <span class='ocrx_word' id='word_1_189' title='bbox 764 1246 901 1279; x_wconf 75' lang='lat' dir='ltr'><strong>dogmata.</strong></span> <span class='ocrx_word' id='word_1_190' title='bbox 928 1244 996 1272; x_wconf 86' lang='lat' dir='ltr'><strong>Nam</strong></span> <span class='ocrx_word' id='word_1_191' title='bbox 1014 1245 1036 1273; x_wconf 87' lang='lat' dir='ltr'><strong>si</strong></span> 
     </span>
    </p>
   </div>
   <div class='ocr_carea' id='block_1_29' title="bbox 249 1291 1037 1327">
    <p class='ocr_par' dir='ltr' id='par_1_29' title="bbox 249 1291 1037 1327">
     <span class='ocr_line' id='line_1_29' title="bbox 249 1291 1037 1327; baseline -0.001 -8"><span class='ocrx_word' id='word_1_192' title='bbox 249 1293 390 1319; x_wconf 85' lang='lat' dir='ltr'><strong>inveneris</strong></span> <span class='ocrx_word' id='word_1_193' title='bbox 404 1291 554 1326; x_wconf 86' lang='lat' dir='ltr'><strong>spiritalem</strong></span> <span class='ocrx_word' id='word_1_194' title='bbox 578 1292 728 1327; x_wconf 73' lang='lat' dir='ltr'><strong>Scriptum</strong></span> <span class='ocrx_word' id='word_1_195' title='bbox 750 1299 873 1325; x_wconf 84' lang='lat' dir='ltr'><strong>sensum,</strong></span> <span class='ocrx_word' id='word_1_196' title='bbox 894 1291 966 1319; x_wconf 91' lang='lat' dir='ltr'><strong>bona</strong></span> <span class='ocrx_word' id='word_1_197' title='bbox 988 1291 1037 1318; x_wconf 92' lang='lat' dir='ltr'><strong>tibi</strong></span> 
     </span>
    </p>
   </div>
   <div class='ocr_carea' id='block_1_30' title="bbox 248 1336 1039 1372">
    <p class='ocr_par' dir='ltr' id='par_1_30' title="bbox 248 1336 1039 1372">
     <span class='ocr_line' id='line_1_30' title="bbox 248 1336 1039 1372; baseline -0.001 -7"><span class='ocrx_word' id='word_1_198' title='bbox 248 1339 388 1372; x_wconf 82' lang='lat' dir='ltr'><strong>continget</strong></span> <span class='ocrx_word' id='word_1_199' title='bbox 402 1345 486 1371; x_wconf 89' lang='lat' dir='ltr'><strong>mors,</strong></span> <span class='ocrx_word' id='word_1_200' title='bbox 502 1342 533 1365; x_wconf 91' lang='lat' dir='ltr'><strong>ut</strong></span> <span class='ocrx_word' id='word_1_201' title='bbox 543 1337 637 1365; x_wconf 85' lang='lat' dir='ltr'><strong>dicas:</strong></span> <span class='ocrx_word' id='word_1_202' title='bbox 652 1336 775 1365; x_wconf 76' lang='lat' dir='ltr'><strong>Pretiora</strong></span> <span class='ocrx_word' id='word_1_203' title='bbox 789 1338 817 1364; x_wconf 84' lang='lat' dir='ltr'><strong>in</strong></span> <span class='ocrx_word' id='word_1_204' title='bbox 831 1342 970 1371; x_wconf 67' lang='lat' dir='ltr'><strong>conspectu</strong></span> <span class='ocrx_word' id='word_1_205' title='bbox 984 1336 1039 1364; x_wconf 91' lang='lat' dir='ltr'><strong>Do-</strong></span> 
     </span>
    </p>
   </div>
   <div class='ocr_carea' id='block_1_31' title="bbox 248 1383 1037 1420">
    <p class='ocr_par' dir='ltr' id='par_1_31' title="bbox 248 1383 1037 1420">
     <span class='ocr_line' id='line_1_31' title="bbox 248 1383 1037 1420; baseline -0.003 -8"><span class='ocrx_word' id='word_1_206' title='bbox 248 1385 313 1412; x_wconf 81' lang='lat' dir='ltr'><strong>mini</strong></span> <span class='ocrx_word' id='word_1_207' title='bbox 340 1393 411 1412; x_wconf 71' lang='lat' dir='ltr'><strong>mort</strong></span> <span class='ocrx_word' id='word_1_208' title='bbox 432 1389 584 1412; x_wconf 78' lang='lat' dir='ltr'><strong>sanctorum</strong></span> <span class='ocrx_word' id='word_1_209' title='bbox 607 1386 665 1420; x_wconf 68' lang='lat' dir='ltr'><strong>ejus</strong></span> <span class='ocrx_word' id='word_1_210' title='bbox 685 1384 720 1412; x_wconf 81' lang='grc'><strong>⁸⁸.</strong></span> <span class='ocrx_word' id='word_1_211' title='bbox 737 1383 794 1412; x_wconf 79' lang='lat' dir='ltr'><strong>Nec</strong></span> <span class='ocrx_word' id='word_1_212' title='bbox 809 1391 875 1412; x_wconf 87' lang='lat' dir='ltr'><strong>vero</strong></span> <span class='ocrx_word' id='word_1_213' title='bbox 890 1384 924 1412; x_wconf 86' lang='lat' dir='ltr'><strong>de</strong></span> <span class='ocrx_word' id='word_1_214' title='bbox 937 1383 1037 1411; x_wconf 87' lang='lat' dir='ltr'><strong>futuris</strong></span> 
     </span>
    </p>
   </div>
   <div class='ocr_carea' id='block_1_32' title="bbox 248 1431 466 1466">
    <p class='ocr_par' dir='ltr' id='par_1_32' title="bbox 248 1431 466 1466">
     <span class='ocr_line' id='line_1_32' title="bbox 248 1431 466 1466; baseline 0.005 -9"><span class='ocrx_word' id='word_1_215' title='bbox 248 1438 322 1465; x_wconf 86' lang='lat' dir='ltr'><strong>spem</strong></span> <span class='ocrx_word' id='word_1_216' title='bbox 343 1431 466 1466; x_wconf 89' lang='lat' dir='ltr'><strong>abjicies.</strong></span> 
     </span>
    </p>
   </div>
   <div class='ocr_carea' id='block_1_33' title="bbox 282 1470 1037 1512">
    <p class='ocr_par' dir='ltr' id='par_1_33' title="bbox 282 1470 1037 1512">
     <span class='ocr_line' id='line_1_33' title="bbox 282 1470 1037 1512; baseline -0.001 -9"><span class='ocrx_word' id='word_1_217' title='bbox 282 1477 306 1492; x_wconf 84' lang='lat'><strong><em>&quot;</em></strong></span> <span class='ocrx_word' id='word_1_218' title='bbox 320 1476 359 1504; x_wconf 83' lang='lat' dir='ltr'><strong>Ne</strong></span> <span class='ocrx_word' id='word_1_219' title='bbox 379 1476 511 1511; x_wconf 69' lang='lat' dir='ltr'><strong>praeferas</strong></span> <span class='ocrx_word' id='word_1_220' title='bbox 527 1477 666 1504; x_wconf 89' lang='lat' dir='ltr'><strong>diabolum</strong></span> <span class='ocrx_word' id='word_1_221' title='bbox 693 1477 808 1512; x_wconf 71' lang='lat' dir='ltr'><strong>justitiae</strong></span> <span class='ocrx_word' id='word_1_222' title='bbox 831 1470 890 1510; x_wconf 71' lang='lat' dir='ltr'><strong>Dei,</strong></span> <span class='ocrx_word' id='word_1_223' title='bbox 907 1483 960 1511; x_wconf 88' lang='lat' dir='ltr'><strong>qua</strong></span> <span class='ocrx_word' id='word_1_224' title='bbox 974 1483 1037 1503; x_wconf 84' lang='lat' dir='ltr'><strong>san-</strong></span> 
     </span>
    </p>
   </div>
   <div class='ocr_carea' id='block_1_34' title="bbox 1093 231 1880 271">
    <p class='ocr_par' dir='ltr' id='par_1_34' title="bbox 1093 231 1880 271">
     <span class='ocr_line' id='line_1_34' title="bbox 1093 231 1880 271; baseline 0.006 -13"><span class='ocrx_word' id='word_1_225' title='bbox 1093 231 1194 266; x_wconf 84' lang='grc' dir='ltr'>ἀγαθδν</span> <span class='ocrx_word' id='word_1_226' title='bbox 1206 232 1311 268; x_wconf 85' lang='grc' dir='ltr'>ἀγαθῷ,</span> <span class='ocrx_word' id='word_1_227' title='bbox 1326 234 1374 259; x_wconf 80' lang='grc' dir='ltr'>καὶ</span> <span class='ocrx_word' id='word_1_228' title='bbox 1385 232 1496 269; x_wconf 79' lang='grc' dir='ltr'>πονηρῷ</span> <span class='ocrx_word' id='word_1_229' title='bbox 1507 234 1615 269; x_wconf 87' lang='grc' dir='ltr'>πονηρά</span> <span class='ocrx_word' id='word_1_230' title='bbox 1626 242 1634 249; x_wconf 95' lang='grc'><strong>·</strong></span> <span class='ocrx_word' id='word_1_231' title='bbox 1650 234 1690 261; x_wconf 76' lang='grc' dir='ltr'>ὅτι</span> <span class='ocrx_word' id='word_1_232' title='bbox 1703 234 1760 271; x_wconf 84' lang='grc' dir='ltr'><strong>γὰρ</strong></span> <span class='ocrx_word' id='word_1_233' title='bbox 1774 235 1804 262; x_wconf 79' lang='grc' dir='ltr'>οὗ</span> <span class='ocrx_word' id='word_1_234' title='bbox 1817 237 1880 263; x_wconf 81' lang='grc' dir='ltr'><strong>κατά</strong></span> 
     </span>
    </p>
   </div>
   <div class='ocr_carea' id='block_1_35' title="bbox 1092 279 1879 316">
    <p class='ocr_par' dir='ltr' id='par_1_35' title="bbox 1092 279 1879 316">
     <span class='ocr_line' id='line_1_35' title="bbox 1092 279 1879 316; baseline 0.005 -11"><span class='ocrx_word' id='word_1_235' title='bbox 1092 279 1123 305; x_wconf 80' lang='grc' dir='ltr'><strong>τὺ</strong></span> <span class='ocrx_word' id='word_1_236' title='bbox 1144 279 1227 305; x_wconf 82' lang='grc' dir='ltr'>ποσὸν</span> <span class='ocrx_word' id='word_1_237' title='bbox 1238 299 1245 311; x_wconf 87' lang='grc'><strong>,</strong></span> <span class='ocrx_word' id='word_1_238' title='bbox 1262 279 1342 315; x_wconf 87' lang='grc' dir='ltr'>δῆλον</span> <span class='ocrx_word' id='word_1_239' title='bbox 1354 289 1361 295; x_wconf 87' lang='lat'><strong><em>-</em></strong></span> <span class='ocrx_word' id='word_1_240' title='bbox 1379 280 1421 306; x_wconf 81' lang='grc' dir='ltr'><strong>Οὐ</strong></span> <span class='ocrx_word' id='word_1_241' title='bbox 1438 279 1493 314; x_wconf 78' lang='grc' dir='ltr'><strong>τὰρ</strong></span> <span class='ocrx_word' id='word_1_242' title='bbox 1515 280 1586 313; x_wconf 81' lang='grc' dir='ltr'>ἄξια</span> <span class='ocrx_word' id='word_1_243' title='bbox 1605 281 1642 307; x_wconf 78' lang='grc' dir='ltr'><em>τὰ</em></span> <span class='ocrx_word' id='word_1_244' title='bbox 1661 281 1821 316; x_wconf 78' lang='grc' dir='ltr'>παθήματα</span> <span class='ocrx_word' id='word_1_245' title='bbox 1833 283 1879 310; x_wconf 73' lang='grc' dir='ltr'>τοῦ</span> 
     </span>
    </p>
   </div>
   <div class='ocr_carea' id='block_1_36' title="bbox 1093 323 1880 360">
    <p class='ocr_par' dir='ltr' id='par_1_36' title="bbox 1093 323 1880 360">
     <span class='ocr_line' id='line_1_36' title="bbox 1093 323 1880 360; baseline 0.006 -9"><span class='ocrx_word' id='word_1_246' title='bbox 1093 323 1153 351; x_wconf 80' lang='grc' dir='ltr'><strong>νῦν</strong></span> <span class='ocrx_word' id='word_1_247' title='bbox 1165 324 1269 358; x_wconf 80' lang='grc' dir='ltr'><strong>καιροῦ</strong></span> <span class='ocrx_word' id='word_1_248' title='bbox 1282 325 1358 360; x_wconf 83' lang='grc' dir='ltr'>πρὸς</span> <span class='ocrx_word' id='word_1_249' title='bbox 1372 324 1430 359; x_wconf 81' lang='grc' dir='ltr'><strong>τὴν</strong></span> <span class='ocrx_word' id='word_1_250' title='bbox 1439 325 1619 360; x_wconf 74' lang='grc' dir='ltr'>μέλλουσαν</span> <span class='ocrx_word' id='word_1_251' title='bbox 1633 326 1728 359; x_wconf 79' lang='grc' dir='ltr'>δόξαν</span> <span class='ocrx_word' id='word_1_252' title='bbox 1738 335 1745 343; x_wconf 88' lang='grc'><strong>·</strong></span> <span class='ocrx_word' id='word_1_253' title='bbox 1761 329 1785 354; x_wconf 79' lang='grc' dir='ltr'><strong>εί</strong></span> <span class='ocrx_word' id='word_1_254' title='bbox 1801 328 1828 355; x_wconf 78' lang='grc' dir='ltr'>δὲ</span> <span class='ocrx_word' id='word_1_255' title='bbox 1839 330 1880 356; x_wconf 79' lang='grc' dir='ltr'><strong>καὶ</strong></span> 
     </span>
    </p>
   </div>
   <div class='ocr_carea' id='block_1_37' title="bbox 1093 369 1879 410">
    <p class='ocr_par' dir='ltr' id='par_1_37' title="bbox 1093 369 1879 410">
     <span class='ocr_line' id='line_1_37' title="bbox 1093 369 1879 410; baseline 0.008 -15"><span class='ocrx_word' id='word_1_256' title='bbox 1093 369 1140 396; x_wconf 77' lang='grc' dir='ltr'><strong>ἐπὶ</strong></span> <span class='ocrx_word' id='word_1_257' title='bbox 1159 369 1244 396; x_wconf 77' lang='grc' dir='ltr'>ποαοῦ</span> <span class='ocrx_word' id='word_1_258' title='bbox 1265 379 1308 402; x_wconf 85' lang='grc' dir='ltr'><strong>τις</strong></span> <span class='ocrx_word' id='word_1_259' title='bbox 1328 370 1454 406; x_wconf 72' lang='grc' dir='ltr'><strong>ἐκλαβεῖν</strong></span> <span class='ocrx_word' id='word_1_260' title='bbox 1472 371 1578 405; x_wconf 82' lang='grc' dir='ltr'>ἐθέλοι,</span> <span class='ocrx_word' id='word_1_261' title='bbox 1604 373 1666 400; x_wconf 80' lang='grc' dir='ltr'>κατ’</span> <span class='ocrx_word' id='word_1_262' title='bbox 1678 373 1825 408; x_wconf 77' lang='grc' dir='ltr'><strong>ἀναλογίαν</strong></span> <span class='ocrx_word' id='word_1_263' title='bbox 1838 375 1879 410; x_wconf 88' lang='grc' dir='ltr'>τῆς</span> 
     </span>
    </p>
   </div>
   <div class='ocr_carea' id='block_1_38' title="bbox 1092 416 1880 454">
    <p class='ocr_par' dir='ltr' id='par_1_38' title="bbox 1092 416 1880 454">
     <span class='ocr_line' id='line_1_38' title="bbox 1092 416 1880 454; baseline 0.006 -12"><span class='ocrx_word' id='word_1_264' title='bbox 1092 416 1208 443; x_wconf 78' lang='grc' dir='ltr'><strong>ἑκάστου</strong></span> <span class='ocrx_word' id='word_1_265' title='bbox 1233 416 1375 452; x_wconf 83' lang='grc' dir='ltr'>δυνάμεως</span> <span class='ocrx_word' id='word_1_266' title='bbox 1397 418 1447 454; x_wconf 81' lang='grc' dir='ltr'>τὴν</span> <span class='ocrx_word' id='word_1_267' title='bbox 1470 418 1644 446; x_wconf 81' lang='grc' dir='ltr'><strong>ἀνταπόδοσιν</strong></span> <span class='ocrx_word' id='word_1_268' title='bbox 1659 420 1757 447; x_wconf 86' lang='grc' dir='ltr'>οίέσθω</span> <span class='ocrx_word' id='word_1_269' title='bbox 1768 429 1775 436; x_wconf 91' lang='grc'><strong>·</strong></span> <span class='ocrx_word' id='word_1_270' title='bbox 1789 420 1827 452; x_wconf 82' lang='grc' dir='ltr'><strong>ὡς</strong></span> <span class='ocrx_word' id='word_1_271' title='bbox 1839 422 1880 448; x_wconf 78' lang='grc' dir='ltr'>καὶ</span> 
     </span>
    </p>
   </div>
   <div class='ocr_carea' id='block_1_39' title="bbox 1091 462 1880 503">
    <p class='ocr_par' dir='ltr' id='par_1_39' title="bbox 1091 462 1880 503">
     <span class='ocr_line' id='line_1_39' title="bbox 1091 462 1880 503; baseline 0.008 -15"><span class='ocrx_word' id='word_1_272' title='bbox 1091 462 1126 489; x_wconf 82' lang='grc' dir='ltr'><strong>τὰ</strong></span> <span class='ocrx_word' id='word_1_273' title='bbox 1151 462 1198 489; x_wconf 84' lang='grc' dir='ltr'>τοῦ</span> <span class='ocrx_word' id='word_1_274' title='bbox 1222 462 1380 498; x_wconf 82' lang='grc' dir='ltr'>Πνεύματος</span> <span class='ocrx_word' id='word_1_275' title='bbox 1404 464 1561 500; x_wconf 70' lang='grc' dir='ltr'><strong>χαρίσματα</strong></span> <span class='ocrx_word' id='word_1_276' title='bbox 1586 466 1647 492; x_wconf 86' lang='grc' dir='ltr'>κατ’</span> <span class='ocrx_word' id='word_1_277' title='bbox 1668 465 1817 500; x_wconf 77' lang='grc' dir='ltr'>ἀναλογίαν</span> <span class='ocrx_word' id='word_1_278' title='bbox 1835 467 1880 503; x_wconf 79' lang='grc' dir='ltr'>τῆς</span> 
     </span>
    </p>
   </div>
   <div class='ocr_carea' id='block_1_40' title="bbox 1093 508 1340 540">
    <p class='ocr_par' dir='ltr' id='par_1_40' title="bbox 1093 508 1340 540">
     <span class='ocr_line' id='line_1_40' title="bbox 1093 508 1340 540; baseline 0.008 -6"><span class='ocrx_word' id='word_1_279' title='bbox 1093 508 1215 540; x_wconf 83' lang='grc' dir='ltr'>πίστεως</span> <span class='ocrx_word' id='word_1_280' title='bbox 1228 509 1340 536; x_wconf 86' lang='grc' dir='ltr'>δίδοται.</span> 
     </span>
    </p>
   </div>
   <div class='ocr_carea' id='block_1_41' title="bbox 1133 642 1878 683">
    <p class='ocr_par' dir='ltr' id='par_1_41' title="bbox 1133 642 1878 683">
     <span class='ocr_line' id='line_1_41' title="bbox 1133 642 1878 683; baseline 0.007 -14"><span class='ocrx_word' id='word_1_281' title='bbox 1133 642 1231 669; x_wconf 78' lang='grc' dir='ltr'>Ἐσθίει</span> <span class='ocrx_word' id='word_1_282' title='bbox 1246 642 1307 678; x_wconf 81' lang='grc' dir='ltr'>μέλι</span> <span class='ocrx_word' id='word_1_283' title='bbox 1326 644 1341 671; x_wconf 86' lang='grc' dir='ltr'><strong>δ</strong></span> <span class='ocrx_word' id='word_1_284' title='bbox 1355 644 1409 671; x_wconf 82' lang='grc' dir='ltr'>ἀπὸ</span> <span class='ocrx_word' id='word_1_285' title='bbox 1424 644 1479 671; x_wconf 75' lang='grc' dir='ltr'>τῶν</span> <span class='ocrx_word' id='word_1_286' title='bbox 1497 644 1579 671; x_wconf 82' lang='grc' dir='ltr'>θείων</span> <span class='ocrx_word' id='word_1_287' title='bbox 1595 645 1616 671; x_wconf 89' lang='grc' dir='ltr'><strong>Γ</strong></span> <span class='ocrx_word' id='word_1_288' title='bbox 1619 645 1713 681; x_wconf 83' lang='grc' dir='ltr'>ραφῶν</span> <span class='ocrx_word' id='word_1_289' title='bbox 1729 646 1878 683; x_wconf 79' lang='grc' dir='ltr'>ὠφελούμε-</span> 
     </span>
    </p>
   </div>
   <div class='ocr_carea' id='block_1_42' title="bbox 1090 689 1876 728">
    <p class='ocr_par' dir='ltr' id='par_1_42' title="bbox 1090 689 1876 728">
     <span class='ocr_line' id='line_1_42' title="bbox 1090 689 1876 728; baseline 0.006 -12"><span class='ocrx_word' id='word_1_290' title='bbox 1090 697 1135 721; x_wconf 87' lang='grc' dir='ltr'><strong>νος</strong></span> <span class='ocrx_word' id='word_1_291' title='bbox 1147 699 1153 705; x_wconf 93' lang='grc'><strong>·</strong></span> <span class='ocrx_word' id='word_1_292' title='bbox 1170 691 1184 716; x_wconf 84' lang='grc' dir='ltr'><strong>δ</strong></span> <span class='ocrx_word' id='word_1_293' title='bbox 1196 690 1226 716; x_wconf 85' lang='grc' dir='ltr'>δὲ</span> <span class='ocrx_word' id='word_1_294' title='bbox 1240 689 1287 716; x_wconf 83' lang='grc' dir='ltr'>ἀπ’</span> <span class='ocrx_word' id='word_1_295' title='bbox 1300 690 1391 717; x_wconf 85' lang='grc' dir='ltr'>αὐτῶν</span> <span class='ocrx_word' id='word_1_296' title='bbox 1412 691 1552 719; x_wconf 69' lang='grc' dir='ltr'>ἐκϐάλλων</span> <span class='ocrx_word' id='word_1_297' title='bbox 1567 691 1622 718; x_wconf 87' lang='grc' dir='ltr'><strong>τῶν</strong></span> <span class='ocrx_word' id='word_1_298' title='bbox 1637 694 1810 728; x_wconf 75' lang='grc' dir='ltr'><strong>πραγμάτων</strong></span> <span class='ocrx_word' id='word_1_299' title='bbox 1822 695 1876 726; x_wconf 77' lang='grc' dir='ltr'>τοὺς</span> 
     </span>
    </p>
   </div>
   <div class='ocr_carea' id='block_1_43' title="bbox 1090 732 1877 774">
    <p class='ocr_par' dir='ltr' id='par_1_43' title="bbox 1090 732 1877 774">
     <span class='ocr_line' id='line_1_43' title="bbox 1090 732 1877 774; baseline 0.005 -12"><span class='ocrx_word' id='word_1_300' title='bbox 1090 735 1197 770; x_wconf 82' lang='grc' dir='ltr'>λόγους,</span> <span class='ocrx_word' id='word_1_301' title='bbox 1213 736 1260 770; x_wconf 89' lang='grc' dir='ltr'>ἀφ’</span> <span class='ocrx_word' id='word_1_302' title='bbox 1271 732 1309 763; x_wconf 84' lang='grc' dir='ltr'>ὧν</span> <span class='ocrx_word' id='word_1_303' title='bbox 1324 736 1467 772; x_wconf 84' lang='grc' dir='ltr'>εἰλήφασιν</span> <span class='ocrx_word' id='word_1_304' title='bbox 1480 737 1552 771; x_wconf 73' lang='grc' dir='ltr'>ἅγιοι</span> <span class='ocrx_word' id='word_1_305' title='bbox 1565 738 1705 774; x_wconf 82' lang='grc' dir='ltr'>προφῆται</span> <span class='ocrx_word' id='word_1_306' title='bbox 1719 739 1769 765; x_wconf 70' lang='grc' dir='ltr'>καὶ</span> <span class='ocrx_word' id='word_1_307' title='bbox 1780 739 1805 765; x_wconf 77' lang='grc' dir='ltr'>οἱ</span> <span class='ocrx_word' id='word_1_308' title='bbox 1819 739 1877 766; x_wconf 79' lang='grc' dir='ltr'>ἀπό-</span> 
     </span>
    </p>
   </div>
   <div class='ocr_carea' id='block_1_44' title="bbox 1091 781 1876 820">
    <p class='ocr_par' dir='ltr' id='par_1_44' title="bbox 1091 781 1876 820">
     <span class='ocr_line' id='line_1_44' title="bbox 1091 781 1876 820; baseline 0.004 -13"><span class='ocrx_word' id='word_1_309' title='bbox 1091 781 1178 808; x_wconf 88' lang='grc' dir='ltr'>στολοι</span> <span class='ocrx_word' id='word_1_310' title='bbox 1190 801 1197 813; x_wconf 88' lang='grc'><strong>,</strong></span> <span class='ocrx_word' id='word_1_311' title='bbox 1214 782 1243 808; x_wconf 78' lang='grc' dir='ltr'>ὲν</span> <span class='ocrx_word' id='word_1_312' title='bbox 1261 781 1300 817; x_wconf 87' lang='grc' dir='ltr'>τῷ</span> <span class='ocrx_word' id='word_1_313' title='bbox 1318 783 1406 809; x_wconf 85' lang='grc' dir='ltr'>ποιεῖν</span> <span class='ocrx_word' id='word_1_314' title='bbox 1426 790 1454 809; x_wconf 87' lang='grc' dir='ltr'><strong>τε</strong></span> <span class='ocrx_word' id='word_1_315' title='bbox 1476 783 1524 809; x_wconf 82' lang='grc' dir='ltr'>καὶ</span> <span class='ocrx_word' id='word_1_316' title='bbox 1541 782 1676 810; x_wconf 77' lang='grc' dir='ltr'>διδάσκειν</span> <span class='ocrx_word' id='word_1_317' title='bbox 1688 803 1696 816; x_wconf 90' lang='grc'><strong>,</strong></span> <span class='ocrx_word' id='word_1_318' title='bbox 1718 783 1822 819; x_wconf 84' lang='grc' dir='ltr'>τρώγει</span> <span class='ocrx_word' id='word_1_319' title='bbox 1834 793 1876 820; x_wconf 79' lang='grc' dir='ltr'>κη-</span> 
     </span>
    </p>
   </div>
   <div class='ocr_carea' id='block_1_45' title="bbox 1091 827 1876 866">
    <p class='ocr_par' dir='ltr' id='par_1_45' title="bbox 1091 827 1876 866">
     <span class='ocr_line' id='line_1_45' title="bbox 1091 827 1876 866; baseline 0.005 -12"><span class='ocrx_word' id='word_1_320' title='bbox 1091 827 1148 864; x_wconf 86' lang='grc' dir='ltr'>ρίον</span> <span class='ocrx_word' id='word_1_321' title='bbox 1160 837 1166 844; x_wconf 94' lang='grc'><strong>·</strong></span> <span class='ocrx_word' id='word_1_322' title='bbox 1187 829 1235 856; x_wconf 80' lang='grc' dir='ltr'>καὶ</span> <span class='ocrx_word' id='word_1_323' title='bbox 1249 829 1280 855; x_wconf 80' lang='grc' dir='ltr'>τὸ</span> <span class='ocrx_word' id='word_1_324' title='bbox 1303 829 1351 865; x_wconf 77' lang='grc' dir='ltr'>μὲν</span> <span class='ocrx_word' id='word_1_325' title='bbox 1368 828 1430 865; x_wconf 84' lang='grc' dir='ltr'>μέλι</span> <span class='ocrx_word' id='word_1_326' title='bbox 1445 831 1558 864; x_wconf 84' lang='grc' dir='ltr'>φαγεῖν,</span> <span class='ocrx_word' id='word_1_327' title='bbox 1575 829 1622 856; x_wconf 79' lang='grc' dir='ltr'><strong>τοῦ</strong></span> <span class='ocrx_word' id='word_1_328' title='bbox 1636 830 1801 866; x_wconf 81' lang='grc' dir='ltr'>βουλομένου</span> <span class='ocrx_word' id='word_1_329' title='bbox 1816 839 1876 858; x_wconf 86' lang='grc' dir='ltr'>παν-</span> 
     </span>
    </p>
   </div>
   <div class='ocr_carea' id='block_1_46' title="bbox 1055 863 1875 912">
    <p class='ocr_par' dir='ltr' id='par_1_46' title="bbox 1055 863 1875 912">
     <span class='ocr_line' id='line_1_46' title="bbox 1055 863 1875 912; baseline 0.004 -11"><span class='ocrx_word' id='word_1_330' title='bbox 1055 863 1076 891; x_wconf 76' lang='lat' dir='ltr'><strong>B</strong></span> <span class='ocrx_word' id='word_1_331' title='bbox 1088 875 1134 906; x_wconf 86' lang='grc' dir='ltr'><strong>τός</strong></span> <span class='ocrx_word' id='word_1_332' title='bbox 1145 883 1152 889; x_wconf 90' lang='grc'>·</span> <span class='ocrx_word' id='word_1_333' title='bbox 1170 875 1201 901; x_wconf 88' lang='grc' dir='ltr'>τὸ</span> <span class='ocrx_word' id='word_1_334' title='bbox 1217 875 1245 902; x_wconf 75' lang='grc' dir='ltr'>δὲ</span> <span class='ocrx_word' id='word_1_335' title='bbox 1260 863 1375 911; x_wconf 62' lang='grc' dir='ltr'>κηρίον,</span> <span class='ocrx_word' id='word_1_336' title='bbox 1401 863 1544 911; x_wconf 71' lang='grc' dir='ltr'>μόνουτοῦ</span> <span class='ocrx_word' id='word_1_337' title='bbox 1559 863 1680 912; x_wconf 79' lang='grc' dir='ltr'>καθαροῦ</span> <span class='ocrx_word' id='word_1_338' title='bbox 1691 885 1698 891; x_wconf 93' lang='grc'><strong>·</strong></span> <span class='ocrx_word' id='word_1_339' title='bbox 1719 863 1740 912; x_wconf 42' lang='grc' dir='ltr'><strong>-ἢ</strong></span> <span class='ocrx_word' id='word_1_340' title='bbox 1760 877 1807 904; x_wconf 74' lang='grc' dir='ltr'>καὶ</span> <span class='ocrx_word' id='word_1_341' title='bbox 1824 876 1875 912; x_wconf 79' lang='grc' dir='ltr'>μέλι</span> 
     </span>
    </p>
   </div>
   <div class='ocr_carea' id='block_1_47' title="bbox 1089 920 1874 958">
    <p class='ocr_par' dir='ltr' id='par_1_47' title="bbox 1089 920 1874 958">
     <span class='ocr_line' id='line_1_47' title="bbox 1089 920 1874 958; baseline 0.004 -12"><span class='ocrx_word' id='word_1_342' title='bbox 1089 920 1185 955; x_wconf 78' lang='grc' dir='ltr'>ῥητέον</span> <span class='ocrx_word' id='word_1_343' title='bbox 1203 920 1251 956; x_wconf 84' lang='grc' dir='ltr'>τὴν</span> <span class='ocrx_word' id='word_1_344' title='bbox 1267 921 1432 956; x_wconf 81' lang='grc' dir='ltr'>ἀλληγορίαν</span> <span class='ocrx_word' id='word_1_345' title='bbox 1444 929 1451 937; x_wconf 86' lang='grc'><strong>·</strong></span> <span class='ocrx_word' id='word_1_346' title='bbox 1473 922 1569 958; x_wconf 84' lang='grc' dir='ltr'>κηρίον</span> <span class='ocrx_word' id='word_1_347' title='bbox 1587 922 1631 954; x_wconf 76' lang='grc' dir='ltr'>δὲ,</span> <span class='ocrx_word' id='word_1_348' title='bbox 1650 922 1699 957; x_wconf 84' lang='grc' dir='ltr'>τὴν</span> <span class='ocrx_word' id='word_1_349' title='bbox 1723 923 1809 958; x_wconf 78' lang='grc' dir='ltr'>ῥητὴν</span> <span class='ocrx_word' id='word_1_350' title='bbox 1823 923 1874 949; x_wconf 79' lang='grc' dir='ltr'>ἐπί-</span> 
     </span>
    </p>
   </div>
   <div class='ocr_carea' id='block_1_48' title="bbox 1090 964 1873 1002">
    <p class='ocr_par' dir='ltr' id='par_1_48' title="bbox 1090 964 1873 1002">
     <span class='ocr_line' id='line_1_48' title="bbox 1090 964 1873 1002; baseline 0.003 -11"><span class='ocrx_word' id='word_1_351' title='bbox 1090 964 1185 999; x_wconf 77' lang='grc' dir='ltr'>σκεψιν</span> <span class='ocrx_word' id='word_1_352' title='bbox 1197 965 1245 992; x_wconf 80' lang='grc' dir='ltr'>καὶ</span> <span class='ocrx_word' id='word_1_353' title='bbox 1261 965 1382 1000; x_wconf 77' lang='grc' dir='ltr'>ἱστορίαν</span> <span class='ocrx_word' id='word_1_354' title='bbox 1394 986 1401 998; x_wconf 95' lang='grc'><strong>,</strong></span> <span class='ocrx_word' id='word_1_355' title='bbox 1417 966 1485 1002; x_wconf 86' lang='grc' dir='ltr'>πρὸς</span> <span class='ocrx_word' id='word_1_356' title='bbox 1504 966 1535 993; x_wconf 78' lang='grc' dir='ltr'>τὸ</span> <span class='ocrx_word' id='word_1_357' title='bbox 1553 966 1624 1001; x_wconf 74' lang='grc' dir='ltr'>ἔχειν</span> <span class='ocrx_word' id='word_1_358' title='bbox 1643 967 1689 993; x_wconf 77' lang='grc' dir='ltr'>τὸν</span> <span class='ocrx_word' id='word_1_359' title='bbox 1704 967 1873 1002; x_wconf 81' lang='grc' dir='ltr'>ἀποκεκρυμ-</span> 
     </span>
    </p>
   </div>
   <div class='ocr_carea' id='block_1_49' title="bbox 1090 1010 1873 1049">
    <p class='ocr_par' dir='ltr' id='par_1_49' title="bbox 1090 1010 1873 1049">
     <span class='ocr_line' id='line_1_49' title="bbox 1090 1010 1873 1049; baseline 0.004 -12"><span class='ocrx_word' id='word_1_360' title='bbox 1090 1011 1169 1046; x_wconf 80' lang='grc' dir='ltr'>μένον</span> <span class='ocrx_word' id='word_1_361' title='bbox 1189 1010 1252 1038; x_wconf 79' lang='grc' dir='ltr'>νοῦν</span> <span class='ocrx_word' id='word_1_362' title='bbox 1274 1011 1322 1038; x_wconf 72' lang='grc' dir='ltr'>καὶ</span> <span class='ocrx_word' id='word_1_363' title='bbox 1345 1011 1512 1048; x_wconf 81' lang='grc' dir='ltr'>βαθύτερον,</span> <span class='ocrx_word' id='word_1_364' title='bbox 1538 1013 1626 1040; x_wconf 72' lang='grc' dir='ltr'>ἔνεστι</span> <span class='ocrx_word' id='word_1_365' title='bbox 1649 1012 1706 1048; x_wconf 83' lang='grc' dir='ltr'><strong>γὰρ</strong></span> <span class='ocrx_word' id='word_1_366' title='bbox 1730 1012 1772 1048; x_wconf 82' lang='grc' dir='ltr'>τῷ</span> <span class='ocrx_word' id='word_1_367' title='bbox 1795 1015 1873 1049; x_wconf 82' lang='grc' dir='ltr'>κηρίῳ</span> 
     </span>
    </p>
   </div>
   <div class='ocr_carea' id='block_1_50' title="bbox 1089 1056 1872 1095">
    <p class='ocr_par' dir='ltr' id='par_1_50' title="bbox 1089 1056 1872 1095">
     <span class='ocr_line' id='line_1_50' title="bbox 1089 1056 1872 1095; baseline 0.003 -12"><span class='ocrx_word' id='word_1_368' title='bbox 1089 1056 1150 1092; x_wconf 81' lang='grc' dir='ltr'>μέλι</span> <span class='ocrx_word' id='word_1_369' title='bbox 1161 1065 1169 1072; x_wconf 91' lang='grc'><strong>·</strong></span> <span class='ocrx_word' id='word_1_370' title='bbox 1185 1058 1313 1093; x_wconf 81' lang='grc' dir='ltr'>φάρυγγα</span> <span class='ocrx_word' id='word_1_371' title='bbox 1325 1058 1354 1085; x_wconf 83' lang='grc' dir='ltr'>δὲ</span> <span class='ocrx_word' id='word_1_372' title='bbox 1367 1058 1416 1094; x_wconf 87' lang='grc' dir='ltr'>τὴν</span> <span class='ocrx_word' id='word_1_373' title='bbox 1425 1058 1574 1095; x_wconf 80' lang='grc' dir='ltr'>θρεπτικὴν</span> <span class='ocrx_word' id='word_1_374' title='bbox 1589 1059 1638 1094; x_wconf 87' lang='grc' dir='ltr'>τῆς</span> <span class='ocrx_word' id='word_1_375' title='bbox 1652 1059 1746 1094; x_wconf 80' lang='grc' dir='ltr'>ψυχῆς</span> <span class='ocrx_word' id='word_1_376' title='bbox 1757 1058 1872 1095; x_wconf 81' lang='grc' dir='ltr'>δύναμιν,</span> 
     </span>
    </p>
   </div>
   <div class='ocr_carea' id='block_1_51' title="bbox 1088 1102 1872 1141">
    <p class='ocr_par' dir='ltr' id='par_1_51' title="bbox 1088 1102 1872 1141">
     <span class='ocr_line' id='line_1_51' title="bbox 1088 1102 1872 1141; baseline 0.001 -11"><span class='ocrx_word' id='word_1_377' title='bbox 1088 1104 1120 1131; x_wconf 80' lang='grc' dir='ltr'>δι’</span> <span class='ocrx_word' id='word_1_378' title='bbox 1131 1102 1165 1140; x_wconf 87' lang='grc' dir='ltr'>ἦς</span> <span class='ocrx_word' id='word_1_379' title='bbox 1179 1104 1208 1130; x_wconf 79' lang='grc' dir='ltr'>αἱ</span> <span class='ocrx_word' id='word_1_380' title='bbox 1218 1104 1317 1139; x_wconf 81' lang='grc' dir='ltr'>τροφαὶ</span> <span class='ocrx_word' id='word_1_381' title='bbox 1332 1105 1564 1141; x_wconf 86' lang='grc' dir='ltr'>παραπέμπονται</span> <span class='ocrx_word' id='word_1_382' title='bbox 1575 1106 1615 1137; x_wconf 82' lang='grc' dir='ltr'>εἰς</span> <span class='ocrx_word' id='word_1_383' title='bbox 1628 1104 1677 1141; x_wconf 83' lang='grc' dir='ltr'><strong>τὴν</strong></span> <span class='ocrx_word' id='word_1_384' title='bbox 1691 1105 1799 1132; x_wconf 82' lang='grc' dir='ltr'>κοιλίαν</span> <span class='ocrx_word' id='word_1_385' title='bbox 1810 1115 1817 1121; x_wconf 88' lang='grc'><strong>·</strong></span> <span class='ocrx_word' id='word_1_386' title='bbox 1832 1106 1872 1133; x_wconf 64' lang='grc' dir='ltr'><strong>ἐὰν</strong></span> 
     </span>
    </p>
   </div>
   <div class='ocr_carea' id='block_1_52' title="bbox 1087 1148 1871 1186">
    <p class='ocr_par' dir='ltr' id='par_1_52' title="bbox 1087 1148 1871 1186">
     <span class='ocr_line' id='line_1_52' title="bbox 1087 1148 1871 1186; baseline 0.001 -10"><span class='ocrx_word' id='word_1_387' title='bbox 1087 1148 1133 1176; x_wconf 80' lang='grc' dir='ltr'>οὖν</span> <span class='ocrx_word' id='word_1_388' title='bbox 1146 1149 1231 1177; x_wconf 82' lang='grc' dir='ltr'>ταῦτα</span> <span class='ocrx_word' id='word_1_389' title='bbox 1248 1150 1424 1186; x_wconf 80' lang='grc' dir='ltr'>κατορθώσῃς</span> <span class='ocrx_word' id='word_1_390' title='bbox 1435 1170 1443 1183; x_wconf 89' lang='grc'><strong>,</strong></span> <span class='ocrx_word' id='word_1_391' title='bbox 1461 1151 1497 1178; x_wconf 91' lang='grc' dir='ltr'><strong>τά</strong></span> <span class='ocrx_word' id='word_1_392' title='bbox 1510 1158 1540 1176; x_wconf 86' lang='grc' dir='ltr'><strong>τε</strong></span> <span class='ocrx_word' id='word_1_393' title='bbox 1553 1150 1625 1177; x_wconf 84' lang='grc' dir='ltr'><strong>κατά</strong></span> <span class='ocrx_word' id='word_1_394' title='bbox 1636 1150 1768 1182; x_wconf 87' lang='grc' dir='ltr'>διάνοιαν,</span> <span class='ocrx_word' id='word_1_395' title='bbox 1785 1151 1829 1178; x_wconf 81' lang='grc' dir='ltr'>καὶ</span> <span class='ocrx_word' id='word_1_396' title='bbox 1843 1151 1871 1178; x_wconf 75' lang='grc' dir='ltr'><strong>τὰ</strong></span> 
     </span>
    </p>
   </div>
   <div class='ocr_carea' id='block_1_53' title="bbox 1086 1195 1872 1231">
    <p class='ocr_par' dir='ltr' id='par_1_53' title="bbox 1086 1195 1872 1231">
     <span class='ocr_line' id='line_1_53' title="bbox 1086 1195 1872 1231; baseline 0.004 -10"><span class='ocrx_word' id='word_1_397' title='bbox 1086 1195 1147 1222; x_wconf 84' lang='grc' dir='ltr'>καθ’</span> <span class='ocrx_word' id='word_1_398' title='bbox 1162 1195 1297 1231; x_wconf 76' lang='grc' dir='ltr'>ἱστορίαν,</span> <span class='ocrx_word' id='word_1_399' title='bbox 1318 1195 1424 1223; x_wconf 69' lang='grc' dir='ltr'>ἔσονταί</span> <span class='ocrx_word' id='word_1_400' title='bbox 1440 1204 1481 1222; x_wconf 90' lang='grc' dir='ltr'><strong>σοι</strong></span> <span class='ocrx_word' id='word_1_401' title='bbox 1495 1195 1618 1231; x_wconf 77' lang='grc' dir='ltr'>αἰσθήσει</span> <span class='ocrx_word' id='word_1_402' title='bbox 1629 1195 1680 1230; x_wconf 87' lang='grc' dir='ltr'>τῆς</span> <span class='ocrx_word' id='word_1_403' title='bbox 1701 1196 1800 1231; x_wconf 77' lang='grc' dir='ltr'>σοφίας</span> <span class='ocrx_word' id='word_1_404' title='bbox 1812 1197 1872 1224; x_wconf 78' lang='grc' dir='ltr'>αὐτὰ</span> 
     </span>
    </p>
   </div>
   <div class='ocr_carea' id='block_1_54' title="bbox 1087 1241 1871 1277">
    <p class='ocr_par' dir='ltr' id='par_1_54' title="bbox 1087 1241 1871 1277">
     <span class='ocr_line' id='line_1_54' title="bbox 1087 1241 1871 1277; baseline 0 -9"><span class='ocrx_word' id='word_1_405' title='bbox 1087 1241 1121 1268; x_wconf 88' lang='grc' dir='ltr'><strong>τὰ</strong></span> <span class='ocrx_word' id='word_1_406' title='bbox 1142 1241 1212 1277; x_wconf 81' lang='grc' dir='ltr'>σοφὰ</span> <span class='ocrx_word' id='word_1_407' title='bbox 1226 1241 1366 1277; x_wconf 81' lang='grc' dir='ltr'>δόγματα·</span> <span class='ocrx_word' id='word_1_408' title='bbox 1389 1241 1437 1268; x_wconf 78' lang='grc' dir='ltr'>ἐὰν</span> <span class='ocrx_word' id='word_1_409' title='bbox 1455 1241 1509 1277; x_wconf 87' lang='grc' dir='ltr'><strong>γὰρ</strong></span> <span class='ocrx_word' id='word_1_410' title='bbox 1525 1241 1609 1277; x_wconf 82' lang='grc' dir='ltr'>εὓρῃς</span> <span class='ocrx_word' id='word_1_411' title='bbox 1630 1241 1676 1268; x_wconf 81' lang='grc' dir='ltr'>τὸν</span> <span class='ocrx_word' id='word_1_412' title='bbox 1695 1241 1871 1277; x_wconf 75' lang='grc' dir='ltr'>πνευματικὸν</span> 
     </span>
    </p>
   </div>
   <div class='ocr_carea' id='block_1_55' title="bbox 1086 1287 1871 1323">
    <p class='ocr_par' dir='ltr' id='par_1_55' title="bbox 1086 1287 1871 1323">
     <span class='ocr_line' id='line_1_55' title="bbox 1086 1287 1871 1323; baseline -0.001 -9"><span class='ocrx_word' id='word_1_413' title='bbox 1086 1287 1137 1322; x_wconf 76' lang='grc' dir='ltr'>τῆς</span> <span class='ocrx_word' id='word_1_414' title='bbox 1147 1288 1258 1323; x_wconf 78' lang='grc' dir='ltr'>Γραφῆς</span> <span class='ocrx_word' id='word_1_415' title='bbox 1267 1287 1339 1319; x_wconf 79' lang='grc' dir='ltr'>νοῦν,</span> <span class='ocrx_word' id='word_1_416' title='bbox 1349 1287 1426 1314; x_wconf 73' lang='grc' dir='ltr'>ἔσται</span> <span class='ocrx_word' id='word_1_417' title='bbox 1436 1287 1505 1322; x_wconf 85' lang='grc' dir='ltr'>καλὴ</span> <span class='ocrx_word' id='word_1_418' title='bbox 1516 1288 1532 1323; x_wconf 88' lang='grc' dir='ltr'><strong>ή</strong></span> <span class='ocrx_word' id='word_1_419' title='bbox 1543 1287 1655 1323; x_wconf 81' lang='grc' dir='ltr'>τελευτή</span> <span class='ocrx_word' id='word_1_420' title='bbox 1669 1296 1729 1319; x_wconf 83' lang='grc' dir='ltr'>σου,</span> <span class='ocrx_word' id='word_1_421' title='bbox 1739 1288 1777 1319; x_wconf 80' lang='grc' dir='ltr'>ὡς</span> <span class='ocrx_word' id='word_1_422' title='bbox 1786 1287 1871 1323; x_wconf 88' lang='grc' dir='ltr'>λεχθῆ-</span> 
     </span>
    </p>
   </div>
   <div class='ocr_carea' id='block_1_56' title="bbox 1087 1333 1870 1368">
    <p class='ocr_par' dir='ltr' id='par_1_56' title="bbox 1087 1333 1870 1368">
     <span class='ocr_line' id='line_1_56' title="bbox 1087 1333 1870 1368; baseline -0.003 -7"><span class='ocrx_word' id='word_1_423' title='bbox 1087 1342 1130 1361; x_wconf 92' lang='grc' dir='ltr'><strong>ναι</strong></span> <span class='ocrx_word' id='word_1_424' title='bbox 1141 1342 1147 1348; x_wconf 82' lang='grc'><strong>”</strong></span> <span class='ocrx_word' id='word_1_425' title='bbox 1164 1334 1262 1368; x_wconf 82' lang='grc' dir='ltr'>Τίμιος</span> <span class='ocrx_word' id='word_1_426' title='bbox 1271 1333 1411 1360; x_wconf 79' lang='grc' dir='ltr'>ἐναντίον</span> <span class='ocrx_word' id='word_1_427' title='bbox 1419 1334 1531 1368; x_wconf 80' lang='grc' dir='ltr'>Κυρίου</span> <span class='ocrx_word' id='word_1_428' title='bbox 1542 1335 1558 1361; x_wconf 85' lang='lat' dir='ltr'><strong>d</strong></span> <span class='ocrx_word' id='word_1_429' title='bbox 1568 1333 1698 1367; x_wconf 82' lang='grc' dir='ltr'>θάνατος</span> <span class='ocrx_word' id='word_1_430' title='bbox 1715 1333 1776 1360; x_wconf 80' lang='grc' dir='ltr'><strong>τῶν</strong></span> <span class='ocrx_word' id='word_1_431' title='bbox 1789 1334 1870 1361; x_wconf 83' lang='grc' dir='ltr'>ὁσίων</span> 
     </span>
    </p>
   </div>
   <div class='ocr_carea' id='block_1_57' title="bbox 1085 1379 1854 1416">
    <p class='ocr_par' dir='ltr' id='par_1_57' title="bbox 1085 1379 1854 1416">
     <span class='ocr_line' id='line_1_57' title="bbox 1085 1379 1854 1416; baseline -0.003 -8"><span class='ocrx_word' id='word_1_432' title='bbox 1085 1381 1179 1408; x_wconf 84' lang='grc' dir='ltr'>αὑτοῦ</span> <span class='ocrx_word' id='word_1_433' title='bbox 1191 1389 1199 1398; x_wconf 87' lang='grc'>·</span> <span class='ocrx_word' id='word_1_434' title='bbox 1213 1381 1263 1407; x_wconf 82' lang='grc' dir='ltr'><strong>οὐκ</strong></span> <span class='ocrx_word' id='word_1_435' title='bbox 1275 1379 1423 1412; x_wconf 78' lang='grc' dir='ltr'>ἀποϐαλεῖς</span> <span class='ocrx_word' id='word_1_436' title='bbox 1435 1380 1464 1407; x_wconf 78' lang='grc' dir='ltr'>δὲ</span> <span class='ocrx_word' id='word_1_437' title='bbox 1479 1380 1529 1415; x_wconf 88' lang='grc' dir='ltr'>τὴν</span> <span class='ocrx_word' id='word_1_438' title='bbox 1544 1381 1584 1412; x_wconf 75' lang='grc' dir='ltr'>εἰς</span> <span class='ocrx_word' id='word_1_439' title='bbox 1598 1380 1628 1407; x_wconf 84' lang='grc' dir='ltr'>τὸ</span> <span class='ocrx_word' id='word_1_440' title='bbox 1644 1379 1744 1416; x_wconf 83' lang='grc' dir='ltr'>μέλλον</span> <span class='ocrx_word' id='word_1_441' title='bbox 1758 1379 1854 1406; x_wconf 74' lang='grc' dir='ltr'>ἐλπίδα.</span> 
     </span>
    </p>
   </div>
   <div class='ocr_carea' id='block_1_58' title="bbox 1122 1469 1869 1508">
    <p class='ocr_par' dir='ltr' id='par_1_58' title="bbox 1122 1469 1869 1508">
     <span class='ocr_line' id='line_1_58' title="bbox 1122 1469 1869 1508; baseline -0.001 -10"><span class='ocrx_word' id='word_1_442' title='bbox 1122 1471 1167 1508; x_wconf 76' lang='grc' dir='ltr'><strong>Μὴ</strong></span> <span class='ocrx_word' id='word_1_443' title='bbox 1177 1470 1348 1507; x_wconf 81' lang='grc' dir='ltr'>προτιμήσῃς</span> <span class='ocrx_word' id='word_1_444' title='bbox 1356 1470 1403 1497; x_wconf 83' lang='grc' dir='ltr'>τὸν</span> <span class='ocrx_word' id='word_1_445' title='bbox 1412 1470 1534 1497; x_wconf 78' lang='grc' dir='ltr'>διάϐολον</span> <span class='ocrx_word' id='word_1_446' title='bbox 1544 1470 1595 1505; x_wconf 85' lang='grc' dir='ltr'>τῆς</span> <span class='ocrx_word' id='word_1_447' title='bbox 1604 1469 1652 1497; x_wconf 80' lang='grc' dir='ltr'>τοῦ</span> <span class='ocrx_word' id='word_1_448' title='bbox 1662 1469 1732 1497; x_wconf 78' lang='grc' dir='ltr'>Θεοῦ</span> <span class='ocrx_word' id='word_1_449' title='bbox 1743 1470 1869 1498; x_wconf 81' lang='grc' dir='ltr'>δικαιοσύ-</span> 
     </span>
    </p>
   </div>
   <div class='ocr_carea' id='block_1_59' title="bbox 247 1517 1044 1569">
    <p class='ocr_par' dir='ltr' id='par_1_59' title="bbox 247 1521 1037 1559">
     <span class='ocr_line' id='line_1_59' title="bbox 247 1521 1037 1559; baseline -0.003 -9"><span class='ocrx_word' id='word_1_450' title='bbox 247 1523 283 1551; x_wconf 84' lang='lat' dir='ltr'><strong>cti</strong></span> <span class='ocrx_word' id='word_1_451' title='bbox 297 1527 457 1559; x_wconf 87' lang='lat' dir='ltr'><strong>pascuntur.</strong></span> <span class='ocrx_word' id='word_1_452' title='bbox 475 1523 567 1558; x_wconf 85' lang='lat' dir='ltr'><strong>Neque</strong></span> <span class='ocrx_word' id='word_1_453' title='bbox 582 1523 746 1554; x_wconf 89' lang='lat' dir='ltr'><strong>ludificeris.</strong></span> <span class='ocrx_word' id='word_1_454' title='bbox 763 1528 792 1550; x_wconf 87' lang='lat' dir='ltr'><strong>ut</strong></span> <span class='ocrx_word' id='word_1_455' title='bbox 806 1523 900 1550; x_wconf 81' lang='lat' dir='ltr'><strong>stultis</strong></span> <span class='ocrx_word' id='word_1_456' title='bbox 914 1521 1037 1549; x_wconf 83' lang='lat' dir='ltr'><strong>mortife-</strong></span> 
     </span>
    </p>
   </div>
   <div class='ocr_carea' id='block_1_60' title="bbox 1089 1517 1869 1569">
    <p class='ocr_par' dir='ltr' id='par_1_60' title="bbox 1089 1517 1869 1554">
     <span class='ocr_line' id='line_1_60' title="bbox 1089 1517 1869 1554; baseline -0.003 -8"><span class='ocrx_word' id='word_1_457' title='bbox 1089 1527 1153 1554; x_wconf 83' lang='grc' dir='ltr'>νης,</span> <span class='ocrx_word' id='word_1_458' title='bbox 1170 1518 1202 1553; x_wconf 72' lang='grc' dir='ltr'>ἢν</span> <span class='ocrx_word' id='word_1_459' title='bbox 1217 1518 1242 1544; x_wconf 78' lang='grc' dir='ltr'>οἱ</span> <span class='ocrx_word' id='word_1_460' title='bbox 1260 1517 1360 1544; x_wconf 89' lang='grc' dir='ltr'>δίκαιοι</span> <span class='ocrx_word' id='word_1_461' title='bbox 1379 1517 1555 1553; x_wconf 84' lang='grc' dir='ltr'>νομεύονται·</span> <span class='ocrx_word' id='word_1_462' title='bbox 1580 1518 1647 1553; x_wconf 82' lang='grc' dir='ltr'>μηδὲ</span> <span class='ocrx_word' id='word_1_463' title='bbox 1662 1517 1807 1554; x_wconf 81' lang='grc' dir='ltr'>ἀπατηθῇς</span> <span class='ocrx_word' id='word_1_464' title='bbox 1820 1527 1869 1553; x_wconf 85' lang='grc' dir='ltr'>μω-</span> 
     </span>
    </p>
   </div>
   <div class='ocr_carea' id='block_1_61' title="bbox 247 1569 1034 1605">
    <p class='ocr_par' dir='ltr' id='par_1_61' title="bbox 247 1569 1034 1605">
     <span class='ocr_line' id='line_1_61' title="bbox 247 1569 1034 1605; baseline -0.003 -8"><span class='ocrx_word' id='word_1_465' title='bbox 247 1571 339 1605; x_wconf 83' lang='lat' dir='ltr'><strong>risque</strong></span> <span class='ocrx_word' id='word_1_466' title='bbox 352 1570 481 1597; x_wconf 89' lang='lat' dir='ltr'><strong>doctrinis</strong></span> <span class='ocrx_word' id='word_1_467' title='bbox 501 1577 548 1597; x_wconf 91' lang='lat' dir='ltr'><strong>cor</strong></span> <span class='ocrx_word' id='word_1_468' title='bbox 566 1574 652 1604; x_wconf 86' lang='lat' dir='ltr'><strong>tuum,</strong></span> <span class='ocrx_word' id='word_1_469' title='bbox 672 1570 743 1604; x_wconf 89' lang='lat' dir='ltr'><strong>quod</strong></span> <span class='ocrx_word' id='word_1_470' title='bbox 762 1569 868 1597; x_wconf 86' lang='lat' dir='ltr'><strong>ventris</strong></span> <span class='ocrx_word' id='word_1_471' title='bbox 884 1569 969 1596; x_wconf 84' lang='lat' dir='ltr'><strong>instar</strong></span> <span class='ocrx_word' id='word_1_472' title='bbox 981 1572 1034 1601; x_wconf 88' lang='lat' dir='ltr'><strong>est,</strong></span> 
     </span>
    </p>
   </div>
   <div class='ocr_carea' id='block_1_62' title="bbox 246 1615 1033 1650">
    <p class='ocr_par' dir='ltr' id='par_1_62' title="bbox 246 1615 1033 1650">
     <span class='ocr_line' id='line_1_62' title="bbox 246 1615 1033 1650; baseline -0.001 -7"><span class='ocrx_word' id='word_1_473' title='bbox 246 1622 365 1644; x_wconf 75' lang='lat' dir='ltr'><strong>catures.</strong></span> <span class='ocrx_word' id='word_1_474' title='bbox 383 1631 418 1636; x_wconf 93' lang='lat'><strong>—</strong></span> <span class='ocrx_word' id='word_1_475' title='bbox 431 1615 470 1643; x_wconf 86' lang='lat' dir='ltr'><strong>Ne</strong></span> <span class='ocrx_word' id='word_1_476' title='bbox 488 1616 637 1650; x_wconf 88' lang='lat' dir='ltr'><strong>voluptatis</strong></span> <span class='ocrx_word' id='word_1_477' title='bbox 652 1623 733 1643; x_wconf 88' lang='lat' dir='ltr'><strong>causa</strong></span> <span class='ocrx_word' id='word_1_478' title='bbox 751 1617 833 1643; x_wconf 87' lang='lat' dir='ltr'><strong>Deum</strong></span> <span class='ocrx_word' id='word_1_479' title='bbox 859 1615 1033 1650; x_wconf 86' lang='lat' dir='ltr'><strong>prodideris:</strong></span> 
     </span>
    </p>
   </div>
   <div class='ocr_carea' id='block_1_63' title="bbox 245 1662 946 1698">
    <p class='ocr_par' dir='ltr' id='par_1_63' title="bbox 245 1662 946 1698">
     <span class='ocr_line' id='line_1_63' title="bbox 245 1662 946 1698; baseline -0.001 -9"><span class='ocrx_word' id='word_1_480' title='bbox 245 1662 290 1690; x_wconf 84' lang='lat' dir='ltr'><strong>hic</strong></span> <span class='ocrx_word' id='word_1_481' title='bbox 304 1663 376 1690; x_wconf 88' lang='lat' dir='ltr'><strong>enim</strong></span> <span class='ocrx_word' id='word_1_482' title='bbox 390 1662 478 1697; x_wconf 82' lang='lat' dir='ltr'><strong>justos</strong></span> <span class='ocrx_word' id='word_1_483' title='bbox 496 1663 592 1698; x_wconf 86' lang='lat' dir='ltr'><strong>pascit,</strong></span> <span class='ocrx_word' id='word_1_484' title='bbox 610 1670 698 1698; x_wconf 88' lang='lat' dir='ltr'><strong>neque</strong></span> <span class='ocrx_word' id='word_1_485' title='bbox 719 1668 745 1690; x_wconf 87' lang='lat' dir='ltr'><strong>te</strong></span> <span class='ocrx_word' id='word_1_486' title='bbox 765 1662 946 1697; x_wconf 84' lang='lat' dir='ltr'><strong>derelinquet.</strong></span> 
     </span>
    </p>
   </div>
   <div class='ocr_carea' id='block_1_64' title="bbox 281 1707 1034 1743">
    <p class='ocr_par' dir='ltr' id='par_1_64' title="bbox 281 1707 1034 1743">
     <span class='ocr_line' id='line_1_64' title="bbox 281 1707 1034 1743; baseline -0.001 -8"><span class='ocrx_word' id='word_1_487' title='bbox 281 1709 303 1725; x_wconf 83' lang='grc'><strong>⁸⁷</strong></span> <span class='ocrx_word' id='word_1_488' title='bbox 318 1709 424 1736; x_wconf 78' lang='lat' dir='ltr'><strong>Avertit</strong></span> <span class='ocrx_word' id='word_1_489' title='bbox 447 1709 519 1737; x_wconf 87' lang='lat' dir='ltr'><strong>Deus</strong></span> <span class='ocrx_word' id='word_1_490' title='bbox 541 1710 609 1737; x_wconf 86' lang='lat' dir='ltr'><strong>iram</strong></span> <span class='ocrx_word' id='word_1_491' title='bbox 631 1717 708 1736; x_wconf 83' lang='lat' dir='ltr'><strong>suam</strong></span> <span class='ocrx_word' id='word_1_492' title='bbox 724 1709 758 1736; x_wconf 89' lang='lat' dir='ltr'><strong>ab</strong></span> <span class='ocrx_word' id='word_1_493' title='bbox 772 1716 804 1736; x_wconf 88' lang='lat' dir='ltr'><strong>eo</strong></span> <span class='ocrx_word' id='word_1_494' title='bbox 820 1709 865 1743; x_wconf 92' lang='lat' dir='ltr'><strong>qui</strong></span> <span class='ocrx_word' id='word_1_495' title='bbox 885 1708 967 1741; x_wconf 85' lang='lat' dir='ltr'><strong>cadit,</strong></span> <span class='ocrx_word' id='word_1_496' title='bbox 984 1707 1034 1734; x_wconf 87' lang='lat' dir='ltr'><strong>nti-</strong></span> 
     </span>
    </p>
   </div>
   <div class='ocr_carea' id='block_1_65' title="bbox 244 1753 1035 1790">
    <p class='ocr_par' dir='ltr' id='par_1_65' title="bbox 244 1753 1035 1790">
     <span class='ocr_line' id='line_1_65' title="bbox 244 1753 1035 1790; baseline -0.003 -8"><span class='ocrx_word' id='word_1_497' title='bbox 244 1761 334 1783; x_wconf 86' lang='lat' dir='ltr'><strong>sertus</strong></span> <span class='ocrx_word' id='word_1_498' title='bbox 349 1755 431 1790; x_wconf 82' lang='lat' dir='ltr'><strong>ejus:</strong></span> <span class='ocrx_word' id='word_1_499' title='bbox 457 1755 586 1783; x_wconf 87' lang='lat' dir='ltr'><strong>irascitur</strong></span> <span class='ocrx_word' id='word_1_500' title='bbox 608 1759 699 1782; x_wconf 84' lang='lat' dir='ltr'><strong>autem</strong></span> <span class='ocrx_word' id='word_1_501' title='bbox 724 1754 748 1781; x_wconf 89' lang='lat' dir='ltr'><strong>ei</strong></span> <span class='ocrx_word' id='word_1_502' title='bbox 769 1754 814 1789; x_wconf 91' lang='lat' dir='ltr'><strong>qui</strong></span> <span class='ocrx_word' id='word_1_503' title='bbox 835 1753 975 1781; x_wconf 79' lang='lat' dir='ltr'><strong>extollitur</strong></span> <span class='ocrx_word' id='word_1_504' title='bbox 999 1754 1035 1782; x_wconf 84' lang='lat' dir='ltr'><strong>ob</strong></span> 
     </span>
    </p>
   </div>
   <div class='ocr_carea' id='block_1_66' title="bbox 245 1802 1034 1837">
    <p class='ocr_par' dir='ltr' id='par_1_66' title="bbox 245 1802 1034 1837">
     <span class='ocr_line' id='line_1_66' title="bbox 245 1802 1034 1837; baseline 0 -8"><span class='ocrx_word' id='word_1_505' title='bbox 245 1802 351 1837; x_wconf 74' lang='lat' dir='ltr'><strong>lapsum</strong></span> <span class='ocrx_word' id='word_1_506' title='bbox 376 1802 479 1830; x_wconf 87' lang='lat' dir='ltr'><strong>inimici</strong></span> <span class='ocrx_word' id='word_1_507' title='bbox 503 1803 555 1830; x_wconf 91' lang='lat' dir='ltr'><strong>sui.</strong></span> <span class='ocrx_word' id='word_1_508' title='bbox 589 1802 718 1837; x_wconf 86' lang='lat' dir='ltr'><strong>Quisquis</strong></span> <span class='ocrx_word' id='word_1_509' title='bbox 739 1802 812 1829; x_wconf 91' lang='lat' dir='ltr'><strong>enim</strong></span> <span class='ocrx_word' id='word_1_510' title='bbox 842 1802 876 1829; x_wconf 88' lang='lat' dir='ltr'><strong>de</strong></span> <span class='ocrx_word' id='word_1_511' title='bbox 904 1806 1034 1837; x_wconf 88' lang='lat' dir='ltr'><strong>pereunte</strong></span> 
     </span>
    </p>
   </div>
   <div class='ocr_carea' id='block_1_67' title="bbox 245 1847 1034 1884">
    <p class='ocr_par' dir='ltr' id='par_1_67' title="bbox 245 1847 1034 1884">
     <span class='ocr_line' id='line_1_67' title="bbox 245 1847 1034 1884; baseline -0.003 -9"><span class='ocrx_word' id='word_1_512' title='bbox 245 1850 332 1876; x_wconf 87' lang='lat' dir='ltr'><strong>anima</strong></span> <span class='ocrx_word' id='word_1_513' title='bbox 358 1848 467 1884; x_wconf 82' lang='lat' dir='ltr'><strong>gaudet,</strong></span> <span class='ocrx_word' id='word_1_514' title='bbox 492 1849 590 1877; x_wconf 88' lang='lat' dir='ltr'><strong>similis</strong></span> <span class='ocrx_word' id='word_1_515' title='bbox 620 1849 728 1876; x_wconf 84' lang='lat' dir='ltr'><strong>diabolo</strong></span> <span class='ocrx_word' id='word_1_516' title='bbox 747 1853 799 1881; x_wconf 89' lang='lat' dir='ltr'><strong>est,</strong></span> <span class='ocrx_word' id='word_1_517' title='bbox 826 1848 872 1883; x_wconf 84' lang='lat' dir='ltr'><strong>qui</strong></span> <span class='ocrx_word' id='word_1_518' title='bbox 895 1855 948 1874; x_wconf 93' lang='lat' dir='ltr'><strong>non</strong></span> <span class='ocrx_word' id='word_1_519' title='bbox 976 1847 1034 1874; x_wconf 92' lang='lat' dir='ltr'><strong>vult</strong></span> 
     </span>
    </p>
   </div>
   <div class='ocr_carea' id='block_1_68' title="bbox 243 1894 1032 1929">
    <p class='ocr_par' dir='ltr' id='par_1_68' title="bbox 243 1894 1032 1929">
     <span class='ocr_line' id='line_1_68' title="bbox 243 1894 1032 1929; baseline -0.004 -6"><span class='ocrx_word' id='word_1_520' title='bbox 243 1903 338 1923; x_wconf 88' lang='lat' dir='ltr'><strong>omnes</strong></span> <span class='ocrx_word' id='word_1_521' title='bbox 353 1896 475 1923; x_wconf 83' lang='lat' dir='ltr'><strong>homines</strong></span> <span class='ocrx_word' id='word_1_522' title='bbox 498 1895 589 1922; x_wconf 88' lang='lat' dir='ltr'><strong>salvos</strong></span> <span class='ocrx_word' id='word_1_523' title='bbox 615 1895 686 1927; x_wconf 82' lang='lat' dir='ltr'><strong>fieri,</strong></span> <span class='ocrx_word' id='word_1_524' title='bbox 704 1901 794 1928; x_wconf 89' lang='lat' dir='ltr'><strong>neque</strong></span> <span class='ocrx_word' id='word_1_525' title='bbox 809 1894 843 1920; x_wconf 90' lang='lat' dir='ltr'><strong>ad</strong></span> <span class='ocrx_word' id='word_1_526' title='bbox 864 1894 1032 1929; x_wconf 79' lang='lat' dir='ltr'><strong>agnitionem</strong></span> 
     </span>
    </p>
   </div>
   <div class='ocr_carea' id='block_1_69' title="bbox 243 1938 1032 1974">
    <p class='ocr_par' dir='ltr' id='par_1_69' title="bbox 243 1938 1032 1974">
     <span class='ocr_line' id='line_1_69' title="bbox 243 1938 1032 1974; baseline -0.004 -5"><span class='ocrx_word' id='word_1_527' title='bbox 243 1942 367 1969; x_wconf 87' lang='lat' dir='ltr'><strong>veritatis</strong></span> <span class='ocrx_word' id='word_1_528' title='bbox 391 1942 495 1968; x_wconf 82' lang='lat' dir='ltr'><strong>venire.</strong></span> <span class='ocrx_word' id='word_1_529' title='bbox 513 1940 580 1967; x_wconf 85' lang='lat' dir='ltr'><strong>Nam</strong></span> <span class='ocrx_word' id='word_1_530' title='bbox 596 1945 624 1967; x_wconf 92' lang='lat' dir='ltr'><strong>et</strong></span> <span class='ocrx_word' id='word_1_531' title='bbox 641 1940 773 1967; x_wconf 90' lang='lat' dir='ltr'><strong>Dominus</strong></span> <span class='ocrx_word' id='word_1_532' title='bbox 788 1939 814 1966; x_wconf 92' lang='lat' dir='ltr'><strong>in</strong></span> <span class='ocrx_word' id='word_1_533' title='bbox 839 1938 994 1974; x_wconf 77' lang='lat' dir='ltr'><strong>Evangeliis</strong></span> <span class='ocrx_word' id='word_1_534' title='bbox 1008 1939 1032 1956; x_wconf 80' lang='grc'><strong>⁸⁸</strong></span> 
     </span>
    </p>
   </div>
   <div class='ocr_carea' id='block_1_70' title="bbox 244 1983 1032 2019">
    <p class='ocr_par' dir='ltr' id='par_1_70' title="bbox 244 1983 1032 2019">
     <span class='ocr_line' id='line_1_70' title="bbox 244 1983 1032 2019; baseline -0.003 -6"><span class='ocrx_word' id='word_1_535' title='bbox 244 1987 391 2018; x_wconf 82' lang='lat' dir='ltr'><strong>ruaudavit,</strong></span> <span class='ocrx_word' id='word_1_536' title='bbox 416 1990 445 2013; x_wconf 83' lang='lat' dir='ltr'><strong>ut</strong></span> <span class='ocrx_word' id='word_1_537' title='bbox 460 1993 570 2013; x_wconf 88' lang='lat' dir='ltr'><strong>oremus</strong></span> <span class='ocrx_word' id='word_1_538' title='bbox 590 1992 640 2019; x_wconf 92' lang='lat' dir='ltr'><strong>pro</strong></span> <span class='ocrx_word' id='word_1_539' title='bbox 664 1983 784 2011; x_wconf 89' lang='lat' dir='ltr'><strong>inimicis</strong></span> <span class='ocrx_word' id='word_1_540' title='bbox 808 1983 920 2016; x_wconf 89' lang='lat' dir='ltr'><strong>nostris,</strong></span> <span class='ocrx_word' id='word_1_541' title='bbox 939 1989 1032 2018; x_wconf 88' lang='lat' dir='ltr'><strong>utpote</strong></span> 
     </span>
    </p>
   </div>
   <div class='ocr_carea' id='block_1_71' title="bbox 243 2032 407 2060">
    <p class='ocr_par' dir='ltr' id='par_1_71' title="bbox 243 2032 407 2060">
     <span class='ocr_line' id='line_1_71' title="bbox 243 2032 407 2060; baseline -0.006 0"><span class='ocrx_word' id='word_1_542' title='bbox 243 2032 407 2060; x_wconf 86' lang='lat' dir='ltr'><strong>hominibus.</strong></span> 
     </span>
    </p>
   </div>
   <div class='ocr_carea' id='block_1_72' title="bbox 278 2118 1031 2155">
    <p class='ocr_par' dir='ltr' id='par_1_72' title="bbox 278 2118 1031 2155">
     <span class='ocr_line' id='line_1_72' title="bbox 278 2118 1031 2155; baseline -0.001 -7"><span class='ocrx_word' id='word_1_543' title='bbox 278 2121 390 2149; x_wconf 88' lang='lat' dir='ltr'><strong>Gladius</strong></span> <span class='ocrx_word' id='word_1_544' title='bbox 419 2119 544 2155; x_wconf 82' lang='lat' dir='ltr'><strong>spiritus.</strong></span> <span class='ocrx_word' id='word_1_545' title='bbox 572 2118 646 2154; x_wconf 87' lang='lat' dir='ltr'><strong>quod</strong></span> <span class='ocrx_word' id='word_1_546' title='bbox 673 2123 717 2146; x_wconf 89' lang='lat' dir='ltr'><strong>est</strong></span> <span class='ocrx_word' id='word_1_547' title='bbox 745 2119 858 2146; x_wconf 86' lang='lat' dir='ltr'><strong>verbum</strong></span> <span class='ocrx_word' id='word_1_548' title='bbox 882 2119 948 2152; x_wconf 83' lang='lat' dir='ltr'><strong>Dei,</strong></span> <span class='ocrx_word' id='word_1_549' title='bbox 977 2127 1031 2147; x_wconf 88' lang='lat' dir='ltr'><strong>non</strong></span> 
     </span>
    </p>
   </div>
   <div class='ocr_carea' id='block_1_73' title="bbox 242 2158 1030 2201">
    <p class='ocr_par' dir='ltr' id='par_1_73' title="bbox 242 2158 1030 2201">
     <span class='ocr_line' id='line_1_73' title="bbox 242 2158 1030 2201; baseline -0.004 -6"><span class='ocrx_word' id='word_1_550' title='bbox 242 2167 374 2201; x_wconf 86' lang='lat' dir='ltr'><strong>carnalis,</strong></span> <span class='ocrx_word' id='word_1_551' title='bbox 395 2167 420 2194; x_wconf 88' lang='lat' dir='ltr'><strong>id</strong></span> <span class='ocrx_word' id='word_1_552' title='bbox 439 2171 481 2194; x_wconf 85' lang='lat' dir='ltr'><strong>est</strong></span> <span class='ocrx_word' id='word_1_553' title='bbox 500 2174 552 2194; x_wconf 91' lang='lat' dir='ltr'><strong>non</strong></span> <span class='ocrx_word' id='word_1_554' title='bbox 570 2158 730 2193; x_wconf 84' lang='lat' dir='ltr'><strong>materialis.</strong></span> <span class='ocrx_word' id='word_1_555' title='bbox 755 2165 807 2199; x_wconf 85' lang='lat' dir='ltr'><strong>Qui</strong></span> <span class='ocrx_word' id='word_1_556' title='bbox 831 2166 919 2193; x_wconf 88' lang='lat' dir='ltr'><strong>victus</strong></span> <span class='ocrx_word' id='word_1_557' title='bbox 935 2166 959 2194; x_wconf 90' lang='lat' dir='ltr'><strong>ei</strong></span> <span class='ocrx_word' id='word_1_558' title='bbox 974 2171 1030 2193; x_wconf 91' lang='lat' dir='ltr'><strong>tra-</strong></span> 
     </span>
    </p>
   </div>
   <div class='ocr_carea' id='block_1_74' title="bbox 1089 1564 1869 1601">
    <p class='ocr_par' dir='ltr' id='par_1_74' title="bbox 1089 1564 1869 1601">
     <span class='ocr_line' id='line_1_74' title="bbox 1089 1564 1869 1601; baseline 0 -10"><span class='ocrx_word' id='word_1_559' title='bbox 1089 1564 1223 1601; x_wconf 86' lang='grc' dir='ltr'>ρολογίαις</span> <span class='ocrx_word' id='word_1_560' title='bbox 1244 1564 1442 1600; x_wconf 79' lang='grc' dir='ltr'>θανατηφόροις</span> <span class='ocrx_word' id='word_1_561' title='bbox 1465 1564 1596 1599; x_wconf 84' lang='grc' dir='ltr'>χορτάσαι</span> <span class='ocrx_word' id='word_1_562' title='bbox 1619 1572 1666 1590; x_wconf 91' lang='grc' dir='ltr'><strong>σου</strong></span> <span class='ocrx_word' id='word_1_563' title='bbox 1691 1564 1743 1600; x_wconf 88' lang='grc' dir='ltr'>τὴν</span> <span class='ocrx_word' id='word_1_564' title='bbox 1767 1564 1869 1600; x_wconf 81' lang='grc' dir='ltr'>καρδίαν</span> 
     </span>
    </p>
   </div>
   <div class='ocr_carea' id='block_1_75' title="bbox 1086 1609 1869 1646">
    <p class='ocr_par' dir='ltr' id='par_1_75' title="bbox 1086 1609 1869 1646">
     <span class='ocr_line' id='line_1_75' title="bbox 1086 1609 1869 1646; baseline -0.001 -9"><span class='ocrx_word' id='word_1_565' title='bbox 1086 1619 1132 1637; x_wconf 87' lang='grc' dir='ltr'><strong>σου</strong></span> <span class='ocrx_word' id='word_1_566' title='bbox 1145 1631 1153 1643; x_wconf 84' lang='grc'><strong>,</strong></span> <span class='ocrx_word' id='word_1_567' title='bbox 1168 1611 1182 1638; x_wconf 81' lang='grc' dir='ltr'><strong>ὅ</strong></span> <span class='ocrx_word' id='word_1_568' title='bbox 1198 1611 1256 1637; x_wconf 77' lang='grc' dir='ltr'>ἐστι</span> <span class='ocrx_word' id='word_1_569' title='bbox 1269 1610 1367 1637; x_wconf 90' lang='grc' dir='ltr'>κοιλία.</span> <span class='ocrx_word' id='word_1_570' title='bbox 1379 1625 1412 1630; x_wconf 88' lang='lat'><strong>—-</strong></span> <span class='ocrx_word' id='word_1_571' title='bbox 1421 1609 1467 1646; x_wconf 87' lang='grc' dir='ltr'><strong>Μὴ</strong></span> <span class='ocrx_word' id='word_1_572' title='bbox 1489 1609 1581 1637; x_wconf 82' lang='grc' dir='ltr'>’ἐνεκεν</span> <span class='ocrx_word' id='word_1_573' title='bbox 1595 1610 1692 1646; x_wconf 84' lang='grc' dir='ltr'>ἡδονῆς</span> <span class='ocrx_word' id='word_1_574' title='bbox 1710 1610 1815 1646; x_wconf 76' lang='grc' dir='ltr'>προδῷς</span> <span class='ocrx_word' id='word_1_575' title='bbox 1830 1610 1869 1636; x_wconf 79' lang='grc' dir='ltr'>τὸν</span> 
     </span>
    </p>
   </div>
   <div class='ocr_carea' id='block_1_76' title="bbox 1085 1653 1868 1692">
    <p class='ocr_par' dir='ltr' id='par_1_76' title="bbox 1085 1653 1868 1692">
     <span class='ocr_line' id='line_1_76' title="bbox 1085 1653 1868 1692; baseline -0.003 -8"><span class='ocrx_word' id='word_1_576' title='bbox 1085 1657 1169 1684; x_wconf 80' lang='grc' dir='ltr'>Θεόν·</span> <span class='ocrx_word' id='word_1_577' title='bbox 1188 1653 1266 1689; x_wconf 75' lang='grc' dir='ltr'>οὗτος</span> <span class='ocrx_word' id='word_1_578' title='bbox 1282 1657 1337 1692; x_wconf 88' lang='grc' dir='ltr'>γὰρ</span> <span class='ocrx_word' id='word_1_579' title='bbox 1355 1656 1425 1692; x_wconf 82' lang='grc' dir='ltr'>νομὴ</span> <span class='ocrx_word' id='word_1_580' title='bbox 1445 1656 1565 1690; x_wconf 84' lang='grc' dir='ltr'>δικαίου,</span> <span class='ocrx_word' id='word_1_581' title='bbox 1585 1656 1631 1682; x_wconf 83' lang='grc' dir='ltr'>καὶ</span> <span class='ocrx_word' id='word_1_582' title='bbox 1650 1657 1680 1683; x_wconf 75' lang='grc' dir='ltr'>οὐ</span> <span class='ocrx_word' id='word_1_583' title='bbox 1702 1657 1742 1692; x_wconf 75' lang='grc' dir='ltr'>μὴ</span> <span class='ocrx_word' id='word_1_584' title='bbox 1763 1658 1868 1690; x_wconf 81' lang='grc' dir='ltr'>ἐγκατα-</span> 
     </span>
    </p>
   </div>
   <div class='ocr_carea' id='block_1_77' title="bbox 1085 1703 1223 1739">
    <p class='ocr_par' dir='ltr' id='par_1_77' title="bbox 1085 1703 1223 1739">
     <span class='ocr_line' id='line_1_77' title="bbox 1085 1703 1223 1739; baseline 0 -10"><span class='ocrx_word' id='word_1_585' title='bbox 1085 1703 1166 1739; x_wconf 80' lang='grc' dir='ltr'>λείψῃ</span> <span class='ocrx_word' id='word_1_586' title='bbox 1183 1711 1223 1729; x_wconf 86' lang='grc' dir='ltr'>σε.</span> 
     </span>
    </p>
   </div>
   <div class='ocr_carea' id='block_1_78' title="bbox 1126 1746 1866 1786">
    <p class='ocr_par' dir='ltr' id='par_1_78' title="bbox 1126 1746 1866 1786">
     <span class='ocr_line' id='line_1_78' title="bbox 1126 1746 1866 1786; baseline -0.005 -10"><span class='ocrx_word' id='word_1_587' title='bbox 1126 1749 1306 1786; x_wconf 81' lang='grc' dir='ltr'>Ἀποστρέφει</span> <span class='ocrx_word' id='word_1_588' title='bbox 1324 1750 1372 1785; x_wconf 82' lang='grc' dir='ltr'>μὲν</span> <span class='ocrx_word' id='word_1_589' title='bbox 1388 1751 1402 1776; x_wconf 87' lang='grc' dir='ltr'>ὁ</span> <span class='ocrx_word' id='word_1_590' title='bbox 1416 1749 1481 1781; x_wconf 76' lang='grc' dir='ltr'>Θεὸς</span> <span class='ocrx_word' id='word_1_591' title='bbox 1495 1749 1540 1776; x_wconf 78' lang='grc' dir='ltr'>τὸν</span> <span class='ocrx_word' id='word_1_592' title='bbox 1553 1749 1638 1785; x_wconf 80' lang='grc' dir='ltr'>θυμὸν</span> <span class='ocrx_word' id='word_1_593' title='bbox 1650 1747 1737 1775; x_wconf 82' lang='grc' dir='ltr'>αὐτοῦ</span> <span class='ocrx_word' id='word_1_594' title='bbox 1757 1748 1808 1774; x_wconf 75' lang='grc' dir='ltr'>ἀπὸ</span> <span class='ocrx_word' id='word_1_595' title='bbox 1827 1746 1866 1773; x_wconf 79' lang='grc' dir='ltr'><strong>τοῦ</strong></span> 
     </span>
    </p>
   </div>
   <div class='ocr_carea' id='block_1_79' title="bbox 1086 1793 1867 1831">
    <p class='ocr_par' dir='ltr' id='par_1_79' title="bbox 1086 1793 1867 1831">
     <span class='ocr_line' id='line_1_79' title="bbox 1086 1793 1867 1831; baseline -0.005 -9"><span class='ocrx_word' id='word_1_596' title='bbox 1086 1795 1224 1828; x_wconf 82' lang='grc' dir='ltr'>πεσόντος,</span> <span class='ocrx_word' id='word_1_597' title='bbox 1240 1795 1355 1831; x_wconf 74' lang='grc' dir='ltr'>ἐλεήσας</span> <span class='ocrx_word' id='word_1_598' title='bbox 1369 1795 1448 1822; x_wconf 73' lang='grc' dir='ltr'>αὐτόν</span> <span class='ocrx_word' id='word_1_599' title='bbox 1459 1803 1465 1810; x_wconf 88' lang='grc'><strong>·</strong></span> <span class='ocrx_word' id='word_1_600' title='bbox 1479 1794 1620 1831; x_wconf 82' lang='grc' dir='ltr'>ὀργίζεται</span> <span class='ocrx_word' id='word_1_601' title='bbox 1631 1794 1660 1821; x_wconf 81' lang='grc' dir='ltr'>δὲ</span> <span class='ocrx_word' id='word_1_602' title='bbox 1676 1794 1717 1829; x_wconf 83' lang='grc' dir='ltr'>τῷ</span> <span class='ocrx_word' id='word_1_603' title='bbox 1733 1793 1867 1829; x_wconf 74' lang='grc' dir='ltr'>ἐπαρθέντι</span> 
     </span>
    </p>
   </div>
   <div class='ocr_carea' id='block_1_80' title="bbox 1085 1836 1867 1877">
    <p class='ocr_par' dir='ltr' id='par_1_80' title="bbox 1085 1836 1867 1877">
     <span class='ocr_line' id='line_1_80' title="bbox 1085 1836 1867 1877; baseline -0.006 -9"><span class='ocrx_word' id='word_1_604' title='bbox 1085 1841 1131 1868; x_wconf 75' lang='grc' dir='ltr'><strong>ἐπὶ</strong></span> <span class='ocrx_word' id='word_1_605' title='bbox 1142 1841 1180 1877; x_wconf 83' lang='grc' dir='ltr'>τῷ</span> <span class='ocrx_word' id='word_1_606' title='bbox 1191 1840 1318 1877; x_wconf 87' lang='grc' dir='ltr'>πτώματι</span> <span class='ocrx_word' id='word_1_607' title='bbox 1330 1840 1376 1867; x_wconf 82' lang='grc' dir='ltr'>τοῦ</span> <span class='ocrx_word' id='word_1_608' title='bbox 1386 1840 1482 1876; x_wconf 78' lang='grc' dir='ltr'>ἐχθροῦ</span> <span class='ocrx_word' id='word_1_609' title='bbox 1493 1839 1575 1866; x_wconf 76' lang='grc' dir='ltr'>αὐτοῦ</span> <span class='ocrx_word' id='word_1_610' title='bbox 1583 1847 1589 1854; x_wconf 92' lang='grc'><strong>·</strong></span> <span class='ocrx_word' id='word_1_611' title='bbox 1609 1840 1662 1870; x_wconf 80' lang='grc' dir='ltr'>πᾶς</span> <span class='ocrx_word' id='word_1_612' title='bbox 1677 1839 1732 1874; x_wconf 80' lang='grc' dir='ltr'><strong>γὰρ</strong></span> <span class='ocrx_word' id='word_1_613' title='bbox 1746 1839 1760 1865; x_wconf 80' lang='grc' dir='ltr'><strong>ὁ</strong></span> <span class='ocrx_word' id='word_1_614' title='bbox 1775 1836 1867 1872; x_wconf 76' lang='grc' dir='ltr'>ἐπιχαί-</span> 
     </span>
    </p>
   </div>
   <div class='ocr_carea' id='block_1_81' title="bbox 1085 1883 1866 1924">
    <p class='ocr_par' dir='ltr' id='par_1_81' title="bbox 1085 1883 1866 1924">
     <span class='ocr_line' id='line_1_81' title="bbox 1085 1883 1866 1924; baseline -0.006 -9"><span class='ocrx_word' id='word_1_615' title='bbox 1085 1896 1140 1924; x_wconf 88' lang='grc' dir='ltr'><strong>ρων</strong></span> <span class='ocrx_word' id='word_1_616' title='bbox 1153 1888 1198 1915; x_wconf 73' lang='grc' dir='ltr'><strong>ἐπὶ</strong></span> <span class='ocrx_word' id='word_1_617' title='bbox 1214 1887 1386 1923; x_wconf 82' lang='grc' dir='ltr'>ἀπολλυμένῃ</span> <span class='ocrx_word' id='word_1_618' title='bbox 1408 1887 1479 1923; x_wconf 72' lang='grc' dir='ltr'>ψυχῇ</span> <span class='ocrx_word' id='word_1_619' title='bbox 1491 1907 1498 1918; x_wconf 86' lang='grc'><strong>,</strong></span> <span class='ocrx_word' id='word_1_620' title='bbox 1511 1886 1604 1922; x_wconf 82' lang='grc' dir='ltr'>ὅμοιός</span> <span class='ocrx_word' id='word_1_621' title='bbox 1624 1887 1684 1912; x_wconf 79' lang='grc' dir='ltr'>ἐστι</span> <span class='ocrx_word' id='word_1_622' title='bbox 1701 1885 1742 1921; x_wconf 84' lang='grc' dir='ltr'>τῷ</span> <span class='ocrx_word' id='word_1_623' title='bbox 1762 1883 1866 1918; x_wconf 79' lang='grc' dir='ltr'>διαδόλῳ</span> 
     </span>
    </p>
   </div>
   <div class='ocr_carea' id='block_1_82' title="bbox 1083 1930 1865 1971">
    <p class='ocr_par' dir='ltr' id='par_1_82' title="bbox 1083 1930 1865 1971">
     <span class='ocr_line' id='line_1_82' title="bbox 1083 1930 1865 1971; baseline -0.008 -9"><span class='ocrx_word' id='word_1_624' title='bbox 1083 1935 1122 1971; x_wconf 82' lang='grc' dir='ltr'>τῷ</span> <span class='ocrx_word' id='word_1_625' title='bbox 1145 1935 1182 1971; x_wconf 84' lang='grc' dir='ltr'>μὴ</span> <span class='ocrx_word' id='word_1_626' title='bbox 1198 1935 1300 1962; x_wconf 86' lang='grc' dir='ltr'>θέλοντι</span> <span class='ocrx_word' id='word_1_627' title='bbox 1318 1935 1422 1966; x_wconf 84' lang='grc' dir='ltr'>πάντας</span> <span class='ocrx_word' id='word_1_628' title='bbox 1441 1932 1602 1969; x_wconf 86' lang='grc' dir='ltr'>ἀνθρώπους</span> <span class='ocrx_word' id='word_1_629' title='bbox 1622 1931 1745 1967; x_wconf 80' lang='grc' dir='ltr'>σωθῆναι</span> <span class='ocrx_word' id='word_1_630' title='bbox 1764 1931 1809 1958; x_wconf 83' lang='grc' dir='ltr'>καὶ</span> <span class='ocrx_word' id='word_1_631' title='bbox 1832 1930 1865 1961; x_wconf 83' lang='grc' dir='ltr'><strong>είς</strong></span> 
     </span>
    </p>
   </div>
   <div class='ocr_carea' id='block_1_83' title="bbox 1082 1976 1865 2016">
    <p class='ocr_par' dir='ltr' id='par_1_83' title="bbox 1082 1976 1865 2016">
     <span class='ocr_line' id='line_1_83' title="bbox 1082 1976 1865 2016; baseline -0.008 -8"><span class='ocrx_word' id='word_1_632' title='bbox 1082 1982 1229 2015; x_wconf 77' lang='grc' dir='ltr'>ἐπίγνωσιν</span> <span class='ocrx_word' id='word_1_633' title='bbox 1243 1980 1372 2016; x_wconf 85' lang='grc' dir='ltr'>ἀληθείας</span> <span class='ocrx_word' id='word_1_634' title='bbox 1392 1979 1478 2006; x_wconf 71' lang='grc' dir='ltr'>ἐλθεῖν</span> <span class='ocrx_word' id='word_1_635' title='bbox 1488 1988 1495 1994; x_wconf 89' lang='grc'>·</span> <span class='ocrx_word' id='word_1_636' title='bbox 1512 1979 1560 2005; x_wconf 75' lang='grc' dir='ltr'>καὶ</span> <span class='ocrx_word' id='word_1_637' title='bbox 1572 1978 1650 2014; x_wconf 75' lang='grc' dir='ltr'>γὰριδ</span> <span class='ocrx_word' id='word_1_638' title='bbox 1665 1978 1769 2014; x_wconf 83' lang='grc' dir='ltr'>Κύριος</span> <span class='ocrx_word' id='word_1_639' title='bbox 1780 1978 1807 2003; x_wconf 82' lang='grc' dir='ltr'>ὲν</span> <span class='ocrx_word' id='word_1_640' title='bbox 1816 1976 1865 2007; x_wconf 80' lang='grc' dir='ltr'>τοῖς</span> 
     </span>
    </p>
   </div>
   <div class='ocr_carea' id='block_1_84' title="bbox 1082 2022 1866 2063">
    <p class='ocr_par' dir='ltr' id='par_1_84' title="bbox 1082 2022 1866 2063">
     <span class='ocr_line' id='line_1_84' title="bbox 1082 2022 1866 2063; baseline -0.008 -8"><span class='ocrx_word' id='word_1_641' title='bbox 1082 2028 1259 2063; x_wconf 84' lang='grc' dir='ltr'>Εὐαγγελίοις</span> <span class='ocrx_word' id='word_1_642' title='bbox 1267 2027 1478 2062; x_wconf 86' lang='grc' dir='ltr'>νενομοθέτηκεν</span> <span class='ocrx_word' id='word_1_643' title='bbox 1488 2024 1616 2061; x_wconf 76' lang='grc' dir='ltr'>εὔχεσθαι</span> <span class='ocrx_word' id='word_1_644' title='bbox 1624 2025 1694 2060; x_wconf 82' lang='grc' dir='ltr'>ὑπὲρ</span> <span class='ocrx_word' id='word_1_645' title='bbox 1705 2024 1760 2051; x_wconf 82' lang='grc' dir='ltr'><strong>τῶν</strong></span> <span class='ocrx_word' id='word_1_646' title='bbox 1771 2022 1866 2059; x_wconf 80' lang='grc' dir='ltr'>ἐχθρῶν</span> 
     </span>
    </p>
   </div>
   <div class='ocr_carea' id='block_1_85' title="bbox 1082 2072 1502 2110">
    <p class='ocr_par' dir='ltr' id='par_1_85' title="bbox 1082 2072 1502 2110">
     <span class='ocr_line' id='line_1_85' title="bbox 1082 2072 1502 2110; baseline -0.005 -10"><span class='ocrx_word' id='word_1_647' title='bbox 1082 2074 1170 2110; x_wconf 82' lang='grc' dir='ltr'>ἡμῶν,</span> <span class='ocrx_word' id='word_1_648' title='bbox 1179 2075 1263 2109; x_wconf 80' lang='grc' dir='ltr'>ἦγουν</span> <span class='ocrx_word' id='word_1_649' title='bbox 1271 2073 1327 2100; x_wconf 84' lang='grc' dir='ltr'><strong>τῶν</strong></span> <span class='ocrx_word' id='word_1_650' title='bbox 1341 2072 1502 2108; x_wconf 85' lang='grc' dir='ltr'>ἀνθρώπων.</span> 
     </span>
    </p>
   </div>
   <div class='ocr_carea' id='block_1_86' title="bbox 1121 2114 1865 2155">
    <p class='ocr_par' dir='ltr' id='par_1_86' title="bbox 1121 2114 1865 2155">
     <span class='ocr_line' id='line_1_86' title="bbox 1121 2114 1865 2155; baseline -0.008 -9"><span class='ocrx_word' id='word_1_651' title='bbox 1121 2119 1153 2146; x_wconf 83' lang='grc' dir='ltr'><strong>Ἦ</strong></span> <span class='ocrx_word' id='word_1_652' title='bbox 1173 2119 1295 2155; x_wconf 88' lang='grc' dir='ltr'>μάχαιρα</span> <span class='ocrx_word' id='word_1_653' title='bbox 1307 2118 1361 2154; x_wconf 81' lang='grc'><strong>(17)</strong></span> <span class='ocrx_word' id='word_1_654' title='bbox 1380 2117 1409 2144; x_wconf 76' lang='grc' dir='ltr'>δὲ</span> <span class='ocrx_word' id='word_1_655' title='bbox 1422 2117 1469 2144; x_wconf 80' lang='grc' dir='ltr'>τοῦ</span> <span class='ocrx_word' id='word_1_656' title='bbox 1487 2117 1660 2152; x_wconf 82' lang='grc' dir='ltr'>πνεύματος,</span> <span class='ocrx_word' id='word_1_657' title='bbox 1680 2116 1697 2151; x_wconf 82' lang='grc' dir='ltr'><strong>ἧ</strong></span> <span class='ocrx_word' id='word_1_658' title='bbox 1720 2117 1778 2142; x_wconf 84' lang='grc' dir='ltr'>ὲστι</span> <span class='ocrx_word' id='word_1_659' title='bbox 1799 2114 1865 2149; x_wconf 79' lang='grc' dir='ltr'>ῥῆμα</span> 
     </span>
    </p>
   </div>
   <div class='ocr_carea' id='block_1_87' title="bbox 1080 2159 1865 2201">
    <p class='ocr_par' dir='ltr' id='par_1_87' title="bbox 1080 2159 1865 2201">
     <span class='ocr_line' id='line_1_87' title="bbox 1080 2159 1865 2201; baseline -0.008 -9"><span class='ocrx_word' id='word_1_660' title='bbox 1080 2165 1147 2192; x_wconf 78' lang='grc' dir='ltr'>Θεοῦ</span> <span class='ocrx_word' id='word_1_661' title='bbox 1158 2186 1165 2197; x_wconf 95' lang='grc'><strong>,</strong></span> <span class='ocrx_word' id='word_1_662' title='bbox 1182 2165 1213 2192; x_wconf 81' lang='grc' dir='ltr'>οὑ</span> <span class='ocrx_word' id='word_1_663' title='bbox 1232 2165 1346 2201; x_wconf 87' lang='grc' dir='ltr'>σαρκινη</span> <span class='ocrx_word' id='word_1_664' title='bbox 1357 2185 1364 2197; x_wconf 85' lang='grc'><strong>,</strong></span> <span class='ocrx_word' id='word_1_665' title='bbox 1388 2165 1447 2191; x_wconf 81' lang='grc' dir='ltr'>ἀντὶ</span> <span class='ocrx_word' id='word_1_666' title='bbox 1463 2163 1510 2191; x_wconf 76' lang='grc' dir='ltr'>τοῦ</span> <span class='ocrx_word' id='word_1_667' title='bbox 1533 2164 1583 2190; x_wconf 86' lang='grc' dir='ltr'>οὐκ</span> <span class='ocrx_word' id='word_1_668' title='bbox 1602 2162 1719 2199; x_wconf 79' lang='grc' dir='ltr'>αἰσθητή</span> <span class='ocrx_word' id='word_1_669' title='bbox 1730 2171 1738 2178; x_wconf 70' lang='grc' dir='ltr'><strong>ν</strong></span> <span class='ocrx_word' id='word_1_670' title='bbox 1759 2161 1788 2192; x_wconf 78' lang='grc' dir='ltr'>ὃς</span> <span class='ocrx_word' id='word_1_671' title='bbox 1799 2161 1818 2186; x_wconf 77' lang='grc' dir='ltr'>δ’</span> <span class='ocrx_word' id='word_1_672' title='bbox 1836 2159 1865 2186; x_wconf 76' lang='grc' dir='ltr'>ἂν</span> 
     </span>
    </p>
   </div>
   <div class='ocr_carea' id='block_1_88' title="bbox 243 2205 1044 2249">
    <p class='ocr_par' dir='ltr' id='par_1_88' title="bbox 243 2213 1031 2248">
     <span class='ocr_line' id='line_1_88' title="bbox 243 2213 1031 2248; baseline -0.001 -7"><span class='ocrx_word' id='word_1_673' title='bbox 243 2215 332 2248; x_wconf 88' lang='lat' dir='ltr'><strong>detur,</strong></span> <span class='ocrx_word' id='word_1_674' title='bbox 349 2217 528 2241; x_wconf 86' lang='lat' dir='ltr'><strong>conterentur</strong></span> <span class='ocrx_word' id='word_1_675' title='bbox 557 2213 617 2248; x_wconf 87' lang='lat' dir='ltr'><strong>ejus</strong></span> <span class='ocrx_word' id='word_1_676' title='bbox 642 2220 705 2241; x_wconf 82' lang='lat' dir='ltr'><strong>ossa</strong></span> <span class='ocrx_word' id='word_1_677' title='bbox 729 2213 833 2248; x_wconf 89' lang='lat' dir='ltr'><strong>pistillo</strong></span> <span class='ocrx_word' id='word_1_678' title='bbox 857 2217 984 2245; x_wconf 81' lang='lat' dir='ltr'><strong>contusa,</strong></span> <span class='ocrx_word' id='word_1_679' title='bbox 1003 2217 1031 2240; x_wconf 89' lang='lat' dir='ltr'><strong>et</strong></span> 
     </span>
    </p>
   </div>
   <div class='ocr_carea' id='block_1_89' title="bbox 1089 2205 1864 2249">
    <p class='ocr_par' dir='ltr' id='par_1_89' title="bbox 1089 2205 1864 2249">
     <span class='ocr_line' id='line_1_89' title="bbox 1089 2205 1864 2249; baseline -0.009 -10"><span class='ocrx_word' id='word_1_680' title='bbox 1089 2212 1221 2249; x_wconf 73' lang='grc' dir='ltr'>παραδοθῇ</span> <span class='ocrx_word' id='word_1_681' title='bbox 1245 2211 1361 2243; x_wconf 76' lang='grc' dir='ltr'>πταίσας</span> <span class='ocrx_word' id='word_1_682' title='bbox 1385 2210 1475 2247; x_wconf 81' lang='grc' dir='ltr'>αὐτῷ,</span> <span class='ocrx_word' id='word_1_683' title='bbox 1498 2210 1705 2245; x_wconf 77' lang='grc' dir='ltr'>συντριϐήσεται</span> <span class='ocrx_word' id='word_1_684' title='bbox 1731 2207 1797 2234; x_wconf 79' lang='grc' dir='ltr'><strong>ὀστᾶ</strong></span> <span class='ocrx_word' id='word_1_685' title='bbox 1819 2205 1864 2232; x_wconf 81' lang='grc' dir='ltr'><strong>ὑπὸ</strong></span> 
     </span>
    </p>
   </div>
   <div class='ocr_carea' id='block_1_90' title="bbox 243 2259 1028 2295">
    <p class='ocr_par' dir='ltr' id='par_1_90' title="bbox 243 2259 1028 2295">
     <span class='ocr_line' id='line_1_90' title="bbox 243 2259 1028 2295; baseline 0.001 -9"><span class='ocrx_word' id='word_1_686' title='bbox 243 2259 305 2295; x_wconf 77' lang='lat' dir='ltr'><strong>igne</strong></span> <span class='ocrx_word' id='word_1_687' title='bbox 318 2259 457 2286; x_wconf 89' lang='lat' dir='ltr'><strong>combusta</strong></span> <span class='ocrx_word' id='word_1_688' title='bbox 483 2263 657 2287; x_wconf 84' lang='lat' dir='ltr'><strong>evanescent.</strong></span> <span class='ocrx_word' id='word_1_689' title='bbox 673 2259 732 2291; x_wconf 74' lang='lat' dir='ltr'><strong>Vel,</strong></span> <span class='ocrx_word' id='word_1_690' title='bbox 752 2259 799 2294; x_wconf 90' lang='lat' dir='ltr'><strong>qui</strong></span> <span class='ocrx_word' id='word_1_691' title='bbox 818 2259 942 2286; x_wconf 87' lang='lat' dir='ltr'><strong>tradetur</strong></span> <span class='ocrx_word' id='word_1_692' title='bbox 955 2259 980 2286; x_wconf 90' lang='lat' dir='ltr'><strong>ei</strong></span> <span class='ocrx_word' id='word_1_693' title='bbox 994 2259 1028 2287; x_wconf 87' lang='lat' dir='ltr'><strong>ad</strong></span> 
     </span>
    </p>
   </div>
   <div class='ocr_carea' id='block_1_91' title="bbox 243 2304 1029 2340">
    <p class='ocr_par' dir='ltr' id='par_1_91' title="bbox 243 2304 1029 2340">
     <span class='ocr_line' id='line_1_91' title="bbox 243 2304 1029 2340; baseline 0.003 -9"><span class='ocrx_word' id='word_1_694' title='bbox 243 2305 441 2340; x_wconf 78' lang='lat' dir='ltr'><strong>paenitentiam,</strong></span> <span class='ocrx_word' id='word_1_695' title='bbox 470 2309 626 2332; x_wconf 88' lang='lat' dir='ltr'><strong>conteretur</strong></span> <span class='ocrx_word' id='word_1_696' title='bbox 659 2305 743 2332; x_wconf 89' lang='lat' dir='ltr'><strong>verbo</strong></span> <span class='ocrx_word' id='word_1_697' title='bbox 781 2304 923 2340; x_wconf 64' lang='lat' dir='ltr'><strong>sapientiae</strong></span> <span class='ocrx_word' id='word_1_698' title='bbox 957 2304 1029 2333; x_wconf 86' lang='lat' dir='ltr'><strong>illius</strong></span> 
     </span>
    </p>
   </div>
   <div class='ocr_carea' id='block_1_92' title="bbox 242 2350 1031 2386">
    <p class='ocr_par' dir='ltr' id='par_1_92' title="bbox 242 2350 1031 2386">
     <span class='ocr_line' id='line_1_92' title="bbox 242 2350 1031 2386; baseline 0 -9"><span class='ocrx_word' id='word_1_699' title='bbox 242 2350 318 2386; x_wconf 86' lang='lat' dir='ltr'><strong>quasi</strong></span> <span class='ocrx_word' id='word_1_700' title='bbox 335 2350 463 2383; x_wconf 88' lang='lat' dir='ltr'><strong>triticum,</strong></span> <span class='ocrx_word' id='word_1_701' title='bbox 483 2355 512 2377; x_wconf 93' lang='lat' dir='ltr'><strong>ut</strong></span> <span class='ocrx_word' id='word_1_702' title='bbox 531 2350 618 2378; x_wconf 86' lang='lat' dir='ltr'><strong>dulcis</strong></span> <span class='ocrx_word' id='word_1_703' title='bbox 639 2358 672 2378; x_wconf 83' lang='lat' dir='ltr'><strong>ex</strong></span> <span class='ocrx_word' id='word_1_704' title='bbox 692 2358 725 2378; x_wconf 92' lang='lat' dir='ltr'><strong>eo</strong></span> <span class='ocrx_word' id='word_1_705' title='bbox 746 2350 824 2386; x_wconf 88' lang='lat' dir='ltr'><strong>panis</strong></span> <span class='ocrx_word' id='word_1_706' title='bbox 843 2350 901 2377; x_wconf 85' lang='lat' dir='ltr'><strong>fiat.</strong></span> <span class='ocrx_word' id='word_1_707' title='bbox 913 2365 949 2370; x_wconf 92' lang='lat'><strong>—</strong></span> <span class='ocrx_word' id='word_1_708' title='bbox 962 2350 1031 2378; x_wconf 86' lang='lat' dir='ltr'><strong>Cor-</strong></span> 
     </span>
    </p>
   </div>
   <div class='ocr_carea' id='block_1_93' title="bbox 243 2396 1030 2432">
    <p class='ocr_par' dir='ltr' id='par_1_93' title="bbox 243 2396 1030 2432">
     <span class='ocr_line' id='line_1_93' title="bbox 243 2396 1030 2432; baseline -0.001 -8"><span class='ocrx_word' id='word_1_709' title='bbox 243 2401 336 2432; x_wconf 87' lang='lat' dir='ltr'><strong>ruptos</strong></span> <span class='ocrx_word' id='word_1_710' title='bbox 349 2401 376 2424; x_wconf 89' lang='lat' dir='ltr'><strong>et</strong></span> <span class='ocrx_word' id='word_1_711' title='bbox 390 2401 591 2425; x_wconf 88' lang='lat' dir='ltr'><strong>veterascentes</strong></span> <span class='ocrx_word' id='word_1_712' title='bbox 606 2398 633 2425; x_wconf 92' lang='lat' dir='ltr'><strong>in</strong></span> <span class='ocrx_word' id='word_1_713' title='bbox 652 2396 797 2425; x_wconf 88' lang='lat' dir='ltr'><strong>desideriis</strong></span> <span class='ocrx_word' id='word_1_714' title='bbox 820 2397 923 2424; x_wconf 86' lang='lat' dir='ltr'><strong>erroris</strong></span> <span class='ocrx_word' id='word_1_715' title='bbox 939 2396 1030 2424; x_wconf 85' lang='lat' dir='ltr'><strong>homi-</strong></span> 
     </span>
    </p>
   </div>
   <div class='ocr_carea' id='block_1_94' title="bbox 243 2441 1028 2478">
    <p class='ocr_par' dir='ltr' id='par_1_94' title="bbox 243 2441 1028 2478">
     <span class='ocr_line' id='line_1_94' title="bbox 243 2441 1028 2478; baseline -0.001 -8"><span class='ocrx_word' id='word_1_716' title='bbox 243 2450 309 2476; x_wconf 87' lang='lat' dir='ltr'><strong>nes,</strong></span> <span class='ocrx_word' id='word_1_717' title='bbox 324 2443 459 2471; x_wconf 88' lang='lat' dir='ltr'><strong>consumit</strong></span> <span class='ocrx_word' id='word_1_718' title='bbox 481 2443 527 2471; x_wconf 88' lang='lat' dir='ltr'><strong>Dei</strong></span> <span class='ocrx_word' id='word_1_719' title='bbox 550 2443 656 2478; x_wconf 77' lang='lat' dir='ltr'><strong>gladius</strong></span> <span class='ocrx_word' id='word_1_720' title='bbox 679 2444 763 2471; x_wconf 88' lang='lat' dir='ltr'><strong>exitio</strong></span> <span class='ocrx_word' id='word_1_721' title='bbox 777 2443 956 2471; x_wconf 82' lang='lat' dir='ltr'><strong>internecivo.</strong></span> <span class='ocrx_word' id='word_1_722' title='bbox 970 2441 1028 2475; x_wconf 83' lang='lat' dir='ltr'><strong>Vel,</strong></span> 
     </span>
    </p>
   </div>
   <div class='ocr_carea' id='block_1_95' title="bbox 242 2488 1029 2525">
    <p class='ocr_par' dir='ltr' id='par_1_95' title="bbox 242 2488 1029 2525">
     <span class='ocr_line' id='line_1_95' title="bbox 242 2488 1029 2525; baseline -0.003 -10"><span class='ocrx_word' id='word_1_723' title='bbox 242 2489 382 2516; x_wconf 87' lang='lat' dir='ltr'><strong>venientes</strong></span> <span class='ocrx_word' id='word_1_724' title='bbox 401 2496 435 2515; x_wconf 83' lang='lat' dir='ltr'><strong>ex</strong></span> <span class='ocrx_word' id='word_1_725' title='bbox 460 2489 604 2524; x_wconf 87' lang='lat' dir='ltr'><strong>iniquitate</strong></span> <span class='ocrx_word' id='word_1_726' title='bbox 624 2489 657 2516; x_wconf 90' lang='lat' dir='ltr'><strong>ad</strong></span> <span class='ocrx_word' id='word_1_727' title='bbox 677 2489 722 2516; x_wconf 90' lang='lat' dir='ltr'><strong>Dei</strong></span> <span class='ocrx_word' id='word_1_728' title='bbox 747 2489 914 2525; x_wconf 80' lang='lat' dir='ltr'><strong>agnitionem</strong></span> <span class='ocrx_word' id='word_1_729' title='bbox 941 2488 1029 2514; x_wconf 89' lang='lat' dir='ltr'><strong>homi-</strong></span> 
     </span>
    </p>
   </div>
   <div class='ocr_carea' id='block_1_96' title="bbox 242 2534 1030 2570">
    <p class='ocr_par' dir='ltr' id='par_1_96' title="bbox 242 2534 1030 2570">
     <span class='ocr_line' id='line_1_96' title="bbox 242 2534 1030 2570; baseline -0.001 -9"><span class='ocrx_word' id='word_1_730' title='bbox 242 2542 302 2568; x_wconf 88' lang='lat' dir='ltr'><strong>nes,</strong></span> <span class='ocrx_word' id='word_1_731' title='bbox 315 2542 398 2570; x_wconf 90' lang='lat' dir='ltr'><strong>usque</strong></span> <span class='ocrx_word' id='word_1_732' title='bbox 412 2535 444 2562; x_wconf 89' lang='lat' dir='ltr'><strong>ad</strong></span> <span class='ocrx_word' id='word_1_733' title='bbox 458 2542 555 2563; x_wconf 87' lang='lat' dir='ltr'><strong>nervos</strong></span> <span class='ocrx_word' id='word_1_734' title='bbox 571 2535 756 2563; x_wconf 84' lang='lat' dir='ltr'><strong>consumendo</strong></span> <span class='ocrx_word' id='word_1_735' title='bbox 769 2539 865 2570; x_wconf 84' lang='lat' dir='ltr'><strong>purgat</strong></span> <span class='ocrx_word' id='word_1_736' title='bbox 878 2534 969 2568; x_wconf 89' lang='lat' dir='ltr'><strong>pravis</strong></span> <span class='ocrx_word' id='word_1_737' title='bbox 984 2541 1030 2561; x_wconf 87' lang='lat' dir='ltr'><strong>ac-</strong></span> 
     </span>
    </p>
   </div>
   <div class='ocr_carea' id='block_1_97' title="bbox 244 2579 1031 2616">
    <p class='ocr_par' dir='ltr' id='par_1_97' title="bbox 244 2579 1031 2616">
     <span class='ocr_line' id='line_1_97' title="bbox 244 2579 1031 2616; baseline -0.004 -8"><span class='ocrx_word' id='word_1_738' title='bbox 244 2581 336 2615; x_wconf 82' lang='lat' dir='ltr'><strong>tibus;</strong></span> <span class='ocrx_word' id='word_1_739' title='bbox 356 2586 385 2608; x_wconf 91' lang='lat' dir='ltr'><strong>ut</strong></span> <span class='ocrx_word' id='word_1_740' title='bbox 400 2581 568 2616; x_wconf 84' lang='lat' dir='ltr'><strong>deponentes</strong></span> <span class='ocrx_word' id='word_1_741' title='bbox 595 2586 714 2608; x_wconf 89' lang='lat' dir='ltr'><strong>veterem</strong></span> <span class='ocrx_word' id='word_1_742' title='bbox 739 2580 888 2611; x_wconf 82' lang='lat' dir='ltr'><strong>hominem.</strong></span> <span class='ocrx_word' id='word_1_743' title='bbox 917 2579 1031 2606; x_wconf 88' lang='lat' dir='ltr'><strong>induant</strong></span> 
     </span>
    </p>
   </div>
   <div class='ocr_carea' id='block_1_98' title="bbox 243 2626 1029 2662">
    <p class='ocr_par' dir='ltr' id='par_1_98' title="bbox 243 2626 1029 2662">
     <span class='ocr_line' id='line_1_98' title="bbox 243 2626 1029 2662; baseline -0.005 -6"><span class='ocrx_word' id='word_1_744' title='bbox 243 2636 343 2656; x_wconf 89' lang='lat' dir='ltr'><strong>novum</strong></span> <span class='ocrx_word' id='word_1_745' title='bbox 358 2633 479 2656; x_wconf 86' lang='lat' dir='ltr'><strong>creatum</strong></span> <span class='ocrx_word' id='word_1_746' title='bbox 494 2628 643 2654; x_wconf 83' lang='lat' dir='ltr'><strong>secundum</strong></span> <span class='ocrx_word' id='word_1_747' title='bbox 666 2627 749 2654; x_wconf 92' lang='lat' dir='ltr'><strong>Deum</strong></span> <span class='ocrx_word' id='word_1_748' title='bbox 763 2637 770 2655; x_wconf 90' lang='lat'><strong>:</strong></span> <span class='ocrx_word' id='word_1_749' title='bbox 788 2627 834 2662; x_wconf 91' lang='lat' dir='ltr'><strong>qui</strong></span> <span class='ocrx_word' id='word_1_750' title='bbox 849 2626 959 2662; x_wconf 84' lang='lat' dir='ltr'><strong>quidem</strong></span> <span class='ocrx_word' id='word_1_751' title='bbox 976 2633 1029 2653; x_wconf 88' lang='lat' dir='ltr'><strong>non</strong></span> 
     </span>
    </p>
   </div>
   <div class='ocr_carea' id='block_1_99' title="bbox 277 2695 1059 2733">
    <p class='ocr_par' dir='ltr' id='par_1_99' title="bbox 277 2695 1059 2733">
     <span class='ocr_line' id='line_1_99' title="bbox 277 2695 1059 2733; baseline -0.005 -7"><span class='ocrx_word' id='word_1_752' title='bbox 277 2698 302 2715; x_wconf 81' lang='grc'><strong>⁸³</strong></span> <span class='ocrx_word' id='word_1_753' title='bbox 315 2699 395 2726; x_wconf 73' lang='lat' dir='ltr'><strong>nom.</strong></span> <span class='ocrx_word' id='word_1_754' title='bbox 409 2697 528 2733; x_wconf 74' lang='grc' dir='ltr'><strong>ν111,18.</strong></span> <span class='ocrx_word' id='word_1_755' title='bbox 568 2697 590 2713; x_wconf 78' lang='grc'><strong>⁸⁸</strong></span> <span class='ocrx_word' id='word_1_756' title='bbox 611 2697 697 2727; x_wconf 73' lang='grc' dir='ltr'><strong>ν.15.</strong></span> <span class='ocrx_word' id='word_1_757' title='bbox 735 2697 758 2713; x_wconf 83' lang='grc'><strong>⁸⁵</strong></span> <span class='ocrx_word' id='word_1_758' title='bbox 772 2696 842 2724; x_wconf 81' lang='lat' dir='ltr'><strong>Psal.</strong></span> <span class='ocrx_word' id='word_1_759' title='bbox 865 2702 929 2729; x_wconf 68' lang='lat' dir='ltr'><strong>cxv,</strong></span> <span class='ocrx_word' id='word_1_760' title='bbox 956 2696 1000 2723; x_wconf 85' lang='lat' dir='ltr'><strong>l5.</strong></span> <span class='ocrx_word' id='word_1_761' title='bbox 1036 2695 1059 2711; x_wconf 82' lang='grc'><strong>⁸⁸</strong></span> 
     </span>
    </p>
   </div>
   <div class='ocr_carea' id='block_1_100' title="bbox 278 2763 1025 2803">
    <p class='ocr_par' dir='ltr' id='par_1_100' title="bbox 278 2763 1025 2803">
     <span class='ocr_line' id='line_1_100' title="bbox 278 2763 1025 2803; baseline -0.005 -8"><span class='ocrx_word' id='word_1_762' title='bbox 278 2768 335 2802; x_wconf 84' lang='grc' dir='ltr'><strong>(Π)</strong></span> <span class='ocrx_word' id='word_1_763' title='bbox 359 2769 516 2803; x_wconf 87' lang='lat' dir='ltr'><strong>Sequuntur</strong></span> <span class='ocrx_word' id='word_1_764' title='bbox 531 2767 696 2802; x_wconf 79' lang='lat' dir='ltr'><strong>perturbati,</strong></span> <span class='ocrx_word' id='word_1_765' title='bbox 715 2770 745 2803; x_wconf 68' lang='lat' dir='ltr'><strong>ut</strong></span> <span class='ocrx_word' id='word_1_766' title='bbox 760 2766 786 2793; x_wconf 93' lang='lat' dir='ltr'><strong>in</strong></span> <span class='ocrx_word' id='word_1_767' title='bbox 802 2765 969 2793; x_wconf 88' lang='lat' dir='ltr'><strong>editionibus</strong></span> <span class='ocrx_word' id='word_1_768' title='bbox 980 2763 1025 2791; x_wconf 87' lang='lat' dir='ltr'><strong>Bi-</strong></span> 
     </span>
    </p>
   </div>
   <div class='ocr_carea' id='block_1_101' title="bbox 243 2800 1028 2839">
    <p class='ocr_par' dir='ltr' id='par_1_101' title="bbox 243 2800 1028 2839">
     <span class='ocr_line' id='line_1_101' title="bbox 243 2800 1028 2839; baseline -0.004 -9"><span class='ocrx_word' id='word_1_769' title='bbox 243 2800 370 2835; x_wconf 70' lang='lat' dir='ltr'><strong>blinruiu,</strong></span> <span class='ocrx_word' id='word_1_770' title='bbox 385 2800 555 2834; x_wconf 78' lang='lat' dir='ltr'><strong>versiculi,et</strong></span> <span class='ocrx_word' id='word_1_771' title='bbox 571 2803 701 2839; x_wconf 68' lang='lat' dir='ltr'><strong>capitula.</strong></span> <span class='ocrx_word' id='word_1_772' title='bbox 717 2800 773 2839; x_wconf 64' lang='lat' dir='ltr'><strong>liae</strong></span> <span class='ocrx_word' id='word_1_773' title='bbox 791 2806 879 2839; x_wconf 73' lang='lat' dir='ltr'><strong>autem</strong></span> <span class='ocrx_word' id='word_1_774' title='bbox 899 2808 982 2839; x_wconf 82' lang='lat' dir='ltr'><strong>super</strong></span> <span class='ocrx_word' id='word_1_775' title='bbox 994 2807 1028 2839; x_wconf 33' lang='lat' dir='ltr'><strong>Ire</strong></span> 
     </span>
    </p>
   </div>
   <div class='ocr_carea' id='block_1_102' title="bbox 247 2836 1028 2870">
    <p class='ocr_par' dir='ltr' id='par_1_102' title="bbox 247 2836 1028 2870">
     <span class='ocr_line' id='line_1_102' title="bbox 247 2836 1028 2870; baseline -0.005 -5"><span class='ocrx_word' id='word_1_776' title='bbox 247 2838 395 2865; x_wconf 79' lang='lat' dir='ltr'><strong>consulesis</strong></span> <span class='ocrx_word' id='word_1_777' title='bbox 420 2839 568 2866; x_wconf 81' lang='lat' dir='ltr'><strong>celebriora</strong></span> <span class='ocrx_word' id='word_1_778' title='bbox 592 2837 689 2870; x_wconf 85' lang='lat' dir='ltr'><strong>Biblia,</strong></span> <span class='ocrx_word' id='word_1_779' title='bbox 720 2837 841 2864; x_wconf 71' lang='lat' dir='ltr'><strong>Romana</strong></span> <span class='ocrx_word' id='word_1_780' title='bbox 869 2836 897 2863; x_wconf 93' lang='lat' dir='ltr'><strong>in</strong></span> <span class='ocrx_word' id='word_1_781' title='bbox 921 2836 1028 2870; x_wconf 80' lang='lat' dir='ltr'><strong>primis,</strong></span> 
     </span>
    </p>
   </div>
   <div class='ocr_carea' id='block_1_103' title="bbox 1083 2252 1864 2294">
    <p class='ocr_par' dir='ltr' id='par_1_103' title="bbox 1083 2252 1864 2294">
     <span class='ocr_line' id='line_1_103' title="bbox 1083 2252 1864 2294; baseline -0.008 -9"><span class='ocrx_word' id='word_1_782' title='bbox 1083 2259 1184 2294; x_wconf 87' lang='grc' dir='ltr'>ὑπέρου</span> <span class='ocrx_word' id='word_1_783' title='bbox 1209 2258 1386 2293; x_wconf 78' lang='grc' dir='ltr'>τυπτόμενα·</span> <span class='ocrx_word' id='word_1_784' title='bbox 1413 2258 1460 2284; x_wconf 80' lang='grc' dir='ltr'>καὶ</span> <span class='ocrx_word' id='word_1_785' title='bbox 1489 2256 1704 2292; x_wconf 73' lang='grc' dir='ltr'>ἀφανισθήσεται</span> <span class='ocrx_word' id='word_1_786' title='bbox 1732 2255 1796 2282; x_wconf 80' lang='grc' dir='ltr'>ὀστᾶ</span> <span class='ocrx_word' id='word_1_787' title='bbox 1819 2252 1864 2279; x_wconf 81' lang='grc' dir='ltr'><strong>ὑπὸ</strong></span> 
     </span>
    </p>
   </div>
   <div class='ocr_carea' id='block_1_104' title="bbox 1083 2300 1864 2340">
    <p class='ocr_par' dir='ltr' id='par_1_104' title="bbox 1083 2300 1864 2340">
     <span class='ocr_line' id='line_1_104' title="bbox 1083 2300 1864 2340; baseline -0.008 -8"><span class='ocrx_word' id='word_1_788' title='bbox 1083 2306 1168 2340; x_wconf 80' lang='grc' dir='ltr'>πυρὸς</span> <span class='ocrx_word' id='word_1_789' title='bbox 1191 2304 1379 2340; x_wconf 73' lang='grc' dir='ltr'>καυσούμενασ</span> <span class='ocrx_word' id='word_1_790' title='bbox 1403 2304 1419 2340; x_wconf 87' lang='grc' dir='ltr'><strong>ῆ</strong></span> <span class='ocrx_word' id='word_1_791' title='bbox 1442 2304 1472 2336; x_wconf 80' lang='grc' dir='ltr'>ὃς</span> <span class='ocrx_word' id='word_1_792' title='bbox 1488 2303 1510 2330; x_wconf 80' lang='grc' dir='ltr'>δ’</span> <span class='ocrx_word' id='word_1_793' title='bbox 1524 2303 1557 2330; x_wconf 79' lang='grc' dir='ltr'>ἂν</span> <span class='ocrx_word' id='word_1_794' title='bbox 1577 2302 1717 2338; x_wconf 83' lang='grc' dir='ltr'>παραδοθῇ</span> <span class='ocrx_word' id='word_1_795' title='bbox 1739 2300 1810 2336; x_wconf 75' lang='grc' dir='ltr'>αὐτῷ</span> <span class='ocrx_word' id='word_1_796' title='bbox 1829 2300 1864 2330; x_wconf 83' lang='grc' dir='ltr'><strong>είς</strong></span> 
     </span>
    </p>
   </div>
   <div class='ocr_carea' id='block_1_105' title="bbox 1085 2343 1862 2387">
    <p class='ocr_par' dir='ltr' id='par_1_105' title="bbox 1085 2343 1862 2387">
     <span class='ocr_line' id='line_1_105' title="bbox 1085 2343 1862 2387; baseline -0.01 -8"><span class='ocrx_word' id='word_1_797' title='bbox 1085 2352 1237 2386; x_wconf 84' lang='grc' dir='ltr'>μετάνοιαν,</span> <span class='ocrx_word' id='word_1_798' title='bbox 1249 2351 1457 2387; x_wconf 69' lang='grc' dir='ltr'>ωπριὸήσεται</span> <span class='ocrx_word' id='word_1_799' title='bbox 1473 2349 1512 2385; x_wconf 80' lang='grc' dir='ltr'><strong>τῷ</strong></span> <span class='ocrx_word' id='word_1_800' title='bbox 1525 2349 1597 2384; x_wconf 86' lang='grc' dir='ltr'>λόγῳ</span> <span class='ocrx_word' id='word_1_801' title='bbox 1614 2349 1663 2384; x_wconf 86' lang='grc' dir='ltr'>τῆς</span> <span class='ocrx_word' id='word_1_802' title='bbox 1680 2348 1775 2382; x_wconf 79' lang='grc' dir='ltr'>σοφίας</span> <span class='ocrx_word' id='word_1_803' title='bbox 1788 2343 1862 2373; x_wconf 82' lang='grc' dir='ltr'>αὐτοῦ</span> 
     </span>
    </p>
   </div>
   <div class='ocr_carea' id='block_1_106' title="bbox 1082 2391 1863 2431">
    <p class='ocr_par' dir='ltr' id='par_1_106' title="bbox 1082 2391 1863 2431">
     <span class='ocr_line' id='line_1_106' title="bbox 1082 2391 1863 2431; baseline -0.009 -7"><span class='ocrx_word' id='word_1_804' title='bbox 1082 2397 1120 2430; x_wconf 84' lang='grc' dir='ltr'>ὡς</span> <span class='ocrx_word' id='word_1_805' title='bbox 1135 2399 1220 2430; x_wconf 84' lang='grc' dir='ltr'>σῖτος,</span> <span class='ocrx_word' id='word_1_806' title='bbox 1235 2399 1274 2430; x_wconf 80' lang='grc' dir='ltr'><strong>εἰς</strong></span> <span class='ocrx_word' id='word_1_807' title='bbox 1291 2397 1321 2424; x_wconf 79' lang='grc' dir='ltr'>τὸ</span> <span class='ocrx_word' id='word_1_808' title='bbox 1340 2396 1466 2431; x_wconf 86' lang='grc' dir='ltr'>γενέσθαι</span> <span class='ocrx_word' id='word_1_809' title='bbox 1483 2395 1562 2422; x_wconf 80' lang='grc' dir='ltr'>αὑτὸν</span> <span class='ocrx_word' id='word_1_810' title='bbox 1580 2395 1645 2430; x_wconf 85' lang='grc' dir='ltr'>ἡδὺν</span> <span class='ocrx_word' id='word_1_811' title='bbox 1661 2391 1863 2429; x_wconf 58' lang='lat' dir='ltr'><strong>imam—Top;</strong></span> 
     </span>
    </p>
   </div>
   <div class='ocr_carea' id='block_1_107' title="bbox 1083 2435 1864 2479">
    <p class='ocr_par' dir='ltr' id='par_1_107' title="bbox 1083 2435 1864 2479">
     <span class='ocr_line' id='line_1_107' title="bbox 1083 2435 1864 2479; baseline -0.008 -8"><span class='ocrx_word' id='word_1_812' title='bbox 1083 2443 1277 2479; x_wconf 82' lang='grc' dir='ltr'>φθειρομένους</span> <span class='ocrx_word' id='word_1_813' title='bbox 1289 2444 1336 2470; x_wconf 83' lang='grc' dir='ltr'>καὶ</span> <span class='ocrx_word' id='word_1_814' title='bbox 1348 2441 1551 2472; x_wconf 83' lang='grc' dir='ltr'>παλαιωθέντας</span> <span class='ocrx_word' id='word_1_815' title='bbox 1565 2439 1725 2476; x_wconf 75' lang='grc' dir='ltr'>ἀνθρώπους</span> <span class='ocrx_word' id='word_1_816' title='bbox 1739 2437 1808 2465; x_wconf 82' lang='grc' dir='ltr'>κατὰ</span> <span class='ocrx_word' id='word_1_817' title='bbox 1819 2435 1864 2465; x_wconf 76' lang='grc' dir='ltr'>τὰς</span> 
     </span>
    </p>
   </div>
   <div class='ocr_carea' id='block_1_108' title="bbox 1081 2479 1862 2525">
    <p class='ocr_par' dir='ltr' id='par_1_108' title="bbox 1081 2479 1862 2525">
     <span class='ocr_line' id='line_1_108' title="bbox 1081 2479 1862 2525; baseline -0.012 -8"><span class='ocrx_word' id='word_1_818' title='bbox 1081 2489 1228 2525; x_wconf 80' lang='grc' dir='ltr'>ἐπιθυμίας</span> <span class='ocrx_word' id='word_1_819' title='bbox 1252 2490 1302 2525; x_wconf 82' lang='grc' dir='ltr'>τῆς</span> <span class='ocrx_word' id='word_1_820' title='bbox 1329 2489 1451 2524; x_wconf 86' lang='grc' dir='ltr'>ἀπάτης,</span> <span class='ocrx_word' id='word_1_821' title='bbox 1477 2486 1616 2514; x_wconf 73' lang='grc' dir='ltr'>ἀναλίσκει</span> <span class='ocrx_word' id='word_1_822' title='bbox 1636 2487 1653 2521; x_wconf 83' lang='grc' dir='ltr'><strong>ὴ</strong></span> <span class='ocrx_word' id='word_1_823' title='bbox 1680 2485 1800 2521; x_wconf 84' lang='grc' dir='ltr'>μάχαιρα</span> <span class='ocrx_word' id='word_1_824' title='bbox 1821 2479 1862 2508; x_wconf 76' lang='grc' dir='ltr'>τοῦ</span> 
     </span>
    </p>
   </div>
   <div class='ocr_carea' id='block_1_109' title="bbox 1080 2527 1862 2571">
    <p class='ocr_par' dir='ltr' id='par_1_109' title="bbox 1080 2527 1862 2571">
     <span class='ocr_line' id='line_1_109' title="bbox 1080 2527 1862 2571; baseline -0.008 -8"><span class='ocrx_word' id='word_1_825' title='bbox 1080 2537 1147 2563; x_wconf 83' lang='grc' dir='ltr'>Θεοῦ</span> <span class='ocrx_word' id='word_1_826' title='bbox 1169 2538 1209 2569; x_wconf 82' lang='grc' dir='ltr'>εἱς</span> <span class='ocrx_word' id='word_1_827' title='bbox 1225 2536 1377 2571; x_wconf 81' lang='grc' dir='ltr'>ἀφανισμὸν</span> <span class='ocrx_word' id='word_1_828' title='bbox 1392 2534 1521 2569; x_wconf 83' lang='grc' dir='ltr'>παντελῆ.</span> <span class='ocrx_word' id='word_1_829' title='bbox 1541 2534 1577 2560; x_wconf 83' lang='grc' dir='ltr'><em>’Ἡ</em></span> <span class='ocrx_word' id='word_1_830' title='bbox 1595 2532 1658 2564; x_wconf 80' lang='grc' dir='ltr'>τοὺς</span> <span class='ocrx_word' id='word_1_831' title='bbox 1671 2533 1703 2558; x_wconf 81' lang='grc' dir='ltr'>ὲκ</span> <span class='ocrx_word' id='word_1_832' title='bbox 1719 2529 1816 2559; x_wconf 85' lang='grc' dir='ltr'>κακίας</span> <span class='ocrx_word' id='word_1_833' title='bbox 1828 2527 1862 2557; x_wconf 74' lang='grc' dir='ltr'>εις</span> 
     </span>
    </p>
   </div>
   <div class='ocr_carea' id='block_1_110' title="bbox 1081 2571 1860 2617">
    <p class='ocr_par' dir='ltr' id='par_1_110' title="bbox 1081 2571 1860 2617">
     <span class='ocr_line' id='line_1_110' title="bbox 1081 2571 1860 2617; baseline -0.013 -9"><span class='ocrx_word' id='word_1_834' title='bbox 1081 2582 1243 2617; x_wconf 87' lang='grc' dir='ltr'>θεογνωσίαν</span> <span class='ocrx_word' id='word_1_835' title='bbox 1260 2581 1387 2613; x_wconf 78' lang='grc' dir='ltr'>ἐλθόντας</span> <span class='ocrx_word' id='word_1_836' title='bbox 1399 2580 1573 2617; x_wconf 85' lang='grc' dir='ltr'>ἀνθρώπους,</span> <span class='ocrx_word' id='word_1_837' title='bbox 1593 2579 1641 2605; x_wconf 81' lang='grc' dir='ltr'>σὺν</span> <span class='ocrx_word' id='word_1_838' title='bbox 1656 2577 1762 2612; x_wconf 82' lang='grc' dir='ltr'>νεύροις</span> <span class='ocrx_word' id='word_1_839' title='bbox 1780 2571 1860 2601; x_wconf 73' lang='grc' dir='ltr'>ἀναλίο</span> 
     </span>
    </p>
   </div>
   <div class='ocr_carea' id='block_1_111' title="bbox 1081 2620 1861 2663">
    <p class='ocr_par' dir='ltr' id='par_1_111' title="bbox 1081 2620 1861 2663">
     <span class='ocr_line' id='line_1_111' title="bbox 1081 2620 1861 2663; baseline -0.013 -8"><span class='ocrx_word' id='word_1_840' title='bbox 1081 2636 1141 2654; x_wconf 84' lang='grc' dir='ltr'>σκει</span> <span class='ocrx_word' id='word_1_841' title='bbox 1155 2629 1187 2654; x_wconf 80' lang='grc' dir='ltr'>ὲκ</span> <span class='ocrx_word' id='word_1_842' title='bbox 1200 2627 1254 2654; x_wconf 83' lang='grc' dir='ltr'><strong>τῶν</strong></span> <span class='ocrx_word' id='word_1_843' title='bbox 1272 2626 1398 2663; x_wconf 81' lang='grc' dir='ltr'>πράξεων</span> <span class='ocrx_word' id='word_1_844' title='bbox 1414 2625 1468 2653; x_wconf 83' lang='grc' dir='ltr'>τῶν</span> <span class='ocrx_word' id='word_1_845' title='bbox 1484 2624 1611 2662; x_wconf 83' lang='grc' dir='ltr'>πονηρῶν</span> <span class='ocrx_word' id='word_1_846' title='bbox 1624 2632 1630 2639; x_wconf 89' lang='grc'>·</span> <span class='ocrx_word' id='word_1_847' title='bbox 1647 2624 1691 2650; x_wconf 74' lang='grc' dir='ltr'><strong>ἵνα</strong></span> <span class='ocrx_word' id='word_1_848' title='bbox 1708 2620 1861 2655; x_wconf 79' lang='grc' dir='ltr'>ἀποθέμενοι</span> 
     </span>
    </p>
   </div>
   <div class='ocr_carea' id='block_1_112' title="bbox 1083 2693 1605 2726">
    <p class='ocr_par' dir='ltr' id='par_1_112' title="bbox 1083 2693 1605 2726">
     <span class='ocr_line' id='line_1_112' title="bbox 1083 2693 1605 2726; baseline -0.006 -3"><span class='ocrx_word' id='word_1_849' title='bbox 1083 2703 1109 2723; x_wconf 85' lang='lat' dir='ltr'><strong>v.</strong></span> <span class='ocrx_word' id='word_1_850' title='bbox 1127 2695 1171 2723; x_wconf 77' lang='grc'><strong>15.</strong></span> <span class='ocrx_word' id='word_1_851' title='bbox 1209 2695 1230 2711; x_wconf 85' lang='grc'><strong>⁸⁷</strong></span> <span class='ocrx_word' id='word_1_852' title='bbox 1245 2703 1270 2721; x_wconf 85' lang='grc' dir='ltr'>ν.</span> <span class='ocrx_word' id='word_1_853' title='bbox 1289 2695 1333 2723; x_wconf 72' lang='grc'><strong>18.</strong></span> <span class='ocrx_word' id='word_1_854' title='bbox 1371 2695 1394 2711; x_wconf 77' lang='grc'><strong>⁸⁸</strong></span> <span class='ocrx_word' id='word_1_855' title='bbox 1414 2693 1546 2726; x_wconf 78' lang='lat' dir='ltr'><strong>Matth.v,</strong></span> <span class='ocrx_word' id='word_1_856' title='bbox 1560 2693 1605 2721; x_wconf 73' lang='lat' dir='ltr'><strong>u.</strong></span> 
     </span>
    </p>
   </div>
   <div class='ocr_carea' id='block_1_113' title="bbox 1080 2763 1854 2799">
    <p class='ocr_par' dir='ltr' id='par_1_113' title="bbox 1080 2763 1854 2799">
     <span class='ocr_line' id='line_1_113' title="bbox 1080 2763 1854 2799; baseline -0.004 -7"><span class='ocrx_word' id='word_1_857' title='bbox 1080 2770 1136 2792; x_wconf 82' lang='lat' dir='ltr'><strong>tum</strong></span> <span class='ocrx_word' id='word_1_858' title='bbox 1160 2766 1243 2792; x_wconf 75' lang='lat' dir='ltr'><strong>etiam</strong></span> <span class='ocrx_word' id='word_1_859' title='bbox 1269 2764 1446 2797; x_wconf 70' lang='lat' dir='ltr'><strong>Breilingel‘i,</strong></span> <span class='ocrx_word' id='word_1_860' title='bbox 1465 2764 1565 2795; x_wconf 81' lang='lat' dir='ltr'><strong>Bossii.</strong></span> <span class='ocrx_word' id='word_1_861' title='bbox 1588 2763 1689 2799; x_wconf 71' lang='lat' dir='ltr'><strong>Iugeri,</strong></span> <span class='ocrx_word' id='word_1_862' title='bbox 1710 2766 1776 2792; x_wconf 84' lang='lat' dir='ltr'><strong>etc..</strong></span> <span class='ocrx_word' id='word_1_863' title='bbox 1800 2766 1854 2786; x_wconf 74' lang='lat' dir='ltr'><strong>cum</strong></span> 
     </span>
    </p>
   </div>
   <div class='ocr_carea' id='block_1_114' title="bbox 1083 2799 1855 2834">
    <p class='ocr_par' dir='ltr' id='par_1_114' title="bbox 1083 2799 1855 2834">
     <span class='ocr_line' id='line_1_114' title="bbox 1083 2799 1855 2834; baseline -0.003 -8"><span class='ocrx_word' id='word_1_864' title='bbox 1083 2801 1216 2827; x_wconf 83' lang='lat' dir='ltr'><strong>editorqu</strong></span> <span class='ocrx_word' id='word_1_865' title='bbox 1230 2800 1478 2827; x_wconf 79' lang='lat' dir='ltr'><strong>observationibus.</strong></span> <span class='ocrx_word' id='word_1_866' title='bbox 1492 2799 1584 2834; x_wconf 82' lang='lat' dir='ltr'><strong>Neque</strong></span> <span class='ocrx_word' id='word_1_867' title='bbox 1599 2800 1670 2827; x_wconf 89' lang='lat' dir='ltr'><strong>enim</strong></span> <span class='ocrx_word' id='word_1_868' title='bbox 1688 2799 1731 2826; x_wconf 89' lang='lat' dir='ltr'><strong>hic</strong></span> <span class='ocrx_word' id='word_1_869' title='bbox 1743 2801 1855 2833; x_wconf 70' lang='lat' dir='ltr'><strong>spartam</strong></span> 
     </span>
    </p>
   </div>
   <div class='ocr_carea' id='block_1_115' title="bbox 1087 2836 1410 2863">
    <p class='ocr_par' dir='ltr' id='par_1_115' title="bbox 1087 2836 1410 2863">
     <span class='ocr_line' id='line_1_115' title="bbox 1087 2836 1410 2863; baseline -0.003 -1"><span class='ocrx_word' id='word_1_870' title='bbox 1087 2836 1156 2863; x_wconf 88' lang='lat' dir='ltr'><strong>hanc</strong></span> <span class='ocrx_word' id='word_1_871' title='bbox 1171 2836 1271 2863; x_wconf 85' lang='lat' dir='ltr'><strong>adorna</strong></span> <span class='ocrx_word' id='word_1_872' title='bbox 1277 2842 1305 2862; x_wconf 87' lang='lat' dir='ltr'><strong>re</strong></span> <span class='ocrx_word' id='word_1_873' title='bbox 1321 2840 1410 2862; x_wconf 83' lang='lat' dir='ltr'><strong>vacat.</strong></span> 
     </span>
    </p>
   </div>
  </div>
