1919 3074
226 117 282 148 831

672 122 954 151 SUPPLEIENTUM
971 122 1017 150 AD
1037 122 1199 151 ORIGENIS
1214 122 1420 152 EXEGETICA.

1802 124 1866 153 εει

229 187 323 209 autem
338 182 491 217 vituperant
503 184 531 210 et
544 182 572 210 in
589 182 708 211 medium
730 184 858 212 deferunt
884 192 933 220 per
947 191 1013 212 con-

1066 193 1143 211 σεται
1165 184 1213 211 καὶ
1235 182 1276 217 εἷς
1303 186 1424 221 ποιμήν·
1448 184 1473 211 οἱ
1495 184 1524 211 δὲ
1543 184 1699 219 ἐλέγχοντες
1717 184 1765 211 καὶ
1785 192 1863 220 φραο

231 226 378 255 l'essionem
394 233 470 255 actus
486 235 559 260 suos.
576 232 604 256 et
617 229 739 257 melioris
749 231 805 265 jam
824 231 924 258 metuis
947 231 1015 259 deli-

231 271 396 304 berationes,
410 273 512 300 excelsi
528 273 694 301 videbuntur
710 275 834 308 Domino,
852 280 879 303 et
892 283 948 310 prae
957 284 1013 304 om-

232 318 312 345 nibus
328 318 523 346 commendati.
552 319 786 356 Supervenietqne
810 322 877 356 ipsis
900 322 926 349 iu
948 330 1016 358 pra:-

230 363 300 391 seuti
317 363 428 398 quidem
445 365 545 392 saecqu
569 365 640 393 bona
667 366 823 395 benedictio
847 372 957 395 actuum
974 372 1016 396 at-

229 417 284 444 que
301 409 435 443 laborum,
461 415 490 438 et
510 410 702 438 intellectualis
720 413 826 440 the0ria
853 413 1014 447 sapientiae:

229 455 257 483 in
274 455 365 483 futuro
378 461 479 490 autem,
500 465 515 483 a
531 457 645 485 Domino
657 458 808 492 praemium.

264 501 288 518 ”
302 501 353 535 Qui
369 502 489 530 ambulat
501 509 562 538 post
577 503 624 530 Dei
637 504 778 537 mandata,
796 504 966 532 instauratur
981 506 1015 533 ad

226 546 359 582 justitiam
375 553 402 576 et
418 549 673 577 sanetilicationem.
696 549 804 577 Etenim
824 558 886 578 cmn
905 551 1016 585 sapien-

231 594 266 619 tia
290 594 440 621 zedilicatur
459 595 566 628 domus,
589 603 649 630 qua:
674 603 707 622 ex
733 596 824 623 anima
849 601 878 624 et
900 604 1015 632 corpore

228 641 398 674 constat,vad
416 641 463 668 Dei
485 641 682 669 habitaculum.
699 643 726 669 In
745 642 912 670 malitiosam
925 648 1014 672 autem

229 686 348 712 animum
365 695 418 714 non
435 687 560 715 introibit
573 687 722 723 sapientia.

263 731 288 748 ”
298 731 367 759 Tum
375 733 469 768 spinae.
481 738 537 761 tum
551 741 649 768 pecora
664 734 842 769 pessumdant
853 736 1014 771 agrummisi

228 779 288 806 illas
308 779 405 814 aliquis
429 785 535 815 purget,
553 780 611 808 haec
629 788 693 808 vero
713 782 860 809 custodiat.
882 781 922 809 Ita
943 786 970 809 et
987 783 1014 810 in

228 822 339 850 homine
350 824 435 850 bardo
449 824 548 851 accidit
571 833 578 852 :
593 825 716 860 nequitia
731 826 890 854 exstimulat
904 834 968 855 eum
982 828 1014 855 ad

227 868 272 896 illa
294 870 436 897 ambienda
457 871 556 905 quibus
572 879 685 906 regnum
701 872 853 900 obtinetur.

1069 230 1208 264 τριοῦντες
1219 229 1254 256 δι’
1264 229 1466 266 ὲξαγορεύσεως
1475 229 1525 261 τὰς
1541 229 1644 256 ὲαυτῶν
1659 228 1774 265 πράξεις
1789 229 1863 264 (18),

1069 275 1172 307 καὶτὰς
1178 275 1224 302 τοῦ
1231 275 1363 310 βελτίονος
1374 275 1419 302 νοῦ
1429 275 1530 311 ὲνθυμή
1534 284 1601 308 σεις,
1608 275 1754 310 φανοῦνται
1761 274 1865 310 ὑψηλοὶ

1068 319 1145 356 παρά
1153 320 1265 355 Κυρίου,
1280 320 1326 347 ἐπὶ
1337 322 1418 347 πᾶσιν
1429 320 1690 356 ἀνακηρυττόμενοι·
1704 321 1748 347 ἐπ’
1757 320 1864 353 αὐτοὺς

1068 366 1097 393 δὲ
1110 367 1169 402 ἥξει
1179 388 1186 400 ,
1208 369 1237 394 ὲν
1254 367 1303 403 μὲν
1323 367 1362 404 τῷ
1379 367 1426 395 νῦν
1447 367 1525 393 αίῶνι
1541 368 1559 403 ὴ
1573 367 1661 403 ἀγαθὴ
1677 367 1788 401 εὐλογία
1802 367 1862 393 τῶν

1068 413 1195 449 πράξεων
1205 413 1259 440 τῶν
1271 413 1368 450 ἔργων,
1385 414 1432 440 καὶ
1443 414 1460 449 ἡ
1471 413 1553 449 νοητὴ
1565 413 1615 448 τῆς
1626 413 1721 448 σοφίας
1735 413 1842 450 θεωρία
1851 421 1860 430 ·

1069 458 1097 484 ὲν
1110 457 1139 484 δὲ
1154 457 1193 492 τῷ
1208 458 1342 493 μέλλοντι,
1359 458 1376 492 ἡ
1393 458 1469 494 παρὰ
1483 457 1531 485 τοῦ
1544 458 1648 493 Κυρίου
1661 458 1788 493 διανομή.

1110 504 1139 530 '0
1154 504 1336 540 πορευόμενος
1356 503 1468 531 ὄπισθεν
1492 503 1547 541 τῶν
1567 503 1614 530 τοῦ
1633 502 1701 531 Θεοῦ
1715 510 1863 538 προσταγ-

1070 550 1172 585 μάτων,
1182 550 1396 586 ἀνοικοδομεῖται
1413 551 1452 582 εἰς
1462 549 1634 586 δικαιοσύνην
1646 550 1693 576 καὶ
1701 549 1842 584 ἁγιασμόν
1853 557 1860 563 ·

1069 595 1138 630 μετὰ
1150 596 1205 632 γὰρ
1222 596 1317 631 σοφίας
1331 596 1510 631 οἰκοδομεῖται
1523 593 1614 628 οἶκος,
1635 595 1650 621 ὁ
1669 596 1699 622 ὲν
1719 594 1794 630 ψυχῇ
1810 595 1863 621 καὶ

1069 641 1175 677 σώματι
1191 642 1231 673 είς
1246 642 1405 678 κατοίκησιν
1420 638 1505 669 Θεοῦέ
1521 643 1560 674 εἰς
1575 641 1604 668 δὲ
1619 641 1783 676 κακότεχνον
1805 641 1862 676 ψυ-

1068 688 1118 723 χὴν
1131 688 1182 715 οὐκ
1195 687 1377 715 είσελεύσεται
1394 689 1484 722 σοφία.

1100 734 1134 760 Ei
1151 734 1180 760 τὶ
1195 733 1250 769 γὰρ
1264 733 1379 761 ἄκανθαι
1392 755 1399 767 ,
1419 734 1474 760 εἴτε
1506 734 1603 770 κτήνη,
1618 733 1764 761 ἀπόλλυσιν
1777 733 1860 765 αὐτὸ,

1067 781 1114 807 ἐὰν
1130 781 1167 817 μὴ
1183 779 1227 815 εἴη
1242 781 1256 807 ὸ
1267 780 1468 817 περικαθαίρων
1485 781 1532 807 καὶ
1545 780 1687 815 φυλάττων
1697 787 1705 795 ·
1723 779 1861 811 ὡσαύτως

1067 827 1114 853 καὶ
1127 826 1238 862 ἄφρωνσ
1261 827 1278 862 ὴ
1294 816 1380 853 κακία
1394 827 1468 853 ἐστὶν
1483 827 1498 853 ό
1515 825 1620 853 νύσσων
1648 826 1731 853 αὑτὸν
1761 826 1804 857 εἰς
1823 825 1861 852 τὰ

1066 873 1114 908 τὴν
1134 873 1272 908 βασιλείαν
1288 873 1479 908 προξενοῦντα.

264 915 348 950 Sepes
371 921 414 943 est
435 905 622 952 tranquillitas
639 917 737 945 anima:
755 918 896 946 rationalis
910 926 943 946 ex
958 919 1012 946 vlr-

1093 905 1227 954 ’Φραγμός
1252 905 1324 946 ἐστιν
1349 905 1466 946 ἀπάθεια
1487 918 1576 954 ψυχῆς
1598 918 1726 953 λογικῆς,
1742 918 1777 944 ὲκ
1802 917 1860 944 τῶν

227 966 314 990 tutum
328 963 461 990 exercitio
475 963 651 998 proveniens.
678 963 742 991 llaec
755 971 821 991 vero
834 966 968 992 evertitur
985 969 1013 992 et

224 1009 406 1044 exstinguitur
420 1017 435 1036 a
449 1009 525 1037 stulti
543 1009 663 1037 hominis
678 1008 805 1037 arbitrio.

1066 964 1225 1000 πρακτικῶν
1251 963 1357 1000 ἀρετῶν
1378 964 1551 991 συνεστῶσα’
1577 965 1804 991 κατασκάπτεται
1828 963 1859 990 δὶ

1065 1010 1112 1037 καὶ
1125 1009 1285 1044 ἀφανίζεται
1298 1010 1331 1045 τῇ
1349 1009 1395 1036 τοῦ
1409 1009 1525 1044 ἄφρονος
1540 1009 1712 1045 προαιρέσει.

839 1055 917 1084 CAP.
938 1055 1011 1083 XXX
1032 1055 1135 1084 VULG.
1156 1055 1235 1084 LAT.

259 1103 282 1120 ⁸³
297 1103 442 1137 (iorruptlo
466 1110 510 1130 res
538 1103 692 1138 huiusmodi
717 1103 846 1130 adamat:
862 1104 1008 1135 infernum,

223 1157 357 1182 amorem,
371 1149 511 1176 mulierem
528 1148 724 1176 furnicariam:
740 1150 797 1177 haec
813 1150 887 1177 enim
906 1151 1009 1178 nullum

226 1196 327 1224 habent
341 1196 421 1224 linem
437 1199 485 1222 aut
502 1195 667 1223 satietatem.
679 1195 743 1223 Tria
759 1201 848 1224 tamen
868 1201 933 1224 sunt
951 1205 1011 1232 quae

227 1241 374 1274 aliquando
396 1241 554 1274 satiantur;
581 1245 700 1269 attamen
718 1247 856 1276 quartum,
872 1250 1010 1278 nunquam

224 1293 256 1313 se
269 1290 426 1313 contentum
450 1286 543 1314 dicere
561 1287 641 1314 valet.
657 1286 796 1319 lnl'ernus,
810 1293 838 1316 et
855 1295 933 1316 amor
949 1297 1009 1316 mu-

226 1333 309 1364 lieris,
328 1337 356 1360 et
380 1337 454 1359 terra
473 1340 611 1368 nunquam
631 1334 710 1369 aquis
726 1340 858 1368 saturata,
877 1340 906 1363 et
927 1343 1010 1371 aqua,

223 1383 251 1406 et
269 1378 350 1414 ignis,
367 1386 506 1413 nunquam
518 1379 613 1407 dicunt
631 1380 746 1408 suiﬁcit.
764 1381 880 1416 Semper
899 1386 1008 1410 terrena

224 1424 328 1451 semina
342 1424 438 1459 recipit
452 1432 460 1457 ;
474 1425 646 1459 quantalibet
672 1426 812 1461 iujeceris.
830 1428 919 1455 adhuc
937 1428 1009 1455 desi-

223 1472 311 1499 derat.
327 1471 373 1499 Sic
386 1473 469 1499 etiam
494 1480 568 1500 mors
581 1477 609 1499 et
625 1473 695 1508 ignis
711 1479 845 1510 quotquot
864 1475 1007 1510 corripue-

224 1518 280 1545 rint
303 1523 490 1552 corrumpunt.
512 1518 550 1545 Ita
565 1519 649 1546 etiam
665 1524 822 1554 paupertas.
847 1519 893 1548 lla;
910 1521 1008 1556 quippe

225 1571 269 1591 res
285 1565 340 1591 vim
363 1564 542 1592 consumendi
570 1564 683 1593 habent.
709 1565 748 1592 Ita
762 1573 791 1593 se
807 1566 908 1594 habent
928 1567 1008 1594 etiam

223 1610 333 1645 pigritia
348 1615 376 1638 et
389 1612 484 1638 otium.
501 1611 567 1638 Nam
594 1612 657 1645 quia
674 1611 793 1639 fortasse
811 1611 912 1647 aliquis
925 1612 1009 1639 mira-

224 1661 278 1689 tur,
293 1663 343 1683 Cur
355 1656 516 1684 insatiabilis
529 1658 565 1684 sit
580 1656 714 1691 infernus,
740 1665 896 1692 quanquam
917 1657 1008 1685 homi-

222 1711 284 1731 nem
297 1708 452 1736 consumat,
468 1704 574 1732 idcirco
588 1704 637 1736 ait,
654 1712 687 1732 ne
702 1704 761 1731 haec
773 1704 882 1739 quidem
895 1705 1009 1732 satieta-

220 1753 276 1776 t:-m
293 1749 403 1782 habere,
418 1756 506 1784 neque
515 1749 677 1777 consistere.
697 1749 803 1777 Videsis
826 1754 917 1777 autem
945 1757 1009 1784 quo-

222 1795 301 1822 modo
312 1795 514 1830 comparaverit
525 1795 721 1823 scortationem
735 1795 853 1823 inferno.

256 1841 280 1857 ⁵⁶
290 1840 370 1868 Corvi
385 1842 411 1868 lii
423 1841 512 1876 iustos
525 1841 602 1869 alunt
615 1842 729 1877 mystice
739 1842 774 1874 ",
790 1847 818 1869 et
835 1841 952 1876 iniustos
962 1849 1008 1877 pu-

221 1887 310 1919 niunt,
324 1888 450 1922 nequitias
463 1888 557 1915 oculos
569 1887 740 1920 ell'odientes,
752 1888 816 1923 quia
830 1888 939 1916 Patrem
951 1889 1008 1916 uni-

220 1932 353 1960 versalem
365 1941 397 1961 ac
409 1934 489 1961 Deum
504 1934 657 1966 irriserunt,
671 1938 698 1960 et
711 1935 831 1969 ipsorum
847 1935 1005 1969 genitricem

220 1980 359 2016 antiquam
387 1981 529 2008 scientiam
556 1981 696 2015 aspernati
720 1983 795 2008 sunt.
822 1980 921 2008 Oculus
942 1988 1007 2007 vero

221 2024 311 2051 Patris
333 2031 387 2058 est,
411 2025 473 2052 data
489 2024 568 2052 nobis
585 2024 619 2051 ab
643 2031 677 2051 eo
695 2031 756 2051 cum
778 2024 883 2059 iustitia
901 2025 955 2052 lex.
973 2024 1007 2052 Et

220 2078 268 2097 cos
280 2071 390 2105 quidem
416 2070 463 2105 qui
483 2069 560 2104 impii
582 2069 678 2096 oculos
699 2069 843 2102 ellodiunt,
861 2070 931 2097 dixit
944 2077 1005 2098 cor—

220 2123 268 2143 vos
283 2122 292 2143 :
310 2116 357 2150 qui
370 2123 434 2143 vero
457 2119 542 2142 totum
558 2115 697 2142 hominem
711 2119 821 2148 vorant,
835 2114 941 2150 aquilas
955 2122 1005 2144 vo-

220 2162 313 2189 cavit:
328 2161 389 2188 ideo
403 2160 519 2194 scilicet,
535 2161 598 2196 quia
612 2161 674 2188 aliis
694 2165 812 2195 partem,
824 2157 896 2195 ;aliis
918 2161 1005 2188 omni-

220 2206 327 2232 modam
348 2205 537 2240 purgationem
567 2205 716 2233 commisit.
749 2204 812 2232 Vult
835 2206 910 2232 enim
932 2205 1004 2232 Deus

217 2252 302 2281 etiam
319 2251 416 2287 impios
429 2251 541 2279 salvari.

253 2339 279 2356 “
289 2339 380 2367 Gallus
396 2338 541 2376 [ἀλέκτωρ]
566 2339 624 2367 avis
646 2347 662 2367 a
684 2339 760 2367 nobis
788 2339 1002 2375 [Alexandrinis]

218 2385 321 2412 ἄλυπα
338 2384 394 2420 (19)
413 2385 532 2418 dicitur;
548 2386 570 2413 sl
591 2391 656 2412 vero
674 2385 807 2413 referatur
819 2385 853 2413 ad
875 2392 1003 2413 coeuntes

218 2438 280 2458 cum
305 2431 350 2458 illo
373 2431 497 2462 feminas.
513 2432 650 2467 γνωριστά
671 2430 831 2467 [cognitor].
848 2430 1003 2465 Sequuntur

220 2477 293 2504 hunc
317 2477 431 2504 altilium
451 2484 558 2513 greges,
575 2478 638 2512 quia
657 2485 752 2505 omnes
769 2477 890 2504 ambiunt
904 2483 1002 2511 capere

218 2532 251 2551 ex
266 2531 298 2551 eo
312 2523 487 2559 voluptatem,
503 2524 548 2558 qui
560 2523 643 2551 alacri
657 2530 721 2558 erga
735 2530 830 2551 omnes
845 2530 940 2550 amore
950 2528 1001 2550 est.

217 2569 266 2598 Sic
291 2569 437 2597 universali
464 2569 520 2597 Deo
538 2569 694 2605 angelorum
720 2569 832 2596 ordines
853 2575 906 2595 non
927 2573 1002 2595 metu

1101 1104 1133 1130 Ἦ
1144 1103 1231 1140 φθορά
1243 1103 1329 1131 ταῦτα
1341 1103 1436 1138 ἀγαπᾷ
1446 1103 1480 1130 τά
1491 1103 1650 1140 πράγματα,
1663 1103 1740 1139 ᾅδην,
1754 1103 1856 1139 ἔρωτα,

1062 1151 1110 1178 καὶ
1123 1151 1240 1185 γυναῖκα
1258 1151 1405 1186 πορνικήνο
1423 1150 1483 1176 οὐδὲ
1503 1150 1558 1185 γὰρ
1579 1149 1665 1176 ταῦτα
1691 1149 1780 1185 πέρας
1795 1150 1858 1177 οὐδὲ

1062 1197 1142 1232 κόρον
1155 1196 1226 1232 ἔχει’
1242 1197 1305 1231 τρία
1321 1196 1350 1223 δέ
1365 1197 1439 1223 ἐστιν
1451 1195 1468 1223 ἀ
1489 1196 1536 1223 καὶ
1551 1195 1735 1231 πλησθήσεται
1748 1204 1755 1210 ·
1773 1197 1822 1222 καὶ
1839 1197 1856 1231 ἡ

1062 1243 1190 1279 τετάρτη,
1211 1243 1259 1269 οὐκ
1272 1241 1395 1278 ἠρκέσθη
1414 1242 1500 1268 είπείν
1517 1242 1608 1268 ἱκανόν
1618 1249 1625 1256 ”
1642 1240 1709 1277 ᾅδης
1724 1241 1772 1268 καὶ
1783 1242 1857 1276 ἔρως

1062 1288 1201 1322 γυναικὸς,
1227 1288 1273 1314 καὶ¹
1293 1287 1329 1322 γῆ
1351 1287 1401 1314 οὐκ
1426 1286 1640 1322 ἐμπιμπλαμένη
1666 1286 1780 1318 ὓδατοςν
1807 1287 1856 1313 καὶ

1062 1333 1151 1369 ὕδωρ,
1170 1334 1217 1360 καὶ
1234 1333 1306 1369 πῦρ,
1323 1333 1374 1359 οὐκ
1393 1330 1469 1359 εἷπον
1486 1333 1585 1368 ἀρκεῖ·
1600 1332 1643 1358 ἀεὶ
1658 1331 1692 1358 τὰ
1706 1332 1855 1367 σπέρματα

1061 1379 1178 1415 δέχεται,
1190 1377 1235 1406 οἷα
1247 1380 1294 1406 ἐὰν
1305 1378 1473 1415 καταϐάλῃς,
1487 1378 1593 1413 ἐφίεται
1605 1386 1613 1394 ο
1628 1377 1699 1404 οὕτω
1713 1378 1761 1404 καὶ
1775 1378 1790 1404 ὀ
1807 1377 1856 1404 θά-

1061 1435 1140 1459 νατος
1160 1427 1207 1454 καὶ
1224 1427 1253 1453 τὸ
1273 1426 1346 1462 πῦρ,
1367 1426 1417 1460 ἐφ’
1429 1423 1526 1461 οἷσπερ
1543 1424 1647 1458 ἐφίεται
1658 1443 1665 1455 ,
1679 1422 1852 1458 διαφθείρει·

1060 1473 1180 1500 τοιοῦτόν
1195 1482 1221 1500 τι
1238 1473 1284 1499 καὶ
1299 1473 1316 1508 ή
1332 1471 1412 1498 πενία
1422 1480 1429 1488 ·
1445 1470 1600 1498 ἀναλωτικά
1618 1470 1706 1497 ταῦτα
1723 1469 1759 1497 τὰ
1780 1470 1854 1506 πρά-

1062 1529 1170 1556 γματα’
1186 1518 1306 1546 τοιοῦτόν
1323 1528 1350 1546 τι
1367 1519 1414 1545 καὶ
1431 1520 1446 1545 ό
1459 1518 1538 1550 ὄκνος
1549 1518 1596 1545 καὶ
1610 1518 1626 1554 ὴ
1640 1517 1738 1553 ἀργίαο
1756 1517 1853 1552 ἐπειδὴ

1023 1558 1045 1590 C
1060 1567 1114 1604 γάρ
1126 1566 1260 1602 θαυμάζει
1278 1566 1342 1598 ἴσως
1351 1574 1403 1597 τις,
1419 1564 1462 1592 διὰ
1475 1564 1502 1591 τί
1512 1565 1592 1600 κόρον
1606 1564 1657 1591 οὐκ
1672 1563 1728 1599 ἔχει
1741 1565 1756 1590 ὁ
1771 1563 1851 1599 ᾅδης,

1059 1611 1146 1638 καίτοι
1161 1609 1288 1637 δαπανῶν
1297 1610 1343 1636 τὸν
1361 1610 1514 1645 ἄνθρωπον,
1523 1609 1566 1636 διὰ
1579 1608 1759 1644 τοῦτο,φησὶν
1769 1629 1776 1641 ,
1790 1608 1852 1635 οὐδὲ

1056 1657 1142 1684 ταῦτα
1163 1657 1244 1692 κόρον
1261 1656 1335 1691 ἔχει,
1358 1656 1418 1683 οὐδὲ
1437 1656 1559 1682 ἴστανταί
1579 1664 1645 1683 πουο
1669 1656 1721 1691 ὅρα
1736 1655 1766 1682 δὲ
1789 1654 1850 1682 τίνα

1057 1703 1196 1739 παρὲὃαλε
1211 1703 1260 1739 τὴν
1275 1703 1402 1739 πορνείαν
1415 1701 1454 1737 τῷ
1470 1702 1532 1739 ᾄδῃ,

1092 1831 1171 1860 Οὗτοι
1184 1833 1209 1859 οἱ
1223 1832 1348 1868 κόρακες,
1368 1832 1430 1864 τοὺς
1444 1832 1493 1867 μὲν
1509 1832 1629 1864 δικαίους
1645 1833 1777 1869 τρέφουσι
1795 1842 1848 1869 μυ-

1058 1879 1167 1912 στικῶς,
1187 1879 1249 1911 τοὺς
1263 1878 1292 1905 δὲ
1307 1878 1415 1910 ἀδίκους
1429 1877 1582 1910 κολάζουσι,
1597 1879 1659 1910 τοὺς
1675 1879 1726 1914 τῆς
1739 1879 1848 1912 ἀδικίας

1055 1925 1210 1960 ὀφθαλμοὺς
1230 1924 1434 1958 ὲξορύττοντες·
1454 1924 1520 1951 διᾶτι
1542 1924 1588 1951 τοῦ
1610 1924 1719 1952 πάντων
1740 1926 1848 1961 Πατρός

1056 1973 1103 1999 καὶ
1119 1971 1187 1998 Θεοῦ
1201 1971 1396 2006 κατεγέλασαν,
1412 1971 1459 1997 καὶ
1472 1970 1522 2006 τὴν
1533 1970 1671 2005 γεννῶσαν
1683 1972 1782 2004 αὐτοὺς
1797 1973 1846 2008 ἀρ-

1055 2018 1135 2053 χαίαν
1159 2018 1259 2052 γνῶσιν
1281 2017 1437 2052 ἠτίμασαν·
1458 2016 1594 2052 ὀφθαλμὸς
1617 2017 1646 2043 δὲ
1666 2017 1713 2043 τοῦ
1739 2018 1847 2054 Πατρός

1055 2065 1146 2096 ἔστιν,
1170 2065 1185 2090 ὸ
1205 2065 1233 2090 ὲν
1255 2063 1411 2099 δικαιοσύνῃ
1433 2063 1572 2098 δεδομένος
1589 2064 1654 2099 ἡμῖν
1677 2065 1742 2099 παρ’
1762 2063 1846 2091 αὐτοῦ

1055 2110 1154 2144 νόμος·
1175 2109 1221 2136 καὶ
1242 2109 1305 2140 τοὺς
1321 2108 1370 2144 μὲν
1390 2108 1582 2144 ὲξορύσσοντας
1604 2108 1667 2140 τοὺς
1688 2108 1846 2144 ὀφθαλμοὺς

1055 2155 1102 2182 τοῦ
1118 2155 1247 2187 ἀσεὸοὖς,
1264 2154 1383 2190 κόρακας
1394 2152 1470 2181 εἶπεν
1480 2163 1486 2170 -
1501 2154 1563 2186 τοὺς
1580 2153 1608 2180 δὲ
1621 2154 1680 2181 ὅλον
1697 2154 1779 2181 αὑτὸν
1796 2164 1847 2182 κα-

1055 2201 1228 2233 τεσθίοντας,
1245 2200 1385 2236 ὠνόμασεν
1399 2199 1512 2232 ἀετοὺς,
1535 2200 1579 2226 διὰ
1599 2200 1630 2226 τὸ
1651 2201 1714 2232 τοὺς
1731 2201 1781 2236 μὲν
1796 2202 1846 2237 τὴν

1021 2235 1042 2262 D
1058 2247 1182 2284 μερικὴν,
1193 2247 1255 2278 τοὺς
1267 2247 1295 2273 δὲ
1303 2235 1356 2282 τὴν
1369 2245 1480 2273 καθόλου
1489 2245 1621 2281 κάθαρσιν
1631 2235 1843 2274 πεπιστεῦσθαι·

1057 2293 1127 2320 θέλει
1143 2292 1197 2328 γὰρ
1208 2293 1222 2319 ὁ
1236 2292 1302 2324 Θεὸς
1318 2292 1364 2318 καὶ
1377 2292 1440 2323 τοὺς
1453 2292 1558 2324 ἀσεϐεῖς
1573 2291 1717 2324 σώζεσθαι.

1098 2339 1126 2365 '0
1139 2338 1262 2374 ἀλέκτωρ
1280 2338 1310 2364 τὺ
1329 2338 1422 2374 ὄρνεον
1439 2337 1504 2374 παρ’
1517 2339 1583 2373 ἡμῖν
1599 2338 1699 2365 ἄλεκτα
1721 2338 1842 2374 λέγεται.

1055 2384 1135 2421 Παρὰ
1145 2384 1174 2411 δὲ
1183 2385 1243 2416 ταῖς
1256 2383 1396 2416 συνούσαις
1407 2384 1480 2419 αὐτῷ
1493 2383 1612 2419 θηλείαις
1623 2386 1761 2421 γνωριστά
1770 2394 1777 2400 ·
1793 2395 1845 2413 πα.-

1058 2431 1183 2466 ρέπονται
1194 2430 1222 2457 δὲ
1234 2430 1309 2465 αὐτῷ
1325 2430 1353 2457 αἱ
1369 2429 1422 2456 τῶν
1434 2429 1547 2465 ὀρνίθων
1560 2430 1672 2464 ἀγέλαι,
1689 2431 1734 2458 διὰ
1745 2431 1778 2458 τὸ
1793 2433 1845 2458 πό-

1057 2483 1106 2508 σας
1126 2476 1191 2507 τσως
1208 2476 1375 2511 περινοστεῖν
1393 2476 1427 2510 τῇ
1446 2475 1510 2511 περ).
1521 2475 1603 2502 αὑτὸν
1617 2475 1696 2511 ἡδονῇ
1706 2485 1713 2491 ·
1726 2476 1844 2512 εὔψυχος

1055 2522 1084 2549 δέ
1099 2523 1156 2548 ἐστι
1171 2521 1271 2554 πάσαις
1285 2521 1366 2553 αὐτὸς
1377 2522 1417 2553 εις
1431 2521 1554 2557 ἀγάπην·
1570 2521 1656 2553 οὕτως
1676 2522 1715 2557 τῷ
1730 2523 1842 2550 πάντων

1054 2567 1114 2602 Θεῷ
1129 2567 1157 2594 αἱ
1169 2566 1222 2593 τῶν
1235 2566 1356 2601 ἀγγέλων
1368 2566 1469 2598 τάξεις,
1479 2566 1509 2593 οὐ
1525 2567 1604 2602 μόνον
1618 2567 1704 2602 φόϐῳ,
1718 2567 1842 2596 ἀλλὰκαὶ

253 2640 277 2657 ⁸³
296 2647 322 2667 v.
335 2639 382 2668 27.
419 2638 443 2655 ’⁸
455 2647 482 2666 v.
520 2636 565 2665 30.
603 2636 625 2652 "
644 2643 669 2662 v.
685 2635 728 2663 l5.
765 2636 789 2651 "
803 2643 829 2662 ν.
844 2634 889 2662 17.
923 2635 946 2650 ’⁷
960 2633 1016 2661 1111

1065 2641 1150 2667 .xvn,
1165 2635 1192 2662 6.
1230 2636 1254 2652 ’⁸
1271 2644 1296 2664 v.
1313 2636 1357 2664 3i.

255 2697 313 2733 (l8)
327 2699 422 2726 Adhuc
433 2696 560 2725 laudatur
574 2695 609 2723 ab
622 2694 737 2730 Origene
749 2697 922 2729 peccatorum
937 2700 1003 2720 con-

326 2767 502 2795 Adnotandus
516 2769 562 2803 est
572 2765 621 2803 hic
631 2765 707 2803 locus
720 2763 1002 2803 grammaticjsaprze-

218 2798 311 2840 sci-tim
325 2811 388 2830 cum
404 2802 530 2840 Sturzius
544 2801 581 2828 Ds
595 2801 704 2840 dialect“.
717 2799 792 2825 Alex.
809 2806 836 2840 ρ.
855 2798 907 2825 155
920 2798 998 2840 ’seq._,

218 2839 298 2873 primi
321 2845 401 2866 casus
424 2837 531 2865 nonnisi
560 2835 779 2864 terminationem
805 2835 838 2864 ᾶς
867 2838 999 2861 memoret

1057 2693 1116 2728 ejus
1128 2694 1247 2721 dialecti.
1266 2693 1299 2721 Et
1312 2694 1420 2729 quidem
1450 2701 1500 2722 nos
1521 2695 1554 2722 de
1578 2695 1628 2722 bac
1643 2703 1673 2722 re
1688 2694 1772 2723 locuti
1794 2703 1839 2723 su-

1056 2736 1116 2765 mus
1131 2729 1195 2765 olim
1216 2729 1243 2756 in
1259 2730 1323 2756 adn.
1345 2729 1378 2756 ad
1398 2729 1539 2757 Ciceronis
1561 2738 1610 2765 pro
1637 2738 1696 2765 rege
1719 2731 1839 2757 Aleua-

1055 2763 1133 2801 drino
1151 2764 1313 2798 fragmenta.
1327 2771 1388 2801 qua:
1404 2765 1551 2801 edidimus,
1563 2763 1643 2801 quem
1657 2763 1749 2800 regem
1769 2766 1839 2801 pris-

1053 2807 1102 2827 cus
1119 2799 1253 2833 interpres
1268 2807 1317 2834 pro
1335 2799 1487 2828 Alexandro
1501 2799 1568 2827 dicit
1581 2799 1703 2827 Aluum.
