1919 3074
67 148 112 176 ἳόὅ

615 142 799 171 ιτιιόειτιο
816 143 849 171 IN
865 138 1075 172 rnov'EnntA.

1615 142 1669 176 εει

66 209 145 245 ἀγάπῃ
153 208 307 235 ὑπείκουσιν
316 206 385 242 (20),
404 206 448 234 ὅτε
461 205 532 233 θέλει
542 207 621 239 αὐτὸς
632 208 701 234 νοεῖν
711 206 795 238 αὐτὰς
805 206 835 232 τὸ

894 211 993 233 tantum
1016 207 1063 233 sed
1077 214 1108 234 ex
1126 213 1221 234 amore
1245 207 1327 235 etiam
1343 207 1539 242 obsequuntur,
1557 216 1618 236 cum
1637 210 1670 236 ab

66 254 209 290 πρόσταγμα
224 253 306 280 αὐτοῦ
322 254 368 279 καὶ
385 254 471 279 ποιεῖν
481 262 488 269 ·
508 253 638 285 ὡσαύτως
657 251 685 280 δὲ
708 254 754 281 καὶ
770 254 834 290 περὶ

65 303 115 334 ταῖς
134 300 182 328 τῶν
205 299 317 327 δικαίων
337 300 437 335 ψυχαῖς
456 300 593 334 οπέψυκεν⁸
611 300 672 327 ὅσαι
692 300 746 336 γὰρ
769 300 834 327 ὑπό-

66 356 152 375 κειντιι
163 346 200 382 τῷ
220 346 410 382 προστάγματι
425 345 507 373 αὑτοῦ
517 366 526 378 ,
543 346 573 373 οὐ
589 346 668 381 μόνον
683 346 716 373 τὰ
731 347 759 373 ὲν
773 347 833 378 ταῖς

66 394 169 430 Γραφαῐς
184 391 384 427 ὲναποκείμενα
408 392 545 428 μυστήρια
566 392 613 419 καὶ
635 391 704 428 βάθη
728 392 833 419 εὐδοκεῖ

68 437 201 472 γινώσκειν,
217 436 286 464 ἀλλά
300 437 348 463 καὶ
368 437 417 463 ὅσα
430 437 459 463 ἐν
474 436 513 472 τῷ
529 436 578 472 βίῳ
593 437 698 472 πέφυκε
709 437 831 471 γίνεσθαι

66 484 111 514 τοῖς
124 481 280 517 ἀνθρώποις,
293 481 368 516 παρὰ
381 480 533 516 ἀνθρώπων
547 489 576 508 τε
593 482 640 508 καὶ
651 481 796 517 δαιμόνων,
813 481 830 517 ἢ

67 527 92 552 δι’
106 527 216 561 ὁράσεως
235 525 314 558 νοὸς,
335 526 425 562 χάριτι
449 526 521 553 θείου
538 526 696 562 Πνεύματος
717 527 832 562 παρέχει

67 572 208 608 πρόγνωσιν,
221 571 237 607 ἢ
249 572 284 599 δι’
295 572 412 607 ἀγγέλου
427 572 537 608 μύησιν,
550 572 566 608 ἢ
577 573 754 609 δι’όράματος
767 574 834 600 ἁπο-

67 619 168 654 κὰλνψιν.

885 253 925 280 eis
939 253 996 288 ipse
1012 253 1139 288 cognosci
1161 252 1219 280 vult
1240 254 1365 281 mandata
1387 261 1435 281 sna
1449 259 1475 281 et
1497 261 1580 290 Opere
1595 263 1670 282 com-

884 298 962 333 pleri.
986 298 1033 326 Sic
1046 299 1129 326 etiam
1156 298 1228 326 circa
1248 298 1383 333 iustorum
1398 299 1504 327 animas
1521 301 1578 328 ﬁeri
1592 309 1671 328 corn-

883 348 1006 379 paratum
1021 349 1072 371 est.
1086 343 1153 371 Nam
1174 349 1308 380 quotquot
1327 345 1460 373 mandatis
1477 346 1537 380 ejus
1562 347 1669 374 obtem-

884 395 990 424 perant,
1007 398 1060 418 non
1083 390 1163 418 modo
1178 399 1239 425 qua:
1252 391 1278 418 in
1293 390 1441 425 Scriptnris
1458 393 1596 427 proposita
1606 397 1672 421 sunt

885 437 1016 471 mysteria
1029 441 1057 464 et
1070 443 1115 464 res
1131 437 1274 470 abstrusa,
1295 437 1384 471 placet
1407 437 1431 464 ei
1445 441 1474 464 ut
1489 443 1670 471 cognoscant,

885 483 935 510 sed
950 489 1120 518 quaecunque
1135 483 1217 510 etiam
1243 483 1270 510 in
1290 483 1390 510 mundo
1406 484 1464 510 lieri
1479 483 1567 511 solent
1581 484 1672 512 homio

886 529 977 562 nibus,
992 529 1036 557 vel
1051 529 1084 556 ab
1102 529 1261 557 hominibus
1276 529 1343 564 ipsis
1356 529 1399 556 vel
1412 537 1427 556 a
1440 530 1619 563 daemonibus,
1630 531 1672 559 vel

886 575 987 602 mentis
1012 574 1209 602 illuminatione
1232 572 1282 610 per
1303 575 1388 602 divini
1412 574 1530 609 Spiritus
1546 565 1672 611 gratiam,

886 620 984 648 horum
1001 621 1111 655 inquam
1131 621 1320 655 przcvisionem
1336 621 1369 649 iis
1383 621 1551 656 impertitur,
1566 622 1607 649 vel
1623 630 1672 658 per

885 667 1045 702 angelorum
1067 667 1256 699 monitione-tn,
1285 667 1327 696 vel
1353 674 1400 702 per
1421 667 1536 696 visionis
1557 668 1673 703 alicujus

885 713 1089 741 revelationem.

655 757 742 793 (CAP.
762 757 844 785 XXXI
864 758 967 787 νοις.
986 759 1077 795 LAT.)

92 805 213 837 mm;
238 805 359 832 ἐνταῦθα
383 805 447 837 τοὺς
467 804 589 837 δικαίους
613 805 711 841 φησὶν,
737 806 835 837 οἵτινες

921 807 944 823 θ’
953 806 1087 842 Dynastas
1096 807 1139 834 hic
1152 807 1217 834 dicit
1227 807 1315 842 justos
1333 807 1469 841 homines,
1481 807 1526 842 qui
1542 808 1674 835 adversus

66 850 122 878 κατὰ
131 851 180 878 τῶν
193 851 330 887 δαιμόνων
343 851 389 878 καὶ
401 850 455 878 τῶν
464 851 560 878 παθῶν
572 851 622 887 τὴν
632 851 747 887 δύναμιν
759 851 834 887 ἔχον-

66 905 114 928 τες,
130 898 218 932 ἥντινα
242 896 332 933 θυμὸν
353 897 482 924 ἐκάλεσε·
500 897 538 933 μὴ
557 897 710 925 πινέτωσαν
732 898 764 924 ὲκ
787 898 835 924 τοῦ

66 942 101 969 τὸν
119 943 175 970 νοῦν
199 943 399 978 μεθύει-κοντος,
419 943 467 970 καὶ
494 943 545 975 τὰς
572 943 674 979 φρένας
696 943 836 975 θολοῦντος

66 989 158 1021 ΰξὼδους
169 990 238 1017 οἴνου
254 990 312 1017 τῶν
325 989 480 1025 αῑρετικῶν,
494 990 542 1017 τοῦ
554 990 626 1017 κατὰ
640 990 689 1026 τῆς
702 990 749 1017 τοῦ
768 990 835 1017 Θεοῦ

66 1035 144 1069 σοφίας
154 1035 278 1070 γνώσεώς
294 1044 321 1062 τι
336 1036 459 1071 ἔχοντος·
483 1036 527 1062 ἶνα
544 1036 581 1072 μὴ
596 1036 717 1070 πιόντες,
744 1037 836 1064 ἐπιλά-

67 1080 147 1108 θωνται
157 1081 204 1116 τῆς
226 1081 275 1108 τοῦ
292 1081 359 1108 Θεοῦ
381 1082 494 1117 σοφίας,
510 1082 557 1109 καὶ
579 1081 647 1118 ὀρθὰ
670 1082 773 1119 κρίνειν
790 1083 836 1111 καὶ

67 1128 121 1153 νοεῖν
135 1127 178 1162 τὴν
194 1127 314 1164 θεωρίαν
327 1128 378 1163 τῆς
387 1127 523 1162 γνώσεως,
538 1128 629 1154 οὐκέτι
647 1128 677 1155 οὺ
696 1128 733 1164 μὴ
745 1129 837 1155 δύναν-

67 1180 101 1199 ται
113 1174 215 1206 ἑαυτούς
229 1183 260 1201 τε
280 1174 329 1201 καὶ
341 1175 404 1206 τοὺς
416 1174 627 1210 ἀσθενεστέρους
638 1174 752 1210 ὠφελεῖν
766 1172 844 1202 uti

67 1217 148 1253 ᾲδχήν.

94 1264 145 1296 Τοῖς
164 1265 191 1290 ὲν
215 1265 369 1300 ἁμαρτίαις
391 1265 569 1301 ὀδυνωμένοις
595 1266 642 1293 καὶ
672 1266 835 1301 ἀπογνώσει,

67 1309 112 1336 δότε
124 1310 152 1336 ὲκ
162 1310 207 1337 τοῦ
222 1310 390 1346 ἀμπελῶνος
409 1310 456 1338 τοῦ
472 1311 575 1347 Κυρίου
597 1313 668 1339 πιεῖν
684 1313 724 1344 είς
741 1312 835 1348 μέθην,

68 1355 169 1383 τουτέστι
183 1356 314 1392 νηστείαν
324 1376 331 1389 ,
356 1357 510 1393 προσευχὴν
521 1377 528 1390 ,
547 1359 710 1393 ἐγκράτειαν
720 1379 728 1391 ,
743 1358 837 1394 ὲξομου

67 1400 157 1436 λόγησιν
179 1403 224 1429 καὶ
237 1403 330 1430 πάντα
347 1404 398 1443 ὅσα
414 1403 455 1435 εἰς
473 1403 640 1440 εὐφροσύνην
653 1404 742 1440 ψυχῆς
754 1413 761 1420 ·
781 1406 837 1436 τοῖς

66 1445 88 1472 ἓ
100 1447 124 1474 ὲν
135 1448 237 1484 ἀρχαῖς,
255 1448 355 1481 ὀδύνας
376 1450 426 1485 τῆς
450 1450 588 1485 ἁμαρτίας
603 1451 675 1477 πιεῖν
688 1451 729 1482 εἰς
745 1449 836 1486 κόρον.

887 852 1022 880 daemones
1039 857 1065 880 et
1079 853 1240 888 cupiditates
1252 851 1356 880 viribus
1377 853 1489 887 pollent,
1503 861 1571 888 quas
1591 861 1674 881 voca-

887 898 950 925 bulo
969 898 1116 926 iracundia:
1137 899 1283 926 denotavit.
1305 897 1344 925 Nc
1359 899 1464 933 bibant,
1481 899 1578 934 inquit,
1596 906 1629 927 ex
1643 907 1674 926 co

886 945 958 979 quod
971 950 1087 972 mentem
1100 945 1198 977 ebriat,
1209 949 1236 972 et
1249 945 1392 972 cerebrum
1407 945 1508 979 turbat,
1519 946 1600 973 acido
1612 946 1675 973 vino

886 990 1089 1022 haereticorum,
1104 989 1176 1024 quod
1197 989 1244 1016 Dei
1261 989 1403 1024 sapientiae
1415 994 1443 1017 et
1459 990 1591 1025 agnitioni
1606 998 1674 1018 con-

887 1035 1000 1062 trarium
1017 1041 1080 1063 est:
1106 1044 1138 1063 ne
1158 1034 1228 1063 forte
1251 1043 1284 1062 eo
1306 1041 1396 1070 epoto,
1419 1035 1615 1063 obliviscantur
1632 1043 1674 1063 sa-

887 1081 995 1116 pientia:
1019 1081 1089 1115 Dei;
1111 1086 1138 1109 et
1166 1085 1240 1109 recte
1254 1081 1402 1116 dijudicare
1430 1086 1511 1117 atque
1524 1082 1675 1117 intelligere

886 1127 1009 1155 scientiae
1025 1128 1158 1155 theoriam
1177 1127 1249 1154 haud
1263 1127 1394 1160 valentes,
1411 1128 1538 1163 deinceps
1550 1128 1604 1166 jam
1622 1136 1675 1156 non

889 1173 994 1208 pOssint
1026 1180 1082 1201 sua:
1112 1177 1140 1201 et
1175 1173 1289 1201 aliorum
1320 1172 1499 1201 inlirmiorum
1534 1174 1676 1202 animabus

888 1219 1027 1254 prodesse.

925 1265 959 1286 ¹-¹
976 1265 1010 1293 lis
1029 1265 1074 1300 qui
1089 1265 1208 1300 peccatis
1218 1269 1352 1299 anguntur
1367 1269 1394 1292 et
1408 1264 1605 1300 desperatione,
1617 1265 1676 1292 date

888 1311 922 1339 de
939 1312 1017 1339 vinea
1033 1311 1139 1339 Domini
1158 1312 1251 1339 bibere
1271 1311 1307 1339 ad
1324 1311 1493 1344 ebrietatem,
1511 1312 1538 1339 id
1551 1316 1592 1340 est
1608 1311 1677 1347 jeju-

889 1358 975 1390 nium,
1001 1357 1163 1389 orationem,
1189 1358 1398 1390 continentiam,
1424 1357 1624 1385 confessionem
1649 1362 1678 1385 et

888 1411 1057 1440 quacunque
1077 1404 1194 1430 animam
1221 1403 1384 1431 exhilarant.
1403 1403 1438 1431 At
1455 1403 1490 1431 iis
1509 1405 1554 1439 qui
1570 1409 1635 1432 sunt
1651 1404 1677 1430 in

889 1449 1096 1486 principatibus,
1111 1450 1172 1477 date
1188 1450 1294 1485 peccati
1306 1449 1413 1477 dolores
1427 1449 1521 1477 bibere
1542 1449 1575 1476 ad
1597 1449 1678 1477 satie-

67 1492 100 1519 iva
111 1494 207 1527 πιόντες
221 1484 409 1523 ἐπιλάθωνται
423 1484 476 1531 τῆς
488 1484 680 1532 δαιμονιὼδους
701 1484 796 1528 πενίας
805 1504 811 1511 ”
824 1497 837 1523 ὁ

894 1484 985 1529 tatem,
1003 1501 1032 1524 ut
1047 1496 1090 1524 his
1102 1496 1189 1532 epotis
1202 1496 1399 1524 obliviscantur
1413 1495 1553 1523 diabolicae
1567 1496 1676 1530 inopiaz.

67 1539 110 1575 γὰρ
123 1541 259 1576 μεθυσθεὶς
276 1541 331 1569 ἀπὸ
343 1543 393 1578 τῆς
405 1542 530 1577 γνώσεως
540 1542 586 1569 τοῦ
599 1542 712 1579 Κυρίου,
729 1542 838 1569 ἐπιλαν-

67 1584 158 1613 θάιτεται
173 1589 220 1624 τὴν
232 1588 337 1625 πρᾶξιν
352 1588 406 1616 τῶν
416 1588 526 1616 ὀδυνῶν.

94 1632 189 1669 Πένητα
200 1633 276 1668 λέγει
291 1635 337 1662 τὸν
347 1634 529 1671 ἐστερημένον
538 1635 588 1670 τῆς
602 1634 738 1670 γνώσεως,
756 1634 836 1661 ἀσθε-

67 1677 94 1712 νῆ
104 1678 129 1705 δὲ
139 1679 180 1706 τὸν
196 1681 355 1717 ἀκάθαρτον
367 1682 426 1713 ταῖς
440 1682 599 1717 ἁμαρτίαις.

890 1544 958 1572 Nam
975 1543 1021 1578 qui
1041 1543 1134 1571 ebrius
1155 1547 1197 1571 est
1211 1541 1349 1578 agnitione
1373 1540 1492 1574 Domini,
1507 1541 1678 1569 obliviscitur

891 1589 1015 1617 dolorum
1030 1589 1147 1624 praxim.

926 1638 938 1660 tt
953 1635 1062 1670 inopem
1082 1635 1148 1662 dicit
1165 1634 1304 1662 hominem
1321 1633 1435 1662 scientia
1455 1639 1611 1667 carentem;
1638 1634 1679 1661 in-

892 1680 1010 1713 ﬁrmum,
1025 1679 1145 1715 peccatis
1161 1679 1342 1715 inquinatum.

769 1728 845 1756 CAP.
865 1727 957 1755 XXV..

101 1772 125 1798 '0
142 1772 208 1810 λόγῳ
222 1775 403 1811 πνευματικῷ
417 1776 463 1803 τὸν
486 1775 598 1804 παλαιὸν
617 1775 758 1812 ἄνθρωπον
774 1775 843 1802 ἁπο-

67 1819 178 1852 κτείνων,
194 1821 238 1848 τὸν
264 1821 444 1857 φθειρόμενον
458 1823 529 1849 κατὰ
548 1822 597 1854 τὰς
621 1822 768 1858 ἐπιθυμίας
793 1821 842 1857 τῆς

68 1865 171 1902 ἀπάτης,
191 1867 324 1904 κατορθοῖ
340 1869 369 1895 ὲν
383 1868 540 1906 δικαιοσύνῃ
552 1869 597 1896 τὸν
614 1868 695 1895 αὐτοῦ
710 1868 772 1895 νοῦν
785 1888 791 1900 ,
813 1867 842 1900 ὃς

68 1911 158 1947 λέγεται
179 1914 276 1952 θρόνος
301 1913 368 1941 εἶναι
400 1915 484 1942 Θεοῦ·
505 1915 624 1951 οὐδαμοῦ
643 1916 697 1950 γὰρ
720 1915 842 1950 πέφυκεν

72 1957 171 1994 ἀλλαχοῦ
187 1959 354 1992 καθέζεσθαι
369 1961 451 1994 σοφία
475 1961 521 1987 καὶ¹
546 1960 656 1995 γνῶσις.
682 1960 728 1987 καὶ
739 1960 841 1987 δικαιο·

70 2003 138 2039 dim,
153 2006 175 2032 εἰ
187 2005 224 2041 μὴ
240 2007 271 2032 ὲν
289 2005 368 2040 φύσει
394 2006 488 2042 λογικῇ
499 2015 505 2021 ·
523 2006 609 2034 ταῦτα
625 2007 653 2033 δὲ
667 2007 754 2033 πάντα
768 2007 840 2033 ἐστὶν

70 2049 80 2074 ὁ
93 2050 207 2086 Χριστός,

97 2093 151 2128 Dio;
166 2096 199 2130 εἶ,
212 2097 336 2130 τοιοῦτος
352 2098 458 2133 φαίνου,
476 2098 523 2125 καὶ
536 2099 572 2134 μὴ
588 2099 749 2131 ἀλαζονεύου
759 2119 766 2130 ,
782 2099 839 2126 ἀλλ’

71 2141 106 2167 ἐπὶ
124 2143 207 2177 σορῶν
222 2143 300 2177 σίγα,
319 2143 366 2170 καί
381 2143 427 2169 ἐπὶ
441 2143 633 2180 πρεσϐυτέρων
647 2144 767 2181 ἀκροαοῦ
777 2152 783 2160 ⁸
804 2145 841 2180 μὴ

71 2186 145 2221 εἴπῃς,
160 2188 270 2215 Ἐπανω
284 2188 339 2214 τῶν
351 2188 459 2224 ἄστρων
470 2189 544 2224 θήσω
557 2189 602 2216 τον
616 2190 709 2225 θρόνον
725 2199 786 2226 μου,
797 2190 845 2218 καὶ

70 2231 150 2267 ἕπομαι
163 2235 256 2269 ὅμοιος
281 2234 320 2270 τῷ
342 2234 477 2270 Ὑψίστῳ·
497 2235 534 2271 μὴ
555 2235 605 2270 ἔρα
625 2235 678 2262 τῶν
701 2237 843 2272 πρωτείων

71 2277 109 2312 τῆς
119 2280 324 2316 προκαθεδρεας,
337 2279 403 2307 ἀλλὰ
412 2280 458 2307 τὸν
470 2280 581 2316 ἔσχατον
595 2281 677 2308 τόπον
688 2282 825 2309 ἀπόϐλεπε
836 2291 843 2298 ο

71 2326 177 2358 κρεῖσσον
186 2325 239 2362 γὰρ
258 2326 374 2361 ῥηθῆναί
390 2335 440 2357 σοι,
458 2326 586 2364 ’Λνὰϐηθι
600 2324 669 2364 πρός
686 2337 731 2364 με,
745 2329 762 2364 ἢ
779 2329 845 2365 πρὸς

71 2367 108 2394 τὸν
123 2369 230 2405 ἔσχατον
243 2371 328 2398 τόπον
351 2371 514 2407 ἀποδοθῆναί
536 2381 565 2399 σε
587 2373 645 2408 μετ’
665 2374 795 2409 αἰσχύνης
816 2376 844 2402 ἐν

72 2416 191 2451 προσώπῳ
206 2417 338 2444 δυνάστου
350 2425 356 2432 ·
374 2418 442 2452 μήτε
459 2418 512 2453 γὰρ
529 2419 657 2454 φρόνιμον
674 2420 769 2447 ἑαυτὸν
793 2421 844 2456 κή-

73 2468 147 2494 ρυττε,
165 2463 232 2498 μήτε
252 2463 357 2490 δίκαιον
371 2463 493 2498 λογίζου·
512 2466 638 2499 κρεῖσσον
661 2465 715 2501 γὰρ
730 2465 845 2502 ῥηθῆναι

73 2507 126 2541 πρὶ
136 2508 180 2535 σοῦ
191 2518 198 2524 ·
218 2510 270 2537 Διὸ
285 2510 334 2536 καὶ
355 2511 371 2536 ό
386 2510 458 2543 Θεὸς
472 2510 565 2537 αὑτὸν
579 2511 775 2546 ὐπερύψωσε,
796 2511 845 2539 καὶ

73 2553 216 2589 ἐχαρίσατο
232 2557 315 2590 αὐτῷ
330 2557 425 2592 ὄνομα
437 2557 469 2584 τὸ
485 2557 561 2592 ὑπὲρ
574 2557 635 2586 πᾶν
646 2558 749 2593 ὄνομα,

107 2600 201 2630 Ὀπίσω
220 2603 295 2637 λέγει
321 2603 355 2629 τὰ
375 2603 575 2640 προγεγονότεν
609 2604 684 2639 φίλος
708 2604 737 2630 δὲ
769 2604 846 2639 ἡμῶν

75 2645 136 2673 ἐστιν
146 2648 159 2674 ό
172 2648 248 2681 Θεὸς,
265 2649 294 2681 ὃς
306 2648 350 2675 διὰ
365 2649 414 2685 τὴν
432 2650 500 2685 προς
514 2650 588 2685 ἡμᾶς
604 2649 694 2684 φιλίαν
706 2648 848 2684 ἄνθρωπος

75 2693 186 2727 γέγονεν·
214 2697 308 2732 είρηκε
333 2695 387 2732 γὰρ
412 2695 492 2728 αὐτὸς
522 2696 590 2732 πρὸς
611 2697 675 2728 τοὺς
706 2695 846 2732 μαθητάς·

75 2738 163 2766 οὐκέτι
176 2740 250 2775 λέγω
261 2740 339 2776 ὑμᾶς
354 2740 484 2774 δούλους
494 2761 501 2773 ,
518 2741 600 2769 ἀλλὰ
614 2742 732 2776 φίλους.
752 2741 847 2768 Ἦνίκα

77 2784 102 2810 ἄν
121 2794 148 2812 σε
169 2787 282 2823 ὀνειδίζῃ
305 2789 320 2814 6
344 2788 438 2822 φίλος,
451 2789 467 2815 ό
488 2789 604 2825 Χριστὸς
626 2789 716 2822 λέγει,
734 2787 777 2814 διὰ
800 2787 847 2823 τὴν

930 1773 940 1790 ⁸
957 1773 1010 1807 Qui
1033 1773 1170 1808 spiritali,
1188 1773 1271 1800 verbo
1285 1778 1402 1801 veterem
1427 1774 1564 1801 hominem
1580 1774 1680 1801 cecidit

893 1824 1050 1856 corruptum
1074 1820 1150 1847 illum
1165 1819 1270 1847 scilicet
1287 1820 1435 1847 secundum
1455 1820 1558 1848 erroris
1574 1820 1663 1855 cupidi
1674 1835 1680 1841 -

892 1871 972 1899 tates,
987 1870 1125 1893 restaurat
1140 1865 1173 1892 ad
1189 1864 1323 1899 justitiam
1341 1869 1459 1892 utentem
1477 1865 1546 1899 ejus,
1563 1872 1623 1900 quae
1635 1866 1679 1892 di-

892 1913 963 1940 citur
978 1911 1092 1939 thronus
1117 1918 1178 1938 esse
1195 1910 1240 1938 Dei
1256 1919 1263 1937 ι
1277 1917 1409 1945 nusquam
1435 1912 1507 1938 enim
1530 1911 1597 1939 solet
1612 1911 1678 1939 alibi

894 1958 988 1985 sedere
1005 1957 1137 1992 sapientia
1163 1962 1190 1983 et
1216 1956 1328 1984 scicntia
1349 1960 1429 1990 atque
1443 1956 1564 1991 justitia,
1582 1957 1636 1984 nisi
1651 1956 1678 1984 in

895 2002 1019 2030 rationali
1035 2005 1141 2029 natura.
1156 2001 1219 2029 Haec
1232 2006 1322 2029 autem
1340 2002 1433 2029 omnia
1452 2002 1577 2030 Christus
1592 2008 1640 2031 est.

929 2095 940 2111 ⁵
957 2094 1050 2128 Qualis
1062 2101 1103 2127 cs,
1120 2093 1180 2121 talis
1200 2100 1342 2128 appareas,
1364 2100 1451 2128 neque
1473 2097 1500 2120 te
1518 2093 1615 2128 jactes.
1631 2093 1678 2121 sed

857 2146 881 2175 ι)
895 2148 986 2168 coram
1003 2139 1173 2176 sapientibus
1189 2139 1250 2172 sile,
1275 2143 1302 2167 et
1325 2139 1396 2166 inter
1406 2139 1531 2166 seniores
1541 2143 1599 2166 esto
1627 2147 1679 2166 au-

893 2187 1035 2214 scultator.
1058 2185 1098 2214 Ne
1123 2186 1197 2214 dicas
1215 2193 1223 2212 :
1240 2185 1327 2220 Super
1341 2190 1414 2212 astra
1427 2193 1523 2220 ponam
1552 2186 1679 2212 thronnm

893 2239 992 2264 meum,
1006 2236 1032 2259 et
1040 2239 1086 2260 ero
1093 2231 1189 2259 similis
1197 2230 1374 2258 Altissirno".
1386 2229 1426 2257 Ne
1441 2230 1550 2258 all'ectes
1565 2230 1680 2266 primam

893 2278 1062 2309 cathedram.
1078 2278 1125 2306 sed
1140 2281 1293 2304 extremum
1308 2276 1398 2304 locum
1413 2280 1516 2310 specta.
1530 2276 1625 2304 Melius
1638 2283 1681 2304 esu

898 2326 970 2353 enim
991 2329 1021 2351 ut
1035 2324 1084 2351 tibi
1105 2323 1213 2351 dicatur
1228 2331 1236 2349 ε
1252 2322 1376 2350 Ascende
1391 2323 1424 2350 ad
1441 2329 1494 2355 me,
1507 2330 1587 2357 quam
1604 2327 1635 2350 ut
1651 2323 1679 2349 in

898 2375 1064 2406 postremum
1093 2369 1182 2396 locum
1214 2367 1346 2402 rejiciaris
1377 2375 1439 2395 cum
1471 2368 1615 2402 ignominia
1652 2369 1681 2395 in

897 2420 1044 2452 conspectu
1062 2415 1191 2450 dynastas.
1214 2414 1306 2450 Neque
1321 2418 1347 2441 te
1360 2414 1519 2449 prudentem
1539 2413 1680 2449 praedices,

897 2469 984 2497 neque
998 2465 1022 2488 te
1032 2461 1134 2496 justum
1148 2459 1297 2487 existimes.
1317 2458 1413 2487 Melius
1424 2463 1467 2486 est
1482 2459 1554 2486 enim
1567 2463 1595 2485 ut
1608 2459 1642 2485 de
1654 2462 1682 2486 te

898 2508 1004 2535 dicatur
1023 2515 1029 2532 :
1049 2505 1189 2540 Propterea
1203 2504 1278 2531 illum
1296 2504 1364 2531 Dom
1380 2503 1583 2538 superexaltavit
1597 2509 1621 2530 et
1635 2503 1682 2529 do-

897 2554 966 2581 navit
982 2553 1007 2580 ei
1025 2560 1118 2580 nomen
1130 2551 1199 2586 quod
1212 2556 1250 2578 est
1264 2559 1343 2585 super
1355 2558 1429 2577 omne
1443 2558 1537 2576 nomen
1554 2550 1576 2576 ⁸.

934 2600 944 2615 ⁷
957 2600 1040 2627 Retro
1055 2598 1130 2631 dicit,
1144 2604 1187 2625 res
1202 2605 1262 2632 qua:
1276 2597 1395 2624 luerunt.
1417 2597 1529 2624 Amicus
1544 2603 1607 2623 vero
1632 2602 1680 2622 uo-

900 2652 957 2675 ster
969 2646 1052 2677 Deus,
1068 2644 1115 2679 qui
1143 2648 1255 2678 propter
1279 2649 1358 2670 suam
1369 2649 1432 2677 erga
1453 2649 1502 2669 nos
1520 2640 1683 2669 charitatem

901 2693 990 2721 factus
1004 2697 1045 2720 est
1061 2691 1153 2719 homo.
1169 2689 1214 2717 Alt
1224 2689 1297 2717 enim
1311 2689 1367 2723 ipse
1378 2688 1517 2723 discipulis
1531 2696 1538 2715 :
1554 2686 1615 2713 1am
1631 2693 1682 2712 non

901 2741 960 2767 dico
977 2747 1021 2767 vos
1034 2746 1132 2770 seruos,
1147 2737 1192 2764 sed
1205 2736 1303 2763 amicos
1317 2735 1339 2763 ⁸.
1359 2736 1390 2762 Et
1410 2743 1470 2762 cum
1487 2739 1513 2761 te
1533 2729 1684 2766 increpabit

903 2786 1017 2818 amicus,
1029 2784 1155 2813 Christus
1167 2782 1264 2817 inquit,
1278 2786 1334 2808 uta
1352 2785 1463 2816 peccato
1479 2779 1603 2809 absistas.
1630 2776 1684 2804 noli

105 2831 201 2859 "vJ.
239 2833 352 2860 ¹ι²ν.6.
391 2833 481 2859 ³ν.ς).
516 2823 614 2861 ινδ.
651 2834 742 2861 ¹ν.6.
781 2833 839 2860 "Is

894 2838 944 2865 rw,
961 2830 1003 2857 Η.
1042 2829 1133 2857 “Phil.
1146 2836 1176 2862 tt,
1193 2827 1220 2856 9.
1258 2827 1268 2843 "
1285 2835 1309 2854 v.
1328 2826 1355 2854 9.
1392 2826 1404 2842 ³
1419 2823 1613 2856 Joan.xv.15.

107 2875 156 2911 (20)
171 2877 236 2904 Cod.
256 2877 374 2904 ὑπείκει.

202 2927 336 2957 Parnm.
353 2927 399 2956 Gn
431 2926 516 2956 XVll

1529 2920 1550 2947 ὃ
