1919 3074
221 306 227 346 ὲ

239 126 293 155 255

683 122 968 153 SUPPLEMENTUM
989 124 1033 152 AD
1050 123 1217 153 ORIGENIS
1234 123 1441 152 EXEGETICA.

1819 122 1872 150 256

238 192 427 220 contemnere;
440 187 487 214 sed
501 187 577 218 cede,
593 190 674 221 atque
685 187 719 213 ad
733 186 850 221 priorem
866 186 1023 214 modestiam

1079 186 1233 222 ἁμαρτίαν,
1246 186 1348 222 ταύτης
1369 184 1536 220 ἀπέχεσθαι,
1556 183 1594 220 μὴ
1611 184 1795 220 καταφρόνει,
1814 175 1872 212 ἀλλ’

237 238 385 266 revertere,
402 234 427 261 id
439 238 481 261 est
497 234 531 260 ad
544 233 590 261 Dei
608 233 814 268 benignitatem.

272 327 284 344 ⁹
298 326 419 354 Gratiam
437 326 502 353 dicit
523 326 569 353 Dei
586 331 739 361 praecepta;
768 326 918 353 amicitiam
948 334 1024 360 vero,

237 378 357 399 amorem
371 377 435 405 erga
459 370 542 398 Deum
557 375 584 398 et
598 371 764 405 proximum.
786 370 838 404 Qui
864 378 928 398 vero
941 370 1024 399 Deum

235 421 317 447 amat,
333 415 458 443 observet
468 423 499 443 ea
514 416 584 450 apud
595 423 635 448 se,
650 424 683 443 ne
697 416 918 450 despectissimus
931 425 1024 445 coram

233 462 281 490 illo
294 463 342 494 sit,
357 469 418 489 cum
434 469 654 496 unumquemque
669 469 718 496 pro
735 462 840 489 meritis
863 462 920 490 suis
938 471 1025 490 ren'n-

232 508 383 535 nerabitur.
404 507 437 535 Et
454 508 480 534 in
501 507 656 542 Evangeliis
674 507 808 537 Salvator
831 507 874 539 iis,
894 508 942 542 qui
970 508 1023 535 sibi

232 554 420 586 crediderant,
436 553 537 581 Judaais
551 553 589 580 ait
607 564 613 580 :
630 553 662 581 Si
676 561 719 580 vos
741 554 768 580 in
785 553 861 580 verba
876 561 933 580 meo
947 562 1023 581 man-

233 600 333 632 seritis,
348 608 406 627 vere
419 600 544 634 discipuli
555 600 605 627 mei
620 601 693 633 estis,
708 605 732 626 et
745 600 840 626 veritas
855 599 974 626 liberavit
991 600 1023 627 de

232 646 296 682 legis
313 647 540 675 maledictione”.
559 646 588 674 Si
610 653 677 680 ergo
697 646 817 673 charitas
832 646 940 677 liberat,
960 646 1021 673 Sal-

231 698 311 721 vator
324 701 432 728 quoque
444 693 539 720 liberat
554 701 560 718 :
577 692 703 720 Christus
721 697 811 719 autem
822 697 864 720 est
880 693 981 720 veritas
993 697 1022 719 et

230 739 374 767 charitas:
397 739 468 766 unde
481 746 575 766 omnes
595 738 642 773 qui
662 738 873 766 babentCln'isti
886 738 1020 771 notitiam,

231 786 311 813 amici
337 785 452 813 invicem
470 790 542 812 sunt.
570 785 603 812 Et
625 785 713 813 sancti
740 792 834 812 omnes
859 785 940 812 amici
963 784 1021 818 ejus

229 834 294 856 sunt
311 838 317 854 :
335 835 416 864 atque
432 830 467 856 ita
493 830 526 857 ob
543 830 612 857 fume
639 830 719 857 unice
742 829 914 863 charitatem,
939 829 1019 857 amici

229 874 290 907 Dei,
307 875 386 902 amici
406 875 521 902 invicem
535 879 609 902 sunt.

265 921 286 937 “
304 921 354 954 Qui
376 921 488 948 edoctus
505 919 556 948 fuit
572 921 698 953 virtutes,
715 927 818 955 easque
840 928 922 956 opere
941 928 1019 948 exer-

228 973 282 1000 cet,
297 975 341 995 res
356 974 419 995 suas
434 966 513 995 facile
527 966 658 995 custodit.

263 1014 336 1041 Pone
366 1013 485 1048 lapidem
520 1013 662 1040 sardinum
708 1012 861 1048 pretiosum
885 1012 913 1039 in
936 1019 1018 1040 aurea

227 1059 333 1092 inaure,
350 1063 378 1087 et
391 1058 554 1094 sapientiam
569 1057 677 1085 Domini
699 1058 726 1085 in
746 1062 839 1085 mente
858 1057 1019 1092 cupiditati-

225 1104 277 1132 bus
294 1104 378 1132 libera
393 1108 421 1132 et
436 1104 604 1138 obsequente
620 1103 683 1130 Deo.

263 1152 286 1168 ¹²
304 1151 382 1179 Sicut
398 1158 432 1178 ex
453 1150 515 1177 nive
539 1149 624 1177 fluens
653 1157 723 1183 aqua
754 1149 782 1176 in
800 1149 897 1177 messis
927 1149 1018 1178 calore

225 1197 348 1232 prodest,
364 1201 497 1224 etrestum
513 1196 672 1230 refrigerat;
691 1196 731 1222 sic
744 1199 787 1222 est
806 1195 878 1222 Deus
894 1203 958 1230 erga
981 1195 1016 1223 il—

226 1242 342 1278 los-qui
367 1245 547 1277 suscsperunt
572 1240 734 1274 sapientiam
759 1244 842 1274 atque
872 1239 1015 1266 scientiam

225 1289 345 1323 itemque
363 1292 497 1323 praacepta
526 1286 594 1321 ejus.
618 1286 653 1313 Et
680 1285 750 1313 sicut
763 1286 853 1313 nivem
878 1285 1017 1320 liquefacit

225 1340 319 1368 astus,
334 1335 370 1362 ita
387 1335 485 1362 anima:
499 1333 649 1369 nequitiam
659 1332 727 1368 justi
742 1332 793 1360 viri
807 1332 967 1360 admonitio.

263 1382 284 1398 “
299 1381 376 1409 Sicut
398 1381 471 1409 venti
495 1385 524 1408 et
543 1380 627 1407 nubes
653 1379 743 1406 nautis
766 1379 885 1406 evidenti
913 1379 1015 1407 indicio

223 1433 298 1462 sunt,
313 1427 460 1462 quominus
481 1426 653 1461 naufragium
677 1426 840 1458 incurrant;
857 1424 896 1452 ita
911 1425 1014 1452 haben-

224 1476 299 1504 tibus
313 1475 361 1503 Dei
385 1474 561 1509 sapientiam,
582 1472 651 1500 falsa
677 1472 791 1500 scientia
809 1478 843 1498 ne
871 1479 931 1498 cum
957 1471 1016 1506 glo-

224 1521 360 1550 riantibus
376 1520 402 1547 in
416 1527 448 1547 ea
460 1523 584 1554 pereant.

261 1568 284 1583 “
296 1567 372 1594 Sicut
389 1566 498 1600 corpori
517 1572 578 1592 ossa
595 1563 782 1592 fortitudinem
796 1563 934 1598 roburque
945 1570 1012 1590 con-

223 1614 325 1646 ferunt,
343 1613 380 1640 ita
398 1620 427 1640 se
441 1612 541 1639 habent
556 1618 620 1646 erga
638 1610 755 1638 animam
772 1609 899 1637 virtutes.
915 1609 1014 1637 Conte-

223 1662 260 1689 rit
276 1666 368 1688 autem
397 1666 459 1686 ossa
488 1658 555 1689 hmo,
575 1664 634 1692 qua:
660 1661 771 1692 peccata
796 1663 851 1683 non
879 1659 1013 1690 praecavet

223 1708 324 1735 anima.
345 1704 475 1733 Nonnulli
499 1707 603 1739 partem
625 1703 722 1729 anima:
750 1702 926 1734 iracundam,
942 1699 1012 1727 mol-

221 1754 273 1781 lem
292 1751 505 1787 appellaverunt,
521 1757 582 1784 qua:
597 1755 646 1775 Sua
663 1747 762 1781 frangit
775 1754 838 1780 erga
857 1746 940 1773 Deum
957 1745 1012 1780 spi-

221 1799 311 1828 ritalia
328 1805 400 1830 ossa.
419 1804 480 1832 qu-.e
496 1796 586 1823 dicere
602 1794 732 1822 deberent
749 1802 755 1819 :
773 1793 894 1824 Domine.
922 1791 1012 1819 Domi-

220 1855 264 1878 ne,
278 1846 336 1881 quis
350 1845 444 1872 similia
460 1843 507 1870 tibi
524 1842 565 1869 ‘5?

258 1891 282 1908 "
295 1890 417 1919 llominis
432 1896 547 1923 nequam
567 1888 621 1919 via,
636 1887 758 1920 nequitia
773 1890 815 1912 est
831 1890 878 1912 :et
897 1892 944 1920 pes
957 1885 1010 1911 im-

219 1938 309 1975 grobi,
328 1936 488 1972 improbitas
505 1939 556 1961 est.
577 1932 680 1960 Peribit
696 1934 785 1958 autem
804 1931 830 1958 in
844 1931 889 1958 die
901 1931 1009 1965 judicii.

219 1984 396 2013 Consuetudo
410 1981 530 2009 hominis
546 1981 573 2007 in
587 1978 719 2006 vocabulo
736 1978 796 2011 vim,
812 1985 895 2012 opera
918 1978 945 2004 in
965 1985 1010 2005 vo-

218 2032 317 2061 cabulo
332 2031 407 2065 pedis
426 2028 601 2062 intelligetur.

224 2082 228 2089 '
257 2078 278 2095 ¹⁷
305 2078 384 2106 Sicut
398 2080 505 2103 acetum
532 2071 653 2103 vulneri,
678 2070 751 2105 quod
779 2070 834 2104 jam
853 2073 1010 2104 putrescere

219 2125 313 2161 erepit,
332 2122 430 2152 inutile
445 2126 497 2153 est,
520 2125 678 2154 quanquam
707 2117 777 2144 cibis
792 2116 897 2144 confert
912 2116 1009 2150 ineun-

219 2172 349 2203 ditatem;
367 2169 405 2196 ita
422 2166 544 2194 mulieris
559 2168 723 2198 conspectus
741 2167 768 2190 et
782 2162 945 2197 colloquium
961 2169 1009 2189 cor

1077 232 1214 268 ἁναχώρει
1227 232 1273 259 καὶ
1290 232 1443 267 ὑπόστρεφε
1459 231 1528 267 πρὸς
1539 231 1589 266 τὴν
1604 230 1717 267 πρώτην
1728 231 1873 266 σωφροσύ-

1077 287 1135 314 νην,
1150 279 1272 305 τουτέστι
1283 278 1352 314 πρὸς
1364 278 1414 314 τὴν
1425 277 1472 304 τοῦ
1487 276 1554 304 Θεοῦ
1566 276 1784 312 φιλανθρωπίαν.

1112 325 1209 361 Χάριν,
1223 325 1273 357 τὰς
1287 324 1334 352 τοῦ
1348 324 1416 351 Θεοῦ
1431 324 1539 356 ἐντολάς
1557 332 1638 359 φησι·
1656 323 1748 358 φιλίαν
1762 323 1792 350 δὲ
1802 343 1811 355 ,
1823 323 1872 359 τὴν

1076 370 1145 406 πρὸς
1169 371 1214 397 τὸν
1229 370 1295 396 Θεδν
1317 370 1364 396 καὶ
1385 369 1498 404 πλησίον
1512 369 1633 404 ἀγάπην.
1652 369 1680 396 '0
1701 369 1730 395 δὲ
1753 370 1872 403 ἀγαπιῖλν

1074 417 1120 443 τὸν
1135 416 1200 442 Θεὸν
1212 416 1358 452 τηρησάτω
1369 415 1455 447 αὑτὰς
1471 416 1500 442 ὲν
1517 416 1606 450 ἑαυτῳ
1616 435 1623 446 ,
1642 415 1686 442 ἵνα
1707 415 1745 451 μὴ
1763 415 1873 442 ἐπονεί-

1074 463 1164 495 διστος
1179 463 1291 499 γένηται
1308 464 1373 499 παρ’
1391 462 1474 498 αὐτῷ,
1492 462 1535 489 ὅτε
1549 461 1582 488 τὰ
1594 462 1654 488 κατ’
1668 461 1747 494 ἀξίαν
1760 462 1873 497 ἑκάστῳ

1075 509 1201 545 ἀπονέμῃ
1211 517 1218 523 ⁸
1230 510 1275 536 καὶ
1286 511 1300 536 ὁ
1311 509 1406 545 Σωτὴρ
1422 509 1452 535 ὲν
1464 507 1640 542 Εύαγγελίοις
1657 507 1725 542 πρὸς
1735 507 1801 539 τοὺς
1818 516 1870 534 πε-

1074 556 1252 587 πιστευκότας
1262 555 1486 590 αὐτῷ’ῐουδαίους
1501 554 1582 589 φησίν
1591 562 1599 570 -
1618 553 1689 580 Ἐὰν
1703 553 1790 588 ὑμεῖς
1801 555 1868 588 μεί-

1073 601 1145 636 νητὲ
1167 602 1202 628 ἐν
1216 601 1257 634 τῷ
1273 602 1353 636 λόγῳ
1374 600 1415 633 τῷ
1438 600 1513 635 ἐμῷ,
1533 599 1653 634 ἀληθῶς
1663 600 1798 634 μαθηταί
1807 609 1870 634 μου

1072 648 1160 681 ἑστέῂ
1174 647 1224 675 καὶ
1236 647 1387 682 ήὰλήθεια
1396 645 1605 681 ἠλευθέρωσεν
1616 646 1652 672 ἐκ
1665 645 1721 680 τῆς
1734 645 1872 680 κατάρας

1072 694 1126 720 τοῦ
1144 693 1253 728 νόμουη
1268 694 1292 719 εί
1307 691 1352 720 οὖν
1367 694 1384 728 ἡ
1405 692 1481 727 φιλία
1505 692 1661 728 ἐλευθεροῖ,
1676 692 1724 719 καὶ
1743 693 1758 718 ὁ
1772 692 1871 728 Σωτὴρ

1072 740 1222 776 ἐλευθεροῖ·
1240 740 1356 776 Χριστὸς
1368 739 1396 766 δέ
1417 740 1491 766 ἐστιν
1507 739 1524 774 ή
1547 738 1662 774 ἀλήθεια
1681 738 1729 765 καὶ
1746 740 1762 772 ἡ
1779 739 1869 772 φιλία,

1071 786 1133 813 ὅθεν
1154 787 1201 813 καὶ
1217 786 1318 818 πάντες
1343 786 1369 812 οἱ
1386 785 1493 820 ἔχοντες
1517 784 1618 819 γνῶσιν
1638 784 1774 820 Χριστοῦ,
1795 784 1870 818 φίλοι

1071 832 1193 868 ἀλλήλων
1209 825 1293 858 εἰσιν·
1310 831 1382 858 οὕτω
1404 831 1453 858 καὶ
1467 831 1513 857 ἐπὶ
1530 829 1632 866 ταύτης
1651 831 1731 865 μόνον
1747 830 1799 865 τῆς
1821 839 1869 865 φι-

1035 873 1057 901 Β
1070 877 1131 909 λίας
1144 878 1169 904 οἱ
1183 876 1230 904 τοῦ
1246 876 1329 904 αὐτοῦ
1347 876 1430 912 φίλοι,
1445 876 1492 903 καὶ
1509 875 1596 902 ἄλλων
1616 875 1670 902 εἰσὶ
1685 875 1768 910 φίλοι.

1111 924 1140 950 '0
1151 923 1286 959 διδαχθεὶς
1302 924 1367 959 περὶ
1385 923 1439 949 τῶν
1454 923 1559 958 ἀρετῶν
1571 943 1578 954 ,
1596 921 1644 948 καὶ
1664 921 1769 953 ταύτας
1787 922 1865 957 ἐνερ-

1070 970 1137 1005 γῶν,
1152 969 1187 996 τὰ
1204 969 1301 996 ἑαυτοῦ
1313 969 1443 1004 φυλάσσει
1457 967 1689 999 εὐσυναλλάκτως.

1106 1015 1227 1051 Ἐμὸαλε
1241 1015 1347 1051 σάρδιον
1371 1014 1516 1046 πολυτελὲς
1540 1014 1580 1045 εὶς
1595 1015 1706 1040 ὲνωτιον
1732 1013 1864 1049 χρυσοῦν,

1069 1061 1115 1088 καὶ
1148 1062 1243 1097 σοφίαν
1268 1061 1372 1098 Κυρίου
1403 1063 1443 1094 εἰς
1471 1061 1533 1089 νοῦν
1555 1061 1647 1097 ἀπαθῆ
1672 1061 1720 1088 καὶ
1748 1061 1865 1097 εὖήκοον

1069 1109 1174 1144 Κυρίῳ.

1075 1184 1077 1186 η
1107 1155 1212 1190 ’Ὠσπερ
1224 1153 1254 1180 τὸ
1267 1155 1300 1180 ὲκ
1320 1153 1408 1189 χιόνος
1431 1159 1526 1189 εκρεον
1546 1152 1618 1189 ὕδωρ
1632 1153 1661 1179 ὲν
1676 1152 1776 1189 ἀμητῷ
1791 1152 1865 1179 κατά

1068 1200 1162 1236 καῦμα
1176 1200 1285 1235 ὠφελεῖ,
1303 1200 1351 1226 καὶ
1361 1200 1494 1236 ἀναψύχει
1507 1200 1646 1231 καύσωνα,
1663 1199 1750 1231 οὔτως
1767 1200 1783 1226 6
1795 1199 1865 1231 Θεὸς

1067 1245 1114 1272 ἐπὶ
1132 1246 1189 1277 τοῖς
1211 1245 1365 1280 δεχομένοις
1380 1245 1430 1281 τήν
1451 1253 1480 1271 τε
1493 1245 1592 1280 γνῶσιν
1609 1244 1656 1270 καὶ
1677 1243 1775 1279 σοφίαν
1788 1264 1796 1276 ,
1814 1244 1864 1270 καὶ

1067 1291 1100 1319 τὰ
1123 1291 1327 1328 προστάγματα
1351 1291 1452 1319 αὐτοῦ’
1477 1292 1525 1318 καὶ
1557 1291 1651 1326 ὥσπερ
1674 1290 1755 1326 χιόνα
1781 1291 1864 1326 τήκει

1066 1339 1186 1371 καύσων,
1202 1338 1272 1366 οὕτω
1285 1339 1385 1366 κακίαν
1397 1338 1495 1374 ψυχῆς,
1506 1338 1612 1365 δικαίου
1625 1337 1803 1373 παραίνεσις.

1104 1386 1210 1421 ’Ὥσπερ
1226 1386 1322 1421 ἄνεμοι
1345 1386 1393 1412 καὶ
1408 1385 1477 1421 νέφη
1497 1384 1654 1421 πλωτῆρσιν
1675 1384 1863 1418 ἐπιφανέστα-

1064 1441 1106 1459 τοι
1122 1432 1168 1459 τοῦ
1184 1433 1221 1468 μὴ
1234 1432 1404 1468 ναυαγῆσαι,
1427 1431 1499 1459 οὕτω
1518 1426 1576 1463 τοῖς
1598 1431 1627 1458 ὲν
1651 1431 1734 1465 σοφίᾳ
1756 1429 1826 1457 Θεοῦ
1843 1431 1862 1465 ἡ

1063 1478 1164 1514 ψευδὴς
1181 1478 1292 1513 γνῶσις,
1308 1478 1355 1505 τοῦ
1371 1478 1408 1514 μὴ
1426 1478 1473 1506 σὺν
1488 1479 1546 1510 τοῖς
1562 1477 1751 1513 καυχωμένοις
1767 1477 1798 1503 ὲν
1809 1476 1861 1502 αὺ-

1063 1524 1098 1559 τῇ
1111 1522 1268 1550 ἀπολέσθαι.

1102 1569 1207 1605 Ὥσπερ
1221 1569 1258 1604 τῷ
1277 1567 1383 1604 σώματι
1407 1566 1442 1594 τὰ
1461 1567 1528 1594 ὀστᾶ
1554 1568 1630 1602 ίσχὺς
1651 1567 1861 1602 καὶ-ἀσφάλεια

1067 1615 1179 1651 ῥώμης,
1196 1614 1267 1641 οὕτω
1277 1616 1310 1650 τῇ
1325 1614 1397 1650 ψυχῇ
1416 1615 1444 1640 αἱ
1457 1614 1553 1650 ἀρεταὶ
1570 1613 1725 1648 πεφύκασι·
1747 1613 1862 1648 συντρί-

1066 1662 1108 1689 ϐει
1134 1662 1162 1688 δὲ
1182 1661 1268 1688 ταῦτα
1289 1661 1323 1688 τὰ
1346 1662 1413 1688 ὀστᾶ
1437 1660 1474 1696 μὴ
1498 1660 1766 1696 παραφυλασσομένη
1798 1661 1862 1691 ταῖς

1065 1708 1214 1744 ἁμαρτίαις
1223 1714 1232 1723 ⁸
1246 1708 1317 1739 τινὲς
1328 1707 1357 1733 δὲ
1366 1707 1415 1743 τὴν
1424 1705 1533 1742 θυμώδη
1548 1705 1635 1741 ψυχὴν
1647 1705 1796 1740 ὠνόμασαν
1811 1714 1862 1740 μα-

1064 1754 1160 1790 λακὴν,
1176 1754 1237 1789 ἥτις
1254 1753 1392 1789 συντρίϐει
1407 1752 1441 1779 τὰ
1456 1752 1557 1787 ἑαυτῆς
1573 1751 1640 1788 πρὸς
1653 1751 1719 1778 Θεὸν
1734 1759 1861 1786 πνευμα-

1064 1801 1128 1835 τικὰ
1141 1800 1207 1827 ὀστᾶ
1219 1820 1226 1832 ,
1242 1799 1277 1826 τὰ
1293 1798 1433 1834 πεφυκότα
1445 1797 1535 1832 λέγειν
1546 1805 1554 1812 ⁸
1570 1797 1670 1831 Κύριε,
1691 1797 1798 1831 Κύριε,
1813 1797 1860 1829 τίς

1064 1846 1165 1881 ὅμοιός
1179 1853 1228 1873 σοι
1238 1854 1248 1877 ;

1099 1891 1193 1919 Κακοῢ
1207 1892 1281 1924 ὁδὸς,
1297 1892 1313 1927 ἡ
1329 1890 1411 1918 κακία
1430 1890 1487 1917 ὲστί
1498 1898 1505 1905 ·
1528 1889 1575 1916 καὶ
1597 1888 1665 1921 ποῦς
1683 1888 1858 1924 παρανόμου,

1064 1939 1080 1974 ἡ
1094 1938 1249 1974 παρανομία
1261 1938 1335 1964 ἐστίν
1347 1946 1354 1952 ·
1375 1936 1513 1964 ἀπολεῖται
1523 1935 1552 1962 δὲ
1567 1935 1596 1962 ὲν
1613 1934 1705 1970 ἡμέρᾳ
1727 1934 1778 1969 τῆς
1794 1933 1858 1968 κρί-

1064 1994 1133 2017 σεως
1143 1994 1149 2000 ·
1167 1984 1223 2018 ἕξις
1239 1984 1282 2010 διὰ
1295 1984 1345 2019 τῆς
1359 1983 1430 2015 ὁδοῦ,
1448 1982 1495 2009 καὶ
1507 1981 1631 2017 ἐνέργεια
1645 1979 1690 2006 διὰ
1708 1979 1758 2006 τοῦ
1776 1979 1859 2011 ποδὸς

1063 2031 1236 2067 νοηθήσεται.

1098 2078 1201 2112 ’Ὠσπερ
1218 2075 1248 2102 τὸ
1263 2074 1324 2107 ὅξος
1337 2074 1365 2100 ὲν
1386 2072 1460 2099 ἕλκει
1473 2071 1521 2098 τοῦ
1546 2072 1633 2107 ἀρχὴν
1651 2071 1733 2107 σῆψιν
1747 2071 1858 2107 ἔχοντος

1061 2120 1231 2155 ἀσύμφορον,
1246 2118 1335 2145 καίτοι
1352 2116 1494 2153 βρώματος
1504 2117 1559 2151 (21)
1576 2117 1652 2148 ὄντος
1668 2117 1708 2147 εις
1723 2116 1858 2152 ήδύτητα,

1062 2167 1132 2193 οὕτω
1146 2164 1274 2200 γυναικὸς
1291 2162 1392 2198 Θεωρία
1405 2163 1451 2189 καὶ
1465 2162 1557 2197 ὁμιλία
1571 2162 1686 2198 καρδίαν
1699 2163 1858 2197 σπαράσσει

219 2216 354 2244 dilacerat
366 2213 428 2245 viri,
442 2212 489 2246 qui
504 2218 534 2239 se
544 2210 639 2237 virtuti
656 2208 782 2236 addicere
795 2212 927 2243 ceperat.
940 2207 1008 2234 Nam

1075 2213 1108 2238 ὀὗ
1126 2211 1193 2247 πρὸς
1206 2210 1305 2246 ἀρετὴν
1320 2209 1415 2236 ἑαυτὸν
1427 2208 1551 2240 ἐκδόντος
1567 2209 1614 2235 καὶ
1631 2207 1717 2243 ἀρχὴν
1735 2208 1856 2243 ἔχοντος.

220 2269 282 2297 qua
295 2260 392 2288 incidit
405 2259 431 2286 in
449 2265 498 2286 cor
509 2256 667 2287 commotio,
683 2254 804 2290 nequitia
821 2258 878 2286 est;
894 2261 946 2288 qua
961 2253 1006 2288 qui

1075 2257 1098 2283 Γὸ
1109 2256 1164 2292 γὰρ
1177 2256 1346 2291 προσπίπτον
1359 2255 1392 2290 τῇ
1408 2253 1506 2289 καρδίᾳ.
1520 2252 1615 2285 πάθος,
1631 2253 1648 2288 ή
1661 2253 1748 2279 κακία
1762 2253 1838 2279 ἐστίν
1848 2261 1856 2268 ·

220 2311 327 2340 carent,
357 2305 487 2333 dicuntur
513 2299 762 2338 imperturbabiles.
785 2314 822 2321 -—
846 2299 947 2327 Mmror
969 2303 1010 2327 est

1059 2302 1093 2340 ἧς
1112 2303 1181 2330 κατά
1197 2301 1324 2338 στέρησίν
1343 2310 1417 2333 τινες
1438 2300 1553 2331 ἀπαθεῖς
1571 2298 1856 2335 ὀνομάζονται-Λύ-

224 2354 327 2382 cad'uca
353 2352 463 2380 caducae
483 2349 632 2385 voluptatis
659 2347 775 2383 privatio
803 2356 810 2374 :
831 2346 878 2374 sed
900 2345 944 2374 ille
969 2350 1012 2373 est

1075 2358 1097 2385 τη
1114 2349 1172 2375 ἐστὶ
1185 2348 1291 2384 φθαρτὴ
1305 2347 1432 2383 στέρησις
1448 2346 1571 2382 φθαρτῆς
1595 2345 1692 2381 ἡδονῆς
1704 2353 1711 2360 ·
1734 2345 1809 2381 λύπη
1826 2345 1856 2372 δέ

222 2398 365 2428 laudabilis
391 2403 508 2428 maeror,
533 2396 580 2430 qui
611 2395 646 2423 ob
674 2393 854 2429 privationem
879 2393 1010 2419 virtutum

219 2447 396 2480 scientiaeque
412 2444 459 2472 Dei
476 2441 618 2476 contingit.

256 2492 316 2512 ¹⁸-¹⁰
332 2492 433 2519 Panem
460 2489 510 2516 hoc
526 2488 588 2515 loco‘
600 2486 714 2515 solidam
741 2486 930 2513 mandatorum
962 2484 1009 2511 Dt‘i

219 2547 310 2568 escam
336 2537 434 2565 anima:
448 2535 523 2563 dicit.
541 2533 626 2561 Potus
637 2539 701 2561 vero
724 2532 845 2560 divinam
863 2531 1007 2559 scientiam

219 2585 365 2622 significat.
383 2583 522 2612 Carbones
534 2580 605 2612 ignis
621 2579 738 2614 appellat
762 2577 930 2606 sacrosancti
946 2576 1008 2611 Spi-

219 2634 290 2660 ritus
307 2632 388 2662 dona,
410 2637 470 2664 quae
493 2627 639 2655 amburunt
665 2631 836 2660 purgantque
865 2623 1005 2650 hominum

220 2679 297 2705 vitia.
314 2675 418 2705 Etenim
436 2675 521 2710 ignito
535 2673 655 2701 carbone
670 2672 759 2707 tetigit
773 2669 919 2705 aliquando
934 2676 1007 2696 sera-

219 2725 318 2760 phinus
333 2723 409 2750 Isaiae
425 2721 494 2749 labia
510 2729 517 2747 :
533 2720 580 2755 qui
595 2719 764 2755 puriﬁcatus,
780 2716 886 2745 cunctis
897 2719 1004 2751 postea,

254 2784 265 2800 ’
280 2792 306 2811 v.
331 2782 374 2810 10.

219 2820 240 2834 ’⁷
253 2827 279 2846 ν.
292 2819 337 2846 ‘20.

255 2863 342 2899 (21.)1.
360 2871 396 2893 ιιι,
418 2862 562 2900 βρώμασιν.

377 2819 433 2838 ιιι-ιο
448 2825 472 2843 ν.
487 2817 531 2844 ιιι.

433 2783 454 2798 ¹⁰
471 2781 546 2809 ioan.
568 2789 627 2815 vm,
644 2781 689 2809 5i.
733 2780 754 2796 ¹¹
769 2786 794 2807 v.
817 2778 860 2806 ll.
902 2777 923 2793 “
937 2784 961 2804 ν.
983 2776 1026 2804 15.

1060 2396 1134 2421 ἐστιν
1146 2393 1274 2429 ἐπαινετὴ
1287 2393 1414 2429 στέρησις
1431 2391 1536 2428 ἀρετῶν
1552 2392 1600 2419 καὶ
1618 2391 1748 2426 γνώσεως
1761 2391 1842 2419 Θεοῦ.

1098 2487 1195 2522 Ἄρτον
1208 2484 1324 2512 ἐνταῦθα
1339 2484 1388 2520 τὴν
1409 2483 1522 2521 στερεὰν
1542 2483 1596 2509 τῶν
1607 2481 1724 2509 ὲντολῶν
1737 2483 1789 2518 τῆς
1801 2483 1855 2518 ψυ-

1061 2533 1113 2568 χῆς
1127 2532 1229 2568 τροφήν
1245 2539 1326 2566 φησι·
1343 2530 1417 2565 πόμα
1432 2529 1475 2562 δὲ,
1493 2529 1542 2563 τὴν
1556 2529 1631 2555 θείαν
1649 2529 1749 2563 γνῶσιν
1761 2528 1854 2565 δηλοῖ·

1062 2578 1200 2614 ἄνθρακας
1229 2577 1258 2604 δὲ
1284 2576 1371 2612 πυρὸς
1395 2576 1445 2607 τὰς
1470 2575 1518 2602 τοῦ
1535 2574 1669 2609 παναγίου
1690 2574 1854 2609 Πνεύματος

1060 2622 1178 2658 δωρεὰς,
1201 2621 1250 2653 τὰς
1272 2620 1452 2656 φλογιζούσας
1472 2620 1519 2647 καὶ
1537 2618 1723 2654 καθαιρούσας
1737 2619 1786 2650 τάς
1799 2618 1853 2645 τῶν

1060 2667 1211 2704 ἀνθρώπων
1226 2666 1350 2702 ῥυτίδας·
1369 2665 1484 2701 ἄνθρακι
1499 2664 1553 2700 γὰρ
1566 2662 1651 2699 πυρὸς
1664 2663 1721 2689 τῶν
1740 2663 1852 2689 Ἦσαῖου

1058 2714 1195 2750 σεραφεὶμ
1214 2712 1283 2746 θίγει
1300 2711 1411 2747 χειλέων
1420 2710 1484 2737 ποτέ
1502 2717 1509 2725 ·
1524 2711 1537 2736 ὁ
1547 2709 1575 2736 δὲ
1584 2708 1792 2745 καθηράμενος,
1807 2710 1852 2734 Δι-

1076 2776 1097 2792 ¹³
1111 2783 1135 2803 v.
1154 2775 1198 2802 14.
1240 2773 1262 2790 ιδ
1278 2772 1357 2801 ν.15.
1405 2772 1426 2788 ¹⁵
1441 2770 1515 2800 Psal.
1528 2777 1622 2813 ξιιιν,
1635 2769 1680 2798 l0.
1728 2769 1752 2786 “
1763 2777 1790 2797 v.
1807 2768 1852 2796 l9.
