1919 3074
87 132 136 161 237

658 132 840 160 EXPOSITIO
853 131 886 159 IN
901 131 1097 160 PROVERBIA

1649 136 1704 164 258

89 189 225 224 καιοσύνην
240 189 354 225 μάθετε,
371 190 453 217 πᾶσιν
473 189 626 225 ὲκραύγαζε
637 200 644 206 ·
660 191 705 218 διὰ
729 190 783 226 γὰρ
805 190 865 217 ταύ-

921 190 1180 224 Discitejusttttam,
1200 190 1345 219 clamabat.
1367 192 1424 220 llac
1437 192 1528 227 itaque
1545 193 1606 220 vita.
1626 195 1704 221 boni-

90 244 136 270 της
151 235 200 270 τῆς
212 235 394 271 χρηστότητος
416 237 462 263 καὶ
476 236 599 269 εὐποιίας
618 237 772 274 καθαρίζων
784 237 866 264 αὑτοῦ

90 281 119 308 τὸ
139 280 313 316 ἡγεμονικὸν,
334 281 384 312 τὰς
405 282 559 317 πυρφόρους
582 283 697 319 χάριτας
718 284 766 311 τοῦ
789 285 866 319 ἁγίου

91 326 238 361 Πνεύμτος
252 327 374 363 ποιήσεις
384 327 467 354 αὑτὸν
480 328 633 364 βιασθῆναι,
646 329 677 355 οὐ
691 330 771 364 μόνον
784 337 866 365 προσ-

90 371 222 404 λαϐέσθαι,
236 371 306 399 ἀλλὰ
321 373 368 399 καὶ
385 372 509 408 ζηλωτήν
531 382 578 400 σου
602 374 683 401 αὑτὸν
708 375 813 411 ἐργάσῃ
837 376 867 402 ὲν

89 418 154 453 πάσῃ
165 417 332 455 ἀγαθοεργίᾳ
342 439 350 451 ,
363 419 401 452 ὡς
420 420 550 456 προξένου
566 429 613 448 σου
627 421 769 456 γεγονότος
783 422 866 449 αὐτοῦ

90 464 114 490 ὲν
125 464 186 490 πᾶσι
199 464 238 499 τῷ
249 464 308 500 Θεῴ
322 465 420 500 φίλοις.

119 510 165 536 Τὸν
175 510 296 538 διάϐολον
312 509 373 538 εἷπε
396 511 542 548 πρόσωπον
563 512 671 545 ἀναιδὲς
683 533 690 545 ,
709 513 866 549 ὲρεθίζοντα

88 555 129 592 τήν
147 556 233 593 ψυχὴν
253 558 322 594 πρὸς
346 559 463 591 κακίαν,
483 559 529 586 καὶ
541 560 694 595 ἐγείροντα,
709 561 748 592 ὡς
765 560 866 596 βορρᾶς

88 602 158 637 νέφη,
171 602 318 638 λογισμοὺς
333 605 367 640 τῇ
388 604 460 640 ψυχῇ
475 607 623 642 πονηρούςο
637 607 774 642 πανταχοῦ
797 607 826 633 δὲ
852 608 866 633 ὁ

88 649 200 685 Σολομῶν
211 649 339 683 γλῶσσαν
351 650 397 677 τὸν
410 650 472 677 νοῦν
484 651 575 686 λέγει·
591 651 671 679 τοῦτο
681 650 727 679 οὖν
737 653 767 680 τὸ
783 653 866 689 πρόσ-

87 705 151 722 ωπον
161 696 293 724 αὶδεῖσθαι
308 698 337 724 ἐν
349 697 440 733 κρίσει
456 698 486 725 οὐ
499 698 590 726 καλόν.

123 743 249 769 Ἐνταῦθα
271 740 318 770 οὖν
344 743 437 770 πίπτει
461 744 563 776 δίκαιος
590 743 652 776 νοῦς
681 744 795 773 ἐνώπιον
819 745 865 772 τοῦ

88 789 189 819 ὥτινᾶ,
205 789 337 824 λογισμὸν
348 789 511 826 ἀκάθαρτον,
528 791 546 826 ἢ
559 790 655 826 ψευδὲς
668 791 757 827 δόγμα
773 791 866 818 ὑποδε-

87 836 201 871 ξάμενος·
217 836 269 872 τὴν
283 837 312 863 δὲ
328 837 420 873 πηγὴν
431 837 481 872 τῆς
500 837 597 872 σοφίας
610 838 726 874 φράσσοι
740 847 782 872 τις
797 839 865 866 άπο-

87 883 257 918 στρεφόμενος
275 882 325 918 τὴν
337 882 438 917 γνῶσιν
450 883 544 919 αὐτῆς,
558 883 606 910 καὶ
618 883 667 919 τὴν
689 884 803 918 διέξοδον
817 886 865 921 τῆς

87 927 198 961 γνώσεως
204 928 252 954 τοῦ
261 928 331 955 Θεοῦ
344 929 511 965 άπορρυπῶν
517 929 550 956 τὰ
560 928 615 964 (‘22)
625 938 632 944 '
640 929 668 956 δὲ
680 931 804 967 νοήματα
819 931 865 958 τοῦ

87 972 142 1004 νοῦ,
157 973 190 999 τὰ
214 972 265 1008 μὲν
282 972 415 1008 πτώματα
428 973 550 1008 λέγονται
560 993 567 1006 ,
582 973 616 1000 τὰ
633 974 661 1000 δὲ
675 974 798 1010 ὲγέρσεις
808 994 815 1007 ,
831 974 866 1002 τὰ

87 1017 111 1044 δὲ
127 1018 255 1054 καθέδρα,
268 1018 304 1045 τά
317 1018 345 1045 δὲ
360 1019 469 1052 στάσις,
482 1019 529 1046 καὶ
544 1019 611 1047 ἄλλα
632 1020 800 1056 περίπατος,
820 1021 866 1048 καί

88 1072 137 1090 τινα
158 1064 246 1091 αὐτῶν
274 1064 477 1100 προσκόμματα
508 1065 687 1101 ὀνομάζεται,
714 1067 762 1094 καὶ
800 1066 867 1094 ἄλλα

882 876 903 904 Β

88 1110 181 1146 σκληρὰ
194 1111 241 1137 καὶ
258 1111 381 1147 μαλακὰ,
393 1112 440 1138 καὶ
453 1111 540 1147 εὐώδη
554 1113 601 1139 καὶ
614 1112 730 1149 δυσώδη,
744 1113 791 1140 καὶ
804 1113 867 1148 γλυ-

88 1157 192 1183 niam).
209 1157 310 1194 πικρὰ,
324 1157 372 1184 καὶ
384 1157 443 1184 λεῖα
459 1158 507 1184 καὶ
524 1158 591 1195 ὀρθὰ
601 1178 609 1191 ,
624 1159 671 1186 καὶ
689 1159 801 1194 σχολιά·
819 1160 866 1187 καὶ

87 1201 172 1233 πάλιν,
183 1202 217 1228 τὰ
233 1202 286 1238 μὲν
302 1202 384 1229 αὐτοῦ
398 1202 520 1231 καλεῖται
539 1203 655 1231 ἄκανθαι
673 1204 720 1231 καὶ
737 1204 865 1240 τρίϐολοι.

89 1247 116 1274 τὰ
131 1247 157 1274 δὲ
177 1248 233 1283 φῶς
248 1248 300 1275 καὶ
312 1249 423 1280 σκότος.
438 1249 484 1276 καὶ
499 1249 555 1286 ζωὴ
571 1250 618 1277 καὶ
631 1250 760 1282 θάνατος’
774 1250 809 1277 τὰ
826 1251 864 1284 δὲ,

88 1294 151 1326 νόσος
165 1295 211 1321 καὶ
227 1295 332 1328 ὑγίεια,
352 1295 398 1322 καὶ
413 1295 478 1323 ἄλλο
507 1296 588 1323 πάλιν
608 1296 769 1333 ὀνομάζεται
799 1297 864 1332 ψεῦ-

87 1339 177 1371 δοςκαὶ
200 1340 335 1377 ἀλήθεια,
359 1341 508 1368 καὶπολλὰ
532 1342 614 1378 ἕτερα
638 1343 759 1378 ὀνόματα
777 1343 867 1380 τίθησι

88 1385 181 1422 Γραφὴ,
194 1387 269 1414 κατά
284 1396 314 1414 τε
323 1388 373 1423 τῆς
386 1387 474 1423 ψυχῆς
491 1389 538 1415 καὶ
551 1388 606 1416 τῶν
615 1389 758 1425 νοημάτων
770 1390 865 1425 αὐτῆς.

88 1432 169 1467 ὐλιγα
190 1433 218 1460 δὲ
235 1434 272 1460 ἐκ
292 1434 396 1461 πολλῶν
414 1434 487 1461 ἐστιν
507 1435 609 1461 εἰπεῖν·
629 1434 688 1462 ἔστι
715 1435 744 1461 δὲ
762 1435 864 1463 ταῦτα·

87 1478 156 1511 νοῦν,
166 1479 254 1515 ψυχὴν
269 1499 278 1511 ,
295 1479 423 1515 καρδίαν,
438 1479 598 1515 ἄνθρωπον,
617 1479 718 1515 ἄνδρα,
738 1481 866 1514 γυναῖκα,

87 1523 183 1558 δοῦλον,
197 1525 311 1561 οἰκέτην
321 1545 328 1557 ,
343 1524 449 1560 πατέρα
462 1544 469 1557 ,
486 1525 543 1551 υἱὸν
553 1545 560 1557 ,
573 1524 682 1560 πνεῦμα
691 1545 698 1557 ,
716 1524 865 1560 ὀφθαλμὸν,

88 1570 174 1605 στόμα,
190 1571 283 1607 χείλη,
299 1570 441 1605 γλῶσσαν,
457 1570 580 1607 λάρυγγα
590 1590 598 1603 ,
618 1570 739 1604 κοιλίαν,
756 1571 866 1604 κόλπον,

88 1615 216 1652 βραχίονα,
244 1617 394 1649 δάκτυλον,
422 1617 566 1653 μυκτῆρα,
589 1617 741 1653 πρόϐατον,
764 1617 866 1654 ἔριφον,

87 1663 203 1699 ποιμένα,
218 1659 269 1691 καῖ
282 1664 349 1691 ἄλλα
363 1664 474 1691 πλείονα
489 1665 610 1700 ὀνόματα
622 1665 671 1700 τῆς
681 1665 771 1701 ψυχῆς
780 1685 788 1698 ,
804 1665 822 1692 a
836 1666 867 1693 οὐ

87 1707 186 1737 δυνατὸν
196 1710 244 1737 νῦν
258 1710 433 1746 παραθέσθαι
443 1711 502 1738 κατ’
515 1708 594 1742 εἶδος.

118 1756 211 1792 Βουλὴν
225 1755 306 1784 εἶπεν
328 1757 445 1784 ἐνταῦθα
464 1756 512 1793 τὴν
527 1757 574 1783 ἐπὶ
598 1757 628 1783 τὺ
640 1758 761 1793 κρεῖττον
781 1756 867 1792 ῥοπὴν

87 1801 129 1837 τῆς
139 1803 265 1838 καρδίας⁸
286 1803 350 1830 ὅταν
363 1810 404 1834 τις
426 1803 475 1829 οὐκ
499 1802 712 1837 ἐπικαλούμενος
733 1802 781 1838 τὴν
803 1802 866 1838 βοή-

88 1847 153 1876 θειαν
165 1850 210 1876 τοῦ
225 1849 297 1876 Θεοῦ
311 1850 340 1876 ὲν
353 1849 451 1884 ἐαυτῷ,
469 1849 508 1880 είς
523 1848 620 1884 βουλὴν
637 1848 736 1884 ποιήσῃ
751 1857 777 1875 τι
799 1849 867 1883 ἁγα-

87 1893 126 1920 θὸν
140 1895 205 1930 μετὰ
220 1895 348 1930 σκέψεως
361 1915 368 1928 ,
383 1894 451 1922 ἀλλὰ
465 1894 588 1926 αὐθαδῶς
610 1893 658 1921 καὶ
674 1893 868 1929 ἀλαζονευόμε-

87 1949 124 1972 νος
137 1942 250 1977 ἄρξηται
264 1951 272 1957 ·
288 1942 319 1968 οὺ
327 1941 518 1977 τελεσθήσεται
536 1940 574 1973 δὲ,
591 1939 658 1967 ἀλλὰ
673 1939 868 1975 συμπτωθήσε-

87 1995 126 2014 ται
138 1988 152 2015 ὃ
165 1989 311 2026 ἐπιχειρεῖ,
326 1988 369 2015 ὅτι
383 1987 413 2014 οὺ
431 1986 627 2023 περιετείχισεν
644 1985 740 2012 ἑαυτὸν
756 1987 789 2021 τῇ
805 1985 868 2021 βοη-

87 2034 139 2071 θείᾳ
150 2036 194 2063 τοῦ
209 2036 280 2063 Θεοῦ
299 2036 339 2067 εἰς
355 2033 462 2070 βουλήν.

881 1548 902 1576 C

918 241 975 264 tate
990 244 1023 264 ac
1048 236 1211 264 rectitudine
1232 245 1351 273 purgans
1375 244 1492 266 mentem
1509 244 1593 272 tuam,
1611 240 1704 275 igneas

917 282 1004 309 sancti
1019 281 1136 316 Spiritus
1160 283 1263 316 gratias
1277 291 1359 319 coges
1379 291 1439 311 eam
1454 292 1508 312 non
1523 285 1610 313 solum
1634 287 1700 313 reci-

918 334 993 362 pere,
1009 327 1056 355 sed
1073 327 1227 355 studiosum
1248 329 1286 356 tui
1303 330 1427 357 eumdem
1444 329 1576 377 Spiritum
1603 331 1704 359 cﬂicies

917 372 950 398 ad
964 379 1045 399 omne
1063 372 1187 400 beneficii
1211 380 1316 408 genus:
1339 375 1438 410 quippe
1450 372 1495 410 q'ui
1521 377 1613 404 omnia
1643 385 1704 411 quae

917 422 981 445 sunt
996 417 1051 445 Deo
1069 418 1167 453 placita
1183 420 1231 447 tibi
1246 420 1411 455 impertitur.

953 511 976 527 ²⁰
992 511 1134 540 Diabolum
1163 512 1233 540 dixit
1259 512 1354 540 faciem
1379 512 1580 548 impudentem,
1605 514 1704 550 quippe

917 557 963 592 qui
978 558 1097 585 animam
1114 557 1148 585 ad
1172 558 1270 586 vitium
1298 558 1398 591 irritat,
1424 560 1598 595 excitatque,
1620 561 1703 588 veluti

917 603 1003 630 nubes
1029 603 1213 638 aquilonares,
1229 611 1329 638 pravas
1350 604 1377 631 in
1403 604 1493 632 anima
1508 606 1702 640 cogitationes.

920 648 1023 684 Ubique
1041 657 1106 676 vero
1117 649 1245 677 Salomon
1260 649 1380 685 linguam
1391 658 1441 686 pro
1455 656 1544 678 mente
1560 651 1635 681 dicit.
1650 651 1705 679 llu-

914 695 1063 730 juscemodi
1076 704 1140 732 ergo
1154 696 1252 724 faciem
1267 697 1292 723 in
1302 696 1407 732 judicio
1419 697 1536 724 revereri
1549 705 1602 725 non
1615 699 1703 727 decet.

951 742 973 758 ²¹
989 741 1039 769 llic
1059 749 1124 776 ergo
1146 742 1239 770 licitur
1253 749 1330 770 mens
1348 742 1418 776 iusta
1435 743 1533 770 cadere
1544 751 1636 771 coram
1652 743 1704 771 Sa-

917 792 992 821 taua,
1005 788 1069 815 dum
1083 788 1216 822 impuram
1227 789 1429 823 cogitationem,
1443 794 1490 816 aut
1501 789 1595 818 falsum
1608 790 1705 826 dogma

917 835 1039 870 suscipit.
1054 834 1169 862 Fontem
1187 835 1327 870 sapientiae
1346 835 1369 862 is
1382 836 1500 863 obstruit
1522 836 1567 871 qui
1581 837 1639 872 ejus
1654 845 1703 865 no-

918 880 1004 908 titiam
1027 881 1141 916 respuit,
1160 885 1187 908 et
1212 880 1314 907 ﬂuxum
1343 881 1466 909 scientiae
1496 881 1542 908 Dei
1571 882 1704 910 sordidat.

916 927 976 955 Jam
1000 927 1099 955 mentis
1128 927 1318 961 cogitationes,
1345 927 1425 954 modo
1447 926 1538 961 lapsus
1565 928 1704 960 dicuntur,

917 973 997 1001 modo
1015 973 1207 1006 surrectioncs,
1224 973 1304 1000 modo
1319 973 1408 1006 sedes,
1425 973 1504 1000 modo
1521 977 1619 1006 status,
1644 973 1704 1000 aliae

917 1017 1074 1051 ambulatio,
1091 1017 1150 1045 aliae
1163 1017 1325 1046 olletidicula
1343 1018 1514 1051 vocitantur;
1544 1018 1604 1046 alite
1617 1018 1703 1050 durae,

917 1063 975 1091 alia:
1003 1063 1107 1096 molles,
1133 1067 1160 1090 et
1177 1063 1322 1091 odoriferae
1345 1068 1372 1091 et
1398 1068 1535 1098 putentes,
1560 1068 1586 1092 e‘
1611 1063 1706 1092 dulces

917 1114 999 1144 atque
1013 1117 1124 1142 amara,
1140 1115 1166 1136 et
1183 1110 1269 1144 planae
1290 1114 1371 1144 atque
1384 1114 1484 1137 erecta:
1504 1115 1532 1137 et
1546 1110 1702 1138 salebrosa.

918 1155 951 1182 Et
967 1155 1085 1190 insuper.
1114 1154 1168 1182 Res
1184 1154 1303 1189 ejusdem
1320 1155 1440 1190 (Illenlls)
1459 1156 1556 1190 partim
1574 1161 1707 1183 vocantur

917 1202 1001 1237 spinae
1018 1209 1050 1228 ac
1064 1201 1166 1232 tribuli,
1191 1208 1294 1228 necnon
1318 1201 1372 1234 lux,
1391 1201 1518 1234 tenebne,
1538 1201 1605 1234 vita,
1618 1209 1703 1229 mors.

916 1248 985 1276 Aliae
1001 1248 1124 1280 morbus,
1136 1247 1249 1275 sanitas.
1261 1247 1330 1274 Alia:
1343 1252 1474 1281 praeterea
1492 1247 1619 1275 dicuntur
1631 1255 1705 1274 men-

917 1294 1036 1327 dacium,
1049 1294 1149 1321 veritas
1166 1302 1173 1321 :
1186 1298 1214 1320 et
1227 1292 1303 1328 plura
1315 1293 1366 1320 alia
1381 1293 1491 1320 nomina
1506 1293 1620 1328 imponit
1633 1294 1706 1321 Scri-

917 1345 996 1375 ptura
1022 1339 1121 1366 animal.
1146 1339 1228 1366 rebus
1253 1343 1282 1365 et
1307 1338 1520 1373 cogitationibus
1548 1338 1615 1372 ejus.
1650 1339 1705 1366 Sed

917 1392 1003 1420 pauca
1016 1393 1032 1413 e
1048 1384 1142 1412 multis
1157 1384 1247 1412 dicere
1262 1384 1366 1419 placet;
1385 1390 1482 1418 nempe
1499 1387 1627 1416 mentem,
1645 1384 1706 1412 ani-

917 1439 1001 1464 mam,
1023 1439 1081 1464 cor,
1104 1430 1254 1463 hominem,
1276 1431 1375 1464 virum,
1406 1431 1559 1464 mulierem,
1581 1438 1703 1463 servum,

918 1477 1108 1511 domesticum,
1127 1481 1245 1512 patrem,
1260 1476 1355 1509 ﬁlium,
1370 1476 1508 1511 spiritum,
1524 1476 1643 1509 oculum,
1660 1485 1704 1510 os,

918 1524 1001 1556 labia,
1017 1523 1146 1559 linguam,
1162 1527 1266 1559 guttur,
1283 1528 1419 1556 ventrem,
1435 1523 1536 1555 sinum,
1549 1524 1702 1555 brachium,

919 1569 1041 1604 digitum,
1054 1576 1145 1600 nares,
1158 1568 1272 1604 lignum,
1286 1575 1375 1601 ovem,
1390 1568 1507 1601 haedum,
1519 1573 1665 1603 pastorem,
1678 1575 1707 1597 et

918 1617 971 1645 alia
989 1617 1063 1652 plura
1091 1617 1199 1644 nomina
1228 1617 1336 1650 animm,
1362 1624 1423 1652 qua:
1448 1625 1520 1645 nunc
1544 1617 1704 1653 singillatim

919 1665 1032 1699 proferri
1046 1669 1192 1699 nequeunt.

954 1755 1018 1775 “-"
1030 1754 1179 1783 Consilium
1197 1763 1269 1782 nunc
1285 1754 1445 1782 dicitcordis
1464 1755 1497 1782 ad
1507 1755 1633 1782 virtutem
1646 1763 1705 1782 mo-

922 1805 988 1827 tum.
1005 1800 1071 1828 Cum
1087 1799 1185 1834 aliquis
1200 1800 1245 1827 Dei
1261 1799 1391 1826 auxilium
1407 1800 1457 1827 sibi
1474 1807 1526 1827 non
1541 1800 1706 1829 invocaverit

920 1846 995 1881 quasi
1008 1846 1041 1873 ad
1058 1846 1213 1879 consilium,
1229 1850 1260 1873 ut
1280 1845 1343 1872 boni
1361 1845 1461 1880 aliqttid
1476 1846 1646 1874 considerate
1669 1846 1707 1873 l'a-

916 1893 987 1925 ciat;
1012 1892 1058 1920 sed
1081 1892 1209 1919 audacter
1223 1896 1305 1926 atque
1323 1891 1439 1925 superbe
1462 1892 1567 1918 initium
1582 1893 1620 1919 rei
1636 1892 1707 1920 fece-

917 1941 967 1972 rit;
986 1940 1019 1966 ad
1034 1939 1135 1966 exitum
1150 1946 1201 1966 non
1217 1938 1344 1970 deducet,
1360 1938 1407 1965 sed
1422 1945 1482 1965 cum
1498 1946 1526 1965 re
1542 1946 1592 1965 sua
1613 1947 1706 1967 susce-

916 1991 962 2021 pta
977 1989 1106 2013 corruet:
1132 1985 1194 2019 quia
1211 1992 1264 2012 non
1281 1991 1310 2010 se
1334 1984 1513 2011 communivit
1534 1984 1579 2012 Dei
1604 1985 1707 2013 auxilio

917 2032 951 2058 ad
966 2031 1118 2059 consilium.

812 2079 888 2107 CAP.
909 2079 1001 2108 XXVI.

118 2132 208 2159 Ἵππον
223 2131 345 2159 ἐνταῦθά
364 2139 430 2166 φησι
453 2131 499 2157 τὸν
515 2131 597 2165 ταχὺν
623 2130 662 2160 εἰς
685 2127 803 2163 μάθησιν
824 2135 866 2153 σο-

88 2178 142 2212 φίας
151 2199 160 2210 ,
174 2179 222 2206 καὶ
235 2177 411 2212 δικαιοσύνης
432 2176 554 2203 δεκτικὸν
576 2175 718 2210 ἄνθρωπον
728 2182 735 2189 ·
748 2173 781 2200 δι’
797 2173 866 2200 αἰνι-

87 2224 188 2258 γμάτων
203 2225 232 2251 δὲ
245 2223 388 2260 μαστίζει·
402 2222 455 2258 δνῳ
470 2222 499 2249 δὲ
515 2221 625 2257 κέντρον
637 2229 644 2235 ·
661 2221 706 2247 τὸν
724 2219 822 2255 βραδὺν
838 2219 866 2245 ὲν

958 2129 981 2144 ἰ
994 2129 1097 2163 Equum
1118 2134 1189 2153 nunc
1205 2125 1270 2153 dicit
1293 2125 1409 2153 celerem
1435 2125 1468 2151 ad
1487 2126 1624 2159 sapientiae
1643 2133 1704 2160 pcr-

920 2174 1084 2209 ceptionem,
1097 2171 1245 2206 etjustitize
1259 2178 1386 2204 capacem
1403 2170 1549 2197 hominem.
1567 2170 1706 2205 Enigma-

922 2220 993 2247 tibus
1008 2223 1098 2245 autem
1115 2217 1230 2252 ﬂagellat
1245 2224 1252 2243 :
1274 2216 1350 2243 asino
1366 2215 1508 2246 stimulus;
1536 2217 1642 2243 tardum
1658 2217 1707 2244 du-

87 2270 179 2303 τούτοις
201 2272 260 2302 τοῖς
278 2270 367 2304 λόγοις
388 2268 515 2304 σκληροῖς
530 2268 626 2302 κεντᾷν
638 2286 645 2297 ,
668 2265 748 2300 φόϐον
769 2266 865 2313 ἐμποι-

921 2266 959 2293 ris
974 2265 1063 2292 verbis
1074 2271 1234 2298 compunge,
1251 2262 1360 2289 incusso
1377 2262 1483 2288 timore.
1506 2261 1585 2289 Genti
1601 2270 1706 2290 vesanae

88 2316 172 2349 οῦντας
181 2326 188 2332 ·
204 2317 279 2344 ἔθνει
292 2316 320 2343 δὲ
331 2316 428 2351 ἄφρονι
447 2314 536 2350 ῥάϐδῳ
547 2312 707 2344 τύπτεσθαι,
720 2312 783 2343 τοὺς
793 2311 868 2338 ἀναι-

89 2361 191 2399 σθήτους
207 2363 317 2394 οἰκέτας
330 2363 347 2397 ἢ
375 2361 546 2397 ὑποχειρίους
568 2360 702 2396 ὁρίζεται·
727 2360 744 2394 ή
770 2357 868 2394 ῥάϐδος

88 2407 134 2443 γὰρ
149 2408 282 2443 σύμϐολόν
299 2407 357 2445 ἐστι
371 2406 516 2437 κολάσεως.

121 2452 164 2480 Ἐκ
178 2453 232 2480 τῶν
248 2453 339 2480 ποδῶν
349 2451 407 2488 (9.5)
424 2451 518 2482 αὑτοῦ,
535 2460 561 2478 κ.
580 2460 606 2478 τ.
619 2451 644 2477 λ.
654 2450 739 2481 Πόδας
752 2448 868 2476 ἐνταῦθα

89 2499 143 2531 τοὺς
156 2501 264 2531 οἰκέτας
277 2499 376 2535 φησίν⁴
391 2499 490 2530 ὄνειδος
508 2497 538 2524 δὲ
556 2497 586 2530 ἐξ
605 2497 694 2524 αὐτῶν
707 2497 720 2523 ὁ
736 2495 868 2531 δεσπότης

90 2544 166 2580 ἑαυτῷ
191 2547 328 2576 ποιεῖται,
355 2545 370 2570 ό
396 2543 568 2571 ἀποστέλλων
594 2542 668 2577 λόγοι
698 2541 729 2568 δι’
753 2539 869 2575 ἀγγέλου

90 2590 203 2627 ἄφρονος,
218 2592 235 2626 ἢ
253 2591 362 2627 βουλῆς,
380 2590 398 2626 ἢ
417 2590 512 2624 σοφίας
523 2608 531 2621 ,
547 2589 563 2625 ἢ
580 2587 729 2624 πρεσϐείας
741 2587 777 2623 ,ἢ
798 2595 868 2621 συμ-

92 2639 189 2673 μαχίας.
209 2639 227 2674 ἢ
242 2639 330 2673 λόγων
346 2635 526 2672 συμπαθείας.
548 2635 577 2661 ὐ
592 2634 646 2670 γάρ
672 2633 767 2670 ἄφρων
785 2631 869 2667 ἡττᾶ-

90 2691 128 2710 ται
142 2685 170 2711 ἐν
182 2685 264 2712 παντί
274 2692 280 2700 '
296 2683 344 2711 καὶ
356 2683 411 2719 γὰρ
429 2683 443 2709 ό
459 2681 561 2718 Κύριος
579 2682 608 2709 ἐν
628 2679 804 2714 Εὑαγγελὶοις
818 2686 870 2713 φη-

91 2730 127 2756 σιν
137 2739 144 2745 ·
160 2732 199 2758 οὐ
217 2730 265 2757 δεῖ
275 2730 336 2763 τοῖς
351 2728 424 2756 κυσὶ
435 2727 550 2755 διδόναι
562 2727 599 2754 τὰ
609 2726 679 2761 ἅγια
688 2746 695 2758 ,
708 2725 781 2752 οὐδὲ
793 2723 871 2757 βάλ-

91 2775 149 2803 λειν
156 2776 225 2809 τοὺς
234 2775 419 2811 μαργαρίτας
432 2774 602 2809 ἔμπροσθεν
618 2770 678 2799 τῶν
693 2771 812 2806 χοίρων.

121 2836 143 2852 ¹⁹
157 2845 183 2864 v.
198 2837 244 2866 26.
266 2838 286 2853 ¹¹
300 2845 330 2865 v.
341 2836 387 2863 ‘26.
435 2835 492 2856 ‘~‘-"
519 2842 543 2862 ν.
562 2833 606 2862 '28.
640 2833 663 2849 ³⁵
682 2840 706 2862 v,
722 2832 749 2859 5.
784 2830 806 2846 "
823 2837 847 2856 ν.
865 2828 890 2856 6.

124 2884 175 2920 (92)
191 2885 256 2913 Cod.
277 2883 463 2921 ἀπορρίπτων.

919 2310 1002 2344 virga:
1014 2308 1225 2343 percussionem.
1244 2315 1294 2335 nec
1310 2315 1361 2335 non
1381 2307 1497 2341 stupidis
1518 2307 1627 2335 famulis
1642 2310 1706 2335 sub-

920 2355 1036 2389 ditisque
1056 2353 1187 2383 deceruit.
1203 2352 1272 2380 Nam
1288 2352 1363 2388 virga
1384 2352 1535 2388 punitionis
1554 2354 1705 2389 symbolum

955 2447 978 2463 “
994 2445 1032 2473 Ex
1043 2445 1158 2480 pedibus
1169 2445 1238 2478 suis,
1249 2449 1303 2472 etc.
1318 2444 1404 2473 Pedes
1417 2453 1490 2473 nunc
1502 2445 1568 2473 dicit
1581 2446 1706 2474 famulos.

921 2491 1100 2526 Opprobrium
1114 2491 1165 2518 sibi
1178 2490 1318 2523 conciliat,
1337 2490 1383 2525 qui
1404 2490 1516 2518 verbum
1530 2498 1579 2526 per
1594 2491 1705 2519 stultum

925 2537 1050 2564 nuntium
1073 2536 1167 2569 mittit,
1188 2536 1246 2563 sive
1269 2536 1389 2569 consilii,
1409 2536 1467 2563 sive
1483 2536 1633 2571 sapientiae,
1649 2537 1707 2564 sive

910 2582 1077 2619 "legationis,
1103 2583 1159 2609 sive
1176 2582 1279 2610 bellica:
1303 2582 1454 2614 societatis,
1477 2582 1519 2609 vel
1548 2582 1706 2610 consolandi

923 2636 1015 2656 causa.
1039 2627 1106 2655 Nam
1129 2627 1238 2660 stultus,
1261 2627 1287 2654 in
1303 2627 1377 2654 omni
1398 2634 1428 2655 re
1442 2627 1603 2655 imbecillus.
1618 2626 1707 2660 Quare

922 2680 950 2702 et
963 2674 1091 2701 Dominus
1099 2673 1125 2700 in
1134 2672 1286 2708 Evangeliis
1300 2673 1418 2700 εἰμ’-ἠ
1429 2671 1489 2699 Νοη
1504 2676 1603 2707 oportet
1617 2677 1707 2698 sancta

923 2721 987 2748 dare
998 2719 1117 2753 canibur,
1128 2726 1208 2754 neque
1218 2720 1379 2754 margaritas
1391 2724 1451 2746 ante
1466 2726 1558 2753 porcos
1566 2718 1707 2753 projicere.

929 2826 990 2848 "J’
1009 2825 1102 2853 Matth.
1115 2832 1164 2858 vu,
1179 2824 1206 2852 6.

960 2873 1017 2909 (25)
1034 2872 1125 2899 Ποδῶν
1132 2870 1266 2909 ρωέδῶν.
