1919 3074
191 90 245 119 l239

636 88 914 118 SUPPLEMENTUM
931 88 977 115 AD
992 88 1154 117 ORIGENIS
1171 88 1377 118 EXEGETICA.

1771 90 1827 118 210

228 161 251 175 ’⁸
264 159 317 188 Fac
340 160 408 188 vites
424 160 497 188 stulti
514 161 584 188 viam
602 160 710 195 malam,
730 166 758 189 et
783 161 879 189 falsam
893 161 982 189 scien-

1069 161 1181 197 Περίελε
1202 162 1318 197 ἄφρονος
1333 161 1393 188 ὁδὸν
1415 161 1521 197 κακὴν,
1546 162 1594 188 καὶ
1616 161 1717 196 γνῶσιν
1741 161 1828 198 ψευδῆ

192 211 258 234 tiam
275 214 290 233 a
306 212 330 233 te
343 206 434 241 procul
449 214 554 234 amove.

227 254 250 270 ’³
265 253 314 286 Qui
335 253 489 287 impcrtitur
502 260 604 280 vesano
618 253 772 286 scientiam,
789 253 886 281 similis
900 258 943 281 est
955 252 980 280 ei

191 300 237 335 qui
255 300 334 326 vilem
352 299 468 333 lapidem
482 299 509 326 in
522 306 605 326 aureo
619 300 720 327 annulo
732 299 867 332 collocat;
885 299 924 326 vel
940 299 981 326 Ia-

191 347 279 380 pidem
295 345 442 380 pretiosum
462 345 488 372 in
513 345 596 373 {unda
622 353 682 381 qua:
708 345 824 381 lapidem
848 345 979 380 lapidanti

190 393 314 420 l‘ctuillil.

224 440 246 455 '°
260 439 288 467 Si
303 439 453 475 dissipetur
470 439 682 475 imprudentium
703 444 810 474 stupor,
826 448 881 475 quo
894 449 908 468 a
925 441 979 469 Deo

189 490 374 518 recesserunt,
387 485 476 513 denuo
492 485 584 512 mundi
603 485 665 512 lacti
682 485 715 512 ad
731 485 813 512 Deum
827 485 977 513 accedent:

189 531 281 558 Omnis
306 532 377 558 enim
402 539 465 558 caro
481 531 576 558 videbit
602 530 727 558 Salutare
747 530 842 560 Dei".
863 531 913 558 llic
937 536 979 558 est.

187 578 467 610 auimadvertemlum,
494 578 566 613 quod
592 577 757 606 incrassatas
780 584 894 613 peccato
917 579 977 605 aui-

187 631 257 653 mas.
274 631 371 651 carnes
386 623 532 651 stultorum
548 624 708 651 nominavit.
722 623 768 651 Sic
786 624 867 651 etiam
884 625 976 651 Domi-

186 677 238 697 nus
251 669 319 696 dixit
334 678 341 696 :
357 668 418 697 Non
435 670 596 704 permanebit
619 670 728 705 spiritus
750 679 823 698 metu
842 671 870 698 in
890 671 975 698 ltomt'~

186 715 274 749 nibus,
291 716 355 751 quia
369 724 460 743 carnes
476 721 537 743 sunt
551 716 585 744 ³¹.

221 807 245 824 ³³
264 807 314 841 Οιιί
336 813 478 843 postquam
502 812 642 843 peccatum
667 808 753 836 suum‘
765 808 874 843 abiecit,
887 808 975 836 denuo

184 854 219 882 ad
234 854 297 881 illud
316 854 469 886 revertitur,
494 853 591 880 similis
607 858 648 881 est
671 853 732 880 caui
748 854 879 881 vomitum
894 861 972 881 suum

184 901 342 928 resumenti.
358 900 404 928 Sic
418 900 469 927 fuit
485 899 545 927 Loti
565 907 646 933 uxor,
671 905 699 928 et
717 899 759 927 ille
771 900 804 927 ad
818 908 898 935 quem
923 900 974 927 itu-

183 947 300 978 mundus
313 947 424 981 spiritus
441 946 531 974 rediit.

218 994 242 1011 ³⁸
260 993 393 1021 Utendum
410 998 453 1020 est
464 993 518 1020 hoc
534 992 614 1019 ell‘ato
636 992 770 1020 adversus
796 1000 842 1020 eos
857 993 903 1027 qui
918 992 975 1020 suf-

183 1040 276 1076 fragiis
290 1039 436 1067 nonnullos
459 1039 585 1073 indignos
600 1037 703 1073 eligunt
725 1039 759 1065 ad
779 1038 973 1070 sacerdotium,

182 1087 289 1114 clerove
302 1085 452 1112 ascribunt.
470 1084 565 1118 Neque
580 1085 652 1111 enim
673 1084 816 1119 quisquam
841 1092 875 1111 ex
895 1084 974 1111 nobis

180 1132 247 1167 justi
268 1132 363 1168 judicii
377 1131 422 1166 jus
445 1139 477 1158 ac
501 1125 656 1158 libertatem
679 1131 706 1158 in
726 1130 847 1158 Ecclesia
873 1131 975 1159 consti-

183 1180 235 1207 tuit
248 1187 256 1205 :
271 1186 359 1213 neque
371 1178 427 1205 haec
442 1178 622 1213 praerogativa
648 1182 741 1205 nostra
754 1182 806 1210 est,
827 1177 874 1205 sed
895 1177 977 1205 Chri-

181 1226 228 1258 sti,
247 1233 299 1260 qua
313 1224 455 1258 judicavit,
474 1228 560 1251 semet
572 1223 727 1259 justiﬁcans
740 1224 847 1251 tradere
863 1223 932 1256 neci,
947 1228 975 1251 et

183 1271 343 1307 sanguinem
357 1278 407 1306 pro
424 1270 467 1297 illa
482 1270 604 1298 fundere.
620 1269 666 1297 Sic
681 1270 762 1297 etiam
781 1270 905 1306 quisquis
923 1270 975 1298 Ec-

181 1316 272 1345 clesia:
296 1317 401 1343 clavum
426 1323 561 1351 occupare
587 1320 673 1351 optat,
694 1316 774 1344 debet
798 1316 973 1351 semetipsum

182 1362 300 1396 tradere,
325 1367 353 1389 et
366 1362 477 1395 maligni
500 1361 613 1388 caudam
630 1365 731 1394 tenere,
753 1365 782 1388 et
795 1368 843 1388 eos
859 1361 904 1395 qui
923 1361 973 1388 sub

181 1408 303 1444 nequitia
324 1408 418 1443 jacent
442 1408 570 1441 liberare,
585 1412 613 1435 et
635 1407 670 1435 ad
686 1407 787 1435 Christi
804 1407 972 1443 agnitionem

181 1455 327 1482 adducere.

217 1502 239 1517 ³³
258 1501 335 1528 Sicut
358 1501 384 1527 in
403 1500 483 1536 lignis
497 1499 617 1532 ﬂamma,
644 1499 681 1526 ita
704 1499 731 1526 in
755 1500 847 1534 pravis
869 1500 1007 1541 cogita-0

182 1548 301 1576 tionibus
317 1547 409 1582 gliscit
430 1553 457 1574 et
482 1547 536 1574 urit
552 1547 651 1574 mentis
669 1547 703 1574 ad
722 1547 862 1581 passiones
878 1548 970 1574 ardor.

181 1594 232 1622 Ubi
253 1599 342 1621 autern
368 1602 422 1621 non
442 1594 477 1620 sit
497 1592 597 1627 duplex
611 1593 769 1625 commotio,
786 1592 811 1619 id
832 1597 873 1620 est
887 1592 970 1620 animi

180 1640 355 1674 ambiguitas,
373 1640 419 1667 sed
438 1639 479 1666 vel
493 1639 540 1666 Dei
556 1638 599 1666 vel
609 1646 769 1666 mammona:
778 1646 866 1673 amor,
878 1647 971 1667 cessa-

180 1687 220 1714 bit
237 1686 263 1713 in
278 1686 387 1712 homine
404 1685 544 1712 alteruter.
562 1684 630 1712 Nam
647 1685 668 1712 si
684 1685 776 1712 vincat
795 1685 842 1712 Dei
858 1686 971 1713 manda-

180 1738 247 1765 tum,
269 1732 334 1759 illud
354 1731 465 1767 maligni
484 1736 641 1764 evanescet,
665 1735 693 1759 et
715 1739 729 1757 a
750 1731 854 1759 malitia
871 1732 971 1760 otiabi-

181 1785 225 1807 tur
239 1779 329 1807 homo.
346 1778 397 1806 Sin
408 1778 487 1806 ambo
500 1778 620 1806 retinere
638 1777 765 1811 voluerit,
780 1778 835 1806 vita
850 1778 969 1812 excidet,

179 1830 206 1852 et
221 1823 414 1858 temporalibus
433 1824 516 1850 etiam
532 1823 703 1858 spoliabitur.

214 1871 237 1887 “
253 1870 336 1898 Labia
360 1871 412 1898 hoc
440 1870 500 1897 loco
523 1870 703 1905 cogitationes
720 1870 796 1898 dicit.
811 1871 863 1905 Qui
879 1877 968 1899 autem

179 1917 278 1944 mentis
290 1915 360 1943 labia
374 1923 427 1943 non
443 1915 532 1949 aperit
544 1920 640 1942 contra
652 1915 811 1950 malignum,
835 1916 889 1943 Deo
903 1924 970 1944 con-

178 1961 259 1989 ﬁtens
277 1961 341 1988 vitia
357 1968 421 1993 sua,
440 1964 575 1995 quotquot
601 1959 625 1987 ei
642 1959 686 1987 ille
706 1960 822 1989 inseruit
838 1962 969 1990 adversus

179 2008 275 2039 Deum.
303 2007 353 2034 sed
380 2006 470 2041 potius
498 2006 579 2039 celat,
594 2005 639 2032 ltic
657 2013 776 2033 maerore
801 2007 893 2034 obruit
920 2015 969 2035 cor

178 2062 268 2087 suum,
292 2052 375 2081 stulte
396 2052 557 2080 existimans
580 2059 611 2079 se
626 2059 679 2079 non
698 2052 799 2080 habere
814 2059 967 2088 peccatum,

178 2107 267 2131 neque
293 2099 401 2126 interim
429 2098 553 2133 agnoscit
575 2099 620 2125 Dei
637 2098 827 2127 clementiam:
844 2101 905 2136 quia
920 2110 968 2137 po-

179 2145 244 2177 tius,
260 2152 355 2179 nempe
369 2144 410 2171 liis
428 2144 463 2171 ita
479 2145 652 2179 sperantibus
665 2149 692 2171 et
707 2145 763 2173 haec
785 2146 809 2173 ei
833 2147 966 2175 conﬁten-

1033 207 1144 242 μακρὰν
1159 207 1270 243 ποίησον
1291 207 1338 234 ἀπ’
1353 207 1446 234 αὑτοῦ.

1073 253 1102 280 Ὀ
1115 253 1272 288 μεταδιδοὺς
1289 254 1385 289 ἄφρονι
1402 253 1518 287 γνῶσιν,
1539 252 1632 288 ὅμοιός
1655 254 1714 279 ἐστι
1734 251 1776 287 τῷ
1790 251 1829 278 λί-

1032 297 1077 325 θον
1089 289 1187 335 ἄτιμον
1199 301 1228 327 ἐν
1246 300 1376 335 σφενδόνῃ
1401 301 1486 335 χρυσῇ
1513 298 1720 334 προσπήξαντι·
1738 299 1755 334 ἦ
1787 298 1829 324 λί-

1032 344 1076 371 ϐον
1092 344 1200 381 ἔντιμον
1212 346 1242 372 ὲν
1259 345 1389 381 σφενδόνῃ
1402 344 1578 381 λιϐοΰολούσῃ
1589 344 1742 371 λιθάσαντι.

1073 438 1135 465 Ἐὰν
1151 438 1281 474 συντριϐῇ
1299 439 1315 473 ἠ
1334 437 1462 469 ἔκστασις
1475 437 1530 464 τῶν
1547 437 1673 473 ἀφρόνων
1685 457 1692 469 ,
1714 437 1777 463 καθ’
1795 437 1829 472 ἢν

1029 484 1179 521 ἐξέστησαν
1195 484 1263 512 Θεοῦ
1275 505 1282 518 ,
1301 485 1381 512 πάλιν
1406 484 1521 521 καθαροὶ
1545 477 1687 520 ⁸πίενόμενοι
1706 486 1828 521 προσέρ-

1029 539 1122 565 χονται
1140 530 1178 566 τῷ
1195 530 1267 565 Θεῷ”
1284 529 1372 558 Πᾶσα
1391 532 1446 566 γὰρ
1457 531 1542 565 ’σὰρξ
1556 531 1659 565 ὄψεται
1676 531 1710 558 τὸ
1726 530 1829 564 Σωτή-

1025 585 1094 611 ριον
1102 576 1155 603 τοῦ
1169 576 1254 604 Θεοῦ.
1286 576 1454 612 Προσεκτέον
1469 576 1498 602 δὲ
1513 569 1638 608 ὲνταῦθα,
1651 576 1693 603 ὅτι
1710 576 1762 607 τὰς
1775 583 1828 602 πα-

1028 625 1173 661 χυνθείσας
1187 624 1277 660 ψυχὰς
1288 624 1342 651 ἀπὸ
1357 624 1408 660 τῆς
1429 624 1529 656 κακίας
1539 645 1546 656 ,
1569 624 1674 660 σάρκας
1696 623 1827 659 ἀφρόνων

1027 672 1168 707 ὠνόμασεν
1181 678 1188 685 ·
1204 670 1276 698 οὕτω
1290 671 1337 698 καὶ
1350 672 1364 698 ὁ
1377 671 1479 707 Κύριός
1496 679 1578 706 φησιν
1590 680 1597 687 -
1612 672 1653 698 Οὐ
1676 670 1721 706 μὴ
1736 678 1828 697 κατα-

1025 719 1113 752 μείνῃ
1126 718 1160 745 τὸ
1174 717 1292 751 πνεῦμά
1308 726 1368 752 μου
1380 717 1415 744 ἐν
1434 717 1496 751 τοῖς
1515 716 1699 752 ἀνθρώποις,
1715 716 1768 743 διὰ
1793 715 1827 743 τὸ

1026 762 1102 791 εἶναι
1114 764 1225 796 αὐτοὺς
1234 763 1364 797 σάρκας.

1069 810 1098 836 '0
1112 809 1257 837 ἀποϐαλὼν
1269 830 1277 842 ,
1290 809 1357 844 φησι
1370 829 1377 841 ,
1399 808 1498 835 κακίαν
1512 806 1594 834 αὐτοῦ
1605 826 1612 838 ,
1628 807 1675 834 καὶ
1690 807 1762 843 πρὸς
1776 808 1827 834 αὺ-

1026 856 1076 892 τὴν
1091 856 1172 883 πάλιν
1198 855 1383 891 ἐπιστρέψας,
1409 854 1502 890 ὅμοιός
1530 854 1589 880 ἐστι
1618 854 1680 880 κυνὶ
1703 853 1826 880 ἐσθίοντι

1027 902 1072 929 τὸν
1085 902 1150 929 ἴδιον
1164 902 1275 937 ἐμετόν·
1290 899 1334 928 οἷα
1352 899 1414 937 ἦνή
1430 900 1477 927 τοῦ
1494 900 1556 927 Λὼτ
1572 899 1641 935 γυνὴ
1654 920 1661 933 ,
1680 900 1731 926 καὶ
1752 900 1825 934 πρὸς

1026 948 1055 975 ὃν
1068 948 1098 975 τὸ
1113 948 1267 984 ἀκάθαρτον
1288 947 1396 983 πνεῦμα
1411 947 1588 982 ἐπέστρεψεν.

1059 994 1200 1031 Χρηστέον
1210 994 1298 1030 τούτῳ
1311 993 1350 1029 τῷ
1366 993 1440 1029 ῥητῷ
1456 993 1523 1029 πρὸς
1542 993 1605 1024 τοὺς
1618 991 1826 1028 ψηφιζομένους

1025 1041 1102 1072 τινας
1116 1040 1170 1068 τῶν
1181 1040 1298 1073 ἀναξίων
1317 1040 1346 1066 ἐν
1362 1039 1505 1075 ἱερωσύνῃ,
1519 1038 1536 1074 ἢ
1551 1038 1580 1064 ὲν
1590 1038 1683 1073 κλήρῳ
1694 1046 1701 1052 ·
1722 1037 1754 1064 οὺ
1768 1037 1825 1072 γὰρ

1026 1089 1058 1115 ἐκ
1067 1088 1120 1114 τῶν
1134 1087 1195 1115 καθ’
1207 1088 1282 1124 ἡμᾶς
1296 1095 1339 1119 τις
1352 1086 1401 1121 τὴν
1424 1085 1622 1120 δικαιοκρισίαν
1642 1084 1689 1111 καὶ
1714 1083 1823 1110 ἐλευθε-

1027 1134 1087 1171 ρεαν
1111 1134 1161 1170 τῆς
1184 1133 1345 1169 Ἐκκλησίας
1371 1132 1566 1168 ἐποιήσατο-ἦ
1589 1130 1711 1167 ἡμετέρα
1734 1130 1823 1161 ἐστὶν,

1026 1180 1094 1207 ἀλλά
1105 1179 1234 1216 Χριστοῦ,
1247 1180 1280 1206 δι’
1294 1179 1327 1214 ἣν
1344 1178 1434 1212 ἔκρινε
1449 1177 1596 1208 δικαιώσας
1615 1176 1710 1203 ἑαυτὸν
1728 1176 1822 1211 σφαγῇ

1025 1226 1148 1261 δοθῆναι,
1175 1226 1222 1253 καὶ
1239 1224 1352 1261 χυθῆναι
1373 1225 1403 1251 τὸ
1424 1222 1494 1259 αἷμα
1520 1223 1602 1250 αὑτοῦ
1623 1222 1692 1257 ὑπὲρ
1713 1222 1822 1256 αὐτῆς·

1025 1271 1095 1299 οὕτω
1113 1271 1181 1298 καὶό
1194 1272 1248 1302 πᾶς
1263 1279 1305 1302 τις
1322 1270 1484 1306 Ἐκκλησίας
1503 1269 1600 1300 οἴακας
1615 1266 1822 1303 ἐγκεχειρίσθαι

1024 1317 1176 1352 ἐπιθυμῶν,
1193 1316 1294 1351 ὀφείλει
1312 1316 1408 1343 ἑαυτὸν
1422 1315 1545 1342 ἐκδοῦναι
1559 1335 1566 1347 ,
1583 1315 1630 1341 καὶ
1644 1314 1693 1348 τῆς
1717 1313 1823 1348 κέρκου

1024 1363 1071 1390 τοῦ
1085 1361 1205 1398 πονηροῦ
1228 1362 1365 1398 κρατῆσαι
1376 1383 1382 1395 ,
1398 1362 1444 1388 καὶ
1457 1362 1520 1393 τοὺς
1534 1361 1587 1387 ὑπὸ
1601 1360 1650 1395 τὴν
1667 1358 1752 1386 αὑτοῦ
1770 1367 1822 1386 κα-

1024 1410 1087 1437 κίαν
1099 1408 1292 1445 ἐλευθερῶσαι,
1305 1409 1351 1435 καὶ
1364 1409 1402 1440 εἰς
1414 1408 1463 1444 τὴν
1479 1407 1526 1434 τοῦ
1540 1406 1657 1442 Χριστοῦ
1671 1405 1822 1440 ἐπίγνωσιν

1024 1457 1221 1492 προσαγαγεῖν.

1061 1503 1165 1538 Ὥσπερ
1188 1503 1217 1528 ὲν
1235 1501 1323 1534 ξύλοις
1345 1500 1375 1526 τὺ
1392 1499 1457 1535 πῦρ,
1472 1498 1559 1531 οὕτως
1582 1499 1611 1525 ἐν
1628 1499 1757 1534 πονηροῖς
1773 1498 1821 1524 λιι-ν

1023 1550 1132 1585 γισμοῖς
1156 1548 1247 1575 eam
1266 1547 1313 1574 καὶ
1338 1546 1411 1573 καίει
1431 1546 1445 1571 ὁ
1463 1545 1531 1581 πρὸς
1554 1544 1589 1571 τὰ
1610 1544 1683 1580 πάθη
1701 1544 1748 1570 τοῦ
1771 1552 1820 1570 νου

1023 1594 1122 1630 θυμός·
1138 1595 1205 1622 ὃπου
1218 1594 1246 1620 δὲ
1262 1593 1311 1619 οὐκ
1327 1592 1384 1619 ἐστι
1400 1591 1528 1627 δίθυμος,
1547 1590 1672 1617 τουτέστι
1693 1590 1818 1624 δίψυχος.

1022 1641 1079 1668 ἀλλ’
1100 1641 1116 1677 ἢ
1134 1640 1172 1676 τῷ
1193 1639 1263 1675 Θεῷ,
1284 1639 1300 1674 ἢ
1319 1638 1359 1674 τῷ
1378 1638 1530 1674 μαμμωνᾷ,
1552 1636 1773 1672 ἡσυχασθήσεται
1788 1635 1821 1668 ὲε

1022 1687 1104 1715 αὐτοῦ
1125 1688 1156 1714 τὺ
1171 1687 1200 1713 ἓν
1216 1686 1263 1713 τοῦ
1283 1686 1392 1720 ἐτέρου·
1408 1684 1424 1720 ἥ
1438 1684 1468 1710 τὸ
1492 1683 1537 1710 τοῦ
1561 1683 1628 1710 Θεοῦ
1650 1683 1819 1718 πρόσταγμα

1021 1734 1146 1769 νικῆσαν,
1168 1733 1198 1760 τὸ
1213 1732 1260 1759 τοῦ
1278 1730 1396 1766 πονηροῦ
1422 1731 1587 1766 τακήσεται,
1609 1729 1657 1756 καὶ
1675 1730 1708 1764 τῇ
1730 1728 1819 1764 κακία.

1021 1779 1262 1816 προσειρηνεύσει·
1281 1778 1329 1805 ἐὰν
1342 1778 1370 1804 δὲ
1384 1777 1417 1804 τὰ
1431 1777 1478 1804 δύο
1491 1777 1589 1807 ἕλοιτο,
1609 1776 1657 1802 καὶ
1676 1775 1725 1810 τῆς
1742 1774 1818 1810 ζωῆς

1020 1827 1141 1860 ἐκπέσοι,
1157 1826 1204 1853 καὶ
1218 1825 1273 1852 τῶν
1287 1824 1462 1860 προσκαίρων
1479 1822 1690 1858 στερηθήσεται.

1056 1873 1138 1908 Χείλη
1163 1872 1280 1900 ἐνταῦθα
1305 1873 1367 1903 τοὺς
1393 1870 1540 1906 λογισμούς
1564 1877 1664 1905 φησιν’
1691 1869 1705 1895 ὁ
1724 1868 1752 1896 δὲ
1779 1868 1817 1895 τὰ

1019 1920 1095 1955 χείλη
1115 1919 1162 1947 τοῦ
1184 1919 1229 1946 νοῦ
1248 1920 1284 1955 μὴ
1303 1918 1418 1953 ἀνοίγων
1438 1917 1507 1944 κατά
1524 1915 1571 1943 τοῦ
1593 1916 1724 1952 πονηροῦ,
1745 1916 1816 1952 πρὸς

1018 1966 1064 1992 τὸν
1080 1966 1147 1992 Θεὸν
1169 1964 1416 2000 ἐξομολογούμενος
1431 1963 1464 1990 τά
1483 1962 1566 1995 κακὰ,
1580 1963 1630 1989 ὅσα
1646 1962 1815 1998 ἐνσπείρειεν

1019 2011 1093 2047 αὐτῷ
1112 2011 1182 2038 κατὰ
1198 2011 1245 2038 τοῦ
1262 2010 1341 2042 Θεοῦ,
1360 2010 1427 2037 ἁλλά
1443 2010 1570 2049 κρύπτει,
1591 2009 1664 2045 λύπῃ
1682 2008 1814 2035 καλύπτει

1019 2057 1115 2084 ἑαυτοῦ
1142 2057 1267 2093 καρδίαν,
1289 2056 1319 2089 ἐξ
1347 2054 1505 2090 ἀφροσύνης
1533 2054 1570 2090 μὴ
1596 2053 1713 2089 νομίζων
1740 2053 1813 2087 ἔχειν

1018 2104 1169 2140 ἁμάρτημα
1189 2104 1218 2129 ἐν
1234 2102 1356 2133 τούτοις·
1376 2102 1427 2128 οὐκ
1450 2099 1529 2133 εἰδὼς
1546 2101 1595 2137 τὴν
1615 2100 1662 2127 τοῦ
1681 2099 1747 2126 Θεοῦ
1768 2099 1814 2126 εὐ-

1019 2150 1199 2185 σπλαγχνίαν·
1216 2150 1255 2176 ὅτι
1279 2148 1377 2184 μᾶλλον
1395 2149 1451 2179 τοῖς
1467 2147 1555 2180 οὕτως
1576 2148 1739 2183 ὑπομένουσι
1765 2147 1814 2173 καὶ

180 2190 262 2223 tibus,
282 2197 399 2217 coronas
419 2190 524 2222 tribuit,
551 2198 600 2218 ceu
630 2191 752 2226 quotidie
776 2197 888 2228 propter
903 2201 964 2222 eum
982 2187 984 2214 ἶ

1043 2195 1225 2230 ξαγγὲλλουσιν
1241 2194 1315 2230 αὐτῷ
1333 2193 1435 2226 ταῦτα,
1458 2187 1612 2229 στεφάνους
1631 2193 1760 2228 ἀπονέμει
1775 2193 1814 2225 ὼς

178 2235 378 2265 dimicantibus.

1020 2242 1080 2270 καθ’
1092 2241 1209 2277 ἑκάστην
1222 2241 1332 2269 ἁθλοῦσι
1346 2240 1379 2267 δι’
1391 2240 1473 2266 αὐτόν

891 2289 967 2319 CAP.
987 2289 1095 2318 XXVII.

215 2332 351 2363 J1llliulit,
367 2340 414 2366 pro
428 2335 532 2367 gaudet,
545 2334 687 2362 intellexit.
701 2334 766 2360 Nam
783 2344 846 2370 pura
862 2338 964 2371 anima,

179 2380 240 2405 dum
250 2378 425 2405 deliciaturin
439 2379 552 2406 scientia
565 2380 778 2414 Scripturarum,
790 2383 887 2416 gaudet
897 2384 964 2410 bene

178 2429 280 2451 sutura.
297 2424 330 2449 At
347 2424 451 2457 impura
468 2425 556 2450 anima
582 2424 676 2452 falsam
693 2434 799 2460 quoque
820 2428 962 2456 scientiam

178 2475 253 2500 putat
269 2470 380 2496 omnino
394 2478 454 2497 esse
474 2478 576 2496 veram.

214 2517 235 2532 ⁸⁸
250 2516 295 2542 Vel
313 2517 400 2543 cordis
417 2516 502 2547 locus,
519 2521 559 2542 est
575 2517 660 2544 virtus
673 2525 704 2544 ac
719 2519 849 2547 scientia:
867 2528 880 2546 a
901 2521 962 2555 qui-

177 2565 226 2590 bus
238 2563 371 2590 alienatus
386 2563 477 2594 homo,
491 2562 587 2589 incidit
604 2564 630 2589 in
648 2565 795 2597 nequitiam
813 2572 893 2599 atque
923 2567 963 2592 iu-

177 2609 292 2641 scitiatn,
321 2609 402 2643 ﬁtque
419 2616 512 2635 servus
539 2609 641 2641 peccati
670 2610 740 2643 quod
769 2616 869 2644 patrat.
894 2611 961 2638 Nam

176 2660 309 2686 quatenus
330 2656 410 2683 homo
425 2655 565 2682 rationalis
579 2660 631 2687 cst,
647 2655 720 2682 locus
735 2656 793 2690 ejus
808 2657 892 2684 virtus
909 2662 961 2684 est.

211 2809 232 2821 ’⁸
248 2815 271 2833 v.
296 2807 320 2834 7.

175 2841 195 2856 ³⁷
212 2851 234 2869 t.
250 2843 273 2868 7.
314 2843 335 2858 ³⁸
349 2849 373 2872 v.
389 2846 415 2871 δ,

361 2809 420 2834 “tu
440 2809 464 2836 S.
506 2810 526 2825 ³⁸
554 2818 576 2836 v.
599 2810 638 2839 l0.
680 2810 698 2826 “
714 2810 779 2838 Luc.
798 2818 838 2842 Ill,
865 2812 890 2838 6.
931 2811 951 2827 ²²
971 2811 1040 2839 Gen.
1064 2813 1135 2845 vt,3.

1063 2338 1217 2373 Ἐμπίίίᾷι,
1239 2339 1299 2364 ἀντὶ
1313 2336 1359 2363 τοῦ
1376 2338 1485 2373 χαίρει,
1498 2340 1527 2379 ﬁt
1535 2343 1605 2372 αδει

1018 2385 1102 2420 Οαρά,
1135 2384 1335 2420 κατατρυφῶσα
1366 2384 1417 2420 τῆς
1447 2382 1590 2425 ὡς

1614 2391 1671 2421 τῶν
1682 2391 1691 2405 ιη
1702 2398 1707 2410 ,Α
1721 2400 1723 2402 ,
1810 2397 1812 2402 ,

1683 2417 1696 2424 -
1814 2418 1820 2420 _

1834 2598 1852 2609 η

1526 2702 1529 2703 ,
1556 2668 1562 2672 ’
1795 2670 1837 2722 ζει

1494 2745 1513 2762 ..ἱ
1527 2761 1531 2764 ,

1473 2785 1491 2802 ,

1017 2431 1106 2465 χαίρει
1127 2430 1335 2466 ἐμπιπλαμένη¹
1358 2431 1385 2466 ψ·

1016 2476 1134 2509 ψευδώνυ
1140 2485 1187 2511 μον
1204 2476 1313 2509 γνῶσιν,
1328 2476 1367 2502 ἀλ

1054 2523 1088 2548 Ἢ
1103 2523 1184 2553 τόπος
1201 2521 1324 2557 καρδίας,
1348 2523 1351 2524 ⁷

1016 2567 1141 2601 ξενωθεὶς
1160 2568 1302 2603 ἄνθρωπος

1016 2614 1062 2640 καὶ
1077 2613 1180 2647 γίνεται
1198 2614 1287 2646 δοῦλοί

1015 2660 1069 2695 γὰρ
1084 2660 1191 2694 λογικός
1208 2661 1275 2688 ἐστι.
