  <div class='ocr_page' id='page_1' title='image "/cluster/home/n/w/nwhite01/storage/ocr_20150623/17/njp.32101010944583/151.png"; bbox 0 0 1919 3074; ppageno 0'>
   <div class='ocr_carea' id='block_1_1' title="bbox 191 139 246 167">
    <p class='ocr_par' dir='ltr' id='par_1_1' title="bbox 191 139 246 167">
     <span class='ocr_line' id='line_1_1' title="bbox 191 139 246 167; baseline 0 0"><span class='ocrx_word' id='word_1_1' title='bbox 191 139 246 167; x_wconf 70' lang='grc'><strong>243</strong></span> 
     </span>
    </p>
   </div>
   <div class='ocr_carea' id='block_1_2' title="bbox 624 139 1375 175">
    <p class='ocr_par' dir='ltr' id='par_1_2' title="bbox 624 139 1375 175">
     <span class='ocr_line' id='line_1_2' title="bbox 624 139 1375 175; baseline 0.012 -9"><span class='ocrx_word' id='word_1_2' title='bbox 624 139 853 168; x_wconf 81' lang='lat' dir='ltr'><strong>SUPPLEMENT</strong></span> <span class='ocrx_word' id='word_1_3' title='bbox 861 140 908 168; x_wconf 85' lang='lat' dir='ltr'><strong>UM</strong></span> <span class='ocrx_word' id='word_1_4' title='bbox 926 141 973 168; x_wconf 76' lang='lat' dir='ltr'><strong>AD</strong></span> <span class='ocrx_word' id='word_1_5' title='bbox 988 141 1152 173; x_wconf 72' lang='lat' dir='ltr'><strong>ORlGENlS</strong></span> <span class='ocrx_word' id='word_1_6' title='bbox 1167 145 1375 175; x_wconf 75' lang='lat' dir='ltr'><strong>EXEGETICA.</strong></span> 
     </span>
    </p>
   </div>
   <div class='ocr_carea' id='block_1_3' title="bbox 1759 149 1818 178">
    <p class='ocr_par' dir='ltr' id='par_1_3' title="bbox 1759 149 1818 178">
     <span class='ocr_line' id='line_1_3' title="bbox 1759 149 1818 178; baseline 0 0"><span class='ocrx_word' id='word_1_7' title='bbox 1759 149 1818 178; x_wconf 64' lang='lat'><strong>‘3“</strong></span> 
     </span>
    </p>
   </div>
   <div class='ocr_carea' id='block_1_4' title="bbox 193 196 987 243">
    <p class='ocr_par' dir='ltr' id='par_1_4' title="bbox 193 196 977 234">
     <span class='ocr_line' id='line_1_4' title="bbox 193 196 977 234; baseline 0.006 -11"><span class='ocrx_word' id='word_1_8' title='bbox 193 201 271 224; x_wconf 60' lang='lat' dir='ltr'><strong>terra:</strong></span> <span class='ocrx_word' id='word_1_9' title='bbox 288 196 394 231; x_wconf 80' lang='lat' dir='ltr'><strong>faciem,</strong></span> <span class='ocrx_word' id='word_1_10' title='bbox 410 196 534 224; x_wconf 87' lang='lat' dir='ltr'><strong>nutriens</strong></span> <span class='ocrx_word' id='word_1_11' title='bbox 547 204 579 224; x_wconf 91' lang='lat' dir='ltr'><strong>ac</strong></span> <span class='ocrx_word' id='word_1_12' title='bbox 593 198 735 226; x_wconf 84' lang='lat' dir='ltr'><strong>vivillcans</strong></span> <span class='ocrx_word' id='word_1_13' title='bbox 748 199 838 234; x_wconf 72' lang='lat' dir='ltr'><strong>fruges</strong></span> <span class='ocrx_word' id='word_1_14' title='bbox 854 199 923 233; x_wconf 83' lang='lat' dir='ltr'><strong>eius.</strong></span> <span class='ocrx_word' id='word_1_15' title='bbox 943 200 977 227; x_wconf 87' lang='lat' dir='ltr'><strong>Et</strong></span> 
     </span>
    </p>
   </div>
   <div class='ocr_carea' id='block_1_5' title="bbox 1034 196 1820 243">
    <p class='ocr_par' dir='ltr' id='par_1_5' title="bbox 1034 202 1820 243">
     <span class='ocr_line' id='line_1_5' title="bbox 1034 202 1820 243; baseline 0.006 -14"><span class='ocrx_word' id='word_1_16' title='bbox 1034 202 1141 236; x_wconf 78' lang='grc' dir='ltr'><strong>εὐθαλὲς</strong></span> <span class='ocrx_word' id='word_1_17' title='bbox 1156 204 1186 231; x_wconf 79' lang='grc' dir='ltr'><strong>τὸ</strong></span> <span class='ocrx_word' id='word_1_18' title='bbox 1205 205 1349 240; x_wconf 81' lang='grc' dir='ltr'>πρόσωπον</span> <span class='ocrx_word' id='word_1_19' title='bbox 1364 205 1413 240; x_wconf 83' lang='grc' dir='ltr'><strong>τῆς</strong></span> <span class='ocrx_word' id='word_1_20' title='bbox 1428 205 1490 241; x_wconf 82' lang='grc' dir='ltr'>γῆς,</span> <span class='ocrx_word' id='word_1_21' title='bbox 1507 205 1554 233; x_wconf 81' lang='grc' dir='ltr'>καὶ</span> <span class='ocrx_word' id='word_1_22' title='bbox 1568 206 1674 243; x_wconf 73' lang='grc' dir='ltr'><strong>τρέφων</strong></span> <span class='ocrx_word' id='word_1_23' title='bbox 1688 206 1736 234; x_wconf 77' lang='grc' dir='ltr'>καὶ</span> <span class='ocrx_word' id='word_1_24' title='bbox 1752 207 1820 239; x_wconf 81' lang='grc' dir='ltr'><strong>ζωο-</strong></span> 
     </span>
    </p>
   </div>
   <div class='ocr_carea' id='block_1_6' title="bbox 191 243 977 280">
    <p class='ocr_par' dir='ltr' id='par_1_6' title="bbox 191 243 977 280">
     <span class='ocr_line' id='line_1_6' title="bbox 191 243 977 280; baseline 0.005 -10"><span class='ocrx_word' id='word_1_25' title='bbox 191 243 339 271; x_wconf 78' lang='lat' dir='ltr'><strong>vehemens</strong></span> <span class='ocrx_word' id='word_1_26' title='bbox 353 243 473 278; x_wconf 85' lang='lat' dir='ltr'><strong>quidem,</strong></span> <span class='ocrx_word' id='word_1_27' title='bbox 488 243 670 278; x_wconf 85' lang='lat' dir='ltr'><strong>pessumdatis</strong></span> <span class='ocrx_word' id='word_1_28' title='bbox 695 244 829 280; x_wconf 80' lang='lat' dir='ltr'><strong>frugibus,</strong></span> <span class='ocrx_word' id='word_1_29' title='bbox 854 246 977 275; x_wconf 83' lang='lat' dir='ltr'><strong>homines</strong></span> 
     </span>
    </p>
   </div>
   <div class='ocr_carea' id='block_1_7' title="bbox 191 288 975 326">
    <p class='ocr_par' dir='ltr' id='par_1_7' title="bbox 191 288 975 326">
     <span class='ocr_line' id='line_1_7' title="bbox 191 288 975 326; baseline 0.006 -11"><span class='ocrx_word' id='word_1_30' title='bbox 191 288 272 316; x_wconf 83' lang='lat' dir='ltr'><strong>simul</strong></span> <span class='ocrx_word' id='word_1_31' title='bbox 285 288 455 324; x_wconf 78' lang='lat' dir='ltr'><strong>exstinguit;</strong></span> <span class='ocrx_word' id='word_1_32' title='bbox 472 293 501 317; x_wconf 84' lang='lat' dir='ltr'><strong>at</strong></span> <span class='ocrx_word' id='word_1_33' title='bbox 514 288 590 317; x_wconf 84' lang='lat' dir='ltr'><strong>mitis</strong></span> <span class='ocrx_word' id='word_1_34' title='bbox 612 289 708 318; x_wconf 87' lang='lat' dir='ltr'><strong>alendo</strong></span> <span class='ocrx_word' id='word_1_35' title='bbox 722 290 824 326; x_wconf 77' lang='lat' dir='ltr'><strong>fruges,</strong></span> <span class='ocrx_word' id='word_1_36' title='bbox 838 292 975 320; x_wconf 84' lang='lat' dir='ltr'><strong>hominum</strong></span> 
     </span>
    </p>
   </div>
   <div class='ocr_carea' id='block_1_8' title="bbox 193 334 439 362">
    <p class='ocr_par' dir='ltr' id='par_1_8' title="bbox 193 334 439 362">
     <span class='ocr_line' id='line_1_8' title="bbox 193 334 439 362; baseline 0.004 -2"><span class='ocrx_word' id='word_1_37' title='bbox 193 334 273 361; x_wconf 85' lang='lat' dir='ltr'><strong>vitam</strong></span> <span class='ocrx_word' id='word_1_38' title='bbox 287 338 439 362; x_wconf 84' lang='lat' dir='ltr'><strong>conservat.</strong></span> 
     </span>
    </p>
   </div>
   <div class='ocr_carea' id='block_1_9' title="bbox 228 424 977 463">
    <p class='ocr_par' dir='ltr' id='par_1_9' title="bbox 228 424 977 463">
     <span class='ocr_line' id='line_1_9' title="bbox 228 424 977 463; baseline 0.009 -13"><span class='ocrx_word' id='word_1_39' title='bbox 228 424 250 440; x_wconf 68' lang='grc'><strong>⁵⁷</strong></span> <span class='ocrx_word' id='word_1_40' title='bbox 265 424 313 451; x_wconf 86' lang='lat' dir='ltr'><strong>Est</strong></span> <span class='ocrx_word' id='word_1_41' title='bbox 335 424 378 452; x_wconf 87' lang='lat' dir='ltr'><strong>lex</strong></span> <span class='ocrx_word' id='word_1_42' title='bbox 394 425 505 459; x_wconf 84' lang='lat' dir='ltr'><strong>injusta,</strong></span> <span class='ocrx_word' id='word_1_43' title='bbox 521 431 548 454; x_wconf 91' lang='lat' dir='ltr'><strong>et</strong></span> <span class='ocrx_word' id='word_1_44' title='bbox 562 426 627 454; x_wconf 88' lang='lat' dir='ltr'><strong>item</strong></span> <span class='ocrx_word' id='word_1_45' title='bbox 645 427 689 454; x_wconf 96' lang='lat' dir='ltr'><strong>lex</strong></span> <span class='ocrx_word' id='word_1_46' title='bbox 703 427 786 463; x_wconf 85' lang='lat' dir='ltr'><strong>justa.</strong></span> <span class='ocrx_word' id='word_1_47' title='bbox 805 427 908 463; x_wconf 84' lang='lat' dir='ltr'><strong>lnjusta</strong></span> <span class='ocrx_word' id='word_1_48' title='bbox 926 429 977 457; x_wconf 86' lang='lat' dir='ltr'><strong>ob-</strong></span> 
     </span>
    </p>
   </div>
   <div class='ocr_carea' id='block_1_10' title="bbox 192 472 975 509">
    <p class='ocr_par' dir='ltr' id='par_1_10' title="bbox 192 472 975 509">
     <span class='ocr_line' id='line_1_10' title="bbox 192 472 975 509; baseline 0.009 -13"><span class='ocrx_word' id='word_1_49' title='bbox 192 474 380 505; x_wconf 91' lang='lat' dir='ltr'><strong>temperantes</strong></span> <span class='ocrx_word' id='word_1_50' title='bbox 395 472 446 499; x_wconf 90' lang='lat' dir='ltr'><strong>sibi</strong></span> <span class='ocrx_word' id='word_1_51' title='bbox 463 472 554 507; x_wconf 87' lang='lat' dir='ltr'><strong>perdit</strong></span> <span class='ocrx_word' id='word_1_52' title='bbox 571 482 578 507; x_wconf 90' lang='lat'><strong>;</strong></span> <span class='ocrx_word' id='word_1_53' title='bbox 593 473 668 507; x_wconf 89' lang='lat' dir='ltr'><strong>justa</strong></span> <span class='ocrx_word' id='word_1_54' title='bbox 688 482 741 502; x_wconf 91' lang='lat' dir='ltr'><strong>non</strong></span> <span class='ocrx_word' id='word_1_55' title='bbox 755 475 834 502; x_wconf 88' lang='lat' dir='ltr'><strong>modo</strong></span> <span class='ocrx_word' id='word_1_56' title='bbox 858 475 975 509; x_wconf 73' lang='lat' dir='ltr'><strong>longitu-</strong></span> 
     </span>
    </p>
   </div>
   <div class='ocr_carea' id='block_1_11' title="bbox 193 516 984 555">
    <p class='ocr_par' dir='ltr' id='par_1_11' title="bbox 193 516 984 555">
     <span class='ocr_line' id='line_1_11' title="bbox 193 516 984 555; baseline 0.008 -13"><span class='ocrx_word' id='word_1_57' title='bbox 193 516 282 543; x_wconf 83' lang='lat' dir='ltr'><strong>dinem</strong></span> <span class='ocrx_word' id='word_1_58' title='bbox 298 517 404 544; x_wconf 85' lang='lat' dir='ltr'><strong>dierum</strong></span> <span class='ocrx_word' id='word_1_59' title='bbox 420 517 526 550; x_wconf 88' lang='lat' dir='ltr'><strong>tribuit,</strong></span> <span class='ocrx_word' id='word_1_60' title='bbox 543 519 591 546; x_wconf 86' lang='lat' dir='ltr'><strong>sed</strong></span> <span class='ocrx_word' id='word_1_61' title='bbox 606 519 690 546; x_wconf 90' lang='lat' dir='ltr'><strong>etiam</strong></span> <span class='ocrx_word' id='word_1_62' title='bbox 706 520 782 555; x_wconf 72' lang='lat' dir='ltr'><strong>regni</strong></span> <span class='ocrx_word' id='word_1_63' title='bbox 799 521 930 548; x_wconf 70' lang='lat' dir='ltr'><strong>caelorum</strong></span> <span class='ocrx_word' id='word_1_64' title='bbox 948 519 984 549; x_wconf 80' lang='lat' dir='ltr'><strong>lit&#39;</strong></span> 
     </span>
    </p>
   </div>
   <div class='ocr_carea' id='block_1_12' title="bbox 193 562 975 601">
    <p class='ocr_par' dir='ltr' id='par_1_12' title="bbox 193 562 975 601">
     <span class='ocr_line' id='line_1_12' title="bbox 193 562 975 601; baseline 0.009 -13"><span class='ocrx_word' id='word_1_65' title='bbox 193 562 320 589; x_wconf 81' lang='lat' dir='ltr'><strong>donatrix</strong></span> <span class='ocrx_word' id='word_1_66' title='bbox 343 563 595 598; x_wconf 82' lang='lat' dir='ltr'><strong>obtemperantibus</strong></span> <span class='ocrx_word' id='word_1_67' title='bbox 622 565 685 596; x_wconf 87' lang='lat' dir='ltr'><strong>sibi.</strong></span> <span class='ocrx_word' id='word_1_68' title='bbox 705 567 769 601; x_wconf 83' lang='lat' dir='ltr'><strong>quia</strong></span> <span class='ocrx_word' id='word_1_69' title='bbox 782 566 834 597; x_wconf 83' lang='lat' dir='ltr'><strong>,lex</strong></span> <span class='ocrx_word' id='word_1_70' title='bbox 855 567 903 594; x_wconf 87' lang='lat' dir='ltr'><strong>Dei</strong></span> <span class='ocrx_word' id='word_1_71' title='bbox 924 573 975 595; x_wconf 83' lang='lat' dir='ltr'><strong>est.</strong></span> 
     </span>
    </p>
   </div>
   <div class='ocr_carea' id='block_1_13' title="bbox 192 607 976 646">
    <p class='ocr_par' dir='ltr' id='par_1_13' title="bbox 192 607 976 646">
     <span class='ocr_line' id='line_1_13' title="bbox 192 607 976 646; baseline 0.008 -12"><span class='ocrx_word' id='word_1_72' title='bbox 192 607 321 642; x_wconf 84' lang='lat' dir='ltr'><strong>Quisquis</strong></span> <span class='ocrx_word' id='word_1_73' title='bbox 340 616 404 636; x_wconf 90' lang='lat' dir='ltr'><strong>vero</strong></span> <span class='ocrx_word' id='word_1_74' title='bbox 420 609 503 636; x_wconf 87' lang='lat' dir='ltr'><strong>Deum</strong></span> <span class='ocrx_word' id='word_1_75' title='bbox 520 615 604 642; x_wconf 88' lang='lat' dir='ltr'><strong>amat,</strong></span> <span class='ocrx_word' id='word_1_76' title='bbox 622 611 709 646; x_wconf 77' lang='lat' dir='ltr'><strong>legent</strong></span> <span class='ocrx_word' id='word_1_77' title='bbox 725 619 834 646; x_wconf 88' lang='lat' dir='ltr'><strong>quoque</strong></span> <span class='ocrx_word' id='word_1_78' title='bbox 856 612 976 646; x_wconf 83' lang='lat' dir='ltr'><strong>ejusdem</strong></span> 
     </span>
    </p>
   </div>
   <div class='ocr_carea' id='block_1_14' title="bbox 194 654 977 693">
    <p class='ocr_par' dir='ltr' id='par_1_14' title="bbox 194 654 977 693">
     <span class='ocr_line' id='line_1_14' title="bbox 194 654 977 693; baseline 0.01 -15"><span class='ocrx_word' id='word_1_79' title='bbox 194 658 286 685; x_wconf 85' lang='lat' dir='ltr'><strong>amat;</strong></span> <span class='ocrx_word' id='word_1_80' title='bbox 299 658 325 680; x_wconf 89' lang='lat' dir='ltr'><strong>et</strong></span> <span class='ocrx_word' id='word_1_81' title='bbox 340 661 401 688; x_wconf 60' lang='lat' dir='ltr'><strong>quae</strong></span> <span class='ocrx_word' id='word_1_82' title='bbox 426 654 467 682; x_wconf 84' lang='lat' dir='ltr'><strong>lex</strong></span> <span class='ocrx_word' id='word_1_83' title='bbox 491 656 611 688; x_wconf 83' lang='lat' dir='ltr'><strong>mandat,</strong></span> <span class='ocrx_word' id='word_1_84' title='bbox 626 661 762 690; x_wconf 81' lang='lat' dir='ltr'><strong>operatur.</strong></span> <span class='ocrx_word' id='word_1_85' title='bbox 780 657 839 685; x_wconf 75' lang='lat' dir='ltr'><strong>Jam</strong></span> <span class='ocrx_word' id='word_1_86' title='bbox 854 659 977 693; x_wconf 84' lang='lat' dir='ltr'><strong>quisquis</strong></span> 
     </span>
    </p>
   </div>
   <div class='ocr_carea' id='block_1_15' title="bbox 192 697 977 738">
    <p class='ocr_par' dir='ltr' id='par_1_15' title="bbox 192 697 977 738">
     <span class='ocr_line' id='line_1_15' title="bbox 192 697 977 738; baseline 0.013 -15"><span class='ocrx_word' id='word_1_87' title='bbox 192 697 243 732; x_wconf 77' lang='lat' dir='ltr'><strong>legi</strong></span> <span class='ocrx_word' id='word_1_88' title='bbox 262 706 363 726; x_wconf 87' lang='lat' dir='ltr'><strong>morem</strong></span> <span class='ocrx_word' id='word_1_89' title='bbox 378 701 458 734; x_wconf 84' lang='lat' dir='ltr'><strong>gerit,</strong></span> <span class='ocrx_word' id='word_1_90' title='bbox 476 702 710 735; x_wconf 74' lang='lat' dir='ltr'><strong>perturbationum</strong></span> <span class='ocrx_word' id='word_1_91' title='bbox 737 704 856 738; x_wconf 88' lang='lat' dir='ltr'><strong>quietem</strong></span> <span class='ocrx_word' id='word_1_92' title='bbox 881 712 977 733; x_wconf 89' lang='lat' dir='ltr'><strong>conse-</strong></span> 
     </span>
    </p>
   </div>
   <div class='ocr_carea' id='block_1_16' title="bbox 193 745 977 786">
    <p class='ocr_par' dir='ltr' id='par_1_16' title="bbox 193 745 977 786">
     <span class='ocr_line' id='line_1_16' title="bbox 193 745 977 786; baseline 0.013 -17"><span class='ocrx_word' id='word_1_93' title='bbox 193 745 285 779; x_wconf 92' lang='lat' dir='ltr'><strong>quitur</strong></span> <span class='ocrx_word' id='word_1_94' title='bbox 297 750 324 772; x_wconf 92' lang='lat' dir='ltr'><strong>et</strong></span> <span class='ocrx_word' id='word_1_95' title='bbox 340 746 386 773; x_wconf 92' lang='lat' dir='ltr'><strong>Dei</strong></span> <span class='ocrx_word' id='word_1_96' title='bbox 404 747 583 782; x_wconf 69' lang='lat' dir='ltr'><strong>agnitionem.</strong></span> <span class='ocrx_word' id='word_1_97' title='bbox 609 749 685 782; x_wconf 84' lang='lat' dir='ltr'><strong>Quod</strong></span> <span class='ocrx_word' id='word_1_98' title='bbox 706 750 730 777; x_wconf 91' lang='lat' dir='ltr'><strong>si</strong></span> <span class='ocrx_word' id='word_1_99' title='bbox 754 750 821 786; x_wconf 72' lang='lat' dir='ltr'><strong>legis</strong></span> <span class='ocrx_word' id='word_1_100' title='bbox 842 755 977 780; x_wconf 88' lang='lat' dir='ltr'><strong>antatores</strong></span> 
     </span>
    </p>
   </div>
   <div class='ocr_carea' id='block_1_17' title="bbox 194 794 976 832">
    <p class='ocr_par' dir='ltr' id='par_1_17' title="bbox 194 794 976 832">
     <span class='ocr_line' id='line_1_17' title="bbox 194 794 976 832; baseline 0.01 -14"><span class='ocrx_word' id='word_1_101' title='bbox 194 799 272 818; x_wconf 84' lang='lat' dir='ltr'><strong>muro</strong></span> <span class='ocrx_word' id='word_1_102' title='bbox 289 799 318 818; x_wconf 90' lang='lat' dir='ltr'><strong>se</strong></span> <span class='ocrx_word' id='word_1_103' title='bbox 337 794 536 827; x_wconf 85' lang='lat' dir='ltr'><strong>communiunt,</strong></span> <span class='ocrx_word' id='word_1_104' title='bbox 553 802 625 821; x_wconf 84' lang='lat' dir='ltr'><strong>nunc</strong></span> <span class='ocrx_word' id='word_1_105' title='bbox 639 803 733 822; x_wconf 90' lang='lat' dir='ltr'><strong>murus</strong></span> <span class='ocrx_word' id='word_1_106' title='bbox 748 797 867 830; x_wconf 87' lang='lat' dir='ltr'><strong>quietem</strong></span> <span class='ocrx_word' id='word_1_107' title='bbox 883 805 897 824; x_wconf 92' lang='lat' dir='ltr'><strong>a</strong></span> <span class='ocrx_word' id='word_1_108' title='bbox 913 805 976 832; x_wconf 90' lang='lat' dir='ltr'><strong>per-</strong></span> 
     </span>
    </p>
   </div>
   <div class='ocr_carea' id='block_1_18' title="bbox 193 835 977 877">
    <p class='ocr_par' dir='ltr' id='par_1_18' title="bbox 193 835 977 877">
     <span class='ocr_line' id='line_1_18' title="bbox 193 835 977 877; baseline 0.011 -16"><span class='ocrx_word' id='word_1_109' title='bbox 193 836 395 864; x_wconf 83' lang='lat' dir='ltr'><strong>turbationibus</strong></span> <span class='ocrx_word' id='word_1_110' title='bbox 409 839 556 873; x_wconf 80' lang='lat' dir='ltr'><strong>signiﬁcat,</strong></span> <span class='ocrx_word' id='word_1_111' title='bbox 570 844 598 867; x_wconf 90' lang='lat' dir='ltr'><strong>et</strong></span> <span class='ocrx_word' id='word_1_112' title='bbox 613 840 659 868; x_wconf 88' lang='lat' dir='ltr'><strong>Del</strong></span> <span class='ocrx_word' id='word_1_113' title='bbox 675 835 817 868; x_wconf 74' lang='lat' dir='ltr'><strong>scientiam</strong></span> <span class='ocrx_word' id='word_1_114' title='bbox 831 850 839 875; x_wconf 93' lang='lat'><strong>;</strong></span> <span class='ocrx_word' id='word_1_115' title='bbox 857 849 919 877; x_wconf 75' lang='lat' dir='ltr'><strong>quae</strong></span> <span class='ocrx_word' id='word_1_116' title='bbox 932 850 977 870; x_wconf 89' lang='lat' dir='ltr'><strong>so-</strong></span> 
     </span>
    </p>
   </div>
   <div class='ocr_carea' id='block_1_19' title="bbox 193 883 837 923">
    <p class='ocr_par' dir='ltr' id='par_1_19' title="bbox 193 883 837 923">
     <span class='ocr_line' id='line_1_19' title="bbox 193 883 837 923; baseline 0.011 -14"><span class='ocrx_word' id='word_1_117' title='bbox 193 883 226 910; x_wconf 64' lang='lat' dir='ltr'><strong>lae</strong></span> <span class='ocrx_word' id='word_1_118' title='bbox 244 884 406 911; x_wconf 85' lang='lat' dir='ltr'><strong>rationalem</strong></span> <span class='ocrx_word' id='word_1_119' title='bbox 425 890 553 913; x_wconf 86' lang='lat' dir='ltr'><strong>naturam</strong></span> <span class='ocrx_word' id='word_1_120' title='bbox 572 887 712 915; x_wconf 79' lang='lat' dir='ltr'><strong>custodire</strong></span> <span class='ocrx_word' id='word_1_121' title='bbox 725 893 837 923; x_wconf 88' lang='lat' dir='ltr'><strong>queunt.</strong></span> 
     </span>
    </p>
   </div>
   <div class='ocr_carea' id='block_1_20' title="bbox 229 973 981 1013">
    <p class='ocr_par' dir='ltr' id='par_1_20' title="bbox 229 973 981 1013">
     <span class='ocr_line' id='line_1_20' title="bbox 229 973 981 1013; baseline 0.009 -13"><span class='ocrx_word' id='word_1_122' title='bbox 229 973 253 989; x_wconf 79' lang='grc'><strong>⁸⁸</strong></span> <span class='ocrx_word' id='word_1_123' title='bbox 266 973 294 1000; x_wconf 92' lang='lat' dir='ltr'><strong>Si</strong></span> <span class='ocrx_word' id='word_1_124' title='bbox 310 974 414 1002; x_wconf 81' lang='lat' dir='ltr'><strong>divitiae</strong></span> <span class='ocrx_word' id='word_1_125' title='bbox 428 980 490 1003; x_wconf 88' lang='lat' dir='ltr'><strong>sunt</strong></span> <span class='ocrx_word' id='word_1_126' title='bbox 506 976 650 1011; x_wconf 85' lang='lat' dir='ltr'><strong>impiorum</strong></span> <span class='ocrx_word' id='word_1_127' title='bbox 669 978 802 1013; x_wconf 85' lang='lat' dir='ltr'><strong>nequitia,</strong></span> <span class='ocrx_word' id='word_1_128' title='bbox 820 979 873 1006; x_wconf 85' lang='lat' dir='ltr'><strong>viri</strong></span> <span class='ocrx_word' id='word_1_129' title='bbox 889 983 981 1007; x_wconf 91' lang='lat' dir='ltr'><strong>autem</strong></span> 
     </span>
    </p>
   </div>
   <div class='ocr_carea' id='block_1_21' title="bbox 195 1019 981 1058">
    <p class='ocr_par' dir='ltr' id='par_1_21' title="bbox 195 1019 981 1058">
     <span class='ocr_line' id='line_1_21' title="bbox 195 1019 981 1058; baseline 0.01 -14"><span class='ocrx_word' id='word_1_130' title='bbox 195 1019 332 1053; x_wconf 80' lang='lat' dir='ltr'><strong>sapientes</strong></span> <span class='ocrx_word' id='word_1_131' title='bbox 356 1027 405 1047; x_wconf 88' lang='lat' dir='ltr'><strong>eas</strong></span> <span class='ocrx_word' id='word_1_132' title='bbox 421 1021 563 1055; x_wconf 88' lang='lat' dir='ltr'><strong>abjiciunt,</strong></span> <span class='ocrx_word' id='word_1_133' title='bbox 591 1027 666 1056; x_wconf 89' lang='lat' dir='ltr'><strong>patet</strong></span> <span class='ocrx_word' id='word_1_134' title='bbox 682 1024 832 1058; x_wconf 88' lang='lat' dir='ltr'><strong>nequitiam</strong></span> <span class='ocrx_word' id='word_1_135' title='bbox 857 1031 981 1058; x_wconf 86' lang='lat' dir='ltr'><strong>pessum-</strong></span> 
     </span>
    </p>
   </div>
   <div class='ocr_carea' id='block_1_22' title="bbox 196 1066 979 1106">
    <p class='ocr_par' dir='ltr' id='par_1_22' title="bbox 196 1066 979 1106">
     <span class='ocr_line' id='line_1_22' title="bbox 196 1066 979 1106; baseline 0.01 -15"><span class='ocrx_word' id='word_1_136' title='bbox 196 1066 254 1092; x_wconf 81' lang='lat' dir='ltr'><strong>dari</strong></span> <span class='ocrx_word' id='word_1_137' title='bbox 271 1073 285 1092; x_wconf 75' lang='grc' dir='ltr'><strong>ιι</strong></span> <span class='ocrx_word' id='word_1_138' title='bbox 299 1066 381 1099; x_wconf 86' lang='lat' dir='ltr'><strong>justis</strong></span> <span class='ocrx_word' id='word_1_139' title='bbox 395 1072 476 1102; x_wconf 85' lang='lat' dir='ltr'><strong>atque</strong></span> <span class='ocrx_word' id='word_1_140' title='bbox 490 1069 672 1102; x_wconf 84' lang='lat' dir='ltr'><strong>sapientibus,</strong></span> <span class='ocrx_word' id='word_1_141' title='bbox 689 1069 752 1096; x_wconf 85' lang='lat' dir='ltr'><strong>dum</strong></span> <span class='ocrx_word' id='word_1_142' title='bbox 770 1078 818 1104; x_wconf 84' lang='lat' dir='ltr'><strong>per</strong></span> <span class='ocrx_word' id='word_1_143' title='bbox 831 1071 979 1106; x_wconf 86' lang='lat' dir='ltr'><strong>spiritalem</strong></span> 
     </span>
    </p>
   </div>
   <div class='ocr_carea' id='block_1_23' title="bbox 194 1106 846 1147">
    <p class='ocr_par' dir='ltr' id='par_1_23' title="bbox 194 1106 846 1147">
     <span class='ocr_line' id='line_1_23' title="bbox 194 1106 846 1147; baseline 0.009 -10"><span class='ocrx_word' id='word_1_144' title='bbox 194 1112 344 1139; x_wconf 82' lang='lat' dir='ltr'><strong>doctrinam</strong></span> <span class='ocrx_word' id='word_1_145' title='bbox 363 1112 483 1147; x_wconf 87' lang='lat' dir='ltr'><strong>impuros</strong></span> <span class='ocrx_word' id='word_1_146' title='bbox 498 1106 531 1140; x_wconf 71' lang='lat' dir='ltr'><strong>ad</strong></span> <span class='ocrx_word' id='word_1_147' title='bbox 550 1113 680 1141; x_wconf 81' lang='lat' dir='ltr'><strong>virtutem</strong></span> <span class='ocrx_word' id='word_1_148' title='bbox 701 1115 846 1143; x_wconf 85' lang='lat' dir='ltr'><strong>reducunt.</strong></span> 
     </span>
    </p>
   </div>
   <div class='ocr_carea' id='block_1_24' title="bbox 229 1156 978 1197">
    <p class='ocr_par' dir='ltr' id='par_1_24' title="bbox 229 1156 978 1197">
     <span class='ocr_line' id='line_1_24' title="bbox 229 1156 978 1197; baseline 0.009 -14"><span class='ocrx_word' id='word_1_149' title='bbox 229 1157 251 1173; x_wconf 77' lang='grc'>⁸³</span> <span class='ocrx_word' id='word_1_150' title='bbox 266 1156 443 1192; x_wconf 81' lang='lat' dir='ltr'><strong>Nequaquam</strong></span> <span class='ocrx_word' id='word_1_151' title='bbox 466 1158 509 1185; x_wconf 85' lang='lat' dir='ltr'><strong>lex</strong></span> <span class='ocrx_word' id='word_1_152' title='bbox 530 1166 625 1193; x_wconf 86' lang='lat' dir='ltr'><strong>preces</strong></span> <span class='ocrx_word' id='word_1_153' title='bbox 648 1160 808 1195; x_wconf 84' lang='lat' dir='ltr'><strong>cujusquam</strong></span> <span class='ocrx_word' id='word_1_154' title='bbox 826 1167 978 1197; x_wconf 77' lang='lat' dir='ltr'><strong>aversatur,</strong></span> 
     </span>
    </p>
   </div>
   <div class='ocr_carea' id='block_1_25' title="bbox 194 1203 979 1243">
    <p class='ocr_par' dir='ltr' id='par_1_25' title="bbox 194 1203 979 1243">
     <span class='ocr_line' id='line_1_25' title="bbox 194 1203 979 1243; baseline 0.01 -14"><span class='ocrx_word' id='word_1_155' title='bbox 194 1203 241 1230; x_wconf 87' lang='lat' dir='ltr'><strong>sed</strong></span> <span class='ocrx_word' id='word_1_156' title='bbox 265 1204 312 1237; x_wconf 90' lang='lat' dir='ltr'><strong>qui</strong></span> <span class='ocrx_word' id='word_1_157' title='bbox 338 1204 400 1231; x_wconf 91' lang='lat' dir='ltr'><strong>tulit</strong></span> <span class='ocrx_word' id='word_1_158' title='bbox 425 1204 512 1238; x_wconf 77' lang='lat' dir='ltr'><strong>legent</strong></span> <span class='ocrx_word' id='word_1_159' title='bbox 540 1205 610 1233; x_wconf 89' lang='lat' dir='ltr'><strong>Detts</strong></span> <span class='ocrx_word' id='word_1_160' title='bbox 634 1213 779 1234; x_wconf 87' lang='lat' dir='ltr'><strong>aversatur</strong></span> <span class='ocrx_word' id='word_1_161' title='bbox 798 1207 858 1241; x_wconf 87' lang='lat' dir='ltr'><strong>ejus</strong></span> <span class='ocrx_word' id='word_1_162' title='bbox 884 1217 979 1243; x_wconf 82' lang='lat' dir='ltr'><strong>preces</strong></span> 
     </span>
    </p>
   </div>
   <div class='ocr_carea' id='block_1_26' title="bbox 193 1248 978 1291">
    <p class='ocr_par' dir='ltr' id='par_1_26' title="bbox 193 1248 978 1291">
     <span class='ocr_line' id='line_1_26' title="bbox 193 1248 978 1291; baseline 0.011 -17"><span class='ocrx_word' id='word_1_163' title='bbox 193 1248 241 1283; x_wconf 89' lang='lat' dir='ltr'><strong>qui</strong></span> <span class='ocrx_word' id='word_1_164' title='bbox 265 1256 358 1276; x_wconf 84' lang='lat' dir='ltr'><strong>aurem</strong></span> <span class='ocrx_word' id='word_1_165' title='bbox 385 1257 462 1277; x_wconf 84' lang='lat' dir='ltr'><strong>suam</strong></span> <span class='ocrx_word' id='word_1_166' title='bbox 486 1251 596 1285; x_wconf 85' lang='lat' dir='ltr'><strong>avertit,</strong></span> <span class='ocrx_word' id='word_1_167' title='bbox 622 1252 767 1286; x_wconf 87' lang='lat' dir='ltr'><strong>quominus</strong></span> <span class='ocrx_word' id='word_1_168' title='bbox 791 1254 884 1282; x_wconf 84' lang='lat' dir='ltr'><strong>audiat</strong></span> <span class='ocrx_word' id='word_1_169' title='bbox 910 1256 978 1291; x_wconf 73' lang='lat' dir='ltr'><strong>legis</strong></span> 
     </span>
    </p>
   </div>
   <div class='ocr_carea' id='block_1_27' title="bbox 193 1294 978 1335">
    <p class='ocr_par' dir='ltr' id='par_1_27' title="bbox 193 1294 978 1335">
     <span class='ocr_line' id='line_1_27' title="bbox 193 1294 978 1335; baseline 0.014 -16"><span class='ocrx_word' id='word_1_170' title='bbox 193 1299 343 1322; x_wconf 85' lang='lat' dir='ltr'><strong>auctorem.</strong></span> <span class='ocrx_word' id='word_1_171' title='bbox 355 1294 388 1322; x_wconf 87' lang='lat' dir='ltr'><strong>Et</strong></span> <span class='ocrx_word' id='word_1_172' title='bbox 407 1295 506 1324; x_wconf 86' lang='lat' dir='ltr'><strong>Paulus</strong></span> <span class='ocrx_word' id='word_1_173' title='bbox 523 1296 561 1323; x_wconf 86' lang='lat' dir='ltr'><strong>ait</strong></span> <span class='ocrx_word' id='word_1_174' title='bbox 578 1307 584 1324; x_wconf 89' lang='lat'>:</span> <span class='ocrx_word' id='word_1_175' title='bbox 600 1296 720 1324; x_wconf 76' lang='lat' dir='ltr'><strong>Prwm‘a</strong></span> <span class='ocrx_word' id='word_1_176' title='bbox 742 1303 828 1326; x_wconf 83' lang='lat' dir='ltr'><strong>autem</strong></span> <span class='ocrx_word' id='word_1_177' title='bbox 841 1299 978 1335; x_wconf 79' lang='lat' dir='ltr'><strong>Scn&#39;pmra</strong></span> 
     </span>
    </p>
   </div>
   <div class='ocr_carea' id='block_1_28' title="bbox 193 1340 976 1380">
    <p class='ocr_par' dir='ltr' id='par_1_28' title="bbox 193 1340 976 1380">
     <span class='ocr_line' id='line_1_28' title="bbox 193 1340 976 1380; baseline 0.01 -14"><span class='ocrx_word' id='word_1_178' title='bbox 193 1340 278 1374; x_wconf 67' lang='lat' dir='ltr'><strong>futuri</strong></span> <span class='ocrx_word' id='word_1_179' title='bbox 299 1340 323 1356; x_wconf 82' lang='lat'><strong>&quot;‘</strong></span> <span class='ocrx_word' id='word_1_180' title='bbox 344 1350 350 1367; x_wconf 95' lang='lat'><strong>:</strong></span> <span class='ocrx_word' id='word_1_181' title='bbox 366 1348 414 1375; x_wconf 90' lang='lat' dir='ltr'><strong>pro</strong></span> <span class='ocrx_word' id='word_1_182' title='bbox 430 1348 464 1369; x_wconf 90' lang='lat' dir='ltr'><strong>eo</strong></span> <span class='ocrx_word' id='word_1_183' title='bbox 481 1349 513 1370; x_wconf 89' lang='lat' dir='ltr'><strong>ac</strong></span> <span class='ocrx_word' id='word_1_184' title='bbox 526 1342 609 1376; x_wconf 84' lang='lat' dir='ltr'><strong>dicat,</strong></span> <span class='ocrx_word' id='word_1_185' title='bbox 627 1343 678 1377; x_wconf 87' lang='lat' dir='ltr'><strong>Qui</strong></span> <span class='ocrx_word' id='word_1_186' title='bbox 699 1343 867 1379; x_wconf 86' lang='lat' dir='ltr'><strong>Scripturam</strong></span> <span class='ocrx_word' id='word_1_187' title='bbox 891 1346 976 1380; x_wconf 87' lang='lat' dir='ltr'><strong>dedit,</strong></span> 
     </span>
    </p>
   </div>
   <div class='ocr_carea' id='block_1_29' title="bbox 195 1386 629 1421">
    <p class='ocr_par' dir='ltr' id='par_1_29' title="bbox 195 1386 629 1421">
     <span class='ocr_line' id='line_1_29' title="bbox 195 1386 629 1421; baseline 0.014 -9"><span class='ocrx_word' id='word_1_188' title='bbox 195 1386 357 1421; x_wconf 64' lang='lat' dir='ltr'><strong>prmsciebat</strong></span> <span class='ocrx_word' id='word_1_189' title='bbox 368 1386 502 1415; x_wconf 91' lang='lat' dir='ltr'><strong>futurum.</strong></span> <span class='ocrx_word' id='word_1_190' title='bbox 624 1411 629 1418; x_wconf 93' lang='lat'><strong>.</strong></span> 
     </span>
    </p>
   </div>
   <div class='ocr_carea' id='block_1_30' title="bbox 231 1433 978 1472">
    <p class='ocr_par' dir='ltr' id='par_1_30' title="bbox 231 1433 978 1472">
     <span class='ocr_line' id='line_1_30' title="bbox 231 1433 978 1472; baseline 0.008 -12"><span class='ocrx_word' id='word_1_191' title='bbox 231 1433 253 1448; x_wconf 85' lang='grc'><strong>⁵¹</strong></span> <span class='ocrx_word' id='word_1_192' title='bbox 267 1433 317 1466; x_wconf 85' lang='lat' dir='ltr'><strong>Qui</strong></span> <span class='ocrx_word' id='word_1_193' title='bbox 343 1438 402 1461; x_wconf 88' lang='lat' dir='ltr'><strong>sala</strong></span> <span class='ocrx_word' id='word_1_194' title='bbox 421 1434 447 1461; x_wconf 92' lang='lat' dir='ltr'><strong>in</strong></span> <span class='ocrx_word' id='word_1_195' title='bbox 465 1434 524 1468; x_wconf 87' lang='lat' dir='ltr'><strong>ejus</strong></span> <span class='ocrx_word' id='word_1_196' title='bbox 536 1435 618 1462; x_wconf 83' lang='lat' dir='ltr'><strong>corde</strong></span> <span class='ocrx_word' id='word_1_197' title='bbox 643 1443 659 1462; x_wconf 94' lang='lat' dir='ltr'><strong>a</strong></span> <span class='ocrx_word' id='word_1_198' title='bbox 687 1436 806 1472; x_wconf 74' lang='lat' dir='ltr'><strong>maligno</strong></span> <span class='ocrx_word' id='word_1_199' title='bbox 828 1438 897 1465; x_wconf 87' lang='lat' dir='ltr'><strong>mala</strong></span> <span class='ocrx_word' id='word_1_200' title='bbox 922 1446 978 1466; x_wconf 90' lang='lat' dir='ltr'><strong>non</strong></span> 
     </span>
    </p>
   </div>
   <div class='ocr_carea' id='block_1_31' title="bbox 195 1480 978 1516">
    <p class='ocr_par' dir='ltr' id='par_1_31' title="bbox 195 1480 978 1516">
     <span class='ocr_line' id='line_1_31' title="bbox 195 1480 978 1516; baseline 0.006 -10"><span class='ocrx_word' id='word_1_201' title='bbox 195 1480 340 1507; x_wconf 79' lang='lat' dir='ltr'><strong>confitetur</strong></span> <span class='ocrx_word' id='word_1_202' title='bbox 357 1480 422 1513; x_wconf 83' lang='lat' dir='ltr'><strong>Deo,</strong></span> <span class='ocrx_word' id='word_1_203' title='bbox 440 1485 488 1507; x_wconf 87' lang='lat' dir='ltr'><strong>aut</strong></span> <span class='ocrx_word' id='word_1_204' title='bbox 503 1480 559 1508; x_wconf 87' lang='lat' dir='ltr'><strong>Deo</strong></span> <span class='ocrx_word' id='word_1_205' title='bbox 576 1486 653 1516; x_wconf 80' lang='lat' dir='ltr'><strong>grato</strong></span> <span class='ocrx_word' id='word_1_206' title='bbox 671 1482 786 1514; x_wconf 89' lang='lat' dir='ltr'><strong>hominl,</strong></span> <span class='ocrx_word' id='word_1_207' title='bbox 806 1490 861 1510; x_wconf 92' lang='lat' dir='ltr'><strong>non</strong></span> <span class='ocrx_word' id='word_1_208' title='bbox 881 1491 978 1512; x_wconf 80' lang='lat' dir='ltr'><strong>conse-</strong></span> 
     </span>
    </p>
   </div>
   <div class='ocr_carea' id='block_1_32' title="bbox 195 1525 975 1561">
    <p class='ocr_par' dir='ltr' id='par_1_32' title="bbox 195 1525 975 1561">
     <span class='ocr_line' id='line_1_32' title="bbox 195 1525 975 1561; baseline 0.005 -9"><span class='ocrx_word' id='word_1_209' title='bbox 195 1530 295 1560; x_wconf 89' lang='lat' dir='ltr'><strong>quetur</strong></span> <span class='ocrx_word' id='word_1_210' title='bbox 309 1525 414 1553; x_wconf 88' lang='lat' dir='ltr'><strong>felicem</strong></span> <span class='ocrx_word' id='word_1_211' title='bbox 437 1525 471 1553; x_wconf 88' lang='lat' dir='ltr'><strong>de</strong></span> <span class='ocrx_word' id='word_1_212' title='bbox 492 1526 613 1560; x_wconf 71' lang='lat' dir='ltr'><strong>maligno</strong></span> <span class='ocrx_word' id='word_1_213' title='bbox 632 1527 782 1555; x_wconf 59' lang='lat' dir='ltr'><strong>victoriam.</strong></span> <span class='ocrx_word' id='word_1_214' title='bbox 810 1528 861 1561; x_wconf 89' lang='lat' dir='ltr'><strong>Qui</strong></span> <span class='ocrx_word' id='word_1_215' title='bbox 885 1535 975 1556; x_wconf 89' lang='lat' dir='ltr'><strong>autem</strong></span> 
     </span>
    </p>
   </div>
   <div class='ocr_carea' id='block_1_33' title="bbox 195 1571 977 1608">
    <p class='ocr_par' dir='ltr' id='par_1_33' title="bbox 195 1571 977 1608">
     <span class='ocr_line' id='line_1_33' title="bbox 195 1571 977 1608; baseline 0.006 -11"><span class='ocrx_word' id='word_1_216' title='bbox 195 1572 354 1604; x_wconf 75' lang='lat' dir='ltr'><strong>confitetur,</strong></span> <span class='ocrx_word' id='word_1_217' title='bbox 367 1571 494 1605; x_wconf 74' lang='lat' dir='ltr'><strong>diligetur</strong></span> <span class='ocrx_word' id='word_1_218' title='bbox 516 1579 531 1598; x_wconf 86' lang='lat' dir='ltr'><strong>a</strong></span> <span class='ocrx_word' id='word_1_219' title='bbox 558 1572 613 1600; x_wconf 91' lang='lat' dir='ltr'><strong>Deo</strong></span> <span class='ocrx_word' id='word_1_220' title='bbox 637 1577 665 1600; x_wconf 92' lang='lat' dir='ltr'><strong>et</strong></span> <span class='ocrx_word' id='word_1_221' title='bbox 681 1573 715 1600; x_wconf 92' lang='lat' dir='ltr'><strong>ab</strong></span> <span class='ocrx_word' id='word_1_222' title='bbox 739 1573 844 1608; x_wconf 77' lang='lat' dir='ltr'><strong>angelis</strong></span> <span class='ocrx_word' id='word_1_223' title='bbox 859 1574 928 1608; x_wconf 89' lang='lat' dir='ltr'><strong>ejus.</strong></span> <span class='ocrx_word' id='word_1_224' title='bbox 945 1574 977 1602; x_wconf 85' lang='lat' dir='ltr'><strong>Et</strong></span> 
     </span>
    </p>
   </div>
   <div class='ocr_carea' id='block_1_34' title="bbox 194 1615 976 1652">
    <p class='ocr_par' dir='ltr' id='par_1_34' title="bbox 194 1615 976 1652">
     <span class='ocr_line' id='line_1_34' title="bbox 194 1615 976 1652; baseline 0.005 -10"><span class='ocrx_word' id='word_1_225' title='bbox 194 1615 313 1643; x_wconf 80' lang='lat' dir='ltr'><strong>Jacobus</strong></span> <span class='ocrx_word' id='word_1_226' title='bbox 325 1617 362 1643; x_wconf 86' lang='lat' dir='ltr'><strong>ait</strong></span> <span class='ocrx_word' id='word_1_227' title='bbox 376 1626 383 1643; x_wconf 82' lang='lat'><strong>:</strong></span> <span class='ocrx_word' id='word_1_228' title='bbox 399 1616 567 1651; x_wconf 78' lang='lat' dir='ltr'><strong>Conﬁlemim&#39;</strong></span> <span class='ocrx_word' id='word_1_229' title='bbox 579 1617 739 1645; x_wconf 78' lang='lat' dir='ltr'><strong>alterutrum</strong></span> <span class='ocrx_word' id='word_1_230' title='bbox 755 1623 862 1652; x_wconf 67' lang='lat' dir='ltr'><strong>peccata</strong></span> <span class='ocrx_word' id='word_1_231' title='bbox 880 1625 976 1652; x_wconf 76' lang='lat' dir='ltr'><strong>vestra,</strong></span> 
     </span>
    </p>
   </div>
   <div class='ocr_carea' id='block_1_35' title="bbox 195 1663 978 1700">
    <p class='ocr_par' dir='ltr' id='par_1_35' title="bbox 195 1663 978 1700">
     <span class='ocr_line' id='line_1_35' title="bbox 195 1663 978 1700; baseline 0.005 -12"><span class='ocrx_word' id='word_1_232' title='bbox 195 1668 222 1688; x_wconf 82' lang='lat' dir='ltr'><strong>ut</strong></span> <span class='ocrx_word' id='word_1_233' title='bbox 235 1663 364 1690; x_wconf 78' lang='lat' dir='ltr'><strong>sanemim’</strong></span> <span class='ocrx_word' id='word_1_234' title='bbox 385 1663 418 1689; x_wconf 85' lang='lat'><strong>”.</strong></span> <span class='ocrx_word' id='word_1_235' title='bbox 442 1663 586 1691; x_wconf 80' lang='lat' dir='ltr'><strong>Psalmista</strong></span> <span class='ocrx_word' id='word_1_236' title='bbox 608 1672 717 1699; x_wconf 91' lang='lat' dir='ltr'><strong>quoque</strong></span> <span class='ocrx_word' id='word_1_237' title='bbox 738 1665 775 1692; x_wconf 88' lang='lat' dir='ltr'><strong>ait</strong></span> <span class='ocrx_word' id='word_1_238' title='bbox 796 1675 803 1692; x_wconf 95' lang='lat'>:</span> <span class='ocrx_word' id='word_1_239' title='bbox 825 1665 978 1700; x_wconf 65' lang='lat' dir='ltr'><strong>Con/iteite:-</strong></span> 
     </span>
    </p>
   </div>
   <div class='ocr_carea' id='block_1_36' title="bbox 195 1709 978 1745">
    <p class='ocr_par' dir='ltr' id='par_1_36' title="bbox 195 1709 978 1745">
     <span class='ocr_line' id='line_1_36' title="bbox 195 1709 978 1745; baseline 0.005 -10"><span class='ocrx_word' id='word_1_240' title='bbox 195 1709 321 1736; x_wconf 73' lang='lat' dir='ltr'><strong>ndversus</strong></span> <span class='ocrx_word' id='word_1_241' title='bbox 335 1719 375 1737; x_wconf 75' lang='lat' dir='ltr'><strong>me</strong></span> <span class='ocrx_word' id='word_1_242' title='bbox 392 1711 551 1745; x_wconf 77' lang='lat' dir='ltr'><strong>injustiliam</strong></span> <span class='ocrx_word' id='word_1_243' title='bbox 563 1719 648 1738; x_wconf 83' lang='lat' dir='ltr'><strong>nteant</strong></span> <span class='ocrx_word' id='word_1_244' title='bbox 663 1711 786 1744; x_wconf 84' lang='lat' dir='ltr'><strong>Domino,</strong></span> <span class='ocrx_word' id='word_1_245' title='bbox 805 1717 829 1739; x_wconf 78' lang='lat' dir='ltr'><strong>et</strong></span> <span class='ocrx_word' id='word_1_246' title='bbox 851 1719 880 1739; x_wconf 77' lang='lat' dir='ltr'><strong>tu</strong></span> <span class='ocrx_word' id='word_1_247' title='bbox 901 1720 978 1740; x_wconf 67' lang='lat' dir='ltr'><strong>rems-</strong></span> 
     </span>
    </p>
   </div>
   <div class='ocr_carea' id='block_1_37' title="bbox 195 1756 641 1790">
    <p class='ocr_par' dir='ltr' id='par_1_37' title="bbox 195 1756 641 1790">
     <span class='ocr_line' id='line_1_37' title="bbox 195 1756 641 1790; baseline 0.007 -8"><span class='ocrx_word' id='word_1_248' title='bbox 195 1756 255 1782; x_wconf 74' lang='lat' dir='ltr'><strong>sim&#39;</strong></span> <span class='ocrx_word' id='word_1_249' title='bbox 272 1756 430 1790; x_wconf 73' lang='lat' dir='ltr'><strong>impietatem</strong></span> <span class='ocrx_word' id='word_1_250' title='bbox 442 1757 529 1784; x_wconf 73' lang='lat' dir='ltr'><strong>cordis</strong></span> <span class='ocrx_word' id='word_1_251' title='bbox 542 1758 593 1784; x_wconf 83' lang='lat' dir='ltr'><strong>mei</strong></span> <span class='ocrx_word' id='word_1_252' title='bbox 608 1758 641 1785; x_wconf 90' lang='lat'><strong>&quot;.</strong></span> 
     </span>
    </p>
   </div>
   <div class='ocr_carea' id='block_1_38' title="bbox 230 1849 979 1886">
    <p class='ocr_par' dir='ltr' id='par_1_38' title="bbox 230 1849 979 1886">
     <span class='ocr_line' id='line_1_38' title="bbox 230 1849 979 1886; baseline 0.001 -8"><span class='ocrx_word' id='word_1_253' title='bbox 230 1849 255 1865; x_wconf 80' lang='lat'><strong>&quot;</strong></span> <span class='ocrx_word' id='word_1_254' title='bbox 278 1850 365 1884; x_wconf 90' lang='lat' dir='ltr'><strong>lniqul</strong></span> <span class='ocrx_word' id='word_1_255' title='bbox 392 1851 462 1885; x_wconf 77' lang='lat' dir='ltr'><strong>regis</strong></span> <span class='ocrx_word' id='word_1_256' title='bbox 488 1855 649 1885; x_wconf 82' lang='lat' dir='ltr'><strong>preventus,</strong></span> <span class='ocrx_word' id='word_1_257' title='bbox 674 1851 831 1886; x_wconf 89' lang='lat' dir='ltr'><strong>iniquitates</strong></span> <span class='ocrx_word' id='word_1_258' title='bbox 860 1855 925 1879; x_wconf 86' lang='lat' dir='ltr'><strong>sunt</strong></span> <span class='ocrx_word' id='word_1_259' title='bbox 951 1856 979 1879; x_wconf 87' lang='lat' dir='ltr'><strong>et</strong></span> 
     </span>
    </p>
   </div>
   <div class='ocr_carea' id='block_1_39' title="bbox 196 1895 978 1931">
    <p class='ocr_par' dir='ltr' id='par_1_39' title="bbox 196 1895 978 1931">
     <span class='ocr_line' id='line_1_39' title="bbox 196 1895 978 1931; baseline 0.004 -10"><span class='ocrx_word' id='word_1_260' title='bbox 196 1895 264 1922; x_wconf 84' lang='lat' dir='ltr'><strong>falsa</strong></span> <span class='ocrx_word' id='word_1_261' title='bbox 278 1895 413 1930; x_wconf 75' lang='lat' dir='ltr'><strong>dogmata.</strong></span> <span class='ocrx_word' id='word_1_262' title='bbox 447 1896 509 1924; x_wconf 62' lang='lat' dir='ltr'><strong>llaIc</strong></span> <span class='ocrx_word' id='word_1_263' title='bbox 531 1897 603 1924; x_wconf 85' lang='lat' dir='ltr'><strong>enim</strong></span> <span class='ocrx_word' id='word_1_264' title='bbox 621 1897 708 1924; x_wconf 87' lang='lat' dir='ltr'><strong>eidem</strong></span> <span class='ocrx_word' id='word_1_265' title='bbox 728 1898 850 1931; x_wconf 89' lang='lat' dir='ltr'><strong>pendunt</strong></span> <span class='ocrx_word' id='word_1_266' title='bbox 877 1897 978 1925; x_wconf 86' lang='lat' dir='ltr'><strong>subditi</strong></span> 
     </span>
    </p>
   </div>
   <div class='ocr_carea' id='block_1_40' title="bbox 195 1941 978 1978">
    <p class='ocr_par' dir='ltr' id='par_1_40' title="bbox 195 1941 978 1978">
     <span class='ocr_line' id='line_1_40' title="bbox 195 1941 978 1978; baseline 0.003 -10"><span class='ocrx_word' id='word_1_267' title='bbox 195 1941 262 1974; x_wconf 87' lang='lat' dir='ltr'><strong>ejus.</strong></span> <span class='ocrx_word' id='word_1_268' title='bbox 277 1941 484 1969; x_wconf 83' lang='lat' dir='ltr'><strong>Calumniantur</strong></span> <span class='ocrx_word' id='word_1_269' title='bbox 497 1947 588 1969; x_wconf 90' lang='lat' dir='ltr'><strong>autem</strong></span> <span class='ocrx_word' id='word_1_270' title='bbox 604 1942 701 1975; x_wconf 92' lang='lat' dir='ltr'><strong>Deum,</strong></span> <span class='ocrx_word' id='word_1_271' title='bbox 715 1943 762 1978; x_wconf 91' lang='lat' dir='ltr'><strong>qui</strong></span> <span class='ocrx_word' id='word_1_272' title='bbox 779 1943 896 1978; x_wconf 73' lang='lat' dir='ltr'><strong>maligno</strong></span> <span class='ocrx_word' id='word_1_273' title='bbox 912 1943 978 1971; x_wconf 86' lang='lat' dir='ltr'><strong>obe-</strong></span> 
     </span>
    </p>
   </div>
   <div class='ocr_carea' id='block_1_41' title="bbox 196 1987 980 2023">
    <p class='ocr_par' dir='ltr' id='par_1_41' title="bbox 196 1987 980 2023">
     <span class='ocr_line' id='line_1_41' title="bbox 196 1987 980 2023; baseline 0.004 -10"><span class='ocrx_word' id='word_1_274' title='bbox 196 1987 274 2014; x_wconf 88' lang='lat' dir='ltr'><strong>diunt</strong></span> <span class='ocrx_word' id='word_1_275' title='bbox 286 1995 293 2019; x_wconf 88' lang='lat'><strong>;</strong></span> <span class='ocrx_word' id='word_1_276' title='bbox 307 1987 371 2022; x_wconf 88' lang='lat' dir='ltr'><strong>quia</strong></span> <span class='ocrx_word' id='word_1_277' title='bbox 387 1995 440 2014; x_wconf 92' lang='lat' dir='ltr'><strong>non</strong></span> <span class='ocrx_word' id='word_1_278' title='bbox 454 1987 520 2020; x_wconf 86' lang='lat' dir='ltr'><strong>Deo,</strong></span> <span class='ocrx_word' id='word_1_279' title='bbox 537 1987 584 2014; x_wconf 89' lang='lat' dir='ltr'><strong>sed</strong></span> <span class='ocrx_word' id='word_1_280' title='bbox 598 1988 709 2015; x_wconf 91' lang='lat' dir='ltr'><strong>inimico</strong></span> <span class='ocrx_word' id='word_1_281' title='bbox 724 1988 783 2023; x_wconf 86' lang='lat' dir='ltr'><strong>ejus</strong></span> <span class='ocrx_word' id='word_1_282' title='bbox 797 1988 905 2016; x_wconf 85' lang='lat' dir='ltr'><strong>diabolo</strong></span> <span class='ocrx_word' id='word_1_283' title='bbox 915 1989 980 2017; x_wconf 82' lang='lat' dir='ltr'><strong>sub-</strong></span> 
     </span>
    </p>
   </div>
   <div class='ocr_carea' id='block_1_42' title="bbox 195 2032 980 2070">
    <p class='ocr_par' dir='ltr' id='par_1_42' title="bbox 195 2032 980 2070">
     <span class='ocr_line' id='line_1_42' title="bbox 195 2032 980 2070; baseline 0.005 -12"><span class='ocrx_word' id='word_1_284' title='bbox 195 2032 260 2067; x_wconf 82' lang='lat' dir='ltr'><strong>jecti</strong></span> <span class='ocrx_word' id='word_1_285' title='bbox 275 2037 350 2060; x_wconf 84' lang='lat' dir='ltr'><strong>sunt.</strong></span> <span class='ocrx_word' id='word_1_286' title='bbox 383 2032 451 2065; x_wconf 84' lang='lat' dir='ltr'><strong>Quia</strong></span> <span class='ocrx_word' id='word_1_287' title='bbox 466 2040 532 2060; x_wconf 88' lang='lat' dir='ltr'><strong>vero</strong></span> <span class='ocrx_word' id='word_1_288' title='bbox 545 2033 615 2060; x_wconf 82' lang='lat' dir='ltr'><strong>Deus</strong></span> <span class='ocrx_word' id='word_1_289' title='bbox 631 2033 688 2060; x_wconf 85' lang='lat' dir='ltr'><strong>odit</strong></span> <span class='ocrx_word' id='word_1_290' title='bbox 703 2034 839 2061; x_wconf 88' lang='lat' dir='ltr'><strong>diabolum</strong></span> <span class='ocrx_word' id='word_1_291' title='bbox 860 2034 896 2062; x_wconf 94' lang='lat' dir='ltr'><strong>ob</strong></span> <span class='ocrx_word' id='word_1_292' title='bbox 919 2042 980 2070; x_wconf 85' lang='lat' dir='ltr'><strong>per—</strong></span> 
     </span>
    </p>
   </div>
   <div class='ocr_carea' id='block_1_43' title="bbox 196 2077 979 2112">
    <p class='ocr_par' dir='ltr' id='par_1_43' title="bbox 196 2077 979 2112">
     <span class='ocr_line' id='line_1_43' title="bbox 196 2077 979 2112; baseline 0.005 -9"><span class='ocrx_word' id='word_1_293' title='bbox 196 2084 277 2104; x_wconf 88' lang='lat' dir='ltr'><strong>versa</strong></span> <span class='ocrx_word' id='word_1_294' title='bbox 298 2084 380 2111; x_wconf 90' lang='lat' dir='ltr'><strong>opera</strong></span> <span class='ocrx_word' id='word_1_295' title='bbox 396 2077 466 2112; x_wconf 89' lang='lat' dir='ltr'><strong>ejus,</strong></span> <span class='ocrx_word' id='word_1_296' title='bbox 485 2077 532 2104; x_wconf 85' lang='lat' dir='ltr'><strong>hic</strong></span> <span class='ocrx_word' id='word_1_297' title='bbox 546 2077 666 2105; x_wconf 85' lang='lat' dir='ltr'><strong>vicissim</strong></span> <span class='ocrx_word' id='word_1_298' title='bbox 682 2078 867 2106; x_wconf 89' lang='lat' dir='ltr'><strong>calumniatur</strong></span> <span class='ocrx_word' id='word_1_299' title='bbox 891 2079 979 2107; x_wconf 82' lang='lat' dir='ltr'><strong>homi-</strong></span> 
     </span>
    </p>
   </div>
   <div class='ocr_carea' id='block_1_44' title="bbox 196 2123 980 2160">
    <p class='ocr_par' dir='ltr' id='par_1_44' title="bbox 196 2123 980 2160">
     <span class='ocr_line' id='line_1_44' title="bbox 196 2123 980 2160; baseline 0.005 -10"><span class='ocrx_word' id='word_1_300' title='bbox 196 2130 245 2151; x_wconf 89' lang='lat' dir='ltr'><strong>nes</strong></span> <span class='ocrx_word' id='word_1_301' title='bbox 263 2124 332 2159; x_wconf 87' lang='lat' dir='ltr'><strong>apud</strong></span> <span class='ocrx_word' id='word_1_302' title='bbox 348 2124 443 2151; x_wconf 88' lang='lat' dir='ltr'><strong>Deum.</strong></span> <span class='ocrx_word' id='word_1_303' title='bbox 471 2123 522 2156; x_wconf 88' lang='lat' dir='ltr'><strong>Qui</strong></span> <span class='ocrx_word' id='word_1_304' title='bbox 540 2124 598 2151; x_wconf 90' lang='lat' dir='ltr'><strong>odit</strong></span> <span class='ocrx_word' id='word_1_305' title='bbox 618 2124 719 2152; x_wconf 73' lang='lat' dir='ltr'><strong>laedere</strong></span> <span class='ocrx_word' id='word_1_306' title='bbox 744 2125 863 2153; x_wconf 86' lang='lat' dir='ltr'><strong>animam</strong></span> <span class='ocrx_word' id='word_1_307' title='bbox 890 2133 980 2160; x_wconf 81' lang='lat' dir='ltr'><strong>suam,</strong></span> 
     </span>
    </p>
   </div>
   <div class='ocr_carea' id='block_1_45' title="bbox 197 2169 746 2205">
    <p class='ocr_par' dir='ltr' id='par_1_45' title="bbox 197 2169 746 2205">
     <span class='ocr_line' id='line_1_45' title="bbox 197 2169 746 2205; baseline 0.002 -9"><span class='ocrx_word' id='word_1_308' title='bbox 197 2169 305 2204; x_wconf 76' lang='lat' dir='ltr'><strong>longum</strong></span> <span class='ocrx_word' id='word_1_309' title='bbox 318 2169 418 2196; x_wconf 89' lang='lat' dir='ltr'><strong>lnllniti</strong></span> <span class='ocrx_word' id='word_1_310' title='bbox 433 2170 526 2197; x_wconf 69' lang='lat' dir='ltr'><strong>saeculi</strong></span> <span class='ocrx_word' id='word_1_311' title='bbox 544 2174 651 2205; x_wconf 83' lang='lat' dir='ltr'><strong>tempus</strong></span> <span class='ocrx_word' id='word_1_312' title='bbox 663 2170 746 2198; x_wconf 87' lang='lat' dir='ltr'><strong>vivet.</strong></span> 
     </span>
    </p>
   </div>
   <div class='ocr_carea' id='block_1_46' title="bbox 231 2313 983 2349">
    <p class='ocr_par' dir='ltr' id='par_1_46' title="bbox 231 2313 983 2349">
     <span class='ocr_line' id='line_1_46' title="bbox 231 2313 983 2349; baseline 0.003 -8"><span class='ocrx_word' id='word_1_313' title='bbox 231 2314 259 2330; x_wconf 84' lang='lat'>&#39;&quot;</span> <span class='ocrx_word' id='word_1_314' title='bbox 284 2313 377 2341; x_wconf 80' lang='lat' dir='ltr'><strong>Virum</strong></span> <span class='ocrx_word' id='word_1_315' title='bbox 403 2314 448 2341; x_wconf 90' lang='lat' dir='ltr'><strong>hic</strong></span> <span class='ocrx_word' id='word_1_316' title='bbox 473 2315 636 2342; x_wconf 89' lang='lat' dir='ltr'><strong>homicidam</strong></span> <span class='ocrx_word' id='word_1_317' title='bbox 662 2315 730 2343; x_wconf 87' lang='lat' dir='ltr'><strong>dicit</strong></span> <span class='ocrx_word' id='word_1_318' title='bbox 755 2315 904 2343; x_wconf 87' lang='lat' dir='ltr'><strong>diabolum.</strong></span> <span class='ocrx_word' id='word_1_319' title='bbox 931 2316 983 2349; x_wconf 89' lang='lat' dir='ltr'><strong>Qui</strong></span> 
     </span>
    </p>
   </div>
   <div class='ocr_carea' id='block_1_47' title="bbox 198 2359 983 2398">
    <p class='ocr_par' dir='ltr' id='par_1_47' title="bbox 198 2359 983 2398">
     <span class='ocr_line' id='line_1_47' title="bbox 198 2359 983 2398; baseline 0.005 -12"><span class='ocrx_word' id='word_1_320' title='bbox 198 2359 314 2394; x_wconf 84' lang='lat' dir='ltr'><strong>spondet</strong></span> <span class='ocrx_word' id='word_1_321' title='bbox 339 2367 389 2394; x_wconf 92' lang='lat' dir='ltr'><strong>pro</strong></span> <span class='ocrx_word' id='word_1_322' title='bbox 413 2359 554 2393; x_wconf 77' lang='lat' dir='ltr'><strong>iniustitia,</strong></span> <span class='ocrx_word' id='word_1_323' title='bbox 578 2362 695 2396; x_wconf 84' lang='lat' dir='ltr'><strong>spondet</strong></span> <span class='ocrx_word' id='word_1_324' title='bbox 719 2369 769 2395; x_wconf 90' lang='lat' dir='ltr'><strong>pro</strong></span> <span class='ocrx_word' id='word_1_325' title='bbox 799 2362 912 2396; x_wconf 83' lang='lat' dir='ltr'><strong>Satana,</strong></span> <span class='ocrx_word' id='word_1_326' title='bbox 936 2363 983 2398; x_wconf 90' lang='lat' dir='ltr'><strong>qui</strong></span> 
     </span>
    </p>
   </div>
   <div class='ocr_carea' id='block_1_48' title="bbox 199 2405 982 2443">
    <p class='ocr_par' dir='ltr' id='par_1_48' title="bbox 199 2405 982 2443">
     <span class='ocr_line' id='line_1_48' title="bbox 199 2405 982 2443; baseline 0.005 -11"><span class='ocrx_word' id='word_1_327' title='bbox 199 2405 333 2440; x_wconf 85' lang='lat' dir='ltr'><strong>promittit</strong></span> <span class='ocrx_word' id='word_1_328' title='bbox 355 2406 380 2433; x_wconf 89' lang='lat' dir='ltr'><strong>ei</strong></span> <span class='ocrx_word' id='word_1_329' title='bbox 402 2406 534 2440; x_wconf 88' lang='lat' dir='ltr'><strong>vicissim,</strong></span> <span class='ocrx_word' id='word_1_330' title='bbox 557 2407 663 2435; x_wconf 87' lang='lat' dir='ltr'><strong>fructus</strong></span> <span class='ocrx_word' id='word_1_331' title='bbox 689 2408 842 2443; x_wconf 87' lang='lat' dir='ltr'><strong>iniquitatis</strong></span> <span class='ocrx_word' id='word_1_332' title='bbox 859 2416 888 2436; x_wconf 89' lang='lat' dir='ltr'><strong>se</strong></span> <span class='ocrx_word' id='word_1_333' title='bbox 902 2409 982 2436; x_wconf 84' lang='lat' dir='ltr'><strong>datu-</strong></span> 
     </span>
    </p>
   </div>
   <div class='ocr_carea' id='block_1_49' title="bbox 198 2451 981 2488">
    <p class='ocr_par' dir='ltr' id='par_1_49' title="bbox 198 2451 981 2488">
     <span class='ocr_line' id='line_1_49' title="bbox 198 2451 981 2488; baseline 0.005 -11"><span class='ocrx_word' id='word_1_334' title='bbox 198 2458 269 2478; x_wconf 84' lang='lat' dir='ltr'><strong>rum.</strong></span> <span class='ocrx_word' id='word_1_335' title='bbox 293 2466 330 2472; x_wconf 88' lang='lat'><strong>-—</strong></span> <span class='ocrx_word' id='word_1_336' title='bbox 353 2451 426 2480; x_wconf 85' lang='lat' dir='ltr'><strong>Gens</strong></span> <span class='ocrx_word' id='word_1_337' title='bbox 450 2452 553 2486; x_wconf 85' lang='lat' dir='ltr'><strong>iniqua,</strong></span> <span class='ocrx_word' id='word_1_338' title='bbox 577 2453 705 2487; x_wconf 75' lang='lat' dir='ltr'><strong>dogmata</strong></span> <span class='ocrx_word' id='word_1_339' title='bbox 731 2453 884 2481; x_wconf 63' lang='lat' dir='ltr'><strong>daemonum</strong></span> <span class='ocrx_word' id='word_1_340' title='bbox 906 2459 981 2488; x_wconf 87' lang='lat' dir='ltr'><strong>sunt,</strong></span> 
     </span>
    </p>
   </div>
   <div class='ocr_carea' id='block_1_50' title="bbox 199 2497 983 2530">
    <p class='ocr_par' dir='ltr' id='par_1_50' title="bbox 199 2497 983 2530">
     <span class='ocr_line' id='line_1_50' title="bbox 199 2497 983 2530; baseline 0.005 -7"><span class='ocrx_word' id='word_1_341' title='bbox 199 2497 297 2530; x_wconf 88' lang='lat' dir='ltr'><strong>quibus</strong></span> <span class='ocrx_word' id='word_1_342' title='bbox 314 2504 367 2524; x_wconf 93' lang='lat' dir='ltr'><strong>non</strong></span> <span class='ocrx_word' id='word_1_343' title='bbox 385 2498 501 2525; x_wconf 87' lang='lat' dir='ltr'><strong>attendit</strong></span> <span class='ocrx_word' id='word_1_344' title='bbox 515 2498 583 2525; x_wconf 90' lang='lat' dir='ltr'><strong>bene</strong></span> <span class='ocrx_word' id='word_1_345' title='bbox 599 2498 740 2526; x_wconf 89' lang='lat' dir='ltr'><strong>institutus</strong></span> <span class='ocrx_word' id='word_1_346' title='bbox 759 2499 839 2526; x_wconf 83' lang='lat' dir='ltr'><strong>ﬁlius.</strong></span> <span class='ocrx_word' id='word_1_347' title='bbox 852 2499 937 2527; x_wconf 81' lang='lat' dir='ltr'><strong>Porro</strong></span> <span class='ocrx_word' id='word_1_348' title='bbox 951 2499 983 2526; x_wconf 87' lang='lat' dir='ltr'><strong>li-</strong></span> 
     </span>
    </p>
   </div>
   <div class='ocr_carea' id='block_1_51' title="bbox 199 2542 981 2580">
    <p class='ocr_par' dir='ltr' id='par_1_51' title="bbox 199 2542 981 2580">
     <span class='ocr_line' id='line_1_51' title="bbox 199 2542 981 2580; baseline 0.005 -11"><span class='ocrx_word' id='word_1_349' title='bbox 199 2543 264 2569; x_wconf 91' lang='lat' dir='ltr'><strong>lium</strong></span> <span class='ocrx_word' id='word_1_350' title='bbox 281 2542 346 2570; x_wconf 89' lang='lat' dir='ltr'><strong>dicit</strong></span> <span class='ocrx_word' id='word_1_351' title='bbox 361 2550 411 2578; x_wconf 92' lang='lat' dir='ltr'><strong>pro</strong></span> <span class='ocrx_word' id='word_1_352' title='bbox 427 2548 527 2570; x_wconf 89' lang='lat' dir='ltr'><strong>mente.</strong></span> <span class='ocrx_word' id='word_1_353' title='bbox 552 2543 602 2577; x_wconf 85' lang='lat' dir='ltr'><strong>Qui</strong></span> <span class='ocrx_word' id='word_1_354' title='bbox 617 2551 681 2571; x_wconf 88' lang='lat' dir='ltr'><strong>vero</strong></span> <span class='ocrx_word' id='word_1_355' title='bbox 697 2545 780 2572; x_wconf 93' lang='lat' dir='ltr'><strong>menti</strong></span> <span class='ocrx_word' id='word_1_356' title='bbox 804 2545 981 2580; x_wconf 88' lang='lat' dir='ltr'><strong>impedimen-</strong></span> 
     </span>
    </p>
   </div>
   <div class='ocr_carea' id='block_1_52' title="bbox 199 2589 981 2626">
    <p class='ocr_par' dir='ltr' id='par_1_52' title="bbox 199 2589 981 2626">
     <span class='ocr_line' id='line_1_52' title="bbox 199 2589 981 2626; baseline 0.003 -10"><span class='ocrx_word' id='word_1_357' title='bbox 199 2594 254 2616; x_wconf 89' lang='lat' dir='ltr'><strong>tum</strong></span> <span class='ocrx_word' id='word_1_358' title='bbox 271 2589 356 2624; x_wconf 90' lang='lat' dir='ltr'><strong>ponit,</strong></span> <span class='ocrx_word' id='word_1_359' title='bbox 372 2590 518 2624; x_wconf 88' lang='lat' dir='ltr'><strong>quominus</strong></span> <span class='ocrx_word' id='word_1_360' title='bbox 544 2590 577 2617; x_wconf 83' lang='lat' dir='ltr'><strong>ad</strong></span> <span class='ocrx_word' id='word_1_361' title='bbox 603 2597 693 2624; x_wconf 65' lang='lat' dir='ltr'><strong>pravae</strong></span> <span class='ocrx_word' id='word_1_362' title='bbox 718 2591 807 2625; x_wconf 77' lang='lat' dir='ltr'><strong>gentis</strong></span> <span class='ocrx_word' id='word_1_363' title='bbox 832 2592 981 2626; x_wconf 88' lang='lat' dir='ltr'><strong>nequitiam</strong></span> 
     </span>
    </p>
   </div>
   <div class='ocr_carea' id='block_1_53' title="bbox 199 2635 978 2671">
    <p class='ocr_par' dir='ltr' id='par_1_53' title="bbox 199 2635 978 2671">
     <span class='ocr_line' id='line_1_53' title="bbox 199 2635 978 2671; baseline 0.004 -9"><span class='ocrx_word' id='word_1_364' title='bbox 199 2640 286 2664; x_wconf 87' lang='lat' dir='ltr'><strong>semet</strong></span> <span class='ocrx_word' id='word_1_365' title='bbox 298 2635 419 2671; x_wconf 87' lang='lat' dir='ltr'><strong>abjiciat,</strong></span> <span class='ocrx_word' id='word_1_366' title='bbox 435 2636 458 2663; x_wconf 83' lang='lat' dir='ltr'><strong>is</strong></span> <span class='ocrx_word' id='word_1_367' title='bbox 472 2640 600 2666; x_wconf 80' lang='lat' dir='ltr'><strong>tanquam</strong></span> <span class='ocrx_word' id='word_1_368' title='bbox 617 2636 679 2664; x_wconf 88' lang='lat' dir='ltr'><strong>colli</strong></span> <span class='ocrx_word' id='word_1_369' title='bbox 700 2637 881 2665; x_wconf 86' lang='lat' dir='ltr'><strong>immortalem</strong></span> <span class='ocrx_word' id='word_1_370' title='bbox 894 2645 978 2665; x_wconf 88' lang='lat' dir='ltr'><strong>orna-</strong></span> 
     </span>
    </p>
   </div>
   <div class='ocr_carea' id='block_1_54' title="bbox 1027 252 1818 291">
    <p class='ocr_par' dir='ltr' id='par_1_54' title="bbox 1027 252 1818 291">
     <span class='ocr_line' id='line_1_54' title="bbox 1027 252 1818 291; baseline 0.005 -13"><span class='ocrx_word' id='word_1_371' title='bbox 1027 252 1114 287; x_wconf 87' lang='grc' dir='ltr'>γονῶν</span> <span class='ocrx_word' id='word_1_372' title='bbox 1136 254 1199 285; x_wconf 82' lang='grc' dir='ltr'>τοὺς</span> <span class='ocrx_word' id='word_1_373' title='bbox 1221 254 1251 280; x_wconf 83' lang='grc' dir='ltr'>ὲν</span> <span class='ocrx_word' id='word_1_374' title='bbox 1269 254 1338 290; x_wconf 85' lang='grc' dir='ltr'>αὐτῇ</span> <span class='ocrx_word' id='word_1_375' title='bbox 1362 254 1501 290; x_wconf 80' lang='grc' dir='ltr'>καρπούς’</span> <span class='ocrx_word' id='word_1_376' title='bbox 1525 254 1573 282; x_wconf 77' lang='grc' dir='ltr'>καὶ</span> <span class='ocrx_word' id='word_1_377' title='bbox 1594 255 1609 280; x_wconf 85' lang='lat'><strong>6</strong></span> <span class='ocrx_word' id='word_1_378' title='bbox 1627 254 1676 290; x_wconf 78' lang='grc' dir='ltr'>μὲν</span> <span class='ocrx_word' id='word_1_379' title='bbox 1699 254 1818 291; x_wconf 82' lang='grc' dir='ltr'>λαῦρος.</span> 
     </span>
    </p>
   </div>
   <div class='ocr_carea' id='block_1_55' title="bbox 1026 297 1820 337">
    <p class='ocr_par' dir='ltr' id='par_1_55' title="bbox 1026 297 1820 337">
     <span class='ocr_line' id='line_1_55' title="bbox 1026 297 1820 337; baseline 0.003 -12"><span class='ocrx_word' id='word_1_380' title='bbox 1026 297 1072 325; x_wconf 86' lang='grc' dir='ltr'><strong>διὰ</strong></span> <span class='ocrx_word' id='word_1_381' title='bbox 1098 299 1149 335; x_wconf 79' lang='grc' dir='ltr'><strong>τὴν</strong></span> <span class='ocrx_word' id='word_1_382' title='bbox 1178 299 1316 327; x_wconf 77' lang='grc' dir='ltr'>ἀπώλειαν</span> <span class='ocrx_word' id='word_1_383' title='bbox 1348 299 1403 328; x_wconf 81' lang='grc' dir='ltr'>τῶν</span> <span class='ocrx_word' id='word_1_384' title='bbox 1428 300 1542 337; x_wconf 79' lang='grc' dir='ltr'><strong>καρπῶν</strong></span> <span class='ocrx_word' id='word_1_385' title='bbox 1569 299 1724 328; x_wconf 79' lang='grc' dir='ltr'><strong>ἀποκτείνει</strong></span> <span class='ocrx_word' id='word_1_386' title='bbox 1753 301 1820 333; x_wconf 74' lang='grc' dir='ltr'>τοὺς</span> 
     </span>
    </p>
   </div>
   <div class='ocr_carea' id='block_1_56' title="bbox 1027 345 1820 384">
    <p class='ocr_par' dir='ltr' id='par_1_56' title="bbox 1027 345 1820 384">
     <span class='ocr_line' id='line_1_56' title="bbox 1027 345 1820 384; baseline 0.005 -12"><span class='ocrx_word' id='word_1_387' title='bbox 1027 345 1201 383; x_wconf 80' lang='grc' dir='ltr'><strong>ἀνθρώπους,</strong></span> <span class='ocrx_word' id='word_1_388' title='bbox 1220 348 1235 374; x_wconf 98' lang='lat'><strong>6</strong></span> <span class='ocrx_word' id='word_1_389' title='bbox 1253 347 1282 374; x_wconf 87' lang='grc' dir='ltr'>δὲ</span> <span class='ocrx_word' id='word_1_390' title='bbox 1303 347 1454 384; x_wconf 76' lang='grc' dir='ltr'>εἰρηνικὸς,</span> <span class='ocrx_word' id='word_1_391' title='bbox 1475 347 1520 375; x_wconf 80' lang='grc' dir='ltr'><strong>διὰ</strong></span> <span class='ocrx_word' id='word_1_392' title='bbox 1538 347 1593 375; x_wconf 82' lang='grc' dir='ltr'><strong>τῶν</strong></span> <span class='ocrx_word' id='word_1_393' title='bbox 1615 348 1728 384; x_wconf 83' lang='grc' dir='ltr'>καρπῶν</span> <span class='ocrx_word' id='word_1_394' title='bbox 1751 347 1820 380; x_wconf 78' lang='grc' dir='ltr'><strong>ζωο-</strong></span> 
     </span>
    </p>
   </div>
   <div class='ocr_carea' id='block_1_57' title="bbox 1027 399 1111 426">
    <p class='ocr_par' dir='ltr' id='par_1_57' title="bbox 1027 399 1111 426">
     <span class='ocr_line' id='line_1_57' title="bbox 1027 399 1111 426; baseline 0.012 -8"><span class='ocrx_word' id='word_1_395' title='bbox 1027 399 1111 426; x_wconf 85' lang='grc' dir='ltr'>γονει.</span> 
     </span>
    </p>
   </div>
   <div class='ocr_carea' id='block_1_58' title="bbox 1064 439 1817 476">
    <p class='ocr_par' dir='ltr' id='par_1_58' title="bbox 1064 439 1817 476">
     <span class='ocr_line' id='line_1_58' title="bbox 1064 439 1817 476; baseline 0.001 -10"><span class='ocrx_word' id='word_1_396' title='bbox 1064 440 1142 466; x_wconf 84' lang='grc' dir='ltr'>Ἔστι</span> <span class='ocrx_word' id='word_1_397' title='bbox 1164 440 1211 467; x_wconf 79' lang='grc' dir='ltr'><strong>καὶ</strong></span> <span class='ocrx_word' id='word_1_398' title='bbox 1227 439 1309 475; x_wconf 88' lang='grc' dir='ltr'>νόμος</span> <span class='ocrx_word' id='word_1_399' title='bbox 1334 440 1506 476; x_wconf 84' lang='grc' dir='ltr'>παράνομος,</span> <span class='ocrx_word' id='word_1_400' title='bbox 1528 440 1575 467; x_wconf 64' lang='grc' dir='ltr'><strong>κα)⁴</strong></span> <span class='ocrx_word' id='word_1_401' title='bbox 1589 439 1671 476; x_wconf 78' lang='grc' dir='ltr'>νόμος</span> <span class='ocrx_word' id='word_1_402' title='bbox 1692 439 1817 471; x_wconf 79' lang='grc' dir='ltr'>δίκαιος·</span> 
     </span>
    </p>
   </div>
   <div class='ocr_carea' id='block_1_59' title="bbox 1027 485 1819 522">
    <p class='ocr_par' dir='ltr' id='par_1_59' title="bbox 1027 485 1819 522">
     <span class='ocr_line' id='line_1_59' title="bbox 1027 485 1819 522; baseline 0.003 -10"><span class='ocrx_word' id='word_1_403' title='bbox 1027 485 1100 512; x_wconf 79' lang='grc' dir='ltr'>καὶὸ</span> <span class='ocrx_word' id='word_1_404' title='bbox 1118 486 1167 521; x_wconf 84' lang='grc' dir='ltr'>μὲν</span> <span class='ocrx_word' id='word_1_405' title='bbox 1197 486 1355 522; x_wconf 85' lang='grc' dir='ltr'>παράνομος</span> <span class='ocrx_word' id='word_1_406' title='bbox 1375 486 1438 518; x_wconf 80' lang='grc' dir='ltr'>τοὺς</span> <span class='ocrx_word' id='word_1_407' title='bbox 1460 485 1535 522; x_wconf 81' lang='grc' dir='ltr'>αὐτῷ</span> <span class='ocrx_word' id='word_1_408' title='bbox 1559 486 1735 522; x_wconf 76' lang='grc' dir='ltr'><strong>πειθομένους</strong></span> <span class='ocrx_word' id='word_1_409' title='bbox 1749 487 1819 514; x_wconf 74' lang='grc' dir='ltr'>ἀπο-</span> 
     </span>
    </p>
   </div>
   <div class='ocr_carea' id='block_1_60' title="bbox 1027 532 1817 569">
    <p class='ocr_par' dir='ltr' id='par_1_60' title="bbox 1027 532 1817 569">
     <span class='ocr_line' id='line_1_60' title="bbox 1027 532 1817 569; baseline 0 -10"><span class='ocrx_word' id='word_1_410' title='bbox 1027 532 1068 558; x_wconf 80' lang='grc' dir='ltr'>λεῖ</span> <span class='ocrx_word' id='word_1_411' title='bbox 1077 541 1083 547; x_wconf 90' lang='grc'><strong>·</strong></span> <span class='ocrx_word' id='word_1_412' title='bbox 1099 533 1113 559; x_wconf 98' lang='lat'><strong>6</strong></span> <span class='ocrx_word' id='word_1_413' title='bbox 1128 532 1157 559; x_wconf 80' lang='grc' dir='ltr'>δὲ</span> <span class='ocrx_word' id='word_1_414' title='bbox 1166 532 1270 564; x_wconf 86' lang='grc' dir='ltr'>δίκαιος</span> <span class='ocrx_word' id='word_1_415' title='bbox 1282 533 1312 559; x_wconf 80' lang='grc' dir='ltr'>οὐ</span> <span class='ocrx_word' id='word_1_416' title='bbox 1329 532 1409 568; x_wconf 82' lang='grc' dir='ltr'>μόνον</span> <span class='ocrx_word' id='word_1_417' title='bbox 1427 533 1584 569; x_wconf 85' lang='grc' dir='ltr'>μακρότητα</span> <span class='ocrx_word' id='word_1_418' title='bbox 1595 532 1706 568; x_wconf 80' lang='grc' dir='ltr'>ἡμερῶν</span> <span class='ocrx_word' id='word_1_419' title='bbox 1720 532 1817 568; x_wconf 78' lang='grc' dir='ltr'>δωρεῖ-</span> 
     </span>
    </p>
   </div>
   <div class='ocr_carea' id='block_1_61' title="bbox 1027 578 1819 614">
    <p class='ocr_par' dir='ltr' id='par_1_61' title="bbox 1027 578 1819 614">
     <span class='ocr_line' id='line_1_61' title="bbox 1027 578 1819 614; baseline 0 -10"><span class='ocrx_word' id='word_1_420' title='bbox 1027 587 1086 610; x_wconf 77' lang='grc' dir='ltr'>ται,</span> <span class='ocrx_word' id='word_1_421' title='bbox 1108 578 1176 605; x_wconf 83' lang='grc' dir='ltr'><strong>ἀλλά</strong></span> <span class='ocrx_word' id='word_1_422' title='bbox 1198 579 1244 606; x_wconf 80' lang='grc' dir='ltr'>καὶ</span> <span class='ocrx_word' id='word_1_423' title='bbox 1267 578 1405 614; x_wconf 79' lang='grc' dir='ltr'><strong>βασιλείας</strong></span> <span class='ocrx_word' id='word_1_424' title='bbox 1425 578 1545 614; x_wconf 78' lang='grc' dir='ltr'><strong>οὐρανῶν</strong></span> <span class='ocrx_word' id='word_1_425' title='bbox 1562 578 1690 614; x_wconf 76' lang='grc' dir='ltr'>πρόξενος</span> <span class='ocrx_word' id='word_1_426' title='bbox 1712 579 1819 613; x_wconf 81' lang='grc' dir='ltr'>γίνεται</span> 
     </span>
    </p>
   </div>
   <div class='ocr_carea' id='block_1_62' title="bbox 1027 624 1819 661">
    <p class='ocr_par' dir='ltr' id='par_1_62' title="bbox 1027 624 1819 661">
     <span class='ocr_line' id='line_1_62' title="bbox 1027 624 1819 661; baseline 0 -10"><span class='ocrx_word' id='word_1_427' title='bbox 1027 626 1083 656; x_wconf 82' lang='grc' dir='ltr'>τοῖς</span> <span class='ocrx_word' id='word_1_428' title='bbox 1100 625 1174 661; x_wconf 86' lang='grc' dir='ltr'>αὐτῷ</span> <span class='ocrx_word' id='word_1_429' title='bbox 1191 625 1359 658; x_wconf 79' lang='grc' dir='ltr'><strong>ὑπείκουσιν,</strong></span> <span class='ocrx_word' id='word_1_430' title='bbox 1380 626 1421 652; x_wconf 82' lang='grc' dir='ltr'><strong>ὅτι</strong></span> <span class='ocrx_word' id='word_1_431' title='bbox 1442 625 1490 652; x_wconf 78' lang='grc' dir='ltr'><strong>τοῦ</strong></span> <span class='ocrx_word' id='word_1_432' title='bbox 1506 625 1574 652; x_wconf 83' lang='grc' dir='ltr'><strong>Θεοῦ</strong></span> <span class='ocrx_word' id='word_1_433' title='bbox 1592 625 1666 651; x_wconf 75' lang='grc' dir='ltr'>ἐστι’</span> <span class='ocrx_word' id='word_1_434' title='bbox 1688 625 1742 657; x_wconf 81' lang='grc' dir='ltr'><strong>πᾶς</strong></span> <span class='ocrx_word' id='word_1_435' title='bbox 1758 624 1788 651; x_wconf 82' lang='grc' dir='ltr'>δὲ</span> <span class='ocrx_word' id='word_1_436' title='bbox 1804 625 1819 651; x_wconf 87' lang='lat'><strong>6</strong></span> 
     </span>
    </p>
   </div>
   <div class='ocr_carea' id='block_1_63' title="bbox 1028 669 1819 706">
    <p class='ocr_par' dir='ltr' id='par_1_63' title="bbox 1028 669 1819 706">
     <span class='ocr_line' id='line_1_63' title="bbox 1028 669 1819 706; baseline -0.001 -10"><span class='ocrx_word' id='word_1_437' title='bbox 1028 670 1143 705; x_wconf 85' lang='grc' dir='ltr'>ἀγαπῶν</span> <span class='ocrx_word' id='word_1_438' title='bbox 1167 670 1213 697; x_wconf 84' lang='grc' dir='ltr'>τὸν</span> <span class='ocrx_word' id='word_1_439' title='bbox 1238 671 1315 704; x_wconf 85' lang='grc' dir='ltr'><strong>Θεὸν,</strong></span> <span class='ocrx_word' id='word_1_440' title='bbox 1341 671 1437 706; x_wconf 80' lang='grc' dir='ltr'>ἀγαπᾷ</span> <span class='ocrx_word' id='word_1_441' title='bbox 1468 671 1514 697; x_wconf 75' lang='grc' dir='ltr'><strong>τὸν</strong></span> <span class='ocrx_word' id='word_1_442' title='bbox 1536 670 1617 706; x_wconf 89' lang='grc' dir='ltr'>νόμον</span> <span class='ocrx_word' id='word_1_443' title='bbox 1649 669 1743 703; x_wconf 75' lang='grc' dir='ltr'><strong>αὑτοῦ,</strong></span> <span class='ocrx_word' id='word_1_444' title='bbox 1769 669 1819 696; x_wconf 76' lang='grc' dir='ltr'>καὶ</span> 
     </span>
    </p>
   </div>
   <div class='ocr_carea' id='block_1_64' title="bbox 1028 715 1820 752">
    <p class='ocr_par' dir='ltr' id='par_1_64' title="bbox 1028 715 1820 752">
     <span class='ocr_line' id='line_1_64' title="bbox 1028 715 1820 752; baseline 0 -10"><span class='ocrx_word' id='word_1_445' title='bbox 1028 718 1100 743; x_wconf 88' lang='grc' dir='ltr'>ποιεῖ</span> <span class='ocrx_word' id='word_1_446' title='bbox 1115 716 1149 743; x_wconf 80' lang='grc' dir='ltr'><strong>τὰ</strong></span> <span class='ocrx_word' id='word_1_447' title='bbox 1164 716 1211 743; x_wconf 79' lang='grc' dir='ltr'><strong>τοῦ</strong></span> <span class='ocrx_word' id='word_1_448' title='bbox 1226 717 1309 752; x_wconf 85' lang='grc' dir='ltr'>νόμου</span> <span class='ocrx_word' id='word_1_449' title='bbox 1319 725 1325 732; x_wconf 91' lang='grc'>·</span> <span class='ocrx_word' id='word_1_450' title='bbox 1345 718 1399 749; x_wconf 78' lang='grc' dir='ltr'>πᾶς</span> <span class='ocrx_word' id='word_1_451' title='bbox 1413 717 1442 743; x_wconf 76' lang='grc' dir='ltr'>δὲ</span> <span class='ocrx_word' id='word_1_452' title='bbox 1457 717 1472 743; x_wconf 83' lang='lat'><strong>6</strong></span> <span class='ocrx_word' id='word_1_453' title='bbox 1486 716 1571 744; x_wconf 85' lang='grc' dir='ltr'>ποιῶν</span> <span class='ocrx_word' id='word_1_454' title='bbox 1584 716 1629 743; x_wconf 83' lang='grc' dir='ltr'><strong>τὸν</strong></span> <span class='ocrx_word' id='word_1_455' title='bbox 1643 716 1734 752; x_wconf 76' lang='grc' dir='ltr'>νόμον,</span> <span class='ocrx_word' id='word_1_456' title='bbox 1750 715 1820 742; x_wconf 80' lang='grc' dir='ltr'>ἀπά-</span> 
     </span>
    </p>
   </div>
   <div class='ocr_carea' id='block_1_65' title="bbox 1029 761 1819 797">
    <p class='ocr_par' dir='ltr' id='par_1_65' title="bbox 1029 761 1819 797">
     <span class='ocr_line' id='line_1_65' title="bbox 1029 761 1819 797; baseline 0 -9"><span class='ocrx_word' id='word_1_457' title='bbox 1029 761 1102 788; x_wconf 86' lang='grc' dir='ltr'>θειαν</span> <span class='ocrx_word' id='word_1_458' title='bbox 1118 763 1215 789; x_wconf 78' lang='grc' dir='ltr'>κτᾶται</span> <span class='ocrx_word' id='word_1_459' title='bbox 1232 763 1279 789; x_wconf 80' lang='grc' dir='ltr'><strong>καὶ</strong></span> <span class='ocrx_word' id='word_1_460' title='bbox 1295 762 1396 797; x_wconf 87' lang='grc' dir='ltr'>γνῶσιν</span> <span class='ocrx_word' id='word_1_461' title='bbox 1417 761 1499 789; x_wconf 84' lang='grc' dir='ltr'>Θεοῦ·</span> <span class='ocrx_word' id='word_1_462' title='bbox 1519 763 1543 789; x_wconf 82' lang='grc' dir='ltr'><strong>εί</strong></span> <span class='ocrx_word' id='word_1_463' title='bbox 1565 762 1594 789; x_wconf 82' lang='grc' dir='ltr'>δὲ</span> <span class='ocrx_word' id='word_1_464' title='bbox 1609 763 1633 789; x_wconf 89' lang='grc' dir='ltr'><strong>οί</strong></span> <span class='ocrx_word' id='word_1_465' title='bbox 1655 761 1819 796; x_wconf 85' lang='grc' dir='ltr'>ἀγαπῶντες</span> 
     </span>
    </p>
   </div>
   <div class='ocr_carea' id='block_1_66' title="bbox 1027 807 1821 843">
    <p class='ocr_par' dir='ltr' id='par_1_66' title="bbox 1027 807 1821 843">
     <span class='ocr_line' id='line_1_66' title="bbox 1027 807 1821 843; baseline 0 -10"><span class='ocrx_word' id='word_1_466' title='bbox 1027 807 1073 834; x_wconf 78' lang='grc' dir='ltr'><strong>τὸν</strong></span> <span class='ocrx_word' id='word_1_467' title='bbox 1088 807 1181 843; x_wconf 82' lang='grc' dir='ltr'>νόμον,</span> <span class='ocrx_word' id='word_1_468' title='bbox 1199 807 1418 843; x_wconf 82' lang='grc' dir='ltr'>παραϐάλλουσιν</span> <span class='ocrx_word' id='word_1_469' title='bbox 1434 808 1540 840; x_wconf 79' lang='grc' dir='ltr'><strong>ἑαυτοῖς</strong></span> <span class='ocrx_word' id='word_1_470' title='bbox 1550 809 1649 842; x_wconf 81' lang='grc' dir='ltr'>τεῖχος,</span> <span class='ocrx_word' id='word_1_471' title='bbox 1663 807 1710 834; x_wconf 81' lang='grc' dir='ltr'>νῦν</span> <span class='ocrx_word' id='word_1_472' title='bbox 1729 808 1821 842; x_wconf 83' lang='grc' dir='ltr'>τεῖχος</span> 
     </span>
    </p>
   </div>
   <div class='ocr_carea' id='block_1_67' title="bbox 1029 851 1818 889">
    <p class='ocr_par' dir='ltr' id='par_1_67' title="bbox 1029 851 1818 889">
     <span class='ocr_line' id='line_1_67' title="bbox 1029 851 1818 889; baseline -0.001 -10"><span class='ocrx_word' id='word_1_473' title='bbox 1029 852 1078 888; x_wconf 81' lang='grc' dir='ltr'><strong>τὴν</strong></span> <span class='ocrx_word' id='word_1_474' title='bbox 1100 852 1234 880; x_wconf 75' lang='grc' dir='ltr'>ἀπάθειαν</span> <span class='ocrx_word' id='word_1_475' title='bbox 1251 853 1378 889; x_wconf 82' lang='grc' dir='ltr'>σημαίνει</span> <span class='ocrx_word' id='word_1_476' title='bbox 1402 853 1449 881; x_wconf 72' lang='grc' dir='ltr'>καὶ</span> <span class='ocrx_word' id='word_1_477' title='bbox 1467 853 1516 889; x_wconf 83' lang='grc' dir='ltr'>τὴν</span> <span class='ocrx_word' id='word_1_478' title='bbox 1541 853 1642 888; x_wconf 84' lang='grc' dir='ltr'>γνῶσιν</span> <span class='ocrx_word' id='word_1_479' title='bbox 1666 852 1713 879; x_wconf 85' lang='grc' dir='ltr'><strong>τοῦ</strong></span> <span class='ocrx_word' id='word_1_480' title='bbox 1737 851 1818 885; x_wconf 82' lang='grc' dir='ltr'><strong>Θεοῦ,</strong></span> 
     </span>
    </p>
   </div>
   <div class='ocr_carea' id='block_1_68' title="bbox 1033 897 1820 935">
    <p class='ocr_par' dir='ltr' id='par_1_68' title="bbox 1033 897 1820 935">
     <span class='ocr_line' id='line_1_68' title="bbox 1033 897 1820 935; baseline 0 -11"><span class='ocrx_word' id='word_1_481' title='bbox 1033 898 1105 934; x_wconf 79' lang='grc' dir='ltr'>ἆπερ</span> <span class='ocrx_word' id='word_1_482' title='bbox 1129 899 1197 934; x_wconf 82' lang='grc' dir='ltr'>μόνα</span> <span class='ocrx_word' id='word_1_483' title='bbox 1219 899 1326 927; x_wconf 77' lang='grc' dir='ltr'>πέφυκε</span> <span class='ocrx_word' id='word_1_484' title='bbox 1349 899 1496 935; x_wconf 79' lang='grc' dir='ltr'><strong>φυλάσσειν</strong></span> <span class='ocrx_word' id='word_1_485' title='bbox 1520 898 1568 935; x_wconf 77' lang='grc' dir='ltr'><strong>τὴν</strong></span> <span class='ocrx_word' id='word_1_486' title='bbox 1591 898 1671 933; x_wconf 82' lang='grc' dir='ltr'>φύσιν</span> <span class='ocrx_word' id='word_1_487' title='bbox 1697 897 1748 934; x_wconf 82' lang='grc' dir='ltr'><strong>τὴν</strong></span> <span class='ocrx_word' id='word_1_488' title='bbox 1773 897 1820 924; x_wconf 78' lang='grc' dir='ltr'>λο-</span> 
     </span>
    </p>
   </div>
   <div class='ocr_carea' id='block_1_69' title="bbox 1039 945 1123 980">
    <p class='ocr_par' dir='ltr' id='par_1_69' title="bbox 1039 945 1123 980">
     <span class='ocr_line' id='line_1_69' title="bbox 1039 945 1123 980; baseline 0.012 -10"><span class='ocrx_word' id='word_1_489' title='bbox 1039 945 1123 980; x_wconf 64' lang='grc' dir='ltr'>,ιικήν.</span> 
     </span>
    </p>
   </div>
   <div class='ocr_carea' id='block_1_70' title="bbox 1067 989 1819 1026">
    <p class='ocr_par' dir='ltr' id='par_1_70' title="bbox 1067 989 1819 1026">
     <span class='ocr_line' id='line_1_70' title="bbox 1067 989 1819 1026; baseline -0.001 -9"><span class='ocrx_word' id='word_1_490' title='bbox 1067 990 1099 1016; x_wconf 80' lang='lat' dir='ltr'><strong>El</strong></span> <span class='ocrx_word' id='word_1_491' title='bbox 1115 990 1229 1022; x_wconf 76' lang='grc' dir='ltr'>πλοῦτος</span> <span class='ocrx_word' id='word_1_492' title='bbox 1250 990 1355 1017; x_wconf 77' lang='grc' dir='ltr'>ἀσεὸὦν</span> <span class='ocrx_word' id='word_1_493' title='bbox 1372 990 1471 1023; x_wconf 91' lang='grc' dir='ltr'>κακία,</span> <span class='ocrx_word' id='word_1_494' title='bbox 1491 990 1586 1026; x_wconf 80' lang='grc' dir='ltr'>ἄνδρες</span> <span class='ocrx_word' id='word_1_495' title='bbox 1604 990 1633 1017; x_wconf 82' lang='grc' dir='ltr'>δὲ</span> <span class='ocrx_word' id='word_1_496' title='bbox 1651 989 1727 1025; x_wconf 76' lang='grc' dir='ltr'>σοφοὶ</span> <span class='ocrx_word' id='word_1_497' title='bbox 1749 990 1819 1016; x_wconf 89' lang='grc' dir='ltr'>ἀπο-</span> 
     </span>
    </p>
   </div>
   <div class='ocr_carea' id='block_1_71' title="bbox 1031 1035 1821 1071">
    <p class='ocr_par' dir='ltr' id='par_1_71' title="bbox 1031 1035 1821 1071">
     <span class='ocr_line' id='line_1_71' title="bbox 1031 1035 1821 1071; baseline -0.001 -8"><span class='ocrx_word' id='word_1_498' title='bbox 1031 1035 1154 1063; x_wconf 81' lang='grc' dir='ltr'>λέσουσιν</span> <span class='ocrx_word' id='word_1_499' title='bbox 1169 1037 1260 1069; x_wconf 73' lang='grc' dir='ltr'><strong>αὐτὸν,</strong></span> <span class='ocrx_word' id='word_1_500' title='bbox 1284 1036 1364 1071; x_wconf 83' lang='grc' dir='ltr'>δῆλον</span> <span class='ocrx_word' id='word_1_501' title='bbox 1379 1036 1418 1068; x_wconf 87' lang='grc' dir='ltr'>ὡς</span> <span class='ocrx_word' id='word_1_502' title='bbox 1431 1036 1530 1063; x_wconf 84' lang='grc' dir='ltr'>κακίαν</span> <span class='ocrx_word' id='word_1_503' title='bbox 1549 1036 1726 1063; x_wconf 81' lang='grc' dir='ltr'>ἀπολλύουσιν</span> <span class='ocrx_word' id='word_1_504' title='bbox 1740 1037 1766 1062; x_wconf 73' lang='lat' dir='ltr'><strong>ot</strong></span> <span class='ocrx_word' id='word_1_505' title='bbox 1779 1035 1821 1062; x_wconf 89' lang='grc' dir='ltr'>δί-</span> 
     </span>
    </p>
   </div>
   <div class='ocr_carea' id='block_1_72' title="bbox 1031 1081 1820 1118">
    <p class='ocr_par' dir='ltr' id='par_1_72' title="bbox 1031 1081 1820 1118">
     <span class='ocr_line' id='line_1_72' title="bbox 1031 1081 1820 1118; baseline -0.001 -9"><span class='ocrx_word' id='word_1_506' title='bbox 1031 1090 1104 1109; x_wconf 84' lang='grc' dir='ltr'>καιοι</span> <span class='ocrx_word' id='word_1_507' title='bbox 1125 1082 1171 1109; x_wconf 79' lang='grc' dir='ltr'>καὶ</span> <span class='ocrx_word' id='word_1_508' title='bbox 1188 1082 1279 1117; x_wconf 76' lang='grc' dir='ltr'>σοφοὶ,</span> <span class='ocrx_word' id='word_1_509' title='bbox 1295 1081 1340 1109; x_wconf 75' lang='grc' dir='ltr'><strong>διὰ</strong></span> <span class='ocrx_word' id='word_1_510' title='bbox 1363 1082 1413 1118; x_wconf 77' lang='grc' dir='ltr'><strong>τῆς</strong></span> <span class='ocrx_word' id='word_1_511' title='bbox 1435 1083 1623 1118; x_wconf 82' lang='grc' dir='ltr'>πνευματικῆς</span> <span class='ocrx_word' id='word_1_512' title='bbox 1645 1081 1820 1114; x_wconf 78' lang='grc' dir='ltr'>διδασκαλίας</span> 
     </span>
    </p>
   </div>
   <div class='ocr_carea' id='block_1_73' title="bbox 1030 1127 1675 1164">
    <p class='ocr_par' dir='ltr' id='par_1_73' title="bbox 1030 1127 1675 1164">
     <span class='ocr_line' id='line_1_73' title="bbox 1030 1127 1675 1164; baseline 0 -10"><span class='ocrx_word' id='word_1_513' title='bbox 1030 1128 1093 1160; x_wconf 83' lang='grc' dir='ltr'>τοὺς</span> <span class='ocrx_word' id='word_1_514' title='bbox 1107 1127 1279 1163; x_wconf 77' lang='grc' dir='ltr'>ἀκαθάρτους</span> <span class='ocrx_word' id='word_1_515' title='bbox 1290 1128 1358 1163; x_wconf 85' lang='grc' dir='ltr'>πρὸς</span> <span class='ocrx_word' id='word_1_516' title='bbox 1371 1128 1470 1164; x_wconf 76' lang='grc' dir='ltr'>ἀρετὴν</span> <span class='ocrx_word' id='word_1_517' title='bbox 1485 1128 1675 1163; x_wconf 78' lang='grc' dir='ltr'>ἐπανάγοντες.</span> 
     </span>
    </p>
   </div>
   <div class='ocr_carea' id='block_1_74' title="bbox 1066 1174 1818 1210">
    <p class='ocr_par' dir='ltr' id='par_1_74' title="bbox 1066 1174 1818 1210">
     <span class='ocr_line' id='line_1_74' title="bbox 1066 1174 1818 1210; baseline -0.003 -8"><span class='ocrx_word' id='word_1_518' title='bbox 1066 1175 1122 1210; x_wconf 79' lang='grc' dir='ltr'><strong>Οὐχ</strong></span> <span class='ocrx_word' id='word_1_519' title='bbox 1143 1176 1158 1202; x_wconf 86' lang='lat'><strong>6</strong></span> <span class='ocrx_word' id='word_1_520' title='bbox 1180 1175 1261 1209; x_wconf 82' lang='grc' dir='ltr'>νόμος</span> <span class='ocrx_word' id='word_1_521' title='bbox 1286 1174 1461 1210; x_wconf 80' lang='grc' dir='ltr'>βδελύσσεταί</span> <span class='ocrx_word' id='word_1_522' title='bbox 1482 1183 1553 1206; x_wconf 86' lang='grc' dir='ltr'>τινος</span> <span class='ocrx_word' id='word_1_523' title='bbox 1577 1174 1628 1210; x_wconf 81' lang='grc' dir='ltr'><strong>τὴν</strong></span> <span class='ocrx_word' id='word_1_524' title='bbox 1654 1174 1818 1210; x_wconf 75' lang='grc' dir='ltr'>προσευχὴν,</span> 
     </span>
    </p>
   </div>
   <div class='ocr_carea' id='block_1_75' title="bbox 1030 1220 1819 1256">
    <p class='ocr_par' dir='ltr' id='par_1_75' title="bbox 1030 1220 1819 1256">
     <span class='ocr_line' id='line_1_75' title="bbox 1030 1220 1819 1256; baseline 0 -9"><span class='ocrx_word' id='word_1_525' title='bbox 1030 1220 1086 1248; x_wconf 77' lang='grc' dir='ltr'>ἀλλ’</span> <span class='ocrx_word' id='word_1_526' title='bbox 1099 1222 1114 1247; x_wconf 88' lang='lat'><strong>6</strong></span> <span class='ocrx_word' id='word_1_527' title='bbox 1129 1220 1253 1252; x_wconf 86' lang='grc' dir='ltr'>δεδωκὼς</span> <span class='ocrx_word' id='word_1_528' title='bbox 1270 1221 1317 1247; x_wconf 85' lang='grc' dir='ltr'><strong>τὸν</strong></span> <span class='ocrx_word' id='word_1_529' title='bbox 1337 1220 1418 1256; x_wconf 85' lang='grc' dir='ltr'>νόμον</span> <span class='ocrx_word' id='word_1_530' title='bbox 1437 1220 1521 1253; x_wconf 79' lang='grc' dir='ltr'>Θεὸς,</span> <span class='ocrx_word' id='word_1_531' title='bbox 1540 1221 1586 1247; x_wconf 80' lang='grc' dir='ltr'><strong>τοῦ</strong></span> <span class='ocrx_word' id='word_1_532' title='bbox 1603 1221 1772 1253; x_wconf 78' lang='grc' dir='ltr'>ἐκκλίνοντος</span> <span class='ocrx_word' id='word_1_533' title='bbox 1787 1221 1819 1248; x_wconf 65' lang='grc' dir='ltr'><strong>τὸ</strong></span> 
     </span>
    </p>
   </div>
   <div class='ocr_carea' id='block_1_76' title="bbox 1029 1265 1798 1302">
    <p class='ocr_par' dir='ltr' id='par_1_76' title="bbox 1029 1265 1798 1302">
     <span class='ocr_line' id='line_1_76' title="bbox 1029 1265 1798 1302; baseline -0.001 -8"><span class='ocrx_word' id='word_1_534' title='bbox 1029 1265 1076 1299; x_wconf 72' lang='grc' dir='ltr'>οὖς</span> <span class='ocrx_word' id='word_1_535' title='bbox 1095 1267 1187 1299; x_wconf 81' lang='grc' dir='ltr'>αὑτοῦ,</span> <span class='ocrx_word' id='word_1_536' title='bbox 1205 1267 1253 1294; x_wconf 77' lang='grc' dir='ltr'>καὶ</span> <span class='ocrx_word' id='word_1_537' title='bbox 1270 1267 1307 1302; x_wconf 77' lang='grc' dir='ltr'>μή</span> <span class='ocrx_word' id='word_1_538' title='bbox 1324 1266 1474 1293; x_wconf 81' lang='grc' dir='ltr'>εἰσακούειν</span> <span class='ocrx_word' id='word_1_539' title='bbox 1496 1266 1635 1298; x_wconf 75' lang='grc' dir='ltr'>ποιοῦντος</span> <span class='ocrx_word' id='word_1_540' title='bbox 1649 1266 1695 1293; x_wconf 80' lang='grc' dir='ltr'>τοῦ</span> <span class='ocrx_word' id='word_1_541' title='bbox 1716 1267 1798 1302; x_wconf 71' lang='grc' dir='ltr'>νόμου</span> 
     </span>
    </p>
   </div>
   <div class='ocr_carea' id='block_1_77' title="bbox 1029 1312 1819 1349">
    <p class='ocr_par' dir='ltr' id='par_1_77' title="bbox 1029 1312 1819 1349">
     <span class='ocr_line' id='line_1_77' title="bbox 1029 1312 1819 1349; baseline 0 -9"><span class='ocrx_word' id='word_1_542' title='bbox 1029 1314 1077 1340; x_wconf 79' lang='grc' dir='ltr'>καὶ</span> <span class='ocrx_word' id='word_1_543' title='bbox 1096 1314 1111 1339; x_wconf 86' lang='lat'><strong>6</strong></span> <span class='ocrx_word' id='word_1_544' title='bbox 1128 1312 1234 1345; x_wconf 85' lang='grc' dir='ltr'>Παῦλός</span> <span class='ocrx_word' id='word_1_545' title='bbox 1258 1320 1341 1349; x_wconf 71' lang='grc' dir='ltr'>φησιο</span> <span class='ocrx_word' id='word_1_546' title='bbox 1361 1312 1547 1347; x_wconf 80' lang='grc' dir='ltr'>Προειδοῦσα</span> <span class='ocrx_word' id='word_1_547' title='bbox 1570 1312 1604 1339; x_wconf 78' lang='grc' dir='ltr'>δὲ</span> <span class='ocrx_word' id='word_1_548' title='bbox 1624 1313 1642 1347; x_wconf 76' lang='grc' dir='ltr'><strong>ἡ</strong></span> <span class='ocrx_word' id='word_1_549' title='bbox 1659 1312 1764 1347; x_wconf 62' lang='grc' dir='ltr'>Γραφὴ</span> <span class='ocrx_word' id='word_1_550' title='bbox 1783 1312 1819 1340; x_wconf 84' lang='grc' dir='ltr'><strong><em>τὸ</em></strong></span> 
     </span>
    </p>
   </div>
   <div class='ocr_carea' id='block_1_78' title="bbox 1026 1357 1819 1394">
    <p class='ocr_par' dir='ltr' id='par_1_78' title="bbox 1026 1357 1819 1394">
     <span class='ocr_line' id='line_1_78' title="bbox 1026 1357 1819 1394; baseline -0.001 -9"><span class='ocrx_word' id='word_1_551' title='bbox 1026 1358 1153 1393; x_wconf 80' lang='grc' dir='ltr'><strong>μέλλον,</strong></span> <span class='ocrx_word' id='word_1_552' title='bbox 1167 1358 1228 1385; x_wconf 80' lang='grc' dir='ltr'>ἀντὶ</span> <span class='ocrx_word' id='word_1_553' title='bbox 1240 1358 1301 1391; x_wconf 80' lang='grc' dir='ltr'><strong>τοῦ,</strong></span> <span class='ocrx_word' id='word_1_554' title='bbox 1317 1358 1346 1385; x_wconf 92' lang='lat'><strong>&#39;0</strong></span> <span class='ocrx_word' id='word_1_555' title='bbox 1359 1358 1408 1394; x_wconf 76' lang='grc' dir='ltr'><strong>τὴν</strong></span> <span class='ocrx_word' id='word_1_556' title='bbox 1415 1358 1525 1394; x_wconf 81' lang='grc' dir='ltr'>Γραφὴν</span> <span class='ocrx_word' id='word_1_557' title='bbox 1533 1357 1655 1390; x_wconf 85' lang='grc' dir='ltr'>δεδωκὼς</span> <span class='ocrx_word' id='word_1_558' title='bbox 1670 1357 1780 1394; x_wconf 80' lang='grc' dir='ltr'>προῄδει</span> <span class='ocrx_word' id='word_1_559' title='bbox 1787 1358 1819 1384; x_wconf 76' lang='grc' dir='ltr'><strong>τί)</strong></span> 
     </span>
    </p>
   </div>
   <div class='ocr_carea' id='block_1_79' title="bbox 1065 1404 1135 1431">
    <p class='ocr_par' dir='ltr' id='par_1_79' title="bbox 1065 1404 1135 1431">
     <span class='ocr_line' id='line_1_79' title="bbox 1065 1404 1135 1431; baseline 0.014 -1"><span class='ocrx_word' id='word_1_560' title='bbox 1065 1404 1135 1431; x_wconf 89' lang='grc' dir='ltr'>λλον.</span> 
     </span>
    </p>
   </div>
   <div class='ocr_carea' id='block_1_80' title="bbox 1030 1404 1818 1485">
    <p class='ocr_par' dir='ltr' id='par_1_80' title="bbox 1030 1404 1818 1485">
     <span class='ocr_line' id='line_1_80' title="bbox 1030 1404 1818 1485; baseline -0.001 -8"><span class='ocrx_word' id='word_1_561' title='bbox 1030 1404 1152 1477; x_wconf 50' lang='grc' dir='ltr'>μὲῗέοέἀ</span> <span class='ocrx_word' id='word_1_562' title='bbox 1168 1449 1365 1485; x_wconf 80' lang='grc' dir='ltr'>ὲνσπειρόμενα</span> <span class='ocrx_word' id='word_1_563' title='bbox 1381 1448 1411 1475; x_wconf 77' lang='grc' dir='ltr'>ὲν</span> <span class='ocrx_word' id='word_1_564' title='bbox 1426 1449 1459 1484; x_wconf 80' lang='grc' dir='ltr'>τῇ</span> <span class='ocrx_word' id='word_1_565' title='bbox 1479 1447 1578 1484; x_wconf 81' lang='grc' dir='ltr'>καρδίᾳ</span> <span class='ocrx_word' id='word_1_566' title='bbox 1598 1448 1680 1476; x_wconf 79' lang='grc' dir='ltr'>αὑτοῦ</span> <span class='ocrx_word' id='word_1_567' title='bbox 1702 1449 1754 1476; x_wconf 80' lang='grc' dir='ltr'><strong>ὑπὸ</strong></span> <span class='ocrx_word' id='word_1_568' title='bbox 1768 1449 1818 1476; x_wconf 82' lang='grc' dir='ltr'><strong>τοῦ</strong></span> 
     </span>
    </p>
   </div>
   <div class='ocr_carea' id='block_1_81' title="bbox 1028 1494 1819 1533">
    <p class='ocr_par' dir='ltr' id='par_1_81' title="bbox 1028 1494 1819 1533">
     <span class='ocr_line' id='line_1_81' title="bbox 1028 1494 1819 1533; baseline -0.003 -9"><span class='ocrx_word' id='word_1_569' title='bbox 1028 1496 1146 1533; x_wconf 78' lang='grc' dir='ltr'>πονηροῦ</span> <span class='ocrx_word' id='word_1_570' title='bbox 1164 1495 1248 1527; x_wconf 77' lang='grc' dir='ltr'>κακά,</span> <span class='ocrx_word' id='word_1_571' title='bbox 1270 1495 1307 1531; x_wconf 79' lang='grc' dir='ltr'><strong>μὴ</strong></span> <span class='ocrx_word' id='word_1_572' title='bbox 1322 1494 1492 1529; x_wconf 75' lang='grc' dir='ltr'>ἐξαγγέλλων</span> <span class='ocrx_word' id='word_1_573' title='bbox 1506 1495 1575 1522; x_wconf 82' lang='grc' dir='ltr'>αὐτὰ</span> <span class='ocrx_word' id='word_1_574' title='bbox 1589 1494 1684 1531; x_wconf 83' lang='grc' dir='ltr'>Κυρίῳ</span> <span class='ocrx_word' id='word_1_575' title='bbox 1703 1495 1742 1531; x_wconf 81' lang='grc' dir='ltr'>τῷ</span> <span class='ocrx_word' id='word_1_576' title='bbox 1758 1496 1819 1532; x_wconf 82' lang='grc' dir='ltr'>Θεῷ</span> 
     </span>
    </p>
   </div>
   <div class='ocr_carea' id='block_1_82' title="bbox 1027 1540 1816 1579">
    <p class='ocr_par' dir='ltr' id='par_1_82' title="bbox 1027 1540 1816 1579">
     <span class='ocr_line' id='line_1_82' title="bbox 1027 1540 1816 1579; baseline 0 -11"><span class='ocrx_word' id='word_1_577' title='bbox 1027 1542 1044 1578; x_wconf 76' lang='grc' dir='ltr'><strong>ἢ</strong></span> <span class='ocrx_word' id='word_1_578' title='bbox 1068 1542 1184 1576; x_wconf 71' lang='grc' dir='ltr'>θεοφιλει</span> <span class='ocrx_word' id='word_1_579' title='bbox 1197 1540 1332 1577; x_wconf 76' lang='grc' dir='ltr'>ἀνθρώπῳ</span> <span class='ocrx_word' id='word_1_580' title='bbox 1354 1540 1427 1575; x_wconf 76' lang='grc'><strong>(24),</strong></span> <span class='ocrx_word' id='word_1_581' title='bbox 1455 1541 1504 1567; x_wconf 86' lang='grc' dir='ltr'>οὺκ</span> <span class='ocrx_word' id='word_1_582' title='bbox 1529 1540 1723 1577; x_wconf 83' lang='grc' dir='ltr'>εὐοδωθήσεται</span> <span class='ocrx_word' id='word_1_583' title='bbox 1737 1543 1766 1568; x_wconf 80' lang='grc' dir='ltr'>ὲν</span> <span class='ocrx_word' id='word_1_584' title='bbox 1783 1543 1816 1579; x_wconf 77' lang='grc' dir='ltr'><strong>τῇ</strong></span> 
     </span>
    </p>
   </div>
   <div class='ocr_carea' id='block_1_83' title="bbox 1030 1586 1818 1625">
    <p class='ocr_par' dir='ltr' id='par_1_83' title="bbox 1030 1586 1818 1625">
     <span class='ocr_line' id='line_1_83' title="bbox 1030 1586 1818 1625; baseline -0.003 -10"><span class='ocrx_word' id='word_1_585' title='bbox 1030 1588 1101 1615; x_wconf 82' lang='grc' dir='ltr'><strong>κατά</strong></span> <span class='ocrx_word' id='word_1_586' title='bbox 1120 1587 1166 1615; x_wconf 80' lang='grc' dir='ltr'><strong>τοῦ</strong></span> <span class='ocrx_word' id='word_1_587' title='bbox 1190 1587 1308 1623; x_wconf 66' lang='grc' dir='ltr'>πονηρδῦ</span> <span class='ocrx_word' id='word_1_588' title='bbox 1335 1587 1413 1623; x_wconf 83' lang='grc' dir='ltr'>νίκῃ’</span> <span class='ocrx_word' id='word_1_589' title='bbox 1428 1587 1442 1613; x_wconf 91' lang='lat'><strong>6</strong></span> <span class='ocrx_word' id='word_1_590' title='bbox 1464 1587 1493 1614; x_wconf 78' lang='grc' dir='ltr'>δὲ</span> <span class='ocrx_word' id='word_1_591' title='bbox 1519 1586 1685 1621; x_wconf 74' lang='grc' dir='ltr'><strong>ιξαγγὲλλων</strong></span> <span class='ocrx_word' id='word_1_592' title='bbox 1707 1588 1818 1625; x_wconf 83' lang='grc' dir='ltr'>ἀγαπη-</span> 
     </span>
    </p>
   </div>
   <div class='ocr_carea' id='block_1_84' title="bbox 1031 1633 1819 1672">
    <p class='ocr_par' dir='ltr' id='par_1_84' title="bbox 1031 1633 1819 1672">
     <span class='ocr_line' id='line_1_84' title="bbox 1031 1633 1819 1672; baseline 0 -10"><span class='ocrx_word' id='word_1_593' title='bbox 1031 1635 1142 1672; x_wconf 81' lang='grc' dir='ltr'>θήσεται</span> <span class='ocrx_word' id='word_1_594' title='bbox 1161 1635 1213 1661; x_wconf 81' lang='grc' dir='ltr'>ὐπὺ</span> <span class='ocrx_word' id='word_1_595' title='bbox 1229 1634 1275 1661; x_wconf 83' lang='grc' dir='ltr'><strong>τοῦ</strong></span> <span class='ocrx_word' id='word_1_596' title='bbox 1293 1634 1360 1661; x_wconf 84' lang='grc' dir='ltr'>Θεοῦ</span> <span class='ocrx_word' id='word_1_597' title='bbox 1380 1634 1426 1661; x_wconf 74' lang='grc' dir='ltr'>καὶ</span> <span class='ocrx_word' id='word_1_598' title='bbox 1441 1633 1496 1660; x_wconf 88' lang='grc' dir='ltr'>τῶν</span> <span class='ocrx_word' id='word_1_599' title='bbox 1514 1634 1636 1669; x_wconf 78' lang='grc' dir='ltr'>ἀγγέλων</span> <span class='ocrx_word' id='word_1_600' title='bbox 1653 1635 1752 1662; x_wconf 78' lang='grc' dir='ltr'>αὑτοῦ·</span> <span class='ocrx_word' id='word_1_601' title='bbox 1770 1636 1819 1663; x_wconf 77' lang='grc' dir='ltr'>καὶ</span> 
     </span>
    </p>
   </div>
   <div class='ocr_carea' id='block_1_85' title="bbox 1031 1679 1818 1716">
    <p class='ocr_par' dir='ltr' id='par_1_85' title="bbox 1031 1679 1818 1716">
     <span class='ocr_line' id='line_1_85' title="bbox 1031 1679 1818 1716; baseline 0 -8"><span class='ocrx_word' id='word_1_602' title='bbox 1031 1682 1044 1708; x_wconf 88' lang='lat'><strong>6</strong></span> <span class='ocrx_word' id='word_1_603' title='bbox 1063 1681 1189 1712; x_wconf 79' lang='grc' dir='ltr'>Ἰάκωὸός</span> <span class='ocrx_word' id='word_1_604' title='bbox 1204 1689 1302 1716; x_wconf 80' lang='grc' dir='ltr'>φησιν·</span> <span class='ocrx_word' id='word_1_605' title='bbox 1323 1679 1478 1713; x_wconf 76' lang='grc' dir='ltr'><strong>Ἀλλήλοις</strong></span> <span class='ocrx_word' id='word_1_606' title='bbox 1493 1680 1688 1715; x_wconf 75' lang='grc' dir='ltr'><strong>ἐξαττέλλετε</strong></span> <span class='ocrx_word' id='word_1_607' title='bbox 1709 1681 1745 1708; x_wconf 85' lang='grc' dir='ltr'><strong>τὰ</strong></span> <span class='ocrx_word' id='word_1_608' title='bbox 1761 1690 1818 1708; x_wconf 76' lang='grc' dir='ltr'>πα-</span> 
     </span>
    </p>
   </div>
   <div class='ocr_carea' id='block_1_86' title="bbox 1027 1725 1819 1763">
    <p class='ocr_par' dir='ltr' id='par_1_86' title="bbox 1027 1725 1819 1763">
     <span class='ocr_line' id='line_1_86' title="bbox 1027 1725 1819 1763; baseline 0 -9"><span class='ocrx_word' id='word_1_609' title='bbox 1027 1727 1207 1762; x_wconf 79' lang='grc' dir='ltr'>ραπτώματα</span> <span class='ocrx_word' id='word_1_610' title='bbox 1222 1726 1316 1761; x_wconf 81' lang='grc' dir='ltr'><strong>ὑμῶν,</strong></span> <span class='ocrx_word' id='word_1_611' title='bbox 1336 1727 1414 1760; x_wconf 81' lang='grc' dir='ltr'>ὅπως</span> <span class='ocrx_word' id='word_1_612' title='bbox 1437 1725 1553 1760; x_wconf 69' lang='grc' dir='ltr'>ἰαθῆτεθ</span> <span class='ocrx_word' id='word_1_613' title='bbox 1570 1726 1617 1753; x_wconf 78' lang='grc' dir='ltr'>καὶ</span> <span class='ocrx_word' id='word_1_614' title='bbox 1638 1728 1653 1754; x_wconf 89' lang='lat'><strong>6</strong></span> <span class='ocrx_word' id='word_1_615' title='bbox 1667 1727 1819 1763; x_wconf 73' lang='grc' dir='ltr'>Ψαλμῳδὸς</span> 
     </span>
    </p>
   </div>
   <div class='ocr_carea' id='block_1_87' title="bbox 1031 1771 1820 1808">
    <p class='ocr_par' dir='ltr' id='par_1_87' title="bbox 1031 1771 1820 1808">
     <span class='ocr_line' id='line_1_87' title="bbox 1031 1771 1820 1808; baseline 0.001 -8"><span class='ocrx_word' id='word_1_616' title='bbox 1031 1772 1107 1801; x_wconf 84' lang='grc' dir='ltr'>εἶπεν</span> <span class='ocrx_word' id='word_1_617' title='bbox 1115 1782 1122 1788; x_wconf 69' lang='grc' dir='ltr'><strong>ι</strong></span> <span class='ocrx_word' id='word_1_618' title='bbox 1140 1773 1339 1808; x_wconf 81' lang='grc' dir='ltr'><strong>Ἐξατ-ορεύσω</strong></span> <span class='ocrx_word' id='word_1_619' title='bbox 1349 1773 1412 1799; x_wconf 74' lang='grc' dir='ltr'>κατ’</span> <span class='ocrx_word' id='word_1_620' title='bbox 1418 1772 1489 1808; x_wconf 82' lang='grc' dir='ltr'><strong>ἐμοῦ</strong></span> <span class='ocrx_word' id='word_1_621' title='bbox 1498 1771 1555 1806; x_wconf 80' lang='grc' dir='ltr'><strong>τὴν</strong></span> <span class='ocrx_word' id='word_1_622' title='bbox 1562 1772 1689 1807; x_wconf 80' lang='grc' dir='ltr'>ἀνομίαν</span> <span class='ocrx_word' id='word_1_623' title='bbox 1692 1782 1752 1808; x_wconf 79' lang='grc' dir='ltr'><strong>μου</strong></span> <span class='ocrx_word' id='word_1_624' title='bbox 1760 1775 1820 1801; x_wconf 83' lang='grc' dir='ltr'><strong>Κυ-</strong></span> 
     </span>
    </p>
   </div>
   <div class='ocr_carea' id='block_1_88' title="bbox 1026 1818 1819 1855">
    <p class='ocr_par' dir='ltr' id='par_1_88' title="bbox 1026 1818 1819 1855">
     <span class='ocr_line' id='line_1_88' title="bbox 1026 1818 1819 1855; baseline 0.001 -8"><span class='ocrx_word' id='word_1_625' title='bbox 1026 1821 1091 1855; x_wconf 77' lang='grc' dir='ltr'>ρίῳ,</span> <span class='ocrx_word' id='word_1_626' title='bbox 1102 1820 1197 1847; x_wconf 77' lang='grc' dir='ltr'>καὶσὺ</span> <span class='ocrx_word' id='word_1_627' title='bbox 1206 1819 1389 1854; x_wconf 73' lang='grc' dir='ltr'>ἀφῆκαςτὴν</span> <span class='ocrx_word' id='word_1_628' title='bbox 1400 1819 1539 1846; x_wconf 78' lang='grc' dir='ltr'>ἀσέϐειαν</span> <span class='ocrx_word' id='word_1_629' title='bbox 1547 1818 1602 1854; x_wconf 81' lang='grc' dir='ltr'><strong>τῆς</strong></span> <span class='ocrx_word' id='word_1_630' title='bbox 1615 1820 1739 1854; x_wconf 76' lang='grc' dir='ltr'>καρδίας</span> <span class='ocrx_word' id='word_1_631' title='bbox 1747 1829 1819 1855; x_wconf 77' lang='grc' dir='ltr'>μου.</span> 
     </span>
    </p>
   </div>
   <div class='ocr_carea' id='block_1_89' title="bbox 1066 1865 1821 1901">
    <p class='ocr_par' dir='ltr' id='par_1_89' title="bbox 1066 1865 1821 1901">
     <span class='ocr_line' id='line_1_89' title="bbox 1066 1865 1821 1901; baseline 0.004 -10"><span class='ocrx_word' id='word_1_632' title='bbox 1066 1866 1099 1891; x_wconf 84' lang='grc' dir='ltr'><strong>Αἰ</strong></span> <span class='ocrx_word' id='word_1_633' title='bbox 1115 1865 1240 1901; x_wconf 80' lang='grc' dir='ltr'>πρόσοδοι</span> <span class='ocrx_word' id='word_1_634' title='bbox 1260 1865 1306 1892; x_wconf 82' lang='grc' dir='ltr'><strong>τοῦ</strong></span> <span class='ocrx_word' id='word_1_635' title='bbox 1332 1865 1449 1901; x_wconf 84' lang='grc' dir='ltr'>πονηροῦ</span> <span class='ocrx_word' id='word_1_636' title='bbox 1466 1865 1611 1900; x_wconf 81' lang='grc' dir='ltr'>βασιλέως,</span> <span class='ocrx_word' id='word_1_637' title='bbox 1633 1866 1701 1893; x_wconf 80' lang='grc' dir='ltr'>είσὶν</span> <span class='ocrx_word' id='word_1_638' title='bbox 1717 1867 1746 1893; x_wconf 73' lang='grc' dir='ltr'>αἱ</span> <span class='ocrx_word' id='word_1_639' title='bbox 1769 1876 1821 1894; x_wconf 80' lang='grc' dir='ltr'>κα-</span> 
     </span>
    </p>
   </div>
   <div class='ocr_carea' id='block_1_90' title="bbox 1032 1911 1822 1948">
    <p class='ocr_par' dir='ltr' id='par_1_90' title="bbox 1032 1911 1822 1948">
     <span class='ocr_line' id='line_1_90' title="bbox 1032 1911 1822 1948; baseline 0.003 -10"><span class='ocrx_word' id='word_1_640' title='bbox 1032 1911 1090 1939; x_wconf 87' lang='grc' dir='ltr'>κίαι</span> <span class='ocrx_word' id='word_1_641' title='bbox 1107 1912 1154 1938; x_wconf 73' lang='grc' dir='ltr'>καὶ</span> <span class='ocrx_word' id='word_1_642' title='bbox 1169 1911 1203 1938; x_wconf 86' lang='grc' dir='ltr'><strong>τά</strong></span> <span class='ocrx_word' id='word_1_643' title='bbox 1216 1911 1300 1947; x_wconf 75' lang='grc' dir='ltr'>ψευδῆ</span> <span class='ocrx_word' id='word_1_644' title='bbox 1322 1911 1458 1947; x_wconf 82' lang='grc' dir='ltr'>δόγματα·</span> <span class='ocrx_word' id='word_1_645' title='bbox 1479 1911 1564 1938; x_wconf 82' lang='grc' dir='ltr'>ταῦτα</span> <span class='ocrx_word' id='word_1_646' title='bbox 1578 1912 1632 1948; x_wconf 86' lang='grc' dir='ltr'><strong>γὰρ</strong></span> <span class='ocrx_word' id='word_1_647' title='bbox 1648 1912 1722 1948; x_wconf 79' lang='grc' dir='ltr'>αὐτῷ</span> <span class='ocrx_word' id='word_1_648' title='bbox 1736 1921 1822 1948; x_wconf 79' lang='grc' dir='ltr'>πρεσ-</span> 
     </span>
    </p>
   </div>
   <div class='ocr_carea' id='block_1_91' title="bbox 1032 1956 1822 1992">
    <p class='ocr_par' dir='ltr' id='par_1_91' title="bbox 1032 1956 1822 1992">
     <span class='ocr_line' id='line_1_91' title="bbox 1032 1956 1822 1992; baseline 0.003 -9"><span class='ocrx_word' id='word_1_649' title='bbox 1032 1956 1166 1984; x_wconf 85' lang='grc' dir='ltr'>οδεύουσιν</span> <span class='ocrx_word' id='word_1_650' title='bbox 1174 1957 1199 1983; x_wconf 88' lang='grc' dir='ltr'>οἱ</span> <span class='ocrx_word' id='word_1_651' title='bbox 1209 1956 1410 1991; x_wconf 83' lang='grc' dir='ltr'>βασιλευόμενοι</span> <span class='ocrx_word' id='word_1_652' title='bbox 1421 1957 1467 1983; x_wconf 83' lang='grc' dir='ltr'><strong>ὑπ’</strong></span> <span class='ocrx_word' id='word_1_653' title='bbox 1481 1956 1574 1983; x_wconf 75' lang='grc' dir='ltr'><strong>αὑτοῦ·</strong></span> <span class='ocrx_word' id='word_1_654' title='bbox 1589 1957 1822 1992; x_wconf 77' lang='grc' dir='ltr'>συκοφαντοῦνται</span> 
     </span>
    </p>
   </div>
   <div class='ocr_carea' id='block_1_92' title="bbox 1032 2002 1822 2039">
    <p class='ocr_par' dir='ltr' id='par_1_92' title="bbox 1032 2002 1822 2039">
     <span class='ocr_line' id='line_1_92' title="bbox 1032 2002 1822 2039; baseline 0.003 -10"><span class='ocrx_word' id='word_1_655' title='bbox 1032 2003 1061 2029; x_wconf 81' lang='grc' dir='ltr'>δὲ</span> <span class='ocrx_word' id='word_1_656' title='bbox 1073 2002 1112 2038; x_wconf 81' lang='grc' dir='ltr'>τῷ</span> <span class='ocrx_word' id='word_1_657' title='bbox 1127 2002 1186 2038; x_wconf 85' lang='grc' dir='ltr'><strong>Θεῷ</strong></span> <span class='ocrx_word' id='word_1_658' title='bbox 1199 2004 1224 2030; x_wconf 77' lang='grc' dir='ltr'>οἱ</span> <span class='ocrx_word' id='word_1_659' title='bbox 1238 2002 1277 2037; x_wconf 88' lang='grc' dir='ltr'>τῷ</span> <span class='ocrx_word' id='word_1_660' title='bbox 1291 2002 1401 2038; x_wconf 85' lang='grc' dir='ltr'>πονηρῷ</span> <span class='ocrx_word' id='word_1_661' title='bbox 1423 2002 1633 2039; x_wconf 82' lang='grc' dir='ltr'>πειθαρχοῦντες</span> <span class='ocrx_word' id='word_1_662' title='bbox 1643 2012 1649 2018; x_wconf 89' lang='grc'><strong>·</strong></span> <span class='ocrx_word' id='word_1_663' title='bbox 1673 2004 1714 2030; x_wconf 85' lang='grc' dir='ltr'><strong>ὅτι</strong></span> <span class='ocrx_word' id='word_1_664' title='bbox 1729 2004 1759 2030; x_wconf 75' lang='grc' dir='ltr'><strong>οὒ</strong></span> <span class='ocrx_word' id='word_1_665' title='bbox 1782 2005 1822 2037; x_wconf 81' lang='grc' dir='ltr'>τῷ</span> 
     </span>
    </p>
   </div>
   <div class='ocr_carea' id='block_1_93' title="bbox 1033 2048 1820 2084">
    <p class='ocr_par' dir='ltr' id='par_1_93' title="bbox 1033 2048 1820 2084">
     <span class='ocr_line' id='line_1_93' title="bbox 1033 2048 1820 2084; baseline 0.004 -10"><span class='ocrx_word' id='word_1_666' title='bbox 1033 2048 1102 2083; x_wconf 84' lang='grc' dir='ltr'>Θεῷ,</span> <span class='ocrx_word' id='word_1_667' title='bbox 1113 2048 1180 2075; x_wconf 75' lang='grc' dir='ltr'>ἀλλὰ</span> <span class='ocrx_word' id='word_1_668' title='bbox 1193 2048 1232 2084; x_wconf 79' lang='grc' dir='ltr'>τῷ</span> <span class='ocrx_word' id='word_1_669' title='bbox 1247 2048 1335 2084; x_wconf 76' lang='grc' dir='ltr'>ἐχθρῷ</span> <span class='ocrx_word' id='word_1_670' title='bbox 1351 2048 1432 2075; x_wconf 81' lang='grc' dir='ltr'>αὑτοῦ</span> <span class='ocrx_word' id='word_1_671' title='bbox 1452 2048 1491 2084; x_wconf 86' lang='grc' dir='ltr'>τῷ</span> <span class='ocrx_word' id='word_1_672' title='bbox 1510 2048 1625 2084; x_wconf 77' lang='grc' dir='ltr'>διαϐόλῳ</span> <span class='ocrx_word' id='word_1_673' title='bbox 1640 2050 1800 2077; x_wconf 78' lang='grc' dir='ltr'>ὑπόκεινται</span> <span class='ocrx_word' id='word_1_674' title='bbox 1812 2060 1820 2066; x_wconf 88' lang='grc'><strong>·</strong></span> 
     </span>
    </p>
   </div>
   <div class='ocr_carea' id='block_1_94' title="bbox 1033 2092 1820 2130">
    <p class='ocr_par' dir='ltr' id='par_1_94' title="bbox 1033 2092 1820 2130">
     <span class='ocr_line' id='line_1_94' title="bbox 1033 2092 1820 2130; baseline 0.005 -12"><span class='ocrx_word' id='word_1_675' title='bbox 1033 2093 1094 2119; x_wconf 75' lang='grc' dir='ltr'>ἐπεὶ</span> <span class='ocrx_word' id='word_1_676' title='bbox 1107 2092 1135 2118; x_wconf 80' lang='grc' dir='ltr'>δὲ</span> <span class='ocrx_word' id='word_1_677' title='bbox 1150 2094 1163 2119; x_wconf 88' lang='lat'><strong>6</strong></span> <span class='ocrx_word' id='word_1_678' title='bbox 1177 2092 1242 2124; x_wconf 80' lang='grc' dir='ltr'>Θεὸς</span> <span class='ocrx_word' id='word_1_679' title='bbox 1259 2094 1333 2128; x_wconf 86' lang='grc' dir='ltr'>μισεῖ</span> <span class='ocrx_word' id='word_1_680' title='bbox 1346 2093 1392 2119; x_wconf 83' lang='grc' dir='ltr'><strong>τὸν</strong></span> <span class='ocrx_word' id='word_1_681' title='bbox 1405 2093 1526 2120; x_wconf 74' lang='grc' dir='ltr'>διάϐολον</span> <span class='ocrx_word' id='word_1_682' title='bbox 1539 2093 1583 2121; x_wconf 78' lang='grc' dir='ltr'><strong>διὰ</strong></span> <span class='ocrx_word' id='word_1_683' title='bbox 1598 2094 1633 2121; x_wconf 79' lang='grc' dir='ltr'><strong>τὰ</strong></span> <span class='ocrx_word' id='word_1_684' title='bbox 1649 2094 1719 2130; x_wconf 78' lang='grc' dir='ltr'>ἔργα</span> <span class='ocrx_word' id='word_1_685' title='bbox 1737 2096 1820 2122; x_wconf 77' lang='grc' dir='ltr'>αὑτοῦ</span> 
     </span>
    </p>
   </div>
   <div class='ocr_carea' id='block_1_95' title="bbox 1033 2137 1821 2175">
    <p class='ocr_par' dir='ltr' id='par_1_95' title="bbox 1033 2137 1821 2175">
     <span class='ocr_line' id='line_1_95' title="bbox 1033 2137 1821 2175; baseline 0.006 -11"><span class='ocrx_word' id='word_1_686' title='bbox 1033 2138 1067 2164; x_wconf 79' lang='grc' dir='ltr'><strong>τὰ</strong></span> <span class='ocrx_word' id='word_1_687' title='bbox 1083 2137 1198 2173; x_wconf 86' lang='grc' dir='ltr'>πονηρὰ,</span> <span class='ocrx_word' id='word_1_688' title='bbox 1221 2138 1302 2165; x_wconf 66' lang='grc' dir='ltr'>αὐτὸς</span> <span class='ocrx_word' id='word_1_689' title='bbox 1317 2138 1397 2165; x_wconf 78' lang='grc' dir='ltr'>πάλιν</span> <span class='ocrx_word' id='word_1_690' title='bbox 1410 2139 1453 2165; x_wconf 75' lang='grc' dir='ltr'><strong>διὰ</strong></span> <span class='ocrx_word' id='word_1_691' title='bbox 1469 2138 1522 2166; x_wconf 84' lang='grc' dir='ltr'><strong>τῶν</strong></span> <span class='ocrx_word' id='word_1_692' title='bbox 1538 2139 1625 2175; x_wconf 77' lang='grc' dir='ltr'>ἔργων</span> <span class='ocrx_word' id='word_1_693' title='bbox 1642 2141 1724 2168; x_wconf 81' lang='grc' dir='ltr'>αὑτοῦ</span> <span class='ocrx_word' id='word_1_694' title='bbox 1739 2151 1821 2169; x_wconf 88' lang='grc' dir='ltr'>συκο-</span> 
     </span>
    </p>
   </div>
   <div class='ocr_carea' id='block_1_96' title="bbox 1035 2184 1821 2224">
    <p class='ocr_par' dir='ltr' id='par_1_96' title="bbox 1035 2184 1821 2224">
     <span class='ocr_line' id='line_1_96' title="bbox 1035 2184 1821 2224; baseline 0.008 -14"><span class='ocrx_word' id='word_1_695' title='bbox 1035 2185 1129 2219; x_wconf 84' lang='grc' dir='ltr'>φαντεῖ</span> <span class='ocrx_word' id='word_1_696' title='bbox 1143 2185 1205 2216; x_wconf 82' lang='grc' dir='ltr'>τοὺς</span> <span class='ocrx_word' id='word_1_697' title='bbox 1227 2184 1385 2220; x_wconf 84' lang='grc' dir='ltr'>ἀνθρώπους</span> <span class='ocrx_word' id='word_1_698' title='bbox 1401 2186 1468 2219; x_wconf 82' lang='grc' dir='ltr'>πρὸς</span> <span class='ocrx_word' id='word_1_699' title='bbox 1486 2186 1531 2212; x_wconf 89' lang='grc' dir='ltr'><strong>τὸν</strong></span> <span class='ocrx_word' id='word_1_700' title='bbox 1551 2186 1633 2213; x_wconf 86' lang='grc' dir='ltr'>Θεόν·</span> <span class='ocrx_word' id='word_1_701' title='bbox 1652 2189 1667 2214; x_wconf 90' lang='lat'><strong>6</strong></span> <span class='ocrx_word' id='word_1_702' title='bbox 1685 2188 1714 2215; x_wconf 82' lang='grc' dir='ltr'>δὲ</span> <span class='ocrx_word' id='word_1_703' title='bbox 1734 2189 1821 2224; x_wconf 84' lang='grc' dir='ltr'>μισῶν</span> 
     </span>
    </p>
   </div>
   <div class='ocr_carea' id='block_1_97' title="bbox 1000 2230 1821 2270">
    <p class='ocr_par' dir='ltr' id='par_1_97' title="bbox 1000 2230 1821 2270">
     <span class='ocr_line' id='line_1_97' title="bbox 1000 2230 1821 2270; baseline 0.009 -15"><span class='ocrx_word' id='word_1_704' title='bbox 1000 2232 1021 2259; x_wconf 92' lang='lat' dir='ltr'><strong>D</strong></span> <span class='ocrx_word' id='word_1_705' title='bbox 1036 2230 1163 2264; x_wconf 82' lang='grc' dir='ltr'>ἀδικῆσαι</span> <span class='ocrx_word' id='word_1_706' title='bbox 1178 2230 1228 2265; x_wconf 82' lang='grc' dir='ltr'><strong>τὴν</strong></span> <span class='ocrx_word' id='word_1_707' title='bbox 1243 2230 1331 2265; x_wconf 70' lang='grc' dir='ltr'>ψυχὴν</span> <span class='ocrx_word' id='word_1_708' title='bbox 1351 2231 1444 2264; x_wconf 85' lang='grc' dir='ltr'><strong>αὑτοῦ,</strong></span> <span class='ocrx_word' id='word_1_709' title='bbox 1459 2231 1504 2258; x_wconf 81' lang='grc' dir='ltr'>τδν</span> <span class='ocrx_word' id='word_1_710' title='bbox 1520 2232 1624 2267; x_wconf 75' lang='grc' dir='ltr'>μακρὸν</span> <span class='ocrx_word' id='word_1_711' title='bbox 1641 2232 1689 2260; x_wconf 81' lang='grc' dir='ltr'><strong>τοῦ</strong></span> <span class='ocrx_word' id='word_1_712' title='bbox 1702 2234 1821 2270; x_wconf 79' lang='grc' dir='ltr'>ἀπεράν-</span> 
     </span>
    </p>
   </div>
   <div class='ocr_carea' id='block_1_98' title="bbox 1037 2275 1452 2311">
    <p class='ocr_par' dir='ltr' id='par_1_98' title="bbox 1037 2275 1452 2311">
     <span class='ocr_line' id='line_1_98' title="bbox 1037 2275 1452 2311; baseline 0 -9"><span class='ocrx_word' id='word_1_713' title='bbox 1037 2283 1082 2302; x_wconf 80' lang='grc' dir='ltr'>του</span> <span class='ocrx_word' id='word_1_714' title='bbox 1095 2275 1191 2307; x_wconf 85' lang='grc' dir='ltr'>αἰῶνος</span> <span class='ocrx_word' id='word_1_715' title='bbox 1207 2276 1302 2310; x_wconf 87' lang='grc' dir='ltr'>χρόνον</span> <span class='ocrx_word' id='word_1_716' title='bbox 1316 2275 1452 2311; x_wconf 78' lang='grc' dir='ltr'>βιώσεται.</span> 
     </span>
    </p>
   </div>
   <div class='ocr_carea' id='block_1_99' title="bbox 1073 2321 1822 2360">
    <p class='ocr_par' dir='ltr' id='par_1_99' title="bbox 1073 2321 1822 2360">
     <span class='ocr_line' id='line_1_99' title="bbox 1073 2321 1822 2360; baseline 0.005 -12"><span class='ocrx_word' id='word_1_717' title='bbox 1073 2322 1173 2356; x_wconf 80' lang='grc' dir='ltr'>’Λνδρα</span> <span class='ocrx_word' id='word_1_718' title='bbox 1201 2321 1316 2349; x_wconf 79' lang='grc' dir='ltr'>ἐνταῦθα</span> <span class='ocrx_word' id='word_1_719' title='bbox 1338 2322 1421 2355; x_wconf 74' lang='grc' dir='ltr'>φονέα</span> <span class='ocrx_word' id='word_1_720' title='bbox 1442 2323 1488 2349; x_wconf 81' lang='grc' dir='ltr'><strong>τὸν</strong></span> <span class='ocrx_word' id='word_1_721' title='bbox 1508 2323 1630 2351; x_wconf 74' lang='grc' dir='ltr'>διάὸολόν</span> <span class='ocrx_word' id='word_1_722' title='bbox 1650 2333 1746 2360; x_wconf 80' lang='grc' dir='ltr'>φησιν·</span> <span class='ocrx_word' id='word_1_723' title='bbox 1761 2326 1776 2352; x_wconf 87' lang='grc' dir='ltr'><strong>ὀ</strong></span> <span class='ocrx_word' id='word_1_724' title='bbox 1792 2325 1822 2352; x_wconf 66' lang='grc' dir='ltr'>δὲ</span> 
     </span>
    </p>
   </div>
   <div class='ocr_carea' id='block_1_100' title="bbox 1037 2367 1821 2403">
    <p class='ocr_par' dir='ltr' id='par_1_100' title="bbox 1037 2367 1821 2403">
     <span class='ocr_line' id='line_1_100' title="bbox 1037 2367 1821 2403; baseline 0.006 -10"><span class='ocrx_word' id='word_1_725' title='bbox 1037 2367 1210 2402; x_wconf 72' lang='grc' dir='ltr'>ἐγγυώμενος</span> <span class='ocrx_word' id='word_1_726' title='bbox 1239 2368 1288 2403; x_wconf 86' lang='grc' dir='ltr'>τὴν</span> <span class='ocrx_word' id='word_1_727' title='bbox 1319 2367 1440 2400; x_wconf 84' lang='grc' dir='ltr'>ἀδικίαν,</span> <span class='ocrx_word' id='word_1_728' title='bbox 1469 2369 1600 2403; x_wconf 85' lang='grc' dir='ltr'>ὲγγυᾶται</span> <span class='ocrx_word' id='word_1_729' title='bbox 1621 2369 1666 2396; x_wconf 81' lang='grc' dir='ltr'><strong>τὸν</strong></span> <span class='ocrx_word' id='word_1_730' title='bbox 1686 2371 1821 2400; x_wconf 76' lang='grc' dir='ltr'>Σατανᾶν.</span> 
     </span>
    </p>
   </div>
   <div class='ocr_carea' id='block_1_101' title="bbox 1037 2413 1819 2451">
    <p class='ocr_par' dir='ltr' id='par_1_101' title="bbox 1037 2413 1819 2451">
     <span class='ocr_line' id='line_1_101' title="bbox 1037 2413 1819 2451; baseline 0.005 -12"><span class='ocrx_word' id='word_1_731' title='bbox 1037 2414 1249 2449; x_wconf 75' lang='grc' dir='ltr'>ὑπισχνούμενος</span> <span class='ocrx_word' id='word_1_732' title='bbox 1262 2413 1336 2449; x_wconf 84' lang='grc' dir='ltr'>αὐτῷ</span> <span class='ocrx_word' id='word_1_733' title='bbox 1353 2415 1465 2446; x_wconf 77' lang='grc' dir='ltr'>ἐκεῖνος,</span> <span class='ocrx_word' id='word_1_734' title='bbox 1484 2415 1547 2447; x_wconf 85' lang='grc' dir='ltr'>τοὺς</span> <span class='ocrx_word' id='word_1_735' title='bbox 1562 2415 1610 2451; x_wconf 83' lang='grc' dir='ltr'><strong>τῆς</strong></span> <span class='ocrx_word' id='word_1_736' title='bbox 1629 2415 1736 2448; x_wconf 85' lang='grc' dir='ltr'>ἀδικίας</span> <span class='ocrx_word' id='word_1_737' title='bbox 1758 2417 1819 2443; x_wconf 72' lang='grc' dir='ltr'><strong>ἀπο</strong></span> 
     </span>
    </p>
   </div>
   <div class='ocr_carea' id='block_1_102' title="bbox 1034 2458 1822 2497">
    <p class='ocr_par' dir='ltr' id='par_1_102' title="bbox 1034 2458 1822 2497">
     <span class='ocr_line' id='line_1_102' title="bbox 1034 2458 1822 2497; baseline 0.005 -12"><span class='ocrx_word' id='word_1_738' title='bbox 1034 2458 1129 2486; x_wconf 83' lang='grc' dir='ltr'>δώσειν</span> <span class='ocrx_word' id='word_1_739' title='bbox 1152 2459 1284 2495; x_wconf 87' lang='grc' dir='ltr'>καρπούς.</span> <span class='ocrx_word' id='word_1_740' title='bbox 1298 2475 1332 2480; x_wconf 93' lang='grc'><strong>-</strong></span> <span class='ocrx_word' id='word_1_741' title='bbox 1345 2460 1441 2492; x_wconf 84' lang='grc' dir='ltr'>Ἐθνος</span> <span class='ocrx_word' id='word_1_742' title='bbox 1453 2461 1620 2496; x_wconf 80' lang='grc' dir='ltr'>παράνομον,</span> <span class='ocrx_word' id='word_1_743' title='bbox 1644 2461 1679 2488; x_wconf 86' lang='grc' dir='ltr'>τὰ</span> <span class='ocrx_word' id='word_1_744' title='bbox 1697 2462 1822 2497; x_wconf 74' lang='grc' dir='ltr'>δόγματα</span> 
     </span>
    </p>
   </div>
   <div class='ocr_carea' id='block_1_103' title="bbox 1034 2503 1821 2541">
    <p class='ocr_par' dir='ltr' id='par_1_103' title="bbox 1034 2503 1821 2541">
     <span class='ocr_line' id='line_1_103' title="bbox 1034 2503 1821 2541; baseline 0.005 -11"><span class='ocrx_word' id='word_1_745' title='bbox 1034 2504 1087 2530; x_wconf 84' lang='grc' dir='ltr'><strong>τῶν</strong></span> <span class='ocrx_word' id='word_1_746' title='bbox 1107 2505 1239 2540; x_wconf 85' lang='grc' dir='ltr'>δαιμόνων</span> <span class='ocrx_word' id='word_1_747' title='bbox 1257 2506 1340 2538; x_wconf 79' lang='grc' dir='ltr'><strong>ἐστὶν,</strong></span> <span class='ocrx_word' id='word_1_748' title='bbox 1353 2503 1394 2537; x_wconf 71' lang='grc' dir='ltr'><strong>οἷς</strong></span> <span class='ocrx_word' id='word_1_749' title='bbox 1413 2507 1461 2541; x_wconf 86' lang='grc' dir='ltr'><strong>οὐχ</strong></span> <span class='ocrx_word' id='word_1_750' title='bbox 1480 2506 1611 2533; x_wconf 76' lang='grc' dir='ltr'>ὑπακούει</span> <span class='ocrx_word' id='word_1_751' title='bbox 1631 2508 1646 2533; x_wconf 86' lang='lat'><strong>6</strong></span> <span class='ocrx_word' id='word_1_752' title='bbox 1665 2508 1821 2540; x_wconf 73' lang='grc' dir='ltr'>παιδευθεὶς</span> 
     </span>
    </p>
   </div>
   <div class='ocr_carea' id='block_1_104' title="bbox 1034 2551 1820 2588">
    <p class='ocr_par' dir='ltr' id='par_1_104' title="bbox 1034 2551 1820 2588">
     <span class='ocr_line' id='line_1_104' title="bbox 1034 2551 1820 2588; baseline 0.006 -12"><span class='ocrx_word' id='word_1_753' title='bbox 1034 2551 1107 2582; x_wconf 83' lang='grc' dir='ltr'>υἱός·</span> <span class='ocrx_word' id='word_1_754' title='bbox 1122 2551 1178 2577; x_wconf 82' lang='grc' dir='ltr'>υἱὸν</span> <span class='ocrx_word' id='word_1_755' title='bbox 1195 2551 1222 2578; x_wconf 77' lang='grc' dir='ltr'>δὲ</span> <span class='ocrx_word' id='word_1_756' title='bbox 1238 2552 1284 2578; x_wconf 83' lang='grc' dir='ltr'><strong>τὸν</strong></span> <span class='ocrx_word' id='word_1_757' title='bbox 1305 2551 1366 2578; x_wconf 84' lang='grc' dir='ltr'>νοῦν</span> <span class='ocrx_word' id='word_1_758' title='bbox 1380 2561 1477 2588; x_wconf 83' lang='grc' dir='ltr'>φησιν·</span> <span class='ocrx_word' id='word_1_759' title='bbox 1493 2554 1507 2580; x_wconf 87' lang='lat'><strong>6</strong></span> <span class='ocrx_word' id='word_1_760' title='bbox 1521 2553 1548 2579; x_wconf 83' lang='grc' dir='ltr'>δὲ</span> <span class='ocrx_word' id='word_1_761' title='bbox 1564 2553 1663 2588; x_wconf 71' lang='grc' dir='ltr'>ἐποχὴν</span> <span class='ocrx_word' id='word_1_762' title='bbox 1678 2554 1764 2581; x_wconf 82' lang='grc' dir='ltr'>ποιῶν</span> <span class='ocrx_word' id='word_1_763' title='bbox 1774 2555 1820 2581; x_wconf 81' lang='grc' dir='ltr'><strong>τοῦ</strong></span> 
     </span>
    </p>
   </div>
   <div class='ocr_carea' id='block_1_105' title="bbox 1035 2595 1820 2634">
    <p class='ocr_par' dir='ltr' id='par_1_105' title="bbox 1035 2595 1820 2634">
     <span class='ocr_line' id='line_1_105' title="bbox 1035 2595 1820 2634; baseline 0.006 -13"><span class='ocrx_word' id='word_1_764' title='bbox 1035 2595 1082 2622; x_wconf 78' lang='grc' dir='ltr'>νοῦ</span> <span class='ocrx_word' id='word_1_765' title='bbox 1101 2596 1148 2622; x_wconf 82' lang='grc' dir='ltr'>τοῦ</span> <span class='ocrx_word' id='word_1_766' title='bbox 1163 2597 1199 2631; x_wconf 89' lang='grc' dir='ltr'>μὴ</span> <span class='ocrx_word' id='word_1_767' title='bbox 1220 2597 1437 2632; x_wconf 75' lang='grc' dir='ltr'>παραρίπτεσθαι</span> <span class='ocrx_word' id='word_1_768' title='bbox 1447 2599 1517 2634; x_wconf 67' lang='grc' dir='ltr'>ὲνοιῇ</span> <span class='ocrx_word' id='word_1_769' title='bbox 1533 2598 1579 2625; x_wconf 85' lang='grc' dir='ltr'><strong>τοῦ</strong></span> <span class='ocrx_word' id='word_1_770' title='bbox 1594 2598 1712 2634; x_wconf 84' lang='grc' dir='ltr'>πονηροῦ</span> <span class='ocrx_word' id='word_1_771' title='bbox 1728 2599 1820 2632; x_wconf 76' lang='grc' dir='ltr'>ἔθνους</span> 
     </span>
    </p>
   </div>
   <div class='ocr_carea' id='block_1_106' title="bbox 1036 2641 1818 2681">
    <p class='ocr_par' dir='ltr' id='par_1_106' title="bbox 1036 2641 1818 2681">
     <span class='ocr_line' id='line_1_106' title="bbox 1036 2641 1818 2681; baseline 0.008 -14"><span class='ocrx_word' id='word_1_772' title='bbox 1036 2641 1131 2677; x_wconf 77' lang='grc' dir='ltr'>κακίᾳ,</span> <span class='ocrx_word' id='word_1_773' title='bbox 1151 2642 1188 2674; x_wconf 86' lang='grc' dir='ltr'>ὡς</span> <span class='ocrx_word' id='word_1_774' title='bbox 1203 2643 1411 2679; x_wconf 80' lang='grc' dir='ltr'>περιτραχήλιον</span> <span class='ocrx_word' id='word_1_775' title='bbox 1426 2643 1527 2679; x_wconf 84' lang='grc' dir='ltr'>κόσμον</span> <span class='ocrx_word' id='word_1_776' title='bbox 1542 2643 1666 2680; x_wconf 82' lang='grc' dir='ltr'>προξενεῖ</span> <span class='ocrx_word' id='word_1_777' title='bbox 1679 2644 1773 2672; x_wconf 77' lang='grc' dir='ltr'>λαϐεῖν</span> <span class='ocrx_word' id='word_1_778' title='bbox 1785 2646 1818 2681; x_wconf 81' lang='grc' dir='ltr'><strong>τῇ</strong></span> 
     </span>
    </p>
   </div>
   <div class='ocr_carea' id='block_1_107' title="bbox 235 2762 987 2798">
    <p class='ocr_par' dir='ltr' id='par_1_107' title="bbox 235 2762 987 2795">
     <span class='ocr_line' id='line_1_107' title="bbox 235 2762 987 2795; baseline 0.003 -7"><span class='ocrx_word' id='word_1_779' title='bbox 235 2763 255 2778; x_wconf 76' lang='grc'><strong>⁸⁷</strong></span> <span class='ocrx_word' id='word_1_780' title='bbox 270 2771 294 2789; x_wconf 86' lang='grc' dir='ltr'>ν.</span> <span class='ocrx_word' id='word_1_781' title='bbox 309 2763 335 2790; x_wconf 69' lang='lat'><em>6.</em></span> <span class='ocrx_word' id='word_1_782' title='bbox 372 2762 397 2779; x_wconf 76' lang='grc'>⁸⁸</span> <span class='ocrx_word' id='word_1_783' title='bbox 410 2769 437 2790; x_wconf 84' lang='lat' dir='ltr'><strong>v.</strong></span> <span class='ocrx_word' id='word_1_784' title='bbox 452 2762 479 2790; x_wconf 90' lang='lat'><strong>8.</strong></span> <span class='ocrx_word' id='word_1_785' title='bbox 518 2762 540 2778; x_wconf 77' lang='lat'><strong>”</strong></span> <span class='ocrx_word' id='word_1_786' title='bbox 555 2769 580 2788; x_wconf 79' lang='grc' dir='ltr'>ν.</span> <span class='ocrx_word' id='word_1_787' title='bbox 593 2762 621 2790; x_wconf 84' lang='lat'><strong>9.</strong></span> <span class='ocrx_word' id='word_1_788' title='bbox 658 2763 681 2779; x_wconf 82' lang='lat'><strong>&#39;°</strong></span> <span class='ocrx_word' id='word_1_789' title='bbox 696 2762 755 2790; x_wconf 85' lang='lat' dir='ltr'><strong>Gal.</strong></span> <span class='ocrx_word' id='word_1_790' title='bbox 771 2771 812 2795; x_wconf 88' lang='grc' dir='ltr'>ιιι,</span> <span class='ocrx_word' id='word_1_791' title='bbox 824 2763 852 2790; x_wconf 83' lang='grc'><strong>8.</strong></span> <span class='ocrx_word' id='word_1_792' title='bbox 889 2763 910 2778; x_wconf 88' lang='grc'><strong>¹¹</strong></span> <span class='ocrx_word' id='word_1_793' title='bbox 925 2770 950 2790; x_wconf 84' lang='lat' dir='ltr'><strong>v.</strong></span> <span class='ocrx_word' id='word_1_794' title='bbox 964 2763 987 2790; x_wconf 68' lang='lat' dir='ltr'><strong>li</strong></span> 
     </span>
    </p>
   </div>
   <div class='ocr_carea' id='block_1_108' title="bbox 1034 2762 1820 2798">
    <p class='ocr_par' dir='ltr' id='par_1_108' title="bbox 1034 2763 1820 2797">
     <span class='ocr_line' id='line_1_108' title="bbox 1034 2763 1820 2797; baseline -0.001 -6"><span class='ocrx_word' id='word_1_795' title='bbox 1034 2764 1068 2795; x_wconf 62' lang='lat'><strong>,&quot;</strong></span> <span class='ocrx_word' id='word_1_796' title='bbox 1079 2763 1138 2791; x_wconf 77' lang='lat' dir='ltr'><strong>Jac.</strong></span> <span class='ocrx_word' id='word_1_797' title='bbox 1150 2771 1176 2796; x_wconf 85' lang='lat' dir='ltr'><strong>v,</strong></span> <span class='ocrx_word' id='word_1_798' title='bbox 1196 2763 1240 2791; x_wconf 83' lang='lat' dir='ltr'><strong>l6.</strong></span> <span class='ocrx_word' id='word_1_799' title='bbox 1277 2763 1465 2797; x_wconf 77' lang='lat' dir='ltr'><strong>&quot;Psal.xxxt,</strong></span> <span class='ocrx_word' id='word_1_800' title='bbox 1478 2763 1506 2791; x_wconf 82' lang='lat'><strong>5.</strong></span> <span class='ocrx_word' id='word_1_801' title='bbox 1543 2764 1567 2780; x_wconf 75' lang='lat'><strong>“</strong></span> <span class='ocrx_word' id='word_1_802' title='bbox 1581 2771 1605 2790; x_wconf 78' lang='grc' dir='ltr'><strong>ι’.</strong></span> <span class='ocrx_word' id='word_1_803' title='bbox 1622 2763 1665 2791; x_wconf 84' lang='grc'><strong>16.</strong></span> <span class='ocrx_word' id='word_1_804' title='bbox 1703 2763 1727 2780; x_wconf 84' lang='grc'><strong><em>⁸³</em></strong></span> <span class='ocrx_word' id='word_1_805' title='bbox 1740 2771 1766 2790; x_wconf 89' lang='lat' dir='ltr'><strong>v.</strong></span> <span class='ocrx_word' id='word_1_806' title='bbox 1779 2764 1820 2791; x_wconf 86' lang='grc' dir='ltr'><strong>Π.</strong></span> 
     </span>
    </p>
   </div>
   <div class='ocr_carea' id='block_1_109' title="bbox 235 2832 1820 2870">
    <p class='ocr_par' dir='ltr' id='par_1_109' title="bbox 235 2832 1820 2870">
     <span class='ocr_line' id='line_1_109' title="bbox 235 2832 1820 2870; baseline 0.001 -11"><span class='ocrx_word' id='word_1_807' title='bbox 235 2833 291 2867; x_wconf 64' lang='grc' dir='ltr'><strong>(Ἡ)</strong></span> <span class='ocrx_word' id='word_1_808' title='bbox 319 2834 446 2870; x_wconf 81' lang='lat' dir='ltr'><strong>Videmus</strong></span> <span class='ocrx_word' id='word_1_809' title='bbox 466 2834 590 2870; x_wconf 73' lang='lat' dir='ltr'><strong>Origenis</strong></span> <span class='ocrx_word' id='word_1_810' title='bbox 616 2835 805 2863; x_wconf 84' lang='lat' dir='ltr'><strong>auctoritatem</strong></span> <span class='ocrx_word' id='word_1_811' title='bbox 832 2842 879 2869; x_wconf 86' lang='lat' dir='ltr'><strong>pro</strong></span> <span class='ocrx_word' id='word_1_812' title='bbox 906 2834 1063 2862; x_wconf 85' lang='lat' dir='ltr'><strong>confitendo</strong></span> <span class='ocrx_word' id='word_1_813' title='bbox 1077 2835 1213 2870; x_wconf 74' lang='lat' dir='ltr'><strong>religiosis</strong></span> <span class='ocrx_word' id='word_1_814' title='bbox 1247 2834 1310 2862; x_wconf 78' lang='lat' dir='ltr'><strong>viris</strong></span> <span class='ocrx_word' id='word_1_815' title='bbox 1343 2840 1466 2869; x_wconf 83' lang='lat' dir='ltr'><strong>peccata.</strong></span> <span class='ocrx_word' id='word_1_816' title='bbox 1495 2834 1560 2862; x_wconf 86' lang='lat' dir='ltr'><strong>Item</strong></span> <span class='ocrx_word' id='word_1_817' title='bbox 1594 2832 1665 2861; x_wconf 71' lang='lat' dir='ltr'><strong>infra</strong></span> <span class='ocrx_word' id='word_1_818' title='bbox 1702 2833 1738 2861; x_wconf 83' lang='lat' dir='ltr'><strong>ad</strong></span> <span class='ocrx_word' id='word_1_819' title='bbox 1761 2840 1820 2868; x_wconf 82' lang='lat' dir='ltr'><strong>cap.</strong></span> 
     </span>
    </p>
   </div>
   <div class='ocr_carea' id='block_1_110' title="bbox 201 2869 426 2901">
    <p class='ocr_par' dir='ltr' id='par_1_110' title="bbox 201 2869 426 2901">
     <span class='ocr_line' id='line_1_110' title="bbox 201 2869 426 2901; baseline 0 -5"><span class='ocrx_word' id='word_1_820' title='bbox 201 2877 276 2901; x_wconf 79' lang='lat' dir='ltr'><strong>xxix,</strong></span> <span class='ocrx_word' id='word_1_821' title='bbox 299 2877 368 2897; x_wconf 74' lang='lat' dir='ltr'><strong>vers.</strong></span> <span class='ocrx_word' id='word_1_822' title='bbox 381 2869 426 2896; x_wconf 71' lang='grc'><strong>94.</strong></span> 
     </span>
    </p>
   </div>
  </div>
