1919 3074
84 84 141 112 Ξὶ5

89 143 145 179 ἰδίᾳ
160 141 237 178 ψυχῇ
252 141 398 180 ἄφθαρτον
409 143 442 170 ὲκ
457 143 549 180 χειρὸς
562 143 675 180 Κυρίου.

131 232 163 261 ’0
181 233 325 271 καθαίρων
347 235 443 263 ἑαυτὸν
463 237 496 264 ὲκ
514 236 569 263 τῶν
591 237 696 268 παθῶν,
710 237 757 264 καὶ
772 237 888 273 ἐργαζό-

91 289 178 316 μενος
193 279 243 312 τὰς
260 280 373 313 ἐντολὰς
392 281 530 316 τοῦιθεοῦ,
551 281 598 309 τοῦ
614 282 783 318 ψυχοτρόφου
804 283 886 319 ἄρτου

92 327 192 362 σοφίας
207 327 255 354 καὶ
269 327 399 361 γνώσεως
413 327 480 355 Θεοῦ
495 328 715 364 ἐμπλησθήσεται
726 337 734 344 ⁸
750 329 764 355 ὁ
779 328 808 356 δὲ
823 329 887 355 διώ-

90 381 149 400 κων
164 372 264 408 σχολὴν
291 372 340 399 τοῦ
367 372 404 409 μὴ
426 375 512 400 ποιεῖν
527 373 583 405 τὰς,
605 372 714 406 ἐντολὰς
734 373 789 400 τοῦ.
803 372 891 406 Θεοῦ,

90 418 284 454 πλησθήσεται
299 419 407 451 πενίας.

127 465 160 492 Oi
179 464 230 492 νῦν
244 464 399 500 ἐλεήμονες,
420 465 449 491 ὲν
464 464 503 500 τῷ
517 464 594 492 αἰῶνι
613 464 652 500 τῷ
670 464 792 500 μέλλοντι
810 465 893 501 ὲλεη-.

90 511 186 542 θέντες
199 511 254 537 ὑπὸ
268 511 315 538 τοῦ
330 511 408 544 Θεοῦ,
425 512 471 538 καὶ
486 511 627 547 γενόμενοι
641 511 761 545 ἄγγελοι,
777 510 888 548 ἄρξουσι

89 557 146 584 τῶν
172 557 321 592 βασκάνων
344 558 392 584 καὶ
414 557 555 585 πλουσίων-
574 557 696 585 ἀσεϐῶν⁸
717 557 836 584 τοιοῦτον
860 557 888 584 δὲ

92 603 202 640 ἀξίωμα
227 604 273 631 ια).
296 605 354 635 τοῖς
371 603 506 639 μαθηταῖς
530 603 614 630 αὐτοῦ
638 603 770 639 ὑπέσχετο
793 603 888 630 δώσειν

89 649 206 686 Κύριος,
223 650 254 676 τὸ
269 650 382 678 καθίσαι
396 651 495 682 αὐτοὺς
511 651 557 677 ὲπὶ
576 650 680 677 δώδεκα
700 650 812 686 θρόνων,
829 650 890 686 κρί-

89 706 187 728 νοντας
209 696 318 724 δώδεκσ.
338 696 422 731 φυλὰς
441 696 490 724 τοῦ
508 697 632 732 Ἰσραήλ·
650 697 744 733 θρόνος
765 696 794 726 δέ
815 697 889 723 ἐστιν

90 743 120 769 ἐν
132 739 156 777 ᾧ
171 744 186 770 ὁ
203 742 268 774 νοῦς
282 742 445 774 καθέζεται,
466 742 574 778 πλήρης
595 741 722 776 γνώσεως
739 749 889 776 πνευματι-

90 789 153 824 κῆς,
169 790 236 821 τοὺς
251 789 437 824 πλανηθέντας
454 789 507 815 ἀπὸ
527 788 576 823 τῆς
602 787 756 819 θεοσεϐείας
780 788 890 814 ἐπισυν-

682 87 864 117 EXPOSITIO
874 88 909 117 IN
927 89 1133 118 PROVEBBIA.

901 150 926 179 Α
940 153 995 176 tum
1009 152 1088 184 parat
1102 147 1201 175 animat
1224 154 1281 175 suae
1297 147 1332 175 de
1351 154 1430 174 manu
1453 146 1560 175 Domini
1582 146 1720 182 recipien-

1668 91 1720 119 246

938 195 1011 222 dum.

973 241 1026 274 Qui
1048 247 1078 268 se
1102 243 1199 275 purgat
1226 240 1310 273 animi
1338 239 1606 274 perturbationibus.
1626 242 1655 266 et
1673 237 1720 266 Dei

938 287 1064 314 mandata
1078 287 1248 321 exsequitur,
1261 285 1396 313 nutritore
1410 285 1564 313 animarum
1580 292 1663 320 pane,
1677 293 1722 312 sa-

939 332 1041 366 pientia
1071 332 1200 359 nimirum
1225 336 1253 359 et
1273 331 1412 366 agnitione
1443 331 1508 363 Dei.
1539 332 1719 358 saturabitur.

939 379 962 395 "
973 378 1024 412 Qui
1040 385 1106 405 vero
1119 377 1205 405 otium
1221 382 1353 409 sectatur,
1363 377 1510 411 quominus
1522 377 1569 404 Dei
1592 377 1720 404 mandat:

939 416 1112 458 exsequatur,
1128 422 1152 449 is
1167 421 1277 457 quidem
1297 421 1387 456 inopia
1402 422 1543 450 obruetur.

973 469 996 485 "
1010 468 1062 502 Qui
1078 475 1149 495 nunc
1162 471 1225 495 sunt
1241 467 1442 499 misericordes,
1459 468 1485 494 in
1504 467 1595 494 futuro
1621 467 1721 495 saeculo

939 514 1157 543 misericordiam
1173 521 1189 541 ο
1204 514 1260 546 Deo
1277 513 1362 546 nacti,
1378 512 1497 547 factique
1511 513 1612 548 angeli.
1636 514 1722 548 impe-

940 559 1150 589 rabuntinvidis
1165 563 1192 587 et
1208 559 1299 595 impiis
1312 558 1452 586 divitibus.
1474 558 1550 586 Hanc
1562 559 1720 594 dignitatem

939 608 1064 636 daturum
1081 615 1111 635 se
1124 606 1274 642 spondebat
1297 607 1438 642 discipulis
1457 607 1597 638 Dominus,
1625 615 1722 642 nempe

939 660 1062 681 sessuro:
1088 660 1136 681 eos
1162 659 1244 687 super
1271 652 1413 680 duodecim
1435 652 1722 686 thronos,judicantes

940 700 1083 727 duodecim
1099 698 1188 726 tribus
1201 697 1312 726 lsraelis
1328 698 1363 726 ⁸⁸.
1381 698 1507 726 Thronus
1522 702 1612 726 autent
1633 703 1678 726 est
1692 699 1720 726 in

940 753 1000 780 quo.
1015 753 1091 773 mens
1110 744 1197 777 sedet,
1219 744 1300 779 plena
1323 744 1445 772 scientiae
1461 744 1603 779 spiritalis.
1621 751 1682 778 qua:
1707 751 1722 771 a

941 790 1073 825 religione
1089 790 1181 817 devios
1198 789 1314 816 reducit.
1326 787 1455 816 Judicare
1468 794 1559 816 autem
1579 788 1631 816 hoc
1650 788 1723 821 loco,

90 835 198 870 ἄγουσα
208 844 216 850 ·
232 835 263 861 τὸ
284 835 312 861 δὲ
328 834 432 871 κρίνειν
448 833 579 865 ἐνταῦθα,
595 834 625 860 τὸ
640 833 775 860 διδάσκειν
790 832 890 868 σημαί-

948 835 1038 862 locere
1066 834 1212 870 signiﬁcat.
1242 834 1278 862 Ut
1299 835 1384 862 illud:
1403 834 1482 869 Aperi
1502 842 1531 861 os
1553 839 1628 862 tuum
1648 833 1724 861 uerbo

89 890 144 908 νει·
163 881 203 913 ὡς
222 881 270 908 καὶ
284 881 324 912 τὸ,
337 881 454 915 Ἀνοιγε
469 879 527 906 σὸν
537 880 634 914 στόμα
643 879 723 913 λόγῳ
738 878 822 909 Θεοῦ,
837 878 888 904 καὶ

90 928 174 962 κρῖνε
188 927 292 954 πάντα
310 927 412 961 ὑγιῶς,
432 927 493 953 ἀντὶ
507 924 566 958 τοῦ,
582 925 689 952 δίδασκε
700 933 706 940 ·
725 925 784 960 ἅμα.
797 924 824 951 δὲ
841 924 889 950 καὶ

90 971 170 998 τοῦτο
183 971 283 1003 ξστέον,
297 972 337 997 ὄτι
351 972 365 998 ὁ
378 971 503 1007 ἐλεήμων
518 971 659 1006 κρατήσας
673 969 720 996 τοῦ
741 969 886 1005 βασκάνου,

90 1018 172 1049 αὐτὸς
189 1018 241 1053 μὲν
256 1018 288 1044 οὐ
303 1018 448 1052 γενήσεται
467 1018 609 1052 βάσκανος,
631 1016 764 1052 ἐλεήμονα
776 1015 804 1042 δὲ
820 1014 888 1051 μᾶλ·

90 1062 135 1089 λον
156 1063 269 1098 ποιήσει
286 1062 331 1088 τὸν
347 1062 492 1097 βάσκανον.

131 1108 197 1135 Ἐὰν
219 1107 383 1137 ἀποθῶνται,
400 1109 423 1134 οί
441 1108 552 1139 ἀσεϐεῖς¹
570 1107 601 1134 τὺ
616 1104 685 1134 εἶναι
705 1106 825 1138 ἀσεϐεῖς,
841 1114 888 1141 γε-

90 1154 222 1190 νήσονται
235 1153 350 1180 δίκαιοι·
369 1154 385 1189 ἡ
403 1153 456 1189 γὰρ
478 1153 600 1181 ἀπώλεια
619 1152 666 1180 νῦν
682 1152 732 1187 τήν
748 1151 888 1185 ἀναίρεσιν

89 1200 142 1235 τῆς
169 1199 300 1231 ἀσεϐείας
326 1199 470 1235 σημαίνει·
497 1199 568 1226 οὕτω
591 1199 639 1226 καὶ
673 1198 811 1225 Ματθαῖον
838 1196 889 1224 τοῦ

91 1245 239 1271 τελωνείου
272 1245 408 1276 ἀπολέσας
431 1244 446 1270 ὁ
468 1244 589 1280 Κύριος,
616 1243 788 1279 δικαιοσύνην
815 1242 888 1278 αὐτῴ

92 1291 243 1327 ἐχαρίσατο
253 1299 260 1306 ο
276 1290 455 1326 πληθύνονται
468 1291 523 1326 γὰρ
540 1291 564 1316 oi
579 1289 687 1323 δίκαιοι,
706 1290 769 1316 ὅταν
785 1290 810 1316 oi.
826 1290 889 1316 ἀσε-

92 1338 151 1369 ϐεῖς
175 1337 363 1372 καταλείψωσι
385 1337 436 1372 τὴν
461 1336 599 1368 ἀσέϐειαν,
625 1336 671 1365 καὶ
696 1337 745 1363 σὺν
769 1337 826 1367 τοῖς
849 1335 888 1362 δι-

93 1385 184 1416 καίοις
199 1385 361 1420 γενήσονται
378 1384 476 1411 δίκαιοι
487 1392 493 1399 '
509 1383 632 1410 στένουσι
647 1384 676 1410 δὲ
688 1383 735 1410 καὶ
750 1385 775 1410 οἱ
792 1384 890 1410 δίκαιοι

92 1431 141 1457 καὶ
163 1431 330 1462 ὀδυνῶνται,
347 1431 463 1466 ὁρῶντες
483 1431 547 1462 τοὺς
568 1430 675 1461 ἀσεϐεῖς
690 1431 718 1457 ὲν
737 1430 811 1466 τόπῳ
839 1430 890 1465 τῆς

94 1476 226 1508 ἀσεϐείας
242 1476 413 1511 ἱσταμένους,
427 1476 474 1503 καὶ
490 1476 527 1512 μὴ
541 1475 750 1512 μετανοοῦντας.

940 879 1001 912 Dei,
1019 885 1042 907 et
1068 880 1166 914 integre
1186 879 1218 906 de
1236 879 1356 906 omnibus
1375 879 1467 913 iudica
1479 878 1515 911 ",
1534 879 1560 906 id
1590 883 1635 906 est
1645 879 1723 906 doce.

941 925 1027 953 Simul
1052 931 1079 953 et
1106 926 1157 954 hoc
1186 926 1325 953 sciendum
1348 930 1401 958 est,
1420 925 1491 960 quod
1517 925 1539 952 si
1565 925 1725 952 misericors

940 972 1030 999 vincat
1045 971 1176 1004 invidum,
1194 971 1251 1006 ipse
1273 971 1382 1005 quidem
1402 979 1454 998 nou
1475 971 1520 998 [iet
1535 970 1656 1003 invidus,
1674 970 1723 999 sed

941 1018 1017 1045 illum
1035 1017 1241 1045 misericordem
1258 1018 1348 1052 potius
1363 1017 1443 1044 faciet
1461 1017 1506 1051 qui
1529 1021 1588 1044 erat
1601 1017 1720 1044 invidus.

977 1109 999 1124 ‘°
1019 1108 1047 1135 Si
1073 1108 1242 1142 impietatem
1267 1114 1345 1134 suam
1370 1107 1507 1142 deponent
1543 1106 1630 1141 impii,
1657 1105 1725 1140 justi

942 1154 1017 1181 ﬁent.
1033 1152 1100 1181 Nam
1115 1153 1232 1187 perditio
1243 1153 1295 1180 hoc
1307 1153 1376 1185 loco,
1395 1151 1547 1187 iniquitatis
1564 1151 1725 1179 exstinctis-

942 1208 1001 1227 nem
1018 1198 1160 1234 signiﬁcat.
1176 1199 1222 1225 Sic
1237 1198 1393 1225 Matthteum
1416 1197 1449 1225 de
1471 1197 1572 1224 telonio
1592 1196 1723 1224 extermi-

942 1251 1035 1274 natum
1064 1246 1196 1273 Dominus
1222 1244 1329 1279 justitia
1364 1243 1486 1272 donavit.
1511 1243 1727 1278 Multiplicantur

941 1295 1013 1321 cnim
1038 1293 1115 1328 justi,
1141 1300 1203 1320 cum
1229 1293 1303 1327 impii
1331 1292 1500 1327 impietatem
1522 1291 1675 1324 omiserint,
1698 1294 1727 1318 et

941 1339 1093 1374 cumjustis
1110 1339 1176 1375 justi
1205 1339 1279 1366 ﬁent.
1307 1338 1418 1365 Interim
1441 1341 1553 1373 gemunt
1578 1337 1728 1370 dolentque

939 1385 1018 1420 justi,
1034 1386 1153 1421 quandiu
1170 1385 1266 1420 impios
1279 1384 1374 1412 vident
1389 1384 1416 1411 in
1431 1383 1579 1419 impietatis
1591 1383 1650 1411 loco
1660 1390 1729 1410 con.

942 1432 1049 1466 sistere,
1062 1436 1090 1459 et
1102 1431 1220 1459 nondum
1235 1429 1407 1465 resipiscere.

815 1535 891 1563 CAP:
911 1535 1009 1563 XXIX.

128 1591 278 1628 Κρείσσων
300 1593 357 1630 γὰρ
378 1594 449 1630 ἀνὴρ
472 1595 487 1621 ὁ
507 1594 536 1621 ὲν
561 1595 671 1632 παιδείᾳ
691 1596 739 1623 καὶ
765 1595 889 1631 νουθεσίᾳ

977 1596 998 1612 ⁶¹
1012 1595 1106 1623 Melior
1116 1599 1157 1622 est
1171 1593 1243 1624 enim
1251 1593 1295 1621 vir
1305 1593 1420 1630 quicum
1434 1591 1575 1627 disciplina
1583 1594 1608 1619 et
1618 1589 1730 1618 monitis

92 1638 204 1674 Κυρίου
224 1639 354 1674 ἐλέγχων,
376 1640 396 1675 ἢ
411 1641 425 1667 ὁ
444 1641 474 1667 ὲν
495 1641 600 1677 σκληρᾷ
625 1642 724 1678 καρδίᾳ
749 1641 890 1677 παραινῶν

95 1685 145 1711 καὶ
168 1684 386 1721 ὑπισχνούμενος
406 1687 608 1714 συναπολαῦσαι
629 1687 703 1723 αὐτῷ
717 1687 771 1714 τῶν
789 1689 817 1714 ἐν
839 1696 890 1714 κα-

94 1729 161 1765 κίᾳ·
184 1729 317 1766 ἐξαπίνης
333 1730 388 1767 γὰρ
409 1731 575 1768 φλεγομένου
597 1733 680 1759 αὑτοῦ
697 1734 726 1760 ἐν
748 1734 781 1769 τῇ
803 1733 891 1769 ὀρέξει

93 1775 151 1802 τῶν
169 1775 276 1808 παθῶν,
288 1777 302 1803 ὁ
316 1777 363 1803 ἐπὶ
381 1777 486 1810 πάντας
500 1778 625 1811 θάνατος,
639 1779 759 1805 ἐπελθὼν
774 1780 819 1806 ὲπὶ
829 1780 891 1811 τοὺς

95 1822 159 1848 κατ’
180 1821 271 1848 αὐτῶν
285 1822 510 1859 συμπράκτορας,
522 1824 572 1851 οὐκ
586 1824 659 1851 ἔστιν
683 1825 754 1857 ἴασις
770 1826 803 1860 τῇ
818 1824 890 1860 ψυχῇ

96 1866 207 1893 αὐτῶν
229 1867 280 1893 οὐκ
303 1865 380 1895 εἶπεν
402 1868 442 1901 δὲ,
463 1869 504 1895 ὅτι
520 1870 699 1906 παυσαμένης
720 1870 770 1904 τῆς
795 1869 892 1904 φλογὸς

96 1913 149 1940 οὐκ
165 1913 245 1940 ἔσται
265 1915 350 1947 ἴασις,
367 1915 434 1941 ἀλλὰ
459 1916 624 1952 φλεγομένου
644 1916 727 1942 αὑτοῦ
747 1916 797 1942 οὐκ
817 1915 892 1942 ἔσται

98 1959 185 1992 ῐασις,
208 1959 248 1991 ὡς
262 1960 369 1995 ἔχοντος
387 1960 508 1996 δηλονότι
528 1961 563 1988 τὰ
578 1961 633 1989 τῶν
648 1961 741 1989 παθῶν
757 1960 894 1988 ὑπεκκαύ-

99 2013 188 2040 ματα,
202 2005 278 2038 ξύλα,
299 2005 407 2042 χόρτον,
422 2007 548 2042 καλάμην
558 2016 565 2023 ·
583 2007 663 2043 είπερ
681 2006 729 2034 καὶ
748 2008 804 2039 τοῖς
819 2014 894 2033 καιο-

100 2051 196 2086 μένοις
216 2051 288 2086 μετὰ
301 2052 348 2079 τὸν
361 2054 487 2089 καυτῆρα
500 2053 622 2089 πέφυκεν
638 2055 655 2091 ὴ
671 2053 763 2089 ὑγίεια
778 2053 893 2089 προσγί-

99 2098 207 2125 νεσθαι.

142 2142 409 2179 Ἐγκωμιαζομένων
421 2143 476 2170 τῶν
489 2143 601 2172 δικαίων
614 2144 666 2171 ὑπὸ
683 2145 729 2172 τοῦ
744 2146 848 2183 Κυρίου
866 2147 895 2173 ὲν

100 2190 134 2225 τῇ
156 2189 208 2224 τῆς
230 2189 348 2224 κρίσεως
369 2188 476 2225 ἡμέρᾳ,
497 2190 521 2216 οἱ
538 2190 587 2225 τῆς
601 2190 691 2218 αὐτῶν
708 2192 816 2227 μερίδος
836 2192 896 2219 λαοὶ

102 2233 357 2270 εὐφρανθήσονται·
379 2235 436 2261 ὅσοι
460 2235 488 2261 δέ
509 2236 578 2263 εἰσιν
598 2236 650 2263 ὑπὸ
671 2236 721 2269 τὰς
738 2238 825 2273 ἀρχὰς
849 2238 895 2268 καὶ

944 1641 1050 1669 Domini
1067 1639 1251 1675 reprehendit,
1268 1645 1349 1673 quam
1365 1637 1411 1673 qui
1427 1637 1496 1664 duro
1511 1635 1594 1664 corde
1617 1635 1728 1662 animos

943 1686 1080 1722 peccatori
1097 1685 1181 1716 addit,
1198 1684 1361 1719 promittens
1373 1683 1487 1717 insuper
1500 1689 1529 1709 se
1542 1680 1601 1708 (ore
1611 1680 1636 1709 ei
1649 1680 1730 1708 soda-

944 1733 997 1761 lem
1014 1732 1103 1768 gaudii
1130 1731 1204 1758 mali.
1224 1731 1347 1765 Repente
1372 1728 1455 1760 enim.
1481 1729 1544 1754 dum
1565 1725 1611 1754 ille
1627 1726 1653 1753 in
1666 1732 1730 1760 pas-

944 1780 1051 1807 sionum
1066 1778 1186 1812 appetitu
1202 1780 1348 1809 exazstuat,
1360 1775 1471 1803 decreta
1483 1773 1608 1800 omnibus
1629 1775 1728 1802 morte,

945 1825 1087 1860 ingruente
1107 1823 1165 1856 ejus
1179 1821 1368 1856 complicibus,
1389 1818 1495 1847 medela
1520 1824 1573 1844 non
1594 1815 1730 1850 supererit

946 1870 1044 1897 animae
1057 1869 1188 1904 ipsorum.
1202 1866 1259 1895 Non
1273 1871 1362 1893 autem
1377 1865 1445 1892 dixit
1457 1873 1464 1891 z
1477 1862 1610 1891 Cessante
1622 1861 1730 1889 ﬂamma

945 1917 1017 1945 haud
1030 1916 1088 1944 fore
1103 1913 1257 1947 medelam;
1282 1912 1330 1940 sed
1344 1912 1395 1947 ipsi
1413 1909 1575 1939 exestuanti
1599 1915 1652 1935 non
1673 1906 1731 1934 fore

946 1961 1092 1994 medelam,
1119 1960 1228 1988 habenti
1253 1957 1434 1993 cupiditatum
1461 1953 1614 1986 incentiva,
1646 1952 1730 1986 ligna,

947 2009 1039 2037 fenum
1051 2028 1059 2041 ,
1078 2007 1216 2043 stipulam.
1236 2005 1305 2033 Nam
1320 2008 1347 2032 et
1359 2002 1490 2032 ambustis
1513 2005 1575 2037 post
1593 2003 1731 2028 cauterem

947 2055 1016 2083 solet
1032 2055 1135 2082 sanitas
1148 2052 1247 2081 redire.

983 2149 1006 2166 ⁶¹
1017 2146 1148 2178 Laudatis
1172 2153 1187 2172 a
1217 2144 1332 2172 Domino
1355 2142 1438 2176 justis
1459 2140 1486 2168 in
1510 2138 1604 2175 judicii
1620 2137 1673 2170 die,
1687 2137 1732 2172 qui

948 2201 1011 2224 sunt
1030 2195 1056 2222 in
1081 2193 1189 2221 illorum
1204 2190 1324 2218 factione
1346 2189 1438 2224 populi
1461 2186 1633 2215 laetabuntur.
1649 2183 1734 2217 Quot-

948 2245 1017 2278 quot
1035 2245 1125 2267 aulem
1142 2241 1206 2266 sunt
1226 2236 1276 2264 sub
1298 2234 1498 2271 principatibus
1510 2237 1538 2260 et
1553 2230 1734 2278 potestatibus

103 2280 152 2312 τὰς
177 2279 372 2313 ὲξουσίας,καὶ
392 2280 456 2312 τοὺς
473 2281 698 2318 κοσμοκράτορας
718 2283 765 2310 τοῦ
793 2284 893 2320 κόσμου

948 2274 980 2314 ac
997 2284 1149 2313 rectoribus
1162 2282 1242 2317 hujus
1260 2281 1363 2314 mundi,
1377 2280 1403 2308 hi
1420 2279 1532 2307 omnino
1545 2282 1609 2304 tunc
1621 2274 1735 2311 ingemi-

104 2327 212 2359 τούτου,
227 2324 300 2353 οὗτοι
318 2326 427 2358 πάντως
440 2326 501 2354 τότε
517 2327 666 2356 στένουσιν.

140 2373 252 2409 Πατέρα
271 2372 390 2400 ἐνταῦθα
408 2372 453 2400 τὸν
469 2373 536 2400 Θεόν
558 2383 658 2411 φησιν⁸
681 2377 695 2403 ό
717 2376 746 2403 δὲ
764 2376 831 2408 Θεὸς
849 2377 897 2403 καὶ

107 2419 202 2454 Πατὴρ
215 2418 263 2446 τοῦ
279 2418 385 2454 Κυρίου
401 2419 479 2454 ήμῶν
501 2420 588 2456 Ἰησοῦ
602 2421 732 2457 Χριστοῦ,
753 2423 816 2454 τοὺς
827 2421 898 2449 κατὰ

107 2465 224 2501 Χριστὸν
248 2465 514 2500 ὲπονομαζομένους,
538 2467 568 2493 ὲν
591 2466 664 2503 ἔργῳ
687 2468 734 2495 καὶ
757 2468 828 2503 λόγῳ
850 2469 899 2495 καὶ

110 2512 188 2548 σοφίᾳ
200 2511 354 2547 ἑπομένους
368 2519 397 2537 τε
414 2511 460 2537 καὶ
475 2512 660 2547 μιμουμένους
681 2513 772 2545 αὐτὸν,
790 2512 898 2549 θεωρῶν

111 2559 220 2590 αὐτοὺς,
247 2555 426 2593 εὐφραίνεται
453 2557 498 2584 ἐπ’
514 2557 623 2590 αὐτοῖς·
646 2558 747 2594 ποιμὴν
773 2558 806 2585 δέ.
824 2559 899 2585 ἐστιν

112 2605 208 2639 ἀγαθὸς
229 2603 310 2636 νοῦς,
327 2602 443 2634 ἀπαθεῖς
463 2603 610 2639 λογισμοὺς
628 2604 810 2640 κεκτημένος*
829 2605 854 2631 εί
870 2604 899 2631 δὲ

112 2651 199 2683 τοῦτο,
227 2649 330 2677 οὐκοῦν
355 2648 448 2684 ἐριφός
465 2649 524 2676 ἐστι
542 2649 672 2686 λογισμὸς
689 2650 815 2686 ἐμπαθὴς
826 2659 833 2666 .
853 2651 900 2677 καὶ

112 2697 243 2735 πρόϐατόν
265 2697 326 2723 ἐστι
343 2695 471 2731 λογισμὸς
491 2695 617 2731 ἀπαθής·
636 2696 677 2723 διὸ
697 2696 822 2729 καὶτοὺς
844 2697 901 2733 ὲρί-

949 2337 1034 2361 scent.

986 2378 1010 2395 “
1024 2378 1132 2408 Patrem
1153 2376 1197 2403 hic
1213 2374 1281 2402 dicit
1294 2373 1391 2401 Deum.
1412 2371 1485 2399 Deus
1504 2373 1594 2398 autem
1612 2373 1640 2395 et
1655 2366 1737 2394 Pater

952 2423 1057 2451 Domini
1078 2421 1165 2450 nostri
1178 2419 1242 2448 Jesu
1259 2418 1373 2451 Christi,
1387 2416 1447 2444 illos
1459 2415 1506 2450 qui
1520 2422 1535 2441 a
1550 2412 1660 2442 Christo
1674 2415 1738 2438 sunt

952 2467 1130 2501 denominati,
1147 2471 1175 2494 et
1189 2466 1274 2493 verbo
1293 2470 1375 2498 atque
1398 2470 1481 2497 opere
1502 2468 1534 2488 ac
1555 2458 1687 2494 sapientia
1704 2456 1736 2483 ilv

952 2514 1007 2542 lum
1029 2513 1232 2547 subsequuntur
1251 2515 1278 2539 et
1294 2510 1444 2540 imitantur,
1459 2506 1608 2541 aspiciens,
1631 2503 1738 2530 laetatur

953 2561 980 2588 in
999 2559 1075 2595 ipsis.
1087 2558 1186 2588 Pastor
1198 2565 1265 2586 vero
1284 2556 1382 2587 bonus,
1398 2558 1440 2583 est
1455 2559 1541 2585 mens,
1557 2547 1740 2595 imperturbata
1786 2582 1798 2590 ἡ

955 2611 997 2634 tas
1010 2592 1198 2641 cogitationes
1217 2603 1333 2631 habens.
1349 2601 1427 2635 Quod
1442 2600 1464 2626 si
1481 2599 1518 2625 ita
1534 2600 1587 2629 est,
1605 2600 1671 2641 ergo
1683 2592 1740 2641 L-d‘

955 2653 1005 2680 dus
1018 2638 1064 2680 est
1075 2650 1205 2685 cogitatio
1219 2649 1316 2676 vitiosa
1328 2656 1336 2681 ;
1349 2647 1408 2675 ovis
1428 2638 1740 2689 autemacogitatioiin-

955 2705 1053 2733 genua.
1065 2696 1213 2732 Propterea
1234 2694 1364 2722 Dominus
1387 2691 1478 2720 haedos
1500 2688 1617 2717 collocat
1630 2685 1657 2712 in
1673 2685 1741 2711 sitti-

139 2805 160 2820 κ
173 2812 199 2832 v.
215 2802 263 2831 19.
304 2800 328 2817 ⁸⁷
345 2807 371 2827 v.
397 2799 442 2828 22.
480 2800 502 2817 ⁵⁸
514 2799 579 2828 Luc.
594 2808 662 2835 χχιι,
676 2800 719 2829 30.
758 2801 780 2817 '9
793 2800 872 2829 Prov.
892 2822 893 2825 η

950 2797 1010 2832 I,9.
1049 2795 1168 2823 “v.27.
1207 2794 1268 2822 "v.
1291 2793 1317 2820 1.
1356 2791 1456 2819 "v.2.
1492 2790 1514 2806 "
1530 2797 1556 2818 v.
1575 2789 1602 2817 3.
