1919 3074
58 129 106 158 ξω

661 132 845 161 EXPOSITIO
861 132 893 160 IN
910 131 1049 160 PROVER
1054 131 1120 159 BIA.

1651 133 1706 160 250

64 190 244 226 πεινόιρρονας
262 192 282 228 ὴ
303 191 385 226 δόξα,
400 192 433 228 ἢν
449 192 573 226 ἐδόξαζον
589 193 634 219 τὸν
649 193 715 220 Θεὸν
729 193 759 220 ὲν
775 192 862 228 ὕμνοις

922 193 964 220 die
979 192 1083 228 judicii.
1101 192 1138 219 At
1152 189 1270 219 humiles
1284 190 1342 226 ipsa
1359 190 1458 226 gloria,
1472 198 1524 227 qua
1548 191 1632 219 Deum
1646 192 1706 227 glo-

68 237 112 264 κ.ιὶ
122 237 240 272 τηρήσει
251 237 313 264 τῶν
326 238 441 265 ἐντολῶν
452 238 545 271 αὑτοῦ,
557 239 660 271 δοξάσει
677 239 774 272 αὐτούς
785 248 792 254 ·
806 239 869 272 δόξα

73 285 124 321 γὰρ
137 283 204 310 θεοῦ
221 284 256 311 τὸ
269 286 362 312 ποιεῖν
378 285 428 317 τὰς
442 285 552 317 ἐντολὰς
564 286 661 312 αὑτοῦ·
685 285 775 317 καθὼς
789 285 869 317 αὐτός

77 331 173 367 φησινὸ
181 330 288 366 Κύριος
302 331 362 358 ἀλλ’
373 331 403 367 ἢ,
416 331 489 365 Τοὺς
501 331 679 364 δοξάζοντάς
683 340 722 366 με
733 331 852 364 δοξάσω
860 340 866 346 ·

77 380 91 414 ὴ
105 379 131 406 δὲ
144 378 227 405 κακία
244 377 330 414 ὓϐριν
346 377 459 414 λογικῆς
476 377 563 413 ψυχῆς
577 376 711 414 προξενεῖ.

107 468 236 504 κλέπτην
248 468 301 495 οὐκ
312 467 391 495 ἄλλον
406 467 478 500 τινὰ,
494 468 518 495 εί
534 467 570 503 μὴ
584 467 630 493 τὸν
642 465 764 493 διάὸολον
777 466 865 501 λέγει·

73 512 86 542 ὁ
106 514 133 541 δὲ
157 514 342 550 μεριζόμενος
354 533 362 546 ,
378 513 462 548 ἧγουν
485 513 567 549 μέρος
591 512 640 548 μὲν
662 511 717 540 τῶν
735 511 782 540 τοῦ
799 512 867 539 Θεοῦ

72 561 296 597 προσταγμάτων
312 560 415 596 τηρῶν,
433 560 515 596 μέρος
530 559 558 586 δὲ
570 558 617 587 τοῦ
636 559 754 595 πονηροῦ
772 559 866 592 ποιῶν,

70 605 145 639 οὗτος
164 608 244 643 μισεί
258 606 309 642 τὴν
323 606 420 634 ἑαυτοῦ
434 606 523 641 ψυχήν
534 614 540 620 ·
563 605 660 641 μικρὸν
673 605 728 641 γὰρ
745 605 806 632 ὅσον
821 605 868 632 καὶ

68 652 171 679 τέλειον
191 653 276 680 αὑτὸν
298 652 400 687 κλέψας
422 653 436 679 ὁ
457 651 578 682 διάϐολος
590 671 597 684 ,
614 651 689 678 θύσει
704 650 802 687 ἐαυτῷ.
836 651 867 678 '0

66 699 205 732 κλέπτης
220 698 288 734 γὰρ,
303 699 397 731 φησὶν,
412 698 467 724 οὐκ
477 697 604 732 ἔρχεται,
616 699 641 724 εὶ
652 697 695 732 μὴ
706 697 756 725 ἵνα
768 696 866 732 κλέψῃ

65 745 115 771 καὶ
126 745 225 780 θύσῃ,
241 744 291 772 καὶ
307 744 458 778 ἀπολέσῃ.
469 759 503 764 --
514 744 615 779 Ὅρκον
631 742 692 770 εἶπε
705 743 750 770 τὸν
765 742 845 778 νόμον
858 751 865 757 ·

64 790 163 826 ὥσπερ
186 790 245 825 γὰρ
267 790 281 816 ὁ
299 789 380 826 ὅρκος
401 789 492 825 τίθησι
504 789 550 816 τὸν
565 789 631 816 Θεὸν
647 789 676 815 ἐν
690 789 779 824 ψυχῇ,
795 788 866 815 οὕτω

63 837 110 863 καὶ
131 836 147 862 ό
167 836 255 872 νόμος
269 836 373 870 εἰσάγει
385 835 450 862 Θεὸν
469 836 510 867 είς
522 835 629 871 ψυχήν·
651 835 698 862 καὶ
720 835 750 862 ὃν
765 834 865 871 τρόπον

920 239 1064 267 riﬂcarunt
1091 237 1218 273 hymnis,
1245 241 1272 266 et
1302 238 1494 266 mandatorum
1519 239 1706 272 observantia,

919 285 1042 313 extollet.
1061 283 1153 312 Gloria
1172 283 1244 311 enim
1264 283 1312 311 Dei
1338 288 1380 311 est
1398 284 1540 319 praeceptis
1557 283 1616 318 ejus
1644 284 1708 312 obe-

919 331 986 359 dire.
1003 329 1237 365 Quemadmodum
1265 329 1323 364 ipse
1349 329 1415 357 dicit
1443 329 1598 357 Dominus:
1615 329 1707 358 Hono-

919 382 1007 404 rantes
1020 384 1060 404 me
1074 376 1209 403 honorabo
1221 375 1256 403 ⁷⁸.
1278 375 1404 411 Nequitia
1423 382 1489 403 vero
1513 375 1706 404 contumeliam

918 423 1047 452 rationali
1066 423 1164 451 anima».
1180 422 1273 451 infert.
1386 420 1389 423 ’

952 469 1051 498 Furem
1068 468 1141 497 haud
1167 467 1252 498 alium
1282 469 1349 498 dicit
1372 476 1454 504 quam
1478 468 1626 498 diabolum.
1655 469 1707 503 Qui

917 523 984 544 vero
1008 516 1034 543 in
1056 520 1148 551 partes
1175 515 1323 549 scinditur,
1350 515 1378 542 id
1407 520 1449 543 cst
1475 515 1573 551 partim
1598 515 1706 551 quidem

918 562 1047 590 mandata
1074 561 1121 589 Dei
1146 561 1317 596 exsequitur,
1329 561 1429 596 partim
1446 568 1512 589 vero
1528 561 1649 596 maligni,
1665 562 1708 589 hic

917 608 1036 635 animam
1065 608 1204 643 propriam
1231 608 1300 636 odit.
1325 608 1348 624 ⁷⁷
1364 607 1418 634 Sed
1447 607 1521 635 hunc
1550 608 1706 642 propediem

917 654 1003 678 totum
1016 650 1153 679 suII'urans
1169 651 1304 684 diabolus,
1316 651 1368 679 sibi
1385 651 1547 679 immolabit.
1562 651 1707 684 Furenim,

917 697 1006 732 inquit
1020 695 1146 725 Christus
1157 697 1192 729 ⁷⁸,
1206 705 1259 725 non
1270 697 1335 724 venit
1353 697 1406 724 nisi
1419 703 1447 724 ut
1456 697 1560 732 furatur
1567 703 1589 724 et
1601 701 1708 730 mactet,

916 749 939 771 et
957 743 1309 778 perdat.——-Jusjurandum
1334 743 1402 771 dixit
1426 744 1525 779 legem.
1545 743 1622 772 Sicut
1635 743 1708 770 enim

913 789 1103 825 jusjurandum
1123 790 1205 818 Deum
1226 790 1253 817 in
1278 791 1367 817 anima
1389 790 1475 825 ponit,
1501 790 1541 818 sic
1563 790 1646 817 etiam
1665 789 1708 817 lex

917 836 1001 864 Deum
1028 837 1055 864 in
1080 836 1200 864 animam
1217 836 1331 864 inducit.
1345 836 1377 864 Et
1396 836 1631 872 quemadmodum
1647 844 1709 872 per-

68 882 147 910 πάλιν
166 883 280 917 ἀναιρεῖ
293 882 310 917 ἡ
326 881 454 917 ἐπιορκία
467 881 533 908 Θεὸν
544 882 577 908 ὲκ
590 880 688 916 ψυχῆς,
702 879 773 907 οὕτω
785 880 832 907 καὶ
846 881 862 916 ή

922 882 1018 915 iurium
1044 882 1129 910 Deum
1151 890 1184 910 ex
1208 883 1298 910 anim'a
1322 883 1405 915 delet,
1435 883 1470 910 ita
1499 882 1567 918 legis
1596 882 1709 911 violatio

67 927 230 964 παρανομία
241 927 367 954 ἐκϐάλλει
379 927 446 953 Θεὸν
457 927 504 954 ἀπ’
517 926 615 962 αὐτῆς.
640 926 702 953 Ἐὰν
713 924 769 958 οὖν,
787 925 864 961 φησὶ,

67 975 147 1010 νόμου
161 974 292 1006 τεθέντος
306 973 471 1005 ἀκούσαντες
484 974 521 1009 μὴ
534 972 748 1009 ὲξαγορεύσωσιν
762 972 866 999 ἑαυτῶν

65 1021 112 1053 τὰς
126 1020 273 1056 ἁμαρτίας
284 1039 292 1052 ,
317 1019 480 1056 φοδηθέντες
496 1020 543 1046 καὶ
562 1019 750 1054 αἰσχυνθέντες
763 1017 867 1053 ἀνθρώ-

64 1076 142 1099 πους,
158 1065 442 1102 ὑποσκελισθήσονται
459 1065 527 1103 πρὸς
544 1065 681 1093 ἀπώλειαν
693 1074 699 1080 ·
714 1065 785 1092 οὕτω
800 1064 867 1101 φησὶ

63 1115 109 1141 καὶ
123 1116 139 1141 ὁ
151 1114 239 1140 Δαυῖδ
248 1121 256 1128 ·
265 1111 360 1140 Ἐῖπα·
370 1113 397 1138 Ἐ
400 1113 571 1148 ξαγορεύσω
579 1113 641 1139 κατ’
649 1112 723 1147 ἐμοῦ
732 1111 789 1146 τὴν
798 1112 868 1138 dro—

61 1159 136 1196 μίαν
144 1169 210 1195 μου
220 1159 262 1193 τῷ
268 1159 375 1194 Κυρίῳ,
387 1159 436 1186 καὶ
452 1158 492 1186 σὺ
506 1158 627 1193 ἀφῆκας
647 1158 706 1193 τὴν
724 1157 867 1185 ἀσέϐειαν

61 1206 118 1240 τῆς
126 1206 261 1240 καρδίας
269 1215 327 1240 μου
339 1214 346 1221 ·
362 1206 408 1233 καί
422 1215 428 1221 ·
442 1206 517 1241 Λέγε
530 1205 570 1233 σὺ
585 1205 700 1239 πρῶτος
711 1205 765 1238 τὰς
774 1205 867 1239 ἁμαρ-

60 1254 130 1287 τίας
154 1262 235 1286 σου,
259 1253 309 1280 ινα
333 1252 508 1287 δικαιωθῇς·
528 1252 575 1279 καὶ
599 1252 680 1279 πάλιν
704 1252 718 1278 ό
741 1251 867 1287 Σολομῶν

60 1310 150 1338 φησιν
158 1310 164 1317 ·

60 1346 310 1383 ἀγαπηθήσεται.

918 929 1005 956 Deum
1020 935 1055 955 ex
1073 928 1118 956 illa
1142 927 1238 963 abigit.
1265 928 1294 956 Si
1320 935 1385 964 ergo
1401 933 1492 956 stante
1508 927 1577 962 lege,
1595 932 1707 962 peccata

918 981 966 1002 sua
978 974 1105 1002 conﬁteri
1120 974 1268 1008 noluerint,
1284 978 1358 1001 metu
1379 982 1411 1002 ac
1433 975 1538 1009 pudore
1552 974 1708 1005 hominum,

919 1020 1069 1048 cxitialiter
1094 1020 1297 1048 subvertentur.
1314 1021 1360 1048 Sic
1392 1021 1430 1048 ait
1457 1025 1484 1048 et
1502 1019 1680 1047 David:Di:ri
1697 1028 1707 1048 :

917 1066 1071 1101 ,Confitebor
1084 1067 1210 1094 adversus
1224 1075 1265 1094 me
1276 1066 1437 1101 injustitiam
1450 1074 1535 1093 meum
1547 1065 1669 1099 Domino,
1683 1070 1708 1092 et

919 1118 948 1140 tu
967 1113 1092 1141 remisisti
1117 1113 1278 1148 impietatem
1306 1113 1395 1141 cordis
1427 1112 1523 1140 mei".
1543 1112 1595 1140 Et:
1611 1111 1658 1139 Dic
1679 1117 1708 1138 tu

919 1160 993 1195 prior
1008 1164 1116 1195 peccata
1137 1163 1194 1192 tua,
1216 1164 1245 1186 ut
1265 1159 1420 1196 justi/icui:
1429 1159 1463 1186 ⁸⁸.
1489 1158 1556 1186 Item
1578 1158 1706 1185 Salomon

920 1205 976 1232 ait:
988 1204 1041 1238 Qui
1055 1206 1137 1238 operit
1149 1206 1314 1241 iniquitatem
1326 1212 1412 1239 suam,
1426 1213 1479 1232 non
1490 1205 1706 1239 prosperabttur;

920 1251 965 1286 qui
979 1255 1067 1278 autem
1080 1255 1188 1278 enarrat
1201 1255 1227 1279 et
1243 1251 1387 1285 vituperat,
1402 1251 1446 1277 hic
1459 1250 1625 1284 diligetur".

204 1301 237 1328 '0
269 1301 479 1328 ἐπικαλύπτων·
504 1301 646 1328 ἀσέϐειαν
678 1299 790 1334 αὐτοῦ,
824 1300 881 1327 οὐκ
906 1298 1145 1334 εὐοδωθήσεται·
1174 1299 1191 1327 ό
1220 1299 1254 1326 δὲ
1280 1298 1480 1334 ἐξηγούμενος
1504 1298 1554 1326 καὶ
1575 1298 1708 1333 ἐλέγχων

96 1393 184 1420 Ὅσοι
198 1391 387 1428 κατορθοῦμεν
399 1391 449 1424 τὰς
464 1392 585 1425 ἐντολὰς,
601 1391 790 1429 θεραπεύομεν
802 1391 862 1424 τοὺς

952 1390 975 1406 ⁸⁸
988 1389 1149 1424 Quicunque
1167 1387 1295 1416 mandata
1314 1387 1362 1416 Dei
1386 1389 1574 1423 observamus,
1596 1389 1707 1425 angelos

59 1439 220 1474 ἀγγέλους·
243 1439 321 1465 αὐτοὶ
334 1438 389 1474 γάρ
411 1439 480 1465 εἰσιν
497 1439 523 1465 oi
545 1438 690 1474 ἡγούμενοι
704 1438 784 1475 ἡμῶν
800 1437 867 1474 (εδ),

59 1485 111 1510 ἀπ’
126 1484 222 1520 ἀρχῆς
237 1483 374 1515 λαϐόντες
387 1484 470 1519 ἡμᾶς,
486 1484 530 1511 ὅτε
546 1483 699 1519 διεμέριζεν
710 1485 725 1511 ὁ
738 1483 869 1519 Ὕψιστος

59 1530 130 1566 ἔθνη
145 1551 152 1563 ,
169 1531 219 1557 καὶ
234 1529 422 1565 ἔπησεν¹ὄρια
435 1529 519 1557 ἐθνῶν
532 1530 602 1557 κατὰ
613 1529 729 1566 ἀριθμὸν
743 1529 867 1564 ἀγγέλων

60 1576 171 1603 αὑτοῦ·
191 1577 221 1603 ὲν
243 1576 272 1602 δὲ
291 1576 330 1612 τῷ
351 1575 513 1612 θεραπεύειν
529 1576 602 1612 ἡμᾶς
621 1576 684 1608 τοὺς
700 1575 868 1612 ἡγουμένους

60 1621 148 1656 ἡμῶν
173 1620 323 1655 ἀγγέλους,
339 1621 367 1647 ἐν
381 1620 422 1656 τῷ
437 1620 570 1656 θελήματι
585 1620 632 1647 τοῦ
652 1619 755 1656 Κυρίου
765 1640 772 1652 ,
790 1621 819 1647 ὲν
831 1621 867 1656 τῇ

61 1666 159 1702 κρίσει
182 1666 289 1694 δίκαιον
314 1665 431 1702 ὑπάρξει
453 1667 520 1702 ἡμῖν
546 1666 622 1702 παρὰ
647 1665 695 1693 τοῦ
712 1666 816 1703 Κυρίου
838 1666 868 1693 ὲν

61 1713 164 1749 ἐκείνῃ
180 1714 220 1752 ,τῇ
237 1711 346 1748 ἡμέρᾳ,
361 1713 406 1739 ὅτε
424 1713 514 1748 κρινεῖ
527 1712 578 1748 τὴν
598 1713 760 1748 οἰκουμένην
782 1713 811 1739 ὲν
829 1712 869 1740 δι-

61 1766 206 1795 ιαιοσυνῃ
242 1757 270 1784 εί
289 1766 322 1793 γε
337 1759 426 1785 πᾶσαν
443 1758 493 1794 τὴν
510 1758 600 1793 κρίσιν
622 1758 636 1785 ὁ
656 1758 753 1794 Πατὴρ
769 1758 869 1786 δέδωκε

62 1803 102 1839 τῷ
120 1803 195 1839 rio.

917 1436 1101 1464 demeremur.
1126 1434 1179 1470 Ipsi
1203 1434 1286 1463 duces
1309 1435 1396 1463 nostri
1428 1440 1502 1469 sunt,
1530 1441 1656 1471 suscepta
1673 1437 1707 1464 ab

916 1481 993 1510 initio
1008 1481 1091 1509 tutela
1109 1486 1213 1514 nostra,
1232 1488 1295 1509 cum
1312 1481 1453 1510 dividebat
1469 1481 1627 1510 Altissimus
1642 1489 1708 1517 gen-

916 1532 969 1560 tes,
983 1527 1173 1562 statuebatque
1187 1527 1257 1555 ﬂues
1270 1526 1432 1562 populorum
1448 1527 1597 1556 secundum
1611 1535 1707 1556 nume-

916 1581 980 1601 rum
993 1573 1149 1609 angelorum
1175 1572 1233 1601 Dei.
1251 1572 1309 1609 Age
1336 1581 1403 1601 vero
1429 1573 1598 1602 demerendo
1625 1575 1708 1602 duces

916 1622 1025 1647 nostros
1039 1618 1163 1654 angelos,
1176 1618 1340 1654 Dominique
1362 1619 1501 1647 voluntate
1524 1619 1706 1655 adimplenda,

913 1663 1016 1700 justum
1025 1672 1040 1692 a
1051 1664 1167 1692 Domino
1174 1665 1314 1700 praemium
1321 1665 1366 1692 illa
1374 1665 1419 1693 die
1428 1673 1637 1701 consequemur,
1653 1674 1706 1702 qua

916 1711 1047 1739 mundum
1085 1711 1218 1746 iudicabit
1249 1719 1310 1739 cum
1336 1711 1464 1747 iustitia:
1486 1713 1706 1749 quandoquidem

917 1764 998 1785 omne
1010 1756 1144 1791 judicium
1155 1755 1236 1784 Pater
1249 1756 1320 1785 Filio
1336 1757 1458 1785 tradidit.

795 1848 872 1877 CAP.
891 1847 990 1876 XXXI.

106 1896 238 1933 Ἀνδρεία
260 1896 334 1923 ἐστὶν
353 1895 410 1930 ἕξις
425 1896 522 1933 ἀρίστη
538 1896 651 1932 λογικῆς
672 1895 778 1932 ψυχῆς,
804 1894 865 1922 καθ’

64 1943 98 1979 ἢν
113 1943 170 1970 τῶν
186 1943 385 1978 ἀντικειμένων
399 1942 467 1978 αὕτη
482 1943 652 1980 κεκράτηκεν
668 1941 784 1978 ἐχθρῶν.

99 1990 278 2026 Νικήσαντες
291 1989 340 2025 τὴν
351 1989 546 2025 ἀντικειμένην
560 1989 684 2024 δύναμιν,
701 1987 866 2023 σκυλεύομεν

66 2035 164 2071 αὐτὴν,
185 2036 252 2067 τοὺς
268 2035 332 2072 περὶ
347 2035 434 2070 αὐτῆς
449 2035 545 2070 λόγους
560 2034 741 2070 μανθάνοντες
753 2042 760 2048 ”
777 2033 819 2060 ἵνα
832 2033 867 2060 τὰ

66 2082 130 2108 κατ’
145 2081 235 2108 αὐτὴν
251 2081 340 2116 φαῦλα
353 2081 421 2116 δῆλα
433 2082 594 2117 ποιήσαντες
604 2102 612 2114 ,
628 2080 804 2114 ἀπαγίδευτοι
818 2079 868 2116 μέ-

68 2137 148 2160 νωσι,
166 2129 206 2163 μὴ
220 2129 301 2163 μόνον
312 2129 336 2154 οἱ
348 2127 538 2163 ἀπλούστεροι,
554 2126 620 2153 ἀλλὰ
633 2126 679 2153 καὶ
690 2127 714 2153 οἱ
729 2126 868 2161 συλλαγω-

69 2174 204 2209 γηθέντες
221 2173 319 2209 ῥᾳδίως
336 2173 506 2208 ὲκφεὺγωσιν
519 2173 566 2199 ἀπ’
579 2172 674 2208 αὐτῆς.

103 2218 254 2254 Ηηρὺεται
266 2218 296 2245 τὸ
308 2218 381 2254 ἔριον
390 2219 441 2245 ,καὶ
450 2218 521 2245 λίνον
534 2218 618 2253 ψυχὴ,
631 2219 694 2250 τοὺς
705 2217 768 2252 περὶ
781 2218 869 2254 ἐμψύ-

71 2273 125 2299 χων
150 2263 200 2290 καὶ
225 2263 338 2298 ἀψύχων
360 2262 456 2297 λόγους
475 2261 667 2298 γυμνάζουσα·
692 2261 708 2298 ἢ
725 2262 788 2294 τοὺς
804 2263 869 2299 περὶ

73 2310 231 2346 πρακτικῆς
255 2310 302 2337 καὶ
324 2309 441 2345 φυσικῆς
462 2309 627 2343 ἐξετάζουσα
651 2309 766 2343 λόγους·
787 2309 866 2345 ῆτὴν

73 2358 136 2393 περὶ
146 2356 285 2391 σωμάτων
296 2356 342 2384 καὶ
352 2356 506 2391 ἀσωμάτων
517 2355 633 2391 θεωρίαν
640 2355 684 2382 διὰ
694 2355 742 2391 τῆς
752 2364 868 2391 πρακτι-

74 2402 125 2437 κῆς
138 2402 258 2428 ἕλκουσα
277 2402 344 2437 πρὸς
359 2400 444 2437 αὐτὴν
456 2401 550 2433 ἕξεως.

106 2448 141 2474 Ἦ
160 2448 210 2474 κει.)⁸
227 2447 277 2483 τὴν
297 2448 330 2473 ὲκ
346 2446 443 2478 νυκτὸς
457 2445 641 2482 ἀνισταμένην
651 2445 750 2482 ψυχὴν.
765 2454 867 2482 γρηγο-

77 2493 174 2529 ροῦςαν
198 2494 323 2529 εὑρίσκει
349 2493 364 2519 ὁ
388 2493 436 2527 τῆς
458 2491 631 2527 δικαιοσύνης
647 2491 721 2527 ἥλιος
738 2491 867 2526 νυμφίος·

77 2540 183 2571 πάντως
199 2539 230 2566 δὲ
250 2539 298 2566 καὶ
319 2537 543 2574 προσευχομένην
556 2537 604 2564 τοῦ
624 2537 662 2572 μὴ
683 2538 813 2572 ἐμπεσεῖν
830 2538 870 2568 εἰς

78 2585 237 2621 πειρασμὸν,
247 2585 379 2619 λέγουσαν
390 2584 431 2616 τὸ,
446 2583 622 2619 Ἦγρύπνησα
630 2583 677 2610 καὶ
686 2584 819 2619 ἐγενόμην
831 2583 869 2616 ὡς

81 2631 214 2667 στρουθίον
230 2631 346 2666 μονάζον
361 2629 409 2656 ἐπὶ
428 2629 551 2664 δώματος
563 2637 569 2643 ·
586 2628 684 2664 βρῶμα
697 2629 725 2655 δέ
742 2630 800 2655 ἐστι
815 2629 868 2664 ψυ-

80 2678 134 2712 χῆς,
147 2678 163 2713 ἡ
177 2677 278 2714 μελέτη
291 2677 347 2704 τῶν
361 2676 441 2703 θείων
453 2676 540 2710 λόγων
552 2683 558 2690 ·
575 2675 643 2711 ἔργα
655 2675 699 2709 δὲ,
712 2677 739 2702 αἱ
753 2676 848 2712 ἀρεταί
860 2684 867 2692 ·

111 2760 152 2787 "I
166 2760 231 2796 Reg.
248 2769 278 2792 tt,
299 2759 348 2787 3‘).

397 2758 420 2774 ⁷⁷
436 2766 462 2786 v.
476 2759 522 2786 24.
570 2761 592 2777 ⁷⁸
629 2760 708 2788 Joan.
725 2766 752 2791 κ,
765 2758 810 2785 ‘10.
848 2759 870 2775 ⁷⁸
883 2756 955 2785 Psal.
977 2764 1054 2789 uxr,
1069 2756 1096 2784 5.

954 1894 978 1910 ⁸³
989 1893 1132 1922 Fortitudo
1144 1899 1186 1922 est
1204 1894 1306 1930 optima
1323 1893 1443 1930 qualitas
1469 1894 1568 1923 anima:
1588 1895 1707 1924 rationa-

919 1941 961 1974 lis,
979 1948 1030 1976 qua
1045 1941 1220 1969 adversantes
1235 1940 1287 1968 sibi
1302 1941 1426 1969 inimicos
1441 1941 1531 1969 anima
1550 1946 1670 1977 superat.

955 1987 978 2003 “
991 1987 1123 2023 Superata
1146 1987 1304 2015 adversaria
1323 1987 1455 2022 potentia,
1478 1988 1622 2016 manubias
1645 1988 1708 2016 inde

920 2033 1052 2068 capimus,
1065 2033 1247 2060 litteraturam
1267 2032 1326 2067 ejus
1345 2033 1476 2062 discendo
1491 2043 1498 2061 :
1515 2038 1545 2061 ut
1561 2034 1628 2061 vitia
1649 2033 1708 2069 ejus

920 2079 1009 2115 palam
1029 2079 1174 2112 iacientes,
1193 2087 1246 2107 non
1265 2079 1347 2107 modo
1359 2084 1473 2107 caveant
1488 2087 1502 2107 a
1521 2079 1626 2114 laqueis
1641 2081 1708 2107 sim-

920 2126 1060 2161 pliciores,
1077 2126 1125 2154 sed
1139 2126 1219 2154 etiam
1233 2131 1366 2162 quotquot
1384 2125 1483 2154 irretiti
1498 2125 1610 2154 iuerant
1627 2127 1708 2154 tacite

919 2170 1048 2204 eﬁ‘ugiant

954 2218 977 2235 ⁸⁵
988 2218 1090 2245 Lanam
1109 2218 1251 2254 linumque
1270 2223 1317 2246 net
1329 2218 1432 2252 anima,
1445 2226 1507 2246 cum
1525 2219 1706 2246 animatarum

919 2267 947 2291 et
969 2263 1183 2291 inanimatarum
1209 2264 1348 2292 doctrinas
1379 2265 1542 2294 meditatur:
1578 2265 1621 2292 vel
1646 2273 1707 2292 cttm

921 2309 1049 2345 practice:
1067 2315 1094 2338 et
1112 2310 1231 2346 physicae
1246 2315 1386 2338 scrutatur
1408 2311 1551 2338 metltodos
1565 2320 1572 2338 :
1585 2311 1626 2338 vel
1643 2318 1704 2339 Cum

922 2355 1143 2390 incorporeorum
1159 2356 1293 2383 tlieoriam
1307 2357 1430 2390 practica
1447 2357 1480 2383 ad
1498 2364 1527 2384 se
1542 2356 1626 2383 trahit
1640 2364 1704 2384 con-

922 2401 1077 2429 suetudine.

959 2447 982 2463 "
996 2447 1082 2475 Noctu
1102 2452 1294 2483 exsurgentem
1321 2449 1451 2484 animam,
1468 2449 1578 2485 vigilem
1606 2449 1709 2478 invenit

923 2499 1039 2527 sponsus
1051 2492 1164 2526 iustitiae
1185 2493 1237 2526 sol,
1254 2501 1304 2522 nec
1319 2502 1372 2522 non
1388 2495 1468 2522 enixe
1488 2499 1612 2522 orantem
1634 2500 1663 2522 ut
1674 2502 1708 2522 ne

921 2539 948 2566 in
975 2540 1149 2567 tentationem
1171 2540 1294 2573 incidat,
1316 2541 1506 2576 dicentemque
1525 2541 1660 2576 :Vigilavi
1679 2546 1708 2568 et

922 2584 993 2612 facta
1018 2592 1078 2612 sum
1102 2585 1177 2612 velut
1193 2593 1287 2621 passer
1301 2586 1479 2614 solitarius".
1500 2586 1548 2614 Est
1562 2591 1651 2613 autem
1665 2586 1708 2613 ci.-

922 2630 972 2658 bus
989 2631 1096 2664 animm,
1113 2631 1253 2659 meditatio
1268 2632 1421 2660 divinorum
1437 2632 1605 2667 eloquiorum
1620 2640 1628 2660 :
1643 2639 1708 2667 ope-

923 2683 963 2709 ra,
980 2680 1044 2704 sunt
1061 2677 1195 2711 virtutes;
1208 2677 1324 2710 ancillze,
1340 2684 1448 2705 sensus.
1477 2676 1542 2706 Htec
1563 2682 1626 2713 ergo
1642 2683 1707 2705 con-

1147 2756 1169 2773 ³⁰
1180 2755 1231 2786 Isa.
1244 2764 1319 2791 xuii,
1333 2757 1379 2785 26.
1415 2757 1437 2773 "
1455 2756 1536 2785 Prov.
1552 2764 1649 2790 xxvnt,
1665 2757 1707 2785 l5.

86 2794 136 2822 “V.
151 2797 193 2823 20'.
205 2791 220 2796 ’”
232 2797 257 2812 ⁸³
273 2791 300 2822 v.
319 2795 360 2822 I0.
403 2794 425 2810 ⁸⁵
442 2802 468 2821 v.
484 2795 528 2821 11.
566 2795 590 2812 ⁸⁵
603 2796 686 2823 v.15.
726 2794 749 2810 ⁸⁸
761 2801 786 2820 v.
805 2793 848 2820 15.

925 2791 993 2820 Psal.
1011 2800 1048 2825 ct,
1064 2793 1091 2820 8.

113 2869 160 2905 (2’8)
177 2869 305 2898 Ob:t'.l‘\'a
322 2867 449 2902 Origcnis
467 2867 651 2896 testimonium
666 2869 698 2896 de
714 2867 874 2896 custodibus
887 2866 1024 2895 hominum
1040 2866 1152 2901 angelis.
