1919 3074
222 125 278 155 ιιι

668 129 950 158 SUPPLEIIENTUM
967 129 1013 158 AD
1033 129 1195 158 ORIGENIS
1211 130 1417 159 EXEGETICA.

1799 131 1857 159 εει

226 194 319 216 autem
334 189 487 225 vituperant
499 190 527 218 et
539 189 567 217 in
585 189 704 218 medium
726 191 854 219 deferunt
880 199 929 226 per
943 199 1009 219 con-

1063 200 1139 218 σεται
1161 191 1210 218 καὶ
1231 189 1272 224 εἷς
1299 193 1401 228 ποιμήν
1413 200 1421 209 -
1445 191 1470 218 oi.
1491 191 1520 218 δὶ
1540 191 1695 226 ἐλέγχοντες
1713 191 1760 218 ναὶ
1780 199 1855 226 φρει·

227 233 374 262 fessionem
390 241 466 262 actus
481 243 555 267 suos,
572 239 600 263 et
613 236 734 264 melioris
745 238 800 272 jam
820 239 920 265 mentis
944 238 1011 266 deli-

227 279 392 311 berationes,
406 280 508 308 excelsi
524 280 690 309 videbuntur
706 282 830 316 Domino,
848 287 876 310 et
888 290 944 317 prae
953 291 1010 310 om-

228 325 308 352 nibus
325 326 519 353 commendati.
548 327 782 363 Supervenietqne
806 328 873 364 ipsis
896 329 922 356 in
944 337 1013 364 prat-

225 371 296 398 senti
313 371 424 406 quidem
441 372 542 400 szeculo
566 373 636 400 bona
662 373 819 402 benedictio
843 379 953 402 actuum
970 379 1012 403 at-

225 424 280 452 que
297 416 432 450 laborum,
458 423 486 445 et
506 417 699 446 intellectualis
716 420 822 447 theorta
849 420 1010 454 sapientiae:

225 463 254 490 in
270 463 362 491 futuro
375 469 476 497 antem,
497 472 511 491 a
527 465 641 492 Domino
653 465 804 499 pra-mium.

261 509 284 526 "
299 509 350 543 Qui
365 510 486 537 ambulat
497 516 559 545 post
574 510 621 538 Dei
634 511 774 544 mandata,
792 511 962 540 instauratur
977 513 1011 540 ad

223 554 356 589 justitiam
371 560 399 583 et
414 556 669 584 sanctilicationem.
692 557 801 584 Etenim
821 565 882 585 cum
902 558 1012 592 sapien-

227 601 262 627 tia
287 601 437 629 adiﬁcatur
456 603 563 635 domus,
586 610 646 638 qua:
671 611 704 630 ex
730 603 820 630 anima
845 609 874 631 et
897 611 1011 638 corpore

224 649 394 681 constat,-ad
413 649 460 676 Dei
482 649 678 676 habitaculum.
696 650 723 676 In
742 649 908 678 malitiosam
921 655 1010 678 autem

225 693 345 720 animum
361 702 414 721 non
431 695 557 722 introibit
570 695 718 730 sapientia.

260 739 284 755 ”
295 739 364 766 Tum
371 740 466 775 spina,
478 745 533 768 tum
548 749 646 775 pecora
660 741 838 776 pessumdant
849 743 1010 778 agrummisi

225 786 285 813 illas
304 785 402 821 aliquis
425 792 531 822 purget,
549 787 608 815 haec
625 795 689 815 vero
710 788 856 816 custodiat.
878 788 918 816 Ita
939 793 966 816 et
983 789 1010 817 in

225 829 336 857 lintnine
347 831 432 858 bat-do
445 831 545 858 accidit
567 840 574 859 :
590 832 712 867 nequitia
727 833 886 860 exstimulat
900 841 963 862 eum
977 835 1010 862 ad

223 875 268 904 illa
291 877 432 904 ambienda
453 878 552 912 quibus
568 886 681 913 regnum
697 879 849 906 obtinetur.

260 922 344 958 Sepes
367 927 410 950 est
431 923 618 959 tranquillitas
635 924 733 952 animm
750 924 893 953 rationalis
906 932 939 953 es
954 926 1008 953 vlr-

223 972 310 997 tutum
324 970 457 997 exercitio
471 970 647 1004 proveniens.
674 970 738 998 iltec
751 978 816 998 vero
830 973 964 999 evertitur
981 976 1009 999 et

220 1015 402 1050 exstinguitur
416 1024 431 1042 a
445 1016 521 1044 stulti
539 1016 659 1044 hominis
674 1015 801 1044 arbitrio.

834 1062 914 1091 CAP.
935 1062 1007 1090 XXX

255 1109 278 1126 "
292 1110 438 1144 (Iorruptio
462 1116 506 1136 res
534 1109 687 1145 hujusmodi
713 1110 842 1138 adamat:
858 1110 1004 1141 infernum,

219 1164 353 1188 amorem.
368 1156 507 1182 mulierem
524 1155 699 1183 l'urnicariam
713 1165 720 1183 :
736 1157 793 1184 hac
809 1157 883 1184 enim
902 1157 1005 1185 nullum

221 1203 323 1230 habent
337 1202 417 1230 linem
433 1207 480 1229 ant
498 1202 663 1230 satietatem.
675 1202 738 1229 Tria
755 1207 844 1230 tamen
864 1207 929 1231 sunt
947 1211 1007 1239 quae

223 1249 370 1281 aliquando
392 1248 550 1281 satiantur;
577 1252 696 1276 attamen
714 1253 852 1283 quartum,
868 1257 1006 1285 nunquam

220 1300 252 1320 se
265 1297 422 1320 contentum
446 1293 539 1321 dicere
556 1294 638 1321 valet.
653 1293 792 1326 lnl'ernus,
806 1299 834 1322 et
851 1302 929 1323 amor
945 1304 1005 1323 mu—

221 1339 305 1371 lieris,
324 1344 352 1367 et
376 1345 450 1366 terra
469 1347 607 1374 nunquam
627 1341 706 1376 aquis
722 1346 854 1375 saturata,
873 1346 902 1370 et
923 1350 1005 1378 aqua.

218 1391 247 1412 et
265 1385 346 1421 ignis,
363 1392 502 1420 nunquam
514 1386 610 1414 dicunt
627 1387 742 1415 suliicit.
760 1387 876 1423 Semper
895 1393 1004 1416 terrena

219 1431 324 1458 sentina
338 1431 434 1466 recipit
448 1439 455 1464 ;
470 1432 642 1466 quantalibet
668 1433 808 1468 injeceris,
826 1434 915 1462 adhuc
933 1435 1005 1462 desi-

219 1479 307 1506 derat.
323 1478 369 1506 Sic
382 1479 465 1506 etiam
491 1486 564 1506 mors
577 1484 605 1506 et
621 1479 692 1514 ignis
707 1485 841 1517 quotquot
860 1482 1004 1516 corripue-

220 1525 276 1552 rint
299 1529 486 1560 corrumpunt.
507 1525 546 1552 Ita
562 1525 645 1553 etiam
661 1531 818 1561 paupertas.
843 1526 889 1555 Hae
906 1528 1005 1562 quippe

220 1578 265 1598 res
282 1571 335 1598 vim
359 1571 538 1599 consumendi
566 1571 679 1600 habent.
705 1572 744 1599 lta
758 1580 787 1600 sc
802 1572 904 1600 habent
925 1573 1004 1601 etiam

219 1617 328 1652 pigritia
345 1621 372 1645 et
385 1619 480 1645 otium.
497 1617 563 1645 Nam
590 1619 653 1652 quia
670 1617 789 1646 fortasse
807 1618 908 1653 aliquis
922 1619 1005 1646 mira-

220 1668 274 1695 tur,
289 1671 339 1690 cur
350 1663 512 1690 insatiabilis
525 1664 561 1691 sit
577 1663 710 1697 infernus,
736 1671 892 1699 quanquam
912 1664 1004 1691 homi-

218 1718 280 1738 nem
293 1714 448 1742 consumat,
464 1710 570 1738 idcirco
585 1710 633 1743 ait,
650 1718 683 1738 ne
699 1711 757 1738 haec
769 1710 879 1746 quidem
891 1711 1005 1738 satieta-

217 1760 272 1783 tz-m
289 1756 400 1788 habere,
414 1756 673 1790 nequeconsistere.
694 1755 799 1783 Videsis
822 1761 913 1784 autem
941 1764 1004 1791 quo-

219 1802 298 1828 modo
308 1801 510 1836 comparaverit
521 1802 718 1829 scortationem
731 1802 850 1830 inferno.

252 1847 276 1863 ⁹⁶
286 1847 366 1875 Corvi
381 1848 407 1874 lii
419 1848 508 1882 justus
521 1847 598 1875 alunt
611 1848 725 1884 mystice
735 1848 770 1880 ",
786 1853 814 1876 et
831 1847 948 1883 injustas
958 1856 1004 1884 pu-

217 1893 306 1926 niunt,
320 1894 446 1928 nequitiae
460 1894 554 1922 oculos
566 1893 736 1926 elIodientes,
748 1895 812 1929 quia
827 1894 935 1922 Patrem
947 1895 1004 1922 uni-

216 1939 349 1968 \‘ersalem
361 1948 393 1968 ac
405 1941 486 1967 Deum
500 1940 653 1973 irriserunt,
667 1945 694 1968 et
707 1941 828 1976 ipsorum
843 1941 1001 1976 genitricem

216 1986 355 2022 antiquam
383 1987 525 2015 scientiam
551 1987 692 2022 aspernati
716 1991 791 2015 sunt.
818 1987 917 2014 Oculus
938 1994 1003 2014 vero

217 2030 307 2058 Patris
329 2037 383 2065 est,
406 2033 468 2059 data
485 2032 564 2059 nobis
581 2031 615 2058 ab
638 2039 673 2059 eo
690 2039 751 2058 cum
773 2031 878 2066 justitia
897 2032 950 2058 lex.
969 2031 1003 2059 Et

216 2085 264 2104 eos
276 2078 385 2112 quidem
412 2078 458 2112 qui
479 2077 555 2112 impii
577 2076 674 2104 oculos
695 2076 839 2110 eﬂ‘odiunt,
857 2077 927 2104 dixit
939 2085 1001 2105 cor-

216 2130 264 2150 vos
280 2129 288 2150 :
305 2123 353 2158 qni
365 2130 430 2150 vero
452 2127 538 2151 totum
554 2123 692 2150 hominem
707 2126 817 2155 vorant,
831 2121 937 2157 aquilas
950 2129 1001 2151 vo-

216 2169 289 2196 cavit
302 2178 309 2197 :
324 2169 386 2196 ideo
399 2168 514 2202 scilicet,
530 2169 594 2204 quia
608 2169 670 2196 aliis
689 2173 808 2203 partem,
820 2165 892 2203 ;aliis
913 2168 1001 2196 omni-

216 2213 323 2239 Inodam
343 2212 533 2247 purgationem
563 2212 712 2241 commisit.
745 2211 808 2239 Vult
830 2213 906 2240 enim
928 2212 1000 2239 Deus

213 2260 298 2289 etiam
315 2259 413 2294 impios
425 2258 537 2287 salvari.

250 2346 275 2364 ”
285 2346 376 2374 Gallus
392 2345 537 2382 [ἀλέκτωρ]
563 2347 619 2375 avis
643 2355 657 2374 ιι
680 2346 757 2375 nobis
784 2346 998 2382 [Alexandrinis]

215 2392 318 2420 ᾱλειιτα
335 2391 390 2428 (19)
409 2392 528 2425 dicitur;
544 2393 567 2420 sl
587 2399 652 2420 vero
670 2392 804 2420 referatur
815 2393 850 2420 ad
871 2399 999 2421 coeuntes

215 2446 276 2465 cum
302 2438 346 2465 illo
369 2438 494 2469 feminas,
510 2439 646 2474 γνωριστα
667 2437 827 2474 [cognitor].
844 2438 999 2472 Sequuntur

216 2485 289 2512 hunc
314 2484 427 2511 altilium
447 2492 554 2520 greges,
572 2486 635 2519 quia
653 2492 749 2512 omnes
765 2485 887 2512 ambiunt
900 2491 998 2518 capere

215 2539 248 2558 es
262 2539 294 2558 eo
308 2530 483 2565 voluptatem,
500 2531 544 2565 qui
557 2530 640 2558 alacri
653 2537 718 2566 erga
732 2537 827 2558 omnes
841 2537 936 2558 amore
945 2535 997 2557 est.

214 2576 262 2605 Sic
287 2576 434 2604 universali
461 2576 516 2604 Deo
534 2576 691 2611 angelorum
717 2576 829 2603 ordines
850 2583 902 2603 non
923 2581 998 2602 metu

1066 237 1204 271 τριοῦπες
1215 237 1250 264 δι’
1260 236 1462 273 ὲξαγορεύσεως
1472 237 1521 268 τὰς
1537 236 1640 263 ἑαυτῶν
1655 235 1769 272 πράξεις
1785 236 1854 271 (18),

1066 282 1112 308 καὶ
1119 281 1168 314 τὰς
1174 282 1220 308 τοῦ
1227 282 1360 317 βελτίονος
1370 282 1416 309 νοῦ
1425 282 1486 310 ὲνθυ
1491 284 1526 318 μή
1530 291 1597 315 σεις,
1604 281 1749 317 φανοῦνται
1756 282 1856 317 ὑψηλοὶ

1065 327 1141 363 παρὰ
1149 327 1261 362 Κυρίου,
1276 327 1322 354 ἐπὶ
1333 329 1415 354 πᾶσιν
1425 328 1511 363 ἀνακη
1517 327 1672 363 ρυττόμενοι
1679 336 1686 342 ·
1700 328 1744 354 ἐπ’
1753 327 1855 360 αὐτοὺς

1064 373 1093 400 δὲ
1106 373 1182 409 ἥξει,
1204 376 1233 402 ὲν
1250 375 1299 410 μὲν
1320 374 1358 410 τῷ
1375 374 1422 402 νῦν
1443 374 1522 401 αἰῶνι
1538 375 1555 410 ἡ
1569 374 1658 410 ἀγαθὴ
1674 374 1784 408 εὐλογία
1798 375 1853 400 τῶν

1064 420 1191 456 πράξεων
1201 421 1256 447 τῶν
1267 421 1365 457 ἔργων,
1382 421 1428 448 καὶ
1440 421 1456 456 ἡ
1467 421 1549 457 νοητὴ
1561 421 1611 456 τῆς
1622 420 1717 455 σοφίας
1731 420 1835 456 θεωρία
1843 429 1852 437 ι

1065 465 1094 491 ὲν
1107 465 1135 491 δὲ
1151 464 1189 500 τῷ
1204 465 1339 500 μέλλοντι,
1355 465 1373 500 ὴ
1390 465 1465 501 παρὰ
1479 465 1527 492 τοῦ
1541 465 1644 500 Κυρίου
1657 465 1782 500 διανομή.

1107 511 1135 537 ’0
1150 511 1332 546 πορευόμενος
1352 510 1464 538 ὄπισθεν
1488 510 1543 547 ¹τῶν
1563 510 1610 537 τοῦ
1629 510 1697 538 Θεοῦ
1711 517 1856 545 προστατ-

1066 557 1169 592 μάτων,
1178 557 1393 593 ἀνοικοδομείται
1409 558 1448 589 εἰς
1458 557 1630 593 δικαιοσύνην
1642 557 1689 583 καὶ
1697 555 1835 592 ἁγιασμόν
1845 564 1852 571 ·

1066 603 1134 638 μετὰ
1147 603 1201 639 γὰρ
1218 603 1314 638 σοφίας
1327 603 1506 639 οἰκοδομεῖται
1520 601 1593 634 οἶκος
1603 621 1610 633 .
1631 603 1646 628 ὁ
1665 603 1695 629 ὲν
1715 601 1788 636 ψυχῇ
1805 602 1854 628 καὶ

1065 647 1172 684 σώματι
1188 649 1227 681 είς
1243 649 1402 685 κατοίκησιν
1416 645 1501 676 Θεοῦλ
1517 650 1556 681 είς
1572 649 1600 675 δὲ
1615 648 1777 684 κακότεχνον
1799 648 1854 682 ψυ-

1064 695 1114 730 χὴν
1128 695 1178 722 οὐκ
1191 695 1374 722 εἰσελεύσεται
1391 695 1480 730 σοφία.

1096 741 1131 767 El
1147 741 1176 767 τὲ
1192 741 1246 777 γὰρ
1260 740 1375 768 ἄκανθαι
1388 762 1395 774 ,
1415 741 1470 768 εἴτε
1501 741 1600 778 κτήνη,
1614 740 1760 768 ἀπόλλυσιν
1772 740 1852 771 αὐτὸ,

1063 788 1110 814 ἐὰν
1127 787 1163 823 μὴ
1180 786 1223 822 εἴη
1238 788 1252 814 ὸ
1263 787 1465 824 περικαοαίρων
1481 788 1528 815 καὶ
1541 787 1683 822 φυλάττων
1693 794 1702 802 ·
1718 786 1853 818 ὡσαύτως

1063 834 1110 861 καὶ
1123 833 1234 869 ἄφρων*
1257 834 1274 869 ἡ
1290 823 1376 860 κακία
1390 834 1464 861 ἐστὶν
1479 834 1494 860 ό
1511 833 1616 860 νύσσων
1645 833 1726 860 αὑτὸν
1757 833 1798 864 είς
1817 832 1853 859 τὰ.

1062 879 1111 915 τὴν
1130 879 1268 915 βασιλείαν
1284 880 1476 915 προξενοῦντα.

1025 912 1045 940 Β
1089 912 1223 961 ⁷Φραγμός
1248 912 1320 952 ἐστιν
1344 912 1462 952 άπάθεια
1484 925 1572 961 ψυχῆς
1594 925 1722 960 λογικῆς,
1737 925 1772 951 ὲκ
1796 924 1852 951 τῶν

1062 971 1221 1007 πρακτικῶν
1247 971 1353 1007 ἀρετῶν
1374 971 1547 998 συνεστῶσα·
1573 972 1798 998 κατασκάπτεται
1821 970 1852 997 δὲ

1062 1017 1108 1044 καί
1121 1016 1281 1051 ἀφανίζεται
1293 1017 1326 1052 τῇ
1344 1016 1391 1043 τοῦ
1405 1016 1521 1052 ἄφρονος
1537 1016 1708 1052 προαιρέσει.

1027 1062 1132 1091 VULG.
1152 1062 1231 1090 LAT.

1097 1111 1129 1137 Ἦ
1139 1110 1227 1146 φθορὰ
1238 1110 1325 1138 ταῦτα
1337 1111 1432 1146 ἀγαπᾷ
1441 1110 1475 1137 τὰ
1487 1110 1646 1146 πράγματα,
1659 1109 1735 1146 ᾅδην,
1749 1110 1849 1146 ἔρωτα,

1058 1157 1106 1185 καὶ
1119 1158 1236 1192 γυναῖκα
1254 1158 1401 1192 πορνικήν’
1419 1157 1479 1184 οὐδὲ
1499 1157 1554 1192 γὰρ
1575 1156 1661 1183 ταῦτα
1686 1156 1775 1192 πέρας
1789 1157 1851 1184 οὐδὲ

1059 1203 1139 1238 κόρον
1151 1203 1222 1239 ἔχει·
1238 1203 1301 1238 τρια
1317 1203 1346 1230 δέ
1361 1204 1435 1229 ἐστιν
1447 1203 1464 1229 ἃ
1485 1203 1532 1229 καὶ
1547 1202 1730 1237 πλησθήσεται
1743 1211 1750 1217 ·
1769 1203 1816 1229 καὶ
1831 1204 1849 1238 ἡ

1057 1249 1186 1285 τετάρτη,
1206 1249 1255 1276 οὐκ
1267 1248 1392 1284 ἠρκέσθη
1410 1249 1496 1275 εἰπεῖν
1514 1248 1604 1275 ἱκανόν
1614 1256 1621 1263 ”
1638 1247 1705 1283 ᾅδης
1719 1248 1767 1275 καὶ
1778 1249 1849 1283 ἔρως

1058 1295 1197 1329 γυναικὸς,
1222 1294 1269 1321 καὶ
1289 1294 1325 1329 τῆ
1347 1294 1397 1320 οὐκ
1422 1293 1636 1329 ἐμπιμπλαμένη
1662 1293 1774 1326 ὓδατος-
1801 1294 1850 1320 καὶ

1058 1340 1147 1376 ὕδωρ,
1165 1341 1213 1366 καὶ
1230 1339 1285 1376 πῦρ
1295 1360 1302 1372 ,
1319 1340 1370 1366 οὐκ
1390 1337 1465 1366 εἷπον
1481 1340 1562 1375 ἀρκεῖ
1573 1348 1580 1354 ·
1596 1339 1639 1365 ἀεὶ
1653 1338 1687 1366 τὰ
1701 1339 1848 1375 σπέρματα

1057 1386 1174 1422 δέχεται,
1186 1385 1231 1413 οἷα
1243 1386 1290 1413 ὲὰν
1301 1385 1470 1421 καταϐάλῃς,
1483 1385 1590 1420 ἐφίεται
1601 1394 1609 1400 -
1623 1384 1695 1411 οὕτω
1708 1385 1756 1411 καὶ
1770 1385 1784 1411 ὁ
1800 1384 1849 1411 θάσ-

1057 1442 1136 1466 νατος
1156 1434 1203 1461 καὶ
1220 1433 1249 1460 τὸ
1269 1433 1342 1468 πῦρ,
1364 1432 1412 1467 ἐφ’
1425 1429 1523 1467 οἷσπερ
1540 1431 1661 1466 ἐφίεται,
1675 1429 1845 1465 διαφθείρει·

1056 1480 1175 1507 τοιοῦτόν
1191 1489 1217 1506 τι
1234 1479 1280 1506 καὶ
1295 1480 1312 1515 ή
1328 1479 1408 1505 πενία
1418 1487 1425 1494 ·
1441 1476 1596 1505 άναλοηικὰ
1614 1476 1701 1504 ταῦτα
1718 1476 1754 1504 τὰ
1775 1477 1848 1512 πρά-

1057 1535 1166 1563 γματα·
1182 1525 1301 1554 τοιοῦτόν
1319 1535 1346 1553 τι
1363 1525 1410 1552 καὶ
1427 1526 1442 1552 ὁ
1456 1525 1534 1557 δκνος
1546 1525 1592 1552 καὶ
1606 1526 1622 1560 ἡ
1635 1524 1733 1560 ἀργία·
1751 1524 1847 1559 ἐπειδὴ

1019 1565 1041 1596 C
1056 1574 1110 1610 γὰρ
1122 1573 1256 1609 θαυμάζει
1274 1573 1338 1604 ἴσως
1347 1581 1399 1604 τις,
1415 1571 1458 1599 διὰ
1471 1571 1498 1598 τί
1508 1571 1589 1607 κόρον
1603 1571 1652 1598 οὑκ
1667 1570 1723 1606 ἔχει
1736 1572 1751 1597 ὁ
1766 1570 1845 1606 ᾅδης,

1055 1618 1142 1645 καίτοι
1157 1617 1283 1644 δαπανῶν
1293 1617 1339 1644 τὸν
1358 1616 1510 1652 ἄνθρωπον,
1519 1616 1562 1643 διὰ
1575 1616 1754 1651 τοῦτο,φησὶν
1764 1636 1772 1648 ,
1785 1615 1847 1642 οὐδὲ

1052 1664 1138 1690 ταῦτα
1159 1663 1240 1699 κόρον
1258 1663 1331 1698 ἕχει,
1355 1663 1414 1690 οὐδὲ
1432 1663 1555 1690 ἵστανται
1576 1671 1641 1690 πουο
1665 1663 1717 1698 ὅρα
1731 1662 1761 1689 δὲ
1784 1661 1844 1689 τίνα

1053 1709 1191 1746 παρέϐαλε
1207 1710 1256 1746 τὴν
1271 1709 1398 1746 πορνείαν
1411 1708 1449 1744 τῷ
1466 1709 1528 1746 ᾄδῃ.

1088 1838 1167 1867 Οὗτοι
1180 1840 1205 1866 οἱ
1219 1839 1344 1875 κόρακες,
1364 1839 1426 1871 τοὺς
1439 1839 1488 1874 μὲν
1504 1839 1625 1871 δικαίους
1641 1839 1773 1876 τρέφουσι
1791 1849 1843 1876 μυ-

1053 1886 1163 1918 στικῶς,
1183 1886 1245 1917 τοὺς
1259 1885 1288 1912 δὲ
1302 1885 1411 1917 ἀδίκους
1425 1883 1577 1917 κολάζουσι,
1593 1886 1656 1917 τοὺς
1671 1886 1722 1921 τῆς
1735 1886 1844 1919 ἀδικίας

1051 1932 1206 1968 ὀφθαλμοὺς
1225 1931 1412 1965 ὲξορύττοντες
1424 1939 1431 1946 ο
1450 1931 1516 1957 διάει
1537 1931 1584 1958 τοῦ
1606 1931 1715 1958 πάντων
1736 1933 1844 1968 Πατρὸς

1052 1979 1099 2006 καὶ
1115 1978 1183 2005 Θεοῦ
1197 1978 1392 2012 κατεγέλασαν,
1408 1978 1455 2004 καὶ
1468 1977 1517 2013 τὴν
1529 1978 1667 2012 γεννῶσαν
1679 1978 1778 2011 αὐτοὺς
1792 1980 1841 2015 ἀρ-

1050 2025 1131 2060 χαίαν
1154 2024 1255 2059 γνῶσιν
1277 2024 1433 2059 ἠτίμασαν
1454 2023 1590 2060 ὀφθαλμὸς
1614 2024 1642 2050 δὲ
1662 2024 1709 2050 τοῦ
1734 2025 1843 2061 Πατρός

1051 2072 1142 2103 ἐστιν,
1165 2071 1181 2097 ὁ
1200 2072 1229 2097 ὲν
1251 2070 1407 2106 δικαιοσύνῃ
1429 2070 1568 2105 δεδομένος
1585 2071 1650 2106 ἡμῖν
1673 2072 1737 2106 παρ’
1757 2071 1841 2098 αὐτοῦ

1051 2117 1150 2151 νόμος·
1170 2116 1217 2143 καὶ
1238 2116 1301 2147 τοὺς
1317 2115 1366 2150 μὲν
1386 2114 1579 2151 ὲξορύσσοντας
1600 2115 1663 2147 τοὺς
1684 2115 1842 2151 ὀφθαλμοὺς

1051 2162 1099 2189 τοῦ
1114 2162 1243 2194 ἀσεῦοῦς,
1260 2161 1379 2197 κόρακας
1390 2159 1482 2188 εἶπεν·
1497 2161 1559 2193 τοὺς
1575 2160 1604 2187 δὲ
1617 2161 1676 2188 ὅλον
1694 2161 1774 2188 αὐτὸν
1791 2171 1842 2189 και

1051 2208 1225 2240 τεσθίοντας,
1242 2207 1381 2243 ὠνόμασεν
1395 2207 1508 2239 ἀετοὺς,
1531 2207 1576 2234 διὰ
1595 2207 1626 2234 τδ
1647 2208 1710 2239 τοὺς
1727 2208 1776 2242 μὲν
1790 2208 1842 2244 τὴν

1017 2242 1038 2270 D
1054 2254 1178 2290 μερικὴν,
1189 2255 1252 2285 τοὺς
1262 2242 1352 2289 δὲτὴν
1365 2252 1476 2280 καθόλου
1485 2253 1617 2289 κάθαρσιν
1626 2242 1823 2280 πεπιστεῦσθαι
1830 2261 1838 2269 ·

1053 2300 1123 2327 θέλει
1139 2299 1193 2335 γὰρ
1205 2301 1218 2327 ὁ
1232 2299 1298 2331 Θεὸς
1314 2299 1361 2326 καὶ
1373 2299 1436 2330 τοὺς
1449 2299 1555 2331 ἀσεϐείς
1569 2298 1713 2332 σώζεσθαι.

1094 2346 1122 2372 '0
1135 2345 1259 2380 ἀλέκτωρ
1276 2345 1307 2372 τὸ
1326 2345 1418 2381 ὄρνεον
1435 2344 1500 2381 παρ’
1513 2346 1579 2380 ἡμῖν
1594 2345 1695 2373 ἇλεκτα
1717 2346 1837 2381 λέγεταε.

1052 2391 1131 2428 Παρὰ
1141 2391 1170 2418 δὲ
1180 2392 1240 2423 ταῖς
1252 2391 1392 2423 συνούσαις
1403 2391 1476 2427 αὐτῷ
1489 2390 1608 2427 θηλείαις
1619 2393 1756 2428 γνωριστά
1765 2401 1772 2408 ·
1787 2402 1840 2420 πμ

1054 2438 1180 2474 penny-rat
1190 2438 1218 2464 δὲ
1230 2437 1304 2472 αὐτῷ
1321 2437 1349 2464 αἱ
1365 2436 1418 2464 τῶν
1431 2436 1543 2472 ὀρνίθων
1556 2437 1668 2471 ἀγέλαι,
1685 2438 1730 2465 διὰ
1741 2438 1773 2465 τὸ
1788 2439 1840 2466 πέδ-

1053 2490 1102 2514 σας
1123 2483 1187 2514 ἴσως
1204 2483 1371 2518 περινοστεῖν
1390 2483 1423 2517 τῇ
1442 2482 1506 2518 περὶ
1517 2482 1599 2509 αὑτὸν
1614 2483 1692 2519 ἡδονῇ
1702 2492 1708 2498 ·
1722 2483 1839 2520 εὔψυχος

1051 2530 1080 2556 δέ
1095 2530 1153 2555 ἐστι
1167 2528 1268 2561 πάσαις
1281 2528 1362 2560 αὐτὸς
1374 2529 1413 2560 εἰς
1427 2528 1550 2563 ἀγάτπιν·
1567 2528 1652 2560 οὕτως
1671 2529 1711 2564 τῷ
1727 2530 1837 2557 πάντων

1051 2574 1110 2609 Θεῷ
1125 2574 1154 2601 αἱ
1165 2573 1219 2600 τῶν
1231 2573 1352 2607 ἀγγέλων
1364 2573 1465 2606 τάξεις,
1475 2574 1505 2600 οὐ
1522 2574 1601 2610 μόνον
1614 2574 1700 2610 φόϐῳ,
1714 2575 1837 2603 ἀλλὰκαὶ

250 2647 274 2664 ³³
293 2654 318 2674 v.
331 2646 378 2675 27.
416 2645 439 2662 "
452 2653 479 2672 ν.
517 2643 562 2672 50.
599 2643 622 2659 ’⁸
640 2651 665 2670 ν.
681 2642 725 2670 15.
761 2643 786 2658 ’⁸
800 2650 826 2669 v.
841 2641 886 2669 17.
919 2641 943 2657 ’⁷
956 2639 1012 2668 llll

1061 2648 1146 2674 .xvn,
1162 2641 1188 2669 ϐ.
1226 2643 1250 2659 ’⁸
1267 2651 1292 2669 v.
1309 2642 1354 2670 5i.

252 2705 309 2747 (ηδ)
324 2705 419 2733 Adhuc
429 2703 556 2731 laudatur
571 2702 606 2729 ab
619 2701 734 2736 Origene
745 2704 918 2736 peccatorum
934 2707 999 2727 con-

214 2739 310 2810 ωῗίῗὴ
323 2773 499 2810 Adnotandus
513 2777 558 2810 est
568 2772 618 2810 hic
628 2772 704 2810 locus
717 2769 998 2810 grammaticjsaprc-

215 2805 307 2838 sortirii
322 2818 384 2837 cum
401 2809 526 2837 Sturzius
541 2807 578 2835 De
592 2807 701 2834 dialect.
713 2805 788 2833 Alex.
807 2813 832 2839 p.
851 2805 904 2832 154
917 2806 994 2839 ’seq.,

215 2846 295 2880 primi
317 2852 397 2873 casus
421 2844 528 2872 nonnisi
557 2842 776 2871 terminationem
801 2841 835 2872 ἇς
863 2845 995 2868 memoret

1053 2700 1112 2735 ejus
1125 2700 1243 2736 dialecti.
1261 2700 1295 2727 Et
1308 2701 1416 2736 quidem
1446 2708 1496 2730 nos
1517 2702 1550 2729 de
1574 2702 1625 2730 hac
1639 2710 1668 2730 re
1684 2702 1768 2730 locuti
1791 2711 1836 2730 su-

1053 2743 1112 2772 mus
1127 2735 1191 2772 (alim
1212 2736 1239 2763 in
1255 2736 1319 2762 adn.
1341 2736 1374 2762 ad
1394 2737 1535 2764 Ciceronis
1557 2745 1605 2772 pro
1633 2745 1692 2772 rege
1715 2738 1836 2765 Alexan-

1051 2770 1129 2808 drina
1147 2771 1310 2805 fragmenta.
1323 2777 1384 2808 qua:
1400 2772 1546 2808 edidimus,
1558 2770 1639 2806 quem
1652 2770 1746 2808 regem
1765 2774 1836 2808 pris-

1049 2814 1099 2834 cus
1115 2807 1249 2841 interpres
1264 2814 1313 2841 pro
1331 2806 1483 2834 Alexandro
1496 2807 1564 2834 dicit
1578 2806 1698 2835 dictum.
