  <div class='ocr_page' id='page_1' title='image "/cluster/home/n/w/nwhite01/storage/ocr_20150623/17/njp.32101010944583/156.png"; bbox 0 0 1919 3074; ppageno 0'>
   <div class='ocr_carea' id='block_1_1' title="bbox 54 144 102 173">
    <p class='ocr_par' dir='ltr' id='par_1_1' title="bbox 54 144 102 173">
     <span class='ocr_line' id='line_1_1' title="bbox 54 144 102 173; baseline 0 0"><span class='ocrx_word' id='word_1_1' title='bbox 54 144 102 173; x_wconf 60' lang='grc' dir='ltr'><strong>ἓόὃ</strong></span> 
     </span>
    </p>
   </div>
   <div class='ocr_carea' id='block_1_2' title="bbox 640 143 1101 172">
    <p class='ocr_par' dir='ltr' id='par_1_2' title="bbox 640 143 1101 172">
     <span class='ocr_line' id='line_1_2' title="bbox 640 143 1101 172; baseline 0 0"><span class='ocrx_word' id='word_1_2' title='bbox 640 143 823 172; x_wconf 61' lang='lat' dir='ltr'><strong>HI‘OSITIO</strong></span> <span class='ocrx_word' id='word_1_3' title='bbox 841 144 874 172; x_wconf 86' lang='lat' dir='ltr'><strong>IN</strong></span> <span class='ocrx_word' id='word_1_4' title='bbox 890 144 1101 172; x_wconf 75' lang='lat' dir='ltr'><strong>PROVERBIA.</strong></span> 
     </span>
    </p>
   </div>
   <div class='ocr_carea' id='block_1_3' title="bbox 1640 142 1694 176">
    <p class='ocr_par' dir='ltr' id='par_1_3' title="bbox 1640 142 1694 176">
     <span class='ocr_line' id='line_1_3' title="bbox 1640 142 1694 176; baseline 0.019 -1"><span class='ocrx_word' id='word_1_5' title='bbox 1640 142 1694 176; x_wconf 58' lang='lat' dir='ltr'><strong>ibi</strong></span> 
     </span>
    </p>
   </div>
   <div class='ocr_carea' id='block_1_4' title="bbox 58 206 863 245">
    <p class='ocr_par' dir='ltr' id='par_1_4' title="bbox 58 206 860 244">
     <span class='ocr_line' id='line_1_4' title="bbox 58 206 860 244; baseline 0 -10"><span class='ocrx_word' id='word_1_6' title='bbox 58 206 146 244; x_wconf 62' lang='grc' dir='ltr'>ὶγάπῃ</span> <span class='ocrx_word' id='word_1_7' title='bbox 153 206 329 235; x_wconf 78' lang='grc' dir='ltr'><strong>ὑπείκουσιν</strong></span> <span class='ocrx_word' id='word_1_8' title='bbox 340 207 409 243; x_wconf 74' lang='lat'><strong>(20),</strong></span> <span class='ocrx_word' id='word_1_9' title='bbox 428 208 472 234; x_wconf 80' lang='grc' dir='ltr'>ὅτε</span> <span class='ocrx_word' id='word_1_10' title='bbox 485 207 557 234; x_wconf 80' lang='grc' dir='ltr'><strong>θέλει</strong></span> <span class='ocrx_word' id='word_1_11' title='bbox 566 207 646 240; x_wconf 79' lang='grc' dir='ltr'>αὐτὸς</span> <span class='ocrx_word' id='word_1_12' title='bbox 656 209 726 234; x_wconf 90' lang='grc' dir='ltr'>νοεῖν</span> <span class='ocrx_word' id='word_1_13' title='bbox 736 207 820 239; x_wconf 84' lang='grc' dir='ltr'>αὑτὰς</span> <span class='ocrx_word' id='word_1_14' title='bbox 830 207 860 233; x_wconf 74' lang='grc' dir='ltr'>τὸ</span> 
     </span>
    </p>
   </div>
   <div class='ocr_carea' id='block_1_5' title="bbox 920 206 1695 245">
    <p class='ocr_par' dir='ltr' id='par_1_5' title="bbox 920 207 1695 242">
     <span class='ocr_line' id='line_1_5' title="bbox 920 207 1695 242; baseline 0.004 -9"><span class='ocrx_word' id='word_1_15' title='bbox 920 212 1018 233; x_wconf 73' lang='grc' dir='ltr'>,σηιιιιη</span> <span class='ocrx_word' id='word_1_16' title='bbox 1041 208 1088 234; x_wconf 82' lang='lat' dir='ltr'><strong>sed</strong></span> <span class='ocrx_word' id='word_1_17' title='bbox 1101 215 1133 234; x_wconf 86' lang='lat' dir='ltr'><strong>ex</strong></span> <span class='ocrx_word' id='word_1_18' title='bbox 1151 214 1245 235; x_wconf 83' lang='lat' dir='ltr'><strong>amore</strong></span> <span class='ocrx_word' id='word_1_19' title='bbox 1270 207 1352 236; x_wconf 89' lang='lat' dir='ltr'><strong>etiam</strong></span> <span class='ocrx_word' id='word_1_20' title='bbox 1367 207 1564 242; x_wconf 83' lang='lat' dir='ltr'><strong>obsequuntur.</strong></span> <span class='ocrx_word' id='word_1_21' title='bbox 1582 215 1644 235; x_wconf 90' lang='lat' dir='ltr'><strong>cum</strong></span> <span class='ocrx_word' id='word_1_22' title='bbox 1661 210 1695 236; x_wconf 90' lang='lat' dir='ltr'><strong>ab</strong></span> 
     </span>
    </p>
   </div>
   <div class='ocr_carea' id='block_1_6' title="bbox 62 252 859 291">
    <p class='ocr_par' dir='ltr' id='par_1_6' title="bbox 62 252 859 291">
     <span class='ocr_line' id='line_1_6' title="bbox 62 252 859 291; baseline 0.001 -11"><span class='ocrx_word' id='word_1_23' title='bbox 62 253 222 289; x_wconf 75' lang='grc' dir='ltr'><strong>πρόσταγμα</strong></span> <span class='ocrx_word' id='word_1_24' title='bbox 238 253 328 281; x_wconf 78' lang='grc' dir='ltr'>αὐτοϋ</span> <span class='ocrx_word' id='word_1_25' title='bbox 345 255 392 280; x_wconf 70' lang='grc' dir='ltr'>καὶ</span> <span class='ocrx_word' id='word_1_26' title='bbox 409 255 496 280; x_wconf 78' lang='grc' dir='ltr'><strong>ποιεῖν</strong></span> <span class='ocrx_word' id='word_1_27' title='bbox 506 262 512 270; x_wconf 90' lang='grc'><strong>·</strong></span> <span class='ocrx_word' id='word_1_28' title='bbox 533 253 663 286; x_wconf 85' lang='grc' dir='ltr'><strong>ὡσαύτως</strong></span> <span class='ocrx_word' id='word_1_29' title='bbox 681 252 710 281; x_wconf 79' lang='grc' dir='ltr'>δὲ</span> <span class='ocrx_word' id='word_1_30' title='bbox 732 255 779 282; x_wconf 68' lang='grc' dir='ltr'><strong>καὶ</strong></span> <span class='ocrx_word' id='word_1_31' title='bbox 795 255 859 291; x_wconf 78' lang='grc' dir='ltr'>περὶ</span> 
     </span>
    </p>
   </div>
   <div class='ocr_carea' id='block_1_7' title="bbox 64 299 859 337">
    <p class='ocr_par' dir='ltr' id='par_1_7' title="bbox 64 299 859 337">
     <span class='ocr_line' id='line_1_7' title="bbox 64 299 859 337; baseline -0.001 -9"><span class='ocrx_word' id='word_1_32' title='bbox 64 302 118 334; x_wconf 85' lang='grc' dir='ltr'>ταῖς</span> <span class='ocrx_word' id='word_1_33' title='bbox 139 300 194 327; x_wconf 73' lang='grc' dir='ltr'>τῶν</span> <span class='ocrx_word' id='word_1_34' title='bbox 219 299 340 327; x_wconf 84' lang='grc' dir='ltr'>δικαίων</span> <span class='ocrx_word' id='word_1_35' title='bbox 361 301 461 336; x_wconf 72' lang='grc' dir='ltr'>ψυχαῖς</span> <span class='ocrx_word' id='word_1_36' title='bbox 480 300 618 335; x_wconf 64' lang='grc' dir='ltr'>πέφυκεν·</span> <span class='ocrx_word' id='word_1_37' title='bbox 636 301 697 327; x_wconf 84' lang='grc' dir='ltr'>ὅσαι</span> <span class='ocrx_word' id='word_1_38' title='bbox 717 301 771 337; x_wconf 86' lang='grc' dir='ltr'>γὰρ</span> <span class='ocrx_word' id='word_1_39' title='bbox 793 301 859 328; x_wconf 82' lang='grc' dir='ltr'>ὑπό-</span> 
     </span>
    </p>
   </div>
   <div class='ocr_carea' id='block_1_8' title="bbox 65 346 858 383">
    <p class='ocr_par' dir='ltr' id='par_1_8' title="bbox 65 346 858 383">
     <span class='ocr_line' id='line_1_8' title="bbox 65 346 858 383; baseline -0.001 -9"><span class='ocrx_word' id='word_1_40' title='bbox 65 356 164 375; x_wconf 75' lang='grc' dir='ltr'>κεινται</span> <span class='ocrx_word' id='word_1_41' title='bbox 175 346 216 382; x_wconf 82' lang='grc' dir='ltr'>τῷ</span> <span class='ocrx_word' id='word_1_42' title='bbox 238 347 434 383; x_wconf 78' lang='grc' dir='ltr'><strong>προστάγματι</strong></span> <span class='ocrx_word' id='word_1_43' title='bbox 449 346 532 374; x_wconf 80' lang='grc' dir='ltr'>αὐτοῦ</span> <span class='ocrx_word' id='word_1_44' title='bbox 542 367 550 379; x_wconf 81' lang='grc'><strong>,</strong></span> <span class='ocrx_word' id='word_1_45' title='bbox 567 347 598 373; x_wconf 84' lang='grc' dir='ltr'><strong>οὐ</strong></span> <span class='ocrx_word' id='word_1_46' title='bbox 614 346 693 382; x_wconf 85' lang='grc' dir='ltr'>μόνον</span> <span class='ocrx_word' id='word_1_47' title='bbox 708 347 740 374; x_wconf 81' lang='grc' dir='ltr'>τὰ</span> <span class='ocrx_word' id='word_1_48' title='bbox 756 348 783 374; x_wconf 79' lang='grc' dir='ltr'>ὲν</span> <span class='ocrx_word' id='word_1_49' title='bbox 798 347 858 378; x_wconf 79' lang='grc' dir='ltr'>ταῖς</span> 
     </span>
    </p>
   </div>
   <div class='ocr_carea' id='block_1_9' title="bbox 66 392 857 430">
    <p class='ocr_par' dir='ltr' id='par_1_9' title="bbox 66 392 857 430">
     <span class='ocr_line' id='line_1_9' title="bbox 66 392 857 430; baseline -0.001 -10"><span class='ocrx_word' id='word_1_50' title='bbox 66 393 184 430; x_wconf 65' lang='grc' dir='ltr'>Γραφαϊς</span> <span class='ocrx_word' id='word_1_51' title='bbox 200 392 409 428; x_wconf 78' lang='grc' dir='ltr'>ὲναποκείμενα</span> <span class='ocrx_word' id='word_1_52' title='bbox 433 393 570 429; x_wconf 75' lang='grc' dir='ltr'><strong>μυστήρια</strong></span> <span class='ocrx_word' id='word_1_53' title='bbox 590 393 638 420; x_wconf 76' lang='grc' dir='ltr'>καὶ</span> <span class='ocrx_word' id='word_1_54' title='bbox 659 392 729 429; x_wconf 82' lang='grc' dir='ltr'>βάθη</span> <span class='ocrx_word' id='word_1_55' title='bbox 753 393 857 419; x_wconf 70' lang='grc' dir='ltr'>εὐδοκεῖ</span> 
     </span>
    </p>
   </div>
   <div class='ocr_carea' id='block_1_10' title="bbox 67 437 856 473">
    <p class='ocr_par' dir='ltr' id='par_1_10' title="bbox 67 437 856 473">
     <span class='ocr_line' id='line_1_10' title="bbox 67 437 856 473; baseline 0 -9"><span class='ocrx_word' id='word_1_56' title='bbox 67 437 221 472; x_wconf 72' lang='grc' dir='ltr'><strong>γινώσκειν,</strong></span> <span class='ocrx_word' id='word_1_57' title='bbox 238 437 308 464; x_wconf 87' lang='grc' dir='ltr'><strong>ἀλλά</strong></span> <span class='ocrx_word' id='word_1_58' title='bbox 324 437 372 464; x_wconf 79' lang='grc' dir='ltr'><strong>καὶ</strong></span> <span class='ocrx_word' id='word_1_59' title='bbox 392 437 442 464; x_wconf 79' lang='grc' dir='ltr'>ὅσα</span> <span class='ocrx_word' id='word_1_60' title='bbox 455 438 484 464; x_wconf 80' lang='grc' dir='ltr'>ὲν</span> <span class='ocrx_word' id='word_1_61' title='bbox 498 437 537 473; x_wconf 82' lang='grc' dir='ltr'>τῷ</span> <span class='ocrx_word' id='word_1_62' title='bbox 554 437 602 473; x_wconf 87' lang='grc' dir='ltr'><strong>βίῳ</strong></span> <span class='ocrx_word' id='word_1_63' title='bbox 618 437 722 472; x_wconf 77' lang='grc' dir='ltr'>πέφυκε</span> <span class='ocrx_word' id='word_1_64' title='bbox 734 437 856 472; x_wconf 86' lang='grc' dir='ltr'>γίνεσθαι</span> 
     </span>
    </p>
   </div>
   <div class='ocr_carea' id='block_1_11' title="bbox 64 481 854 518">
    <p class='ocr_par' dir='ltr' id='par_1_11' title="bbox 64 481 854 518">
     <span class='ocr_line' id='line_1_11' title="bbox 64 481 854 518; baseline 0.001 -10"><span class='ocrx_word' id='word_1_65' title='bbox 64 483 119 514; x_wconf 73' lang='grc' dir='ltr'>τοις</span> <span class='ocrx_word' id='word_1_66' title='bbox 135 481 303 518; x_wconf 72' lang='grc' dir='ltr'>ἀνθρώποις,</span> <span class='ocrx_word' id='word_1_67' title='bbox 316 482 393 517; x_wconf 84' lang='grc' dir='ltr'>παρὰ</span> <span class='ocrx_word' id='word_1_68' title='bbox 405 481 557 517; x_wconf 83' lang='grc' dir='ltr'>ἀνθρώπων</span> <span class='ocrx_word' id='word_1_69' title='bbox 571 491 600 509; x_wconf 87' lang='grc' dir='ltr'><strong>τε</strong></span> <span class='ocrx_word' id='word_1_70' title='bbox 617 483 665 509; x_wconf 81' lang='grc' dir='ltr'>καὶ</span> <span class='ocrx_word' id='word_1_71' title='bbox 676 482 821 518; x_wconf 75' lang='grc' dir='ltr'><strong>δαιμόνων,</strong></span> <span class='ocrx_word' id='word_1_72' title='bbox 838 482 854 518; x_wconf 82' lang='grc' dir='ltr'>ἢ</span> 
     </span>
    </p>
   </div>
   <div class='ocr_carea' id='block_1_12' title="bbox 64 527 857 564">
    <p class='ocr_par' dir='ltr' id='par_1_12' title="bbox 64 527 857 564">
     <span class='ocr_line' id='line_1_12' title="bbox 64 527 857 564; baseline 0.001 -11"><span class='ocrx_word' id='word_1_73' title='bbox 64 527 96 553; x_wconf 71' lang='grc' dir='ltr'>δι’</span> <span class='ocrx_word' id='word_1_74' title='bbox 113 527 239 562; x_wconf 80' lang='grc' dir='ltr'><strong>ὁράσεως</strong></span> <span class='ocrx_word' id='word_1_75' title='bbox 259 527 338 559; x_wconf 82' lang='grc' dir='ltr'>νοὸς,</span> <span class='ocrx_word' id='word_1_76' title='bbox 359 527 449 564; x_wconf 84' lang='grc' dir='ltr'>χάριτι</span> <span class='ocrx_word' id='word_1_77' title='bbox 473 527 546 554; x_wconf 85' lang='grc' dir='ltr'>θείου</span> <span class='ocrx_word' id='word_1_78' title='bbox 562 527 721 563; x_wconf 81' lang='grc' dir='ltr'>Πνεύματος</span> <span class='ocrx_word' id='word_1_79' title='bbox 742 528 857 563; x_wconf 78' lang='grc' dir='ltr'><strong>παρέχει</strong></span> 
     </span>
    </p>
   </div>
   <div class='ocr_carea' id='block_1_13' title="bbox 63 573 859 610">
    <p class='ocr_par' dir='ltr' id='par_1_13' title="bbox 63 573 859 610">
     <span class='ocr_line' id='line_1_13' title="bbox 63 573 859 610; baseline 0.001 -10"><span class='ocrx_word' id='word_1_80' title='bbox 63 573 232 609; x_wconf 72' lang='grc' dir='ltr'><strong>πρόγνωσιν,</strong></span> <span class='ocrx_word' id='word_1_81' title='bbox 245 573 262 608; x_wconf 78' lang='grc' dir='ltr'>ἢ</span> <span class='ocrx_word' id='word_1_82' title='bbox 273 574 308 599; x_wconf 76' lang='grc' dir='ltr'>δι’</span> <span class='ocrx_word' id='word_1_83' title='bbox 319 573 437 608; x_wconf 83' lang='grc' dir='ltr'>ἀγγέλου</span> <span class='ocrx_word' id='word_1_84' title='bbox 451 573 562 610; x_wconf 81' lang='grc' dir='ltr'><strong>μύησιν,</strong></span> <span class='ocrx_word' id='word_1_85' title='bbox 574 573 591 609; x_wconf 81' lang='grc' dir='ltr'>ἣ</span> <span class='ocrx_word' id='word_1_86' title='bbox 602 573 634 600; x_wconf 77' lang='grc' dir='ltr'>δι’</span> <span class='ocrx_word' id='word_1_87' title='bbox 643 574 779 610; x_wconf 76' lang='grc' dir='ltr'><strong>ὁράματος</strong></span> <span class='ocrx_word' id='word_1_88' title='bbox 792 575 859 601; x_wconf 80' lang='grc' dir='ltr'>ἀπο-</span> 
     </span>
    </p>
   </div>
   <div class='ocr_carea' id='block_1_14' title="bbox 64 620 189 655">
    <p class='ocr_par' dir='ltr' id='par_1_14' title="bbox 64 620 189 655">
     <span class='ocr_line' id='line_1_14' title="bbox 64 620 189 655; baseline -0.008 -7"><span class='ocrx_word' id='word_1_89' title='bbox 64 620 189 655; x_wconf 77' lang='grc' dir='ltr'>κάλυψιν.</span> 
     </span>
    </p>
   </div>
   <div class='ocr_carea' id='block_1_15' title="bbox 909 253 1695 289">
    <p class='ocr_par' dir='ltr' id='par_1_15' title="bbox 909 253 1695 289">
     <span class='ocr_line' id='line_1_15' title="bbox 909 253 1695 289; baseline 0 -8"><span class='ocrx_word' id='word_1_90' title='bbox 909 254 950 281; x_wconf 90' lang='lat' dir='ltr'><strong>eis</strong></span> <span class='ocrx_word' id='word_1_91' title='bbox 964 254 1021 288; x_wconf 88' lang='lat' dir='ltr'><strong>ipse</strong></span> <span class='ocrx_word' id='word_1_92' title='bbox 1037 253 1163 289; x_wconf 74' lang='lat' dir='ltr'><strong>cognosci</strong></span> <span class='ocrx_word' id='word_1_93' title='bbox 1185 253 1244 280; x_wconf 93' lang='lat' dir='ltr'><strong>vult</strong></span> <span class='ocrx_word' id='word_1_94' title='bbox 1265 254 1390 281; x_wconf 77' lang='lat' dir='ltr'><strong>mandata</strong></span> <span class='ocrx_word' id='word_1_95' title='bbox 1412 261 1460 281; x_wconf 86' lang='lat' dir='ltr'><strong>sua</strong></span> <span class='ocrx_word' id='word_1_96' title='bbox 1474 259 1500 280; x_wconf 85' lang='lat' dir='ltr'><strong>et</strong></span> <span class='ocrx_word' id='word_1_97' title='bbox 1522 261 1605 288; x_wconf 73' lang='lat' dir='ltr'><strong>opere</strong></span> <span class='ocrx_word' id='word_1_98' title='bbox 1620 261 1695 282; x_wconf 85' lang='lat' dir='ltr'><strong>com-</strong></span> 
     </span>
    </p>
   </div>
   <div class='ocr_carea' id='block_1_16' title="bbox 909 299 1696 334">
    <p class='ocr_par' dir='ltr' id='par_1_16' title="bbox 909 299 1696 334">
     <span class='ocr_line' id='line_1_16' title="bbox 909 299 1696 334; baseline 0.003 -8"><span class='ocrx_word' id='word_1_99' title='bbox 909 299 987 334; x_wconf 91' lang='lat' dir='ltr'><strong>pleri.</strong></span> <span class='ocrx_word' id='word_1_100' title='bbox 1011 299 1058 327; x_wconf 89' lang='lat' dir='ltr'><strong>Sic</strong></span> <span class='ocrx_word' id='word_1_101' title='bbox 1071 299 1153 326; x_wconf 85' lang='lat' dir='ltr'><strong>etiam</strong></span> <span class='ocrx_word' id='word_1_102' title='bbox 1181 299 1253 327; x_wconf 89' lang='lat' dir='ltr'><strong>circa</strong></span> <span class='ocrx_word' id='word_1_103' title='bbox 1272 299 1408 334; x_wconf 85' lang='lat' dir='ltr'><strong>justorum</strong></span> <span class='ocrx_word' id='word_1_104' title='bbox 1423 299 1529 326; x_wconf 68' lang='lat' dir='ltr'><strong>animas</strong></span> <span class='ocrx_word' id='word_1_105' title='bbox 1546 300 1603 327; x_wconf 80' lang='lat' dir='ltr'><strong>ﬁeri</strong></span> <span class='ocrx_word' id='word_1_106' title='bbox 1617 308 1696 328; x_wconf 89' lang='lat' dir='ltr'><strong>com-</strong></span> 
     </span>
    </p>
   </div>
   <div class='ocr_carea' id='block_1_17' title="bbox 908 344 1694 380">
    <p class='ocr_par' dir='ltr' id='par_1_17' title="bbox 908 344 1694 380">
     <span class='ocr_line' id='line_1_17' title="bbox 908 344 1694 380; baseline 0.003 -9"><span class='ocrx_word' id='word_1_107' title='bbox 908 348 1030 380; x_wconf 83' lang='lat' dir='ltr'><strong>paratum</strong></span> <span class='ocrx_word' id='word_1_108' title='bbox 1045 350 1096 372; x_wconf 85' lang='lat' dir='ltr'><strong>est.</strong></span> <span class='ocrx_word' id='word_1_109' title='bbox 1110 344 1177 372; x_wconf 84' lang='lat' dir='ltr'><strong>Nam</strong></span> <span class='ocrx_word' id='word_1_110' title='bbox 1198 350 1332 380; x_wconf 87' lang='lat' dir='ltr'><strong>quotquot</strong></span> <span class='ocrx_word' id='word_1_111' title='bbox 1351 345 1484 373; x_wconf 74' lang='lat' dir='ltr'><strong>mandatis</strong></span> <span class='ocrx_word' id='word_1_112' title='bbox 1503 345 1561 380; x_wconf 85' lang='lat' dir='ltr'><strong>ejus</strong></span> <span class='ocrx_word' id='word_1_113' title='bbox 1587 346 1694 374; x_wconf 90' lang='lat' dir='ltr'><strong>obtem-</strong></span> 
     </span>
    </p>
   </div>
   <div class='ocr_carea' id='block_1_18' title="bbox 908 391 1697 427">
    <p class='ocr_par' dir='ltr' id='par_1_18' title="bbox 908 391 1697 427">
     <span class='ocr_line' id='line_1_18' title="bbox 908 391 1697 427; baseline 0.001 -9"><span class='ocrx_word' id='word_1_114' title='bbox 908 396 1015 425; x_wconf 86' lang='lat' dir='ltr'><strong>perant.</strong></span> <span class='ocrx_word' id='word_1_115' title='bbox 1031 398 1085 418; x_wconf 91' lang='lat' dir='ltr'><strong>non</strong></span> <span class='ocrx_word' id='word_1_116' title='bbox 1107 391 1187 418; x_wconf 91' lang='lat' dir='ltr'><strong>modo</strong></span> <span class='ocrx_word' id='word_1_117' title='bbox 1203 399 1264 426; x_wconf 63' lang='lat' dir='ltr'><strong>quae</strong></span> <span class='ocrx_word' id='word_1_118' title='bbox 1276 391 1303 418; x_wconf 94' lang='lat' dir='ltr'><strong>in</strong></span> <span class='ocrx_word' id='word_1_119' title='bbox 1318 391 1466 425; x_wconf 90' lang='lat' dir='ltr'><strong>Scripturis</strong></span> <span class='ocrx_word' id='word_1_120' title='bbox 1483 392 1620 427; x_wconf 83' lang='lat' dir='ltr'><strong>proposita</strong></span> <span class='ocrx_word' id='word_1_121' title='bbox 1631 396 1697 420; x_wconf 89' lang='lat' dir='ltr'><strong>sunt</strong></span> 
     </span>
    </p>
   </div>
   <div class='ocr_carea' id='block_1_19' title="bbox 909 437 1695 472">
    <p class='ocr_par' dir='ltr' id='par_1_19' title="bbox 909 437 1695 472">
     <span class='ocr_line' id='line_1_19' title="bbox 909 437 1695 472; baseline 0 -8"><span class='ocrx_word' id='word_1_122' title='bbox 909 437 1041 472; x_wconf 84' lang='lat' dir='ltr'><strong>mysteria</strong></span> <span class='ocrx_word' id='word_1_123' title='bbox 1054 442 1081 464; x_wconf 92' lang='lat' dir='ltr'><strong>et</strong></span> <span class='ocrx_word' id='word_1_124' title='bbox 1094 444 1139 465; x_wconf 89' lang='lat' dir='ltr'><strong>res</strong></span> <span class='ocrx_word' id='word_1_125' title='bbox 1155 437 1299 470; x_wconf 72' lang='lat' dir='ltr'><strong>abstrusre,</strong></span> <span class='ocrx_word' id='word_1_126' title='bbox 1319 437 1409 472; x_wconf 86' lang='lat' dir='ltr'><strong>placet</strong></span> <span class='ocrx_word' id='word_1_127' title='bbox 1431 437 1456 464; x_wconf 88' lang='lat' dir='ltr'><strong>ei</strong></span> <span class='ocrx_word' id='word_1_128' title='bbox 1470 441 1499 464; x_wconf 90' lang='lat' dir='ltr'><strong>ut</strong></span> <span class='ocrx_word' id='word_1_129' title='bbox 1513 443 1695 470; x_wconf 61' lang='lat' dir='ltr'><strong>cognoscant,</strong></span> 
     </span>
    </p>
   </div>
   <div class='ocr_carea' id='block_1_20' title="bbox 910 483 1697 518">
    <p class='ocr_par' dir='ltr' id='par_1_20' title="bbox 910 483 1697 518">
     <span class='ocr_line' id='line_1_20' title="bbox 910 483 1697 518; baseline 0.001 -8"><span class='ocrx_word' id='word_1_130' title='bbox 910 483 959 511; x_wconf 90' lang='lat' dir='ltr'><strong>sed</strong></span> <span class='ocrx_word' id='word_1_131' title='bbox 975 490 1144 518; x_wconf 69' lang='lat' dir='ltr'><strong>quaecunque</strong></span> <span class='ocrx_word' id='word_1_132' title='bbox 1160 484 1242 511; x_wconf 91' lang='lat' dir='ltr'><strong>etiam</strong></span> <span class='ocrx_word' id='word_1_133' title='bbox 1268 483 1295 511; x_wconf 93' lang='lat' dir='ltr'><strong>in</strong></span> <span class='ocrx_word' id='word_1_134' title='bbox 1313 483 1415 511; x_wconf 88' lang='lat' dir='ltr'><strong>mundo</strong></span> <span class='ocrx_word' id='word_1_135' title='bbox 1431 484 1489 510; x_wconf 85' lang='lat' dir='ltr'><strong>lieri</strong></span> <span class='ocrx_word' id='word_1_136' title='bbox 1504 483 1591 511; x_wconf 86' lang='lat' dir='ltr'><strong>solent</strong></span> <span class='ocrx_word' id='word_1_137' title='bbox 1605 484 1697 512; x_wconf 82' lang='lat' dir='ltr'><strong>homi-</strong></span> 
     </span>
    </p>
   </div>
   <div class='ocr_carea' id='block_1_21' title="bbox 911 529 1696 565">
    <p class='ocr_par' dir='ltr' id='par_1_21' title="bbox 911 529 1696 565">
     <span class='ocr_line' id='line_1_21' title="bbox 911 529 1696 565; baseline 0.001 -8"><span class='ocrx_word' id='word_1_138' title='bbox 911 529 1002 563; x_wconf 82' lang='lat' dir='ltr'><strong>nibus,</strong></span> <span class='ocrx_word' id='word_1_139' title='bbox 1017 530 1060 558; x_wconf 92' lang='lat' dir='ltr'><strong>vel</strong></span> <span class='ocrx_word' id='word_1_140' title='bbox 1075 529 1109 557; x_wconf 89' lang='lat' dir='ltr'><strong>ab</strong></span> <span class='ocrx_word' id='word_1_141' title='bbox 1127 530 1286 558; x_wconf 87' lang='lat' dir='ltr'><strong>hominibus</strong></span> <span class='ocrx_word' id='word_1_142' title='bbox 1300 530 1367 565; x_wconf 86' lang='lat' dir='ltr'><strong>ipsis</strong></span> <span class='ocrx_word' id='word_1_143' title='bbox 1380 529 1423 557; x_wconf 97' lang='lat' dir='ltr'><strong>vel</strong></span> <span class='ocrx_word' id='word_1_144' title='bbox 1437 537 1451 556; x_wconf 88' lang='lat' dir='ltr'><strong>a</strong></span> <span class='ocrx_word' id='word_1_145' title='bbox 1464 530 1643 562; x_wconf 71' lang='lat' dir='ltr'><strong>daemonibus,</strong></span> <span class='ocrx_word' id='word_1_146' title='bbox 1654 530 1696 558; x_wconf 91' lang='lat' dir='ltr'><strong>vel</strong></span> 
     </span>
    </p>
   </div>
   <div class='ocr_carea' id='block_1_22' title="bbox 911 565 1697 611">
    <p class='ocr_par' dir='ltr' id='par_1_22' title="bbox 911 565 1697 611">
     <span class='ocr_line' id='line_1_22' title="bbox 911 565 1697 611; baseline 0.001 -9"><span class='ocrx_word' id='word_1_147' title='bbox 911 575 1012 602; x_wconf 88' lang='lat' dir='ltr'><strong>mentis</strong></span> <span class='ocrx_word' id='word_1_148' title='bbox 1036 574 1234 603; x_wconf 84' lang='lat' dir='ltr'><strong>illuminatioue</strong></span> <span class='ocrx_word' id='word_1_149' title='bbox 1256 573 1307 610; x_wconf 80' lang='lat' dir='ltr'><strong>p&#39;er</strong></span> <span class='ocrx_word' id='word_1_150' title='bbox 1328 575 1413 602; x_wconf 83' lang='lat' dir='ltr'><strong>divini</strong></span> <span class='ocrx_word' id='word_1_151' title='bbox 1436 575 1555 610; x_wconf 89' lang='lat' dir='ltr'><strong>Spiritus</strong></span> <span class='ocrx_word' id='word_1_152' title='bbox 1570 565 1697 611; x_wconf 67' lang='lat' dir='ltr'><strong>gratiam.</strong></span> 
     </span>
    </p>
   </div>
   <div class='ocr_carea' id='block_1_23' title="bbox 911 621 1696 657">
    <p class='ocr_par' dir='ltr' id='par_1_23' title="bbox 911 621 1696 657">
     <span class='ocr_line' id='line_1_23' title="bbox 911 621 1696 657; baseline 0.003 -9"><span class='ocrx_word' id='word_1_153' title='bbox 911 621 1008 648; x_wconf 90' lang='lat' dir='ltr'><strong>borum</strong></span> <span class='ocrx_word' id='word_1_154' title='bbox 1025 621 1135 656; x_wconf 86' lang='lat' dir='ltr'><strong>inquam</strong></span> <span class='ocrx_word' id='word_1_155' title='bbox 1156 622 1344 656; x_wconf 66' lang='lat' dir='ltr'><strong>prmvisionem</strong></span> <span class='ocrx_word' id='word_1_156' title='bbox 1360 622 1393 650; x_wconf 87' lang='lat' dir='ltr'><strong>iis</strong></span> <span class='ocrx_word' id='word_1_157' title='bbox 1408 622 1575 656; x_wconf 88' lang='lat' dir='ltr'><strong>impertitur,</strong></span> <span class='ocrx_word' id='word_1_158' title='bbox 1590 622 1632 649; x_wconf 89' lang='lat' dir='ltr'><strong>vel</strong></span> <span class='ocrx_word' id='word_1_159' title='bbox 1648 629 1696 657; x_wconf 82' lang='lat' dir='ltr'><strong>per</strong></span> 
     </span>
    </p>
   </div>
   <div class='ocr_carea' id='block_1_24' title="bbox 909 667 1698 703">
    <p class='ocr_par' dir='ltr' id='par_1_24' title="bbox 909 667 1698 703">
     <span class='ocr_line' id='line_1_24' title="bbox 909 667 1698 703; baseline 0.003 -9"><span class='ocrx_word' id='word_1_160' title='bbox 909 667 1070 703; x_wconf 74' lang='lat' dir='ltr'><strong>angelorum</strong></span> <span class='ocrx_word' id='word_1_161' title='bbox 1091 668 1281 700; x_wconf 82' lang='lat' dir='ltr'><strong>monitionem,</strong></span> <span class='ocrx_word' id='word_1_162' title='bbox 1309 667 1351 696; x_wconf 86' lang='lat' dir='ltr'><strong>vel</strong></span> <span class='ocrx_word' id='word_1_163' title='bbox 1377 675 1425 702; x_wconf 83' lang='lat' dir='ltr'><strong>per</strong></span> <span class='ocrx_word' id='word_1_164' title='bbox 1445 667 1560 696; x_wconf 80' lang='lat' dir='ltr'><strong>visionis</strong></span> <span class='ocrx_word' id='word_1_165' title='bbox 1582 668 1698 702; x_wconf 77' lang='lat' dir='ltr'><strong>alicujus</strong></span> 
     </span>
    </p>
   </div>
   <div class='ocr_carea' id='block_1_25' title="bbox 910 713 1114 741">
    <p class='ocr_par' dir='ltr' id='par_1_25' title="bbox 910 713 1114 741">
     <span class='ocr_line' id='line_1_25' title="bbox 910 713 1114 741; baseline 0.005 -1"><span class='ocrx_word' id='word_1_166' title='bbox 910 713 1114 741; x_wconf 79' lang='lat' dir='ltr'><strong>revelationem.</strong></span> 
     </span>
    </p>
   </div>
   <div class='ocr_carea' id='block_1_26' title="bbox 680 758 1102 796">
    <p class='ocr_par' dir='ltr' id='par_1_26' title="bbox 680 758 1102 796">
     <span class='ocr_line' id='line_1_26' title="bbox 680 758 1102 796; baseline 0.002 -10"><span class='ocrx_word' id='word_1_167' title='bbox 680 758 766 793; x_wconf 81' lang='lat' dir='ltr'><strong>(CAP.</strong></span> <span class='ocrx_word' id='word_1_168' title='bbox 786 758 869 786; x_wconf 76' lang='lat' dir='ltr'><strong>XXXI</strong></span> <span class='ocrx_word' id='word_1_169' title='bbox 889 759 992 787; x_wconf 84' lang='lat' dir='ltr'><strong>VULG.</strong></span> <span class='ocrx_word' id='word_1_170' title='bbox 1011 759 1102 796; x_wconf 84' lang='lat' dir='ltr'><strong>LAT.)</strong></span> 
     </span>
    </p>
   </div>
   <div class='ocr_carea' id='block_1_27' title="bbox 97 805 863 843">
    <p class='ocr_par' dir='ltr' id='par_1_27' title="bbox 97 805 860 842">
     <span class='ocr_line' id='line_1_27' title="bbox 97 805 860 842; baseline 0 -10"><span class='ocrx_word' id='word_1_171' title='bbox 97 806 240 838; x_wconf 58' lang='grc' dir='ltr'>Δυνάστας</span> <span class='ocrx_word' id='word_1_172' title='bbox 265 805 384 832; x_wconf 72' lang='grc' dir='ltr'>ἐνταῦθα</span> <span class='ocrx_word' id='word_1_173' title='bbox 408 805 471 838; x_wconf 81' lang='grc' dir='ltr'>τοὺς</span> <span class='ocrx_word' id='word_1_174' title='bbox 492 805 614 838; x_wconf 73' lang='grc' dir='ltr'><strong>δικαίους</strong></span> <span class='ocrx_word' id='word_1_175' title='bbox 638 806 736 842; x_wconf 79' lang='grc' dir='ltr'>φησὶν,</span> <span class='ocrx_word' id='word_1_176' title='bbox 762 806 860 838; x_wconf 71' lang='grc' dir='ltr'>οἵτινες</span> 
     </span>
    </p>
   </div>
   <div class='ocr_carea' id='block_1_28' title="bbox 920 805 1698 843">
    <p class='ocr_par' dir='ltr' id='par_1_28' title="bbox 946 807 1698 843">
     <span class='ocr_line' id='line_1_28' title="bbox 946 807 1698 843; baseline 0.003 -10"><span class='ocrx_word' id='word_1_177' title='bbox 946 807 969 823; x_wconf 69' lang='grc' dir='ltr'><strong>θ’</strong></span> <span class='ocrx_word' id='word_1_178' title='bbox 978 807 1112 842; x_wconf 83' lang='lat' dir='ltr'><strong>Dynastas</strong></span> <span class='ocrx_word' id='word_1_179' title='bbox 1121 807 1164 834; x_wconf 87' lang='lat' dir='ltr'><strong>hic</strong></span> <span class='ocrx_word' id='word_1_180' title='bbox 1177 807 1242 834; x_wconf 88' lang='lat' dir='ltr'><strong>dicit</strong></span> <span class='ocrx_word' id='word_1_181' title='bbox 1252 807 1340 842; x_wconf 85' lang='lat' dir='ltr'><strong>justos</strong></span> <span class='ocrx_word' id='word_1_182' title='bbox 1358 807 1493 840; x_wconf 81' lang='lat' dir='ltr'><strong>homines,</strong></span> <span class='ocrx_word' id='word_1_183' title='bbox 1505 807 1550 843; x_wconf 92' lang='lat' dir='ltr'><strong>qui</strong></span> <span class='ocrx_word' id='word_1_184' title='bbox 1566 808 1698 835; x_wconf 82' lang='lat' dir='ltr'><strong>adversus</strong></span> 
     </span>
    </p>
   </div>
   <div class='ocr_carea' id='block_1_29' title="bbox 62 851 859 888">
    <p class='ocr_par' dir='ltr' id='par_1_29' title="bbox 62 851 859 888">
     <span class='ocr_line' id='line_1_29' title="bbox 62 851 859 888; baseline 0 -10"><span class='ocrx_word' id='word_1_185' title='bbox 62 852 136 879; x_wconf 79' lang='grc' dir='ltr'>κατὰ</span> <span class='ocrx_word' id='word_1_186' title='bbox 148 852 206 878; x_wconf 83' lang='grc' dir='ltr'>τῶν</span> <span class='ocrx_word' id='word_1_187' title='bbox 220 852 355 887; x_wconf 82' lang='grc' dir='ltr'>δαιμόνων</span> <span class='ocrx_word' id='word_1_188' title='bbox 368 852 414 878; x_wconf 85' lang='grc' dir='ltr'>καὶ</span> <span class='ocrx_word' id='word_1_189' title='bbox 425 851 480 879; x_wconf 86' lang='grc' dir='ltr'><strong>τῶν</strong></span> <span class='ocrx_word' id='word_1_190' title='bbox 489 851 585 879; x_wconf 82' lang='grc' dir='ltr'>παθῶν</span> <span class='ocrx_word' id='word_1_191' title='bbox 597 852 647 888; x_wconf 78' lang='grc' dir='ltr'>τὴν</span> <span class='ocrx_word' id='word_1_192' title='bbox 657 852 772 887; x_wconf 76' lang='grc' dir='ltr'>δύναμιν</span> <span class='ocrx_word' id='word_1_193' title='bbox 783 852 859 888; x_wconf 75' lang='grc' dir='ltr'>ἔχον-</span> 
     </span>
    </p>
   </div>
   <div class='ocr_carea' id='block_1_30' title="bbox 63 897 860 934">
    <p class='ocr_par' dir='ltr' id='par_1_30' title="bbox 63 897 860 934">
     <span class='ocr_line' id='line_1_30' title="bbox 63 897 860 934; baseline 0 -10"><span class='ocrx_word' id='word_1_194' title='bbox 63 906 126 930; x_wconf 85' lang='grc' dir='ltr'>τες,</span> <span class='ocrx_word' id='word_1_195' title='bbox 147 899 247 934; x_wconf 79' lang='grc' dir='ltr'>ἥντινα</span> <span class='ocrx_word' id='word_1_196' title='bbox 271 897 357 934; x_wconf 76' lang='grc' dir='ltr'>θυμὸν</span> <span class='ocrx_word' id='word_1_197' title='bbox 378 897 507 924; x_wconf 68' lang='grc' dir='ltr'>ἐκάλεσε·</span> <span class='ocrx_word' id='word_1_198' title='bbox 525 897 563 933; x_wconf 84' lang='grc' dir='ltr'>μὴ</span> <span class='ocrx_word' id='word_1_199' title='bbox 581 897 734 926; x_wconf 80' lang='grc' dir='ltr'>πινέτωσαν</span> <span class='ocrx_word' id='word_1_200' title='bbox 757 899 789 925; x_wconf 83' lang='grc' dir='ltr'>ὲκ</span> <span class='ocrx_word' id='word_1_201' title='bbox 812 898 860 924; x_wconf 75' lang='grc' dir='ltr'>τοῦ</span> 
     </span>
    </p>
   </div>
   <div class='ocr_carea' id='block_1_31' title="bbox 64 943 860 980">
    <p class='ocr_par' dir='ltr' id='par_1_31' title="bbox 64 943 860 980">
     <span class='ocr_line' id='line_1_31' title="bbox 64 943 860 980; baseline 0 -10"><span class='ocrx_word' id='word_1_202' title='bbox 64 944 109 971; x_wconf 59' lang='grc' dir='ltr'><strong>τὴν</strong></span> <span class='ocrx_word' id='word_1_203' title='bbox 133 944 200 971; x_wconf 79' lang='grc' dir='ltr'>νοῦν</span> <span class='ocrx_word' id='word_1_204' title='bbox 227 943 424 979; x_wconf 82' lang='grc' dir='ltr'>μεθύοκοντος,</span> <span class='ocrx_word' id='word_1_205' title='bbox 444 943 492 971; x_wconf 74' lang='grc' dir='ltr'>καὶ</span> <span class='ocrx_word' id='word_1_206' title='bbox 519 943 570 976; x_wconf 80' lang='grc' dir='ltr'><strong>τάς</strong></span> <span class='ocrx_word' id='word_1_207' title='bbox 597 943 699 980; x_wconf 79' lang='grc' dir='ltr'>φρένας</span> <span class='ocrx_word' id='word_1_208' title='bbox 721 944 860 976; x_wconf 85' lang='grc' dir='ltr'>θολοῦντος</span> 
     </span>
    </p>
   </div>
   <div class='ocr_carea' id='block_1_32' title="bbox 65 990 860 1026">
    <p class='ocr_par' dir='ltr' id='par_1_32' title="bbox 65 990 860 1026">
     <span class='ocr_line' id='line_1_32' title="bbox 65 990 860 1026; baseline 0 -9"><span class='ocrx_word' id='word_1_209' title='bbox 65 991 181 1024; x_wconf 78' lang='grc' dir='ltr'>ΰξὼδους</span> <span class='ocrx_word' id='word_1_210' title='bbox 194 991 268 1018; x_wconf 78' lang='grc' dir='ltr'>οἴνου</span> <span class='ocrx_word' id='word_1_211' title='bbox 283 990 338 1017; x_wconf 82' lang='grc' dir='ltr'>τῶν</span> <span class='ocrx_word' id='word_1_212' title='bbox 350 991 506 1026; x_wconf 85' lang='grc' dir='ltr'>αίρετικῶν,</span> <span class='ocrx_word' id='word_1_213' title='bbox 519 991 567 1018; x_wconf 86' lang='grc' dir='ltr'>τοῦ</span> <span class='ocrx_word' id='word_1_214' title='bbox 579 990 650 1018; x_wconf 84' lang='grc' dir='ltr'>κατὰ</span> <span class='ocrx_word' id='word_1_215' title='bbox 665 991 714 1026; x_wconf 82' lang='grc' dir='ltr'>τῆς</span> <span class='ocrx_word' id='word_1_216' title='bbox 727 990 774 1018; x_wconf 85' lang='grc' dir='ltr'>τοῦ</span> <span class='ocrx_word' id='word_1_217' title='bbox 793 990 860 1018; x_wconf 80' lang='grc' dir='ltr'>Θεοῦ</span> 
     </span>
    </p>
   </div>
   <div class='ocr_carea' id='block_1_33' title="bbox 66 1036 861 1072">
    <p class='ocr_par' dir='ltr' id='par_1_33' title="bbox 66 1036 861 1072">
     <span class='ocr_line' id='line_1_33' title="bbox 66 1036 861 1072; baseline 0.001 -9"><span class='ocrx_word' id='word_1_218' title='bbox 66 1037 164 1071; x_wconf 70' lang='grc' dir='ltr'>σοφίας</span> <span class='ocrx_word' id='word_1_219' title='bbox 176 1036 306 1071; x_wconf 80' lang='grc' dir='ltr'>γνώσεώς</span> <span class='ocrx_word' id='word_1_220' title='bbox 319 1045 346 1063; x_wconf 88' lang='grc' dir='ltr'><strong>τι</strong></span> <span class='ocrx_word' id='word_1_221' title='bbox 361 1036 484 1072; x_wconf 78' lang='grc' dir='ltr'>ἔχοντος·</span> <span class='ocrx_word' id='word_1_222' title='bbox 509 1037 552 1063; x_wconf 78' lang='grc' dir='ltr'><strong>ινα</strong></span> <span class='ocrx_word' id='word_1_223' title='bbox 569 1036 606 1072; x_wconf 84' lang='grc' dir='ltr'>μὴ</span> <span class='ocrx_word' id='word_1_224' title='bbox 621 1037 742 1070; x_wconf 82' lang='grc' dir='ltr'>πιόντες,</span> <span class='ocrx_word' id='word_1_225' title='bbox 769 1037 861 1064; x_wconf 79' lang='grc' dir='ltr'>ἐπιλά-</span> 
     </span>
    </p>
   </div>
   <div class='ocr_carea' id='block_1_34' title="bbox 66 1081 861 1119">
    <p class='ocr_par' dir='ltr' id='par_1_34' title="bbox 66 1081 861 1119">
     <span class='ocr_line' id='line_1_34' title="bbox 66 1081 861 1119; baseline 0 -10"><span class='ocrx_word' id='word_1_226' title='bbox 66 1083 167 1109; x_wconf 72' lang='grc' dir='ltr'>θωνται</span> <span class='ocrx_word' id='word_1_227' title='bbox 180 1083 233 1117; x_wconf 74' lang='grc' dir='ltr'>τῆς</span> <span class='ocrx_word' id='word_1_228' title='bbox 256 1081 303 1109; x_wconf 82' lang='grc' dir='ltr'>τοῦ</span> <span class='ocrx_word' id='word_1_229' title='bbox 318 1082 385 1109; x_wconf 79' lang='grc' dir='ltr'>Θεοῦ</span> <span class='ocrx_word' id='word_1_230' title='bbox 406 1082 519 1117; x_wconf 81' lang='grc' dir='ltr'>σοφίας,</span> <span class='ocrx_word' id='word_1_231' title='bbox 534 1083 582 1109; x_wconf 76' lang='grc' dir='ltr'>καὶ</span> <span class='ocrx_word' id='word_1_232' title='bbox 604 1082 672 1118; x_wconf 82' lang='grc' dir='ltr'>ὀρθὰ</span> <span class='ocrx_word' id='word_1_233' title='bbox 695 1083 798 1119; x_wconf 85' lang='grc' dir='ltr'>κρίνειν</span> <span class='ocrx_word' id='word_1_234' title='bbox 815 1083 861 1111; x_wconf 71' lang='grc' dir='ltr'>καὶ</span> 
     </span>
    </p>
   </div>
   <div class='ocr_carea' id='block_1_35' title="bbox 67 1128 862 1164">
    <p class='ocr_par' dir='ltr' id='par_1_35' title="bbox 67 1128 862 1164">
     <span class='ocr_line' id='line_1_35' title="bbox 67 1128 862 1164; baseline 0.001 -9"><span class='ocrx_word' id='word_1_235' title='bbox 67 1130 136 1155; x_wconf 78' lang='grc' dir='ltr'>νοεῖν</span> <span class='ocrx_word' id='word_1_236' title='bbox 153 1128 205 1164; x_wconf 81' lang='grc' dir='ltr'>τὴν</span> <span class='ocrx_word' id='word_1_237' title='bbox 222 1128 340 1164; x_wconf 76' lang='grc' dir='ltr'>θεωρίαν</span> <span class='ocrx_word' id='word_1_238' title='bbox 352 1129 403 1164; x_wconf 82' lang='grc' dir='ltr'>τῆς</span> <span class='ocrx_word' id='word_1_239' title='bbox 412 1128 548 1163; x_wconf 82' lang='grc' dir='ltr'>γνώσεως,</span> <span class='ocrx_word' id='word_1_240' title='bbox 563 1129 654 1155; x_wconf 83' lang='grc' dir='ltr'>οὐκέτι</span> <span class='ocrx_word' id='word_1_241' title='bbox 672 1129 702 1156; x_wconf 88' lang='grc' dir='ltr'>οὐ</span> <span class='ocrx_word' id='word_1_242' title='bbox 721 1129 758 1164; x_wconf 84' lang='grc' dir='ltr'>μὴ</span> <span class='ocrx_word' id='word_1_243' title='bbox 770 1129 862 1156; x_wconf 85' lang='grc' dir='ltr'>δύναν-</span> 
     </span>
    </p>
   </div>
   <div class='ocr_carea' id='block_1_36' title="bbox 67 1175 862 1211">
    <p class='ocr_par' dir='ltr' id='par_1_36' title="bbox 67 1175 862 1211">
     <span class='ocr_line' id='line_1_36' title="bbox 67 1175 862 1211; baseline 0.001 -9"><span class='ocrx_word' id='word_1_244' title='bbox 67 1183 110 1202; x_wconf 81' lang='grc' dir='ltr'><strong>ται</strong></span> <span class='ocrx_word' id='word_1_245' title='bbox 126 1175 245 1208; x_wconf 76' lang='grc' dir='ltr'>ἑαυτούς</span> <span class='ocrx_word' id='word_1_246' title='bbox 259 1184 289 1202; x_wconf 82' lang='grc' dir='ltr'><strong>τε</strong></span> <span class='ocrx_word' id='word_1_247' title='bbox 307 1175 354 1202; x_wconf 75' lang='grc' dir='ltr'>καὶ</span> <span class='ocrx_word' id='word_1_248' title='bbox 367 1175 429 1207; x_wconf 79' lang='grc' dir='ltr'>τοὺς</span> <span class='ocrx_word' id='word_1_249' title='bbox 442 1175 652 1211; x_wconf 77' lang='grc' dir='ltr'><strong>ἀσθενεστέρους</strong></span> <span class='ocrx_word' id='word_1_250' title='bbox 663 1175 777 1211; x_wconf 80' lang='grc' dir='ltr'>ὠφελεῖν</span> <span class='ocrx_word' id='word_1_251' title='bbox 791 1176 862 1203; x_wconf 85' lang='grc' dir='ltr'><strong>κατά</strong></span> 
     </span>
    </p>
   </div>
   <div class='ocr_carea' id='block_1_37' title="bbox 69 1219 168 1255">
    <p class='ocr_par' dir='ltr' id='par_1_37' title="bbox 69 1219 168 1255">
     <span class='ocr_line' id='line_1_37' title="bbox 69 1219 168 1255; baseline 0 -9"><span class='ocrx_word' id='word_1_252' title='bbox 69 1219 168 1255; x_wconf 65' lang='grc' dir='ltr'>ᾇυχήν.</span> 
     </span>
    </p>
   </div>
   <div class='ocr_carea' id='block_1_38' title="bbox 103 1266 860 1302">
    <p class='ocr_par' dir='ltr' id='par_1_38' title="bbox 103 1266 860 1302">
     <span class='ocr_line' id='line_1_38' title="bbox 103 1266 860 1302; baseline 0.003 -10"><span class='ocrx_word' id='word_1_253' title='bbox 103 1267 166 1298; x_wconf 86' lang='grc' dir='ltr'>Τοῖς</span> <span class='ocrx_word' id='word_1_254' title='bbox 188 1267 218 1293; x_wconf 72' lang='grc' dir='ltr'>ὲν</span> <span class='ocrx_word' id='word_1_255' title='bbox 245 1266 394 1301; x_wconf 81' lang='grc' dir='ltr'>ἁμαρτίαις</span> <span class='ocrx_word' id='word_1_256' title='bbox 417 1266 595 1302; x_wconf 81' lang='grc' dir='ltr'>ὀδυνωμένοις</span> <span class='ocrx_word' id='word_1_257' title='bbox 620 1267 668 1294; x_wconf 75' lang='grc' dir='ltr'>καὶ</span> <span class='ocrx_word' id='word_1_258' title='bbox 697 1267 860 1302; x_wconf 82' lang='grc' dir='ltr'><strong>ἀπογνώσει,</strong></span> 
     </span>
    </p>
   </div>
   <div class='ocr_carea' id='block_1_39' title="bbox 70 1312 860 1349">
    <p class='ocr_par' dir='ltr' id='par_1_39' title="bbox 70 1312 860 1349">
     <span class='ocr_line' id='line_1_39' title="bbox 70 1312 860 1349; baseline 0.004 -11"><span class='ocrx_word' id='word_1_259' title='bbox 70 1313 126 1339; x_wconf 70' lang='grc' dir='ltr'>δότε</span> <span class='ocrx_word' id='word_1_260' title='bbox 140 1313 174 1339; x_wconf 79' lang='grc' dir='ltr'>ὲκ</span> <span class='ocrx_word' id='word_1_261' title='bbox 186 1312 236 1339; x_wconf 79' lang='grc' dir='ltr'>τοῦ</span> <span class='ocrx_word' id='word_1_262' title='bbox 251 1312 415 1348; x_wconf 82' lang='grc' dir='ltr'>ἀμπελῶνος</span> <span class='ocrx_word' id='word_1_263' title='bbox 435 1312 482 1340; x_wconf 82' lang='grc' dir='ltr'><strong>τοῦ</strong></span> <span class='ocrx_word' id='word_1_264' title='bbox 497 1312 600 1349; x_wconf 85' lang='grc' dir='ltr'>Κυρίου</span> <span class='ocrx_word' id='word_1_265' title='bbox 622 1315 693 1340; x_wconf 80' lang='grc' dir='ltr'>πιεῖν</span> <span class='ocrx_word' id='word_1_266' title='bbox 709 1314 749 1345; x_wconf 84' lang='grc' dir='ltr'><strong>είς</strong></span> <span class='ocrx_word' id='word_1_267' title='bbox 766 1313 860 1349; x_wconf 82' lang='grc' dir='ltr'>μέθην,</span> 
     </span>
    </p>
   </div>
   <div class='ocr_carea' id='block_1_40' title="bbox 72 1358 863 1395">
    <p class='ocr_par' dir='ltr' id='par_1_40' title="bbox 72 1358 863 1395">
     <span class='ocr_line' id='line_1_40' title="bbox 72 1358 863 1395; baseline 0.003 -11"><span class='ocrx_word' id='word_1_268' title='bbox 72 1358 194 1385; x_wconf 78' lang='grc' dir='ltr'>τουτέστι</span> <span class='ocrx_word' id='word_1_269' title='bbox 211 1358 357 1393; x_wconf 77' lang='grc' dir='ltr'>νηστείαν,</span> <span class='ocrx_word' id='word_1_270' title='bbox 382 1359 535 1394; x_wconf 83' lang='grc' dir='ltr'>προσευχὴν</span> <span class='ocrx_word' id='word_1_271' title='bbox 546 1378 553 1391; x_wconf 89' lang='grc'><strong>,</strong></span> <span class='ocrx_word' id='word_1_272' title='bbox 572 1359 753 1394; x_wconf 72' lang='grc' dir='ltr'>ἐγκράτειαν,</span> <span class='ocrx_word' id='word_1_273' title='bbox 769 1359 863 1395; x_wconf 79' lang='grc' dir='ltr'>ἐξομο-</span> 
     </span>
    </p>
   </div>
   <div class='ocr_carea' id='block_1_41' title="bbox 72 1404 862 1444">
    <p class='ocr_par' dir='ltr' id='par_1_41' title="bbox 72 1404 862 1444">
     <span class='ocr_line' id='line_1_41' title="bbox 72 1404 862 1444; baseline 0.003 -14"><span class='ocrx_word' id='word_1_274' title='bbox 72 1404 180 1439; x_wconf 79' lang='grc' dir='ltr'>λόγησιν</span> <span class='ocrx_word' id='word_1_275' title='bbox 206 1404 255 1431; x_wconf 68' lang='grc' dir='ltr'>καὶ</span> <span class='ocrx_word' id='word_1_276' title='bbox 267 1404 355 1431; x_wconf 79' lang='grc' dir='ltr'>πάντα</span> <span class='ocrx_word' id='word_1_277' title='bbox 373 1405 424 1444; x_wconf 68' lang='grc' dir='ltr'>ὅσα</span> <span class='ocrx_word' id='word_1_278' title='bbox 440 1405 480 1436; x_wconf 78' lang='grc' dir='ltr'><strong>εἰς</strong></span> <span class='ocrx_word' id='word_1_279' title='bbox 498 1404 666 1441; x_wconf 80' lang='grc' dir='ltr'>εὐφροσύνην</span> <span class='ocrx_word' id='word_1_280' title='bbox 678 1405 768 1441; x_wconf 74' lang='grc' dir='ltr'>ψυχῆς</span> <span class='ocrx_word' id='word_1_281' title='bbox 779 1414 787 1421; x_wconf 78' lang='grc'><strong><em>⁸</em></strong></span> <span class='ocrx_word' id='word_1_282' title='bbox 807 1407 862 1437; x_wconf 85' lang='grc' dir='ltr'>τοῖς</span> 
     </span>
    </p>
   </div>
   <div class='ocr_carea' id='block_1_42' title="bbox 72 1449 861 1487">
    <p class='ocr_par' dir='ltr' id='par_1_42' title="bbox 72 1449 861 1487">
     <span class='ocr_line' id='line_1_42' title="bbox 72 1449 861 1487; baseline 0.003 -11"><span class='ocrx_word' id='word_1_283' title='bbox 72 1449 98 1476; x_wconf 69' lang='grc' dir='ltr'>δὲ</span> <span class='ocrx_word' id='word_1_284' title='bbox 113 1450 142 1476; x_wconf 78' lang='grc' dir='ltr'>ὲν</span> <span class='ocrx_word' id='word_1_285' title='bbox 155 1449 267 1485; x_wconf 80' lang='grc' dir='ltr'>ἀρχαῖς,</span> <span class='ocrx_word' id='word_1_286' title='bbox 285 1449 380 1482; x_wconf 78' lang='grc' dir='ltr'>ὀδύνας</span> <span class='ocrx_word' id='word_1_287' title='bbox 401 1451 452 1486; x_wconf 83' lang='grc' dir='ltr'>τῆς</span> <span class='ocrx_word' id='word_1_288' title='bbox 475 1451 614 1487; x_wconf 82' lang='grc' dir='ltr'>ἁμαρτίας</span> <span class='ocrx_word' id='word_1_289' title='bbox 629 1452 701 1478; x_wconf 77' lang='grc' dir='ltr'>πιεῖν</span> <span class='ocrx_word' id='word_1_290' title='bbox 713 1452 754 1482; x_wconf 82' lang='grc' dir='ltr'><strong>είς</strong></span> <span class='ocrx_word' id='word_1_291' title='bbox 770 1450 861 1486; x_wconf 75' lang='grc' dir='ltr'>κόρον,</span> 
     </span>
    </p>
   </div>
   <div class='ocr_carea' id='block_1_43' title="bbox 73 1485 897 1533">
    <p class='ocr_par' dir='ltr' id='par_1_43' title="bbox 73 1485 897 1533">
     <span class='ocr_line' id='line_1_43' title="bbox 73 1485 897 1533; baseline 0.002 -11"><span class='ocrx_word' id='word_1_292' title='bbox 73 1495 114 1522; x_wconf 77' lang='grc' dir='ltr'><strong>ινα</strong></span> <span class='ocrx_word' id='word_1_293' title='bbox 126 1496 237 1528; x_wconf 81' lang='grc' dir='ltr'>πιόντες</span> <span class='ocrx_word' id='word_1_294' title='bbox 252 1485 434 1524; x_wconf 70' lang='grc' dir='ltr'>ἐπιλάθωνται</span> <span class='ocrx_word' id='word_1_295' title='bbox 449 1485 502 1532; x_wconf 76' lang='grc' dir='ltr'>τῆς</span> <span class='ocrx_word' id='word_1_296' title='bbox 513 1485 706 1533; x_wconf 78' lang='grc' dir='ltr'>δαιμονιὼδους</span> <span class='ocrx_word' id='word_1_297' title='bbox 727 1485 836 1528; x_wconf 61' lang='grc' dir='ltr'>πενίαε·</span> <span class='ocrx_word' id='word_1_298' title='bbox 849 1498 863 1524; x_wconf 81' lang='grc' dir='ltr'>ὁ</span> <span class='ocrx_word' id='word_1_299' title='bbox 877 1485 897 1514; x_wconf 77' lang='lat' dir='ltr'><strong><em>C</em></strong></span> 
     </span>
    </p>
   </div>
   <div class='ocr_carea' id='block_1_44' title="bbox 73 1542 863 1580">
    <p class='ocr_par' dir='ltr' id='par_1_44' title="bbox 73 1542 863 1580">
     <span class='ocr_line' id='line_1_44' title="bbox 73 1542 863 1580; baseline 0 -11"><span class='ocrx_word' id='word_1_300' title='bbox 73 1543 125 1578; x_wconf 76' lang='grc' dir='ltr'>γὰρ</span> <span class='ocrx_word' id='word_1_301' title='bbox 141 1542 289 1578; x_wconf 84' lang='grc' dir='ltr'>μεθυσθεὶς</span> <span class='ocrx_word' id='word_1_302' title='bbox 303 1543 356 1570; x_wconf 77' lang='grc' dir='ltr'>ἀπὸ</span> <span class='ocrx_word' id='word_1_303' title='bbox 369 1544 418 1579; x_wconf 87' lang='grc' dir='ltr'>τῆς</span> <span class='ocrx_word' id='word_1_304' title='bbox 430 1543 556 1578; x_wconf 87' lang='grc' dir='ltr'>γνώσεως</span> <span class='ocrx_word' id='word_1_305' title='bbox 566 1543 612 1570; x_wconf 82' lang='grc' dir='ltr'><strong>τοῦ</strong></span> <span class='ocrx_word' id='word_1_306' title='bbox 625 1543 738 1580; x_wconf 81' lang='grc' dir='ltr'>Κυρίου,</span> <span class='ocrx_word' id='word_1_307' title='bbox 755 1543 863 1570; x_wconf 76' lang='grc' dir='ltr'>ἐπιλαν-</span> 
     </span>
    </p>
   </div>
   <div class='ocr_carea' id='block_1_45' title="bbox 74 1587 552 1626">
    <p class='ocr_par' dir='ltr' id='par_1_45' title="bbox 74 1587 552 1626">
     <span class='ocr_line' id='line_1_45' title="bbox 74 1587 552 1626; baseline 0.004 -11"><span class='ocrx_word' id='word_1_308' title='bbox 74 1587 183 1616; x_wconf 52' lang='grc' dir='ltr'>θάνεται</span> <span class='ocrx_word' id='word_1_309' title='bbox 200 1589 251 1625; x_wconf 78' lang='grc' dir='ltr'>τὴν</span> <span class='ocrx_word' id='word_1_310' title='bbox 263 1589 363 1626; x_wconf 78' lang='grc' dir='ltr'>πρᾶξιν</span> <span class='ocrx_word' id='word_1_311' title='bbox 378 1590 431 1617; x_wconf 83' lang='grc' dir='ltr'>τῶν</span> <span class='ocrx_word' id='word_1_312' title='bbox 442 1589 552 1617; x_wconf 82' lang='grc' dir='ltr'>ὀδυνῶν.</span> 
     </span>
    </p>
   </div>
   <div class='ocr_carea' id='block_1_46' title="bbox 107 1635 862 1672">
    <p class='ocr_par' dir='ltr' id='par_1_46' title="bbox 107 1635 862 1672">
     <span class='ocr_line' id='line_1_46' title="bbox 107 1635 862 1672; baseline 0 -10"><span class='ocrx_word' id='word_1_313' title='bbox 107 1635 218 1671; x_wconf 79' lang='grc' dir='ltr'>Πένητα</span> <span class='ocrx_word' id='word_1_314' title='bbox 229 1635 303 1670; x_wconf 80' lang='grc' dir='ltr'>λέγει</span> <span class='ocrx_word' id='word_1_315' title='bbox 316 1636 362 1663; x_wconf 85' lang='grc' dir='ltr'><strong>τὺν</strong></span> <span class='ocrx_word' id='word_1_316' title='bbox 373 1635 554 1672; x_wconf 70' lang='grc' dir='ltr'>ἐστερημένον</span> <span class='ocrx_word' id='word_1_317' title='bbox 564 1636 614 1672; x_wconf 84' lang='grc' dir='ltr'>τῆς</span> <span class='ocrx_word' id='word_1_318' title='bbox 627 1636 764 1671; x_wconf 81' lang='grc' dir='ltr'>γνώσεως,</span> <span class='ocrx_word' id='word_1_319' title='bbox 781 1635 862 1662; x_wconf 82' lang='grc' dir='ltr'>ἀσθε-</span> 
     </span>
    </p>
   </div>
   <div class='ocr_carea' id='block_1_47' title="bbox 75 1681 624 1718">
    <p class='ocr_par' dir='ltr' id='par_1_47' title="bbox 75 1681 624 1718">
     <span class='ocr_line' id='line_1_47' title="bbox 75 1681 624 1718; baseline 0.002 -10"><span class='ocrx_word' id='word_1_320' title='bbox 75 1681 106 1716; x_wconf 79' lang='grc' dir='ltr'>νῆ</span> <span class='ocrx_word' id='word_1_321' title='bbox 119 1681 148 1708; x_wconf 85' lang='grc' dir='ltr'>δὲ</span> <span class='ocrx_word' id='word_1_322' title='bbox 160 1681 208 1708; x_wconf 77' lang='grc' dir='ltr'><strong>τὸν</strong></span> <span class='ocrx_word' id='word_1_323' title='bbox 225 1681 380 1718; x_wconf 80' lang='grc' dir='ltr'>ἀκάθαρτον</span> <span class='ocrx_word' id='word_1_324' title='bbox 393 1683 452 1714; x_wconf 83' lang='grc' dir='ltr'>ταῖς</span> <span class='ocrx_word' id='word_1_325' title='bbox 466 1683 624 1718; x_wconf 84' lang='grc' dir='ltr'>ἁμαρτίαις.</span> 
     </span>
    </p>
   </div>
   <div class='ocr_carea' id='block_1_48' title="bbox 911 852 1698 889">
    <p class='ocr_par' dir='ltr' id='par_1_48' title="bbox 911 852 1698 889">
     <span class='ocr_line' id='line_1_48' title="bbox 911 852 1698 889; baseline 0.001 -9"><span class='ocrx_word' id='word_1_326' title='bbox 911 852 1047 881; x_wconf 60' lang='lat' dir='ltr'><strong>daemones</strong></span> <span class='ocrx_word' id='word_1_327' title='bbox 1064 857 1090 881; x_wconf 92' lang='lat' dir='ltr'><strong>et</strong></span> <span class='ocrx_word' id='word_1_328' title='bbox 1104 853 1264 888; x_wconf 80' lang='lat' dir='ltr'><strong>cupiditates</strong></span> <span class='ocrx_word' id='word_1_329' title='bbox 1277 852 1381 880; x_wconf 83' lang='lat' dir='ltr'><strong>viribus</strong></span> <span class='ocrx_word' id='word_1_330' title='bbox 1401 853 1513 887; x_wconf 83' lang='lat' dir='ltr'><strong>pollent,</strong></span> <span class='ocrx_word' id='word_1_331' title='bbox 1528 861 1595 889; x_wconf 84' lang='lat' dir='ltr'><strong>quas</strong></span> <span class='ocrx_word' id='word_1_332' title='bbox 1615 862 1698 882; x_wconf 83' lang='lat' dir='ltr'><strong>voca-</strong></span> 
     </span>
    </p>
   </div>
   <div class='ocr_carea' id='block_1_49' title="bbox 911 897 1699 934">
    <p class='ocr_par' dir='ltr' id='par_1_49' title="bbox 911 897 1699 934">
     <span class='ocr_line' id='line_1_49' title="bbox 911 897 1699 934; baseline 0.001 -9"><span class='ocrx_word' id='word_1_333' title='bbox 911 898 976 925; x_wconf 90' lang='lat' dir='ltr'><strong>bulo</strong></span> <span class='ocrx_word' id='word_1_334' title='bbox 994 899 1140 927; x_wconf 71' lang='lat' dir='ltr'><strong>iracundia:</strong></span> <span class='ocrx_word' id='word_1_335' title='bbox 1162 899 1308 926; x_wconf 79' lang='lat' dir='ltr'><strong>denotavit.</strong></span> <span class='ocrx_word' id='word_1_336' title='bbox 1329 897 1369 925; x_wconf 88' lang='lat' dir='ltr'><strong>Ne</strong></span> <span class='ocrx_word' id='word_1_337' title='bbox 1384 899 1489 933; x_wconf 85' lang='lat' dir='ltr'><strong>bibant,</strong></span> <span class='ocrx_word' id='word_1_338' title='bbox 1506 900 1602 934; x_wconf 85' lang='lat' dir='ltr'><strong>inquit,</strong></span> <span class='ocrx_word' id='word_1_339' title='bbox 1620 907 1653 927; x_wconf 81' lang='lat' dir='ltr'><strong>ex</strong></span> <span class='ocrx_word' id='word_1_340' title='bbox 1668 907 1699 927; x_wconf 85' lang='lat' dir='ltr'><strong>eo</strong></span> 
     </span>
    </p>
   </div>
   <div class='ocr_carea' id='block_1_50' title="bbox 911 945 1700 979">
    <p class='ocr_par' dir='ltr' id='par_1_50' title="bbox 911 945 1700 979">
     <span class='ocr_line' id='line_1_50' title="bbox 911 945 1700 979; baseline 0.001 -8"><span class='ocrx_word' id='word_1_341' title='bbox 911 945 983 979; x_wconf 86' lang='lat' dir='ltr'><strong>quod</strong></span> <span class='ocrx_word' id='word_1_342' title='bbox 996 950 1112 973; x_wconf 88' lang='lat' dir='ltr'><strong>mentem</strong></span> <span class='ocrx_word' id='word_1_343' title='bbox 1125 945 1222 977; x_wconf 88' lang='lat' dir='ltr'><strong>ebriat,</strong></span> <span class='ocrx_word' id='word_1_344' title='bbox 1233 949 1261 972; x_wconf 84' lang='lat' dir='ltr'><strong>et</strong></span> <span class='ocrx_word' id='word_1_345' title='bbox 1273 945 1416 973; x_wconf 88' lang='lat' dir='ltr'><strong>cerebrum</strong></span> <span class='ocrx_word' id='word_1_346' title='bbox 1432 946 1533 979; x_wconf 87' lang='lat' dir='ltr'><strong>turbat,</strong></span> <span class='ocrx_word' id='word_1_347' title='bbox 1544 946 1624 974; x_wconf 87' lang='lat' dir='ltr'><strong>acido</strong></span> <span class='ocrx_word' id='word_1_348' title='bbox 1637 946 1700 973; x_wconf 85' lang='lat' dir='ltr'><strong>vino</strong></span> 
     </span>
    </p>
   </div>
   <div class='ocr_carea' id='block_1_51' title="bbox 912 990 1700 1025">
    <p class='ocr_par' dir='ltr' id='par_1_51' title="bbox 912 990 1700 1025">
     <span class='ocr_line' id='line_1_51' title="bbox 912 990 1700 1025; baseline 0.001 -8"><span class='ocrx_word' id='word_1_349' title='bbox 912 990 1114 1022; x_wconf 63' lang='lat' dir='ltr'><strong>haereticorum.</strong></span> <span class='ocrx_word' id='word_1_350' title='bbox 1129 990 1201 1025; x_wconf 86' lang='lat' dir='ltr'><strong>quod</strong></span> <span class='ocrx_word' id='word_1_351' title='bbox 1221 990 1269 1017; x_wconf 88' lang='lat' dir='ltr'><strong>Dei</strong></span> <span class='ocrx_word' id='word_1_352' title='bbox 1286 990 1427 1024; x_wconf 66' lang='lat' dir='ltr'><strong>sapientiae</strong></span> <span class='ocrx_word' id='word_1_353' title='bbox 1440 994 1468 1017; x_wconf 93' lang='lat' dir='ltr'><strong>et</strong></span> <span class='ocrx_word' id='word_1_354' title='bbox 1484 990 1616 1025; x_wconf 78' lang='lat' dir='ltr'><strong>agnitioni</strong></span> <span class='ocrx_word' id='word_1_355' title='bbox 1632 998 1700 1018; x_wconf 92' lang='lat' dir='ltr'><strong>con-</strong></span> 
     </span>
    </p>
   </div>
   <div class='ocr_carea' id='block_1_52' title="bbox 912 1035 1700 1071">
    <p class='ocr_par' dir='ltr' id='par_1_52' title="bbox 912 1035 1700 1071">
     <span class='ocr_line' id='line_1_52' title="bbox 912 1035 1700 1071; baseline 0.001 -9"><span class='ocrx_word' id='word_1_356' title='bbox 912 1036 1025 1063; x_wconf 90' lang='lat' dir='ltr'><strong>trarium</strong></span> <span class='ocrx_word' id='word_1_357' title='bbox 1042 1041 1106 1063; x_wconf 87' lang='lat' dir='ltr'><strong>est:</strong></span> <span class='ocrx_word' id='word_1_358' title='bbox 1131 1044 1163 1063; x_wconf 87' lang='lat' dir='ltr'><strong>ne</strong></span> <span class='ocrx_word' id='word_1_359' title='bbox 1183 1035 1253 1063; x_wconf 82' lang='lat' dir='ltr'><strong>forte</strong></span> <span class='ocrx_word' id='word_1_360' title='bbox 1276 1043 1309 1063; x_wconf 92' lang='lat' dir='ltr'><strong>eo</strong></span> <span class='ocrx_word' id='word_1_361' title='bbox 1331 1041 1421 1071; x_wconf 85' lang='lat' dir='ltr'><strong>epoto,</strong></span> <span class='ocrx_word' id='word_1_362' title='bbox 1444 1035 1641 1063; x_wconf 82' lang='lat' dir='ltr'><strong>obliviscantur</strong></span> <span class='ocrx_word' id='word_1_363' title='bbox 1657 1043 1700 1064; x_wconf 85' lang='lat' dir='ltr'><strong>sa-</strong></span> 
     </span>
    </p>
   </div>
   <div class='ocr_carea' id='block_1_53' title="bbox 912 1081 1700 1117">
    <p class='ocr_par' dir='ltr' id='par_1_53' title="bbox 912 1081 1700 1117">
     <span class='ocr_line' id='line_1_53' title="bbox 912 1081 1700 1117; baseline 0.003 -9"><span class='ocrx_word' id='word_1_364' title='bbox 912 1081 1020 1116; x_wconf 72' lang='lat' dir='ltr'><strong>pientia:</strong></span> <span class='ocrx_word' id='word_1_365' title='bbox 1044 1082 1114 1115; x_wconf 87' lang='lat' dir='ltr'><strong>Dei;</strong></span> <span class='ocrx_word' id='word_1_366' title='bbox 1136 1086 1164 1109; x_wconf 87' lang='lat' dir='ltr'><strong>et</strong></span> <span class='ocrx_word' id='word_1_367' title='bbox 1191 1086 1266 1109; x_wconf 89' lang='lat' dir='ltr'><strong>recte</strong></span> <span class='ocrx_word' id='word_1_368' title='bbox 1279 1082 1427 1116; x_wconf 73' lang='lat' dir='ltr'><strong>diiudicare</strong></span> <span class='ocrx_word' id='word_1_369' title='bbox 1455 1087 1536 1117; x_wconf 85' lang='lat' dir='ltr'><strong>atque</strong></span> <span class='ocrx_word' id='word_1_370' title='bbox 1550 1082 1700 1117; x_wconf 76' lang='lat' dir='ltr'><strong>intelligere</strong></span> 
     </span>
    </p>
   </div>
   <div class='ocr_carea' id='block_1_54' title="bbox 912 1128 1700 1167">
    <p class='ocr_par' dir='ltr' id='par_1_54' title="bbox 912 1128 1700 1167">
     <span class='ocr_line' id='line_1_54' title="bbox 912 1128 1700 1167; baseline 0.001 -12"><span class='ocrx_word' id='word_1_371' title='bbox 912 1128 1034 1155; x_wconf 63' lang='lat' dir='ltr'><strong>scientiae</strong></span> <span class='ocrx_word' id='word_1_372' title='bbox 1050 1128 1183 1156; x_wconf 79' lang='lat' dir='ltr'><strong>tlieoriam</strong></span> <span class='ocrx_word' id='word_1_373' title='bbox 1202 1128 1273 1155; x_wconf 83' lang='lat' dir='ltr'><strong>haud</strong></span> <span class='ocrx_word' id='word_1_374' title='bbox 1288 1128 1419 1161; x_wconf 88' lang='lat' dir='ltr'><strong>valentes.</strong></span> <span class='ocrx_word' id='word_1_375' title='bbox 1437 1128 1563 1163; x_wconf 84' lang='lat' dir='ltr'><strong>deinceps</strong></span> <span class='ocrx_word' id='word_1_376' title='bbox 1575 1128 1629 1167; x_wconf 78' lang='lat' dir='ltr'><strong>jam</strong></span> <span class='ocrx_word' id='word_1_377' title='bbox 1648 1136 1700 1156; x_wconf 92' lang='lat' dir='ltr'><strong>non</strong></span> 
     </span>
    </p>
   </div>
   <div class='ocr_carea' id='block_1_55' title="bbox 914 1173 1701 1209">
    <p class='ocr_par' dir='ltr' id='par_1_55' title="bbox 914 1173 1701 1209">
     <span class='ocr_line' id='line_1_55' title="bbox 914 1173 1701 1209; baseline 0.001 -8"><span class='ocrx_word' id='word_1_378' title='bbox 914 1174 1019 1209; x_wconf 75' lang='lat' dir='ltr'><strong>possint</strong></span> <span class='ocrx_word' id='word_1_379' title='bbox 1051 1181 1108 1201; x_wconf 83' lang='lat' dir='ltr'><strong>suae</strong></span> <span class='ocrx_word' id='word_1_380' title='bbox 1138 1178 1166 1202; x_wconf 88' lang='lat' dir='ltr'><strong>et</strong></span> <span class='ocrx_word' id='word_1_381' title='bbox 1200 1174 1314 1202; x_wconf 91' lang='lat' dir='ltr'><strong>aliorum</strong></span> <span class='ocrx_word' id='word_1_382' title='bbox 1346 1173 1525 1201; x_wconf 84' lang='lat' dir='ltr'><strong>inﬁrmiorum</strong></span> <span class='ocrx_word' id='word_1_383' title='bbox 1559 1175 1701 1202; x_wconf 84' lang='lat' dir='ltr'><strong>animabus</strong></span> 
     </span>
    </p>
   </div>
   <div class='ocr_carea' id='block_1_56' title="bbox 913 1219 1052 1255">
    <p class='ocr_par' dir='ltr' id='par_1_56' title="bbox 913 1219 1052 1255">
     <span class='ocr_line' id='line_1_56' title="bbox 913 1219 1052 1255; baseline -0.007 -8"><span class='ocrx_word' id='word_1_384' title='bbox 913 1219 1052 1255; x_wconf 87' lang='lat' dir='ltr'><strong>prodesse.</strong></span> 
     </span>
    </p>
   </div>
   <div class='ocr_carea' id='block_1_57' title="bbox 950 1265 1702 1301">
    <p class='ocr_par' dir='ltr' id='par_1_57' title="bbox 950 1265 1702 1301">
     <span class='ocr_line' id='line_1_57' title="bbox 950 1265 1702 1301; baseline -0.001 -8"><span class='ocrx_word' id='word_1_385' title='bbox 950 1266 985 1286; x_wconf 80' lang='grc'><strong>¹-¹</strong></span> <span class='ocrx_word' id='word_1_386' title='bbox 1001 1265 1035 1293; x_wconf 89' lang='lat' dir='ltr'><strong>lis</strong></span> <span class='ocrx_word' id='word_1_387' title='bbox 1054 1266 1099 1300; x_wconf 89' lang='lat' dir='ltr'><strong>qui</strong></span> <span class='ocrx_word' id='word_1_388' title='bbox 1115 1266 1233 1300; x_wconf 86' lang='lat' dir='ltr'><strong>peccatis</strong></span> <span class='ocrx_word' id='word_1_389' title='bbox 1243 1269 1378 1300; x_wconf 82' lang='lat' dir='ltr'><strong>anguntur</strong></span> <span class='ocrx_word' id='word_1_390' title='bbox 1392 1269 1419 1293; x_wconf 88' lang='lat' dir='ltr'><strong>et</strong></span> <span class='ocrx_word' id='word_1_391' title='bbox 1433 1265 1630 1301; x_wconf 80' lang='lat' dir='ltr'><strong>desperatione,</strong></span> <span class='ocrx_word' id='word_1_392' title='bbox 1642 1265 1702 1293; x_wconf 83' lang='lat' dir='ltr'><strong>date</strong></span> 
     </span>
    </p>
   </div>
   <div class='ocr_carea' id='block_1_58' title="bbox 913 1311 1702 1347">
    <p class='ocr_par' dir='ltr' id='par_1_58' title="bbox 913 1311 1702 1347">
     <span class='ocr_line' id='line_1_58' title="bbox 913 1311 1702 1347; baseline -0.001 -7"><span class='ocrx_word' id='word_1_393' title='bbox 913 1312 947 1340; x_wconf 92' lang='lat' dir='ltr'><strong>de</strong></span> <span class='ocrx_word' id='word_1_394' title='bbox 965 1313 1043 1340; x_wconf 87' lang='lat' dir='ltr'><strong>vinea</strong></span> <span class='ocrx_word' id='word_1_395' title='bbox 1058 1312 1164 1340; x_wconf 92' lang='lat' dir='ltr'><strong>Domini</strong></span> <span class='ocrx_word' id='word_1_396' title='bbox 1183 1313 1277 1339; x_wconf 83' lang='lat' dir='ltr'><strong>bibere</strong></span> <span class='ocrx_word' id='word_1_397' title='bbox 1297 1312 1332 1339; x_wconf 86' lang='lat' dir='ltr'><strong>ad</strong></span> <span class='ocrx_word' id='word_1_398' title='bbox 1349 1312 1518 1345; x_wconf 87' lang='lat' dir='ltr'><strong>ebrietatem,</strong></span> <span class='ocrx_word' id='word_1_399' title='bbox 1536 1312 1562 1339; x_wconf 91' lang='lat' dir='ltr'><strong>id</strong></span> <span class='ocrx_word' id='word_1_400' title='bbox 1576 1316 1617 1340; x_wconf 89' lang='lat' dir='ltr'><strong>est</strong></span> <span class='ocrx_word' id='word_1_401' title='bbox 1633 1311 1702 1347; x_wconf 82' lang='lat' dir='ltr'><strong>jeju-</strong></span> 
     </span>
    </p>
   </div>
   <div class='ocr_carea' id='block_1_59' title="bbox 914 1358 1703 1391">
    <p class='ocr_par' dir='ltr' id='par_1_59' title="bbox 914 1358 1703 1391">
     <span class='ocr_line' id='line_1_59' title="bbox 914 1358 1703 1391; baseline -0.001 -6"><span class='ocrx_word' id='word_1_402' title='bbox 914 1359 1000 1391; x_wconf 90' lang='lat' dir='ltr'><strong>nium,</strong></span> <span class='ocrx_word' id='word_1_403' title='bbox 1026 1358 1188 1390; x_wconf 86' lang='lat' dir='ltr'><strong>orationem.</strong></span> <span class='ocrx_word' id='word_1_404' title='bbox 1214 1358 1423 1391; x_wconf 84' lang='lat' dir='ltr'><strong>continentiam,</strong></span> <span class='ocrx_word' id='word_1_405' title='bbox 1449 1358 1649 1386; x_wconf 79' lang='lat' dir='ltr'><strong>centessionem</strong></span> <span class='ocrx_word' id='word_1_406' title='bbox 1674 1362 1703 1385; x_wconf 87' lang='lat' dir='ltr'><strong>et</strong></span> 
     </span>
    </p>
   </div>
   <div class='ocr_carea' id='block_1_60' title="bbox 914 1403 1702 1440">
    <p class='ocr_par' dir='ltr' id='par_1_60' title="bbox 914 1403 1702 1440">
     <span class='ocr_line' id='line_1_60' title="bbox 914 1403 1702 1440; baseline 0 -9"><span class='ocrx_word' id='word_1_407' title='bbox 914 1412 1083 1440; x_wconf 69' lang='lat' dir='ltr'><strong>quaecunque</strong></span> <span class='ocrx_word' id='word_1_408' title='bbox 1102 1405 1219 1431; x_wconf 87' lang='lat' dir='ltr'><strong>animam</strong></span> <span class='ocrx_word' id='word_1_409' title='bbox 1246 1404 1410 1432; x_wconf 77' lang='lat' dir='ltr'><strong>exhilarant.</strong></span> <span class='ocrx_word' id='word_1_410' title='bbox 1428 1403 1463 1432; x_wconf 80' lang='lat' dir='ltr'><strong>At</strong></span> <span class='ocrx_word' id='word_1_411' title='bbox 1480 1404 1515 1432; x_wconf 88' lang='lat' dir='ltr'><strong>iis</strong></span> <span class='ocrx_word' id='word_1_412' title='bbox 1534 1405 1580 1440; x_wconf 91' lang='lat' dir='ltr'><strong>qui</strong></span> <span class='ocrx_word' id='word_1_413' title='bbox 1595 1409 1660 1432; x_wconf 87' lang='lat' dir='ltr'><strong>sunt</strong></span> <span class='ocrx_word' id='word_1_414' title='bbox 1676 1405 1702 1431; x_wconf 86' lang='lat' dir='ltr'><strong>in</strong></span> 
     </span>
    </p>
   </div>
   <div class='ocr_carea' id='block_1_61' title="bbox 915 1449 1703 1487">
    <p class='ocr_par' dir='ltr' id='par_1_61' title="bbox 915 1449 1703 1487">
     <span class='ocr_line' id='line_1_61' title="bbox 915 1449 1703 1487; baseline -0.003 -8"><span class='ocrx_word' id='word_1_415' title='bbox 915 1450 1122 1487; x_wconf 84' lang='lat' dir='ltr'><strong>principatibus,</strong></span> <span class='ocrx_word' id='word_1_416' title='bbox 1136 1451 1198 1478; x_wconf 87' lang='lat' dir='ltr'><strong>date</strong></span> <span class='ocrx_word' id='word_1_417' title='bbox 1214 1450 1319 1485; x_wconf 88' lang='lat' dir='ltr'><strong>peccati</strong></span> <span class='ocrx_word' id='word_1_418' title='bbox 1332 1450 1439 1478; x_wconf 87' lang='lat' dir='ltr'><strong>dolores</strong></span> <span class='ocrx_word' id='word_1_419' title='bbox 1453 1450 1546 1478; x_wconf 86' lang='lat' dir='ltr'><strong>bibere</strong></span> <span class='ocrx_word' id='word_1_420' title='bbox 1567 1449 1600 1476; x_wconf 87' lang='lat' dir='ltr'><strong>ad</strong></span> <span class='ocrx_word' id='word_1_421' title='bbox 1621 1449 1703 1477; x_wconf 88' lang='lat' dir='ltr'><strong>satie-</strong></span> 
     </span>
    </p>
   </div>
   <div class='ocr_carea' id='block_1_62' title="bbox 916 1496 1701 1533">
    <p class='ocr_par' dir='ltr' id='par_1_62' title="bbox 916 1496 1701 1533">
     <span class='ocr_line' id='line_1_62' title="bbox 916 1496 1701 1533; baseline -0.004 -8"><span class='ocrx_word' id='word_1_422' title='bbox 916 1502 1010 1530; x_wconf 87' lang='lat' dir='ltr'><strong>tatem,</strong></span> <span class='ocrx_word' id='word_1_423' title='bbox 1028 1502 1057 1524; x_wconf 88' lang='lat' dir='ltr'><strong>ut</strong></span> <span class='ocrx_word' id='word_1_424' title='bbox 1073 1497 1115 1524; x_wconf 85' lang='lat' dir='ltr'><strong>his</strong></span> <span class='ocrx_word' id='word_1_425' title='bbox 1127 1497 1214 1533; x_wconf 85' lang='lat' dir='ltr'><strong>epotis</strong></span> <span class='ocrx_word' id='word_1_426' title='bbox 1227 1497 1425 1525; x_wconf 84' lang='lat' dir='ltr'><strong>obliviscantur</strong></span> <span class='ocrx_word' id='word_1_427' title='bbox 1439 1496 1578 1524; x_wconf 83' lang='lat' dir='ltr'><strong>diabolicae</strong></span> <span class='ocrx_word' id='word_1_428' title='bbox 1593 1496 1701 1531; x_wconf 63' lang='lat' dir='ltr'><strong>inopiae.</strong></span> 
     </span>
    </p>
   </div>
   <div class='ocr_carea' id='block_1_63' title="bbox 916 1541 1703 1579">
    <p class='ocr_par' dir='ltr' id='par_1_63' title="bbox 916 1541 1703 1579">
     <span class='ocr_line' id='line_1_63' title="bbox 916 1541 1703 1579; baseline -0.006 -6"><span class='ocrx_word' id='word_1_429' title='bbox 916 1545 983 1573; x_wconf 82' lang='lat' dir='ltr'><strong>Nam</strong></span> <span class='ocrx_word' id='word_1_430' title='bbox 1000 1543 1046 1579; x_wconf 85' lang='lat' dir='ltr'><strong>qui</strong></span> <span class='ocrx_word' id='word_1_431' title='bbox 1067 1543 1160 1572; x_wconf 85' lang='lat' dir='ltr'><strong>ebrius</strong></span> <span class='ocrx_word' id='word_1_432' title='bbox 1180 1548 1222 1571; x_wconf 88' lang='lat' dir='ltr'><strong>est</strong></span> <span class='ocrx_word' id='word_1_433' title='bbox 1237 1542 1374 1579; x_wconf 67' lang='lat' dir='ltr'><strong>agnitione</strong></span> <span class='ocrx_word' id='word_1_434' title='bbox 1399 1541 1517 1575; x_wconf 78' lang='lat' dir='ltr'><strong>Domini,</strong></span> <span class='ocrx_word' id='word_1_435' title='bbox 1533 1541 1703 1569; x_wconf 84' lang='lat' dir='ltr'><strong>obliviscitur</strong></span> 
     </span>
    </p>
   </div>
   <div class='ocr_carea' id='block_1_64' title="bbox 917 1590 1172 1625">
    <p class='ocr_par' dir='ltr' id='par_1_64' title="bbox 917 1590 1172 1625">
     <span class='ocr_line' id='line_1_64' title="bbox 917 1590 1172 1625; baseline -0.004 -7"><span class='ocrx_word' id='word_1_436' title='bbox 917 1590 1040 1618; x_wconf 83' lang='lat' dir='ltr'><strong>dolorum</strong></span> <span class='ocrx_word' id='word_1_437' title='bbox 1055 1590 1172 1625; x_wconf 76' lang='lat' dir='ltr'><strong>praxim.</strong></span> 
     </span>
    </p>
   </div>
   <div class='ocr_carea' id='block_1_65' title="bbox 951 1634 1704 1671">
    <p class='ocr_par' dir='ltr' id='par_1_65' title="bbox 951 1634 1704 1671">
     <span class='ocr_line' id='line_1_65' title="bbox 951 1634 1704 1671; baseline -0.001 -8"><span class='ocrx_word' id='word_1_438' title='bbox 951 1639 963 1660; x_wconf 81' lang='grc' dir='ltr'>ι</span> <span class='ocrx_word' id='word_1_439' title='bbox 978 1636 1088 1671; x_wconf 84' lang='lat' dir='ltr'><strong>inopem</strong></span> <span class='ocrx_word' id='word_1_440' title='bbox 1108 1635 1174 1663; x_wconf 89' lang='lat' dir='ltr'><strong>dicit</strong></span> <span class='ocrx_word' id='word_1_441' title='bbox 1191 1635 1329 1663; x_wconf 84' lang='lat' dir='ltr'><strong>hominem</strong></span> <span class='ocrx_word' id='word_1_442' title='bbox 1346 1634 1460 1663; x_wconf 84' lang='lat' dir='ltr'><strong>scicntia</strong></span> <span class='ocrx_word' id='word_1_443' title='bbox 1480 1639 1636 1668; x_wconf 81' lang='lat' dir='ltr'><strong>carentem;</strong></span> <span class='ocrx_word' id='word_1_444' title='bbox 1663 1634 1704 1662; x_wconf 82' lang='lat' dir='ltr'><strong>in-</strong></span> 
     </span>
    </p>
   </div>
   <div class='ocr_carea' id='block_1_66' title="bbox 918 1679 1367 1716">
    <p class='ocr_par' dir='ltr' id='par_1_66' title="bbox 918 1679 1367 1716">
     <span class='ocr_line' id='line_1_66' title="bbox 918 1679 1367 1716; baseline -0.002 -8"><span class='ocrx_word' id='word_1_445' title='bbox 918 1681 1036 1714; x_wconf 84' lang='lat' dir='ltr'><strong>tlrtnum,</strong></span> <span class='ocrx_word' id='word_1_446' title='bbox 1051 1680 1170 1716; x_wconf 85' lang='lat' dir='ltr'><strong>peccatis</strong></span> <span class='ocrx_word' id='word_1_447' title='bbox 1186 1679 1367 1716; x_wconf 85' lang='lat' dir='ltr'><strong>inquinatum.</strong></span> 
     </span>
    </p>
   </div>
   <div class='ocr_carea' id='block_1_67' title="bbox 794 1727 982 1758">
    <p class='ocr_par' dir='ltr' id='par_1_67' title="bbox 794 1727 982 1758">
     <span class='ocr_line' id='line_1_67' title="bbox 794 1727 982 1758; baseline -0.011 -1"><span class='ocrx_word' id='word_1_448' title='bbox 794 1729 870 1758; x_wconf 74' lang='lat' dir='ltr'><strong>CAP.</strong></span> <span class='ocrx_word' id='word_1_449' title='bbox 891 1727 982 1756; x_wconf 60' lang='lat' dir='ltr'><strong>XXV-</strong></span> 
     </span>
    </p>
   </div>
   <div class='ocr_carea' id='block_1_68' title="bbox 115 1775 869 1813">
    <p class='ocr_par' dir='ltr' id='par_1_68' title="bbox 115 1775 869 1813">
     <span class='ocr_line' id='line_1_68' title="bbox 115 1775 869 1813; baseline 0.003 -12"><span class='ocrx_word' id='word_1_450' title='bbox 115 1775 144 1801; x_wconf 91' lang='lat'>&#39;0</span> <span class='ocrx_word' id='word_1_451' title='bbox 164 1775 239 1811; x_wconf 76' lang='grc' dir='ltr'>λόγῳ</span> <span class='ocrx_word' id='word_1_452' title='bbox 253 1776 429 1812; x_wconf 78' lang='grc' dir='ltr'>πνευματικῷ</span> <span class='ocrx_word' id='word_1_453' title='bbox 443 1777 489 1804; x_wconf 80' lang='grc' dir='ltr'><strong>τὸν</strong></span> <span class='ocrx_word' id='word_1_454' title='bbox 511 1776 624 1805; x_wconf 83' lang='grc' dir='ltr'>παλαιὸν</span> <span class='ocrx_word' id='word_1_455' title='bbox 642 1776 783 1813; x_wconf 77' lang='grc' dir='ltr'>ἄνθρωπον</span> <span class='ocrx_word' id='word_1_456' title='bbox 800 1776 869 1803; x_wconf 86' lang='grc' dir='ltr'>ἀπο-</span> 
     </span>
    </p>
   </div>
   <div class='ocr_carea' id='block_1_69' title="bbox 74 1822 868 1858">
    <p class='ocr_par' dir='ltr' id='par_1_69' title="bbox 74 1822 868 1858">
     <span class='ocr_line' id='line_1_69' title="bbox 74 1822 868 1858; baseline 0 -9"><span class='ocrx_word' id='word_1_457' title='bbox 74 1822 206 1854; x_wconf 83' lang='grc' dir='ltr'>κτείνων,</span> <span class='ocrx_word' id='word_1_458' title='bbox 223 1822 269 1848; x_wconf 75' lang='grc' dir='ltr'><strong>τὸν</strong></span> <span class='ocrx_word' id='word_1_459' title='bbox 293 1822 469 1858; x_wconf 75' lang='grc' dir='ltr'>φθειρόμενον</span> <span class='ocrx_word' id='word_1_460' title='bbox 484 1824 555 1850; x_wconf 78' lang='grc' dir='ltr'><strong>κατά</strong></span> <span class='ocrx_word' id='word_1_461' title='bbox 574 1823 623 1856; x_wconf 85' lang='grc' dir='ltr'><strong>τὰς</strong></span> <span class='ocrx_word' id='word_1_462' title='bbox 647 1823 793 1858; x_wconf 67' lang='grc' dir='ltr'>ἐπιθυμίας</span> <span class='ocrx_word' id='word_1_463' title='bbox 818 1822 868 1857; x_wconf 82' lang='grc' dir='ltr'>τῆς</span> 
     </span>
    </p>
   </div>
   <div class='ocr_carea' id='block_1_70' title="bbox 73 1868 868 1906">
    <p class='ocr_par' dir='ltr' id='par_1_70' title="bbox 73 1868 868 1906">
     <span class='ocr_line' id='line_1_70' title="bbox 73 1868 868 1906; baseline 0.001 -11"><span class='ocrx_word' id='word_1_464' title='bbox 73 1869 198 1904; x_wconf 78' lang='grc' dir='ltr'>ἀπάτης,</span> <span class='ocrx_word' id='word_1_465' title='bbox 220 1868 350 1905; x_wconf 81' lang='grc' dir='ltr'>κατορθοῖ</span> <span class='ocrx_word' id='word_1_466' title='bbox 366 1870 394 1896; x_wconf 85' lang='grc' dir='ltr'>ὲν</span> <span class='ocrx_word' id='word_1_467' title='bbox 409 1869 566 1906; x_wconf 81' lang='grc' dir='ltr'>δικαιοσύνῃ</span> <span class='ocrx_word' id='word_1_468' title='bbox 577 1869 623 1896; x_wconf 80' lang='grc' dir='ltr'>τὸν</span> <span class='ocrx_word' id='word_1_469' title='bbox 639 1869 721 1896; x_wconf 76' lang='grc' dir='ltr'>αὑτοῦ</span> <span class='ocrx_word' id='word_1_470' title='bbox 736 1869 798 1896; x_wconf 80' lang='grc' dir='ltr'>νοῦν</span> <span class='ocrx_word' id='word_1_471' title='bbox 810 1889 817 1900; x_wconf 86' lang='grc'><strong>,</strong></span> <span class='ocrx_word' id='word_1_472' title='bbox 839 1868 868 1900; x_wconf 74' lang='grc' dir='ltr'>ὃς</span> 
     </span>
    </p>
   </div>
   <div class='ocr_carea' id='block_1_71' title="bbox 72 1914 867 1953">
    <p class='ocr_par' dir='ltr' id='par_1_71' title="bbox 72 1914 867 1953">
     <span class='ocr_line' id='line_1_71' title="bbox 72 1914 867 1953; baseline 0 -11"><span class='ocrx_word' id='word_1_473' title='bbox 72 1915 183 1950; x_wconf 79' lang='grc' dir='ltr'>λέγεται</span> <span class='ocrx_word' id='word_1_474' title='bbox 208 1915 303 1953; x_wconf 84' lang='grc' dir='ltr'>θρόνος</span> <span class='ocrx_word' id='word_1_475' title='bbox 327 1914 394 1942; x_wconf 87' lang='grc' dir='ltr'>εἶναι</span> <span class='ocrx_word' id='word_1_476' title='bbox 426 1916 510 1943; x_wconf 86' lang='grc' dir='ltr'>Θεοῦ·</span> <span class='ocrx_word' id='word_1_477' title='bbox 531 1916 649 1952; x_wconf 79' lang='grc' dir='ltr'>οὐδαμοῦ</span> <span class='ocrx_word' id='word_1_478' title='bbox 669 1917 723 1951; x_wconf 83' lang='grc' dir='ltr'><strong>γὰρ</strong></span> <span class='ocrx_word' id='word_1_479' title='bbox 746 1916 867 1950; x_wconf 79' lang='grc' dir='ltr'>πέφυκεν</span> 
     </span>
    </p>
   </div>
   <div class='ocr_carea' id='block_1_72' title="bbox 75 1960 866 1997">
    <p class='ocr_par' dir='ltr' id='par_1_72' title="bbox 75 1960 866 1997">
     <span class='ocr_line' id='line_1_72' title="bbox 75 1960 866 1997; baseline -0.001 -9"><span class='ocrx_word' id='word_1_480' title='bbox 75 1960 198 1997; x_wconf 84' lang='grc' dir='ltr'>ἀλλαχοῦ</span> <span class='ocrx_word' id='word_1_481' title='bbox 215 1960 380 1993; x_wconf 81' lang='grc' dir='ltr'>καθέζεσθαι</span> <span class='ocrx_word' id='word_1_482' title='bbox 395 1962 476 1995; x_wconf 81' lang='grc' dir='ltr'>σοφία</span> <span class='ocrx_word' id='word_1_483' title='bbox 501 1962 547 1989; x_wconf 76' lang='grc' dir='ltr'><strong>καὶ</strong></span> <span class='ocrx_word' id='word_1_484' title='bbox 572 1961 682 1996; x_wconf 86' lang='grc' dir='ltr'>γνῶσις.</span> <span class='ocrx_word' id='word_1_485' title='bbox 708 1961 754 1987; x_wconf 67' lang='grc' dir='ltr'><strong>καὶ</strong></span> <span class='ocrx_word' id='word_1_486' title='bbox 765 1961 866 1988; x_wconf 85' lang='grc' dir='ltr'>δικαιο-</span> 
     </span>
    </p>
   </div>
   <div class='ocr_carea' id='block_1_73' title="bbox 73 2006 866 2044">
    <p class='ocr_par' dir='ltr' id='par_1_73' title="bbox 73 2006 866 2044">
     <span class='ocr_line' id='line_1_73' title="bbox 73 2006 866 2044; baseline 0 -11"><span class='ocrx_word' id='word_1_487' title='bbox 73 2007 141 2042; x_wconf 76' lang='grc' dir='ltr'>σύνη</span> <span class='ocrx_word' id='word_1_488' title='bbox 152 2027 160 2039; x_wconf 88' lang='grc'><strong>,</strong></span> <span class='ocrx_word' id='word_1_489' title='bbox 177 2008 203 2033; x_wconf 90' lang='grc' dir='ltr'><strong>εἰ</strong></span> <span class='ocrx_word' id='word_1_490' title='bbox 217 2007 255 2042; x_wconf 81' lang='grc' dir='ltr'>μὴ</span> <span class='ocrx_word' id='word_1_491' title='bbox 270 2008 299 2033; x_wconf 83' lang='grc' dir='ltr'>ὲν</span> <span class='ocrx_word' id='word_1_492' title='bbox 314 2006 394 2041; x_wconf 77' lang='grc' dir='ltr'>φύσει</span> <span class='ocrx_word' id='word_1_493' title='bbox 419 2007 532 2044; x_wconf 80' lang='grc' dir='ltr'>λογικῇ·</span> <span class='ocrx_word' id='word_1_494' title='bbox 549 2007 635 2035; x_wconf 79' lang='grc' dir='ltr'>ταῦτα</span> <span class='ocrx_word' id='word_1_495' title='bbox 651 2007 678 2034; x_wconf 85' lang='grc' dir='ltr'>δὲ</span> <span class='ocrx_word' id='word_1_496' title='bbox 693 2008 780 2034; x_wconf 75' lang='grc' dir='ltr'>πάντα</span> <span class='ocrx_word' id='word_1_497' title='bbox 794 2007 866 2033; x_wconf 69' lang='grc' dir='ltr'>ἐστὶν</span> 
     </span>
    </p>
   </div>
   <div class='ocr_carea' id='block_1_74' title="bbox 72 2053 237 2089">
    <p class='ocr_par' dir='ltr' id='par_1_74' title="bbox 72 2053 237 2089">
     <span class='ocr_line' id='line_1_74' title="bbox 72 2053 237 2089; baseline 0.006 -10"><span class='ocrx_word' id='word_1_498' title='bbox 72 2054 86 2079; x_wconf 87' lang='grc' dir='ltr'><strong>ὀ</strong></span> <span class='ocrx_word' id='word_1_499' title='bbox 102 2053 237 2089; x_wconf 81' lang='grc' dir='ltr'>Χριστός.</span> 
     </span>
    </p>
   </div>
   <div class='ocr_carea' id='block_1_75' title="bbox 107 2096 865 2135">
    <p class='ocr_par' dir='ltr' id='par_1_75' title="bbox 107 2096 865 2135">
     <span class='ocr_line' id='line_1_75' title="bbox 107 2096 865 2135; baseline 0.001 -10"><span class='ocrx_word' id='word_1_500' title='bbox 107 2096 174 2131; x_wconf 78' lang='grc' dir='ltr'>Οἷος</span> <span class='ocrx_word' id='word_1_501' title='bbox 193 2097 229 2131; x_wconf 74' lang='grc' dir='ltr'>εἴ,</span> <span class='ocrx_word' id='word_1_502' title='bbox 243 2099 363 2131; x_wconf 82' lang='grc' dir='ltr'>τοιοῦτος</span> <span class='ocrx_word' id='word_1_503' title='bbox 379 2099 484 2134; x_wconf 77' lang='grc' dir='ltr'>φαίνου,</span> <span class='ocrx_word' id='word_1_504' title='bbox 502 2099 549 2126; x_wconf 79' lang='grc' dir='ltr'><strong>καὶ</strong></span> <span class='ocrx_word' id='word_1_505' title='bbox 562 2099 598 2135; x_wconf 84' lang='grc' dir='ltr'>μὴ</span> <span class='ocrx_word' id='word_1_506' title='bbox 614 2099 774 2132; x_wconf 75' lang='grc' dir='ltr'>ἀλαζονεύου</span> <span class='ocrx_word' id='word_1_507' title='bbox 785 2120 792 2131; x_wconf 86' lang='grc'><strong>,</strong></span> <span class='ocrx_word' id='word_1_508' title='bbox 808 2099 865 2126; x_wconf 79' lang='grc' dir='ltr'>ἀλλ’</span> 
     </span>
    </p>
   </div>
   <div class='ocr_carea' id='block_1_76' title="bbox 956 1774 1705 1809">
    <p class='ocr_par' dir='ltr' id='par_1_76' title="bbox 956 1774 1705 1809">
     <span class='ocr_line' id='line_1_76' title="bbox 956 1774 1705 1809; baseline 0.001 -8"><span class='ocrx_word' id='word_1_509' title='bbox 956 1774 966 1790; x_wconf 78' lang='grc'><strong>⁸</strong></span> <span class='ocrx_word' id='word_1_510' title='bbox 983 1774 1035 1808; x_wconf 85' lang='lat' dir='ltr'><strong>Qui</strong></span> <span class='ocrx_word' id='word_1_511' title='bbox 1059 1774 1177 1809; x_wconf 80' lang='lat' dir='ltr'><strong>Spiritali</strong></span> <span class='ocrx_word' id='word_1_512' title='bbox 1189 1795 1196 1807; x_wconf 83' lang='lat'><strong>,</strong></span> <span class='ocrx_word' id='word_1_513' title='bbox 1214 1774 1297 1801; x_wconf 88' lang='lat' dir='ltr'><strong>verbo</strong></span> <span class='ocrx_word' id='word_1_514' title='bbox 1311 1779 1427 1801; x_wconf 85' lang='lat' dir='ltr'><strong>veterem</strong></span> <span class='ocrx_word' id='word_1_515' title='bbox 1453 1774 1589 1802; x_wconf 86' lang='lat' dir='ltr'><strong>hominem</strong></span> <span class='ocrx_word' id='word_1_516' title='bbox 1605 1774 1705 1802; x_wconf 76' lang='lat' dir='ltr'><strong>occid-it.</strong></span> 
     </span>
    </p>
   </div>
   <div class='ocr_carea' id='block_1_77' title="bbox 919 1820 1705 1856">
    <p class='ocr_par' dir='ltr' id='par_1_77' title="bbox 919 1820 1705 1856">
     <span class='ocr_line' id='line_1_77' title="bbox 919 1820 1705 1856; baseline -0.001 -7"><span class='ocrx_word' id='word_1_517' title='bbox 919 1825 1076 1856; x_wconf 89' lang='lat' dir='ltr'><strong>corruptum</strong></span> <span class='ocrx_word' id='word_1_518' title='bbox 1100 1820 1175 1848; x_wconf 90' lang='lat' dir='ltr'><strong>illum</strong></span> <span class='ocrx_word' id='word_1_519' title='bbox 1191 1821 1296 1848; x_wconf 87' lang='lat' dir='ltr'><strong>scilicet</strong></span> <span class='ocrx_word' id='word_1_520' title='bbox 1312 1820 1461 1848; x_wconf 88' lang='lat' dir='ltr'><strong>secundum</strong></span> <span class='ocrx_word' id='word_1_521' title='bbox 1481 1821 1583 1848; x_wconf 90' lang='lat' dir='ltr'><strong>erroris</strong></span> <span class='ocrx_word' id='word_1_522' title='bbox 1600 1821 1688 1856; x_wconf 88' lang='lat' dir='ltr'><strong>cupidi</strong></span> <span class='ocrx_word' id='word_1_523' title='bbox 1699 1836 1705 1842; x_wconf 84' lang='lat'><strong>-</strong></span> 
     </span>
    </p>
   </div>
   <div class='ocr_carea' id='block_1_78' title="bbox 918 1865 1704 1900">
    <p class='ocr_par' dir='ltr' id='par_1_78' title="bbox 918 1865 1704 1900">
     <span class='ocr_line' id='line_1_78' title="bbox 918 1865 1704 1900; baseline -0.003 -5"><span class='ocrx_word' id='word_1_524' title='bbox 918 1872 998 1900; x_wconf 87' lang='lat' dir='ltr'><strong>tates,</strong></span> <span class='ocrx_word' id='word_1_525' title='bbox 1013 1870 1151 1894; x_wconf 87' lang='lat' dir='ltr'><strong>restaurat</strong></span> <span class='ocrx_word' id='word_1_526' title='bbox 1166 1866 1199 1892; x_wconf 89' lang='lat' dir='ltr'><strong>ad</strong></span> <span class='ocrx_word' id='word_1_527' title='bbox 1215 1865 1349 1900; x_wconf 82' lang='lat' dir='ltr'><strong>justitiam</strong></span> <span class='ocrx_word' id='word_1_528' title='bbox 1366 1869 1484 1893; x_wconf 91' lang='lat' dir='ltr'><strong>mentem</strong></span> <span class='ocrx_word' id='word_1_529' title='bbox 1503 1865 1572 1899; x_wconf 86' lang='lat' dir='ltr'><strong>ejus,</strong></span> <span class='ocrx_word' id='word_1_530' title='bbox 1588 1873 1648 1900; x_wconf 67' lang='lat' dir='ltr'><strong>qua:</strong></span> <span class='ocrx_word' id='word_1_531' title='bbox 1661 1866 1704 1893; x_wconf 90' lang='lat' dir='ltr'><strong>di-</strong></span> 
     </span>
    </p>
   </div>
   <div class='ocr_carea' id='block_1_79' title="bbox 917 1911 1703 1946">
    <p class='ocr_par' dir='ltr' id='par_1_79' title="bbox 917 1911 1703 1946">
     <span class='ocr_line' id='line_1_79' title="bbox 917 1911 1703 1946; baseline -0.001 -6"><span class='ocrx_word' id='word_1_532' title='bbox 917 1913 988 1940; x_wconf 89' lang='lat' dir='ltr'><strong>citur</strong></span> <span class='ocrx_word' id='word_1_533' title='bbox 1003 1912 1118 1939; x_wconf 86' lang='lat' dir='ltr'><strong>thronus</strong></span> <span class='ocrx_word' id='word_1_534' title='bbox 1143 1919 1203 1939; x_wconf 88' lang='lat' dir='ltr'><strong>esse</strong></span> <span class='ocrx_word' id='word_1_535' title='bbox 1220 1911 1266 1938; x_wconf 90' lang='lat' dir='ltr'><strong>Dei</strong></span> <span class='ocrx_word' id='word_1_536' title='bbox 1282 1919 1288 1937; x_wconf 92' lang='lat'><strong>:</strong></span> <span class='ocrx_word' id='word_1_537' title='bbox 1303 1918 1435 1946; x_wconf 85' lang='lat' dir='ltr'><strong>nusquam</strong></span> <span class='ocrx_word' id='word_1_538' title='bbox 1460 1912 1533 1939; x_wconf 91' lang='lat' dir='ltr'><strong>enim</strong></span> <span class='ocrx_word' id='word_1_539' title='bbox 1556 1911 1623 1939; x_wconf 86' lang='lat' dir='ltr'><strong>solet</strong></span> <span class='ocrx_word' id='word_1_540' title='bbox 1637 1912 1703 1939; x_wconf 85' lang='lat' dir='ltr'><strong>alibi</strong></span> 
     </span>
    </p>
   </div>
   <div class='ocr_carea' id='block_1_80' title="bbox 919 1956 1704 1992">
    <p class='ocr_par' dir='ltr' id='par_1_80' title="bbox 919 1956 1704 1992">
     <span class='ocr_line' id='line_1_80' title="bbox 919 1956 1704 1992; baseline -0.003 -6"><span class='ocrx_word' id='word_1_541' title='bbox 919 1959 1014 1986; x_wconf 86' lang='lat' dir='ltr'><strong>sedere</strong></span> <span class='ocrx_word' id='word_1_542' title='bbox 1032 1957 1163 1992; x_wconf 84' lang='lat' dir='ltr'><strong>sapientia</strong></span> <span class='ocrx_word' id='word_1_543' title='bbox 1188 1963 1216 1984; x_wconf 88' lang='lat' dir='ltr'><strong>et</strong></span> <span class='ocrx_word' id='word_1_544' title='bbox 1241 1956 1353 1984; x_wconf 84' lang='lat' dir='ltr'><strong>scientia</strong></span> <span class='ocrx_word' id='word_1_545' title='bbox 1374 1961 1455 1991; x_wconf 86' lang='lat' dir='ltr'><strong>atque</strong></span> <span class='ocrx_word' id='word_1_546' title='bbox 1468 1956 1589 1991; x_wconf 75' lang='lat' dir='ltr'><strong>iustitia,</strong></span> <span class='ocrx_word' id='word_1_547' title='bbox 1607 1957 1661 1985; x_wconf 89' lang='lat' dir='ltr'><strong>nisi</strong></span> <span class='ocrx_word' id='word_1_548' title='bbox 1676 1957 1704 1984; x_wconf 90' lang='lat' dir='ltr'><strong>in</strong></span> 
     </span>
    </p>
   </div>
   <div class='ocr_carea' id='block_1_81' title="bbox 921 2001 1666 2031">
    <p class='ocr_par' dir='ltr' id='par_1_81' title="bbox 921 2001 1666 2031">
     <span class='ocr_line' id='line_1_81' title="bbox 921 2001 1666 2031; baseline 0.001 -1"><span class='ocrx_word' id='word_1_549' title='bbox 921 2003 1045 2031; x_wconf 81' lang='lat' dir='ltr'><strong>rationali</strong></span> <span class='ocrx_word' id='word_1_550' title='bbox 1061 2005 1167 2030; x_wconf 85' lang='lat' dir='ltr'><strong>natura.</strong></span> <span class='ocrx_word' id='word_1_551' title='bbox 1182 2001 1245 2030; x_wconf 73' lang='lat' dir='ltr'><strong>Hrec</strong></span> <span class='ocrx_word' id='word_1_552' title='bbox 1258 2007 1348 2029; x_wconf 84' lang='lat' dir='ltr'><strong>autem</strong></span> <span class='ocrx_word' id='word_1_553' title='bbox 1366 2002 1459 2030; x_wconf 84' lang='lat' dir='ltr'><strong>omnia</strong></span> <span class='ocrx_word' id='word_1_554' title='bbox 1478 2002 1603 2030; x_wconf 88' lang='lat' dir='ltr'><strong>Christus</strong></span> <span class='ocrx_word' id='word_1_555' title='bbox 1618 2008 1666 2031; x_wconf 65' lang='lat' dir='ltr'><strong>est.</strong></span> 
     </span>
    </p>
   </div>
   <div class='ocr_carea' id='block_1_82' title="bbox 955 2094 1704 2129">
    <p class='ocr_par' dir='ltr' id='par_1_82' title="bbox 955 2094 1704 2129">
     <span class='ocr_line' id='line_1_82' title="bbox 955 2094 1704 2129; baseline -0.003 -7"><span class='ocrx_word' id='word_1_556' title='bbox 955 2095 966 2112; x_wconf 84' lang='grc'><strong><em>⁵</em></strong></span> <span class='ocrx_word' id='word_1_557' title='bbox 983 2094 1076 2129; x_wconf 85' lang='lat' dir='ltr'><strong>Qualis</strong></span> <span class='ocrx_word' id='word_1_558' title='bbox 1088 2102 1128 2127; x_wconf 80' lang='lat' dir='ltr'><strong>es,</strong></span> <span class='ocrx_word' id='word_1_559' title='bbox 1146 2094 1206 2122; x_wconf 86' lang='lat' dir='ltr'><strong>talis</strong></span> <span class='ocrx_word' id='word_1_560' title='bbox 1226 2101 1368 2128; x_wconf 75' lang='lat' dir='ltr'><strong>apparens,</strong></span> <span class='ocrx_word' id='word_1_561' title='bbox 1390 2100 1477 2128; x_wconf 88' lang='lat' dir='ltr'><strong>neque</strong></span> <span class='ocrx_word' id='word_1_562' title='bbox 1499 2098 1525 2120; x_wconf 89' lang='lat' dir='ltr'><strong>te</strong></span> <span class='ocrx_word' id='word_1_563' title='bbox 1544 2094 1641 2129; x_wconf 85' lang='lat' dir='ltr'><strong>jactes,</strong></span> <span class='ocrx_word' id='word_1_564' title='bbox 1657 2094 1704 2121; x_wconf 84' lang='lat' dir='ltr'><strong>sed</strong></span> 
     </span>
    </p>
   </div>
   <div class='ocr_carea' id='block_1_83' title="bbox 71 2139 863 2181">
    <p class='ocr_par' dir='ltr' id='par_1_83' title="bbox 71 2143 863 2181">
     <span class='ocr_line' id='line_1_83' title="bbox 71 2143 863 2181; baseline 0 -10"><span class='ocrx_word' id='word_1_565' title='bbox 71 2145 119 2171; x_wconf 75' lang='grc' dir='ltr'><strong>ἐπὶ</strong></span> <span class='ocrx_word' id='word_1_566' title='bbox 142 2144 237 2179; x_wconf 69' lang='grc' dir='ltr'>σοφῶν</span> <span class='ocrx_word' id='word_1_567' title='bbox 253 2144 326 2179; x_wconf 83' lang='grc' dir='ltr'>σίγα,</span> <span class='ocrx_word' id='word_1_568' title='bbox 345 2144 392 2170; x_wconf 63' lang='grc' dir='ltr'><strong>καὶ¹</strong></span> <span class='ocrx_word' id='word_1_569' title='bbox 406 2144 452 2170; x_wconf 77' lang='grc' dir='ltr'><strong>ἐπὶ</strong></span> <span class='ocrx_word' id='word_1_570' title='bbox 467 2143 659 2180; x_wconf 76' lang='grc' dir='ltr'>πρεσϐυτέρων</span> <span class='ocrx_word' id='word_1_571' title='bbox 673 2144 793 2181; x_wconf 83' lang='grc' dir='ltr'>ἀκροαοῦ</span> <span class='ocrx_word' id='word_1_572' title='bbox 803 2153 809 2161; x_wconf 79' lang='grc'><em>’</em></span> <span class='ocrx_word' id='word_1_573' title='bbox 830 2145 863 2181; x_wconf 59' lang='grc' dir='ltr'>μὴ</span> 
     </span>
    </p>
   </div>
   <div class='ocr_carea' id='block_1_84' title="bbox 920 2139 1705 2181">
    <p class='ocr_par' dir='ltr' id='par_1_84' title="bbox 921 2139 1705 2176">
     <span class='ocr_line' id='line_1_84' title="bbox 921 2139 1705 2176; baseline -0.004 -7"><span class='ocrx_word' id='word_1_574' title='bbox 921 2149 1012 2169; x_wconf 91' lang='lat' dir='ltr'><strong>coram</strong></span> <span class='ocrx_word' id='word_1_575' title='bbox 1029 2140 1199 2176; x_wconf 86' lang='lat' dir='ltr'><strong>sapientibus</strong></span> <span class='ocrx_word' id='word_1_576' title='bbox 1215 2139 1276 2172; x_wconf 90' lang='lat' dir='ltr'><strong>sile,</strong></span> <span class='ocrx_word' id='word_1_577' title='bbox 1301 2143 1328 2167; x_wconf 91' lang='lat' dir='ltr'><strong>et</strong></span> <span class='ocrx_word' id='word_1_578' title='bbox 1350 2139 1422 2166; x_wconf 87' lang='lat' dir='ltr'><strong>inter</strong></span> <span class='ocrx_word' id='word_1_579' title='bbox 1432 2139 1556 2167; x_wconf 84' lang='lat' dir='ltr'><strong>seniores</strong></span> <span class='ocrx_word' id='word_1_580' title='bbox 1567 2143 1624 2166; x_wconf 89' lang='lat' dir='ltr'><strong>esto</strong></span> <span class='ocrx_word' id='word_1_581' title='bbox 1654 2147 1705 2166; x_wconf 88' lang='lat' dir='ltr'><strong>au-</strong></span> 
     </span>
    </p>
   </div>
   <div class='ocr_carea' id='block_1_85' title="bbox 71 2189 870 2227">
    <p class='ocr_par' dir='ltr' id='par_1_85' title="bbox 71 2189 870 2227">
     <span class='ocr_line' id='line_1_85' title="bbox 71 2189 870 2227; baseline 0.004 -12"><span class='ocrx_word' id='word_1_582' title='bbox 71 2190 167 2225; x_wconf 75' lang='grc' dir='ltr'>εῐπῃς,</span> <span class='ocrx_word' id='word_1_583' title='bbox 185 2189 297 2216; x_wconf 74' lang='grc' dir='ltr'>Ἐπάνω</span> <span class='ocrx_word' id='word_1_584' title='bbox 310 2189 365 2215; x_wconf 84' lang='grc' dir='ltr'><strong>τῶν</strong></span> <span class='ocrx_word' id='word_1_585' title='bbox 377 2189 484 2225; x_wconf 77' lang='grc' dir='ltr'>ἄστρων</span> <span class='ocrx_word' id='word_1_586' title='bbox 496 2189 570 2225; x_wconf 83' lang='grc' dir='ltr'>θήσω</span> <span class='ocrx_word' id='word_1_587' title='bbox 582 2189 628 2217; x_wconf 78' lang='grc' dir='ltr'>τὸν</span> <span class='ocrx_word' id='word_1_588' title='bbox 643 2190 735 2225; x_wconf 77' lang='grc' dir='ltr'>θρόνον</span> <span class='ocrx_word' id='word_1_589' title='bbox 751 2200 812 2227; x_wconf 84' lang='grc' dir='ltr'>μου,</span> <span class='ocrx_word' id='word_1_590' title='bbox 824 2191 870 2218; x_wconf 74' lang='grc' dir='ltr'>καὶ</span> 
     </span>
    </p>
   </div>
   <div class='ocr_carea' id='block_1_86' title="bbox 70 2235 869 2273">
    <p class='ocr_par' dir='ltr' id='par_1_86' title="bbox 70 2235 869 2273">
     <span class='ocr_line' id='line_1_86' title="bbox 70 2235 869 2273; baseline 0.003 -12"><span class='ocrx_word' id='word_1_591' title='bbox 70 2236 173 2271; x_wconf 74' lang='grc' dir='ltr'>ἔσομαι</span> <span class='ocrx_word' id='word_1_592' title='bbox 190 2236 285 2270; x_wconf 72' lang='grc' dir='ltr'>ὅμοιος</span> <span class='ocrx_word' id='word_1_593' title='bbox 308 2235 346 2270; x_wconf 83' lang='grc' dir='ltr'>τῷ</span> <span class='ocrx_word' id='word_1_594' title='bbox 368 2235 503 2271; x_wconf 76' lang='grc' dir='ltr'><strong>’Υψὶστῳ-</strong></span> <span class='ocrx_word' id='word_1_595' title='bbox 523 2236 560 2272; x_wconf 75' lang='grc' dir='ltr'>μὴ</span> <span class='ocrx_word' id='word_1_596' title='bbox 581 2235 631 2271; x_wconf 73' lang='grc' dir='ltr'><strong>ἐρα</strong></span> <span class='ocrx_word' id='word_1_597' title='bbox 652 2236 704 2263; x_wconf 85' lang='grc' dir='ltr'>τῶν</span> <span class='ocrx_word' id='word_1_598' title='bbox 727 2237 869 2273; x_wconf 78' lang='grc' dir='ltr'>πρωτείων</span> 
     </span>
    </p>
   </div>
   <div class='ocr_carea' id='block_1_87' title="bbox 71 2281 868 2317">
    <p class='ocr_par' dir='ltr' id='par_1_87' title="bbox 71 2281 868 2317">
     <span class='ocr_line' id='line_1_87' title="bbox 71 2281 868 2317; baseline 0.004 -10"><span class='ocrx_word' id='word_1_599' title='bbox 71 2282 122 2317; x_wconf 77' lang='grc' dir='ltr'>τῆς</span> <span class='ocrx_word' id='word_1_600' title='bbox 136 2281 349 2316; x_wconf 71' lang='grc' dir='ltr'>προκαθεδρίας,</span> <span class='ocrx_word' id='word_1_601' title='bbox 363 2281 429 2308; x_wconf 77' lang='grc' dir='ltr'>ἀλλὰ</span> <span class='ocrx_word' id='word_1_602' title='bbox 438 2281 484 2308; x_wconf 79' lang='grc' dir='ltr'>τὸν</span> <span class='ocrx_word' id='word_1_603' title='bbox 496 2281 607 2316; x_wconf 78' lang='grc' dir='ltr'>ἔσχατον</span> <span class='ocrx_word' id='word_1_604' title='bbox 621 2282 703 2309; x_wconf 86' lang='grc' dir='ltr'>τόπον</span> <span class='ocrx_word' id='word_1_605' title='bbox 714 2283 852 2310; x_wconf 77' lang='grc' dir='ltr'>ἀπόϐλεπε</span> <span class='ocrx_word' id='word_1_606' title='bbox 862 2291 868 2298; x_wconf 87' lang='grc'><strong>·</strong></span> 
     </span>
    </p>
   </div>
   <div class='ocr_carea' id='block_1_88' title="bbox 71 2325 871 2366">
    <p class='ocr_par' dir='ltr' id='par_1_88' title="bbox 71 2325 871 2366">
     <span class='ocr_line' id='line_1_88' title="bbox 71 2325 871 2366; baseline 0.004 -13"><span class='ocrx_word' id='word_1_607' title='bbox 71 2329 205 2363; x_wconf 77' lang='grc' dir='ltr'>κρεῖσσον</span> <span class='ocrx_word' id='word_1_608' title='bbox 215 2326 269 2362; x_wconf 70' lang='grc' dir='ltr'>γὰρ</span> <span class='ocrx_word' id='word_1_609' title='bbox 286 2326 400 2363; x_wconf 76' lang='grc' dir='ltr'>ῥηθῆναί</span> <span class='ocrx_word' id='word_1_610' title='bbox 416 2336 466 2358; x_wconf 86' lang='grc' dir='ltr'>σοι,</span> <span class='ocrx_word' id='word_1_611' title='bbox 484 2327 612 2364; x_wconf 74' lang='grc' dir='ltr'>’Λνάϐηθι</span> <span class='ocrx_word' id='word_1_612' title='bbox 626 2325 695 2364; x_wconf 77' lang='grc' dir='ltr'>πρός</span> <span class='ocrx_word' id='word_1_613' title='bbox 712 2338 757 2365; x_wconf 87' lang='grc' dir='ltr'><strong>με,</strong></span> <span class='ocrx_word' id='word_1_614' title='bbox 772 2329 787 2365; x_wconf 85' lang='grc' dir='ltr'>ἢ</span> <span class='ocrx_word' id='word_1_615' title='bbox 804 2330 871 2366; x_wconf 80' lang='grc' dir='ltr'>πρὸς</span> 
     </span>
    </p>
   </div>
   <div class='ocr_carea' id='block_1_89' title="bbox 70 2371 870 2410">
    <p class='ocr_par' dir='ltr' id='par_1_89' title="bbox 70 2371 870 2410">
     <span class='ocr_line' id='line_1_89' title="bbox 70 2371 870 2410; baseline 0.008 -13"><span class='ocrx_word' id='word_1_616' title='bbox 70 2373 121 2398; x_wconf 83' lang='grc' dir='ltr'>τὸν</span> <span class='ocrx_word' id='word_1_617' title='bbox 141 2372 260 2407; x_wconf 78' lang='grc' dir='ltr'>ἔσχατον</span> <span class='ocrx_word' id='word_1_618' title='bbox 272 2371 354 2398; x_wconf 80' lang='grc' dir='ltr'>τόπον</span> <span class='ocrx_word' id='word_1_619' title='bbox 377 2372 540 2408; x_wconf 79' lang='grc' dir='ltr'>ἀποδοθῆναί</span> <span class='ocrx_word' id='word_1_620' title='bbox 562 2382 591 2400; x_wconf 89' lang='grc' dir='ltr'><strong>σε</strong></span> <span class='ocrx_word' id='word_1_621' title='bbox 613 2374 671 2409; x_wconf 82' lang='grc' dir='ltr'>μετ’</span> <span class='ocrx_word' id='word_1_622' title='bbox 692 2375 821 2410; x_wconf 79' lang='grc' dir='ltr'>αἰσχύνης</span> <span class='ocrx_word' id='word_1_623' title='bbox 842 2377 870 2403; x_wconf 80' lang='grc' dir='ltr'><strong>έν</strong></span> 
     </span>
    </p>
   </div>
   <div class='ocr_carea' id='block_1_90' title="bbox 72 2417 870 2457">
    <p class='ocr_par' dir='ltr' id='par_1_90' title="bbox 72 2417 870 2457">
     <span class='ocr_line' id='line_1_90' title="bbox 72 2417 870 2457; baseline 0.006 -14"><span class='ocrx_word' id='word_1_624' title='bbox 72 2419 220 2454; x_wconf 75' lang='grc' dir='ltr'>προσώπῳ</span> <span class='ocrx_word' id='word_1_625' title='bbox 235 2417 364 2444; x_wconf 77' lang='grc' dir='ltr'>δυνάστου</span> <span class='ocrx_word' id='word_1_626' title='bbox 376 2426 382 2433; x_wconf 93' lang='grc'>·</span> <span class='ocrx_word' id='word_1_627' title='bbox 401 2419 468 2453; x_wconf 78' lang='grc' dir='ltr'>μήτε</span> <span class='ocrx_word' id='word_1_628' title='bbox 485 2419 539 2454; x_wconf 83' lang='grc' dir='ltr'>γὰρ</span> <span class='ocrx_word' id='word_1_629' title='bbox 555 2420 683 2455; x_wconf 82' lang='grc' dir='ltr'>φρόνιμον</span> <span class='ocrx_word' id='word_1_630' title='bbox 701 2421 795 2448; x_wconf 75' lang='grc' dir='ltr'>ἑαυτὸν</span> <span class='ocrx_word' id='word_1_631' title='bbox 819 2421 870 2457; x_wconf 88' lang='grc' dir='ltr'><strong>κή-</strong></span> 
     </span>
    </p>
   </div>
   <div class='ocr_carea' id='block_1_91' title="bbox 73 2463 871 2502">
    <p class='ocr_par' dir='ltr' id='par_1_91' title="bbox 73 2463 871 2502">
     <span class='ocr_line' id='line_1_91' title="bbox 73 2463 871 2502; baseline 0.003 -11"><span class='ocrx_word' id='word_1_632' title='bbox 73 2473 170 2500; x_wconf 78' lang='grc' dir='ltr'>ρυττε,</span> <span class='ocrx_word' id='word_1_633' title='bbox 191 2464 261 2500; x_wconf 80' lang='grc' dir='ltr'>μήτε</span> <span class='ocrx_word' id='word_1_634' title='bbox 280 2463 384 2491; x_wconf 76' lang='grc' dir='ltr'>δίκαιον</span> <span class='ocrx_word' id='word_1_635' title='bbox 397 2464 519 2499; x_wconf 79' lang='grc' dir='ltr'>λογίζου·</span> <span class='ocrx_word' id='word_1_636' title='bbox 538 2467 665 2500; x_wconf 84' lang='grc' dir='ltr'>κρεῖσσον</span> <span class='ocrx_word' id='word_1_637' title='bbox 687 2466 741 2502; x_wconf 85' lang='grc' dir='ltr'>γὰρ</span> <span class='ocrx_word' id='word_1_638' title='bbox 756 2466 871 2502; x_wconf 79' lang='grc' dir='ltr'>ῥηθῆναι</span> 
     </span>
    </p>
   </div>
   <div class='ocr_carea' id='block_1_92' title="bbox 74 2510 871 2546">
    <p class='ocr_par' dir='ltr' id='par_1_92' title="bbox 74 2510 871 2546">
     <span class='ocr_line' id='line_1_92' title="bbox 74 2510 871 2546; baseline 0.004 -10"><span class='ocrx_word' id='word_1_639' title='bbox 74 2511 144 2546; x_wconf 74' lang='grc' dir='ltr'>περὶ</span> <span class='ocrx_word' id='word_1_640' title='bbox 157 2510 206 2537; x_wconf 83' lang='grc' dir='ltr'>σοῦ</span> <span class='ocrx_word' id='word_1_641' title='bbox 219 2519 226 2526; x_wconf 82' lang='grc'><em>’</em></span> <span class='ocrx_word' id='word_1_642' title='bbox 247 2510 297 2537; x_wconf 86' lang='grc' dir='ltr'><strong>Διὸ</strong></span> <span class='ocrx_word' id='word_1_643' title='bbox 312 2511 361 2537; x_wconf 77' lang='grc' dir='ltr'>καὶ</span> <span class='ocrx_word' id='word_1_644' title='bbox 382 2513 398 2537; x_wconf 79' lang='grc' dir='ltr'><em>ὁ</em></span> <span class='ocrx_word' id='word_1_645' title='bbox 413 2511 484 2543; x_wconf 75' lang='grc' dir='ltr'><strong>Θεὸς</strong></span> <span class='ocrx_word' id='word_1_646' title='bbox 498 2511 592 2538; x_wconf 78' lang='grc' dir='ltr'>αὐτὸν</span> <span class='ocrx_word' id='word_1_647' title='bbox 605 2512 801 2546; x_wconf 76' lang='grc' dir='ltr'>ὐπερύψωσε,</span> <span class='ocrx_word' id='word_1_648' title='bbox 822 2512 871 2539; x_wconf 76' lang='grc' dir='ltr'>καὶ</span> 
     </span>
    </p>
   </div>
   <div class='ocr_carea' id='block_1_93' title="bbox 73 2558 776 2594">
    <p class='ocr_par' dir='ltr' id='par_1_93' title="bbox 73 2558 776 2594">
     <span class='ocr_line' id='line_1_93' title="bbox 73 2558 776 2594; baseline 0.001 -9"><span class='ocrx_word' id='word_1_649' title='bbox 73 2559 244 2594; x_wconf 78' lang='grc' dir='ltr'>ἐχαρίσατο</span> <span class='ocrx_word' id='word_1_650' title='bbox 260 2558 342 2591; x_wconf 78' lang='grc' dir='ltr'><strong>αὐτῷ</strong></span> <span class='ocrx_word' id='word_1_651' title='bbox 357 2558 452 2594; x_wconf 80' lang='grc' dir='ltr'>ὄνομα</span> <span class='ocrx_word' id='word_1_652' title='bbox 464 2558 496 2585; x_wconf 88' lang='grc' dir='ltr'><em>τὸ</em></span> <span class='ocrx_word' id='word_1_653' title='bbox 512 2558 588 2593; x_wconf 81' lang='grc' dir='ltr'>ὑπὲρ</span> <span class='ocrx_word' id='word_1_654' title='bbox 601 2558 662 2586; x_wconf 74' lang='lat' dir='ltr'><strong>mir</strong></span> <span class='ocrx_word' id='word_1_655' title='bbox 673 2558 776 2594; x_wconf 80' lang='grc' dir='ltr'>ὄνομα.</span> 
     </span>
    </p>
   </div>
   <div class='ocr_carea' id='block_1_94' title="bbox 120 2603 872 2640">
    <p class='ocr_par' dir='ltr' id='par_1_94' title="bbox 120 2603 872 2640">
     <span class='ocr_line' id='line_1_94' title="bbox 120 2603 872 2640; baseline 0 -9"><span class='ocrx_word' id='word_1_656' title='bbox 120 2605 228 2631; x_wconf 85' lang='grc' dir='ltr'>Ὀπίσω</span> <span class='ocrx_word' id='word_1_657' title='bbox 248 2604 322 2638; x_wconf 81' lang='grc' dir='ltr'>λέγει</span> <span class='ocrx_word' id='word_1_658' title='bbox 347 2603 381 2630; x_wconf 86' lang='grc' dir='ltr'><strong>τὰ</strong></span> <span class='ocrx_word' id='word_1_659' title='bbox 401 2604 601 2640; x_wconf 80' lang='grc' dir='ltr'>προγεγονότα·</span> <span class='ocrx_word' id='word_1_660' title='bbox 636 2604 711 2639; x_wconf 79' lang='grc' dir='ltr'>φίλος</span> <span class='ocrx_word' id='word_1_661' title='bbox 735 2604 763 2631; x_wconf 83' lang='grc' dir='ltr'>δὲ</span> <span class='ocrx_word' id='word_1_662' title='bbox 795 2604 872 2640; x_wconf 83' lang='grc' dir='ltr'>ἡμῶν</span> 
     </span>
    </p>
   </div>
   <div class='ocr_carea' id='block_1_95' title="bbox 78 2649 874 2686">
    <p class='ocr_par' dir='ltr' id='par_1_95' title="bbox 78 2649 874 2686">
     <span class='ocr_line' id='line_1_95' title="bbox 78 2649 874 2686; baseline -0.003 -8"><span class='ocrx_word' id='word_1_663' title='bbox 78 2651 154 2678; x_wconf 75' lang='grc' dir='ltr'>ἔστιν</span> <span class='ocrx_word' id='word_1_664' title='bbox 166 2651 181 2677; x_wconf 83' lang='grc' dir='ltr'><strong><em>ὸ</em></strong></span> <span class='ocrx_word' id='word_1_665' title='bbox 196 2650 274 2682; x_wconf 76' lang='grc' dir='ltr'>Θεὸς,</span> <span class='ocrx_word' id='word_1_666' title='bbox 292 2650 320 2682; x_wconf 77' lang='grc' dir='ltr'>ὃς</span> <span class='ocrx_word' id='word_1_667' title='bbox 333 2649 376 2676; x_wconf 87' lang='grc' dir='ltr'><strong>διά</strong></span> <span class='ocrx_word' id='word_1_668' title='bbox 392 2649 441 2686; x_wconf 79' lang='grc' dir='ltr'>τὴν</span> <span class='ocrx_word' id='word_1_669' title='bbox 458 2650 526 2686; x_wconf 75' lang='grc' dir='ltr'>πρὸς</span> <span class='ocrx_word' id='word_1_670' title='bbox 541 2651 616 2686; x_wconf 80' lang='grc' dir='ltr'>ἡμᾶς</span> <span class='ocrx_word' id='word_1_671' title='bbox 631 2650 721 2685; x_wconf 79' lang='grc' dir='ltr'>φιλίαν</span> <span class='ocrx_word' id='word_1_672' title='bbox 732 2649 874 2685; x_wconf 77' lang='grc' dir='ltr'>ἄνθρωπος</span> 
     </span>
    </p>
   </div>
   <div class='ocr_carea' id='block_1_96' title="bbox 78 2696 872 2733">
    <p class='ocr_par' dir='ltr' id='par_1_96' title="bbox 78 2696 872 2733">
     <span class='ocr_line' id='line_1_96' title="bbox 78 2696 872 2733; baseline -0.004 -8"><span class='ocrx_word' id='word_1_673' title='bbox 78 2699 210 2733; x_wconf 79' lang='grc' dir='ltr'>γέγονεν·</span> <span class='ocrx_word' id='word_1_674' title='bbox 239 2698 335 2733; x_wconf 73' lang='grc' dir='ltr'>εἴρηκε</span> <span class='ocrx_word' id='word_1_675' title='bbox 359 2696 414 2732; x_wconf 81' lang='grc' dir='ltr'>γὰρ</span> <span class='ocrx_word' id='word_1_676' title='bbox 439 2696 519 2729; x_wconf 79' lang='grc' dir='ltr'>αὐτὸς</span> <span class='ocrx_word' id='word_1_677' title='bbox 549 2696 617 2732; x_wconf 82' lang='grc' dir='ltr'>πρὸς</span> <span class='ocrx_word' id='word_1_678' title='bbox 639 2697 702 2728; x_wconf 79' lang='grc' dir='ltr'>τοὺς</span> <span class='ocrx_word' id='word_1_679' title='bbox 733 2696 872 2732; x_wconf 46' lang='grc' dir='ltr'>μαθητάς</span> 
     </span>
    </p>
   </div>
   <div class='ocr_carea' id='block_1_97' title="bbox 78 2741 874 2777">
    <p class='ocr_par' dir='ltr' id='par_1_97' title="bbox 78 2741 874 2777">
     <span class='ocr_line' id='line_1_97' title="bbox 78 2741 874 2777; baseline -0.003 -7"><span class='ocrx_word' id='word_1_680' title='bbox 78 2743 184 2771; x_wconf 77' lang='grc' dir='ltr'>οὐκέτι</span> <span class='ocrx_word' id='word_1_681' title='bbox 197 2742 276 2777; x_wconf 72' lang='grc' dir='ltr'>λέγω</span> <span class='ocrx_word' id='word_1_682' title='bbox 287 2741 366 2777; x_wconf 83' lang='grc' dir='ltr'><strong>ὑμᾶς</strong></span> <span class='ocrx_word' id='word_1_683' title='bbox 381 2741 511 2775; x_wconf 75' lang='grc' dir='ltr'>δούλους</span> <span class='ocrx_word' id='word_1_684' title='bbox 521 2762 527 2774; x_wconf 84' lang='grc'><strong>,</strong></span> <span class='ocrx_word' id='word_1_685' title='bbox 545 2742 627 2770; x_wconf 75' lang='grc' dir='ltr'>ἀλλὰ</span> <span class='ocrx_word' id='word_1_686' title='bbox 641 2743 758 2777; x_wconf 69' lang='grc' dir='ltr'><strong>φίλους.</strong></span> <span class='ocrx_word' id='word_1_687' title='bbox 779 2741 874 2769; x_wconf 85' lang='grc' dir='ltr'>Ἠνίκα</span> 
     </span>
    </p>
   </div>
   <div class='ocr_carea' id='block_1_98' title="bbox 81 2788 874 2826">
    <p class='ocr_par' dir='ltr' id='par_1_98' title="bbox 81 2788 874 2826">
     <span class='ocr_line' id='line_1_98' title="bbox 81 2788 874 2826; baseline -0.005 -8"><span class='ocrx_word' id='word_1_688' title='bbox 81 2791 112 2818; x_wconf 78' lang='grc' dir='ltr'>ἂν</span> <span class='ocrx_word' id='word_1_689' title='bbox 135 2799 165 2818; x_wconf 84' lang='grc' dir='ltr'><strong>σε</strong></span> <span class='ocrx_word' id='word_1_690' title='bbox 188 2789 308 2824; x_wconf 78' lang='grc' dir='ltr'>ὀνειδίζῃ</span> <span class='ocrx_word' id='word_1_691' title='bbox 332 2790 346 2815; x_wconf 72' lang='grc' dir='ltr'><strong>ὁ</strong></span> <span class='ocrx_word' id='word_1_692' title='bbox 371 2789 493 2823; x_wconf 79' lang='grc' dir='ltr'>φίλος,ὁ</span> <span class='ocrx_word' id='word_1_693' title='bbox 515 2789 631 2826; x_wconf 77' lang='grc' dir='ltr'>Χριστὸς</span> <span class='ocrx_word' id='word_1_694' title='bbox 653 2789 743 2822; x_wconf 81' lang='grc' dir='ltr'>λέγει,</span> <span class='ocrx_word' id='word_1_695' title='bbox 761 2788 804 2815; x_wconf 73' lang='grc' dir='ltr'><strong>διὰ</strong></span> <span class='ocrx_word' id='word_1_696' title='bbox 827 2788 874 2823; x_wconf 81' lang='grc' dir='ltr'>τὴν</span> 
     </span>
    </p>
   </div>
   <div class='ocr_carea' id='block_1_99' title="bbox 115 2833 508 2864">
    <p class='ocr_par' dir='ltr' id='par_1_99' title="bbox 115 2833 508 2864">
     <span class='ocr_line' id='line_1_99' title="bbox 115 2833 508 2864; baseline -0.008 -1"><span class='ocrx_word' id='word_1_697' title='bbox 115 2838 136 2853; x_wconf 82' lang='grc'><strong>¹⁹</strong></span> <span class='ocrx_word' id='word_1_698' title='bbox 152 2845 177 2863; x_wconf 85' lang='lat' dir='ltr'><strong>v.</strong></span> <span class='ocrx_word' id='word_1_699' title='bbox 191 2837 220 2864; x_wconf 71' lang='grc'><strong>4,</strong></span> <span class='ocrx_word' id='word_1_700' title='bbox 261 2835 298 2855; x_wconf 67' lang='grc' dir='ltr'><strong>¹ι¹</strong></span> <span class='ocrx_word' id='word_1_701' title='bbox 311 2842 337 2861; x_wconf 83' lang='grc' dir='ltr'>ν.</span> <span class='ocrx_word' id='word_1_702' title='bbox 352 2833 379 2860; x_wconf 82' lang='grc'><strong>6.</strong></span> <span class='ocrx_word' id='word_1_703' title='bbox 418 2834 428 2849; x_wconf 88' lang='grc'>³</span> <span class='ocrx_word' id='word_1_704' title='bbox 443 2842 467 2860; x_wconf 91' lang='lat' dir='ltr'><strong>v.</strong></span> <span class='ocrx_word' id='word_1_705' title='bbox 482 2835 508 2861; x_wconf 73' lang='lat' dir='ltr'><strong>il.</strong></span> 
     </span>
    </p>
   </div>
   <div class='ocr_carea' id='block_1_100' title="bbox 115 2879 401 2919">
    <p class='ocr_par' dir='ltr' id='par_1_100' title="bbox 115 2879 401 2919">
     <span class='ocr_line' id='line_1_100' title="bbox 115 2879 401 2919; baseline -0.017 -10"><span class='ocrx_word' id='word_1_706' title='bbox 115 2883 170 2919; x_wconf 72' lang='lat'><strong>(‘30)</strong></span> <span class='ocrx_word' id='word_1_707' title='bbox 186 2881 256 2909; x_wconf 86' lang='lat' dir='ltr'><strong>Cod.</strong></span> <span class='ocrx_word' id='word_1_708' title='bbox 281 2879 401 2906; x_wconf 69' lang='grc' dir='ltr'>ὑπείκει.</span> 
     </span>
    </p>
   </div>
   <div class='ocr_carea' id='block_1_101' title="bbox 216 2927 544 2961">
    <p class='ocr_par' dir='ltr' id='par_1_101' title="bbox 216 2927 544 2961">
     <span class='ocr_line' id='line_1_101' title="bbox 216 2927 544 2961; baseline -0.015 -1"><span class='ocrx_word' id='word_1_709' title='bbox 216 2931 363 2961; x_wconf 64' lang='lat' dir='ltr'><strong>Parnm.</strong></span> <span class='ocrx_word' id='word_1_710' title='bbox 380 2928 426 2957; x_wconf 80' lang='lat' dir='ltr'><strong>Gs</strong></span> <span class='ocrx_word' id='word_1_711' title='bbox 458 2927 544 2956; x_wconf 69' lang='lat' dir='ltr'><strong>XVII</strong></span> 
     </span>
    </p>
   </div>
   <div class='ocr_carea' id='block_1_102' title="bbox 919 2185 1705 2220">
    <p class='ocr_par' dir='ltr' id='par_1_102' title="bbox 919 2185 1705 2220">
     <span class='ocr_line' id='line_1_102' title="bbox 919 2185 1705 2220; baseline -0.003 -6"><span class='ocrx_word' id='word_1_712' title='bbox 919 2187 1061 2215; x_wconf 84' lang='lat' dir='ltr'><strong>scultator.</strong></span> <span class='ocrx_word' id='word_1_713' title='bbox 1085 2186 1124 2214; x_wconf 84' lang='lat' dir='ltr'><strong>Ne</strong></span> <span class='ocrx_word' id='word_1_714' title='bbox 1149 2186 1223 2214; x_wconf 89' lang='lat' dir='ltr'><strong>dicas</strong></span> <span class='ocrx_word' id='word_1_715' title='bbox 1241 2193 1249 2212; x_wconf 85' lang='lat'><strong>:</strong></span> <span class='ocrx_word' id='word_1_716' title='bbox 1266 2185 1353 2220; x_wconf 88' lang='lat' dir='ltr'><strong>Super</strong></span> <span class='ocrx_word' id='word_1_717' title='bbox 1367 2190 1439 2212; x_wconf 84' lang='lat' dir='ltr'><strong>astra</strong></span> <span class='ocrx_word' id='word_1_718' title='bbox 1453 2193 1548 2220; x_wconf 85' lang='lat' dir='ltr'><strong>ponam</strong></span> <span class='ocrx_word' id='word_1_719' title='bbox 1578 2186 1705 2212; x_wconf 90' lang='lat' dir='ltr'><strong>thronum</strong></span> 
     </span>
    </p>
   </div>
   <div class='ocr_carea' id='block_1_103' title="bbox 919 2229 1706 2266">
    <p class='ocr_par' dir='ltr' id='par_1_103' title="bbox 919 2229 1706 2266">
     <span class='ocr_line' id='line_1_103' title="bbox 919 2229 1706 2266; baseline -0.003 -6"><span class='ocrx_word' id='word_1_720' title='bbox 919 2239 1018 2264; x_wconf 87' lang='lat' dir='ltr'><strong>meum,</strong></span> <span class='ocrx_word' id='word_1_721' title='bbox 1032 2237 1058 2260; x_wconf 90' lang='lat' dir='ltr'><strong>et</strong></span> <span class='ocrx_word' id='word_1_722' title='bbox 1065 2239 1112 2260; x_wconf 89' lang='lat' dir='ltr'><strong>ero</strong></span> <span class='ocrx_word' id='word_1_723' title='bbox 1119 2231 1215 2260; x_wconf 88' lang='lat' dir='ltr'><strong>similis</strong></span> <span class='ocrx_word' id='word_1_724' title='bbox 1223 2230 1400 2259; x_wconf 72' lang='lat' dir='ltr'><strong>Altissirtno&quot;.</strong></span> <span class='ocrx_word' id='word_1_725' title='bbox 1412 2229 1452 2258; x_wconf 83' lang='lat' dir='ltr'><strong>Ne</strong></span> <span class='ocrx_word' id='word_1_726' title='bbox 1467 2230 1576 2258; x_wconf 80' lang='lat' dir='ltr'><strong>aﬂ&#39;ectes</strong></span> <span class='ocrx_word' id='word_1_727' title='bbox 1591 2230 1706 2266; x_wconf 87' lang='lat' dir='ltr'><strong>primam</strong></span> 
     </span>
    </p>
   </div>
   <div class='ocr_carea' id='block_1_104' title="bbox 919 2276 1707 2310">
    <p class='ocr_par' dir='ltr' id='par_1_104' title="bbox 919 2276 1707 2310">
     <span class='ocr_line' id='line_1_104' title="bbox 919 2276 1707 2310; baseline -0.004 -4"><span class='ocrx_word' id='word_1_728' title='bbox 919 2279 1088 2310; x_wconf 78' lang='lat' dir='ltr'><strong>cathedram.</strong></span> <span class='ocrx_word' id='word_1_729' title='bbox 1104 2279 1151 2306; x_wconf 89' lang='lat' dir='ltr'><strong>sed</strong></span> <span class='ocrx_word' id='word_1_730' title='bbox 1166 2282 1319 2305; x_wconf 84' lang='lat' dir='ltr'><strong>extremum</strong></span> <span class='ocrx_word' id='word_1_731' title='bbox 1334 2276 1424 2304; x_wconf 86' lang='lat' dir='ltr'><strong>locum</strong></span> <span class='ocrx_word' id='word_1_732' title='bbox 1440 2281 1542 2310; x_wconf 86' lang='lat' dir='ltr'><strong>specta.</strong></span> <span class='ocrx_word' id='word_1_733' title='bbox 1556 2276 1651 2304; x_wconf 81' lang='lat' dir='ltr'><strong>Metius</strong></span> <span class='ocrx_word' id='word_1_734' title='bbox 1664 2283 1707 2304; x_wconf 81' lang='lat' dir='ltr'><strong>est</strong></span> 
     </span>
    </p>
   </div>
   <div class='ocr_carea' id='block_1_105' title="bbox 923 2323 1705 2357">
    <p class='ocr_par' dir='ltr' id='par_1_105' title="bbox 923 2323 1705 2357">
     <span class='ocr_line' id='line_1_105' title="bbox 923 2323 1705 2357; baseline -0.004 -4"><span class='ocrx_word' id='word_1_735' title='bbox 923 2326 996 2353; x_wconf 88' lang='lat' dir='ltr'><strong>enim</strong></span> <span class='ocrx_word' id='word_1_736' title='bbox 1017 2329 1047 2352; x_wconf 90' lang='lat' dir='ltr'><strong>ut</strong></span> <span class='ocrx_word' id='word_1_737' title='bbox 1062 2325 1111 2352; x_wconf 87' lang='lat' dir='ltr'><strong>tibi</strong></span> <span class='ocrx_word' id='word_1_738' title='bbox 1131 2324 1239 2352; x_wconf 84' lang='lat' dir='ltr'><strong>dicatur</strong></span> <span class='ocrx_word' id='word_1_739' title='bbox 1254 2331 1263 2350; x_wconf 69' lang='grc' dir='ltr'><strong>ε</strong></span> <span class='ocrx_word' id='word_1_740' title='bbox 1278 2323 1402 2351; x_wconf 82' lang='lat' dir='ltr'><strong>Asceude</strong></span> <span class='ocrx_word' id='word_1_741' title='bbox 1417 2323 1450 2350; x_wconf 82' lang='lat' dir='ltr'><strong>ad</strong></span> <span class='ocrx_word' id='word_1_742' title='bbox 1467 2330 1520 2355; x_wconf 89' lang='lat' dir='ltr'><strong>me,</strong></span> <span class='ocrx_word' id='word_1_743' title='bbox 1533 2330 1613 2357; x_wconf 86' lang='lat' dir='ltr'><strong>quam</strong></span> <span class='ocrx_word' id='word_1_744' title='bbox 1631 2327 1661 2350; x_wconf 93' lang='lat' dir='ltr'><strong>ut</strong></span> <span class='ocrx_word' id='word_1_745' title='bbox 1677 2323 1705 2350; x_wconf 91' lang='lat' dir='ltr'><strong>in</strong></span> 
     </span>
    </p>
   </div>
   <div class='ocr_carea' id='block_1_106' title="bbox 923 2368 1707 2406">
    <p class='ocr_par' dir='ltr' id='par_1_106' title="bbox 923 2368 1707 2406">
     <span class='ocr_line' id='line_1_106' title="bbox 923 2368 1707 2406; baseline -0.004 -9"><span class='ocrx_word' id='word_1_746' title='bbox 923 2375 1091 2406; x_wconf 80' lang='lat' dir='ltr'><strong>pestretnum</strong></span> <span class='ocrx_word' id='word_1_747' title='bbox 1119 2369 1208 2397; x_wconf 92' lang='lat' dir='ltr'><strong>locum</strong></span> <span class='ocrx_word' id='word_1_748' title='bbox 1240 2369 1372 2404; x_wconf 85' lang='lat' dir='ltr'><strong>rejiciaris</strong></span> <span class='ocrx_word' id='word_1_749' title='bbox 1404 2375 1465 2396; x_wconf 88' lang='lat' dir='ltr'><strong>cum</strong></span> <span class='ocrx_word' id='word_1_750' title='bbox 1496 2368 1641 2403; x_wconf 73' lang='lat' dir='ltr'><strong>ignominia</strong></span> <span class='ocrx_word' id='word_1_751' title='bbox 1678 2370 1707 2395; x_wconf 85' lang='lat' dir='ltr'><strong>in</strong></span> 
     </span>
    </p>
   </div>
   <div class='ocr_carea' id='block_1_107' title="bbox 923 2414 1706 2452">
    <p class='ocr_par' dir='ltr' id='par_1_107' title="bbox 923 2414 1706 2452">
     <span class='ocr_line' id='line_1_107' title="bbox 923 2414 1706 2452; baseline -0.006 -7"><span class='ocrx_word' id='word_1_752' title='bbox 923 2421 1070 2452; x_wconf 89' lang='lat' dir='ltr'><strong>conspectu</strong></span> <span class='ocrx_word' id='word_1_753' title='bbox 1088 2416 1217 2451; x_wconf 74' lang='lat' dir='ltr'><strong>dynastze.</strong></span> <span class='ocrx_word' id='word_1_754' title='bbox 1240 2415 1333 2450; x_wconf 85' lang='lat' dir='ltr'><strong>Neque</strong></span> <span class='ocrx_word' id='word_1_755' title='bbox 1347 2419 1373 2442; x_wconf 90' lang='lat' dir='ltr'><strong>te</strong></span> <span class='ocrx_word' id='word_1_756' title='bbox 1386 2414 1545 2450; x_wconf 85' lang='lat' dir='ltr'><strong>prudentem</strong></span> <span class='ocrx_word' id='word_1_757' title='bbox 1565 2414 1706 2449; x_wconf 62' lang='lat' dir='ltr'><strong>praedices,</strong></span> 
     </span>
    </p>
   </div>
   <div class='ocr_carea' id='block_1_108' title="bbox 924 2459 1708 2497">
    <p class='ocr_par' dir='ltr' id='par_1_108' title="bbox 924 2459 1708 2497">
     <span class='ocr_line' id='line_1_108' title="bbox 924 2459 1708 2497; baseline -0.006 -7"><span class='ocrx_word' id='word_1_758' title='bbox 924 2469 1010 2497; x_wconf 87' lang='lat' dir='ltr'><strong>neque</strong></span> <span class='ocrx_word' id='word_1_759' title='bbox 1025 2465 1049 2489; x_wconf 88' lang='lat' dir='ltr'><strong>te</strong></span> <span class='ocrx_word' id='word_1_760' title='bbox 1058 2462 1160 2496; x_wconf 83' lang='lat' dir='ltr'><strong>justum</strong></span> <span class='ocrx_word' id='word_1_761' title='bbox 1174 2460 1323 2488; x_wconf 84' lang='lat' dir='ltr'><strong>existimes.</strong></span> <span class='ocrx_word' id='word_1_762' title='bbox 1343 2459 1439 2488; x_wconf 83' lang='lat' dir='ltr'><strong>Melius</strong></span> <span class='ocrx_word' id='word_1_763' title='bbox 1451 2464 1493 2487; x_wconf 89' lang='lat' dir='ltr'><strong>est</strong></span> <span class='ocrx_word' id='word_1_764' title='bbox 1508 2459 1580 2487; x_wconf 90' lang='lat' dir='ltr'><strong>enim</strong></span> <span class='ocrx_word' id='word_1_765' title='bbox 1593 2463 1621 2485; x_wconf 91' lang='lat' dir='ltr'><strong>ut</strong></span> <span class='ocrx_word' id='word_1_766' title='bbox 1634 2459 1667 2485; x_wconf 79' lang='lat' dir='ltr'><strong>tle</strong></span> <span class='ocrx_word' id='word_1_767' title='bbox 1680 2462 1708 2486; x_wconf 85' lang='lat' dir='ltr'><strong>te</strong></span> 
     </span>
    </p>
   </div>
   <div class='ocr_carea' id='block_1_109' title="bbox 924 2503 1708 2540">
    <p class='ocr_par' dir='ltr' id='par_1_109' title="bbox 924 2503 1708 2540">
     <span class='ocr_line' id='line_1_109' title="bbox 924 2503 1708 2540; baseline -0.008 -5"><span class='ocrx_word' id='word_1_768' title='bbox 924 2508 1030 2535; x_wconf 85' lang='lat' dir='ltr'><strong>dicatur</strong></span> <span class='ocrx_word' id='word_1_769' title='bbox 1049 2515 1056 2533; x_wconf 89' lang='lat'><strong>:</strong></span> <span class='ocrx_word' id='word_1_770' title='bbox 1075 2506 1216 2540; x_wconf 80' lang='lat' dir='ltr'><strong>Propterea</strong></span> <span class='ocrx_word' id='word_1_771' title='bbox 1229 2505 1304 2531; x_wconf 84' lang='lat' dir='ltr'><strong>illum</strong></span> <span class='ocrx_word' id='word_1_772' title='bbox 1322 2505 1390 2532; x_wconf 66' lang='lat' dir='ltr'><strong>Deut</strong></span> <span class='ocrx_word' id='word_1_773' title='bbox 1407 2503 1610 2540; x_wconf 68' lang='lat' dir='ltr'><strong>superexaltauit</strong></span> <span class='ocrx_word' id='word_1_774' title='bbox 1623 2509 1647 2530; x_wconf 80' lang='lat' dir='ltr'><strong>et</strong></span> <span class='ocrx_word' id='word_1_775' title='bbox 1661 2503 1708 2529; x_wconf 87' lang='lat' dir='ltr'><strong>do-</strong></span> 
     </span>
    </p>
   </div>
   <div class='ocr_carea' id='block_1_110' title="bbox 923 2550 1601 2586">
    <p class='ocr_par' dir='ltr' id='par_1_110' title="bbox 923 2550 1601 2586">
     <span class='ocr_line' id='line_1_110' title="bbox 923 2550 1601 2586; baseline -0.006 -5"><span class='ocrx_word' id='word_1_776' title='bbox 923 2555 992 2581; x_wconf 83' lang='lat' dir='ltr'><strong>navit</strong></span> <span class='ocrx_word' id='word_1_777' title='bbox 1009 2554 1033 2581; x_wconf 88' lang='lat' dir='ltr'><strong>ei</strong></span> <span class='ocrx_word' id='word_1_778' title='bbox 1051 2560 1144 2580; x_wconf 82' lang='lat' dir='ltr'><strong>nomen</strong></span> <span class='ocrx_word' id='word_1_779' title='bbox 1156 2551 1225 2586; x_wconf 83' lang='lat' dir='ltr'><strong>quod</strong></span> <span class='ocrx_word' id='word_1_780' title='bbox 1238 2556 1276 2578; x_wconf 77' lang='lat' dir='ltr'><strong>est</strong></span> <span class='ocrx_word' id='word_1_781' title='bbox 1290 2559 1370 2586; x_wconf 68' lang='lat' dir='ltr'><strong>super</strong></span> <span class='ocrx_word' id='word_1_782' title='bbox 1381 2559 1456 2578; x_wconf 80' lang='lat' dir='ltr'><strong>omne</strong></span> <span class='ocrx_word' id='word_1_783' title='bbox 1470 2559 1564 2577; x_wconf 76' lang='lat' dir='ltr'><strong>nomen</strong></span> <span class='ocrx_word' id='word_1_784' title='bbox 1581 2550 1601 2576; x_wconf 79' lang='grc'><strong>⁸.</strong></span> 
     </span>
    </p>
   </div>
   <div class='ocr_carea' id='block_1_111' title="bbox 961 2597 1707 2632">
    <p class='ocr_par' dir='ltr' id='par_1_111' title="bbox 961 2597 1707 2632">
     <span class='ocr_line' id='line_1_111' title="bbox 961 2597 1707 2632; baseline -0.007 -5"><span class='ocrx_word' id='word_1_785' title='bbox 961 2601 970 2616; x_wconf 91' lang='grc'><strong>⁷</strong></span> <span class='ocrx_word' id='word_1_786' title='bbox 983 2600 1067 2627; x_wconf 82' lang='lat' dir='ltr'><strong>Retro</strong></span> <span class='ocrx_word' id='word_1_787' title='bbox 1082 2598 1157 2631; x_wconf 83' lang='lat' dir='ltr'><strong>dicit,</strong></span> <span class='ocrx_word' id='word_1_788' title='bbox 1171 2605 1214 2625; x_wconf 88' lang='lat' dir='ltr'><strong>res</strong></span> <span class='ocrx_word' id='word_1_789' title='bbox 1229 2605 1288 2632; x_wconf 72' lang='lat' dir='ltr'><strong>qua:</strong></span> <span class='ocrx_word' id='word_1_790' title='bbox 1302 2597 1422 2624; x_wconf 78' lang='lat' dir='ltr'><strong>fuerunt.</strong></span> <span class='ocrx_word' id='word_1_791' title='bbox 1444 2597 1556 2624; x_wconf 84' lang='lat' dir='ltr'><strong>Amicus</strong></span> <span class='ocrx_word' id='word_1_792' title='bbox 1570 2603 1634 2623; x_wconf 88' lang='lat' dir='ltr'><strong>vero</strong></span> <span class='ocrx_word' id='word_1_793' title='bbox 1658 2602 1707 2622; x_wconf 83' lang='lat' dir='ltr'><strong>no-</strong></span> 
     </span>
    </p>
   </div>
   <div class='ocr_carea' id='block_1_112' title="bbox 926 2641 1710 2680">
    <p class='ocr_par' dir='ltr' id='par_1_112' title="bbox 926 2641 1710 2680">
     <span class='ocr_line' id='line_1_112' title="bbox 926 2641 1710 2680; baseline -0.013 -5"><span class='ocrx_word' id='word_1_794' title='bbox 926 2653 984 2675; x_wconf 86' lang='lat' dir='ltr'><strong>ster</strong></span> <span class='ocrx_word' id='word_1_795' title='bbox 996 2647 1078 2677; x_wconf 86' lang='lat' dir='ltr'><strong>Deus,</strong></span> <span class='ocrx_word' id='word_1_796' title='bbox 1094 2644 1141 2680; x_wconf 82' lang='lat' dir='ltr'><strong>qui</strong></span> <span class='ocrx_word' id='word_1_797' title='bbox 1169 2648 1282 2678; x_wconf 87' lang='lat' dir='ltr'><strong>propter</strong></span> <span class='ocrx_word' id='word_1_798' title='bbox 1305 2649 1384 2669; x_wconf 75' lang='lat' dir='ltr'><strong>suam</strong></span> <span class='ocrx_word' id='word_1_799' title='bbox 1396 2649 1458 2677; x_wconf 71' lang='lat' dir='ltr'><strong>erga</strong></span> <span class='ocrx_word' id='word_1_800' title='bbox 1480 2649 1528 2670; x_wconf 91' lang='lat' dir='ltr'><strong>nos</strong></span> <span class='ocrx_word' id='word_1_801' title='bbox 1547 2641 1710 2670; x_wconf 78' lang='lat' dir='ltr'><strong>cbaritatem</strong></span> 
     </span>
    </p>
   </div>
   <div class='ocr_carea' id='block_1_113' title="bbox 928 2687 1709 2723">
    <p class='ocr_par' dir='ltr' id='par_1_113' title="bbox 928 2687 1709 2723">
     <span class='ocr_line' id='line_1_113' title="bbox 928 2687 1709 2723; baseline -0.013 -2"><span class='ocrx_word' id='word_1_802' title='bbox 928 2694 1016 2721; x_wconf 80' lang='lat' dir='ltr'><strong>factus</strong></span> <span class='ocrx_word' id='word_1_803' title='bbox 1030 2697 1072 2721; x_wconf 85' lang='lat' dir='ltr'><strong>est</strong></span> <span class='ocrx_word' id='word_1_804' title='bbox 1088 2691 1179 2719; x_wconf 89' lang='lat' dir='ltr'><strong>homo.</strong></span> <span class='ocrx_word' id='word_1_805' title='bbox 1195 2689 1241 2717; x_wconf 79' lang='lat' dir='ltr'><strong>Ait</strong></span> <span class='ocrx_word' id='word_1_806' title='bbox 1251 2689 1323 2717; x_wconf 88' lang='lat' dir='ltr'><strong>enim</strong></span> <span class='ocrx_word' id='word_1_807' title='bbox 1338 2689 1393 2723; x_wconf 86' lang='lat' dir='ltr'><strong>ipse</strong></span> <span class='ocrx_word' id='word_1_808' title='bbox 1404 2689 1543 2723; x_wconf 86' lang='lat' dir='ltr'><strong>discipulis</strong></span> <span class='ocrx_word' id='word_1_809' title='bbox 1558 2697 1565 2716; x_wconf 92' lang='lat'>:</span> <span class='ocrx_word' id='word_1_810' title='bbox 1581 2687 1642 2714; x_wconf 80' lang='lat' dir='ltr'><strong>1am</strong></span> <span class='ocrx_word' id='word_1_811' title='bbox 1657 2693 1709 2713; x_wconf 73' lang='lat' dir='ltr'><strong>non</strong></span> 
     </span>
    </p>
   </div>
   <div class='ocr_carea' id='block_1_114' title="bbox 928 2731 1711 2771">
    <p class='ocr_par' dir='ltr' id='par_1_114' title="bbox 928 2731 1711 2771">
     <span class='ocr_line' id='line_1_114' title="bbox 928 2731 1711 2771; baseline -0.013 -3"><span class='ocrx_word' id='word_1_812' title='bbox 928 2741 986 2768; x_wconf 82' lang='lat' dir='ltr'><strong>dico</strong></span> <span class='ocrx_word' id='word_1_813' title='bbox 1003 2747 1047 2767; x_wconf 75' lang='lat' dir='ltr'><strong>uos</strong></span> <span class='ocrx_word' id='word_1_814' title='bbox 1061 2746 1158 2771; x_wconf 72' lang='lat' dir='ltr'><strong>servos,</strong></span> <span class='ocrx_word' id='word_1_815' title='bbox 1174 2737 1219 2764; x_wconf 73' lang='lat' dir='ltr'><strong>sed</strong></span> <span class='ocrx_word' id='word_1_816' title='bbox 1231 2735 1329 2763; x_wconf 83' lang='lat' dir='ltr'><strong>amicos</strong></span> <span class='ocrx_word' id='word_1_817' title='bbox 1344 2735 1366 2763; x_wconf 87' lang='grc'><strong>⁸.</strong></span> <span class='ocrx_word' id='word_1_818' title='bbox 1385 2735 1417 2762; x_wconf 85' lang='lat' dir='ltr'><strong>Et</strong></span> <span class='ocrx_word' id='word_1_819' title='bbox 1436 2742 1497 2762; x_wconf 94' lang='lat' dir='ltr'><strong>cum</strong></span> <span class='ocrx_word' id='word_1_820' title='bbox 1514 2738 1540 2761; x_wconf 87' lang='lat' dir='ltr'><strong>te</strong></span> <span class='ocrx_word' id='word_1_821' title='bbox 1559 2731 1711 2766; x_wconf 82' lang='lat' dir='ltr'><strong>increpabit</strong></span> 
     </span>
    </p>
   </div>
   <div class='ocr_carea' id='block_1_115' title="bbox 929 2776 1712 2819">
    <p class='ocr_par' dir='ltr' id='par_1_115' title="bbox 929 2776 1712 2819">
     <span class='ocr_line' id='line_1_115' title="bbox 929 2776 1712 2819; baseline -0.014 -5"><span class='ocrx_word' id='word_1_822' title='bbox 929 2786 1044 2819; x_wconf 83' lang='lat' dir='ltr'><strong>amicus,</strong></span> <span class='ocrx_word' id='word_1_823' title='bbox 1056 2784 1182 2814; x_wconf 87' lang='lat' dir='ltr'><strong>Christus</strong></span> <span class='ocrx_word' id='word_1_824' title='bbox 1193 2782 1291 2817; x_wconf 88' lang='lat' dir='ltr'><strong>inquit,</strong></span> <span class='ocrx_word' id='word_1_825' title='bbox 1304 2786 1333 2808; x_wconf 90' lang='lat' dir='ltr'><strong>ut</strong></span> <span class='ocrx_word' id='word_1_826' title='bbox 1347 2789 1361 2809; x_wconf 86' lang='lat' dir='ltr'><strong>a</strong></span> <span class='ocrx_word' id='word_1_827' title='bbox 1379 2785 1490 2816; x_wconf 81' lang='lat' dir='ltr'><strong>peccato</strong></span> <span class='ocrx_word' id='word_1_828' title='bbox 1506 2780 1630 2809; x_wconf 84' lang='lat' dir='ltr'><strong>absistas.</strong></span> <span class='ocrx_word' id='word_1_829' title='bbox 1657 2776 1712 2805; x_wconf 84' lang='lat' dir='ltr'><strong>noli</strong></span> 
     </span>
    </p>
   </div>
   <div class='ocr_carea' id='block_1_116' title="bbox 548 2824 863 2865">
    <p class='ocr_par' dir='ltr' id='par_1_116' title="bbox 548 2833 863 2862">
     <span class='ocr_line' id='line_1_116' title="bbox 548 2833 863 2862; baseline -0.003 -1"><span class='ocrx_word' id='word_1_830' title='bbox 548 2835 642 2862; x_wconf 71' lang='lat' dir='ltr'><strong>‘v.5.</strong></span> <span class='ocrx_word' id='word_1_831' title='bbox 679 2834 768 2861; x_wconf 81' lang='lat' dir='ltr'><strong>&#39;v.6.</strong></span> <span class='ocrx_word' id='word_1_832' title='bbox 807 2833 863 2860; x_wconf 73' lang='lat' dir='ltr'><strong>&quot;lt</strong></span> 
     </span>
    </p>
   </div>
   <div class='ocr_carea' id='block_1_117' title="bbox 920 2824 1639 2865">
    <p class='ocr_par' dir='ltr' id='par_1_117' title="bbox 920 2824 1639 2865">
     <span class='ocr_line' id='line_1_117' title="bbox 920 2824 1639 2865; baseline -0.014 -5"><span class='ocrx_word' id='word_1_833' title='bbox 920 2839 970 2865; x_wconf 80' lang='lat' dir='ltr'><strong>liv,</strong></span> <span class='ocrx_word' id='word_1_834' title='bbox 987 2831 1029 2858; x_wconf 78' lang='lat' dir='ltr'><strong>H.</strong></span> <span class='ocrx_word' id='word_1_835' title='bbox 1068 2829 1159 2858; x_wconf 80' lang='lat' dir='ltr'><strong>‘Pliil.</strong></span> <span class='ocrx_word' id='word_1_836' title='bbox 1172 2836 1202 2862; x_wconf 81' lang='lat' dir='ltr'><strong>It,</strong></span> <span class='ocrx_word' id='word_1_837' title='bbox 1220 2828 1247 2856; x_wconf 88' lang='lat'><strong>9.</strong></span> <span class='ocrx_word' id='word_1_838' title='bbox 1284 2827 1294 2844; x_wconf 90' lang='lat'><strong><em>&quot;</em></strong></span> <span class='ocrx_word' id='word_1_839' title='bbox 1312 2835 1336 2854; x_wconf 89' lang='lat' dir='ltr'><strong>v.</strong></span> <span class='ocrx_word' id='word_1_840' title='bbox 1355 2827 1382 2854; x_wconf 87' lang='lat'><strong>9.</strong></span> <span class='ocrx_word' id='word_1_841' title='bbox 1419 2826 1430 2842; x_wconf 88' lang='grc'><strong>⁸</strong></span> <span class='ocrx_word' id='word_1_842' title='bbox 1446 2825 1524 2853; x_wconf 83' lang='lat' dir='ltr'><strong>Joan.</strong></span> <span class='ocrx_word' id='word_1_843' title='bbox 1537 2824 1639 2856; x_wconf 68' lang='lat'><strong>“.15.</strong></span> 
     </span>
    </p>
   </div>
   <div class='ocr_carea' id='block_1_118' title="bbox 1556 2920 1577 2947">
    <p class='ocr_par' dir='ltr' id='par_1_118' title="bbox 1556 2920 1577 2947">
     <span class='ocr_line' id='line_1_118' title="bbox 1556 2920 1577 2947; baseline 0 0"><span class='ocrx_word' id='word_1_844' title='bbox 1556 2920 1577 2947; x_wconf 67' lang='grc' dir='ltr'>ὃ</span> 
     </span>
    </p>
   </div>
  </div>
