1919 3074
239 126 293 156 ’255

683 123 968 154 SUPPLEMENTUM
988 126 1033 154 AD
1051 125 1217 154 ORlGENlS
1235 125 1441 155 EXEGETICA.

1818 125 1875 154 256

238 192 427 220 contemnere;
440 188 487 215 sed
501 187 577 219 cede,
593 191 674 222 atque
685 187 719 214 ad
733 187 850 222 priorem
866 187 1020 215 modestiam

1079 188 1233 224 ἁμαρτίαν,
1246 188 1348 224 ταύτης
1369 186 1537 223 ἀπέχεσθαι,
1557 186 1594 223 μὴ
1611 187 1793 223 καταφρόνει,
1813 178 1874 214 ἀλλ’

237 239 385 267 revertere,
402 235 427 261 id
439 238 480 261 est
497 235 531 261 ad
544 233 590 262 Dei
609 234 814 269 benignitatem.

221 306 227 347 ί
272 328 283 344 ⁹
297 327 418 354 Gratiam
436 327 501 354 dicit
523 326 569 354 Dei
586 332 738 362 praecepta;
768 327 918 355 amicitiam
948 336 1023 362 vero,

236 379 356 400 amorem
370 378 434 406 erga
458 371 541 398 Deum
556 376 583 398 et
598 371 763 406 proximum.
786 372 837 405 Qui
863 379 927 400 vero
940 372 1023 401 Deum

234 421 317 448 amat,
332 415 457 444 observet
467 424 498 444 ea
513 417 583 451 apud
595 425 635 450 se,
650 425 682 444 ue
696 418 917 452 despectissimus
930 427 1023 447 coratn

232 462 280 490 illo
294 463 340 495 sit,
357 470 417 490 cum
433 470 653 497 unumquemque
668 470 717 497 pro
735 464 839 490 meritis
862 464 919 491 suis
937 472 1024 493 remu-

232 509 382 536 nerabitur.
403 508 437 535 Et
453 509 479 535 in
499 508 655 543 Evangeliis
673 508 808 538 Salvator
831 509 873 540 iis,
893 510 941 544 qui
970 510 1022 537 sibi

231 554 420 587 crediderant,
435 554 536 582 ludatis
550 555 588 581 ait
606 565 611 582 :
629 553 661 582 Si
675 563 718 582 vos
740 555 768 581 in
784 554 860 582 verba
875 563 932 582 meo
946 564 1022 583 man-

231 600 332 633 seritis,
348 609 405 628 vere
419 601 544 636 discipuli
554 601 605 627 mei
619 601 691 634 estis,
707 606 731 628 et
745 601 839 627 ueritas
854 601 974 628 liberavit
990 602 1022 629 de

230 647 295 683 legis
312 647 539 676 maledictione”.
558 647 587 674 Si
609 655 675 681 ergo
696 647 815 675 charitas
831 647 939 679 liberat.
958 648 1020 675 Sal-

230 698 310 722 vator
323 702 431 729 quoque
444 694 539 721 liberat
553 702 559 719 :
577 693 702 721 Christus
720 699 810 720 autem
821 699 863 721 est
878 695 980 722 veritas
993 699 1022 722 et

229 739 373 768 cbaritas:
396 740 468 767 umle
481 747 574 767 omnes
594 739 641 774 qui
661 740 762 768 habent
773 740 872 767 Christi
885 740 1019 773 notitiam,

229 787 310 814 amici
336 787 452 814 invicem
469 791 542 814 sunt.
569 787 602 814 Et
624 787 712 814 sancti
739 794 833 814 omnes
857 786 940 814 amici
961 786 1020 820 ejus

228 835 294 858 sunt
310 838 316 856 :
334 835 415 865 atque
430 831 466 858 ita
491 831 525 858 ob
542 831 611 858 hanc
638 831 718 858 unice
741 831 912 865 charitatem,
937 831 1018 859 amici

228 875 288 908 Dei,
305 876 385 904 amici
405 876 520 903 invicem
534 881 608 903 sunt.

263 922 285 938 “
303 922 353 955 Qui
375 922 486 949 edoctus
503 921 554 949 fuit
571 922 696 955 virtutes,
714 929 816 957 easque
839 930 920 958 opere
940 930 1018 950 exer-

227 974 281 1001 cot,
296 976 339 996 res
355 975 417 996 suas
432 967 512 996 facile
525 968 656 996 custodit.

261 1015 334 1042 Pone
365 1014 483 1049 lapidem
518 1015 661 1042 sardintnn
706 1013 859 1049 pretiosum
884 1013 911 1041 in
934 1021 1017 1042 aurea

226 1060 331 1092 inaure,
349 1064 377 1088 et
389 1059 552 1094 sapientiam
568 1059 676 1087 Domini
698 1059 725 1087 in
745 1064 837 1087 mente
856 1059 1017 1094 cupiditati-

224 1105 276 1133 bus
292 1105 377 1133 libera
391 1110 420 1133 et
434 1106 602 1140 obsequente
618 1104 682 1132 Deo.

261 1153 284 1168 “
302 1152 381 1180 Sicut
397 1160 430 1179 ex
451 1152 513 1178 nive
536 1150 623 1178 ﬂuens
651 1158 721 1185 aqua
752 1151 780 1178 iu
798 1151 895 1179 messis
925 1151 1017 1180 calore

225 1199 346 1233 prodest,
363 1202 391 1225 et
401 1202 495 1224 aestum
511 1197 670 1232 refrigerat;
689 1197 729 1224 sic
742 1201 785 1224 est
804 1197 876 1225 Deus
893 1205 956 1233 erga
980 1198 1014 1226 il-

225 1243 340 1278 los-qui
365 1246 545 1278 susceperunt
570 1241 733 1276 sapientiam
757 1245 840 1276 atque
870 1242 1013 1268 scientiam

223 1289 344 1324 itemque
361 1293 496 1324 pracepta
524 1287 592 1322 ejus.
616 1287 651 1314 Et
678 1287 748 1315 sicut
761 1288 852 1315 nivem
876 1287 1015 1322 liquefacit

223 1341 317 1369 astus,
332 1336 368 1363 ita
385 1336 484 1363 animae
496 1334 647 1370 nequitiam
657 1334 725 1369 justi
740 1333 792 1362 viri
805 1334 964 1362 admonitio.

261 1383 282 1399 “
297 1382 374 1410 Sicut
397 1382 470 1410 venti
494 1387 523 1409 et
541 1381 625 1409 nubes
651 1381 741 1408 nautis
764 1381 883 1408 evidenti
911 1381 1013 1409 indicio

222 1434 297 1463 sunt,
311 1429 458 1463 quominus
480 1427 652 1462 naufragium
676 1427 837 1460 incurrant;
855 1426 893 1454 ita
909 1427 1012 1454 haben-

222 1477 297 1505 tibus
311 1476 359 1503 Dei
383 1475 559 1510 sapientiam,
581 1473 649 1502 falsa
675 1474 789 1502 scientia
807 1480 841 1500 ne
869 1481 929 1500 cum
955 1473 1013 1508 glo-

222 1522 358 1551 riantibus
374 1521 400 1548 in
414 1528 445 1548 ea
458 1525 582 1556 pereant.

259 1569 282 1585 “
294 1568 370 1595 Sicut
387 1567 496 1602 corpori
515 1573 576 1593 ossa
593 1564 780 1593 fortitudinem
793 1564 932 1600 roburque
943 1572 1010 1592 con-

221 1615 323 1646 ferunt.
341 1614 378 1641 ita
395 1621 425 1641 se
439 1613 539 1640 habent
554 1619 618 1647 erga
635 1611 754 1639 animam
769 1611 897 1639 virtutes.
912 1612 1011 1639 Conte-

221 1663 258 1690 rit
274 1667 366 1689 aulem
395 1667 457 1687 ossa
486 1659 553 1690 hazc,
573 1666 632 1693 qua:
659 1662 769 1693 peccata
794 1665 848 1685 non
876 1661 1011 1692 praecavet

221 1709 322 1736 anima.
343 1705 473 1734 Nonnulli
496 1708 601 1740 partem
622 1704 720 1731 anima:
748 1703 923 1736 iracundam,
940 1702 1010 1729 mol-

219 1754 272 1782 lem
290 1752 503 1787 appellaverunt.
519 1757 580 1785 qua:
595 1757 644 1776 sua
660 1748 760 1782 frangit
773 1755 836 1782 erga
855 1747 938 1774 Deum
955 1748 1010 1782 spi-

219 1800 309 1828 ritalia
325 1806 397 1831 ossa,
417 1805 477 1832 qua:
493 1797 584 1824 dicere
600 1795 730 1823 deberent
747 1803 753 1821 ε
771 1793 892 1826 Domine,
920 1794 1009 1821 Domi-

522 1843 563 1861 159

1024 1546 1045 1576 C

218 1855 262 1878 πε,
276 1846 333 1882 quis
348 1845 442 1873 similis
457 1843 504 1870 tibi

256 1892 279 1908 ¹⁶
292 1891 415 1919 llominis
429 1897 545 1924 nequam
564 1888 618 1920 via,
634 1887 756 1921 nequitia
771 1891 812 1914 est
828 1891 875 1914 :et
895 1894 941 1922 pes
954 1887 1007 1914 im-

217 1939 307 1976 ;robi,
326 1937 486 1973 improbitas
503 1940 553 1962 est.
575 1934 678 1962 Perihit
693 1935 783 1960 autem
802 1933 827 1960 in
842 1933 886 1960 die
898 1933 1006 1968 judicii.

216 1985 393 2014 Consuetudo
407 1982 527 2010 hominis
543 1981 570 2008 in
585 1980 717 2008 vocabulo
733 1981 793 2014 viae,
809 1987 891 2015 opera
915 1980 943 2006 in
962 1988 1008 2007 vo-

216 2032 314 2061 cabulo
330 2031 405 2067 pedis
423 2029 598 2064 intelligetur.

222 2083 225 2090 '
254 2079 276 2096 ¹⁷
303 2079 381 2106 Sicut
395 2081 502 2105 acetum
529 2073 650 2105 vulneri,
675 2072 748 2107 quod
776 2072 830 2106 jam
850 2076 1007 2106 putrescere

217 2126 311 2162 ccepit,
329 2123 427 2153 inutile
442 2128 493 2156 est,
517 2127 674 2157 quanquam
704 2119 774 2147 cibis
788 2118 894 2147 confert
909 2118 1006 2153 iucun-

217 2173 346 2204 ditatem;
365 2171 402 2198 ita
419 2169 541 2197 mulieris
555 2171 719 2201 conspectus
738 2170 765 2193 et
779 2164 942 2199 colloquium
958 2172 1006 2192 cor

217 2217 351 2245 dilacerat
363 2215 425 2248 viri,
439 2215 486 2248 qui
500 2221 530 2242 se
540 2212 636 2240 virtuti
652 2211 779 2238 addicere
792 2214 924 2245 cmperat.
937 2209 1004 2236 Nam
1025 2229 1045 2257 Β

217 2270 280 2298 quae
293 2261 389 2290 incidit
403 2261 428 2288 in
446 2267 494 2288 cor
505 2258 663 2290 commotio,
680 2257 801 2292 nequitia
818 2261 874 2289 est;
890 2263 943 2291 qua
958 2256 1003 2290 qui

218 2313 324 2341 carent,
355 2307 484 2335 dicuntur
510 2302 759 2340 imperturbabiies.
782 2316 819 2324 —-
842 2301 943 2329 Maeror
965 2306 1008 2329 est

221 2356 324 2383 caduca
350 2354 460 2381 caducae
480 2351 629 2387 voluptatis
656 2350 772 2386 privatio
800 2358 807 2377 :
827 2349 875 2377 sed
897 2348 941 2377 ille
966 2352 1008 2376 est

219 2400 362 2429 laudabilis
389 2404 506 2430 mmror,
530 2398 576 2432 qui
608 2398 643 2425 ob
671 2396 851 2432 privationem
876 2395 1007 2422 virtutum

216 2448 394 2481 scientiaeque
409 2445 457 2474 Dei
473 2444 615 2478 contingit.

253 2493 430 2521 I'-"'Pauem
457 2491 507 2518 hoc
523 2489 711 2517 loco‘solidam
738 2488 926 2516 mandatorum
959 2486 1005 2514 Dt‘i

215 2549 307 2570 escam
333 2539 431 2567 animae
445 2537 520 2565 dicit.
539 2535 623 2563 Potus
633 2542 698 2563 vero
720 2534 842 2562 divinam
860 2533 1003 2561 scientiam

216 2587 363 2624 signiﬁcat.
380 2585 519 2614 Carbones
531 2582 602 2614 ignis
618 2581 735 2616 appellat
759 2579 927 2608 sacrosancti
943 2578 1004 2613 Spi-

216 2636 287 2662 ritus
304 2633 385 2664 dona,
407 2638 467 2666 quae
490 2629 636 2657 amburunt
662 2633 833 2663 purgantque
862 2626 1002 2653 hominum

216 2681 294 2707 vitia.
311 2678 415 2706 Etenim
433 2677 518 2712 ignito
531 2675 651 2703 carbone
667 2675 756 2710 tetigit
770 2672 916 2708 aliquando
930 2679 1004 2698 sern-

215 2727 315 2762 phinus
329 2725 405 2753 lsaire
421 2723 491 2751 labia
507 2731 513 2749 :
529 2722 576 2758 qui
592 2721 761 2757 purificatus,
777 2719 882 2748 cunctis
894 2722 1000 2753 postea,

251 2787 262 2803 ’
277 2795 302 2813 ν.
328 2784 370 2812 ιο.
429 2785 451 2800 ¹⁸
468 2783 542 2811 ioan.
565 2791 624 2818 vut,
641 2783 686 2811 5!.
730 2782 751 2798 “
765 2789 790 2810 v.
814 2781 856 2808 ΙΙ.
899 2779 958 2807 “v.
980 2779 1023 2807 i3.

215 2822 236 2837 ’7
249 2829 276 2848 τ’,
288 2821 334 2848 ‘20.
373 2820 430 2840 ²⁸-¹⁹
444 2827 468 2845 v.
483 2819 528 2846 21.

251 2866 306 2902 (ii)
321 2866 339 2893 Ι.
357 2873 391 2895 m.
415 2864 559 2903 βρώμασιν.

1077 234 1214 270 ἁναχώρει
1227 234 1274 261 καὶ
1290 234 1444 270 ὑπόστρεφε
1459 234 1528 270 πρὸς
1539 233 1589 269 τὴν
1604 233 1716 270 πρώτην
1727 234 1874 269 σωφροσύι

1076 289 1135 316 νην,
1150 281 1272 307 τουτέστι
1283 281 1352 316 πρὸς
1364 281 1414 316 τὴν
1425 279 1472 306 τοῦ
1487 279 1554 306 Θεοῦ
1566 279 1782 315 φιλανθρωπίαν.

1111 327 1209 363 Χάριν,
1223 328 1273 360 τὰς
1287 326 1335 354 τοῦ
1348 327 1416 354 Θεοῦ
1430 327 1540 359 ἐντολάς
1557 335 1637 362 φησι·
1655 326 1746 361 φιλίαν
1760 326 1790 353 δὲ
1801 346 1808 358 ,
1820 326 1872 362 τὴν

1075 372 1144 408 πρὸς
1169 372 1214 399 τὸν
1229 372 1295 399 Θεὸν
1317 373 1364 399 καὶ
1385 371 1497 407 πλησίον
1512 371 1633 407 ἀγάπην.
1652 371 1680 398 ’0
1701 371 1728 398 δὲ
1752 373 1871 406 ἀγαπῶν

1074 419 1119 445 τὸν
1134 418 1200 445 Θεὸν
1212 419 1358 455 τηρησάτω
1369 417 1455 450 αὑτὰς
1471 418 1500 444 ὲν
1517 418 1605 452 ἑαυτῳ
1615 437 1623 450 ,
1641 418 1685 444 ἴνα
1707 419 1743 454 μὴ
1761 418 1871 445 ἐπονεί-

1074 465 1164 498 διστος
1178 465 1291 501 γένηται
1308 466 1373 502 παρ’
1391 465 1474 500 αὐτῷ,
1491 465 1535 491 ὅτε
1548 465 1582 492 τὰ
1594 465 1653 491 κατ’
1667 464 1745 498 ἀξίαν
1758 465 1871 500 ἑκάστῳ

1074 511 1201 548 ἀπονέμῃ
1211 520 1217 526 ·
1229 512 1275 538 καὶ
1286 513 1299 538 ό
1311 511 1406 547 Σωτὴρ
1422 512 1452 538 ὲν
1464 510 1639 545 Εὺαγγελίοις
1656 510 1723 546 πρὸς
1734 510 1798 542 τοὺς
1816 519 1868 537 πε-

1074 558 1251 590 πιστευκότας
1262 557 1335 593 αὐτῷ
1343 557 1485 589 Ἰουδαίους
1500 557 1581 592 φησίν
1591 565 1598 573 ·
1618 556 1687 583 Ἐὰν
1702 556 1787 591 ὑμεῖς
1799 558 1866 592 μεί-

1072 604 1144 638 νητέ
1167 604 1201 631 ἐν
1216 603 1256 637 τῷ
1273 604 1353 638 λόγῳ
1374 603 1415 636 τῷ
1437 602 1513 638 ἐμῷ,
1533 602 1652 636 ἀληθῶς
1663 603 1795 637 μαθηται
1804 613 1868 638 μου

1071 650 1160 683 ἐστέ·
1174 649 1223 677 καί
1235 649 1386 684 nuptam
1395 649 1605 684 ἠλευθέρωσεν
1616 649 1651 676 ἐκ
1664 648 1720 683 τῆς
1732 649 1868 684 κατάρας

1071 696 1125 723 τοῦ
1143 696 1252 730 νόμου·
1267 696 1292 722 εἰ
1306 693 1352 722 οὖν
1367 696 1383 731 ὴ
1404 695 1480 730 φιλία
1505 694 1659 731 ἐλευθεροῖ,
1676 695 1722 722 καὶ⁵
1741 696 1756 722 ό
1769 695 1867 731 Σωτὴρ

1071 742 1222 778 ἐλευθεροτο
1240 742 1356 779 Χριστὸς
1367 742 1396 768 δέ
1416 743 1490 769 ἐστιν
1506 742 1523 777 ἡ
1546 741 1661 777 ἀλήθεια
1680 741 1728 768 καὶ
1744 743 1760 775 ὴ
1777 742 1866 775 φιλία,

1070 788 1132 815 ὅθεν
1152 789 1200 815 καὶ
1216 789 1317 820 πάντες
1343 788 1368 815 οἱ
1384 787 1493 823 ἔχοντες
1516 787 1616 822 γνῶσιν
1637 787 1772 823 Χριστοῦ,
1793 787 1867 822 φίλοι

1070 834 1193 870 ἀλλήλων
1207 827 1292 861 εἰσιν·
1309 833 1381 861 οὕτω
1403 833 1452 861 καὶ
1466 834 1512 860 ἐπὶ
1529 833 1631 868 ταύτης
1649 833 1728 869 μόνον
1745 833 1796 868 τῆς
1818 842 1865 868 φι-

1034 875 1055 903 Β
1069 879 1129 912 λίας
1143 880 1168 906 οἱ
1182 879 1229 906 τοῦ
1245 879 1328 907 αὑτοῦ
1346 879 1428 914 φίλοι,
1444 879 1492 906 καὶ
1508 878 1595 905 ἄλλων
1614 879 1669 905 atat
1683 878 1766 913 φίλοι.

1110 926 1139 953 Ὁ
1150 926 1285 962 διδαχθεὶς
1301 927 1367 962 περὶ
1384 926 1438 952 τῶν
1453 926 1558 961 ἀρετῶν
1570 945 1578 957 .
1595 924 1643 951 καὶ
1663 924 1767 957 ταύτας
1784 926 1861 961 ἰνερο

1068 972 1135 1008 γῶν,
1151 971 1185 999 τὰ
1202 972 1300 999 ἑαυτοῦ
1312 971 1442 1007 φυλάσσει
1456 970 1688 1002 εὐσυναλλάκτως.

1104 1017 1226 1053 Ἐμϐαλε
1239 1017 1346 1054 σάρδιον
1370 1016 1515 1049 πολυτελὲς
1539 1017 1579 1048 εἰς
1594 1018 1704 1043 ὲνωτιον
1729 1015 1860 1052 χρυσοῦν.

1067 1064 1114 1091 καὶ
1147 1064 1242 1100 σοφίαν
1267 1064 1371 1101 Κυρίου
1401 1065 1442 1097 εἰς
1470 1064 1532 1092 νοῦν
1553 1064 1646 1100 ἀπαθῆ
1670 1064 1717 1091 καὶ
1745 1064 1861 1100 εὐήκοον

1067 1111 1172 1146 Κυρίῳ.

1072 1187 1075 1190 ι
1105 1157 1211 1192 Ὥσπερ
1222 1156 1252 1183 τὺ
1265 1157 1298 1183 ὲκ
1319 1156 1406 1192 χιόνος
1430 1163 1525 1192 εκρεον
1545 1155 1616 1192 ὕδωρ
1631 1157 1659 1182 ἐν
1673 1155 1774 1192 ἁμητῷ
1788 1156 1860 1183 κατὰ

1066 1203 1160 1239 καῦμα
1174 1202 1284 1237 ὠφελεῖ,
1301 1203 1349 1229 καὶ
1359 1202 1492 1239 ἀναψύχει
1506 1203 1644 1234 καύσωνα,
1661 1202 1748 1234 οὕτως
1764 1203 1780 1229 ὸ
1792 1202 1860 1234 Θεὸς

1065 1247 1112 1274 ἐπὶ
1130 1249 1187 1280 τοῖς
1209 1247 1363 1283 δεχομένοις
1379 1248 1429 1284 τήν
1449 1256 1478 1274 τε
1491 1248 1591 1283 γνῶσιν
1607 1247 1654 1274 καὶ
1675 1247 1772 1282 σοφίαν
1785 1267 1793 1280 ,
1811 1247 1860 1273 καὶ

1065 1293 1099 1321 τὰ
1121 1294 1324 1330 προστάγματα
1350 1294 1450 1321 αὐτοῦ’
1475 1295 1523 1321 καὶ
1555 1294 1649 1330 ὥσπερ
1672 1293 1753 1329 χιόνα
1778 1294 1860 1330 τήκει

1064 1341 1184 1374 καύσων,
1199 1341 1270 1368 οὕτω
1284 1342 1383 1368 κακίαν
1395 1341 1493 1377 ψυχῆς,
1505 1341 1610 1368 δικαίου
1623 1341 1799 1377 παραίνεσις.

1102 1389 1208 1424 ’Ὥσπερ
1224 1388 1320 1424 ἄνεμοι
1343 1389 1390 1415 καὶ
1406 1388 1475 1424 νέφη
1495 1388 1651 1424 πλωτῆρσιν
1673 1387 1859 1421 ἐπιφανέστα-

1062 1443 1104 1462 τοι
1120 1435 1166 1462 τοῦ
1182 1435 1218 1471 μὴ
1232 1435 1402 1471 ναυαγῆσαι,
1425 1434 1497 1462 οὕτω
1516 1429 1574 1466 τοῖς
1596 1435 1625 1461 ὲν
1649 1434 1731 1469 σοφίᾳ
1752 1433 1822 1460 Θεοῦ
1839 1435 1857 1469 ὴ

1061 1481 1162 1517 ψευδὴς
1179 1480 1290 1516 γνῶσις,
1306 1481 1353 1508 τοῦ
1369 1481 1406 1518 μὴ
1424 1482 1471 1509 σὺν
1487 1482 1544 1513 τοῖς
1561 1480 1748 1517 καυχωμένοις
1764 1481 1794 1506 ὲν
1806 1480 1857 1506 αὺ-

1061 1526 1095 1562 τῇ
1108 1525 1265 1554 ἀπολέσθαι.

1100 1572 1205 1608 ’Ὠσπερ
1218 1571 1256 1607 τῷ
1275 1570 1381 1607 σώματι
1405 1570 1440 1597 τὰ
1459 1571 1526 1597 ὀστᾶ
1552 1571 1628 1606 ἰσχὺς
1648 1570 1857 1606 καὶ-ἀσφάλεια

1065 1617 1176 1654 ῥώμης,
1194 1617 1265 1644 οὕτω
1275 1619 1308 1653 τῇ
1323 1617 1395 1653 ψυχῇ
1414 1618 1442 1644 αί
1455 1617 1552 1654 ἀρεταὶ
1568 1616 1722 1651 πεφύκασι·
1744 1617 1857 1652 συντρί-

1063 1664 1105 1691 ϐει
1132 1664 1160 1691 δὲ
1180 1664 1266 1691 ταῦτα
1287 1664 1321 1691 τὰ
1343 1665 1410 1691 ὀστᾶ
1434 1663 1472 1700 μὴ
1496 1663 1762 1699 παραφυλασσομένη
1794 1665 1857 1694 ταῖς

1063 1711 1211 1747 ἁμαρτίαις
1221 1717 1230 1725 '
1243 1711 1314 1742 τινὲς
1326 1710 1354 1737 δὲ
1364 1710 1412 1746 τὴν
1422 1709 1531 1746 θυμώδη
1545 1709 1633 1745 ψυχὴν
1644 1709 1791 1744 ὠνόμασαν
1807 1718 1858 1744 μα-

1062 1756 1158 1793 λακὴν,
1173 1757 1234 1792 ἥτις
1252 1756 1389 1792 συντρίϐει
1405 1755 1439 1782 τὰ
1454 1755 1554 1790 ἑαυτῆς
1571 1755 1638 1791 πρὸς
1651 1754 1716 1782 Θεὸν
1730 1763 1856 1789 πνευμα-

1061 1803 1125 1830 τικὰ
1138 1803 1204 1830 ὀστᾶ
1216 1823 1224 1835 ,
1240 1802 1274 1830 τὰ
1291 1801 1431 1837 πεφυκότα
1443 1801 1533 1836 λέγειν
1544 1809 1551 1816 ·
1568 1801 1667 1834 Κύριε,
1688 1801 1776 1834 Κύριε
1786 1820 1794 1833 ,
1808 1800 1855 1832 τίς

1062 1849 1162 1884 ὅμοιός
1177 1856 1226 1875 σοι
1235 1856 1245 1880 ;

1097 1894 1190 1921 Κακοῦ
1204 1895 1278 1927 ὁδὸς,
1294 1895 1310 1930 ὴ
1326 1894 1408 1921 κακία
1427 1893 1503 1920 ἐστί’
1525 1892 1572 1920 καὶ
1595 1892 1662 1925 ποῦς
1680 1891 1853 1927 παρανόμου,

1061 1941 1078 1977 ἡ
1091 1941 1245 1976 παρανομία
1258 1941 1332 1967 ἐστίν
1344 1949 1351 1955 ·
1372 1940 1511 1967 ἀπολεῖται
1521 1939 1549 1966 δὲ
1565 1939 1593 1965 ὲν
1610 1938 1701 1974 ἡμέρᾳ
1723 1937 1773 1972 τῆς
1789 1937 1852 1972 κρῖ-

1062 1997 1130 2020 σεως
1140 1996 1146 2003 ·
1164 1987 1220 2020 ἕξις
1236 1986 1280 2013 διὰ
1293 1987 1342 2022 τῆς
1356 1986 1427 2018 όδοῦ,
1446 1985 1492 2012 καὶ
1505 1985 1628 2020 ἐνέργεια
1642 1983 1687 2010 διὰ
1705 1982 1753 2009 τοῦ
1770 1982 1853 2015 ποδὸς

1061 2034 1233 2070 νοηθήσεται.

1095 2081 1198 2115 Ὥσπερ
1214 2079 1245 2106 τὸ
1260 2077 1321 2110 ὅξος
1334 2077 1362 2103 ὲν
1383 2075 1457 2102 ἕλκει
1471 2074 1518 2102 τοῦ
1543 2075 1630 2111 ἀρχὴν
1648 2074 1729 2111 σῆψιν
1742 2074 1853 2110 ἔχοντος

1059 2123 1228 2158 ἀσύμφορον,
1243 2121 1332 2148 καίτοι
1350 2119 1492 2156 βρώματος
1501 2120 1556 2155 (21)
1573 2120 1649 2152 ὄντος
1664 2121 1704 2151 εἰς
1718 2119 1852 2155 ἡδύτητα,

1059 2169 1129 2196 οὕτω
1143 2167 1271 2202 γυναικὸς
1288 2166 1389 2202 θεωρία
1402 2167 1449 2193 καὶ
1462 2165 1554 2201 ὁμιλία
1568 2165 1682 2201 καρδίαν
1695 2166 1853 2200 σπαράσσει

1059 2216 1105 2241 τοῦ
1123 2214 1190 2250 πρὸς
1203 2213 1301 2249 ἀρετὴν
1317 2213 1412 2240 ἑαυτὸν
1425 2212 1548 2243 ἐκδόντος
1564 2212 1611 2238 καὶ
1628 2211 1713 2247 ἀρχὴν
1729 2211 1851 2246 ἔχοντος.

1052 2260 1095 2290 ,Τὸ
1106 2259 1160 2295 γὰρ
1174 2259 1343 2294 προσπίπτον
1356 2259 1389 2294 τῇ
1405 2257 1503 2293 καρδία
1517 2256 1612 2289 πάθος,
1628 2257 1644 2291 ἠ
1657 2256 1742 2282 κακία
1755 2256 1833 2283 ἐστίν
1843 2265 1852 2272 ο

1055 2304 1090 2343 ἧς
1109 2306 1178 2333 κατὰ
1193 2305 1320 2341 στέρησιν
1340 2313 1414 2337 τινες
1434 2304 1550 2335 ἀπαθεῖς
1568 2302 1852 2338 ὀνομάζονται.-Λὺ-

1056 2361 1094 2387 πη
1110 2352 1168 2378 ἐστὶ
1182 2351 1288 2387 φθαρτὴ
1302 2350 1428 2386 στέρησις
1445 2349 1568 2386 φθαρτῆς
1592 2349 1688 2385 ἡδονῆς
1700 2357 1706 2364 ·
1728 2348 1803 2385 λύπη
1821 2349 1851 2376 δέ

1056 2398 1130 2424 ἐστιν
1143 2396 1271 2432 ἐπαινετὴ
1284 2397 1411 2433 στέρησις
1428 2395 1533 2432 ἀρετῶν
1549 2396 1596 2422 καὶ
1614 2394 1741 2430 ·,’νώσεω;
1754 2394 1838 2422 Θεοῦ.

1095 2490 1191 2525 Ἀρτον
1204 2488 1320 2515 ἐνταῦθα
1336 2487 1385 2524 τὴν
1405 2487 1519 2525 στερεὰν
1539 2487 1593 2514 τῶν
1605 2485 1719 2513 ὲντολῶν
1732 2486 1783 2522 τῆς
1795 2487 1850 2522 ψυ-

1058 2536 1109 2571 χῆς
1123 2535 1226 2572 τροφήν
1242 2542 1322 2570 φησι·
1339 2534 1413 2569 τιόμα
1429 2533 1472 2566 δὲ,
1490 2534 1539 2567 τὴν
1553 2533 1627 2559 θείαν
1645 2533 1742 2567 γνῶσιν
1754 2532 1848 2569 δηλοῖ·

1059 2581 1198 2617 ἄνθρακας
1225 2580 1254 2607 δὲ
1281 2580 1367 2616 πυρὸς
1392 2580 1441 2612 τὰς
1467 2579 1514 2606 τοῦ
1532 2578 1665 2613 παναγίου
1685 2577 1848 2613 Πνεῦματος

1056 2625 1175 2661 δωρεὰς,
1197 2624 1247 2657 τὰς
1268 2624 1448 2660 φλογιζούσας
1468 2624 1516 2651 καὶ
1534 2622 1717 2658 καθαιρούσας
1731 2623 1781 2654 τὰς
1794 2622 1848 2649 τῶν

1056 2670 1207 2707 ἀνθρώπων
1223 2670 1346 2706 ῥυτίδας·
1365 2669 1481 2705 ἄνθρακι
1495 2668 1549 2704 γὰρ
1563 2667 1647 2703 πυρὸς
1660 2667 1715 2694 τῶν
1734 2667 1847 2693 Ἡσαΐου

1055 2717 1192 2753 σεραφεὶμ
1210 2716 1279 2750 θίγει
1297 2714 1407 2751 χειλέων
1417 2714 1481 2741 ποτέ
1499 2721 1506 2729 ·
1520 2715 1534 2740 ὁ
1543 2713 1572 2740 δὲ
1581 2712 1787 2749 καθῃράμενος,
1801 2714 1848 2739 Δι-

1073 2779 1094 2795 ¹³
1108 2786 1131 2806 ν.
1150 2778 1194 2806 η.
1236 2776 1258 2794 ¹⁸
1274 2786 1297 2804 v.
1310 2776 1354 2805 15.
1401 2776 1422 2792 ¹¹
1438 2775 1511 2804 Psal.
1525 2781 1618 2817 tu“,
1631 2773 1675 2802 10.
1723 2773 1747 2790 ¹⁶
1759 2781 1785 2802 v.
1801 2772 1846 2800 19.
