1919 3074
88 128 140 157 237

675 129 857 158 EXPOSi'l‘IO
870 128 904 156 ΙΝ
918 128 1114 157 PROVERBIA

1667 133 1721 161 938

91 185 237 221 καιοσύνην
252 186 370 222 μάθετε,
388 187 470 214 πᾶσιν
490 187 661 223 ὲκραύγαζε·
678 188 722 215 διὰ
746 188 801 223 γὰρ
822 187 882 214 ταύ-

940 187 1040 215 Discite
1051 192 1198 222 Justitiam.
1218 187 1362 215 clamabat.
1384 188 1441 216 llac
1455 189 1546 223 itaque
1562 189 1624 216 vita.
1644 191 1721 218 boni-

93 240 143 266 της
160 232 212 267 τῆς
224 233 410 269 χρηστότητος
433 234 479 260 καὶ
493 234 616 266 εὐποιίας
635 234 789 271 καθαρίζων
801 235 884 262 αὐτοῦ

93 277 126 304 τὸ
149 278 329 313 ἡγεμονικὸν,
350 278 401 310 τὰς
422 279 577 314 πυρφόρους
599 281 714 316 χάριτας
736 281 783 308 τοῦ
806 282 883 316 ἁγίου

95 323 254 358 Ππὺματος
267 324 391 360 ποιήσεις
401 325 484 352 αὐτὸν
497 325 651 361 βιασθῆναι,
664 327 695 352 οὐ
709 327 788 362 μόνον
801 334 884 362 προσ-

94 368 239 401 λαϐέσθαι,
253 369 322 397 ἀλλὰ
337 370 386 397 καὶ
402 369 527 406 ζηλωτήν
548 379 596 398 σου
620 371 701 399 αὑτὸν
725 373 830 408 ἐργάσῃ
855 373 884 400 έν

93 415 166 451 πάσῃ
179 415 349 453 ἀγαθοεργίᾳ
359 437 367 449 ,
380 417 418 449 ὡς
438 418 567 454 προξένου
583 427 630 445 σου
645 419 786 454 γεγονότος
801 419 883 446 αὐτοῦ

94 461 122 487 ὲν
135 463 203 488 πᾶσι
216 462 255 497 τῷ
266 462 326 498 Θεῷ
340 463 437 497 φίλοις.
840 484 841 487 η

128 507 180 534 Τὸν
191 508 314 535 διάϐολον
329 507 390 535 εἷπε
414 509 559 545 πρόσωπον
581 510 688 543 ἀναιδὲς
700 531 708 543 ,
727 511 883 547 ὲρεθίζοντα

93 553 140 589 τὴν
160 553 252 591 ψυχήν
271 556 339 591 πρὸς
364 556 481 588 κακίαν,
501 557 547 583 καὶ
559 557 712 592 ἐγείροντα,
727 558 765 590 ὡς
783 557 883 594 βορρᾶς

93 600 174 635 νέφη,
188 601 336 636 λογισμοὺς
351 603 385 637 τῇ
406 601 477 638 ψυχῇ
492 604 641 639 πονηρούς·
655 604 791 639 πάνταχοῦ
815 604 843 631 δὲ
870 605 883 630 ό

93 647 219 683 Σολομῶν
231 647 357 681 γλῶσσαν
369 648 414 674 τὸν
428 647 490 675 νοῦν
502 649 577 684 λέγει
585 658 592 665 -
609 648 689 676 τοῦτο
699 648 745 676 οὖν
755 650 785 677 τὸ
800 650 883 687 πρόσ-

92 703 165 721 ωπον
177 694 311 722 αἰδεῖσθαι
326 696 354 721 ὲν
367 694 457 731 κρίσει
473 696 504 722 οὒ
517 695 608 723 καλόν.

134 740 269 767 Ἐνταῦθα
289 738 335 768 οὖν
362 741 455 767 πίπτει
478 741 581 774 δίκαιος
608 741 669 774 νοῦς
699 742 813 770 ἐνώπιον
836 743 882 770 τοῦ

93 787 209 818 Satria,
225 787 355 822 λογισμὸν
366 787 528 823 ἀκάθαρτον,
546 788 564 823 ἢ
577 788 673 823 ψευδὲς
686 788 775 824 δόγμα
791 789 884 816 ὑποδε-

93 834 221 869 ξάμενος·
238 834 288 869 τὴν
301 835 330 860 δὲ
346 835 437 870 πηγὴν
449 834 498 870 τῆς
518 834 615 870 σοφίας
628 835 744 872 φράσσοι
758 845 800 869 τις
815 837 883 864 ἀπο-

936 238 992 261 tate
1007 241 1040 260 ac
1065 233 1228 261 rectitudine
1250 242 1369 270 purgans
1392 240 1509 262 mentem
1527 240 1611 268 tuam,
1629 236 1722 271 igneas

935 279 1022 306 sancti
1036 278 1153 313 Spiritus
1177 280 1280 314 gratias
1295 288 1376 316 coges
1396 287 1456 308 eam
1472 289 1525 308 non
1541 281 1628 309 solum
1651 283 1718 308 reci-

935 332 1011 360 pere,
1026 325 1074 352 sed
1091 324 1244 352 studiosum
1265 326 1303 352 tui
1320 326 1445 354 eumdem
1461 325 1594 374 Spiritum
1621 327 1722 355 efﬁcies

935 369 968 396 ad
982 376 1063 396 omne
1080 369 1204 397 beneiicii
1228 377 1333 405 genus:
1356 371 1455 406 quippe
1468 369 1513 407 (fui
1538 373 1630 400 omnia
1661 381 1722 407 qute

935 419 999 442 sunt
1013 414 1069 442 Deo
1086 415 1185 450 placita
1200 417 1248 444 tibi
1264 417 1429 452 impertitur.

970 508 993 525 ‘°
1010 509 1151 537 Diabolum
1180 509 1250 537 dixit
1276 509 1372 537 faciem
1397 509 1597 545 impudentem,
1623 511 1721 546 quippe

934 554 980 589 qui
995 555 1115 582 animam
1132 554 1165 582 ad
1189 555 1288 583 vitium
1316 555 1415 588 irritat,
1442 557 1616 592 excitatque,
1637 557 1721 585 veluti

934 600 1021 628 nubes
1046 601 1230 636 aquilonares,
1246 608 1346 636 pravas
1368 601 1394 628 in
1420 601 1510 628 anima
1525 603 1719 637 cogitationes.

937 645 1041 680 Ubique
1059 654 1124 674 vero
1134 646 1262 674 Salomon
1277 646 1397 682 linguam
1408 655 1458 682 pro
1472 653 1561 676 mente
1577 648 1653 678 dicit.
1668 648 1723 675 llu-

931 692 1080 727 jnscemodi
1093 700 1158 729 ergo
1172 693 1269 721 faciem
1285 694 1309 720 in
1319 693 1424 729 judicio
1437 694 1554 721 revereri
1566 702 1620 722 non
1632 695 1720 724 decet.

969 739 990 755 ²¹
1007 739 1056 766 llic
1077 746 1141 773 ergo
1163 739 1256 767 iicitur
1270 746 1347 766 mens
1365 739 1436 773 iusta
1452 739 1550 767 cadere
1562 748 1653 768 coram
1669 740 1721 767 Sa-

934 789 1009 819 tana,
1022 785 1086 812 dum
1101 785 1233 819 impuram
1244 785 1447 820 cogitationem,
1460 791 1508 813 aut
1518 786 1613 815 falsum
1625 787 1722 823 dogma

934 832 1057 867 suscipit.
1072 831 1187 859 Fontem
1204 832 1345 867 sapientia:
1364 832 1386 859 is
1400 833 1518 860 obstruit
1539 833 1586 868 qui
1599 834 1657 868 ejus
1671 843 1721 862 no-

93 881 277 916 στρεφόμενος
293 880 343 915 τὴν
355 880 456 915 γνῶσιν
467 880 562 916 αὐτῆς,
576 880 624 907 καὶ
636 881 685 917 τὴν
707 882 821 916 διέξοδον
835 883 882 918 τῆς

940 878 1022 905 titiam
1045 877 1158 913 respuit,
1178 882 1205 905 et
1229 877 1331 904 ﬂuxum
1361 877 1484 906 scientize
1513 878 1560 905 Dei
1589 879 1722 906 sordidat.

92 925 272 959 γνώσεωςτοῦ
280 926 349 953 Θεοῦ
361 926 529 962 ἀπορῤυπῶν
535 926 568 953 τὰ
578 926 633 962 (22)
644 935 650 942 '
658 927 686 954 δὲ
698 929 821 964 νοήματα
836 928 882 955 τοῦ

93 969 137 996 νοῦ
149 991 157 1002 ,
174 970 210 996 τά
235 970 285 1006 μὲν
299 970 432 1006 πτώματα
445 971 585 1006 λέγονται,
600 971 633 997 τὰ
650 971 679 997 δὲ
693 971 833 1007 ὲγέρσεις,
849 971 884 999 τὰ

92 1016 120 1042 δὲ
139 1016 276 1052 καθέδρα,
288 1016 321 1043 τὰ
335 1016 363 1043 δὲ
378 1016 487 1049 στάσις,
499 1017 547 1043 καὶ
562 1016 629 1044 ἄλλα
650 1017 818 1054 περίπατος,
837 1018 884 1045 καί

93 1070 151 1088 τινα
174 1061 267 1088 αὐτῶν
293 1062 494 1098 προσκόμματα
525 1063 705 1099 ὀνομάζεται,
733 1064 780 1091 καὶ
817 1064 885 1091 ἄλλα

93 1108 201 1144 σκληρὰ
215 1109 263 1135 καὶ
278 1109 399 1145 μαλακὰ,
411 1109 458 1136 καὶ
470 1109 557 1145 εὐώδη
572 1110 620 1136 καὶ
632 1109 747 1146 δυσώδη,
762 1111 809 1137 καὶ
821 1110 885 1145 γλυ-

92 1156 153 1181 κεῖα
163 1155 213 1181 καὶ
230 1155 328 1191 πικρὰ,
342 1155 390 1181 καὶ
402 1155 461 1182 λεῖα
477 1155 525 1182 καὶ
542 1155 627 1192 ὀρθά,
642 1156 689 1183 καὶ
707 1156 803 1192 σχολιά
813 1165 819 1172 ’
837 1157 884 1183 καὶ

91 1199 191 1231 πάλιν,
203 1199 239 1226 τὰ
255 1200 304 1236 μὲν
319 1199 401 1226 αὐτοῦ
416 1199 538 1228 καλεῖται
557 1201 673 1228 ἄκανθαι
691 1201 738 1228 καὶ
755 1201 883 1237 τρίϐολοι.

93 1245 125 1272 τὰ
144 1246 174 1272 δὲ
198 1246 256 1280 φῶς
270 1246 318 1273 καὶ
329 1246 441 1278 σκότος.
456 1247 502 1273 καὶ
517 1247 573 1283 ζωὴ
589 1248 636 1275 καὶ
649 1247 778 1280 θάνατος·
792 1248 827 1274 τὰ
844 1248 882 1281 δὲ,

91 1292 167 1325 νόσος
184 1293 234 1319 καὶ
250 1293 349 1326 ὑγίεια,
370 1293 416 1320 καὶ
431 1293 496 1321 ἄλλα
525 1293 606 1321 πάλιν
627 1294 788 1330 ὀνομάζεται
817 1294 882 1329 ψεῦ-

90 1337 197 1370 δοςκαὶ
222 1338 353 1374 ἀλήθεια,
378 1339 425 1366 καὶ
441 1339 527 1366 πολλὰ
550 1340 632 1376 ἕτερα
656 1340 777 1376 ὀνόματα
795 1340 885 1376 τίθησι

91 1385 203 1421 Γραφῆ,
216 1385 289 1412 κατά
302 1394 332 1412 τε
341 1385 391 1421 τῆς
403 1385 493 1421 ψυχῆς
509 1386 556 1413 καὶ
569 1386 624 1413 τῶν
633 1387 776 1422 νοημάτων
788 1386 883 1422 αὐτῆς.

90 1431 188 1466 ὐλίγα
212 1431 241 1458 δὲ
258 1432 291 1458 ὲκ
309 1432 414 1458 πολλῶν
432 1432 505 1459 ἐστιν
525 1433 627 1459 εἰπεῖν·
647 1432 706 1459 ἔστι
733 1432 762 1459 δὲ
780 1432 882 1460 ταῦτα·

89 1477 155 1504 νοῦν
165 1497 173 1509 ,
185 1477 276 1513 ψυχὴν
288 1497 296 1509 ,
313 1477 441 1513 καρδίαν,
456 1477 598 1512 ἄνθρωπον
608 1497 616 1510 ,
636 1477 720 1513 ἄνδρα
729 1497 736 1510 ,
756 1478 883 1511 γυναῖκα,

89 1522 204 1556 δοῦλον,
219 1523 346 1559 οἰκέτην,
361 1522 467 1558 πατέρα
480 1542 487 1554 ,
504 1523 578 1554 υἱὸν,
591 1521 716 1558 πνεῦμα,
734 1522 883 1558 ὀφθαλμὸν,

90 1569 194 1604 στόμα,
212 1569 301 1604 χείλη,
317 1568 459 1603 γλῶσσαν,
475 1568 599 1605 λάρυγγα
609 1588 616 1601 ,
636 1567 757 1601 κοιλίαν,
774 1568 884 1601 κόλπον,

90 1614 239 1651 βραχίονα,
267 1615 412 1647 δάκτυλον,
440 1614 584 1651 μυκτῆρα,
607 1615 760 1651 πρόϐατον,
782 1614 884 1651 ἔριφον,

89 1662 225 1698 ποιμένα,
241 1656 289 1689 καῖ
299 1662 367 1689 ἄλλα
381 1662 491 1689 πλείονα
507 1663 628 1698 ὀνόματα
640 1663 689 1698 τῆς
699 1662 789 1698 ψυχῆς
798 1682 806 1695 ,
822 1662 840 1689 ἃ.
854 1663 885 1690 οὐ

87 1707 207 1735 δυνατὸν
217 1707 267 1734 νῦν
280 1707 451 1743 παραθέσθαι
461 1709 520 1735 κατ’
533 1706 612 1739 εἶδος.

127 1754 233 1790 Bauqu
249 1752 325 1781 εἶπεν
346 1754 463 1782 ἐνταῦθα
482 1754 530 1790 τὴν
545 1755 592 1780 ἐπὶ
617 1754 646 1780 τὸ
658 1755 779 1790 κρεῖττον
799 1753 886 1790 ῥοπὴν

87 1800 141 1836 τῆς
152 1800 286 1836 καρδίας
304 1801 369 1828 ὅταν
381 1807 422 1832 τις
444 1801 494 1827 οὐκ
517 1799 731 1835 ἐπικαλούμενος
751 1799 799 1836 τὴν
822 1799 885 1835 βοή-

89 1847 170 1874 θειαν
185 1847 233 1873 τοῦ
247 1846 316 1873 θεοῦ
329 1847 358 1873 ὲν
371 1846 470 1882 ἐαυτῷ,
487 1847 527 1878 είς
542 1845 638 1881 βουλὴν
655 1846 754 1881 ποιήσῃ
769 1854 796 1872 τι
817 1846 885 1880 ἀγα-

87 1893 137 1920 θὸν
154 1893 227 1928 μετὰ
243 1893 367 1928 σκέψεως
379 1912 386 1925 ,
402 1892 470 1920 ἀλλὰ
483 1891 606 1924 αὐθαδῶς
628 1891 676 1918 καὶ
692 1891 887 1926 ἀλαζονευόμε-

87 1949 134 1972 νος
151 1940 272 1975 ἄρξηται
284 1948 291 1954 ·
307 1940 338 1966 οὐ
346 1939 537 1975 τελεσθήσεται
555 1937 593 1970 δὲ,
609 1937 677 1964 ἀλλὰ
691 1937 886 1972 συμπτωθήσε-

86 1995 136 2014 ται
152 1987 168 2014 δ
183 1987 330 2023 ἐπιχειρεῖ,
346 1986 387 2012 ὅτι
401 1985 432 2012 οὐ
449 1983 646 2021 περιετείχισεν
663 1983 758 2009 ἑαυτὸν
775 1984 808 2018 τῇ
823 1982 886 2018 βοη-

86 2034 153 2070 θείᾳ
165 2033 216 2060 τοῦ
231 2033 299 2060 Θεοῦ
318 2034 358 2064 είς
373 2031 480 2067 βουλήν.

934 924 994 952 Jam
1018 924 1117 952 mentis
1146 923 1336 958 cogitationes,
1363 924 1443 950 modo
1465 923 1556 958 lapsus
1583 924 1721 957 dicuntur,

935 971 1015 998 modo
1033 970 1225 1002 surrectiones,
1242 970 1322 997 modo
1337 970 1427 1003 sedes,
1443 970 1523 996 modo
1538 973 1636 1003 status,
1661 970 1721 997 aliae

935 1015 1092 1048 ambulatio,
1109 1014 1168 1042 alia:
1181 1013 1342 1042 oll'endicula
1360 1015 1532 1047 vocitantur;
1562 1015 1622 1042 alia:
1636 1015 1720 1046 durm,

935 1060 993 1088 alia:
1021 1060 1125 1093 molles,
1151 1064 1178 1087 et
1195 1060 1340 1088 odoriferae
1363 1065 1390 1087 et
1415 1065 1553 1095 putentes,
1578 1065 1605 1088 e‘
1630 1060 1724 1088 dulces

935 1111 1017 1141 atque
1031 1113 1142 1139 amaras,
1158 1112 1184 1133 et
1201 1106 1286 1141 planae
1308 1111 1389 1141 atque
1402 1111 1502 1133 erecta:
1522 1111 1550 1134 et
1564 1106 1720 1134 salebrostc.

935 1152 970 1180 Et
985 1153 1103 1186 insuper.
1132 1151 1186 1179 lies
1202 1151 1321 1186 ejusdem
1338 1151 1458 1187 (nitentis)
1477 1151 1574 1186 partim
1592 1157 1725 1180 vocantur

935 1199 1019 1233 spina:
1036 1206 1067 1226 ac
1082 1197 1184 1229 tribuli,
1209 1205 1312 1225 necnon
1336 1197 1391 1231 lux,
1409 1198 1536 1230 tenebrte,
1556 1197 1623 1230 vita,
1637 1205 1722 1226 mors.

934 1245 1003 1273 Alite
1018 1245 1141 1277 morbus,
1154 1244 1267 1271 sanitas.
1279 1244 1348 1271 Alia:
1361 1248 1492 1278 praeterea
1510 1244 1637 1271 dicuntur
1650 1251 1723 1271 men-

935 1291 1054 1324 dacium,
1066 1291 1167 1318 veritas
1184 1299 1191 1318 :
1205 1295 1232 1317 et
1245 1289 1321 1325 plura
1333 1290 1384 1316 alia
1398 1289 1509 1316 nomina
1524 1290 1639 1325 imponit
1651 1290 1724 1318 Scri—

935 1341 1015 1372 ptura
1040 1336 1139 1364 animae
1165 1335 1246 1363 rebus
1271 1340 1299 1363 et
1325 1334 1538 1370 cogitationibus
1566 1334 1633 1369 ejus.
1669 1335 1723 1362 Sed

936 1389 1021 1418 pauca
1034 1390 1050 1410 e
1067 1381 1160 1409 multis
1175 1381 1266 1409 dicere
1281 1381 1385 1416 placet;
1403 1387 1500 1415 nempe
1517 1384 1645 1413 mentem,
1663 1381 1724 1408 anl-

935 1436 1019 1461 mam,
1041 1436 1099 1461 cor,
1122 1428 1272 1459 hominem,
1294 1427 1393 1460 virum,
1424 1428 1578 1460 mulierem,
1600 1435 1721 1460 servum,

936 1474 1126 1508 domesticum,
1146 1478 1263 1509 patrem,
1278 1473 1373 1506 tilium,
1389 1473 1526 1508 spiritum,
1542 1473 1661 1505 oculum,
1678 1481 1722 1505 os,

936 1521 1019 1553 labia,
1036 1521 1165 1556 linguam,
1180 1524 1284 1556 guttur,
1301 1524 1437 1553 ventrem,
1453 1519 1554 1551 sinum,
1568 1520 1720 1551 brachium,

937 1566 1060 1601 digitum,
1072 1573 1163 1597 nares,
1177 1565 1291 1601 lignum,
1304 1572 1393 1598 ovem,
1409 1565 1525 1598 haedum,
1537 1570 1683 1599 pastorem,
1696 1571 1725 1593 et

937 1615 989 1642 alia
1007 1614 1082 1649 plura
1109 1614 1218 1641 nomina
1247 1614 1354 1647 animm,
1381 1621 1441 1649 quae
1466 1621 1538 1641 nunc
1563 1614 1723 1649 singillatim

937 1662 1050 1697 proferri
1064 1666 1211 1696 nequeunt.

973 1752 1036 1772 ²²-²²
1048 1752 1197 1780 Consilium
1216 1759 1287 1779 nunc
1303 1751 1464 1778 dicitcordis
1482 1751 1515 1778 ad
1525 1752 1652 1778 virtutem
1664 1759 1724 1778 mo—

941 1802 1006 1824 tum.
1023 1797 1089 1825 Cum
1105 1796 1203 1831 aliquis
1218 1797 1263 1824 Dei
1279 1796 1410 1823 auxilium
1426 1796 1475 1823 sibi
1492 1804 1545 1823 non
1559 1797 1725 1825 invocaverit

938 1843 1013 1878 quasi
1027 1843 1060 1870 ad
1076 1843 1231 1876 consilium,
1248 1847 1278 1869 ut
1298 1841 1361 1869 b0ni
1380 1842 1480 1876 aliquid
1494 1843 1664 1870 considerate
1688 1843 1726 1869 fa.

935 1890 1006 1922 ciat;
1030 1889 1077 1917 scd
1100 1889 1228 1916 audacter
1241 1893 1323 1922 atque
1341 1888 1458 1922 superbe
1480 1888 1586 1915 initium
1601 1889 1638 1916 rei
1654 1889 1726 1916 fece-

936 1937 985 1969 rit;
1004 1937 1038 1964 ad
1052 1936 1153 1964 exitum
1169 1943 1220 1963 non
1236 1935 1362 1966 deducet,
1378 1935 1425 1961 sed
1441 1942 1501 1962 cum
1517 1943 1545 1962 re
1561 1943 1610 1962 sua
1631 1943 1724 1963 susce-

935 1988 980 2018 pta
996 1986 1125 2010 corruet:
1150 1982 1213 2016 quia
1230 1989 1282 2008 non
1300 1987 1329 2007 se
1353 1981 1532 2008 communivit
1552 1981 1598 2008 Dei
1623 1981 1725 2009 auxilio

936 2029 970 2055 ad
985 2028 1136 2056 consilium.

831 2076 906 2104 CAP.
928 2076 1019 2104 XXVI.

127 2131 231 2157 Ἵππον
246 2128 364 2156 ὲνταῦθά
383 2137 449 2164 φησι
472 2128 517 2154 τὸν
534 2128 616 2162 ταχὺν
641 2127 680 2157 εἰς
705 2124 822 2160 μάθησιν
842 2132 885 2150 σο-

87 2178 157 2212 φίας
169 2197 179 2208 ,
195 2176 245 2204 καὶ
258 2175 430 2210 δικαιοσύνης
451 2173 573 2201 δεκτικὸν
595 2172 736 2208 ἄνθρωπον
747 2180 753 2186 ·
767 2171 800 2198 δι’
815 2170 884 2198 αἰνι-

87 2223 210 2258 γμάτων
226 2222 255 2248 δὲ
268 2220 407 2257 μαστίζει·
421 2219 474 2255 δνῳ
489 2219 517 2246 δὲ
534 2219 644 2254 κέντρον
656 2226 663 2232 ·
679 2218 724 2244 τὸν
743 2216 841 2252 βραδὺν
856 2216 884 2242 ἐν

87 2270 201 2301 τούτοις
225 2269 282 2299 τοῖς
297 2267 386 2302 λόγοις
407 2265 534 2302 σκληροῖς
549 2265 645 2299 κεντᾷν
657 2284 664 2294 ,
675 2263 776 2311 γφόϐον.
788 2263 885 2311 εμποι-
903 2285 924 2311 D

88 2316 193 2347 οὗντας
203 2323 210 2330 ·
228 2314 298 2342 ἔθνει
312 2314 340 2340 δὲ
350 2314 447 2349 ἄφρονι
466 2312 555 2348 ῥάϐδῳ
567 2310 726 2342 τύπτεσθαι,
739 2309 801 2341 τοὺς
811 2308 887 2335 ἀναι-

90 2362 214 2398 σθήτους
231 2360 366 2395 οἰκέταςῆ
394 2358 565 2395 ὑποχειρίους
587 2357 721 2393 ὁρίζεται·
746 2357 763 2392 ή
788 2355 887 2391 ῥάϐδος

89 2407 149 2443 γὰρ
167 2405 302 2442 σύμϐολόν
318 2405 376 2443 ἐστι
389 2404 535 2434 κολάσεως.

132 2452 184 2479 Ἐκ
199 2451 255 2478 τῶν
270 2450 358 2477 ποδῶν
368 2449 426 2486 (23)
444 2449 538 2480 αὑτοῦ.
554 2458 581 2476 κ.
599 2458 625 2475 τ.
638 2449 663 2475 λ.
673 2447 758 2479 Πόδας
771 2446 887 2473 ἐνταῦθα

91 2499 158 2530 τοὺς
175 2498 284 2529 οἰκέτας
297 2497 395 2533 φησίν·
410 2496 509 2528 ὄνειδος
527 2495 557 2522 δὲ
575 2495 605 2528 ἐξ
624 2495 713 2521 αὐτῶν
725 2495 739 2521 ὁ
754 2492 887 2528 δεσπότης

93 2543 186 2579 ἑαυτῷ
213 2544 347 2574 ποιεῖται,
375 2542 390 2568 ὁ
416 2540 587 2568 ἀποστέλλων
613 2540 688 2574 λόγοι
717 2539 748 2566 δι’
772 2537 887 2572 ἀγγέλου

93 2591 225 2628 ἄφρονος,
240 2590 256 2624 ἢ
273 2589 382 2624 βουλῆς,
400 2588 417 2624 ἢ
436 2587 532 2622 σοφίας
543 2606 550 2618 ,
566 2587 582 2622 ἢ
599 2585 748 2622 πρεσϐείας
760 2585 795 2620 ,ἢ
817 2592 888 2618 συμ-

96 2639 209 2674 μαχίας,
230 2637 247 2672 ἢ
262 2637 350 2670 λόγων
366 2633 546 2670 συμπαθείας.
568 2633 596 2658 '0
611 2632 665 2668 γὰρ
691 2631 785 2667 ἄφρων
804 2629 888 2665 ἡττᾶ-

95 2693 140 2712 ται
157 2685 188 2711 ἐν
200 2683 283 2710 παντί
293 2690 300 2698 ⁵
315 2681 365 2709 καὶ
376 2681 430 2716 γὰρ
449 2681 463 2706 ό
479 2679 580 2715 Κύριος
598 2680 627 2706 ὲν
647 2677 823 2712 Εὑαγγελίοις
837 2683 888 2710 φη-

97 2731 139 2758 σίν
150 2739 158 2746 ⁸
175 2731 218 2757 Οῠ
235 2729 283 2756 δεῖ
293 2727 357 2760 τοῖς
371 2726 443 2753 κυσί
455 2724 570 2752 διδόναι
582 2725 618 2751 τὰ
629 2723 698 2759 ἅγια
707 2743 714 2756 ,
728 2722 800 2750 οὐδὲ
812 2720 890 2754 βάλ-

97 2778 162 2805 -Ιειν
170 2775 242 2809 τοὺς
250 2772 439 2810 μαργαρίτας
452 2771 622 2807 ἔμπροσθεν·
638 2767 697 2796 τῶν
712 2768 831 2803 χοίρων.

976 2125 999 2142 ³⁸
1012 2126 1116 2159 Equum
1136 2131 1208 2150 nunc
1224 2122 1289 2149 dicit
1312 2122 1428 2149 celerem
1453 2122 1486 2148 ad
1505 2122 1643 2156 sapientiae
1662 2130 1723 2156 pcr-

939 2171 1102 2206 ceptionem,
1115 2167 1263 2202 etjustitiae
1278 2174 1405 2201 capacem
1421 2167 1568 2194 hominem.
1586 2166 1725 2202 IEnigma-

941 2217 1011 2244 tibus
1027 2220 1117 2242 autem
1133 2213 1249 2249 ﬂagellat
1263 2221 1271 2240 :
1292 2213 1369 2240 asino
1384 2212 1526 2243 stimulus;
1555 2213 1661 2240 tardum
1676 2213 1726 2240 dn-

939 2263 977 2290 ris
992 2261 1082 2289 verbis
1093 2267 1253 2295 compunge,
1269 2259 1379 2286 incusso
1396 2258 1502 2285 timore.
1525 2258 1603 2286 Genti
1619 2266 1725 2286 vesanae

938 2307 1020 2341 virgae
1033 2306 1244 2340 percussionem.
1263 2311 1313 2332 nec
1329 2312 1380 2331 non
1400 2304 1515 2338 stupidis
1537 2304 1645 2332 famulis
1660 2306 1725 2332 sub-

938 2352 1055 2386 ditiSque
1075 2351 1206 2380 decernit.
1222 2349 1291 2377 Nam
1307 2350 1383 2385 virga
1403 2349 1553 2385 punitionis
1573 2350 1724 2385 symbolum

937 2402 990 2426 est.

974 2444 998 2460 "
1013 2443 1051 2470 Ex
1061 2443 1177 2477 pedibus
1188 2442 1256 2475 suis,
1268 2446 1322 2470 etc.
1336 2441 1423 2470 Pedes
1436 2449 1508 2470 nunc
1521 2442 1587 2470 dicit
1599 2442 1724 2470 famulos.

940 2488 1119 2523 Opprobriutn
1132 2489 1184 2515 sibi
1197 2487 1337 2520 conciliat,
1356 2487 1402 2523 qui
1423 2487 1534 2515 verbum
1549 2494 1598 2523 per
1613 2488 1724 2516 stultum

943 2534 1069 2561 nuntium
1092 2533 1186 2566 mittit,
1207 2533 1265 2560 sive
1288 2533 1408 2566 consilii,
1428 2533 1486 2561 sive
1502 2533 1652 2568 sapientiae,
1668 2533 1726 2560 sive

928 2579 1096 2616 legationis,
1122 2580 1179 2606 sive
1195 2579 1298 2606 bellicae
1322 2579 1472 2611 societatis,
1495 2579 1538 2606 vel
1566 2578 1724 2606 consolandi

942 2633 1033 2653 causa.
1057 2624 1126 2652 Nam
1148 2624 1257 2657 stultus,
1279 2624 1306 2651 in
1323 2624 1396 2651 omni
1417 2631 1447 2652 re
1461 2623 1621 2651 imbecillus.
1636 2623 1726 2657 Quare

941 2677 969 2699 et
982 2670 1144 2699 Dominusin
1153 2669 1306 2705 Evangeliis
1320 2670 1437 2697 ait“-":
1448 2668 1508 2696 Non
1522 2673 1622 2704 oportet
1635 2674 1726 2695 sancta

942 2718 1006 2745 dare
1017 2716 1136 2750 canibus,
1147 2723 1227 2750 neque
1237 2716 1398 2751 margaritas
1410 2721 1469 2742 ante
1485 2723 1577 2750 porcos
1586 2715 1726 2750 proficeret

131 2839 153 2855 ²⁹
168 2847 195 2866 v.
212 2837 258 2865 26.
281 2836 305 2852 ἰ
320 2842 349 2862 v.
362 2833 407 2860 ‘26.
455 2833 512 2854 ‘-’-“
538 2839 564 2859 v.
581 2830 626 2859 as.
659 2830 682 2846 “
701 2837 725 2859 ν,
741 2830 768 2857 5.
803 2828 825 2844 "
842 2833 866 2853 v.
884 2825 909 2852 6.
947 2823 1009 2845 “-"
1028 2821 1122 2850 Matth.
1135 2829 1183 2854 vn,
1198 2820 1224 2849 6.

132 2886 184 2924 (92)
201 2885 269 2914 Cod.
292 2881 483 2917 ἀπορρίπτων.

979 2870 1036 2906 (25)
1053 2869 1144 2896 Ποδῶν
1151 2867 1285 2906 ρτοέδῶν.
