1919 3074
195 127 249 156 939

639 125 917 155 SUPPLEME‘NTUM
934 125 980 153 AD
996 125 1158 154 ORIGENIS
1174 126 1381 155 EXEGETICA.

1775 126 1832 154 2H)

232 198 255 213 ⁸⁸
268 197 321 225 Fac
343 197 411 225 vites
427 198 500 225 stulti
518 198 588 226 viam
605 198 713 232 malam,
733 203 761 226 et
786 198 882 226 falsam
896 198 985 226 scien-

1072 198 1185 234 Περίελε
1205 199 1321 234 ἄφρονος
1336 198 1396 225 ὁδὸν
1418 197 1525 234 κακὴν,
1549 199 1597 225 καὶ
1619 197 1720 232 γνῶσιν
1744 197 1833 234 ψευδῆ

197 249 261 271 tiam
279 251 293 270 a
309 249 334 270 te
347 244 438 279 procul
453 252 557 271 amove.

231 292 254 307 ’ν
269 290 318 324 Qui
339 290 493 324 impertitur
505 297 607 317 vesano
621 290 775 324 scientiam,
792 291 889 318 similis
904 295 946 318 est
958 290 983 317 ei

195 337 241 372 qui
258 337 337 364 vilem
355 336 472 370 lapidem
486 336 512 363 in
525 343 608 364 aureo
622 337 723 364 annulo
736 337 870 369 collocat;
888 336 928 363 vel
943 336 984 363 la-

195 384 283 418 pidem
298 382 446 417 pretiosum
465 382 492 409 in
517 382 599 410 funda
625 391 685 418 qua:
712 383 827 418 lapidem
852 382 982 417 lapidanti

194 430 317 458 remittit.

227 477 249 492 '°
264 476 291 504 Si
306 476 457 513 dissipetur
473 477 685 512 imprudentium
706 482 814 512 stupor,
830 485 884 513 quo
897 486 911 505 a
928 478 982 506 Deo

193 527 378 554 recesserunt,
390 522 480 550 denuo
496 523 587 549 mundi
606 522 669 549 facti
685 523 718 549 ad
734 523 817 549 Deum
831 522 980 549 accedent:

193 569 284 596 Omnis
309 569 380 595 enim
406 577 468 595 caro
485 568 579 596 videbit
606 568 731 596 Salutare
751 567 800 595 Dei
813 568 845 597 ".
866 568 917 595 llic
941 574 983 596 est

191 615 471 647 animadvertendum,
497 615 570 650 quod
595 615 761 643 incrassatas
784 621 897 650 peccato
921 616 981 642 aui-

191 668 261 690 mas.
278 668 375 688 carnes
390 661 536 688 stultorum
552 661 712 688 nominavit.
725 661 771 688 Sic
789 661 870 688 etiam
888 661 980 688 Domi-

190 715 241 734 nus
255 706 323 734 dixit.
338 715 345 734 :
361 706 422 734 Non
439 707 600 741 permanebit
623 707 732 742 spiritus
753 715 826 735 meus
845 708 873 735 in
894 708 979 734 ltomi~

190 753 278 787 nibus,
295 754 358 789 quia
373 761 464 780 carnes
480 758 540 780 sunt
555 753 589 781 ³¹.

225 845 248 861 ³⁸
268 845 318 879 Οιιί
340 850 482 880 postquam
506 849 646 880 peccatum
671 845 877 879 suum'abjecit,
891 845 979 873 denuo

189 892 223 919 ad
238 891 301 918 illud
320 891 473 922 revertitur,
498 890 595 918 similis
610 895 651 918 est
675 890 736 918 caui
753 891 883 918 vomitum
897 898 975 918 suum

188 938 346 965 resumenti.
362 937 407 964 Sic
421 937 473 964 i'uit
489 936 548 964 Loti
569 944 649 970 uxor,
674 942 702 965 et
720 936 763 964 ille
774 937 807 964 ad
821 944 902 971 quem
926 937 978 964 im-

187 985 303 1012 mundus
317 984 428 1017 spiritus
445 983 535 1011 rediit.

221 1030 246 1047 ²⁸
263 1030 397 1058 Utendum
414 1030 522 1057 esthoc
538 1029 618 1056 eil'ato
640 1029 773 1056 adversus
800 1037 846 1056 eos
861 1029 906 1064 qui
921 1028 979 1056 suf-

187 1077 280 1113 fragiis
294 1076 440 1104 nonnullos
463 1076 589 1111 indignos
603 1074 707 1110 eligunt
729 1076 762 1102 ad
782 1075 977 1107 sacerdotium,

186 1123 292 1151 clerove
306 1122 456 1150 ascribunt.
473 1121 569 1155 Neque
584 1122 656 1149 enim
677 1121 820 1156 quisquam
845 1129 878 1148 ex
899 1121 978 1148 nobis

184 1169 251 1204 justi
272 1169 367 1205 judicii
381 1169 426 1203 jus
449 1176 481 1195 ac
505 1163 660 1195 libertatem
683 1168 709 1195 in
730 1167 850 1195 Ecclesia
877 1168 978 1196 consti-

186 1217 239 1244 tuit
252 1224 260 1242 :
275 1223 362 1250 neque
374 1215 430 1242 lizec
445 1215 625 1250 praerogativa
651 1219 744 1242 nostra
758 1219 810 1248 est,
831 1214 877 1242 sed
899 1214 980 1242 Chri-

185 1263 233 1295 sti,
251 1270 303 1297 qua
317 1262 458 1296 judicavit.
477 1266 563 1289 semet
575 1261 730 1297 justiticans
744 1261 851 1288 tradere
867 1261 936 1293 ueci,
951 1265 978 1287 et

187 1309 347 1344 sanguinem
361 1316 410 1343 pro
428 1308 470 1335 illa
485 1307 608 1335 fundere.
623 1307 669 1334 Sic
684 1307 765 1335 etiam
784 1307 908 1343 quisquis
927 1307 978 1334 Ec-

185 1354 276 1382 clesiae
300 1354 405 1381 clavum
430 1360 565 1388 occupare
590 1357 676 1388 optat.
698 1353 778 1381 debet
801 1353 977 1388 semetipsum

186 1400 304 1433 tradere,
329 1404 356 1427 et
370 1399 480 1433 maligni
503 1399 617 1426 caudam
633 1403 735 1430 tenere,
757 1403 785 1425 et
799 1405 846 1425 eos
863 1398 908 1432 qui
927 1397 977 1425 sub

185 1445 307 1482 nequitia
327 1445 422 1480 jacent
446 1445 574 1478 liberare,
588 1449 616 1473 et
639 1445 673 1472 ad
689 1444 790 1472 Christi
808 1445 975 1480 agnitionem

185 1492 330 1519 adducere.

221 1539 243 1554 ³⁵
262 1538 339 1566 Sicut
361 1538 387 1564 iu
406 1537 486 1573 lignis
501 1537 620 1569 ﬂamma,
648 1536 685 1564 ita
708 1537 735 1564 in
759 1537 851 1571 pravis
873 1537 1011 1577 cogita—C

186 1586 305 1614 tionibus
321 1585 413 1619 gliscit
433 1591 461 1612 et
486 1585 540 1611 urit
556 1584 655 1612 mentis
673 1584 706 1611 ad
726 1584 866 1618 passiones
882 1585 974 1611 ardor.

184 1631 236 1660 Ubi
256 1636 346 1659 autem
372 1639 426 1658 non
447 1631 481 1658 sit
501 1629 601 1664 duplex
615 1630 773 1662 commotio,
790 1629 815 1656 id
836 1634 877 1657 est
891 1629 974 1656 animi

183 1678 358 1712 ambiguitas,
377 1677 423 1704 sed
442 1676 482 1703 vel
497 1676 544 1704 Dei
560 1676 602 1703 vel
612 1683 773 1703 mammonae
782 1684 869 1710 amor,
882 1683 975 1704 cessa-

184 1724 224 1752 bit
241 1724 267 1750 in
283 1723 391 1750 homine
408 1722 548 1750 alteruter.
566 1721 634 1749 Nam
651 1722 673 1749 si
688 1722 779 1749 vincat
799 1722 845 1749 Dei
862 1723 975 1750 manda-

185 1775 252 1802 tum,
273 1769 339 1797 illud
358 1768 469 1804 maligni
489 1773 646 1801 evanescet,
670 1772 698 1796 et
719 1775 733 1794 a
755 1767 858 1796 malitia
875 1769 976 1797 otiabi—

185 1822 229 1845 tur
244 1817 334 1844 homo.
351 1815 402 1843 Sin
413 1815 492 1842 ambo
505 1815 625 1843 retinere
642 1814 769 1848 voluerit,
785 1815 839 1843 vita
854 1815 973 1849 excidet,

183 1867 211 1890 et
226 1860 419 1896 temporalibus
438 1861 521 1888 etiam
536 1860 707 1895 spoliabitur.

218 1908 242 1924 ³⁸
258 1907 341 1935 Labia
364 1909 417 1935 hoc
445 1908 505 1935 loco
527 1907 708 1942 cogitationes
725 1907 800 1934 dicit.
816 1907 868 1941 Qui
884 1914 972 1935 autem

183 1955 282 1982 mentis
295 1953 365 1980 labia
379 1960 431 1981 non
448 1952 537 1986 aperit
549 1957 644 1979 contra
657 1952 816 1986 malignum,
839 1953 893 1980 Deo
908 1961 974 1980 con-

182 1999 263 2027 ﬂlens
281 1999 346 2026 vitia
362 2005 425 2030 sua,
445 2001 579 2032 quotquot
606 1996 630 2024 ei
647 1996 690 2024 ille
710 1997 827 2026 inseruit
843 1999 972 2027 adversus

184 2047 279 2077 Deum,
307 2044 357 2072 sed
385 2043 475 2078 potius
502 2042 583 2075 celat,
599 2042 644 2069 hic
662 2050 780 2070 maerore
805 2043 897 2071 obruit
925 2052 973 2072 cor

182 2100 272 2125 suum,
296 2090 379 2119 stulte
401 2089 562 2117 existimans
584 2096 615 2116 se
630 2097 683 2116 non
702 2089 804 2117 habere
818 2096 971 2125 peccatum,

182 2145 271 2170 neque
297 2136 405 2164 interim
434 2135 557 2171 agnoscit
579 2136 624 2163 Dei
641 2135 832 2164 clementiam:
848 2138 909 2173 quia
925 2146 972 2174 po.

183 2184 248 2216 tius,
264 2190 360 2217 nempe
374 2182 415 2209 liis
432 2181 468 2208 ita
484 2181 656 2217 sperantibus
669 2186 696 2208 et
711 2182 768 2210 haec
789 2183 814 2210 ei
837 2184 970 2212 conﬁten-

1037 244 1147 280 μακρὰν
1162 245 1274 280 ποίησον
1295 245 1341 271 ἀπ’
1357 244 1450 271 αὑτοῦ.

1076 290 1105 316 '0
1119 290 1275 325 μεταδιδοὺς
1292 291 1389 326 ἄψρονι
1405 290 1521 324 γνῶσιν,
1543 289 1636 325 ὅμοιός
1658 290 1716 315 ἐστι
1737 287 1779 324 τῷ
1793 287 1833 314 λί-

1035 334 1080 363 θον
1092 326 1190 372 ἄτιμον
1202 338 1231 363 ἐν
1249 337 1379 372 σφενδόνῃ
1404 337 1490 372 χρυσῇ
1516 335 1704 371 προσπήξαντι
1715 343 1723 351 δ
1741 335 1758 370 ἦ
1791 334 1833 360 λί-

1035 380 1080 408 θον
1095 382 1203 418 ἔντιμον
1216 383 1244 409 ἐν
1263 382 1393 418 σφενδόνῃ
1406 381 1581 418 λιθοϐολούσῃ
1592 380 1745 407 λιθάσαντι.

1076 475 1139 502 Ἐὰν
1155 475 1284 511 συντριϐῇ
1301 476 1318 510 ή
1337 474 1464 506 ἔκστασις
1478 473 1533 501 τῶν
1551 474 1676 510 ἀφρόνων
1688 494 1695 505 ,
1716 473 1780 500 καθ’
1799 474 1833 508 ἢν

1033 522 1182 558 ἐξέστησαν
1198 521 1266 549 Θεοῦ
1279 543 1286 555 ,
1304 522 1385 548 πάλιν
1410 521 1524 558 καθαροὶ
1548 514 1690 557 γενόμενοι
1709 522 1831 558 προσέρ-

1032 576 1126 603 χονται
1143 567 1182 602 τῷ
1198 567 1270 603 Θεῷ·
1287 566 1375 595 Πᾶσα
1395 567 1545 603 γὰρ’σέιρξ
1559 568 1662 601 ὄψεται
1679 567 1713 594 τὸ
1729 566 1833 600 Σωτή-

1028 622 1097 648 ριον
1105 613 1159 640 τοῦ
1172 613 1257 641 Θεοῦ.
1290 613 1458 649 Προσεκτέον
1473 613 1501 639 δὲ
1516 605 1641 645 ἐνταῦθα,
1655 613 1696 639 δτι
1712 612 1765 644 τὰς
1778 619 1833 639 πα-

1032 662 1176 698 χυνθείσας
1191 661 1280 697 ψυχὰς
1292 661 1346 688 ἀπὸ
1361 661 1411 696 τῆς
1433 661 1532 693 κακίας
1542 682 1549 693 ,
1572 661 1676 697 σάρκας
1699 659 1832 695 ἀφρόνων

1031 709 1172 744 ὠνόμασεν
1184 715 1191 722 ·
1207 707 1279 735 οὕτω
1294 708 1341 735 καὶ
1354 709 1368 734 ὸ
1380 708 1482 744 Κύριός
1499 716 1581 743 φησιν
1593 716 1600 723 ·
1616 709 1657 734 υὺ
1680 707 1724 742 μὴ
1740 715 1832 734 κατα-

1028 756 1117 789 μείνῃ
1129 754 1163 781 τὸ
1177 753 1295 788 πνεῦμά
1312 763 1372 789 μου
1384 754 1419 781 ὲν
1437 754 1499 787 τοῖς
1519 753 1685 789 ἀνθρώποις
1695 773 1702 786 ,
1718 752 1770 780 διὰ
1797 752 1831 779 τὸ

1030 799 1106 828 εἶναι
1117 801 1228 833 αὐτοὺς
1238 800 1367 834 σάρκας.

1072 847 1101 874 '0
1115 846 1261 873 ἀποϐαλὼν
1273 867 1280 879 ,
1294 847 1361 882 φησὶ
1373 866 1380 878 ,
1402 845 1501 872 κακίαν
1515 842 1597 871 αὑτοῦ
1608 863 1615 875 ,
1631 844 1679 871 καὶ
1693 843 1764 879 πρὸς
1779 844 1830 871 αὐ-

1029 893 1079 929 τὴν
1094 893 1176 920 πάλιν
1201 892 1386 928 ἐπιστρέψας,
1413 891 1505 927 ὅμοιός
1533 891 1592 917 ἐστι
1621 891 1683 916 κυνὶ
1706 889 1829 917 ἐσθίοντι

1030 939 1076 966 τδν
1089 939 1153 966 ἴδιον
1168 939 1278 974 ἐμετόν·
1294 936 1337 965 οἶα
1356 936 1390 973 ἦν
1401 938 1418 973 ἡ
1433 937 1480 964 τοῦ
1498 937 1559 963 Λὼτ
1576 936 1644 972 γυνὴ
1658 956 1664 969 ,
1684 936 1734 963 καὶ
1755 937 1829 971 πρὸς

1029 985 1058 1011 ὃν
1071 985 1101 1012 ab
1117 985 1270 1021 ἀκάθαρτον
1291 984 1400 1020 πνεῦμα
1414 983 1591 1019 ἐπέστρεψεν.

1063 1032 1203 1068 Χρηστέον
1214 1031 1301 1066 τούτῳ
1315 1030 1353 1066 τῷ
1370 1029 1444 1066 ῥητῷ
1460 1030 1526 1065 πρὸς
1545 1029 1608 1061 τοὺς
1621 1028 1830 1065 ψηφιζομένους

1029 1078 1105 1109 τινας
1119 1077 1174 1104 τῶν
1185 1077 1302 1110 ἀναξίων
1321 1077 1349 1104 ἐν
1366 1075 1509 1111 ἱερωσύνῃ,
1522 1075 1539 1110 ἢ
1555 1075 1583 1101 ὲν
1593 1074 1686 1110 κλήρῳ
1698 1082 1704 1089 ·
1725 1073 1756 1100 οὺ
1771 1073 1829 1108 γὰρ

1029 1126 1061 1151 ἐκ
1071 1124 1124 1151 τῶν
1138 1124 1199 1151 καθ’
1211 1124 1286 1160 ἡμᾶς
1300 1132 1343 1155 τις
1355 1123 1404 1157 τὴν
1427 1121 1625 1156 δικαιοκρισίαν
1645 1121 1693 1148 καὶ
1717 1120 1827 1147 ἐλευθε-

1030 1171 1090 1208 ρίαν
1115 1171 1165 1206 τῆς
1187 1169 1349 1206 Ἐκκλησίας
1374 1168 1570 1204 ἐποιήσατοοῆ
1593 1166 1714 1204 ἡμετέρα
1738 1166 1826 1197 ἐστὶν,

1030 1216 1097 1244 ἀλλὰ
1109 1215 1238 1253 Χριστοῦ,
1250 1216 1284 1242 δι’
1298 1215 1331 1251 ἣν
1347 1215 1438 1249 ἔκρινε
1453 1213 1600 1245 δικαιώσας
1618 1212 1714 1239 ἑαυτὸν
1731 1213 1826 1247 σφαγῇ

1028 1262 1152 1298 δοθῆναι,
1178 1262 1226 1289 καὶ
1242 1261 1356 1297 χυθῆναι
1376 1261 1406 1287 τὸ
1428 1259 1497 1296 αἷμα
1524 1259 1606 1287 αὐτοῦ
1626 1259 1695 1294 ὑπὲρ
1716 1258 1826 1293 αὐτῆς·

1029 1308 1099 1335 οὕτω
1117 1308 1184 1335 καὶὸ
1198 1309 1251 1339 πᾶς
1267 1316 1308 1339 τις
1326 1307 1488 1342 Ἐκκλησίας
1507 1306 1604 1337 οἴακας
1619 1303 1826 1340 ἐγκεχειρίσθαι

1029 1353 1180 1389 ἐπιθυμῶν,
1197 1353 1298 1387 ὀφείλει
1316 1353 1411 1379 ἑαυτὸν
1426 1352 1549 1379 ἐκδοῦναι
1563 1372 1570 1384 ,
1587 1351 1633 1377 καὶ
1647 1351 1697 1385 τῆς
1721 1350 1826 1385 κέρκου

1028 1400 1075 1427 τοῦ
1089 1398 1209 1435 πονηροῦ
1231 1398 1386 1435 κρατῆσαι,
1401 1398 1448 1425 καὶ
1461 1399 1523 1430 τοὺς
1538 1397 1590 1423 ὑπὸ
1605 1396 1654 1432 τὴν
1671 1394 1754 1423 αὐτοῦ
1773 1403 1826 1422 κα-

1028 1447 1091 1473 κίαν
1103 1445 1295 1482 ἐλευθερῶσαι,
1309 1445 1355 1472 καὶ
1368 1445 1406 1476 εἰς
1418 1445 1467 1480 τὴν
1482 1443 1529 1470 τοῦ
1544 1442 1661 1479 Χριστοῦ
1674 1442 1827 1476 ἐπίγνωσιν

1028 1493 1225 1529 προσαγαγεῖν.

1065 1539 1169 1574 ’Ὠσπερ
1191 1539 1220 1565 ἐν
1239 1537 1327 1570 ξύλοις
1349 1536 1379 1563 τὸ
1396 1536 1461 1572 πῦρ,
1475 1535 1562 1568 οὕτως
1587 1536 1615 1562 ἐν
1631 1536 1760 1571 πονηροῖς
1777 1534 1825 1560 λθ·-

1027 1587 1136 1621 γισμοῖς
1159 1584 1250 1611 ϐάλλει
1270 1584 1317 1610 καὶ
1342 1582 1414 1609 καίει
1435 1583 1449 1608 ὀ
1467 1582 1535 1617 πρὸς
1558 1580 1593 1607 τὰ
1614 1581 1686 1616 πάθη
1705 1580 1752 1607 τοῦ
1775 1581 1824 1607 νου

1027 1631 1126 1667 θυμός·
1142 1631 1209 1658 ὅπου
1222 1630 1250 1656 δέ
1266 1630 1315 1656 οὐκ
1330 1629 1388 1655 ἐστι
1404 1628 1515 1663 δίθυμος
1525 1647 1531 1659 ,
1552 1627 1675 1654 τουτέστι
1697 1626 1823 1661 δίψυχος,

1026 1678 1083 1705 ἀλλ’
1104 1677 1120 1713 ἢ
1198 1676 1267 1711 Θεῷ,
1288 1675 1304 1711 ἦ
1323 1674 1362 1710 τῷ
1382 1674 1535 1710 μαμμωνᾷ,
1557 1673 1777 1708 ήσυχασθήσεται
1793 1671 1826 1704 ἐξ

1026 1724 1108 1751 αὐτοῦ
1129 1724 1159 1750 τὺ
1175 1723 1204 1750 ἓν
1220 1723 1267 1749 τοῦ
1287 1722 1395 1756 ἐτέρου·
1412 1721 1472 1756 ἢτὸ
1496 1720 1541 1747 τοῦ
1564 1719 1632 1746 Θεοῦ
1654 1719 1824 1754 πρόσταγμα

1025 1770 1150 1806 νικῆσαν,
1172 1769 1202 1796 τὸ
1217 1768 1264 1796 τοῦ
1282 1767 1400 1803 πονηροῦ
1426 1767 1592 1802 τακήσεται,
1613 1766 1660 1792 καὶ
1679 1766 1710 1801 τῇ
1734 1764 1824 1800 κακίᾳ

1025 1816 1249 1852 προσειρηνεύσει
1259 1824 1266 1830 ·
1286 1814 1332 1842 ἐὰν
1346 1814 1374 1840 δὲ
1388 1814 1421 1840 τὰ
1436 1813 1482 1840 δύο
1495 1813 1593 1843 ἕλοιτο,
1613 1812 1660 1838 καὶ
1679 1811 1729 1847 τῆς
1746 1810 1823 1846 ζωῆς

1024 1864 1146 1896 ἐκπέσοι,
1161 1863 1207 1889 καὶ
1222 1862 1276 1888 τῶν
1291 1860 1466 1897 προσ-χαίρων
1483 1859 1693 1894 στερηθήσεται.

1060 1909 1142 1945 Χείλη
1167 1909 1284 1936 ἐνταῦθα
1309 1909 1372 1940 τοὺς
1397 1906 1544 1942 λογισμούς
1569 1913 1666 1941 φησιν·
1693 1905 1708 1931 ὁ
1727 1905 1756 1932 δὲ
1785 1905 1823 1931 τὰ

1024 1957 1100 1992 χείλη
1119 1956 1166 1983 τοῦ
1188 1956 1233 1982 νοῦ
1252 1956 1288 1991 μὴ
1307 1955 1422 1990 ἀνοίγων
1441 1953 1511 1980 κατὰ
1528 1952 1575 1980 τοῦ
1597 1951 1728 1988 πονηροῦ,
1751 1952 1822 1988 πρὸς

1023 2003 1068 2030 τὸν
1084 2003 1151 2029 Θεὸν
1174 2001 1420 2037 ἐξομολογούμενος
1435 2000 1469 2026 τὰ
1487 1999 1570 2032 κακὰ,
1583 2000 1633 2025 ὅσα
1650 1998 1822 2034 ἐνσπείρειεν

1023 2048 1097 2084 αὐτῷ
1115 2048 1186 2075 κατὰ
1202 2048 1249 2074 τοῦ
1266 2047 1345 2078 Θεοῦ,
1364 2047 1432 2073 ἀλλὰ
1447 2046 1573 2081 κρύπτει,
1594 2045 1667 2081 λύπῃ
1685 2043 1821 2070 καλύπτει

1023 2094 1119 2121 ἑαυτοῦ
1146 2093 1271 2129 καρδίαν,
1293 2092 1323 2125 ἐξ
1352 2091 1509 2126 ἀφροσύνης
1536 2090 1573 2125 μὴ
1599 2088 1717 2125 νομίζων
1746 2088 1820 2124 ἔχειν

1022 2141 1173 2176 ἁμάρτημα
1193 2140 1222 2165 ἐν
1239 2139 1360 2169 τούτοις·
1381 2139 1431 2165 οὐκ
1454 2136 1532 2169 εἰδὼς
1549 2136 1597 2172 τὴν
1617 2135 1664 2162 τοῦ
1684 2135 1752 2162 Θεοῦ
1773 2135 1820 2161 εὐ-

1024 2186 1203 2221 σπλαγχνίαν·
1220 2186 1260 2212 ὅτι
1283 2184 1381 2220 μᾶλλον
1400 2186 1455 2216 τοῖς
1471 2183 1564 2221 οὕτως¹
1576 2182 1744 2217 ὑπομένουσι
1771 2182 1820 2208 καὶ

184 2228 267 2261 tibus,
287 2234 403 2254 coronas
423 2227 528 2260 tribuit,
556 2236 605 2255 ceu
635 2228 756 2263 quotidie
780 2234 893 2264 propter
907 2238 968 2258 eum

1047 2231 1229 2266 ξαγγέλλουσιν
1245 2230 1319 2266 αὐτῷ
1337 2230 1439 2263 ταῦτα,
1462 2229 1610 2263 στεφάνους
1630 2228 1765 2263 ἀπονέμει
1780 2227 1820 2259 ὡς

183 2273 382 2303 dimicantibus.

1025 2279 1085 2306 καθ’
1097 2277 1214 2313 ἑκάστην
1226 2277 1336 2305 ἁθλοῦσι
1350 2277 1383 2303 δι’
1396 2276 1476 2303 αὐτόν

895 2326 972 2356 CAP.
992 2326 1099 2355 XXVII.

219 2371 240 2386 ³⁷
251 2370 356 2402 Illudit,
371 2377 420 2405 pro
431 2371 537 2405 gaudet,
549 2371 692 2400 intellexit.
705 2370 771 2398 Nam
786 2380 852 2407 pura
866 2375 969 2408 anima,

183 2417 245 2444 dum
254 2415 348 2443 delicia
354 2415 430 2443 turin
443 2416 557 2444 scientia
569 2417 783 2451 Scripturarum,
794 2419 893 2453 gaudet
901 2420 969 2448 bene

181 2466 285 2489 satura.
300 2461 334 2487 At
352 2461 456 2495 impura
472 2461 562 2488 anima
586 2461 682 2489 falsam
697 2470 804 2498 quoque
825 2464 967 2493 scientiam

182 2511 258 2543 [autat
273 2507 385 2534 omnino
398 2514 460 2534 esse
478 2514 581 2534 veram.

218 2554 241 2570 ³⁸
254 2552 301 2580 Vel
317 2553 406 2580 cordis
421 2553 508 2585 locus,
524 2557 565 2579 est
579 2553 665 2582 virtus
677 2562 710 2582 ac
723 2555 854 2584 scientia:
871 2564 886 2583 a
905 2556 967 2592 qui-

181 2601 232 2631 bus
243 2599 377 2628 alienatus
390 2599 483 2632 homo,
495 2598 592 2626 incidit
608 2600 635 2627 in
652 2601 800 2635 nequitiam
817 2608 899 2637 atque
927 2603 968 2629 iii-

181 2645 298 2678 scitiam,
326 2645 408 2680 ﬁtque
423 2652 517 2672 servus
543 2645 647 2679 peccati
674 2647 746 2681 quod
773 2651 874 2682 patrat.
898 2647 967 2675 Nam

181 2696 316 2727 quatenus
335 2692 416 2719 homo
429 2691 570 2719 rationalis
583 2696 637 2725 est,
651 2691 725 2720 locus
740 2693 798 2728 ejus
813 2693 897 2721 virtus
913 2697 966 2720 est.

1067 2374 1221 2409 Ἐμπαίζῐει,
1243 2374 1303 2401 ἀντὶ
1317 2372 1363 2400 τοῦ
1380 2374 1485 2408 χαίρει,
1498 2372 1578 2399 ἕλαὸε
1588 2381 1594 2387 ·
1610 2371 1684 2406 ψυχὴ
1698 2371 1755 2406 γὰρ
1768 2379 1822 2397 κα-

1022 2421 1107 2457 θαρὰ,
1139 2420 1340 2456 κατατρυφῶσα
1370 2420 1420 2455 τῆς
1449 2419 1576 2454 γνώσεως
1601 2419 1656 2445 τῶν
1685 2418 1817 2453 Γραφῶνκ

1021 2467 1111 2502 χαίρει
1131 2466 1340 2502 ἐμπιπλαμένη·
1362 2466 1434 2501 ψυχὴ
1451 2466 1479 2492 δὲ
1502 2465 1672 2501 ἀκάθαρτος,
1696 2465 1744 2491 καὶ
1767 2465 1819 2500 τὴν

1020 2512 1192 2548 ψευδώνυμον
1208 2511 1317 2546 γνῶσιν.
1332 2511 1417 2547 ἀληθῆ
1433 2511 1541 2542 πάντως
1555 2510 1669 2545 νομίζει.

1058 2558 1093 2584 Ἢ
1107 2558 1189 2590 τόπος
1205 2558 1328 2594 καρδίας,
1347 2557 1431 2593 ἀρετὴ
1450 2559 1496 2583 καὶ
1512 2556 1620 2590 γνῶσις,
1636 2555 1682 2590 ἀφ’
1696 2551 1735 2581 ὧν
1748 2554 1818 2581 ἀποο

1020 2603 1145 2637 ξενωθεὶς
1165 2603 1306 2640 ἄνθρωπος
1321 2604 1414 2630 πίπτει
1429 2604 1467 2635 εἰς
1482 2603 1580 2630 κακίαν
1597 2602 1644 2628 καὶ
1661 2601 1814 2635 ἀγνωσίαν,

1020 2650 1067 2676 καὶ
1081 2649 1184 2684 γίνεται
1203 2650 1295 2681 δοῦλος
1308 2650 1356 2685 τῆς
1371 2649 1507 2684 ἁμαρτίας
1528 2648 1612 2675 ποιῶν
1626 2648 1713 2683 αὑτήν
1724 2656 1731 2662 ·
1746 2646 1816 2673 καθὸ

1019 2696 1074 2732 γὰρ
1088 2696 1196 2730 λογικός
1212 2697 1280 2728 ἐστι,
1293 2695 1374 2728 τόπος
1390 2695 1471 2723 αὐτοῦ
1487 2697 1503 2730 ἡ
1521 2695 1616 2730 ἀρετή.

217 2844 238 2858 ’σ
253 2850 278 2882 ξ.
301 2840 341 2882 7.__
366 2844 426 2882 "7v.
445 2845 471 2873 8.
511 2845 532 2862 ³⁸
558 2854 582 2874 v.
603 2846 644 2876 lo.
684 2846 704 2863 "
719 2846 784 2876 Luc.
802 2854 844 2880 Ill,
869 2848 895 2875 6.
935 2847 956 2864 "
975 2847 985 2876 (

1069 2849 1143 2882 ",5.
1183 2847 1205 2865 ³²
1222 2856 1248 2875 v.
1266 2847 1309 2876 ll.
1349 2847 1370 2862 "
1389 2854 1413 2874 ι’.
1435 2847 1476 2874 l7.
1518 2845 1539 2862 "‘
1555 2853 1579 2873 ι’.
1596 2844 1642 2873 ‘20.
1673 2844 1707 2863 ⁴⁸
1720 2853 1746 2872 v.
1759 2843 1808 2872 ει.

180 2876 202 2893 ³⁷
218 2886 242 2905 ι’.
255 2878 280 2905 7.
320 2878 342 2894 ³⁸
354 2884 380 2908 ν,
394 2881 421 2907 8.
