1919 3074
104 124 154 155 ιλιι

730 131 914 160 EXPOSITIO
928 131 963 160 IN
978 131 1183 160 PROVERBIA.

1703 134 1757 162 ΞίΞ

143 186 218 219 Νοῦς
239 188 364 225 ἀπαθὴς
383 189 514 222 ποικίλοις
525 189 664 226 τέρπεται,
686 191 768 227 σοφία
787 191 834 219 καὶ
849 190 914 226 γνώ-

1004 191 1026 208 ³⁹
1046 191 1121 219 Mens
1136 190 1330 226 cripiditatibus
1354 189 1440 218 libera
1455 189 1622 218 multimodis
1635 189 1756 218 delecta-

118 241 166 265 σει,
180 233 231 260 καὶ
245 233 397 270 ὑμνῳδίᾳ·
416 234 477 267 νοῦς
489 235 517 262 δὲ
533 236 678 272 ἐμπαθὴς,
688 237 717 263 ὲν
734 237 856 273 ἀγνωσία
871 236 918 263 καὶ

121 279 200 315 κακίᾳ
220 281 466 316 καταρρήγνυται,
487 282 534 309 καὶ
551 283 590 314 εἰς
614 282 713 318 πτῶμα
730 283 838 321 ἔρχεται
853 283 918 309 δυσ-

127 326 194 352 ίατον
209 325 257 352 καὶ
276 325 364 361 μέγα.

159 371 232 404 Φίλος
244 372 328 407 ἡμῶν
350 371 399 399 καὶ
415 369 468 398 τῶν
484 368 623 406 πρόπαλαι
641 369 778 405 πατέρων,
797 371 845 397 καὶ
864 372 918 400 τῶν

127 418 184 453 μεθ’
201 419 287 453 ἡμᾶς,
310 419 325 445 ὁ
348 418 417 449 Θεός
443 417 532 443 ἐστιν·
557 415 637 447 αὐτὸς
661 415 715 452 γὰρ
740 414 832 443 εἶπεν·
854 418 920 453 Ἐμέ

125 463 324 497 ἐγκατέλιπον
341 461 445 498 πηγὴν
467 461 576 494 ὓδατος
596 460 713 495 ζῶντος,
731 462 781 489 καὶ
801 461 920 497 ὤρυξαν

124 508 243 542 ἑαυτοῖς
268 508 406 542 λάκκους
430 507 712 542 συντετριμμένους.
728 523 764 528 --
789 509 921 538 Ἐνταῦθα

123 553 239 589 ἀδελφὸς
254 555 268 581 ὁ
286 555 401 590 Χριστός
425 555 482 580 ἔστι
503 553 574 580 κατὰ
594 553 688 589 χάριν·
710 554 749 586 είς
769 553 797 580 δὲ
819 555 864 581 τὸν
881 553 920 582 οἷ-

124 609 171 627 κον
190 600 240 627 τοῦ
263 600 379 636 ἀδελφοῦ
407 609 464 632 σου,
485 601 548 628 ἀνευ
570 599 623 626 τῶν
646 599 769 634 ἐντολῶν,
793 597 830 627 ὧν
853 603 919 638 ἡμῖν

122 646 251 679 δέδωκεν,
276 648 317 679 εἰς
342 646 466 680 ἐξουσίαν
493 646 541 673 τοῦ
562 645 692 672 εἰσελθεῖν
718 647 759 678 είς
781 646 826 673 τὸν
847 645 920 674 οἷκον

124 692 222 725 αὑτοῦ,
241 693 379 720 τουτέστιν
394 694 433 725 είς
447 693 496 729 τὴν
510 692 564 719 τῶν
579 692 700 728 οὐρανῶν
720 692 866 728 βασιλείαν,
883 693 921 730 μὴ

124 738 250 775 εἰσέλθῃς
258 738 365 774 ἀτυχῶν
371 739 481 765 τούτων·
492 737 609 769 τοιοῦτος
617 738 671 774 γὰρ
678 735 711 774 ἦν
719 738 765 765 καὶ
774 739 788 765 ὁ
794 738 920 765 εἰσελθὼν

124 785 165 817 είς
181 780 347 820 τὺνγάμον,
372 785 409 821 μὴ
432 785 501 819 ἔχων
525 783 626 820 ἔνδυμα
649 783 756 819 γάμου·
783 784 870 816 δεθεὶς
892 784 920 812 δὲ

123 832 221 867 χεῖρας
235 831 284 858 καὶ
302 831 385 864 πόδας
407 829 538 866 ἐξεϐλήθη
559 829 605 857 τοῦ
622 829 723 866 γάμου.
740 846 775 851 —
794 831 920 865 ’Λδελφδς

121 878 204 912 ἡμῶν
222 877 341 904 ἐνταῦθα
355 878 369 904 ὁ
383 877 436 904 τῶν
452 877 575 912 ἀγγέλων
588 877 666 912 χορός
686 877 758 904 ἐστι·
776 877 846 904 κατά
865 878 919 914 γὰρ

120 923 172 959 τὴν
195 923 252 950 τῶν
277 923 400 957 ἀγγέλων
421 923 500 957 φύσιν
523 923 576 959 πρὸ
594 923 644 958 τῆς
668 923 850 959 παραϐάσεως
872 925 919 951 καὶ¹

122 968 258 1001 πτώσεως
275 970 288 995 ὁ
300 968 423 1001 διάϐολος
439 969 493 996 τῶν
510 969 631 1004 ἀγγέλων
644 970 692 996 καὶ
705 970 784 1005 ἡμῶν
796 970 900 1006 ὑπῆρχε
910 979 917 985 -

125 1016 203 1050 φίλος
225 1015 255 1042 δὲ
275 1015 353 1051 ἡμῶν
374 1016 447 1042 ἐστιν
463 1017 477 1042 ὁ
491 1015 571 1047 Θεός·
596 1017 722 1051 κρεῖσσον
738 1016 767 1043 δὲ
782 1016 820 1051 τῷ
836 1018 918 1051 ἐγγυς

121 1061 194 1096 τέρῳ
215 1061 264 1087 καὶ
286 1060 404 1097 ἀληθινῷ
433 1061 492 1096 Θεῷ
516 1061 593 1097 ἡμῶν
610 1061 656 1088 καὶ⁴
677 1061 746 1097 φίλῳ
767 1062 851 1096 ἐγγὺς
872 1064 919 1089 καὶ

122 1105 329 1141 πλησιεστέρως
346 1105 470 1141 οἶκεῖν,ἢ
485 1105 525 1141 τῷ
541 1105 649 1142 μακρὰν
663 1106 709 1132 ἀπ’
723 1106 805 1133 αὑτοῦ
821 1107 918 1134 ’ἑαυτὸν

123 1153 273 1188 ποιήσαντι
298 1152 431 1187 διαϐόλῳ,
459 1152 496 1184 ὡς
524 1151 629 1188 ἀδελφῷ
656 1152 797 1186 ὑπείκειν,
820 1154 860 1185 είς
889 1153 919 1180 τὸ

123 1197 323 1225 συναπολέσθαι
352 1198 436 1234 αὐτῷ.
453 1214 486 1219 ——
504 1198 647 1235 Κρείσσων
673 1200 688 1226 ὁ
717 1199 918 1235 συναπτόμενός

125 1253 170 1278 μοι
188 1243 236 1271 διὰ
250 1244 300 1280 τῆς
319 1244 436 1280 ἀληθοῦς
453 1243 590 1279 γνώσεως,
607 1245 676 1281 ὑπὲρ
690 1245 735 1272 τὸν
750 1246 919 1282 συναπτόμε-

122 1290 168 1316 νόν
182 1299 228 1325 μοι
246 1290 326 1325 μόνον
341 1289 385 1316 διὰ
398 1290 448 1325 τῆς
464 1290 581 1325 φύσεως.

158 1335 213 1362 Τοῦ
230 1334 375 1371 ἀνθρώπου
394 1333 478 1367 οἶκος,
498 1337 515 1371 ἡ
530 1335 629 1372 ἀρετή·
646 1335 694 1363 ὲάν
711 1334 758 1363 οῦν
781 1337 818 1372 μὴ
836 1345 918 1363 σπου-

121 1381 204 1413 δαίως
218 1381 323 1416 ταύτης
346 1381 519 1418 ἐπιμελῆται,
541 1383 570 1409 ἐν
591 1382 679 1418 καιρῷ
696 1383 855 1420 πειρασμῶν
869 1384 917 1410 ὲκ-

122 1436 219 1455 mmet
235 1427 331 1463 αὐτῆς.

157 1475 235 1510 Συκῆ
250 1475 367 1502 ἐνταῦθα
381 1476 399 1511 ἡ
416 1476 571 1512 δικαιοσύνη
592 1477 609 1512 ἡ
628 1476 675 1503 τοῦ
690 1477 757 1504 Θεοῦ
781 1479 864 1510 ἐστιν,
885 1478 916 1514 ἣν

971 241 1024 269 tur,
1045 236 1190 270 sapientia,
1209 239 1238 262 et
1254 235 1380 268 scientia,
1396 240 1480 270 atque
1495 234 1654 270 hymnodia.
1680 235 1758 264 Mens

969 287 1063 309 contra
1080 280 1251 316 passionibus
1265 281 1394 312 obnoxia,
1408 281 1558 316 ignorantia
1568 286 1595 308 et
1614 280 1757 315 iniquitate

969 326 1160 363 proscinditur,
1169 327 1250 361 ﬁtque
1256 335 1352 362 magna
1361 327 1437 354 ruina
1444 331 1469 355 et
1477 334 1554 362 pcene
1562 327 1756 363 irreparabilis.

1003 373 1026 390 ⁸ο
1041 372 1154 400 Amicus
1177 378 1270 400 noster
1284 377 1312 400 et
1338 372 1510 407 antiquorum
1525 377 1633 407 patrum
1658 378 1685 400 et
1709 380 1756 407 po-

970 424 1104 448 sterorum
1120 424 1286 450 nostrorum,
1301 417 1374 446 Deus
1384 423 1435 445 est.
1449 417 1510 452 Ipse
1524 419 1597 445 enim
1612 418 1699 445 dixit:
1713 417 1757 444 Me

969 464 1162 500 dereliquerunt
1177 464 1276 499 fontem
1290 472 1365 499 aqua:
1377 464 1493 496 viventis,
1508 468 1533 490 et
1545 464 1692 498 e/I'oderunt
1705 463 1756 490 sibi

969 510 1099 537 cisterna:
1114 510 1256 544 dissipatas
1270 509 1303 537 “.
1317 525 1352 530 —
1365 509 1421 537 Hoc
1444 510 1503 536 loco
1526 508 1609 536 frater
1632 509 1757 536 Christus

969 561 1012 584 est
1021 563 1069 592 per
1082 557 1207 592 gratiam.
1234 556 1286 583 Sed
1313 556 1339 583 in
1356 556 1464 583 domum
1483 555 1575 582 fratris
1590 555 1638 587 tui,
1655 555 1756 590 absque

971 602 1113 637 prmceptis
1130 609 1190 637 qua:
1213 601 1288 630 dedit
1308 602 1396 634 nobis,
1413 606 1443 628 ut
1469 601 1545 636 copia
1570 605 1643 628 esset
1663 601 1756 635 ingre-

971 648 1061 675 diendi
1077 648 1103 675 in
1118 648 1228 676 domum
1243 647 1312 682 ejus,
1329 648 1354 675 id
1375 652 1416 676 est
1434 648 1460 675 in
1480 647 1609 675 cui-lorum
1629 654 1755 682 regnum,

971 703 1006 722 ne
1020 694 1140 722 introeas
1157 694 1180 722 si
1201 695 1245 722 his
1262 694 1371 729 inquam
1395 701 1499 722 careas.
1525 693 1592 721 Nam
1609 693 1669 720 talis
1684 698 1754 726 erat,

971 740 1016 776 qui
1036 740 1069 767 ad
1091 740 1199 776 nuptias
1214 740 1321 768 introiit
1339 740 1441 775 absque
1462 746 1538 768 veste
1558 739 1682 775 nuptiali,
1709 739 1757 774 qui

972 786 1064 822 ligatis
1079 786 1204 814 manibus
1219 793 1252 814 ac
1265 786 1378 821 pedibus
1394 788 1428 814 de
1443 786 1489 813 illo
1505 786 1564 814 Ioco
1577 786 1671 821 pulsus
1694 785 1755 813 fuit.

970 846 1007 854 —
1021 831 1078 865 Vel,
1092 832 1178 859 frater
1189 836 1280 860 noster
1292 832 1343 859 hoc
1354 832 1415 859 loco
1425 836 1467 860 est
1477 832 1634 867 angelorum
1644 833 1755 859 chorus.

970 878 1036 906 Nam
1058 885 1107 912 pro
1121 885 1170 906 sna
1183 877 1303 912 angelica
1320 882 1415 905 natura
1432 882 1496 905 ante
1514 878 1756 911 transgressionem

969 930 997 954 et
1018 926 1120 960 lapsum
1137 924 1263 953 diabolus
1286 929 1314 952 et
1330 924 1487 960 angelorum
1511 928 1539 952 et
1560 924 1645 952 nostri
1671 924 1757 952 frater

968 975 1038 1000 erat.
1055 970 1108 997 Sed
1128 970 1233 997 amicus
1249 974 1342 998 noster
1357 970 1426 997 Deus
1438 973 1490 996 est.
1506 969 1565 997 .lam
1578 976 1642 996 vero
1659 969 1756 998 melius

969 1022 1021 1050 est,
1045 1016 1203 1052 proximiori
1218 1023 1338 1050 veroque
1362 1015 1417 1043 Deo
1442 1020 1535 1043 nostro
1553 1019 1637 1050 atque
1655 1016 1756 1048 amico.

969 1068 1052 1096 prope
1062 1065 1091 1089 et
1105 1061 1258 1095 proximius
1277 1061 1413 1093 habitare,
1427 1069 1510 1096 quam
1531 1061 1555 1089 ei
1582 1061 1627 1095 qui
1653 1061 1687 1089 ab
1711 1061 1756 1090 illo

969 1104 1063 1140 procul
1076 1112 1106 1132 se
1119 1105 1266 1138 submovit,
1281 1104 1395 1140 obsequi
1413 1109 1541 1140 tanquam
1564 1105 1654 1138 fratri.
1667 1105 1694 1134 id
1713 1110 1755 1134 est

969 1152 1088 1185 diabolo,
1102 1156 1131 1180 ut
1144 1161 1205 1180 cum
1222 1153 1318 1181 eodem
1332 1161 1488 1188 pereamus.
1498 1168 1533 1174 —-
1547 1153 1641 1181 Melior
1657 1159 1697 1182 est
1708 1154 1755 1189 qui

968 1198 1087 1226 cohaeret
1102 1199 1167 1226 mibi
1187 1207 1234 1234 per
1248 1206 1341 1226 veram
1358 1199 1514 1234 scientiam,
1529 1207 1610 1235 quam
1625 1200 1672 1235 qui
1689 1200 1759 1228 mihi»

968 1245 1086 1272 cohaeret
1100 1244 1183 1272 solius
1196 1245 1219 1272 vi
1237 1250 1351 1273 naturae.

1002 1336 1026 1353 “
1042 1336 1166 1364 Hominis
1178 1336 1286 1370 domus,
1302 1341 1344 1364 est
1354 1337 1453 1365 virtus.
1466 1335 1524 1365 Nisi
1540 1344 1605 1373 ergo
1620 1337 1699 1372 hujus
1715 1337 1754 1365 di-

968 1382 1095 1418 ligentem
1117 1390 1209 1411 curam
1229 1388 1316 1418 gerat,
1333 1383 1514 1411 tontationum
1535 1387 1658 1419 tempore
1674 1384 1709 1412 ab
1722 1392 1754 1412 ea

967 1429 1085 1458 excidet.

1002 1475 1026 1491 “
1039 1475 1122 1503 Ficus
1146 1476 1199 1504 hoc
1227 1475 1287 1504 loco
1308 1475 1416 1511 iustitia
1434 1475 1483 1504 Dei
1509 1480 1561 1508 est.
1583 1483 1664 1510 quam
1679 1476 1706 1503 in
1724 1484 1753 1504 se

120 1519 145 1545 οι
162 1519 328 1553 φυτεύοντες
347 1520 376 1546 ἐν
398 1520 515 1552 ἑαυτοῖς,
533 1521 581 1548 καὶ
597 1521 702 1556 ἑτέροις
719 1522 859 1557 μετάφυτα
879 1522 914 1549 δι-

973 1521 1036 1556 ipsis
1050 1521 1216 1556 plantantes,
1231 1522 1348 1556 aliisque
1364 1521 1488 1550 surculos
1515 1521 1753 1557 transplantandos

118 1565 224 1597 δόντες,
236 1564 284 1591 τὸν
300 1565 406 1602 καρπὸν
421 1566 505 1601 αὐτῆς
522 1567 653 1601 φάγονται
669 1568 700 1594 ὲκ
714 1568 803 1604 χειρὸς
817 1568 917 1605 Κυρίου

118 1611 167 1638 τοῦ
190 1611 275 1647 μόνον
291 1611 394 1639 δικαίου
415 1613 461 1640 καλ¹
484 1612 534 1648 τὴν
559 1613 730 1650 δικαιοσύνην
754 1614 920 1649 βραϐεύσαν-

116 1666 180 1689 τος·
202 1659 253 1685 καὶ
274 1659 331 1690 τοῖς
347 1659 397 1693 τὴν
415 1658 590 1694 δικαιοσύνην
613 1659 696 1687 αὐτοῦ
721 1659 855 1695 φυλάξασι
871 1661 919 1688 σὺν

118 1704 215 1740 ἑαυτῷ
243 1705 410 1738 συντάττων,
438 1705 569 1741 ἀπονέμει
591 1705 773 1742 δικαιοσύνην,
797 1706 846 1742 τὴν
872 1706 919 1732 καὶ

106 1751 258 1786 ἀγγέλους
279 1751 446 1785 δικαιοῦσαν,
470 1753 499 1779 ἐν
527 1754 558 1789 τῇ
584 1752 712 1788 ἀτρέπτῳ
742 1753 791 1788 τῆς
816 1753 918 1780 δικαιο-

119 1796 208 1831 σὺνης
229 1796 418 1832 λαμπρότητι·
439 1798 468 1830 ὃς
491 1798 520 1825 δὲ
542 1798 674 1833 φυλάσσει
699 1799 744 1825 τὸν
768 1798 846 1833 λόγον
869 1799 917 1826 τοῦ

116 1842 239 1878 Κυρίου,
263 1843 309 1870 τὸν
330 1843 433 1879 Κύριον
450 1843 581 1878 φυλάσσει
605 1845 634 1871 ὲν
655 1846 689 1880 τῇ
715 1844 813 1880 καρδίᾳ.
835 1845 917 1872 αὐτοῦ

116 1887 278 1923 ἀχώριστον
303 1886 374 1915 εἶναι
389 1890 436 1916 ἀπ’
455 1890 556 1916 αὑτοῦ·
573 1890 755 1926 τιμηθήσεται
776 1891 804 1918 δὲ
821 1892 852 1918 οὺ
870 1891 918 1927 μό-

117 1941 166 1962 νον
180 1933 311 1960 ἐντεῦθεν
326 1935 379 1961 ὑπὸ
392 1935 446 1962 τῶν
460 1936 592 1971 ἀγγέλων,
605 1937 674 1964 ἀλλὰ
687 1937 733 1964 καὶ
750 1937 779 1964 ἐν
798 1937 837 1973 τῷ
855 1938 918 1973 μέλ-

116 1977 197 2006 λοντι
213 1979 269 2006 ὑπὸ
282 1980 330 2006 τοῦ
345 1981 399 2007 τῶν
414 1981 537 2016 ἀγγέλων
552 1982 730 2019 δημιουργοῦ.

155 2022 236 2058 Οἷον,
256 2027 307 2052 οὐκ
327 2027 467 2062 ἀτιμάζων
489 2028 535 2055 τὸν
551 2028 657 2063 ἄφρονα
677 2029 844 2064 ἀποστήσεις
867 2030 917 2066 τῆς

116 2071 294 2106 ἀφροσύνης,
317 2073 385 2099 ἀλλά
407 2073 539 2100 διδάσκων
557 2074 638 2101 αὑτὸν
656 2074 750 2106 ὁποίας
774 2074 884 2109 ἀτιμίας
899 2076 916 2110 ὴ

115 2117 268 2153 ἀφροσύνη
290 2118 394 2152 γίνεται
419 2119 567 2155 πρόξενοςι
589 2121 603 2147 ὸ
628 2121 683 2156 γὰρ
703 2121 743 2152 εἰς
771 2120 916 2156 πρόσωπον

116 2163 245 2198 ἐλεγχος,
265 2164 502 2202 ἀναισχυντότερον
519 2167 591 2193 ποιεῖ
605 2166 650 2193 τὸν
664 2166 861 2202 ἁμαρτάνοντα.

970 1567 1108 1600 cedentes,
1124 1567 1241 1595 fructum
1257 1566 1316 1602 ejus
1329 1566 1474 1595 comedunt
1487 1566 1522 1594 de
1537 1574 1618 1594 manu
1634 1566 1753 1599 Domini,

969 1613 1015 1648 qui
1033 1612 1207 1647 solusjustus
1225 1617 1278 1645 est,
1290 1616 1318 1640 et
1329 1612 1463 1647 justitiam
1476 1617 1646 1640 muneratur.
1660 1612 1694 1639 Et
1709 1612 1753 1646 iis,

969 1658 1014 1692 qui
1027 1658 1161 1692 justitiam
1177 1658 1344 1691 custodiunt,
1361 1658 1431 1693 apud
1455 1665 1485 1685 se
1501 1659 1607 1693 positis,
1629 1658 1753 1686 concedit

966 1704 1100 1739 justitiam
1116 1705 1189 1732 illam
1212 1712 1274 1740 quae
1296 1704 1406 1739 angelo:
1419 1705 1492 1740 ipsos
1503 1704 1636 1739 justillcat
1650 1709 1752 1731 aeterna

965 1746 1077 1787 iustitiae
1094 1752 1229 1780 claritate.
1243 1751 1372 1786 Quisquis
1389 1751 1494 1779 Domini
1510 1751 1621 1779 verbum
1636 1751 1753 1779 custodit

969 1799 995 1826 in
1007 1799 1088 1826 corde
1099 1806 1157 1831 suo,
1173 1798 1314 1825 Dominum
1327 1798 1416 1832 ipsum
1429 1798 1557 1828 custodit,
1571 1804 1605 1824 ne
1614 1796 1694 1831 longe
1706 1796 1753 1823 fiat

968 1845 1002 1872 ab
1013 1852 1056 1872 eo.
1075 1843 1162 1872 Porro
1179 1843 1357 1871 honorabitur
1372 1850 1424 1870 non
1440 1843 1521 1870 modo
1536 1850 1608 1870 nunc
1623 1843 1752 1880 abange—

968 1891 1012 1922 Iis,
1043 1890 1090 1918 sed
1112 1889 1193 1917 etiam
1219 1889 1247 1916 in
1278 1888 1371 1916 futuro
1398 1888 1497 1916 stacqu
1530 1890 1563 1916 ab
1595 1887 1752 1923 angelorum

967 1944 1028 1965 crea
1032 1941 1088 1964 tore
1091 1955 1100 1964 ι

1002 2028 1025 2044 ⁸⁵
1042 2027 1070 2055 Id
1085 2030 1137 2058 est,
1158 2034 1211 2054 non
1226 2033 1275 2061 per
1288 2025 1392 2053 illatum
1408 2024 1526 2053 dedecus
1544 2023 1655 2051 stultum
1673 2030 1751 2050 revo-

966 2073 1042 2101 cabis
1060 2081 1074 2100 a
1090 2072 1205 2100 stultitia
1218 2072 1333 2105 sua,sed
1348 2071 1438 2106 potius
1449 2078 1510 2098 eum
1526 2070 1646 2098 docendo
1657 2069 1751 2104 quanti

967 2119 1107 2147 dedecoris
1125 2118 1240 2147 stultitia
1259 2117 1294 2145 sit
1319 2124 1412 2144 causa.
1440 2115 1506 2143 Nam
1534 2115 1709 2150 reprehensio
1725 2114 1751 2142 in

966 2166 1064 2193 faciem
1079 2166 1183 2199 objecta
1197 2165 1424 2200 impudentiorem
1435 2163 1500 2191 facit
1512 2167 1699 2197 peccatorem.

157 2209 223 2235 Τῶν
243 2209 294 2236 τεοῦ
312 2211 377 2237 Θεοῦ
397 2212 535 2247 ῥημάτων,
558 2212 591 2239 τὰ
612 2212 661 2247 μὲν
682 2213 721 2244 είς
742 2211 808 2240 υἱῶν
830 2211 913 2248 ζωὴν,

1002 2213 1024 2229 ⁵⁵
1037 2212 1083 2240 Dei
1100 2211 1182 2239 verba
1198 2211 1297 2247 partim
1314 2211 1346 2238 ad
1363 2210 1488 2241 filiorum,
1506 2209 1604 2244 partim
1622 2209 1654 2236 ad
1668 2210 1751 2235 famu-

115 2254 155 2280 τά
170 2254 203 2281 δὲ
219 2255 260 2287 εἱς
274 2255 446 2292 θεραπόντων
459 2258 622 2294 γέγραπται.

966 2258 1052 2284 lorum
1064 2258 1206 2292 regendam
1224 2257 1306 2283 vitam
1325 2256 1424 2290 scripta
1439 2256 1557 2282 fuerunt.

829 2305 906 2333 CAP.
927 2305 1044 2333 XXVIII.

159 2349 193 2376 E!
210 2349 283 2376 ἐστιν
299 2350 420 2386 ἀνδρεῖος
435 2352 463 2379 ὲν
475 2352 623 2386 ἀσεϐείαις,
642 2352 716 2380 ἔστιν
732 2353 853 2388 ἀνδρεῖος
869 2353 916 2380 καὶ

119 2393 152 2418 ὲιιν
173 2393 303 2428 ἀρεταῖς·
328 2396 374 2422 καὶ
396 2398 420 2423 εξ
434 2398 454 2431 ,ὁ
477 2398 596 2433 ἀνδρεῖος
617 2398 646 2424 ἐν
667 2397 805 2429 ἀσεϐείαις
835 2406 915 2424 συκο-

121 2440 223 2472 φαντεῖ
241 2441 380 2476 πτωχοὺς,
402 2443 414 2468 ὁ
434 2443 555 2479 ἀνδρεῖος
577 2444 606 2470 ὲν
624 2444 734 2479 ἀρεταῖς
760 2444 915 2478 παρακαλεῖ

120 2485 266 2519 πτωχούς·
286 2487 383 2514 οὐκοῦν
399 2489 452 2521 πᾶς
462 2490 476 2515 ὁ
489 2489 654 2525 παρακαλῶν
671 2489 793 2524 πτωχοὺς
811 2490 839 2515 ὲν
856 2490 916 2515 ἀσε-

121 2530 213 2563 σείαις
249 2534 446 2568 συμπράττειν,
470 2536 632 2570 συκοφαντεῖ
653 2534 751 2565 αὐτοὺς
777 2534 844 2570 πρὸς
869 2534 915 2560 τὸν

122 2576 203 2609 Θεὸν,
221 2578 361 2606 τουτέστιν
377 2580 583 2615 ἀντιδιαϐάλλει,
593 2581 667 2612 ὅπως
679 2580 915 2607 συναπολεσθῶσιν

123 2623 210 2658 αὐτῷ.

165 2670 195 2695 Ὀ
207 2668 308 2704 λαῦρος
321 2668 401 2699 ὑετὸς
413 2668 444 2694 οὺ
461 2669 539 2703 μόνον
555 2670 618 2702 τοὺς
626 2671 748 2706 καρποὺς
758 2671 913 2705 ἀπόλλυσιν,

124 2715 190 2742 ἀλλὰ
205 2717 251 2743 καὶ
264 2715 296 2742 τὸ
308 2715 454 2750 πρόσωπον
471 2715 519 2750 τῆς
541 2716 602 2750 γῆς,
620 2717 651 2743 τὸ
664 2718 726 2749 τοὺς
740 2719 860 2754 καρποὺς
873 2719 914 2745 δι-

125 2762 191 2797 δοῦν,
207 2761 381 2797 ὲξεδαφίζει·
395 2761 452 2788 ἐστι
471 2760 500 2788 δὲ
516 2762 562 2788 καὶ
578 2762 656 2794 ὑετὸς
671 2763 815 2799 εἰρηνικὸς,
831 2763 913 2790 ποιῶν

1004 2353 1027 2368 δ’
1038 2353 1066 2379 Si
1081 2358 1123 2380 est
1138 2352 1252 2380 fortisin
1265 2351 1462 2387 impietatibus,
1477 2355 1518 2378 est
1531 2351 1614 2378 etiam
1631 2351 1708 2379 fortis
1722 2351 1748 2378 in

967 2399 1123 2427 virtutibus.
1139 2399 1171 2426 Et
1184 2399 1208 2426 si
1226 2399 1304 2426 fortis
1326 2399 1351 2425 in
1367 2397 1549 2432 impietatibus
1569 2398 1749 2425 calumniatur

967 2451 1108 2479 pauperes.
1117 2444 1162 2478 qui
1176 2443 1253 2471 fortis
1266 2448 1308 2472 est
1318 2444 1344 2471 in
1354 2443 1496 2470 virtutibus
1508 2442 1641 2470 confortat
1650 2450 1748 2478 paupe-

970 2498 1023 2518 res.
1037 2490 1106 2524 Ergo
1117 2490 1165 2524 qui
1190 2498 1322 2524 pauperes
1341 2489 1478 2517 conlortat
1499 2491 1532 2517 ad
1547 2490 1747 2525 participandas

968 2537 1129 2571 impietatcs,
1159 2535 1339 2564 calumniatur
1367 2544 1414 2564 eos
1441 2537 1509 2571 apud
1530 2537 1633 2570 Deum;
1659 2536 1686 2563 id
1706 2540 1747 2563 cst

967 2580 1090 2608 vicissim
1111 2579 1283 2612 criminatur,
1299 2585 1328 2607 ut
1342 2588 1394 2607 una
1406 2585 1528 2616 pereant.

1002 2671 1154 2699 Vehemens
1176 2670 1266 2705 pluvia
1284 2679 1336 2698 non
1359 2678 1446 2698 sonum
1474 2671 1565 2706 fruges
1580 2671 1744 2706 pcssumdat,

967 2726 1059 2745 verum
1077 2718 1157 2745 etiam
1173 2722 1254 2744 teme
1266 2716 1373 2749 faciem,
1385 2725 1444 2752 qua:
1459 2718 1551 2753 fruges
1565 2717 1679 2753 profert,
1699 2717 1746 2745 dc-

965 2769 1065 2792 vastat.
1080 2764 1128 2791 Est
1144 2764 1226 2791 etiam
1244 2763 1317 2791 mitis
1331 2763 1433 2798 pluvia,
1447 2771 1508 2798 qua:
1532 2763 1653 2792 floridam
1680 2764 1745 2792 facit

154 2857 174 2872 ιι
193 2864 218 2884 ιι,
235 2856 262 2884 9,
277 2860 289 2878 ι
307 2854 330 2870 ιο
348 2861 373 2880 v.
394 2852 436 2880 I0.
475 2853 495 2869 δ’
511 2852 566 2881 Jcr.
584 2861 614 2884 It.
634 2854 675 2881 I3.
714 2854 736 2869 “
750 2862 774 2883 τ.
792 2854 833 2881 l5.
871 2854 914 2879 "t

973 2853 992 2881 3.
1031 2854 1054 2870 “
1071 2861 1096 2881 v.
1117 2853 1162 2880 ‘22.
1202 2853 1224 2869 "
1241 2861 1264 2881 ν.
1282 2853 1326 2880 27.
1363 2853 1385 2869 ⁸⁸
1399 2861 1424 2881 v.
1438 2853 1463 2879 3.
