1919 3074
181 152 236 180 263

614 150 898 179 SUPPLEMENTUM
916 151 963 179 AD
977 152 1141 182 ORICENIS
1158 155 1364 184 EXEGETICA.

1749 156 1808 185 ΞΗ

182 214 260 237 terra:
277 207 383 242 faciem,
399 207 524 236 nutriens
537 215 570 236 ac
584 209 726 237 vivillcans
738 210 829 245 fruges
845 209 914 244 eius.
933 209 967 238 Et
980 238 982 242 γ

1028 212 1131 246 ιῦθαλὲς
1146 214 1176 241 τὸ
1195 214 1340 250 πρόσωπον
1354 214 1403 250 τῆς
1418 214 1480 250 γῆς,
1497 214 1544 241 καὶ
1558 214 1664 251 τρέφων
1678 214 1726 242 καὶ
1742 215 1811 247 ζωο-

180 255 329 282 vehemens
342 255 463 289 quidem,
478 255 660 289 pessumdatis
685 255 820 291 frugibus,
845 257 967 285 homines

181 300 261 328 simul
274 300 446 335 exstinguit;
463 305 491 328 at
505 300 580 329 mitis
603 300 698 329 alendo
712 301 814 337 fruges,
828 303 966 331 hominum

182 346 263 373 vitam
277 350 430 373 conservat.

218 436 240 452 "
256 436 304 464 Est
327 436 370 463 lex
385 437 496 471 injusta,
512 442 539 466 et
553 438 618 466 item
636 438 680 466 lex
694 439 777 474 justa.
796 438 898 474 lnjusta
917 439 968 467 ob-

183 486 371 518 temperantes
386 484 437 511 sibi
455 484 545 519 perdit
562 493 569 518 ;
584 484 659 518 iusta
679 493 732 513 non
747 486 825 512 tnodo
849 485 966 520 longitu-

184 529 274 556 dinem
289 529 396 556 dierum
411 529 518 562 tribuit,
534 531 582 557 sed
597 531 680 558 etiam
697 530 773 566 regni
790 531 921 558 cmlorum
939 529 975 559 fit~

185 574 311 601 donatrix
334 575 586 609 obtemperantibus
613 576 676 607 sibi.
696 578 760 612 quia
773 577 825 608 ,lex
846 577 894 604 Dei
915 583 966 605 est.

184 620 313 654 Quisquis
331 628 396 648 vero
411 621 495 648 Deum
512 626 596 654 amat,
613 622 701 657 legem
716 630 825 657 quoque
847 622 968 656 ejusdem

185 670 259 691 amat
271 674 278 697 ;
291 670 317 692 et
332 673 392 700 quae
417 666 458 694 lex
482 667 603 700 mandat,
618 672 754 702 operatur.
771 667 830 696 lam
845 669 969 704 quisquis

183 709 235 745 legi
253 719 355 738 morem
370 712 450 746 gerit,
468 713 702 746 perturbationum
729 715 848 749 quietem
873 722 969 743 conse-

185 758 278 791 quitur
288 763 316 784 et
331 758 378 785 Dei
396 759 574 794 agnitionem.
601 760 677 793 Quod
698 761 722 788 si
746 760 813 796 legis
834 765 969 790 amatores

186 811 264 831 muro
281 811 310 831 se
329 806 528 839 communiunt,
545 813 617 832 nunc
631 814 725 833 murus
739 807 859 841 quietem
875 815 889 834 a
905 815 969 842 per-

185 848 388 876 turbationibus
401 850 549 885 signiﬁcat,
562 855 590 878 et
606 851 652 878 Dei
667 845 809 879 scientiam
823 860 831 886 ;
849 860 911 887 quae
925 860 969 880 so-

186 895 218 923 lre
236 896 398 923 rationalem
417 902 545 924 naturam
564 898 704 926 custodire
717 903 830 934 queunt.

222 985 246 1002 ⁸⁸
259 985 287 1013 Si
303 986 406 1014 divitiae
420 992 483 1014 sunt
499 987 642 1022 impiorum
662 989 795 1024 nequitia,
812 988 866 1017 viri
882 994 974 1017 autem

187 1031 325 1066 sapientes
349 1039 397 1059 eas
414 1032 555 1067 abjicinnt,
584 1038 659 1067 patet
675 1034 825 1068 nequitiam
850 1042 974 1069 pessum-

189 1078 247 1104 dari
264 1086 278 1104 a
292 1078 375 1112 justis
389 1084 469 1113 atque
483 1080 665 1114 sapientibus,
682 1080 745 1107 dum
763 1089 811 1115 por
824 1081 972 1116 spiritalem

187 1124 337 1151 doctrinam
356 1125 477 1159 impuros
491 1117 524 1152 ad
543 1125 674 1153 virtutem
695 1126 839 1154 reducunt.

222 1169 245 1186 δ’
259 1169 437 1205 Nequaquam
460 1170 502 1197 lex
523 1178 618 1205 preces
641 1171 801 1206 cujusquam
819 1178 971 1207 aversatur,

187 1216 235 1243 sed
258 1217 306 1250 qui
331 1216 393 1244 tulit
418 1216 505 1251 legem
533 1217 604 1244 Dens
627 1223 773 1245 aversatur
792 1218 852 1252 ejus
877 1227 972 1253 preces

186 1261 234 1296 qui
258 1269 352 1288 aurem
379 1269 455 1289 suam
480 1263 590 1296 avertit,
616 1263 760 1298 quominus
785 1265 878 1292 audiat
904 1266 972 1301 legis

186 1312 336 1334 auctorem.
349 1307 382 1334 Et
400 1307 500 1336 Paulus
517 1308 555 1335 ait
572 1319 578 1336 :
594 1307 714 1336 Prwm'a
736 1314 822 1338 autem
835 1309 972 1345 Scriptura

187 1353 272 1387 (icturi
293 1353 317 1369 '°
337 1362 344 1380 :
360 1361 408 1388 pro
423 1361 458 1381 eo
475 1361 507 1382 ac
520 1353 603 1388 dicat,
622 1355 673 1388 Qui
693 1354 861 1390 Scripturam
885 1356 970 1390 dedit,

188 1399 350 1434 praesciebat
363 1399 496 1427 futurum.
618 1423 623 1430 .

224 1446 246 1462 "
261 1446 311 1479 Qui
337 1450 396 1474 sata
415 1446 441 1473 in
459 1446 518 1480 ejus
530 1447 612 1474 corde
638 1453 653 1474 a
681 1447 800 1483 maligno
821 1448 892 1475 mala
917 1456 972 1476 non

188 1494 334 1520 conlitetur
351 1493 416 1525 Deo,
434 1497 482 1520 aut
498 1492 553 1520 Deo
570 1498 647 1528 grato
665 1493 780 1525 homini,
801 1501 855 1521 non
875 1501 972 1522 conse-

189 1543 289 1574 quetur
303 1538 409 1566 felicem
431 1538 465 1565 de
486 1537 606 1572 maligno
626 1538 777 1566 vieto-iam.
804 1538 855 1572 Qui
880 1545 970 1567 autem
985 1562 1005 1592 ϐ

189 1584 347 1616 conlitetur,
362 1583 488 1618 diligetur
511 1591 526 1610 a
553 1584 607 1611 Deo
632 1588 659 1612 et
675 1585 709 1612 ab
734 1584 839 1619 angelis
854 1584 922 1619 ejus.
939 1584 972 1612 Et

188 1629 307 1656 Jacobus
319 1629 356 1656 ait
371 1639 378 1656 :
393 1628 561 1663 Conﬁlemim‘
574 1629 734 1656 alterutrum
750 1634 857 1663 peccata
875 1635 971 1662 uestra,

189 1681 217 1702 ut
229 1676 359 1702 sanemim’
380 1676 413 1702 ".
437 1676 581 1703 Psalmista
602 1683 712 1711 quoque
733 1676 770 1703 ait
791 1685 798 1703 :
821 1675 973 1710 Con/itehor

190 1722 316 1749 adversus
329 1731 370 1750 me
387 1723 545 1758 injuslitiam
558 1731 643 1750 nteant
658 1722 782 1754 Domino,
800 1727 824 1750 et
847 1729 875 1750 tu
896 1731 973 1750 rante-

190 1769 250 1796 sim'
267 1769 425 1803 impietatem
437 1768 524 1796 cordis
538 1769 589 1796 mei
603 1769 637 1796 ⁵³.

226 1861 250 1878 ’⁸
274 1863 361 1897 Iniqui
387 1863 458 1897 regis
484 1866 644 1897 proventus,
669 1862 827 1896 iniquitates
856 1866 921 1890 sunt
947 1866 975 1889 et

192 1908 260 1935 falsa
274 1908 408 1943 dogmata.
443 1908 505 1936 Haec
527 1908 599 1936 enim
617 1908 704 1936 eidem
724 1908 846 1942 pendunt
873 1907 974 1935 subditi

190 1954 259 1987 ejus.
273 1954 480 1981 Calumniantur
493 1959 584 1981 autem
600 1953 697 1986 Deum,
712 1954 759 1989 qui
775 1954 893 1989 maligno
908 1954 974 1981 obe-

191 2000 270 2026 diunt
282 2007 290 2032 ;
303 2000 367 2034 quia
383 2007 436 2027 non
451 1999 517 2032 Deo,
533 1999 580 2026 sed
595 1999 705 2026 inimico
720 1999 780 2034 ejus
793 1999 901 2027 diabolo
912 1999 976 2027 sub-

191 2045 256 2080 jecti
271 2050 346 2073 sunt.
379 2045 448 2077 Quia
463 2051 529 2071 vero
542 2044 612 2072 Deus
628 2044 685 2072 odit
700 2045 836 2072 diabolum
857 2044 893 2073 ob
916 2053 976 2080 per-

192 2097 274 2117 versa
295 2097 377 2124 opera
393 2089 464 2124 ejus,
483 2088 528 2116 hic
543 2089 663 2116 vicissim
679 2089 863 2117 calumniatur
888 2090 976 2118 homi-

193 2143 242 2165 nes
259 2137 329 2172 apud
345 2137 440 2163 Deum.
468 2135 519 2169 Qui
537 2135 594 2163 odit
615 2136 716 2163 ledere
741 2136 860 2164 animam
887 2144 977 2170 suam,

194 2182 302 2218 longum
315 2181 414 2209 lntiniti
431 2181 523 2210 saeculi
541 2186 648 2216 tempus
660 2181 743 2210 vivet.

228 2327 257 2343 ’⁵⁸
282 2326 375 2354 Virum
401 2326 446 2354 hic
471 2327 634 2354 homicidam
660 2326 728 2354 dicit
753 2326 902 2354 diabolum.
928 2326 980 2359 Qui

196 2372 312 2407 spondet
337 2379 388 2407 pro
411 2371 552 2405 iniustitia,
577 2373 693 2408 spondet
718 2380 768 2406 pro
797 2373 910 2406 Satana,
934 2373 981 2408 qtti

197 2418 331 2454 promittit
353 2418 379 2445 ei
400 2418 533 2451 vicissim,
557 2419 661 2446 fructus
687 2419 840 2453 iniquitatis
857 2427 886 2446 se
900 2419 980 2446 datu-

196 2471 268 2490 rum.
292 2478 328 2484 —
351 2463 425 2492 Gens
449 2463 552 2497 iniqua,
576 2463 704 2499 dogmata
730 2464 883 2492 daemonum
905 2469 980 2498 Sunt,

197 2510 296 2544 quibus
313 2517 366 2536 non
384 2509 500 2536 attendit
514 2509 583 2536 bene
598 2509 739 2536 institutus
757 2509 838 2537 (ilius.
850 2509 936 2536 Porro
950 2509 982 2536 fl-

197 2555 262 2582 lium
280 2555 345 2583 dicit
360 2563 410 2590 pro
425 2559 526 2582 mente.
551 2554 601 2588 Qui
616 2562 680 2582 vero
696 2555 779 2583 menti
803 2555 980 2590 impedimen-

198 2607 253 2628 tum
270 2602 356 2637 ponit,
371 2602 517 2636 quominus
543 2601 577 2628 ad
603 2608 692 2635 pravae
717 2601 806 2636 gentis
831 2602 980 2636 nequitiam

197 2652 285 2676 semet
297 2647 418 2684 abjiciat,
435 2647 458 2675 is
472 2651 599 2677 tanquam
617 2647 679 2675 colli
699 2647 881 2675 immortalem
894 2655 977 2675 orna-

1017 262 1104 297 γονῶν
1126 263 1190 295 τοὺς
1211 263 1241 289 ὲν
1260 263 1329 299 αὐτῇ
1352 262 1490 300 καρπούςο
1515 263 1563 290 καὶ
1584 263 1599 288 ὁ
1617 262 1667 298 μὲν
1689 261 1809 298 λαῦρος,

1017 308 1062 335 διά
1088 308 1139 344 τὴν
1168 307 1306 336 ἀπώλειαν
1339 308 1393 336 τῶν
1419 308 1531 345 καρπῶν
1559 307 1714 336 ἀποκτείνει
1743 308 1812 340 τοὺς

1017 355 1192 392 ἀνθρώπους,
1210 357 1225 383 ὸ
1244 356 1273 383 δὲ
1294 356 1445 392 εἰρηνικὸς,
1465 355 1510 383 διά
1528 355 1583 383 τῶν
1604 356 1719 392 καρπῶν
1741 355 1813 387 ζωο-

1018 410 1102 436 γονει.

1055 449 1132 476 Ἔστι
1155 449 1202 476 καὶ
1218 449 1300 484 νόμος
1325 449 1496 485 παράνομος,
1518 448 1566 475 καὶ
1580 446 1661 483 νόμος
1683 446 1808 478 δίκαιος·

1018 495 1091 522 καὶό
1109 495 1158 531 μὲν
1188 495 1346 531 παράνομος
1366 495 1429 527 τοὺς
1451 493 1526 530 αὑτῷ
1549 493 1726 529 πειθομένους
1740 494 1812 520 ἁπο-

1018 542 1074 568 λεϊ·
1089 543 1104 569 ὁ
1119 542 1148 568 δὲ
1157 541 1261 573 δίκαιος
1273 542 1303 568 οὐ
1320 541 1400 577 μόνον
1417 541 1575 577 μακράτητα
1586 539 1697 575 ἡμερῶν
1711 539 1810 575 δωρεῖ-

1018 596 1078 620 ται,
1099 587 1167 615 ἀλλὰ
1189 588 1235 615 καὶ¹
1258 587 1396 623 βασιλείας
1416 586 1536 623 οὐρανῶν
1553 586 1681 622 πρόξενος
1703 586 1812 620 γίνεται

1018 636 1075 666 τοῖς
1091 634 1165 670 αὑτῷ
1183 634 1350 667 ὑπείκουσιν,
1372 634 1413 661 ὅτι
1433 633 1481 660 τοῦ
1497 632 1565 660 Θεοῦ
1583 633 1656 659 ἐστι·
1679 633 1733 664 πᾶς
1749 631 1780 658 δὲ
1797 632 1812 658 ὁ

1020 680 1134 714 ἀγαπῶν
1158 680 1205 707 τὸν
1229 680 1306 713 Θεὸν,
1332 680 1428 715 ἀγαπᾷ
1459 679 1506 706 τδν
1527 678 1608 714 νόμον
1641 676 1734 710 αὑτοῦ,
1761 677 1813 703 καὶ

1020 727 1092 752 ποιεῖ
1106 726 1140 752 τὰ
1156 725 1203 753 τοῦ
1217 726 1300 761 νόμου
1310 734 1317 741 ο
1337 726 1391 758 πᾶς
1404 725 1433 752 δὲ
1449 725 1464 751 ὁ
1477 724 1562 751 ποιῶν
1575 724 1621 750 τὸν
1635 723 1726 759 νόμον,
1741 721 1815 749 ἀπά-

1021 771 1094 798 θειαν
1110 772 1206 799 κτᾶται
1225 772 1271 798 καὶ
1287 771 1388 806 γνῶσιν
1409 770 1491 798 Θεοῦ’
1511 771 1535 797 εἱ
1557 770 1585 797 δὲ
1601 770 1625 796 οἱ
1647 768 1813 804 ἀγαπῶντες

1019 817 1065 843 τὸν
1080 816 1173 852 νόμον,
1191 816 1410 852 παραϐάλλουσιν
1426 817 1532 848 ἑαυτοῖς
1542 817 1641 850 τεῖχος,
1655 814 1702 842 νῦν
1722 815 1815 850 τείχος

1021 862 1070 898 τὴν
1093 862 1227 889 ἀπάθειαν
1244 862 1370 898 σημαίνει
1394 861 1441 889 καὶ
1459 861 1508 897 τὴν
1533 861 1634 896 γνῶσιν
1658 859 1706 887 τοῦ
1729 858 1813 892 Θεοῦ,

1025 907 1097 944 ἀπερ
1122 908 1190 944 μόνα
1211 908 1319 936 πέφυκε
1342 907 1488 943 φυλάσσειν
1513 906 1561 943 τὴν
1583 905 1664 941 φύσιν
1690 905 1741 941 τὴν
1767 905 1814 931 λο-

1031 955 1115 990 ,αικήν.

1060 1000 1092 1026 El
1108 999 1221 1032 πλοῦτος
1243 998 1348 1026 ἀσεϐῶν
1364 998 1464 1031 κακία,
1484 998 1579 1035 ἄνδρες
1597 998 1626 1025 δὲ
1643 997 1720 1033 σοφοὶ
1742 997 1814 1024 ἀπο-

1024 1045 1147 1073 λέσουσιν
1162 1045 1253 1078 αὑτὸν,
1277 1044 1356 1080 δῆλον
1372 1045 1410 1077 ὡς
1424 1044 1523 1072 κακίαν
1542 1043 1720 1071 ἀπολλύουσιν
1734 1043 1760 1070 ot
1774 1042 1816 1070 δί-

1024 1100 1097 1119 καιοι
1118 1091 1164 1118 καὶ
1181 1091 1272 1126 σοφοὶ,
1289 1090 1333 1118 διὰ
1356 1090 1406 1126 τῆς
1428 1090 1616 1126 πνευματικῆς
1638 1088 1815 1120 διδασκαλίας

1024 1138 1086 1169 τοὺς
1100 1136 1272 1173 ἀκαθάρτους
1283 1137 1351 1172 πρὸς
1364 1136 1463 1172 ἀρετὴν
1478 1136 1669 1171 ἐπανάγοντες.

1059 1185 1115 1220 Οὐχ
1136 1185 1151 1210 ὁ
1173 1183 1254 1218 νόμος
1280 1183 1454 1218 βδελύσσεταί
1475 1191 1547 1214 τινος
1571 1182 1622 1218 τὴν
1647 1181 1813 1218 προσευχὴν,

1024 1230 1080 1258 ἀλλ’
1093 1231 1107 1257 ὁ
1123 1230 1247 1261 δεδωκὼς
1264 1229 1310 1256 τὸν
1330 1229 1412 1264 νόμον
1431 1228 1497 1260 Θεὸς
1507 1248 1514 1261 ,
1534 1228 1580 1255 τοῦ
1597 1228 1768 1260 ἐκκλίνοντος
1783 1228 1814 1254 τὸ

1023 1275 1070 1309 οῦς
1088 1275 1181 1308 αὑτοῦ,
1199 1276 1246 1302 καὶ⁸
1263 1276 1301 1311 μὴ
1317 1274 1468 1302 εἰσακούειν
1489 1274 1628 1306 ποιοῦντος
1642 1274 1689 1301 τοῦ
1709 1274 1794 1309 νόμου
1810 1284 1813 1285 ν

1023 1323 1070 1350 καὶ
1090 1323 1104 1348 δ
1122 1321 1228 1354 Παῦλός
1251 1329 1334 1358 φησι·
1355 1320 1541 1356 Προειδοῦσα
1564 1319 1598 1346 δὲ
1617 1321 1637 1354 ὴ
1653 1319 1758 1354 Γραφὴ
1779 1320 1814 1346 τὸ

1021 1368 1147 1403 μέλλον,
1161 1367 1222 1394 ἀντὶ
1234 1367 1295 1400 τοῦ,
1310 1367 1340 1394 '0
1352 1366 1401 1402 τὴν
1409 1366 1519 1402 Γραφὴν
1527 1365 1649 1397 δεδωκὼς
1663 1365 1776 1401 προῄδει
1783 1365 1814 1391 τὺ

1060 1413 1129 1441 λλον.

1025 1414 1146 1487 “illata
1163 1458 1360 1494 ἐνσπειρόμενα
1375 1456 1405 1483 ὲν
1420 1457 1453 1492 τῇ
1474 1456 1573 1492 καρδίᾳ
1592 1455 1675 1483 αὑτοῦ
1696 1456 1749 1484 ὑπὸ
1764 1456 1813 1484 τοῦ

1023 1505 1141 1542 πονηροῦ
1159 1504 1243 1537 κακά,
1264 1504 1302 1540 μὴ
1317 1502 1486 1537 ἐξαγγέλλων
1501 1502 1569 1530 αὺτά
1583 1502 1679 1538 Κυρίῳ
1698 1503 1737 1538 τῷ
1753 1503 1815 1539 Θεῷ

1021 1552 1039 1588 ἢ
1063 1551 1179 1586 θεοφιλει
1192 1549 1326 1586 ἀνθρώπῳ
1348 1548 1421 1583 (24),
1449 1549 1499 1575 οὑκ
1523 1548 1718 1584 εὐοδωθήσεται
1732 1550 1761 1576 ὲν
1779 1550 1813 1586 τῇ

1025 1598 1095 1625 κατὰ
1115 1596 1161 1624 τοῦ
1185 1595 1303 1632 πονηροῦ
1330 1595 1408 1632 νίκῃ”
1422 1595 1436 1621 ὁ
1459 1595 1487 1622 δὲ
1514 1594 1679 1629 ιξ‹;ιγγέλλων
1701 1595 1814 1632 ἀγαπη-

1026 1645 1136 1682 ϐήσεται
1156 1644 1208 1671 ὑπὸ
1224 1643 1270 1670 τοῦ
1288 1642 1355 1669 Θεοῦ
1375 1641 1490 1669 καὶτῶν
1509 1642 1631 1677 ἀγγέλων
1648 1642 1747 1670 αὑτοῦ⁸
1765 1643 1815 1670 καὶ

1026 1692 1039 1718 ὁ
1058 1690 1184 1721 Ἰάκωὸός
1199 1697 1297 1725 φησιν·
1318 1687 1473 1721 Ἀλλήλως
1488 1687 1684 1723 ἐξηγγέλλετο
1704 1688 1740 1715 τὰ
1755 1697 1814 1715 πα-

1022 1737 1202 1772 ραπτώματα
1217 1735 1311 1770 ὑμῶν,
1331 1735 1410 1768 ὅπως
1433 1733 1548 1768 ἰαθῆτεο
1565 1734 1612 1761 καὶ
1633 1735 1648 1761 ὁ
1663 1734 1816 1770 Ψαλμῳδὸς

1026 1782 1102 1810 εἶπεν
1111 1791 1117 1798 ·
1136 1782 1335 1816 Ἐξατορεύσω
1344 1782 1407 1808 κατ’
1413 1780 1485 1816 ἐμοῦ
1493 1779 1551 1814 τὴν
1557 1780 1685 1815 ἀνομίαν
1688 1790 1747 1816 μου
1755 1782 1817 1808 Κυ-

1022 1831 1087 1865 ρίῳ,
1097 1829 1193 1856 καὶσὺ
1201 1829 1321 1864 ἀφῆκας
1328 1827 1384 1862 τὴν
1395 1827 1535 1854 ἀσέϐειαν
1542 1826 1597 1861 τῆς
1611 1828 1734 1862 καρδίας
1743 1837 1816 1863 μου.

1061 1876 1095 1901 Αἰ
1111 1875 1236 1911 πρόσοδοι
1256 1873 1302 1901 τοῦ
1327 1873 1445 1909 πονηροῦ
1461 1873 1607 1908 βασιλέως,
1629 1874 1697 1900 εἰσὶν
1713 1874 1742 1900 αἱ
1765 1883 1818 1901 κα-

1029 1921 1086 1948 κίαι
1103 1921 1150 1948 καὶ
1165 1920 1199 1948 τὰ
1212 1920 1296 1956 ψευδῆ
1318 1919 1454 1956 δόγματα·
1475 1919 1560 1946 ταῦτα
1574 1920 1628 1955 γὰρ
1645 1919 1718 1955 αὑτῷ
1732 1928 1819 1956 προσ-

1028 1966 1162 1993 οδεὺουσιν
1171 1966 1196 1992 οἱ
1205 1965 1406 2000 βασιλευόμενοι
1417 1965 1463 1991 ὑπ’
1477 1964 1571 1990 αὐτοῦ’
1586 1965 1819 2000 συκοφαντοῦνται

1028 2012 1057 2039 δὲ
1070 2012 1107 2047 τῷ
1123 2012 1182 2047 Θεῷ
1195 2013 1220 2038 οἱ
1234 2011 1273 2046 τῷ
1287 2011 1397 2046 πονηρῷ
1419 2010 1629 2047 πειθαρχοῦντες
1639 2019 1645 2026 ·
1669 2011 1710 2037 δτι
1725 2011 1755 2038 οὑ
1779 2012 1819 2044 τῷ

1029 2058 1098 2093 Θεῷ,
1110 2058 1177 2084 ἀλλὰ
1189 2057 1229 2092 τῷ
1243 2056 1331 2092 ἐχθρῷ
1347 2056 1428 2083 αὑτοῦ
1448 2055 1487 2091 τῷ
1506 2056 1622 2092 διαϐόλῳ
1637 2057 1798 2084 ὑπόκεινται
1809 2067 1817 2073 ·

1030 2103 1091 2128 ἐπεὶ
1104 2102 1132 2128 δὲ
1146 2103 1160 2128 δ
1173 2101 1238 2133 Θεὸς
1256 2102 1329 2136 μισεῖ
1343 2101 1389 2127 τὸν
1401 2100 1523 2128 διάϐολον
1536 2101 1580 2128 διὰ
1594 2101 1629 2128 τὰ
1647 2101 1715 2138 ἔργα
1733 2102 1817 2129 αὑτοῦ

1030 2147 1064 2174 τὰ
1079 2147 1195 2182 πονηρὰ,
1218 2147 1298 2174 αὐτὸς
1314 2146 1394 2173 πάλιν
1407 2146 1450 2173 διὰ
1465 2146 1519 2173 τῶν
1534 2147 1622 2183 ἔργων
1639 2148 1720 2175 αὑτοῦ
1737 2158 1818 2176 συκο-

1032 2195 1126 2229 φαντεῖ
1141 2194 1202 2225 τοὺς
1224 2193 1382 2228 ἀνθρώπους
1398 2193 1466 2227 πρὸς
1483 2193 1528 2220 τὸν
1548 2193 1630 2220 Θεόν·
1649 2196 1664 2221 6
1682 2195 1710 2222 δὲ
1731 2196 1819 2231 μισῶν

997 2242 1018 2269 D
1033 2239 1160 2274 ἀδικῆσαι
1176 2239 1225 2274 τὴν
1240 2238 1328 2274 ψυχὴν
1349 2238 1442 2271 αὑτοῦ,
1457 2239 1501 2265 τὸν
1517 2239 1622 2274 μακρὸν
1639 2239 1686 2267 τοῦ
1700 2241 1819 2277 ἀπεράν-

1034 2293 1080 2311 του
1093 2285 1188 2316 αἰῶνος
1205 2284 1299 2320 χρόνον
1313 2284 1449 2319 βιώσεται.

1071 2331 1171 2366 ’Δνδρα
1198 2330 1314 2357 ἐνταῦθα
1335 2331 1419 2364 φονέα
1440 2330 1485 2357 τὸν
1505 2330 1628 2358 διάϐολόν
1648 2339 1744 2367 φησιν’
1759 2333 1773 2358 ό
1791 2331 1821 2359 δὶ

1034 2376 1207 2411 ἐγγυώμενος
1237 2377 1286 2412 τὴν
1317 2376 1438 2408 ἀδικίαν,
1467 2377 1598 2411 ἐγγυᾶται
1619 2377 1664 2403 τὸν
1685 2377 1820 2407 Σατανᾶν.

1035 2423 1247 2458 ὑπισχνούμενος
1260 2422 1334 2458 αὑτῷ
1351 2423 1463 2454 ἐκεῖνος,
1482 2423 1544 2454 τοὺς
1559 2423 1608 2458 τῆς
1626 2423 1733 2454 ἀδικίας
1755 2423 1818 2450 ἀπο

1032 2467 1128 2494 δώσειν
1151 2467 1282 2504 καρπούς.
1295 2483 1331 2488 -
1343 2468 1439 2500 Ἕθνος
1451 2468 1618 2503 παράνομον,
1642 2468 1678 2495 τὰ
1695 2469 1822 2504 δόγματα

1032 2514 1086 2540 τῶν
1105 2514 1238 2549 δαιμόνων
1255 2515 1339 2546 ἐστὶν,
1352 2511 1392 2546 οἷς
1411 2514 1460 2549 οὐχ
1479 2514 1610 2541 ὑπακούει
1630 2515 1644 2541 ὁ
1664 2514 1821 2547 παιδευθεὶς

1032 2560 1106 2591 υἱός·
1121 2560 1177 2586 υίδν
1193 2560 1221 2586 δὲ
1236 2560 1283 2586 τὸν
1304 2559 1365 2587 νοῦν
1379 2569 1476 2596 φησιν·
1491 2561 1506 2587 ὁ
1519 2560 1546 2587 δὲ
1562 2560 1662 2596 ἐποχὴν
1677 2561 1762 2588 ποιῶν
1772 2562 1821 2588 τοῦ

1035 2604 1081 2631 νοῦ
1100 2605 1146 2631 τοῦ
1162 2606 1198 2640 μὴ
1219 2605 1436 2641 παραριπτεσθαι
1446 2606 1516 2641 ὲντῇ
1531 2605 1578 2632 τοῦ
1593 2605 1711 2642 πονηροῦ
1726 2606 1822 2639 ἔθνους

1036 2650 1130 2686 κακίᾳ,
1150 2650 1187 2683 ὡς
1202 2651 1410 2687 περιτραχήλιον
1425 2651 1526 2687 κόσμον
1541 2650 1665 2686 προξενεί
1678 2651 1771 2679 λαϐεῖν
1785 2654 1820 2688 τῇ

236 2775 255 2790 ⁸⁷
270 2783 294 2801 v.
309 2775 335 2801 Δ.
372 2774 397 2790 ⁵⁸
411 2781 437 2802 v.
452 2773 479 2801 8.
518 2773 540 2790 ”
555 2780 580 2800 ν.
593 2773 620 2801 9.
658 2773 681 2790 '°
695 2772 755 2801 Gal.
771 2781 812 2806 tu,
824 2773 851 2800 8.
889 2772 909 2788 "
925 2772 982 2800 v.11

1028 2801 1034 2806 ,
1045 2773 1068 2789 ⁸¹
1079 2772 1138 2800 Jac.
1150 2780 1176 2805 ν,
1196 2771 1240 2800 16.
1277 2771 1378 2800 "Psal.
1389 2780 1464 2804 uxr,
1478 2771 1505 2798 5.
1542 2771 1566 2787 "
1580 2778 1604 2798 γ.
1621 2770 1665 2798 16.
1703 2770 1726 2787 ¹¹
1738 2778 1765 2797 v.
1778 2771 1822 2798 t7.

236 2845 292 2879 (94)
319 2845 446 2882 Videmus
467 2846 590 2882 Origenis
615 2845 805 2873 auctoritatem
832 2852 879 2879 pro
906 2844 1063 2872 conﬁtendo
1077 2843 1212 2879 religiosis
1247 2843 1311 2870 viris
1343 2847 1466 2877 peccata.
1495 2842 1559 2870 ltetn
1593 2839 1665 2869 infra
1701 2839 1736 2868 ad
1760 2846 1823 2875 cap.

202 2889 277 2913 nux,
300 2889 368 2909 vers.
382 2881 426 2908 24.
