1919 3074
86 81 138 110 Υῶ

96 141 147 177 [aia
161 139 235 176 ψυχῇ
250 139 398 178 ἄφθαρτον
409 142 442 169 ἐκ
457 142 548 178 χειρὸς
563 142 675 179 Κυρίου.

133 231 164 260 '0
181 232 324 269 καθαίρων
346 234 444 261 ἑαυτὸν
463 236 496 262 ὲκ
514 235 569 262 τῶν
591 235 696 266 παθῶν,
710 236 757 262 καὶ
772 236 887 272 ἐργαζό-

95 287 178 315 μενος
193 278 242 311 τὰς
259 279 373 311 ἐντολὰς
392 280 530 315 τοῠιθεοῦ,
551 280 598 308 τοῦ
614 281 783 317 ψυχοτρόφου
804 282 886 318 ἄρτου

95 325 191 360 σοφίας
206 325 254 353 καὶ
268 325 399 360 γνώσεως
413 327 480 354 Θεοῦ
494 327 715 363 ἐμπλησθήσεται
727 336 734 342 ·
750 328 764 354 ὁ
779 327 808 355 δὲ
823 327 888 354 διώ-

92 379 150 398 κων
164 370 263 406 σχολὴν
290 370 339 397 τοῦ
367 371 404 407 μὴ
426 373 512 399 ποιεῖν
527 372 583 404 τὰς,
604 371 715 405 ἐντολὰς
734 371 890 406 106.8506,

93 417 284 452 πλησθήσεται
299 417 407 449 πενίας.

128 464 160 490 οἱ
179 463 230 490 νῦν
244 463 399 499 ἐλεήμονες,
420 464 448 490 ὲν
464 463 503 499 τῷ
517 463 594 490 αἰῶνι
612 462 651 499 τῷ
670 463 792 499 μέλλοντι
810 464 893 500 ὲλεη-.

91 509 187 541 θέντες
199 509 255 536 ΰπὺ
269 510 315 536 τοῦ
330 509 408 543 Θεοῦ,
424 511 471 537 καὶ
486 511 626 546 γενόμενοι
640 510 761 545 ἄγγελοι,
777 509 888 546 ἄρξουσι

90 555 146 583 τῶν
171 555 321 591 βασκάνων
343 556 392 583 καὶ
413 556 554 584 πλουσίων-
574 556 695 584 ἀσεϐῶν·
717 556 835 583 τοιοῦτον
859 556 889 583 δὲ

92 602 202 638 ἀξίωμα
227 602 274 630 λαὶ
296 604 354 634 τοῖς
370 602 506 638 μαθηταῖς
530 602 614 629 αὐτοῦ
637 602 770 638 ὑπέσχετο
792 601 888 630 δώσειν

89 648 207 684 Κύριος,
223 649 254 675 τὺ
270 649 382 677 καθίσαι
396 649 495 681 αὐτοὺς
511 650 557 676 ἐπὶ
576 649 679 676 δώδεκα
700 649 812 685 θρόνων,
829 649 889 685 κρί-

89 704 188 727 νοντας
210 695 318 723 δώδεκα
338 695 422 730 φυλὰς
441 695 490 723 τοῦ
508 696 632 731 Ἰσραήλ·
649 695 743 732 θρόνος
765 695 794 724 δέ
814 695 889 723 ἐστιν

89 742 120 767 ὲν
133 738 157 775 ᾦ
172 742 187 768 ὁ
203 740 269 773 νοῦς
283 740 444 773 καθέζεται,
466 741 573 776 πλήρης
594 739 721 774 γνώσεως
739 748 888 776 πνευματι-

89 788 154 823 κῆς,
169 788 236 820 τοὺς
251 787 437 823 πλανηθέντας
453 787 506 814 ἀπὺ
527 787 576 822 τῆς
601 786 756 818 θεοσεϐείας
779 787 889 813 ἐπισυνη

682 86 865 116 EXPOSITIO
875 87 909 116 IN
927 88 1133 117 PROVERBIA.

902 149 926 178 Α
940 152 995 174 tum
1010 151 1089 183 parat
1103 146 1201 174 anima:
1225 153 1281 175 suae
1298 146 1332 174 de
1351 153 1431 174 manu
1454 145 1561 174 Domini
1583 146 1721 182 recipien-

1669 90 1721 119 246

938 194 1012 221 dum.

973 239 1026 273 Qui
1048 246 1078 267 se
1102 242 1200 274 purgat
1227 239 1310 266 animi
1339 237 1607 274 perturbationibus,
1627 241 1656 265 et
1674 237 1721 264 Dei

938 286 1064 314 mandata
1078 286 1248 320 exsequitur,
1261 285 1396 313 nutritore
1410 285 1564 312 animarum
1582 291 1664 319 pane,
1678 291 1722 311 sa-

939 331 1040 365 pientia
1071 331 1200 358 nimirum
1225 335 1252 358 et
1273 330 1412 365 agnitione
1443 330 1508 362 Dei,
1539 331 1720 358 saturabitur.

939 378 962 395 ⁵⁸
973 377 1023 411 Qui
1040 384 1105 405 vero
1119 377 1205 404 otium
1221 381 1353 408 sectatur,
1363 376 1510 411 quominus
1522 376 1569 404 Dei
1593 376 1721 404 mandata

938 415 1112 457 exsequatur,
1128 421 1152 449 is
1167 421 1277 456 quidem
1296 420 1387 456 inopia
1402 422 1543 449 obruetur.

973 468 996 484 "
1010 467 1062 502 Qui
1077 475 1149 495 nunc
1162 471 1224 494 sunt
1240 466 1442 499 misericordes,
1459 468 1485 493 in
1504 466 1595 494 futuro
1621 466 1721 494 saeculo

938 514 1157 542 misericordiam
1173 520 1189 540 a
1204 514 1260 546 Deo
1277 513 1361 546 nacti,
1378 511 1497 547 factique
1511 513 1612 548 angeli,
1636 513 1722 548 impe-

940 559 1192 588 rabuntinvidiset
1208 558 1298 594 impiis
1312 558 1452 586 divitibus.
1474 558 1550 585 Hanc
1562 559 1720 593 dignitatem

939 607 1064 635 daturum
1081 614 1110 634 se
1123 606 1273 642 spondebat
1296 606 1437 642 discipulis
1457 607 1597 638 Dominus,
1624 615 1721 642 nempe

939 659 1062 680 sessuros
1087 659 1136 680 eos
1161 659 1243 686 super
1270 652 1412 680 duodecim
1435 651 1554 684 thronos.
1567 652 1721 686 iudicantes

940 699 1082 727 duodecim
1099 698 1187 726 tribus
1201 697 1311 725 lsraelis
1327 698 1363 725 ³⁸.
1380 698 1507 725 Thronus
1521 702 1611 726 autem
1633 702 1677 725 est.
1691 699 1719 725 in

940 752 1000 780 quo
1015 751 1090 772 mens
1110 744 1196 776 sedet,
1219 743 1299 779 plena
1322 743 1445 771 scientiae
1461 743 1603 779 spiritalis,
1621 751 1681 778 qua:
1706 751 1721 771 ο

941 789 1073 825 religione
1088 789 1181 817 devios
1198 788 1314 816 reducit.
1326 787 1454 816 Judicarc
1468 793 1558 816 autent
1579 788 1630 816 hoc
1649 788 1722 820 loco,

89 834 198 868 ἀγουσα
209 842 217 849 ·
232 834 264 860 τὺ
284 833 312 860 δὲ
329 833 432 869 κρίνειν
448 832 578 864 ἐνταῦθα,
595 832 624 859 τὸ
639 832 774 859 διδάσκειν
790 831 890 867 σημαί-

947 834 1038 862 iocere
1065 834 1212 869 signiﬁcat.
1242 833 1277 861 Ut
1299 834 1384 861 illud:
1402 834 1482 868 Aperi
1501 842 1530 861 os
1553 839 1627 861 tuum
1647 834 1723 861 uerbo

88 888 144 906 νει·
163 879 204 912 ὡς
222 880 270 906 καὶ
284 879 324 911 τὸ,
337 880 454 913 Ἀνοιτε
468 878 526 905 σὺν
536 878 633 912 στόμα
643 879 722 912 λόγῳ
737 877 821 908 Θεοῦ,
837 877 887 904 καὶ

88 926 175 960 κρῖνε
189 926 292 952 πάντα
310 926 411 960 ὑγιῶς,
432 926 493 952 ἀντὶ
506 923 566 958 τοῦ,
581 924 689 951 δίδασκε
699 933 706 939 ι
724 924 783 959 ἆμα
796 923 824 950 δὲ
841 923 888 950 καὶ

89 970 170 997 τοῦτο
184 970 283 1001 ἰστέον,
297 970 337 996 ὅτι
351 971 365 997 ὁ
378 970 502 1006 ἐλεήμων
517 970 658 1005 κρατήσας
673 969 719 995 τοῦ
740 968 885 1004 βασκάνου,

88 1016 173 1048 αὐτὸς
190 1016 241 1051 μὲν
256 1017 287 1043 οὺ
303 1017 447 1051 γενήσεται
466 1016 608 1051 βάσκανος,
630 1015 764 1052 ἐλεήμονα
775 1014 804 1041 δὲ
820 1014 888 1049 μᾶλ-

87 1061 135 1087 λον
155 1061 269 1096 ποιήσει
286 1060 331 1087 τὸν
347 1060 491 1095 βάσκανον.

130 1107 198 1133 Ἐάν
219 1106 382 1135 ἀποθῶνται,
399 1108 422 1133 oi
440 1107 551 1138 ἀσεῦεῖς,
569 1107 600 1133 τὸ
615 1104 684 1133 εἶναι
704 1105 824 1137 ἀσεϐεῖς,
840 1113 887 1139 γε-

87 1152 222 1188 νήσονται
235 1152 351 1179 δίκαιοι·
368 1153 384 1187 ἡ
401 1151 456 1188 γὰρ
478 1152 600 1180 ἀπώλεια
618 1151 665 1178 νῦν
681 1151 732 1186 τὴν
748 1150 887 1184 ἀναίρεσιν

85 1199 140 1233 τῆς
168 1198 299 1229 ἀσεϐείας
325 1198 470 1234 σημαίνει·
496 1197 568 1225 οὕτω
590 1198 638 1224 καὶ
673 1197 810 1224 Ματθαίον
837 1195 887 1223 τοῦ

85 1243 239 1270 τελωνείου
271 1243 407 1275 ἀπολέσας
431 1243 445 1269 ὁ
468 1243 588 1279 Κύριος,
615 1243 788 1278 δικαιοσύνην
814 1241 888 1277 αὐτῷ

87 1290 242 1325 ἐχαρίσατο
253 1297 259 1304 ·
275 1289 454 1324 πληθύνονται
468 1289 522 1325 γὰρ
540 1290 564 1315 οἱ
578 1288 686 1322 δίκαιοι,
705 1289 769 1315 ὅταν
784 1289 809 1315 οἰ
826 1289 888 1315 ἀσε-

88 1336 148 1367 ϐεῖς
173 1335 363 1370 καταλείψωσι
385 1335 435 1370 τὴν
460 1335 599 1367 ἀσέϐειαν,
624 1335 671 1363 καὶ
696 1335 744 1362 σὺν
768 1336 825 1367 τοῖς
848 1334 888 1361 δι-

940 878 1000 912 Dei,
1018 884 1042 906 et
1067 880 1165 913 integre
1185 879 1218 906 de
1236 879 1355 906 omnibus
1375 879 1466 913 iudica
1479 878 1514 911 ¹⁹,
1534 878 1560 906 id
1589 882 1631 906 est
1644 878 1723 906 doce.

941 925 1027 952 Simul
1051 930 1079 952 ct
1105 925 1157 952 hoc
1185 925 1325 952 sciendum
1347 930 1401 957 est,
1420 924 1491 960 quod
1516 924 1539 952 si
1565 924 1724 952 misericors

939 971 1029 998 vincat
1044 971 1175 1003 invidum,
1193 970 1251 1005 ipse
1272 970 1381 1004 quidem
1402 978 1453 997 non
1474 971 1520 997 ﬂet
1535 970 1656 1002 invidus,
1673 971 1723 998 sed

941 1017 1016 1044 illum
1035 1017 1240 1044 misericordem
1257 1017 1347 1051 potius
1363 1017 1442 1044 faciet
1460 1016 1506 1050 qui
1529 1020 1588 1043 erat
1601 1016 1719 1044 invidus.

976 1108 998 1124 ⁸ο
1018 1107 1047 1134 Si
1072 1107 1241 1141 impietatem
1266 1113 1344 1134 suam
1370 1106 1506 1141 deponent
1542 1106 1630 1140 impii,
1656 1105 1725 1139 justi

942 1153 1017 1180 ﬂent.
1033 1152 1100 1180 Nam
1115 1152 1231 1187 perditio
1242 1152 1294 1180 hoc
1306 1152 1376 1184 loco,
1394 1151 1546 1186 iniquitatis
1564 1151 1725 1178 exstinctis-

941 1207 1001 1226 nem
1017 1198 1159 1234 signiﬁcat.
1175 1198 1220 1225 Sic
1236 1197 1392 1224 Matthaeum
1415 1197 1448 1224 de
1470 1196 1572 1224 telonio
1591 1196 1722 1224 extermi-

941 1251 1034 1273 natum
1064 1245 1195 1273 Dominus
1222 1244 1328 1278 iustitia
1363 1243 1485 1272 donavit.
1510 1242 1726 1278 Multiplicantur

940 1294 1013 1320 enim
1037 1293 1115 1327 justi,
1141 1300 1202 1320 cum
1228 1292 1303 1327 impii
1331 1291 1499 1326 impietatem
1521 1290 1674 1323 omiserint,
1697 1294 1726 1318 et

941 1339 1093 1373 cumjustis
1110 1338 1176 1374 justi
1204 1338 1278 1366 fient.
1306 1338 1418 1365 Interim
1440 1341 1552 1372 gemunt
1577 1336 1727 1370 delentque

88 1383 183 1414 χαίοις
198 1384 361 1418 γενήσονται
378 1383 492 1409 δίκαιοι·
508 1382 630 1409 στένουσι
646 1382 675 1409 δὲ
687 1383 734 1409 καὶ
750 1384 774 1410 οἱ
791 1383 888 1410 δίκαιοι

947 1386 1017 1418 iusti,
1033 1385 1153 1420 quandiu
1169 1385 1265 1419 impios
1278 1384 1373 1411 vident
1388 1383 1416 1410 in
1430 1383 1578 1418 impietatis
1590 1382 1649 1411 loco
1660 1390 1728 1410 cons

88 1429 139 1456 καὶ
160 1429 330 1461 ὀδυνῶνται,
347 1429 463 1465 ὁρῶντες
482 1429 546 1461 τοὺς
567 1429 674 1460 ἀσεϐεῖς
689 1429 718 1455 ἐν
736 1429 811 1465 τόπῳ
838 1429 889 1464 τῆς

91 1474 225 1506 ἀσεϐείας
242 1475 412 1510 ἱσταμένους,
426 1475 473 1502 καὶ
489 1475 526 1511 μὴ
541 1473 748 1510 μετανοοῦντας.

941 1431 1048 1465 sistere,
1062 1435 1089 1459 et
1102 1430 1219 1459 nondum
1234 1429 1406 1464 resipiscere.

814 1533 890 1562 CAP:
911 1534 1008 1562 XXIX.

126 1590 278 1626 Κρείσσων
300 1591 357 1627 γὰρ
378 1593 448 1628 ἀνὴρ
471 1594 486 1620 ὁ
506 1593 535 1620 ἐν
560 1594 670 1631 παιδείᾳ
691 1595 738 1622 καὶ
763 1594 888 1630 νουθεσίᾳ

976 1595 997 1611 ⁶¹
1011 1594 1105 1622 Melior
1115 1598 1156 1622 est
1170 1593 1242 1623 enim
1251 1593 1294 1620 vir
1305 1592 1419 1628 quicum
1433 1590 1574 1627 disciplina
1582 1594 1606 1618 et
1617 1589 1729 1618 monltis

89 1637 203 1672 Κυρίου
224 1637 354 1673 ἐλέγχων,
376 1638 396 1674 ἢ
410 1641 424 1666 ὁ
443 1639 472 1666 ἐν
494 1639 599 1676 σκληρᾷ
624 1641 723 1677 καρδίᾳ
748 1640 889 1676 παραινῶν

91 1683 144 1709 καὶ
167 1682 385 1719 ὑπισκνούμενος
405 1685 607 1713 ωναπολαῦσαι
628 1686 702 1722 αὐτῷ
716 1686 770 1713 τῶν
788 1688 817 1713 ἐν
838 1695 889 1713 κα-

90 1727 160 1763 κίᾳ.-
184 1727 317 1764 ἐξαπίνης
333 1729 387 1765 γάρ
408 1729 574 1767 φλεγομένου
596 1732 678 1758 αὑτοῦ
695 1733 725 1759 ὲν
747 1733 780 1768 τῇ
802 1732 890 1768 ὀρέξει

90 1774 150 1800 τῶν
168 1774 276 1806 παθῶν,
287 1776 302 1802 ὁ
316 1775 362 1802 ἐπὶ
381 1776 485 1808 πάντας
499 1777 624 1810 θάνατος,
638 1777 758 1805 ἐπελθὼν
773 1779 818 1804 ἐπὶ
828 1779 890 1810 τοὺς

91 1821 158 1846 κατ’
180 1820 271 1846 αὐτῶν
284 1821 509 1857 συμπράκτορας,
521 1822 571 1850 οὐκ
585 1823 658 1850 ἔστιν
682 1823 752 1856 ῐασις
769 1824 801 1858 τῇ
817 1823 889 1859 ψυχῇ

92 1865 206 1892 αὐτῶν·
229 1865 279 1892 οὐκ
302 1863 379 1893 εἶπεν
401 1866 440 1899 δὲ,
462 1868 503 1894 ὅτι
519 1868 698 1904 παυσαμένης
719 1868 769 1903 τῆς
794 1868 890 1903 φλογὸς

92 1912 147 1938 οὐκ
164 1911 244 1939 ἔσται
264 1913 349 1945 τασις,
366 1913 433 1940 ἀλλά
458 1914 622 1950 φλεγομένου
643 1914 726 1941 αὑτοῦ
746 1915 796 1941 οὐκ
816 1914 891 1941 ἔσται

94 1957 184 1990 ἴασις,
207 1958 246 1989 ὼς
261 1958 368 1993 ἔχοντος
386 1959 508 1995 δηλονότι
527 1960 562 1987 τὰ
577 1960 631 1988 τῶν
646 1959 740 1987 παθῶν
756 1959 893 1986 ὑπεκκαύ-

96 2011 188 2038 ματα,
201 2003 278 2037 ξύλα,
299 2004 406 2040 χόρτον,
420 2005 564 2041 καλάμην·
582 2005 662 2041 εἴπερ
679 2005 728 2033 καὶ
746 2006 802 2038 τοῖς
818 2013 893 2031 καιο-

97 2049 196 2084 μένοις
215 2050 287 2085 μετὰ
300 2050 346 2078 τὸν
360 2052 486 2088 καυτῆρα
499 2052 621 2087 πέφυκεν
637 2054 654 2089 ὴ
670 2052 762 2088 ὑγίεια
777 2052 892 2088 προσγί-

96 2096 206 2124 νεσθαι.

141 2141 408 2177 Ἐγκωμιαζομένων
420 2141 475 2168 τῶν
488 2141 600 2171 δικαίων
613 2143 665 2170 ὑπὸ
681 2145 728 2172 τοῦ
743 2145 847 2182 Κυρίου
865 2146 894 2172 ὲν

97 2189 132 2223 τῇ
156 2188 207 2223 τῆς
230 2188 346 2222 κρίσεως
368 2187 475 2224 ἡμέρᾳ,
496 2189 520 2215 οἱ
537 2189 586 2224 τῆς
599 2189 690 2217 αὐτῶν
708 2191 815 2226 μερίδος
835 2192 895 2219 λαοὶ

98 2232 355 2268 εὐφρανθήσονταν
378 2233 435 2260 ὅσοι
459 2233 487 2260 δέ
508 2234 577 2261 εἰσιν
597 2235 649 2262 ὑπὸ
670 2235 720 2268 τὰς
736 2237 823 2272 ἀρχὰς
848 2237 894 2267 καὶ.

943 1640 1050 1668 Domini
1065 1638 1250 1674 reprehendit,
1267 1644 1348 1672 quam
1363 1636 1409 1672 qui
1426 1637 1495 1664 duro
1510 1634 1592 1663 corde
1616 1634 1727 1663 animos

942 1685 1079 1721 peccatori
1095 1684 1179 1715 addit,
1197 1683 1360 1718 promittens
1372 1682 1486 1716 insuper
1498 1688 1528 1709 se
1541 1680 1600 1708 fore
1610 1679 1635 1708 ei
1648 1679 1729 1708 soda-

943 1732 996 1759 lem
1013 1731 1102 1767 gaudii
1128 1730 1203 1757 mali.
1222 1730 1345 1764 Repente
1371 1728 1454 1759 enim,
1479 1728 1543 1754 dum
1563 1725 1610 1754 ille
1626 1726 1652 1753 in
1665 1732 1728 1759 pas-

943 1779 1050 1806 sionum
1065 1777 1185 1812 appetitu
1201 1779 1346 1808 emstuat,
1359 1775 1470 1802 decreta
1482 1772 1608 1800 omnibus
1629 1775 1727 1803 morte,

944 1824 1087 1859 ingruente
1106 1822 1164 1855 ejus
1178 1820 1367 1856 complicibus,
1389 1818 1494 1846 medela
1519 1824 1572 1844 non
1593 1815 1728 1850 supererit

944 1869 1043 1896 animae
1056 1867 1187 1903 ipsorum.
1201 1865 1258 1894 Non
1272 1870 1360 1893 autem
1376 1864 1444 1892 dixit
1456 1873 1462 1891 :
1476 1862 1609 1890 Cessante
1621 1861 1729 1888 ﬂamma

944 1915 1016 1944 baud
1029 1915 1087 1943 fore
1102 1913 1256 1946 medelam;
1281 1912 1329 1940 sed
1343 1911 1393 1946 ipsi
1411 1908 1574 1938 exaestuanti
1598 1915 1650 1936 non
1671 1907 1730 1934 fore

945 1960 1091 1993 medelam,
1117 1959 1227 1987 habenti
1252 1957 1432 1992 cupiditatum
1459 1953 1613 1985 incentiva,
1645 1953 1728 1986 ligna,

945 2009 1038 2036 fenum
1050 2027 1058 2040 ,
1076 2006 1215 2042 stipulam.
1235 2005 1304 2032 Nam
1319 2007 1346 2032 et
1358 2002 1489 2031 ambustis
1512 2005 1574 2037 post
1592 2003 1730 2028 cauterem

946 2055 1015 2082 solet
1031 2054 1134 2081 sanitas
1147 2051 1246 2080 redire.

982 2149 1004 2165 ⁶’
1016 2146 1146 2177 Laudatis
1171 2152 1186 2172 a
1215 2143 1331 2171 Domino
1354 2141 1436 2175 iustis
1457 2140 1484 2167 in
1508 2138 1603 2175 judicii
1618 2137 1672 2169 die,
1685 2136 1731 2172 qui

947 2200 1010 2223 sunt
1028 2195 1055 2222 in
1080 2193 1187 2220 illorum
1203 2190 1323 2218 factione
1345 2188 1436 2223 populi
1459 2185 1632 2215 laetabuntur.
1647 2183 1732 2216 Quot<

947 2244 1016 2277 quot
1034 2244 1123 2267 autem
1141 2241 1205 2266 sunt
1224 2235 1275 2263 sub
1297 2233 1496 2270 principatibus
1508 2236 1536 2260 et
1552 2230 1733 2277 potestatibus

99 2279 150 2310 τὰς
176 2278 370 2312 ὲξουσίας,καὶ
391 2279 455 2311 τοὺς
471 2280 697 2317 κοσμοκράτορας
717 2282 764 2309 τοῦ
791 2283 892 2319 κόσμου

947 2274 979 2313 ac
996 2284 1147 2313 rectoribus
1161 2281 1240 2317 hujus
1259 2280 1361 2314 mundi,
1375 2279 1402 2307 bi
1419 2278 1531 2306 omnino
1543 2281 1608 2304 tune
1619 2274 1733 2311 ingemi-

101 2325 211 2357 τούτου,
227 2322 299 2352 οὗτοι
317 2325 426 2358 πάντως
439 2325 500 2352 τότε
516 2326 665 2356 στένουσιν.

138 2371 250 2408 Πατέρα
270 2371 389 2398 ἐνταῦθα
407 2371 452 2398 τὸν
468 2372 534 2399 Θεόν
557 2382 656 2409 φησιν·
680 2375 694 2402 ὁ
716 2375 745 2401 δὲ
763 2375 829 2408 Θεὸς
848 2376 895 2402 καὶ

104 2418 200 2453 Πατὴρ
214 2417 262 2444 τοῦ
278 2417 383 2453 Κυρίου
400 2417 478 2453 ἡμῶν
499 2419 586 2455 Ἰησοῦ
601 2419 730 2455 Χριστοῦ,
752 2421 814 2453 τοὺς
826 2421 896 2448 κατά

105 2465 223 2500 Χριστὸν
246 2463 513 2499 ἐπονομαζομένους,
537 2466 567 2492 ὲν
589 2465 662 2502 ἔργῳ
685 2467 733 2494 καὶ
756 2467 827 2503 λόγῳ
849 2467 897 2494 καὶ

107 2511 186 2546 σοφίᾳ
198 2510 354 2545 ἑπομένους
367 2517 396 2536 τε
413 2510 459 2536 καὶ
474 2511 659 2546 μιμουμένους
680 2511 771 2544 αὑτὸν,
789 2512 897 2548 θεωρῶν

108 2557 218 2589 αὐτοὺς,
245 2554 426 2591 εὐφραίνεται
452 2556 496 2582 ἐπ’
512 2556 622 2589 αὐτοῖς·
645 2557 745 2593 ποιμὴν
772 2557 805 2584 δέ.
823 2558 897 2584 ἐστιν

109 2604 205 2638 ἀγαθὸς
226 2602 309 2634 νοῦς,
327 2601 442 2633 ἀπαθεῖς
463 2602 609 2638 λογισμοὺς
626 2603 808 2639 κεκτημένος·
828 2604 853 2629 εί
869 2603 898 2629 δὲ

108 2650 196 2683 τοῦτο,
224 2647 330 2676 οὐκοῦν
354 2647 447 2682 ἐριφός
464 2648 522 2675 ἐστι
541 2648 671 2684 λογισμὸς
687 2649 832 2685 ἐμπαθὴς.
851 2650 899 2677 καὶ

108 2696 242 2734 πρόϐατόν
263 2695 326 2721 ἐστι
343 2693 470 2729 λογισμὸς
490 2694 615 2730 ἀπαθήςο
635 2695 676 2722 διὸ
696 2695 744 2722 καὶ
758 2696 821 2728 τοὺς
843 2696 899 2732 ἐρί-

948 2337 1033 2361 εοθηῑ.

985 2377 1009 2394 ⁵³
1022 2377 1131 2408 Patrem
1151 2375 1196 2403 hic
1211 2373 1279 2402 dicit
1293 2372 1389 2400 Deum.
1411 2371 1483 2398 Deus
1503 2373 1592 2397 autem
1610 2372 1638 2395 et
1654 2366 1735 2394 Pater

951 2422 1056 2450 Domini
1077 2421 1164 2449 nostri
1177 2419 1241 2448 J‘esu
1257 2417 1372 2451 Christi,
1385 2416 1446 2444 illos
1458 2414 1505 2450 qui
1519 2422 1534 2441 a
1548 2412 1659 2441 Christo
1672 2414 1737 2438 sunt

951 2467 1129 2499 denominali,
1146 2471 1173 2494 et
1188 2465 1273 2492 verbo
1292 2470 1373 2498 atque
1397 2469 1480 2496 opere
1501 2468 1532 2488 ac
1554 2457 1685 2493 sapientia
1702 2456 1734 2483 il-

951 2513 1006 2541 lum
1028 2512 1230 2546 subsequuntur
1249 2515 1276 2538 et
1292 2509 1443 2540 imitantur,
1457 2505 1606 2541 aspiciens,
1630 2503 1737 2530 laetatur

952 2559 979 2587 in
997 2558 1073 2594 ipsis.
1085 2557 1185 2587 Pastor
1197 2564 1263 2584 vero
1283 2556 1380 2586 bonus,
1397 2558 1438 2583 est
1454 2559 1539 2585 mens,
1556 2546 1738 2594 imperturba—
1786 2582 1796 2590 ἡ

954 2610 996 2632 tas
1009 2592 1196 2640 cogitationes
1215 2602 1332 2630 habens.
1347 2601 1425 2634 Quod
1441 2600 1463 2626 si
1480 2598 1516 2626 ita
1533 2600 1586 2629 est,
1604 2600 1669 2640 ergo
1682 2592 1738 2640 lae-

953 2652 1004 2679 dus
1017 2638 1061 2678 esi
1074 2649 1204 2684 cogitatio
1217 2647 1334 2679 vitiosa;
1348 2647 1406 2674 ovis
1426 2649 1529 2677 autem,
1549 2638 1738 2684 eogitatiorin~

954 2682 1211 2732 genua.Propterea
1232 2693 1362 2721 Dominus
1385 2690 1477 2719 haedos
1499 2688 1615 2717 collocat
1629 2685 1655 2713 in
1671 2682 1739 2711 sini-

134 2804 156 2820 κ
169 2811 195 2831 ν.
212 2800 262 2829 l9.
305 2798 328 2815 "
345 2806 371 2826 v.
396 2799 440 2827 22.
479 2799 501 2816 ⁵⁸
513 2798 577 2827 Luc.
593 2807 660 2834 χχιι,
675 2799 717 2828 50.
757 2800 778 2816 ⁵³
791 2798 870 2828 Prov.
890 2806 892 2824 ὲ

948 2805 967 2831 ι,
981 2795 1008 2825 9.
1048 2795 1070 2813 ⁸ο
1082 2794 1166 2822 v.27.
1206 2793 1226 2809 ⁶¹
1242 2800 1267 2821 v.
1290 2792 1315 2819 Ι.
1355 2792 1379 2807 ε’
1391 2790 1453 2818 v.2.
1490 2789 1554 2817 ην.
1573 2789 1600 2816 5.
