1919 3074
201 91 253 118 247
644 87 925 116 SUPPLEMENTUM
942 87 987 114 AD

1057 86 1171 114 IG'ENIS
1191 87 1396 115 EXEUETICA.
1777 86 1830 113 9J8

201 153 258 175 stra
279 151 367 183 parte,
389 156 456 176 oves
469 148 496 175 in
515 148 611 175 dextra
624 155 632 174 :
645 147 737 176 luedos
758 147 852 175 dit-ens
865 154 924 181 eos,
938 147 983 181 qui

1055 155 1101 178 ους
1117 147 1131 172 ὁ
1143 146 1244 182 Κύριος
1259 146 1364 183 ἵστησιν
1380 146 1410 178 ἐξ
1424 145 1576 181 ἀριστερῶν
1587 164 1594 176 ,
1610 143 1684 171 ’τὰ-δὲ
1701 143 1832 179 πρόϐατα

202 193 304 221 habent
328 194 506 229 cogitationes
535 192 659 220 vitiosas.
683 191 730 220 Sic
754 192 837 219 etiam
854 192 986 220 habentes

1053 201 1070 218 κ
1090 191 1202 223 δεξιῶν·
1226 193 1337 228 ἐρίφους
1356 192 1442 226 λέγων
1464 192 1527 223 τοὺς
1548 191 1738 226 κεκτημένους
1760 190 1834 224 λογι-

202 239 319 272 Iizania,
339 239 471 268 vocabulo
485 239 653 266 zizaniorum
667 237 832 272 appellavit;
844 242 871 265 et
885 238 987 266 haben-

1053 239 1124 274 ’μοὺς
1146 239 1280 274 ἐμπαθεῖς
1290 247 1297 254 ·
1311 238 1382 266 οὕτω
1393 239 1440 265 καὶ
1454 239 1517 270 τοὺς
1534 238 1644 273 ἔχοντας
1659 237 1694 264 τὰ
1710 237 1831 270 ζιζάνια,

203 291 243 314 tes
261 286 390 317 triticum.
405 286 473 313 dixit
486 285 624 317 triticum;
645 291 742 318 nempe
771 292 785 311 a
808 284 925 319 pessima
944 284 987 311 vel

1053 286 1145 318 ιζάνια
1163 286 1365 322 προσηγόρευσε
1379 294 1385 300 ·
1407 286 1454 312 καὶ
1473 285 1536 317 τοὺς
1552 285 1596 311 τὸν
1612 285 1683 312 σῖτον
1707 284 1832 320 ἔχοντας,

202 333 303 366 optima
320 331 450 366 qualitate
464 338 511 358 eos
528 331 716 358 denominans.
733 329 799 356 Tale
815 334 857 357 est
870 334 897 357 et
910 329 987 356 Pauli

1053 333 1122 363 τῖτον,
1135 331 1191 362 ἀπὸ
1202 332 1250 367 τῆς
1262 331 1401 367 χειρίστης
1414 331 1460 358 καὶ
1473 331 1587 367 ἀρίστης
1599 331 1680 364 ἕξεως
1693 330 1835 366 ὀνομάσας

202 378 302 405 dictum
318 385 324 402 :
337 376 459 404 Charitas
470 384 521 404 non
535 377 644 411 inﬂatur
653 376 685 409 3‘,
702 376 728 403 id
742 380 796 408 est,
810 376 855 410 qui
869 375 989 402 charita-

203 427 258 449 tem
278 421 369 449 habet.

238 514 261 530 “
274 513 399 542 Cbrisws
422 513 530 548 quidem
555 513 640 548 ‘ertgit
672 513 831 542 rationalem
863 519 988 541 naturam

203 560 341 588 mandatis
358 560 433 593 suis;
449 559 581 587 scelestus
599 566 662 587 vero
677 559 864 588 Antichristus
879 560 912 588 ad
928 567 989 595 per-

204 608 303 635 niciem
316 607 436 634 concitat
446 606 593 633 humanum
609 613 706 640 genus.

240 654 264 670 ‘°
280 653 384 688 Ubique
404 653 516 680 verbum
534 652 659 687 judicare
683 651 782 680 dicitur
808 659 857 686 pro
885 652 988 678 docere.

1040 378 1154 409 αὐτούς·
1172 377 1293 404 τοιοῦτόν
1311 378 1369 403 ὲστι
1391 377 1438 403 καὶ
1456 377 1485 403 τὸ
1501 377 1576 412 παρὰ
1593 376 1631 412 τῷ
1641 376 1747 412 Παύλῳ
1757 376 1835 410 λεγό-

1042 433 1121 459 μενον
1133 433 1139 439 ·
1156 425 1186 451 Ἡ
1198 424 1299 459 ἀγάπη
1308 425 1343 452 οὐ
1354 425 1574 459 περπερεύεται,
1584 425 1644 451 ἀντὶ
1657 423 1720 457 τοῦ,
1737 425 1752 451 ὁ
1767 424 1836 460 ἔχων

1040 470 1089 506 τὴν
1105 471 1224 506 ἀγάπην.

1081 516 1110 542 ’0
1126 516 1174 551 μὲν
1189 515 1308 552 Χριστὸς
1329 516 1452 550 ἀνίστησι
1471 519 1521 551 τὴν
1542 515 1623 550 φύσιν
1646 515 1697 551 τὴν
1724 516 1838 552 λογικὴν

1041 561 1085 589 διὰ
1094 562 1148 589 τῶν
1162 562 1277 589 ἐντολῶν
1287 561 1369 588 αὐτοῦ
1381 570 1388 577 ·
1406 563 1420 589 ὁ
1429 561 1457 588 δὲ
1466 561 1623 597 παράνομος
1639 561 1836 597 Ἀντίχριστος,

1042 608 1111 644 προς
1127 607 1265 635 ἀπώλειαν
1282 606 1400 643 ἐρεθίζει
1416 607 1446 634 τὸ
1459 608 1536 642 γένος
1550 608 1604 634 τῶν
1619 607 1788 644 ἀνθρώπων.

1083 653 1126 679 Ἐν
1142 653 1221 680 παντὶ
1234 653 1264 679 τὸ
1273 653 1396 688 κρίνειν,
1412 652 1567 681 διδάσκειν
1581 653 1690 688 λέγεται
1703 663 1710 669 ·
1727 653 1838 690 καὶγὰρ

204 699 272 727 Nam
287 704 315 727 et
332 699 380 734 qui
394 699 467 726 inter
482 699 549 726 duos
565 698 606 726 vel
620 698 715 733 plures
727 698 762 725 de
776 697 870 732 aliquo
882 697 991 732 negotio

1053 709 1056 722 ι
1070 697 1171 733 μεταξὺ
1187 698 1234 724 δύο
1255 698 1272 733 ἢ
1295 699 1342 725 καὶ
1358 697 1498 731 πλειόνων,
1515 699 1579 735 περὶ
1600 700 1659 731 ἑνὸς
1675 700 1838 736 πράγματος

202 746 317 781 judicat,
332 746 366 773 iis
385 745 539 780 aequitatem
562 745 653 778 docet,
675 749 702 772 et
719 745 754 772 ab
772 744 916 779 iniquitate
930 745 991 772 abs-

1053 744 1153 781 ιρίνων,
1171 744 1290 772 διδάσκει
1307 745 1337 771 τὸ
1354 745 1467 776 δίκαιον,
1485 745 1532 772 καὶ
1546 745 1696 782 ἀπέχεσθαι
1712 746 1836 778 ἀδικίαν

207 799 304 823 terret.
330 794 464 822 Similiter
483 798 512 821 et
533 793 560 822 in
584 793 733 821 virtutibus
757 797 786 820 et
810 793 836 820 in
852 792 948 827 quavis
963 799 991 818 re

1053 791 1174 823 ὒσαύτως
1188 792 1235 818 καὶ
1248 791 1294 818 ἐπὶ
1308 792 1423 828 ἀρετῶν,
1438 792 1485 819 καὶ
1499 792 1545 819 ἐπὶ
1556 794 1609 818 πᾶν
1618 791 1709 819 ὁτιοῦν
1725 791 1837 827 ἀγαθὸν,

206 841 290 874 bona,
303 840 428 876 judicare
455 847 504 874 pro
527 840 620 866 docere
644 839 752 866 dicitur.
785 825 878 865 Virum
904 841 991 864 autem

1053 837 1076 863 rb
1089 837 1202 871 κρίνειν
1209 825 1364 865 διδάσκειν
1375 838 1601 874 λέλεκται’άνδρα
1610 838 1638 865 δὲ
1649 825 1771 865 ἐνταῦθα
1782 839 1839 873 κρί-

209 886 254 913 hic
267 885 433 921 iudicantem
450 888 554 921 gentes,
569 885 680 912 Petrum
706 884 782 916 dicit,
798 884 843 918 qui
864 883 991 910 mundum

1053 892 1101 911 ιειν
1114 883 1178 919 ἔθνη
1189 904 1196 918 ,
1216 884 1262 911 τὸν
1278 885 1380 921 Πέτρον
1396 885 1473 921 φησὶ,
1489 885 1536 912 τὸν
1555 885 1604 920 τὴν
1620 884 1788 920 οἰκουμένην
1802 884 1838 910 δι-

207 931 366 959 universum
380 931 472 958 docuit
487 930 588 959 Christi
603 931 683 958 tidem
698 937 731 957 ac
747 930 914 964 religionem.
925 928 990 956 Pau-

207 979 263 1006 lum
289 978 354 1006 item
380 982 408 1005 et
430 977 548 1012 reliquos
576 985 624 1012 per
643 981 766 1012 tempora
791 977 945 1012 magistros.
961 975 995 1002 At

206 1025 295 1052 virum
311 1031 425 1059 pravum
442 1024 508 1052 dicit
522 1023 672 1055 Theudam.
689 1029 717 1050 et
735 1021 842 1055 Jndam,
856 1027 884 1049 et
896 1022 995 1049 Samo-

206 1075 355 1103 satensem,
380 1074 408 1097 et
425 1076 520 1097 eorum
550 1068 693 1096 sententiae
707 1068 842 1095 homines.
859 1067 898 1094 De
910 1074 996 1101 pravo

205 1116 314 1152 quidem
333 1116 443 1143 homine
457 1114 494 1141 ait
506 1114 590 1141 David
600 1113 660 1130 ⁸⁷·⁶³
677 1122 684 1140 :
698 1113 782 1148 Super
789 1120 848 1140 eum
860 1113 994 1145 ridebunt,

205 1168 230 1190 et
247 1163 356 1190 dicent:
374 1161 442 1189 Ecce
461 1161 538 1188 homo
553 1160 598 1195 qui
611 1168 662 1187 non
685 1159 774 1194 posuit
787 1159 869 1185 Deum
885 1158 992 1193 adjuto-

205 1217 259 1237 τσνη
275 1216 363 1236 suum.

244 1254 302 1281 Viri
318 1253 480 1289 sanguinum
504 1253 642 1279 daemones
659 1255 732 1285 sunt,
754 1251 800 1286 qui
823 1250 945 1278 homines
969 1251 996 1277 in

209 1300 322 1328 Christo
332 1299 456 1327 viventes
468 1298 607 1333 sanguinis
616 1292 748 1324 elfusione
759 1296 897 1324 occidunt.
910 1297 932 1313 θ’
944 1296 997 1323 Re-

207 1346 243 1373 cti
258 1350 348 1373 autem
367 1343 513 1379 exquirant
527 1343 646 1371 animant
661 1343 731 1379 ejus.
748 1342 780 1370 Hi
792 1348 856 1370 sunt
874 1343 920 1378 qui
937 1343 997 1370 illo-

209 1401 268 1420 rum
283 1397 344 1420 acta
356 1396 383 1419 et
393 1391 522 1426 c0gitata,
536 1394 627 1417 mente
639 1395 667 1417 et
679 1397 764 1425 opere
775 1389 875 1417 imitari
889 1389 996 1417 volunt.

245 1484 352 1510 Revera
377 1481 490 1510 insanus
517 1481 686 1509 iracundiam
701 1488 777 1508 suam
791 1481 935 1508 continere
947 1489 995 1508 ne-

209 1531 277 1566 quit.
296 1529 346 1557 llic
361 1527 493 1564 (sapiens)
509 1532 598 1554 autem
621 1527 761 1562 dispensat
782 1533 831 1561 per
853 1533 956 1562 partes,
967 1527 994 1554 id

209 1581 262 1608 est,
281 1576 307 1603 in
329 1575 410 1603 rebus
431 1574 513 1609 justis
529 1574 670 1602 irascitur.
683 1573 746 1601 7oEt
764 1575 797 1600 ad
816 1573 996 1608 simpliciores

208 1622 319 1658 quidem
338 1619 484 1648 dicendum
508 1623 551 1648 est
569 1619 633 1647 hoc.
659 1619 702 1646 Ad
725 1617 861 1646 doctiores
878 1622 968 1645 autem
986 1625 993 1644 :

208 1667 254 1703 qui
278 1674 342 1695 cum
362 1665 571 1702 longanimitate
597 1665 733 1693 consumit
755 1664 924 1692 iracundiam
947 1671 996 1698 per

209 1719 310 1750 partes.

244 1759 266 1775 "
281 1758 496 1786 Observautibns
512 1757 598 1791 legem
622 1761 767 1784 enarrator
788 1758 842 1784 crit
866 1757 997 1784 Dominus

208 1805 237 1833 in
259 1812 343 1841 regno
358 1813 366 1831 :
379 1804 627 1839 transgressoribus
642 1811 696 1831 non
719 1803 773 1830 erit
791 1807 934 1830 enarrator
947 1803 995 1831 sed

207 1851 327 1887 punitor.
760 1878 762 1881 ,

245 1896 382 1924 Neminem
404 1899 501 1930 suapte
517 1899 612 1922 natura
627 1894 725 1922 durum
740 1901 802 1922 esse
823 1894 996 1922 demonstrat

208 1942 309 1970 dictum
323 1941 388 1969 illud
406 1941 491 1968 :Nam
507 1940 559 1968 etsi
584 1940 761 1973 intellexerit,
774 1947 826 1966 non
843 1941 995 1968 obediet".

207 1988 258 2022 Qui
272 1987 344 2016 enim
359 1991 456 2022 suapte
472 1990 571 2013 natura
586 1985 672 2013 durus
689 1989 742 2017 est,
758 1985 823 2012 nihil
838 1990 940 2012 rectum
956 1986 997 2013 in-

207 2031 320 2068 telliget.
335 2032 358 2048 ⁷³
374 2031 432 2059 Hoc
445 2036 535 2058 autem
549 2031 592 2058 aio
607 2035 719 2064 propter
734 2029 904 2057 Pharaonem
917 2031 996 2058 indu-

207 2085 296 2108 ratum
316 2084 411 2107 contra
427 2078 566 2111 lsraelem,
587 2083 615 2105 et
641 2085 695 2105 non
710 2078 803 2105 verbis
816 2078 863 2105 sed
878 2079 997 2113 castiga—

206 2127 328 2155 tionibus
342 2125 491 2153 eruditum.

1045 929 1162 962 δάξαντα
1177 929 1226 966 τὴν
1245 930 1286 962 εἰς
1304 931 1421 966 Χριστὸν
1435 930 1525 958 πίστιν
1539 930 1586 958 καὶ
1606 930 1751 957 εὐσέϐειαν
1768 929 1836 965 (9.5)-

1046 974 1092 1000 καὶ
1103 974 1218 1005 Παῦλον,
1233 975 1352 1007 καὶτοὺς
1365 975 1475 1007 λοιποὺς
1488 976 1634 1010 μετέπειτα
1645 975 1836 1007 διδασκάλους·

1050 1020 1135 1056 ἄνδρα
1150 1020 1179 1047 δὲ
1193 1020 1294 1055 φαῦλον
1304 1042 1311 1054 ,
1326 1022 1390 1053 τοὺς
1399 1021 1470 1049 κατὰ
1484 1022 1586 1049 Θευδᾶν
1596 1022 1644 1049 καὶ
1661 1021 1778 1053 Ἰούδαν,
1792 1021 1837 1047 καὶ

1046 1067 1209 1102 Σαμοσατέα
1223 1067 1278 1103 (26)
1289 1087 1296 1099 ,
1314 1068 1362 1094 καὶ
1376 1069 1441 1100 τοὺς
1458 1067 1560 1095 τούτων
1572 1068 1740 1104 ὸμόφροναςο
1752 1066 1797 1094 ἐπὶ
1811 1067 1837 1093 δὲ

1046 1113 1092 1140 τὸν
1106 1112 1205 1148 φαῦλόν
1215 1113 1272 1148 (27)
1288 1114 1390 1149 φησινὸ
1406 1114 1502 1141 Δαυῒδ⁶
1519 1113 1573 1141 Καὶ
1585 1115 1630 1141 ἐπ’
1638 1114 1736 1141 αὐτὸν
1751 1112 1836 1149 γελά-

1046 1167 1161 1193 σονται,
1170 1159 1219 1186 καὶ
1229 1159 1353 1194 ἐροῦσιν
1360 1169 1366 1176 ·
1382 1159 1462 1187 Ἰδοὺ
1471 1160 1636 1195 ἅνθρωπος,
1643 1160 1679 1194 ὃς
1688 1161 1746 1188 οὐκ
1756 1161 1836 1188 ἔθετο

1046 1204 1100 1231 τὸν
1113 1204 1186 1231 Θεὸν
1197 1205 1315 1239 ,βοηθὸν
1330 1206 1434 1233 αὐτοῦ.

1084 1250 1196 1286 ’Ἄνδρες
1219 1251 1342 1286 αἱμάτων
1366 1252 1391 1278 οι
1419 1251 1545 1288 δαίμονές
1567 1252 1649 1285 εἰσιν,
1674 1252 1700 1279 οῑ
1722 1253 1787 1285 τοὺς
1808 1253 1835 1279 ὲν

1047 1297 1157 1334 Χριστῷ
1178 1297 1282 1330 ζῶντας
1301 1298 1414 1334 ὲκχύσει
1429 1298 1546 1334 αἵματος
1568 1299 1794 1330 ἀποκτείναντες·
1811 1299 1834 1326 οἱ

1046 1343 1074 1369 δὲ
1099 1342 1188 1375 εὐθεϊς
1211 1342 1393 1379 ὲκζητήσουσι
1415 1343 1505 1378 ψυχὴν
1531 1343 1633 1371 αὐτοῦ·
1659 1339 1735 1371 οὗτοι
1760 1343 1785 1370 οἱ
1803 1344 1834 1370 τα

1047 1388 1136 1416 αὐτῶν
1159 1389 1285 1425 πρακτέα
1305 1389 1353 1416 καὶ
1372 1390 1522 1425 νενοημένα
1541 1390 1652 1427 ποιῆσαι
1675 1391 1724 1418 καὶ
1746 1391 1833 1427 νοῆσαι

1048 1433 1204 1470 βουλόμενοι
1209 1454 1216 1462 .

1085 1481 1190 1513 Ὄντως
1201 1481 1216 1507 ὁ
1228 1481 1323 1518 ἄφρων
1339 1481 1494 1518 ἀκράτητον
1508 1482 1564 1518 ἔχει
1577 1482 1623 1510 τὸν
1637 1482 1725 1519 θυμὸν
1739 1481 1816 1510 αὐτοῦ
1826 1491 1832 1496 ·

1045 1524 1123 1559 οὗτος
1136 1528 1164 1554 δὲ
1178 1528 1336 1563 ταμιεύεται
1349 1528 1422 1555 κατὰ
1438 1529 1534 1566 μέρος,
1559 1529 1642 1564 ἤγουν
1656 1529 1705 1556 ἐπὶ
1725 1530 1781 1561 τοῖς
1799 1527 1833 1555 δι-

1047 1575 1134 1607 καίοις
1158 1575 1334 1611 ὀργιζόμενος
1355 1575 1510 1611 πράγμασι.
1533 1576 1588 1602 Καὶ
1609 1575 1678 1611 πρὸς
1705 1575 1754 1611 μὲν
1776 1574 1833 1605 τοὺς

1047 1622 1246 1658 ἁπλουστέρους
1268 1622 1376 1650 λεκτέον
1403 1622 1501 1649 τοῦτο·
1525 1622 1595 1658 πρὸς
1617 1622 1645 1653 δὲ
1667 1623 1733 1654 τοὺς
1757 1629 1832 1648 σπου⁸

1046 1667 1156 1699 δαίους,
1181 1669 1195 1695 ό
1214 1667 1257 1694 διὰ
1280 1667 1329 1704 τῆς
1351 1666 1541 1704 μακροθυμίας
1563 1667 1771 1695 καταναλίσκων
1790 1664 1832 1692 τὸν

1047 1712 1131 1748 θυμὸν
1146 1714 1217 1740 κατὰ
1234 1713 1327 1749 μέρος.

1083 1758 1145 1790 Τοῖς-ι
1162 1759 1212 1794 μὲν
1231 1759 1365 1794 φυλάξασι
1386 1758 1432 1786 τὸν
1447 1759 1528 1795 νόμον
1546 1758 1661 1794 ὑπάρξει
1675 1757 1832 1795 ὲξηγητὴςὸ

1047 1805 1149 1841 Κύριος
1163 1806 1192 1832 ὲν
1207 1807 1240 1842 τῇ
1256 1805 1381 1842 βασιλείᾳ
1392 1814 1399 1821 ·
1414 1807 1471 1837 τοῖς
1492 1805 1519 1832 δὲ
1533 1806 1768 1841 παρανομήσασιν,
1792 1802 1830 1836 ἐξ-

1046 1851 1153 1887 ηγητὴς
1168 1851 1216 1887 μὲν
1229 1851 1278 1887 οὐχ
1295 1852 1422 1887 ὑπάρξει,
1440 1851 1573 1886 κολαστὴς
1585 1851 1613 1877 δὲ
1628 1851 1754 1887 ὑπάρξει.

1084 1897 1145 1924 ’Ότι
1167 1897 1254 1929 οὐδεὶς
1277 1897 1348 1924 κατὰ
1366 1896 1446 1932 φύσιν
1463 1896 1599 1932 σκληρὸς,
1625 1896 1772 1932 παρίστησι
1793 1893 1828 1924 τὸ,

1054 1942 1115 1968 Ἐὰν
1128 1941 1181 1978 γὰρ
1204 1942 1253 1968 καὶ
1276 1943 1360 1978 νοήσῃ
1382 1942 1430 1977 οὐχ
1454 1942 1649 1968 ὑπακούσεται·
1668 1942 1682 1967 ὁ
1697 1942 1750 1976 γὰρ
1768 1939 1830 1966 κατὰ

1048 1987 1128 2022 φύσιν
1141 1987 1269 2023 σκληρὸς,
1283 1988 1332 2014 οὐκ
1346 1987 1379 2014 ἂν
1389 1987 1467 2024 ὀρθόν
1481 1997 1506 2014 τι
1518 1988 1611 2023 νοήσοι
1624 1988 1688 2014 ποτέ
1701 1996 1706 2001 ·
1721 1986 1795 2014 τοῦτο
1804 1985 1829 2011 δὲ

1047 2033 1118 2067 λέγω
1135 2033 1179 2060 διὰ
1192 2033 1239 2060 τὸν
1256 2033 1356 2068 Φαραὼ
1378 2033 1579 2069 σκληρυνθέντα
1593 2034 1639 2060 ἐπὶ
1652 2034 1699 2061 τὸν
1720 2031 1828 2069 Ἰσραὴλ,

1048 2079 1094 2105 καὶ
1109 2079 1139 2104 οὐ
1153 2078 1241 2112 λόγοις
1257 2077 1325 2104 ἀλλὰ
1339 2078 1448 2114 μάστιξι
1464 2078 1650 2106 παιδευθέντα,

241 2173 266 2189 ⁷⁸
281 2172 310 2200 Si
328 2171 402 2200 luxui
434 2171 586 2206 indulgere,
613 2177 729 2204 peccare
756 2169 839 2201 facit;
871 2169 991 2204 quisquis

1087 2170 1117 2196 Εἰ
1134 2169 1164 2196 τὸ
1180 2169 1391 2205 κατασπαταλᾷν
1403 2190 1410 2202 ,
1425 2169 1592 2206 ἁμαρτάνειν
1607 2171 1696 2202 ποιεῖ,
1717 2169 1768 2200 πᾶς
1779 2167 1804 2194 δὲ
1815 2167 1828 2194 ὁ

205 2227 272 2247 vero
289 2219 354 2246 facit
377 2223 528 2254 peccatum,
550 2224 645 2245 servus
669 2222 711 2244 est
733 2217 855 2251 peccati;
872 2217 991 2251 profecm

1053 2217 1131 2245 ποιῶν
1146 2217 1194 2252 τὴν
1215 2216 1351 2252 ἁμαρτίαν
1372 2216 1464 2250 δοῦλός
1484 2218 1542 2244 ἐστι
1554 2218 1604 2252 τῆς
1620 2218 1764 2254 ἁμαρτίας,
1780 2214 1827 2245 πᾶς

206 2265 296 2293 munis
309 2264 467 2291 luxuriosus
481 2271 578 2291 servus
593 2268 635 2291 est
650 2263 766 2298 peccati.
785 2263 913 2291 Extrema
928 2272 991 2292 vero

1053 2264 1101 2300 Ξρα
1125 2265 1138 2291 ὁ
1163 2263 1306 2291 σπαταλῶν
1326 2263 1419 2296 δοῦλός
1445 2264 1503 2291 ἐστι
1523 2265 1573 2299 τῆς
1588 2265 1742 2300 ἁμαρτίας·
1762 2263 1788 2289 ὲν
1801 2261 1825 2286 δὲ

205 2312 251 2339 die
267 2311 338 2337 haud
360 2309 456 2337 leviter
468 2309 509 2337 sui
527 2317 607 2336 causa
622 2309 735 2337 dolebit.

1053 2313 1077 2348 πῇ
1094 2311 1196 2347 ἐσχάτῃ
1209 2309 1299 2347 ἡμέρᾳ
1314 2310 1364 2337 οὐκ
1376 2310 1460 2344 ὀλίγαξ
1471 2311 1514 2345 ἐφ’
1529 2310 1618 2346 ἑαυτῷ
1631 2310 1824 2346 ὀδυνηοήσεται.

241 2356 459 2384 Contumeliosos
474 2355 599 2382 humiliat
624 2355 765 2389 Dominus,
780 2355 926 2384 humilibus
942 2364 991 2383 au-

1086 2356 1232 2393 Ὑῦριστὰς
1252 2357 1375 2384 ταπεινοῖ
1395 2356 1517 2391 Κύριος,
1535 2357 1673 2388 ταπεινοῖς
1693 2356 1721 2382 δὲ
1742 2353 1824 2381 δίδωσι

206 2408 262 2430 tem
278 2401 394 2437 gloriam
421 2401 526 2428 tribuit.
543 2415 578 2421 —
592 2401 616 2416 "
630 2400 831 2428 Contumeliam
855 2401 900 2429 hic
926 2401 991 2429 dicit

1053 2403 1270 2439 ἰόξαν.-”Υ6ριν
1289 2403 1338 2438 τὴν
1359 2402 1457 2429 κακίαν
1472 2402 1553 2438 φησίν
1564 2412 1570 2418 υ
1592 2402 1670 2438 ὕϐριν
1684 2402 1712 2429 δὲ
1727 2401 1772 2428 καὶ
1784 2407 1824 2425 τα-

205 2456 255 2484 pro
279 2446 410 2481 nequitia,
440 2445 504 2480 quia
525 2452 621 2478 reapse
649 2446 843 2473 contumeliam
864 2451 892 2474 et
906 2446 991 2474 ruina:

1053 2451 1174 2477 τείνωσιν
1190 2449 1327 2481 ἀπωλείας
1346 2449 1472 2485 προξενεῖ
1490 2449 1507 2485 ὴ
1531 2449 1615 2476 κακία
1630 2450 1686 2480 τοῖς
1701 2448 1823 2484 πράττου-

205 2493 409 2529 deprcssionem
425 2491 546 2526 nequitia
571 2491 729 2519 auctoribus
750 2491 806 2520 suis
829 2491 948 2520 conferet
964 2493 991 2520 in

1053 2504 1087 2522 ςιν
1109 2496 1208 2532 αὐτὴν,
1226 2495 1254 2522 ἐν
1269 2496 1302 2530 τῇ
1323 2495 1414 2531 ἡμέρα
1436 2495 1486 2530 τῆς
1507 2494 1638 2530 κρίσεως·
1663 2496 1726 2526 τοὺς
1741 2493 1767 2519 δὲ
1781 2499 1823 2517 τα-

241 2566 285 2593 θιΙ
301 2566 364 2593 Cor.
379 2572 438 2601 χιιι.
453 2564 484 2601 At.
524 2563 584 2601 “LV.
600 2563 654 2601 ιε-
666 2564 688 2580 ⁸⁸
699 2572 723 2591 v.
740 2565 766 2592 9.
802 2565 865 2585 "-‘5
880 2565 952 2593 Psal.
971 2574 991 2594 Li

1084 2567 1107 2583 “
1122 2576 1147 2594 v.
1169 2567 1211 2594 10.
1248 2566 1271 2583 ⁷⁰
1285 2566 1369 2594 v.11.
1405 2566 1427 2582 "
1443 2574 1467 2593 v.
1485 2566 1529 2593 18.
1565 2566 1588 2581 ⁷¹
1606 2565 1685 2593 Prov.
1699 2572 1769 2594 nix,
1785 2560 1820 2588 l9-

205 2602 229 2618 ⁷³
246 2611 272 2629 v.
292 2602 335 2629 i9.
371 2600 394 2616 ⁷⁸
413 2607 437 2627 ν.
455 2599 501 2626 21.
539 2599 561 2615 ⁷⁵
579 2606 604 2625 v.
620 2599 666 2626 ‘23.
690 2632 696 2639 .

1048 2672 1123 2700 lum?
1140 2672 1212 2699 Sane
1226 2671 1253 2697 in
1269 2669 1363 2697 codice
1380 2676 1477 2696 nomen
1491 2667 1617 2701 Origcnis
1642 2668 1706 2695 huic
1726 2668 1820 2701 quoque

1047 2709 1199 2740 fragmento
1222 2704 1392 2739 appingitur;
1419 2705 1465 2731 scd
1484 2703 1554 2740 rnihil
1576 2708 1649 2740 velat
1676 2701 1818 2740 «promittas,

1048 2733 1104 2769 iiii"
1118 2733 1292 2769 amanuensis
1305 2733 1444 2766 “luendum
1468 2739 1512 2770 sit,
1530 2743 1560 2765 ut
1578 2739 1603 2764 in
1629 2733 1733 2767 catenis
1750 2733 1818 2763 facile

1046 2787 1095 2805 usu
1114 2777 1198 2807 venit,
1215 2776 1257 2802 vel
1273 2775 1401 2808 quaelibet
1419 2773 1604 2809 iuterpolatio.

1083 2812 1140 2846 (27)
1157 2811 1220 2838 cod.
1236 2809 1352 2837 Παῦλον.

240 2671 299 2707 (25)
313 2670 506 2707 Animadverte
515 2671 650 2707 quomodo
659 2670 790 2706 Origenes
799 2671 872 2699 dicat
882 2671 992 2700 Petrum

205 2707 268 2734 ﬁdei
286 2715 317 2734 ac
335 2706 475 2740 religionis
490 2706 630 2733 institisse
644 2708 745 2733 mundo
762 2708 935 2741 magistrum.

239 2741 296 2776 (‘26)
310 2742 370 2773 Quo
386 2747 465 2776 pacto
481 2741 698 2768 Samosateusem
715 2743 749 2775 (si
763 2742 875 2768 Paulum
890 2743 991 2770 intelli-

205 2776 254 2811 git)
280 2775 403 2803 nominat
425 2775 569 2810 Origenes,
593 2777 638 2810 qui
667 2776 807 2810 aliquanto
832 2778 923 2804 senior
946 2779 992 2806 illo

206 2811 269 2844 fuit,
286 2818 442 2846 quanquam
468 2812 537 2838 intra
562 2812 631 2839 idem
652 2812 762 2839 tertium
779 2812 879 2840 Christi
905 2821 991 2840 Sittiu-

848 2848 858 2859 \
