1919 3074
408 69 412 85 l

67 143 106 172 249
652 145 835 174 EXPOSITIO
851 145 883 173 IN
901 144 1110 174 PROVEBBIA.

1642 146 1696 174 250

67 203 233 239 πεινόφρονας
250 205 270 241 ὴ
292 204 375 239 δόξα,
391 205 423 241 ἥν
440 205 563 239 ἐδόξαζον
580 206 624 232 τὸν
640 206 705 233 Θεὸν
720 206 748 234 ἐν
765 206 851 242 ὕμνοις

912 206 954 234 die
969 205 1073 242 judicii.
1091 205 1128 232 At
1142 202 1260 232 humiles
1274 204 1332 240 ipsa
1350 203 1448 240 gloria,
1462 211 1514 240 qua
1538 204 1622 233 Deum
1636 204 1697 240 glo-

67 250 106 277 κιὶ
115 250 229 286 τηρήσει
238 250 302 278 τῶν
315 252 431 279 ἐντολῶν
443 252 535 285 αὑτοῦ,
547 252 650 285 δοξάσει
667 252 765 285 αὐτούς
775 261 782 268 ⁸
796 253 860 285 δόξα

70 298 114 334 γὰρ
127 296 192 324 8εοῦ
210 297 244 324 τὸ
258 299 352 325 ποιεῖν
368 298 418 331 τὰς
433 299 542 331 ἐντολὰς
555 299 651 326 αὐτοῦ·
675 299 765 331 καθὼς
779 299 859 331 αὐτός

72 345 160 380 φηςινὸ
169 343 277 380 Κύριος
292 344 352 371 ἀλλ’
363 344 393 380 ἢ,
406 345 480 378 Τοὺς
491 344 669 378 δοξάζοντάς
674 354 712 380 με
723 344 856 378 δοξάσω*

71 392 121 427 ἡδὲ
132 391 216 418 κακία
233 391 319 427 ὓϐριν
336 391 450 427 λογικῆς
466 391 553 426 ψυχῆς
568 389 702 427 προξενεῖ.

100 482 226 518 κλέπτην
237 481 291 509 οὐκ
302 479 382 509 ἀλλον
396 480 468 514 τινὰ,
485 481 508 509 εί
524 480 561 517 μὴ
575 480 620 507 τὸν
632 479 754 507 διάϐολον
767 479 855 514 λέγει·

67 528 79 556 ὁ
97 529 124 555 δὲ
147 527 332 563 μεριζόμενος
344 546 352 560 ,
369 527 453 562 ἤγουν
475 526 557 562 μέρος
581 526 630 562 μὲν
652 525 708 554 τῶν
725 525 772 553 τοῦ
790 525 857 552 Θεοῦ

65 574 286 610 προσταγμάτων
302 573 405 610 τηρῶν,
423 573 505 610 μέρος
519 573 548 600 δὲ
561 572 608 600 τοῦ
626 572 745 609 πονηροῦ
762 573 856 606 ποιῶν,

63 619 135 652 οὗτος
154 622 234 656 μισεῖ
249 620 299 656 τὴν
313 619 410 647 ἐαυτοῦ
424 619 530 655 ψυχήν·
553 618 650 654 μικρὸν
664 618 718 655 γὰρ
735 619 797 645 ὅσον
811 619 858 646 καὶ

61 666 161 693 τέλειον
181 667 266 693 αὑτὸν
288 666 390 701 κλέψας
412 666 426 692 ὸ
447 664 588 698 διάϐολος,
604 663 680 691 θύσει
694 663 792 700 ἐαυτῷ.
826 665 857 691 '0

58 712 195 746 κλέπτης
210 712 278 748 γὰρ,
293 712 387 744 φησὶν,
402 712 457 738 οὐκ
467 711 594 746 ἔρχεται,
607 712 631 738 εἰ
642 710 686 745 μὴ
696 711 746 738 ἵνα
758 710 857 746 κλέψῃ

57 758 104 785 καὶ
116 759 216 793 θύσῃ,
232 757 281 785 καὶ
297 757 448 791 ἀπολέσῃ.
459 773 494 777 ——
504 757 605 792 Ὅρκον
622 756 682 784 εἷπε
695 757 740 784 τὸν
755 756 836 792 νόμον
848 764 855 771 ο

56 803 152 840 ὥσπερ
177 803 236 839 γὰρ
258 804 272 830 ὁ
289 803 370 839 ὅρκος
391 803 482 839 τίθησι
494 802 540 829 τὸν
555 802 622 829 Θεὸν
638 803 667 829 ἐν
680 802 769 838 ψυχῇ,
786 801 856 828 οὓτω

55 850 99 876 καὶ
121 850 137 876 ὁ
157 850 246 885 νόμος
259 849 363 884 εἰσάγει
375 849 440 876 Θεὸν
460 849 500 881 είς
513 848 619 884 ψυχήν·
642 848 688 876 καὶ
710 848 740 875 ὃν
755 848 855 884 τρόπον

910 253 1054 280 rillcarunt
1081 251 1208 287 hymnis,
1235 255 1263 280 et
1292 251 1484 279 mandatorum
1509 252 1696 284 observantia,

909 298 1032 326 extollet.
1051 297 1143 326 Gloria
1163 297 1235 324 enim
1255 297 1302 324 Dei
1328 301 1370 324 est
1389 297 1531 332 praeceptis
1548 297 1606 332 ejus
1634 297 1698 326 obe-

909 344 976 372 dire.
993 343 1227 378 Quemadmodum
1256 342 1313 378 ipse
1340 342 1405 370 dicit
1433 343 1588 371 Dominus:
1605 342 1697 371 Hono-

909 395 997 418 rantea
1011 397 1051 418 me
1064 389 1246 417 honorabo".
1269 389 1394 424 Nequitia
1414 396 1480 417 vero
1503 389 1697 417 contumeliam

909 437 1037 465 rationali
1056 437 1154 465 anima:
1171 436 1263 464 infert.
1376 434 1379 437 ’

942 482 1042 511 Furem
1059 482 1131 510 haud
1157 481 1242 511 alium
1273 482 1339 511 dicit
1363 489 1444 518 quam
1468 482 1617 511 diabolum.
1645 482 1698 517 Qui

908 536 975 558 vero
998 530 1025 557 in
1046 533 1139 565 partes
1165 528 1313 563 scinditur,
1341 528 1368 556 id
1397 534 1440 557 est
1466 529 1564 564 partim
1588 529 1696 564 quidem

908 575 1038 603 mandata
1064 575 1111 603 Dei
1136 574 1306 610 exsequitur,
1319 575 1419 609 partim
1436 582 1502 602 vero
1518 575 1640 610 maligni,
1655 575 1699 602 hic

907 621 1026 649 animam
1055 621 1195 657 propriam
1222 621 1290 649 odit.
1315 621 1338 637 '”
1354 621 1408 648 Sed
1437 621 1511 648 hunc
1540 621 1697 656 propediem

908 668 993 692 totum
1007 663 1143 693 suﬂurans
1159 665 1294 697 diabolus,
1306 664 1358 692 sibi
1375 665 1537 693 immolablt.
1552 664 1697 697 Furcnim,

907 710 996 746 inquit
1009 709 1136 739 Christus
1147 710 1182 743 ",
1196 719 1249 738 non
1260 711 1326 738 venit
1344 711 1397 738 nisi
1410 716 1437 738 ut
1446 711 1549 745 furatur
1557 716 1580 738 ει
1591 715 1698 743 mactet,

906 762 930 785 et
947 757 1300 792 perdat.——Jusjurandum
1325 757 1393 785 dixit
1417 757 1515 793 legem.
1536 757 1612 785 Sicut
1625 757 1698 784 enim

903 803 1093 838 jusjurandum
1113 803 1195 831 Deum
1216 803 1243 831 in
1267 804 1358 831 anima
1379 803 1465 839 ponit,
1491 803 1531 831 sic
1553 803 1636 830 etiam
1655 803 1698 830 lc:

907 849 991 878 Deum
1018 851 1045 878 in
1070 850 1190 877 animam
1207 850 1321 878 inducit.
1335 849 1368 877 Et
1386 849 1621 886 quemadmodum
1637 857 1699 886 per-

53 895 137 923 πάλιν
156 896 271 930 ἀναιρεῖ
284 896 300 930 ὴ
316 894 444 930 ἐπιορκία
457 894 523 922 θεὸν
534 895 567 921 ἐκ
580 893 678 930 ψυχῆς,
693 893 763 921 οὓτω
776 893 822 921 καὶ
837 894 851 929 ἡ

912 896 1008 929 iurium
1034 896 1119 924 Deum
1141 903 1175 924 ex
1198 896 1288 923 anim‘a
1312 885 1401 928 delet,
1425 896 1461 923 ita
1489 896 1557 932 legis
1587 896 1699 924 violatio

52 941 220 978 παρανομία
232 940 357 968 ἐκϐάλλει
369 940 436 967 Θεὸν
447 940 494 967 ἀπ’
507 939 605 975 αὐτῆς.
630 939 692 966 Ἐὰν
703 937 759 971 οὖν,
777 939 854 974 φησὶ,

51 988 138 1023 νόμου
151 987 282 1019 τεθέντος
296 987 461 1019 ἀκούσαντες
474 987 511 1022 μὴ
524 985 738 1023 ὲξαγορεύσωσιν
753 985 856 1013 ἑαυτῶν

49 1035 101 1067 τὰς
117 1034 263 1070 ἁμαρτίας
274 1053 282 1066 ,
306 1033 471 1069 φοόηθέντες
486 1033 533 1060 καὶ
552 1032 740 1068 αἰσχυνθέντες
753 1031 857 1067 ἀνθρώ-

48 1090 134 1113 πους,
149 1079 432 1115 ὑποσκελισθὴσονται
449 1079 517 1116 πρὸς
534 1078 671 1106 ἀπώλειαν
683 1088 689 1094 ·
704 1078 775 1105 οὕτω
790 1078 857 1114 φησὶ

47 1128 98 1155 καὶ
113 1129 130 1154 ό
142 1127 230 1154 Δαυῖδ
240 1135 246 1141 ·
256 1124 350 1154 Ἐῖπα·
361 1126 561 1161 Ἐξατορεὺσω
569 1125 632 1153 κατ’
639 1125 713 1161 ἐμοῦ
722 1124 779 1160 τὴν
788 1125 858 1152 dro—

47 1173 128 1209 μίαν
136 1182 201 1208 μου
211 1172 253 1206 τῷ
259 1173 366 1207 Κυρίῳ,
378 1172 426 1199 καὶ
442 1171 483 1199 σὺ
497 1171 617 1206 ἀφῆκας
638 1171 696 1206 τὴν
715 1171 857 1199 ἀσέϐειαν

48 1219 109 1254 τῆς
119 1219 251 1253 καρδίας
259 1228 317 1254 μου
329 1228 336 1234 ·
352 1219 399 1246 καί
412 1228 418 1234 -
432 1219 507 1255 Λέγε
520 1219 560 1246 σὺ
575 1218 690 1253 πρῶτος
702 1219 755 1251 τὰς
764 1219 857 1252 ἁμαρ-

48 1267 122 1300 τιας
146 1274 225 1299 σου,
249 1267 299 1294 ira
323 1265 498 1301 δικαιωθῇς·
518 1266 565 1292 καὶ
590 1265 670 1293 πάλιν
694 1265 709 1292 ὁ
732 1264 857 1301 Σολομῶν

49 1323 141 1351 φησιν
149 1323 156 1330 ·

51 1359 300 1396 ἀγαπηθήσεται.

909 942 995 970 Deum
1010 949 1045 969 ex
1063 941 1108 969 illa
1133 941 1228 976 abigit.
1256 941 1284 969 Si
1310 948 1375 977 ergo
1391 946 1482 969 stante
1498 941 1567 975 lege,
1585 945 1698 976 peccata

909 995 957 1015 sua
969 987 1094 1015 conﬁteri
1110 987 1258 1021 noluerint,
1275 991 1348 1015 metu
1369 996 1401 1016 ac
1424 987 1528 1022 pudore
1543 987 1698 1018 hominum,

909 1033 1059 1062 exitialiter
1084 1034 1287 1062 subvertentur.
1305 1034 1350 1062 Sic
1382 1034 1421 1061 ait
1447 1039 1474 1061 et
1492 1032 1670 1061 Davidzbia‘i
1687 1042 1697 1061 :

907 1079 1061 1114 ,Confitelwr
1074 1081 1201 1107 adversus
1214 1088 1256 1107 me
1267 1079 1427 1115 injustitiam
1441 1087 1525 1107 meam
1538 1079 1660 1113 Domino,
1673 1083 1698 1106 et

909 1131 939 1154 tu
957 1127 1082 1154 remisisti
1107 1127 1268 1161 impietatem
1296 1127 1385 1154 cordis
1417 1125 1513 1153 mei".
1533 1125 1585 1153 Et:
1602 1125 1649 1152 Dic
1669 1130 1698 1151 tu

909 1173 983 1208 prior
998 1178 1106 1208 peccata
1127 1177 1184 1206 tua,
1206 1178 1235 1200 ut
1255 1172 1410 1209 justificerit
1419 1172 1453 1199 ⁸⁸.
1480 1171 1546 1200 Item
1568 1171 1697 1199 Salomon

910 1217 966 1246 ait:
978 1218 1030 1251 Qui
1045 1220 1128 1251 operit
1139 1219 1304 1254 iniquitatem
1317 1225 1403 1252 suam,
1416 1226 1469 1246 non
1480 1218 1697 1253 prosperabilur;

910 1264 955 1299 qui
969 1269 1056 1292 autem
1069 1268 1179 1292 enarrat
1191 1268 1217 1292 et
1233 1264 1377 1299 vituperat.
1392 1264 1436 1291 hic
1449 1263 1615 1298 diligetur“.

195 1314 228 1342 ὀ
260 1314 470 1342 ἐπικαλύπτων
494 1314 636 1341 ἀσέϐειαν
668 1313 781 1348 αὑτοῦ,
814 1313 871 1340 οὐκ
896 1312 1136 1347 εὐοδωθήσεταιι
1164 1313 1181 1340 ό
1210 1312 1245 1340 δὲ
1270 1311 1471 1348 ἐξηγούμενος
1495 1311 1544 1339 καὶ
1565 1311 1699 1346 ἐλέγχων

90 1381 178 1433 ὀσὸῖ
189 1381 377 1441 άατορθοῦμεν
389 1404 440 1437 τάς
454 1405 575 1438 ἐντολὰς,
592 1404 780 1442 θεραπεύομεν
792 1405 851 1437 τοὺς

942 1403 965 1419 δ’
978 1402 1139 1438 Quicunque
1157 1401 1285 1430 mandata
1305 1401 1352 1430 Dei
1376 1381 1564 1436 observamus,
1587 1402 1698 1439 angelos

52 1452 211 1487 ἀγγέλους·
234 1452 311 1478 αὐτοὶ
324 1451 379 1488 γάρ
401 1452 471 1478 εἰσιν
488 1452 514 1478 οἱ
535 1451 680 1488 ἡγούμενοι
695 1451 775 1488 ὴμῶν
790 1451 857 1487 (εδ),

52 1498 104 1523 ἀπ’
118 1497 212 1533 ἀρχῆς
227 1496 365 1528 λαϐόντες
377 1497 460 1533 ἡμᾶς,
476 1497 520 1524 ὅτε
536 1497 689 1533 διεμέριζεν
700 1498 715 1524 ὸ
728 1496 859 1532 Ὕψιστος

52 1543 122 1580 ἔθνη
136 1563 143 1576 ,
160 1544 210 1571 καὶ
225 1543 412 1579 έπησεν·ὅρια
425 1543 509 1570 ἐθνῶν
522 1543 592 1570 κατά
603 1543 719 1579 ἀριθμὸν
733 1543 857 1578 ἀγγέλων

53 1589 161 1616 αὑτοῦ·
182 1590 211 1616 ἐν
233 1589 262 1616 δὲ
282 1589 321 1625 τῷ
342 1589 503 1625 θεραπεύειν
519 1589 593 1625 ἡμᾶς
611 1589 674 1621 τοὺς
690 1588 858 1625 ἡγουμένους

53 1634 139 1669 ἡμῶν
164 1633 313 1668 ἀγγέλους,
329 1635 358 1661 ἐν
372 1634 412 1669 τῷ
428 1633 560 1670 θελήματι
575 1634 622 1660 τοῦ
642 1633 745 1669 Κυρίου
755 1653 762 1666 ,
781 1634 809 1660 ἐν
821 1634 857 1670 τῇ

53 1680 150 1716 κρίσει
173 1680 279 1707 δίκαιον
305 1678 421 1716 ὑπάρξει
443 1681 510 1716 ἡμῖν
536 1679 612 1716 παρά
638 1679 685 1706 τοῦ
702 1679 806 1716 Κυρίου
828 1679 858 1706 ἐν

53 1726 154 1762 ἐκείνῃ
171 1727 210 1765 ,τῇ
227 1725 336 1762 ἡμέρᾳ,
351 1726 396 1753 ὅτε
415 1727 503 1762 κρινεῖ
517 1725 568 1761 τὴν
588 1726 750 1762 οίκουμένην
771 1727 801 1752 ἐν
820 1726 859 1753 δι-

53 1779 196 1808 ιαιοσυνῃ
232 1771 260 1798 εί
279 1780 312 1806 γε
328 1773 417 1799 πᾶσαν
433 1772 483 1808 τὴν
500 1771 590 1807 κρίσιν
612 1772 627 1798 ὁ
646 1771 743 1808 Πατὴρ
759 1771 859 1799 δέδωκε

53 1816 94 1852 τῷ
112 1817 186 1852 Υἰῷ.

907 1449 1091 1477 demeremur.
1116 1447 1169 1484 lpsi
1193 1447 1276 1476 duces
1298 1449 1386 1476 nostri
1418 1453 1493 1482 sunt,
1521 1454 1646 1484 suscepta
1663 1450 1698 1478 ab

906 1494 983 1523 initio
998 1495 1081 1522 tutela
1099 1500 1203 1527 nostra,
1222 1501 1285 1523 cum
1302 1494 1443 1523 dividebat
1459 1495 1618 1524 Altissimus
1633 1503 1698 1531 gen-

907 1546 959 1574 tes,
973 1540 1163 1575 statuebatque
1177 1539 1247 1568 ﬂues
1260 1540 1422 1576 populorum
1438 1541 1587 1570 secundum
1601 1549 1697 1570 nume-

906 1593 971 1614 rum
983 1586 1139 1622 angelorum
1165 1585 1223 1614 Dei.
1241 1586 1300 1623 Age
1327 1594 1394 1615 vero
1419 1587 1588 1615 demerendo
1615 1588 1698 1616 duces

906 1636 1015 1660 nostros
1029 1632 1153 1667 angelos,
1166 1632 1331 1667 Dominique
1351 1632 1491 1661 voluntate
1514 1633 1697 1669 adimplenda,

903 1677 1007 1713 justum
1015 1686 1030 1705 a
1041 1677 1157 1706 Domino
1164 1678 1305 1714 praemium
1312 1678 1356 1706 illa
1364 1679 1409 1707 die
1418 1687 1628 1715 consequemur,
1643 1688 1696 1715 qua

907 1725 1037 1752 mundum
1075 1724 1208 1759 judicabit
1239 1732 1300 1753 cum
1326 1725 1454 1760 iustitia:
1477 1727 1697 1762 quandoquidem

907 1771 989 1798 omne
1000 1769 1134 1805 judicium
1145 1769 1226 1798 Pater
1239 1770 1310 1798 Filio
1326 1770 1448 1799 tradidit.

785 1861 862 1891 CAP.
881 1860 980 1890 XXXI.

97 1909 228 1946 Ἀνδρεία
251 1909 325 1936 ἐστὶν
343 1909 399 1943 ἕξις
416 1909 513 1946 ἀρίστη
528 1909 641 1945 λογικῆς
662 1908 768 1945 ψυχῆς,
794 1907 855 1935 καθ’

52 1956 88 1992 ῆν
103 1956 161 1984 τῶν
177 1956 376 1992 ἀντικειμένων
389 1956 457 1992 αὕτη
472 1956 642 1993 κεκράτηκεν
658 1954 774 1991 ἐχθρῶν.

89 2003 269 2039 Νικήσαντες
282 2003 331 2038 τὴν
343 2003 536 2038 ἀντικειμένην
550 2002 674 2038 δύναμιν,
691 2000 856 2036 σκυλεύομεν

51 2048 155 2084 αὐτὴν,
177 2049 242 2080 τοὺς
258 2048 323 2085 περὶ
338 2049 424 2084 αὐτῆς
439 2049 536 2083 λόγους
550 2048 731 2084 μανθάνοντες
743 2055 749 2062 ·
767 2047 809 2074 ἵνα
822 2046 857 2073 τὰ

50 2095 119 2121 κατ’
135 2095 225 2121 αὐτὴν
241 2094 330 2129 φαῦλα
343 2094 411 2130 δῆλα
423 2095 584 2130 ποιήσαντες
595 2115 602 2128 ,
618 2093 794 2128 ἀπαγίδευτοι
808 2093 857 2130 μέ-

52 2150 138 2173 νωσι,
157 2143 197 2177 μὴ
211 2142 291 2177 μόνον
303 2142 326 2167 oi
338 2140 528 2176 ἀπλούστεροι,
544 2139 611 2167 ἀλλὰ
623 2140 669 2166 καὶ
681 2140 704 2167 οἱ
719 2139 858 2174 συλλαγω-

51 2187 195 2222 γῆθεντες
212 2186 309 2222 ῥᾳδίως
326 2186 496 2221 ἐκφεύγωσιν
509 2187 556 2213 ἀπ’
569 2185 664 2221 αὐτῆς.

89 2232 245 2268 Μηρὺεται
256 2232 287 2258 τὸ
298 2231 371 2268 ἔριον
380 2232 431 2258 καὶ
440 2231 511 2258 λίνον
524 2231 608 2267 ψυχὴ,
621 2232 684 2263 τοὺς
695 2231 758 2266 περὶ
771 2231 859 2268 ἐμψύ-

52 2286 113 2312 χων
139 2277 192 2303 καὶ
216 2276 328 2312 ἀψύχων
350 2276 445 2310 λόγους
464 2275 657 2311 γυμνάζουσα²
682 2275 778 2311 ἦτοῦς
794 2276 859 2313 περὶ

53 2323 222 2360 πρακτικῆς
246 2323 293 2350 καὶ
314 2323 432 2358 φυσικῆς
452 2322 618 2356 ὲξετάζουσα
641 2322 756 2356 λόγους·
777 2322 857 2358 ἦτὴν

53 2380 90 2397 πε
96 2372 124 2406 ρὶ
135 2369 276 2405 σωμάτων
286 2370 333 2397 καὶ
342 2369 496 2404 ἀσωμάτων
507 2369 623 2404 θεωρίαν
630 2368 674 2396 διὰ
684 2369 732 2404 τῆς
742 2377 858 2405 πρακτι-

53 2415 112 2450 κῆς
126 2415 249 2442 ἕλκουσα
267 2415 334 2451 πρὸς
350 2413 434 2450 αὐτὴν
447 2413 540 2447 ἕξεως.

91 2461 130 2487 Ἦ
150 2461 201 2488 καὶ
218 2461 267 2496 τὴν
288 2461 321 2486 ἐκ
336 2460 433 2492 νυκτὸς
447 2459 631 2495 ἀνισταμένην
642 2459 741 2495 ψυχὴν,
755 2467 858 2496 γρηγο-

57 2507 165 2543 ροῧσαν
189 2507 314 2543 εὑρίσκει
339 2507 354 2533 ὁ
378 2506 426 2541 τῆς
448 2505 621 2541 δικαιοσύνης
637 2504 712 2540 ἥλιος
729 2505 858 2540 νυμφίος·

58 2554 173 2584 πάντως
189 2552 220 2579 δὲ
241 2553 288 2579 καὶ
309 2551 533 2588 προσευχομένην
547 2550 594 2577 τοῦ
615 2551 652 2585 μὴ
673 2551 804 2585 ἐμπεσεῖν
820 2551 860 2582 εἰς

59 2599 228 2635 πειρασμὸν,
237 2598 369 2633 λέγουσαν
380 2597 421 2630 τὸ,
436 2596 612 2632 Ἡγρύπνησα
620 2596 667 2623 καὶ
676 2597 809 2632 ἐγενόμην
822 2597 859 2629 ὡς

63 2644 205 2681 στρουθίον
219 2644 336 2680 μονάζον
351 2643 399 2670 ἐπὶ
418 2642 541 2678 δώματος
553 2650 559 2656 ·
576 2642 675 2678 βρῶμα
687 2642 716 2669 δέ
732 2643 790 2669 ἐστι
806 2643 858 2678 ψυ-

62 2691 122 2726 χῆς,
135 2692 152 2727 ἡ
167 2691 269 2727 μελέτη
282 2690 337 2717 τῶν
351 2689 431 2717 θείων
443 2689 530 2724 λόγων
542 2697 549 2704 θ
565 2688 634 2724 ἔργα
645 2688 689 2723 δὲ,
702 2690 730 2716 αι
744 2689 838 2726 ἀριταί
850 2697 858 2705 .

97 2774 119 2789 ⁷·
131 2774 140 2801 l
154 2774 221 2810 Reg.
238 2782 268 2806 ιι,
290 2772 337 2800 30.

387 2772 410 2788 ⁷⁷
426 2779 452 2799 v.
466 2772 512 2799 24.
560 2774 583 2790 ⁷⁸
619 2773 698 2801 Joan.
715 2771 800 2805 x,10.
839 2772 861 2788 ⁷ο
874 2769 946 2798 Psal.
968 2777 1044 2802 χχχι,
1060 2769 1086 2797 5.

944 1907 968 1924 ⁸³
979 1907 1122 1936 Fortitudo
1134 1912 1176 1936 est
1194 1907 1296 1943 optima
1314 1907 1433 1943 qualitas
1459 1908 1558 1936 anima:
1578 1908 1697 1938 rationa-

910 1953 951 1987 lis,
969 1962 1021 1989 qua
1035 1955 1210 1982 adversantes
1225 1954 1277 1982 sibi
1292 1955 1417 1982 inimicos
1431 1955 1521 1983 anima
1540 1960 1661 1990 superat.

945 2001 968 2017 ⁸⁸
981 2000 1113 2036 Superata
1137 2001 1295 2028 adversaria
1314 2002 1446 2036 potentia,
1468 2002 1612 2030 manubias
1635 2002 1698 2030 inde

910 2047 1042 2082 capimus,
1056 2046 1238 2074 litteraturam
1257 2046 1317 2081 ejus
1335 2048 1466 2075 discendo
1481 2056 1488 2075 :
1506 2052 1535 2074 ut
1551 2048 1618 2075 vitia
1639 2048 1698 2083 ejus

911 2093 999 2128 palam
1020 2092 1164 2126 facientes,
1183 2101 1236 2121 non
1256 2093 1337 2121 modo
1349 2098 1464 2121 caveant
1479 2101 1492 2121 a
1511 2093 1617 2128 laqueis
1632 2095 1699 2121 sitn-

911 2139 1050 2175 plieiores,
1067 2140 1115 2167 sed
1129 2140 1209 2167 etiam
1223 2145 1356 2176 quotquot
1374 2140 1473 2168 irretiti
1489 2139 1600 2168 fuerant
1617 2140 1699 2168 tacite

909 2183 1039 2218 ell‘ugiant

944 2232 968 2248 θ’
978 2231 1080 2259 Lanam
1099 2231 1242 2268 linumque
1261 2236 1307 2259 net
1320 2232 1422 2265 anima,
1435 2240 1497 2260 cum
1515 2233 1697 2260 animatarum

909 2281 938 2304 et
960 2277 1174 2304 inanimatarum
1200 2278 1339 2305 doctrinas
1369 2277 1532 2308 meditatur:
1568 2278 1611 2306 vel
1636 2286 1697 2306 cum

911 2323 1040 2358 practicae
1058 2328 1084 2351 et
1103 2324 1221 2360 physicae
1237 2328 1376 2351 scrutatur
1399 2325 1541 2352 methodos
1555 2333 1562 2351 :
1576 2325 1616 2352 vel
1633 2332 1695 2352 cum

912 2369 1134 2403 incorporearum
1149 2369 1283 2397 theoriam
1298 2370 1420 2403 practica
1438 2370 1471 2396 ad
1488 2377 1518 2397 se
1532 2370 1616 2397 trahit
1630 2378 1695 2398 con-

912 2414 1067 2444 suetudine.

949 2461 972 2477 ¹⁶
987 2460 1073 2488 Noctu
1093 2465 1284 2496 exsurgentem
1311 2462 1442 2496 animam,
1459 2462 1568 2498 vigilem
1596 2463 1700 2491 invenit

914 2513 1029 2541 sp0nsus
1042 2506 1155 2539 justitize
1175 2506 1228 2539 sol,
1245 2514 1294 2535 nec
1309 2515 1362 2535 non
1378 2508 1459 2535 enixe
1479 2513 1603 2536 orantem
1625 2513 1653 2536 ut
1665 2516 1698 2536 ne

912 2553 938 2580 in
965 2553 1140 2580 tenlalionem
1161 2553 1284 2586 incidat,
1307 2554 1497 2589 dicentemque
1515 2554 1651 2590 :Vigilavi
1669 2559 1698 2582 et

913 2598 984 2625 facta
1008 2605 1068 2625 sum
1093 2598 1167 2626 velut
1183 2606 1277 2634 passer
1292 2599 1469 2628 solitarius".
1490 2599 1538 2627 Est
1553 2605 1641 2627 autem
1656 2599 1698 2626 cia

913 2644 963 2671 bus
979 2644 1087 2677 animae,
1104 2645 1244 2672 meditatio
1258 2645 1412 2673 divinorum
1427 2645 1596 2680 eloquiorum
1610 2653 1618 2672 :
1633 2653 1698 2680 ope-

913 2697 954 2723 ra,
971 2694 1034 2717 sunt
1051 2690 1164 2718 virtutes
1177 2698 1185 2724 ;
1198 2690 1314 2723 ancillae,
1330 2698 1439 2719 sensus.
1468 2690 1532 2719 Hac
1553 2696 1617 2726 ergo
1632 2696 1698 2718 cou-

1137 2769 1159 2786 ⁸ο
1170 2768 1222 2799 lsa.
1235 2770 1369 2804 “111,26.
1406 2770 1428 2786 "
1446 2769 1526 2799 Prov.
1542 2777 1639 2804 xxvm,
1655 2770 1698 2799 15.

68 2809 86 2824 ¹¹
99 2818 123 2836 v.
138 2812 183 2838 20.
195 2805 209 2810 ”
223 2805 350 2836 "v.10.
392 2807 415 2823 ⁸⁵
433 2815 458 2834 v.
475 2808 518 2835 11.
557 2809 580 2825 ⁸⁸
594 2809 676 2836 v.13.
717 2807 739 2823 ⁸⁸
752 2815 776 2834 v.
796 2807 839 2834 l5.

915 2805 984 2833 Psal.
1002 2813 1038 2838 cr,
1055 2806 1081 2833 8.

99 2883 149 2919 ('28)
166 2883 294 2913 Observa
310 2880 439 2916 Origcnis
457 2881 641 2909 testimonium
656 2882 688 2909 de
705 2881 864 2910 custodibus
877 2880 1014 2908 hominum
1031 2879 1142 2914 angelis.
