1919 3074
243 114 296 157 ςέί

690 125 973 155 SUPPLEMENTUM
993 125 1038 154 AD
1055 125 1218 155 ORIGENIS
1235 125 1442 155 EXEGETICA.

1820 129 1868 158 252

245 187 298 214 fert
322 186 461 216 domicilio
486 193 535 214 suo
550 187 685 222 corporali
701 187 888 215 acstimahilior
906 186 1034 222 pretiosis

1091 185 1276 221 θεραπαινίδες
1294 185 1322 212 δὲ
1334 205 1342 218 ,
1365 185 1394 214 ul.
1415 184 1575 221 αίσθήσειςο
1598 186 1674 214 ταῦτ’
1688 183 1735 215 οὖν
1761 188 1868 224 παρέχει

243 233 380 269 lapidibus
398 233 502 261 anima.

278 325 302 341 ⁸⁸
314 323 441 352 Animam
461 324 512 352 viri
541 323 612 360 l‘rugi
641 324 708 352 dicit
739 324 901 359 Ecclesium,
929 325 1033 361 lignum

242 370 364 398 scientia:
375 374 402 398 et
412 369 516 405 lignum
531 370 594 398 vita:
603 371 748 399 habentem
759 379 771 404 ;,
780 372 902 400 scientia:
913 376 943 400 ut
956 372 1034 406 legis.

241 416 304 444 vitae
323 420 352 443 ut
366 416 452 445 verbi.
475 416 534 452 lpsa
546 417 618 444 enim
632 421 675 445 est
693 417 814 446 Ecclesia
830 426 890 454 quae
902 419 936 447 de
950 418 1035 446 latere

241 462 342 490 Christi
365 464 512 497 processit,
531 463 645 499 ejusque
660 471 760 498 sponsa
782 464 894 492 inventa
915 470 971 496 est.
986 472 1035 499 pn-

240 509 300 537 dica
317 513 345 537 et
361 509 439 538 l'ortis
464 509 575 543 mulier,
590 511 675 539 ﬁdem.
691 511 755 538 huic
781 518 904 544 servans,
919 518 1036 546 eumque

239 564 368 592 sponsum
377 557 411 585 de
427 556 505 586 caelis
518 558 616 586 iterum
630 561 806 593 exspectans.

275 650 299 666 ”
315 650 415 683 Fusus,
431 655 473 678 est
493 657 562 686 pura
582 657 671 683 mens,
685 650 814 678 virtutem
830 650 925 678 virtuti
940 657 1034 687 ags-o-

239 703 358 729 merans,
371 697 502 732 etdogma
515 696 632 731 dogmati
644 703 652 722 :
665 696 707 723 vel
715 703 806 724 sermo
819 701 931 723 externe
946 696 1036 732 prola-

201 762 204 771 .
241 746 296 775 tus,
315 743 360 777 qui
377 751 412 770 ex
424 747 514 770 mente
527 742 637 769 deducit
651 741 803 777 spiritalem
820 742 963 770 theoriam.

215 793 220 804 '
276 788 300 803 "
314 788 389 816 Mens
406 796 459 815 non
475 787 608 822 proficiet,
628 794 717 823 neque
741 787 876 815 theoriam
906 788 1037 824 incorpoq

241 841 351 861 reorum
378 839 558 869 assequetur,
582 834 633 862 nisi
652 834 782 861 interiora
797 842 845 861 sua
863 840 938 862 recte
957 843 1035 863 com-

239 882 374 915 posuerit.
414 880 483 909 Nam
513 881 614 916 proprii
642 885 730 908 status
757 880 938 915 perturbatio,
965 881 1035 909 solet

239 931 358 954 mentem
386 933 420 956 eo
446 934 588 959 revocare,
605 927 678 954 unde
699 927 872 954 discesserat.
889 927 943 955 Sed
961 932 1035 954 tran-

242 973 406 1008 quillitatem
437 973 619 1009 cupiditatum
648 973 759 1008 adepta,
791 973 978 1001 demorabitur
1007 974 1034 1001 in

238 1019 496 1054 contemplatione,
518 1023 547 1047 et
573 1019 787 1047 domesticarum
818 1027 909 1047 rertun
941 1028 1034 1047 curam

239 1069 353 1099 seponet
369 1074 375 1091 :
389 1069 452 1091 sunt
465 1065 539 1092 enim
556 1072 654 1092 omnes
669 1065 759 1092 vestiti
781 1065 932 1093 familiares
950 1065 1010 1100 eius
1025 1074 1034 1094 :

236 1110 324 1142 furor,
341 1109 452 1138 lenitate
466 1114 494 1137 et
511 1110 668 1138 humilitate
678 1119 691 1145 ;_
703 1111 852 1146 cupiditas,
881 1115 1034 1147 temperan-

241 1156 277 1183 tia
294 1159 378 1190 atque
392 1156 573 1184 continentia.

272 1201 295 1218 οι
312 1201 421 1229 Otiosas
436 1209 525 1234 escas,
540 1206 568 1229 et
583 1209 645 1237 quae
666 1201 760 1238 pigros
781 1202 814 1230 ad
838 1210 951 1238 regnum
967 1211 1024 1232 con-

239 1248 409 1282 sequendum
444 1248 561 1276 reddunt
603 1247 727 1277 homines
768 1249 949 1285 simpliciores
987 1255 1034 1279 aut

237 1294 400 1328 lneptiores.
419 1294 509 1324 fidelis
525 1302 557 1324 ac
570 1294 700 1330 religiosa
715 1295 807 1323 anima
823 1303 878 1324 non
893 1296 1011 1324 comedit
1024 1305 1032 1330 ;

235 1346 264 1368 et
282 1349 316 1368 ne
333 1345 424 1377 gustat
442 1341 566 1374 quidem,
589 1341 612 1369 si
638 1341 710 1369 l'orte
734 1340 843 1369 illorum
861 1342 995 1378 cupiditas
1008 1343 1033 1370 ei

242 1387 361 1415 accidat.
378 1387 464 1415 Porro
475 1387 635 1422 iniquitates
650 1387 718 1416 dicit
734 1395 813 1416 escas
828 1388 943 1417 otiosas.

275 1434 298 1450 "
314 1433 438 1462 Fallaces
448 1434 547 1469 gratiae
560 1438 624 1462 sunt
633 1437 661 1461 et
673 1441 743 1461 vana
758 1433 942 1469 pulchritudo.
960 1435 1033 1463 Stul—

237 1479 343 1507 tissima
367 1486 483 1514 quaeque
509 1479 600 1506 anima
617 1486 670 1506 non
688 1478 768 1506 modo
780 1479 885 1512 cogitat
897 1484 926 1508 et
938 1480 1033 1516 imagi—

237 1529 330 1558 natur,
346 1525 418 1560 quod
432 1525 485 1553 sibi
500 1530 544 1552 est
557 1524 673 1557 libitum,
690 1523 737 1551 sed
749 1524 832 1552 etiam
844 1524 872 1552 in
885 1532 955 1561 opus
966 1533 1033 1554 con-

236 1571 310 1599 ferre
327 1570 487 1606 aggreditur
509 1570 672 1598 meditatum
688 1576 778 1597 suum.
793 1569 871 1604 Quod
885 1571 908 1598 si
922 1571 1030 1599 initium

236 1615 380 1652 sapientiae
402 1620 445 1643 est
468 1616 551 1644 timor
566 1615 687 1647 Domini,
702 1615 802 1643 merito
815 1616 905 1644 anima
921 1617 1030 1652 sapien-

237 1663 304 1690 tiam
326 1662 434 1698 adepta,
460 1662 586 1690 timorem
609 1663 718 1691 Domini
741 1663 925 1697 commendat,
941 1663 988 1698 qui
1003 1667 1032 1691 et

238 1709 301 1738 talis
316 1708 440 1737 scientia:
455 1707 619 1737 conciliator
632 1707 696 1736 fuit.

1084 232 1102 269 ὴ
1124 231 1276 267 τιμιωτέρα
1299 232 1382 260 λίθων
1403 232 1554 260 πολυτελῶν
1574 232 1648 270 ψυχὴ
1665 233 1704 269 τῷ
1726 236 1868 272 σωματικῷ

1084 277 1171 312 αὐτῆς
1186 278 1264 314 οἴκῳ.

1124 323 1180 359 Τὴν
1197 322 1245 350 τοῦ
1261 323 1407 350 σπουδαίου
1425 323 1514 360 ψυχήν
1530 332 1611 360 φησιν
1628 324 1743 360 ἔχουσαν
1764 325 1868 362 Ἔκκληυ

1085 368 1146 396 σίαν
1166 369 1245 402 ξύλον
1260 369 1389 404 γνώσεως
1411 371 1459 399 καὶ
1482 370 1560 404 ξύλον
1577 371 1664 407 ζωῆς·
1684 372 1810 406 γνώσεως
1824 374 1866 409 μὲν

1084 415 1122 446 ὡς
1144 416 1227 452 νόμου
1238 436 1245 448 ,
1261 415 1334 452 ζωῆς
1352 416 1382 443 δὲ
1395 416 1433 448 ὼς
1448 416 1544 451 λόγου⁸
1563 417 1633 453 αὕτη
1650 417 1702 453 γάρ
1721 419 1794 445 ἐστιν
1809 420 1824 454 ἡ
1839 420 1866 446 ἐκ

1085 463 1206 499 πλευρᾶς
1228 462 1347 499 Χριστοῦ
1375 462 1561 498 προελθοῦσα,
1588 463 1635 490 καὶ
1659 463 1753 500 νύμφη
1780 465 1864 493 τούτου

1084 509 1237 545 εὑρεθεῖσα,
1254 510 1271 545 ή
1285 508 1400 545 σώφρων
1413 509 1460 536 καὶ
1471 509 1582 546 ἀνδρεία
1597 510 1676 546 γυνὴ,
1692 512 1708 546 ὴ
1724 511 1772 546 τὴν
1787 512 1864 540 πίστιν

1084 554 1180 582 τούτου
1199 555 1344 590 τηρήσασα
1355 574 1363 587 ,
1379 555 1427 584 καὶ
1444 554 1540 584 τοῦτον
1556 556 1672 592 νυμφίον
1690 558 1738 585 ἀπ’
1755 558 1865 594 οὐρανῶν

1084 600 1166 629 πάλιν
1181 600 1369 637 προσδοκῶσα.

1119 647 1273 684 ’Λτρακτός
1293 648 1350 674 ἔστι
1371 647 1433 680 νοῦς
1448 647 1579 686 καθαρὸς,
1596 649 1761 687 συμπλέκων
1776 650 1864 687 ἀρετὴν

1085 692 1128 718 ἐπ’
1139 691 1224 727 ἀρετῇ
1233 711 1240 724 ,
1257 691 1305 718 καὶ
1319 692 1433 727 δόγματι
1447 692 1535 728 δόγμα
1545 700 1552 707 ·
1574 692 1592 728 ἦ
1606 692 1685 727 λόγος
1699 696 1863 731 προφορικὺς,

1085 737 1171 766 ἕλκων
1188 738 1242 764 ἀπὸ
1253 737 1300 764 τοῦ
1315 738 1361 764 νοῦ
1379 738 1566 774 πνευματικὴν
1581 739 1710 775 θεωρίαν.

1121 784 1178 811 Οὐκ
1201 784 1236 811 ἂν
1257 783 1382 822 προέλθοι
1401 784 1480 818 νοῦς,
1507 785 1569 812 οὐδὲ
1593 775 1622 812 ἓν
1646 785 1748 822 θεωρίᾳ
1774 785 1865 820 γένοιτο

1086 830 1141 857 τῶν
1156 830 1309 866 ἀσωμάτων
1320 850 1327 862 ,
1346 830 1384 867 μὴ
1399 830 1434 857 τὰ
1451 830 1524 857 ἔνδον
1542 831 1776 867 διορθωσάμενος’
1791 833 1807 867 ἡ
1821 832 1865 868 γὰρ

1084 877 1192 913 ταραχὴ
1213 877 1267 905 τῶν
1287 877 1395 904 οἰκείων
1414 877 1589 913 ἐπιστρέφειν
1611 877 1691 905 αὑτὸν
1716 878 1792 904 εἴωθε
1807 879 1865 913 πρὸς

1085 922 1118 949 τὰ
1141 923 1187 957 ἀφ’
1211 919 1248 949 ὦν
1272 922 1452 958 ἐξελήλυθεν·
1477 923 1611 950 ἀπάθειαν
1643 923 1671 950 δὲ
1696 924 1865 960 κτησάμενος,

1085 968 1203 1004 χρονίσει
1217 976 1247 995 τε
1264 969 1292 995 ὲν
1307 969 1341 1004 τῇ
1359 967 1477 1003 θεωρίᾳ,
1500 968 1548 994 καὶ
1570 968 1601 995 οὐ
1619 968 1757 1005 φροντίσει
1773 970 1821 995 τῶν
1840 971 1864 996 ὲν

1084 1015 1151 1050 οίκῳ
1163 1023 1171 1030 υ
1193 1014 1344 1042 ἐνδέδυνται
1362 1014 1416 1050 γὰρ
1431 1013 1530 1046 πάντες
1552 1015 1576 1041 οἱ
1593 1016 1658 1051 παρ’
1671 1015 1759 1051 αὐτῆς
1771 1024 1777 1031 ·
1795 1017 1808 1042 ὁ
1824 1016 1864 1051 μὲν

1085 1061 1170 1096 θυμὸς
1182 1081 1189 1092 ,
1201 1061 1342 1097 πραότητα
1356 1061 1404 1087 καὶ
1419 1060 1669 1098 ταπεινοφροσύνην
1681 1070 1689 1078 ’
1709 1063 1726 1098 ή
1740 1062 1768 1089 δὲ
1783 1062 1863 1092 Eme-4.-

1086 1107 1145 1143 μία,
1164 1107 1342 1143 σωφροσύνην
1357 1107 1404 1134 καὶ
1420 1107 1592 1142 ἐγκράτειαν.

1118 1201 1183 1230 Σῖτα
1199 1200 1321 1237 όκνηρὰ,
1346 1200 1380 1228 τὰ
1402 1201 1594 1229 ὀκνοποιοῦντα
1617 1203 1712 1238 τυχεῖν
1733 1203 1780 1239 τῆς
1799 1202 1862 1238 βασι-

1083 1248 1159 1281 λείας
1173 1248 1237 1280 τοὺς
1248 1248 1451 1284 ἁπλουστέρους
1463 1250 1511 1276 καὶ
1522 1249 1732 1285 ἀφελεστέρους,
1747 1251 1762 1285 ἡ
1777 1250 1863 1285 εὐγνώ-

1085 1303 1144 1330 μων
1160 1294 1207 1321 καὶ
1223 1293 1350 1332 θεοφιλὴς
1369 1295 1443 1331 ψυχὴ
1459 1295 1509 1322 οῦκ
1528 1295 1612 1322 ἐσθίει
1624 1315 1632 1327 ,
1655 1296 1719 1322 οὔτε
1744 1296 1794 1332 μὴν
1812 1297 1863 1323 τοὺ-

1082 1348 1137 1367 των
1149 1340 1277 1376 γεύεται,
1294 1341 1318 1367 εί
1336 1340 1406 1376 τάχα
1421 1340 1497 1376 τύχοι
1513 1341 1602 1369 αὐτῶν
1618 1342 1801 1378 ἐπιθυμῆσαιο
1822 1343 1862 1374 τὰς

1083 1385 1183 1417 κακίας
1199 1386 1253 1421 γάρ
1270 1394 1337 1421 φησι
1353 1387 1414 1413 σῖτα
1431 1386 1544 1422 ὁκνηρά.

1115 1432 1230 1464 Ψευδεῖς
1245 1433 1396 1468 ἀρέσκειαι,
1413 1432 1459 1462 καὶ
1470 1433 1592 1469 ’μάταιον
1614 1434 1723 1467 κάλλος.
1746 1435 1776 1462 Ἠ
1789 1435 1861 1470 ἀφρος

1083 1479 1199 1515 νεστάτη
1221 1479 1294 1515 ψυχὴ
1316 1480 1346 1506 οὐ
1371 1479 1450 1516 μόνον
1473 1481 1559 1508 ὲννοεῖ
1584 1482 1631 1509 καὶ
1657 1481 1816 1517 φαντάζεται
1838 1481 1862 1507 τὸ

1084 1524 1153 1560 αὐτῇ
1179 1524 1310 1560 ἀρεστὸν,
1329 1525 1398 1552 ἀλλὰ
1422 1526 1469 1553 καὶ
1494 1525 1568 1562 ἔργῳ
1593 1527 1716 1562 ἐγχειρεῖ
1735 1526 1861 1562 πληρῶσαι

1083 1571 1133 1608 τὴν
1154 1571 1285 1608 θεωρίαν·
1308 1572 1371 1599 εἰδὲ
1393 1573 1465 1610 ἁρχὴ
1487 1573 1585 1609 σοφίας
1601 1574 1682 1609 φόϐος
1700 1575 1800 1611 Κυρίου
1812 1574 1862 1607 ,δι-

1083 1617 1169 1649 καίως
1188 1618 1205 1653 ἡ
1230 1617 1351 1652 τυχοῦσα
1371 1618 1467 1653 σοφίας
1483 1618 1557 1654 ψυχὴ
1578 1620 1648 1646 αἰνεῖ
1667 1619 1714 1646 τὸν
1733 1619 1809 1653 φόϐον
1822 1618 1861 1646 τοῦ

1085 1663 1200 1700 Κυρίου,
1216 1664 1245 1697 ὃς
1261 1665 1373 1699 γέγονεν
1387 1665 1458 1701 αὐτῇ
1469 1665 1518 1700 τῆς
1529 1665 1656 1701 τοιαύτης
1669 1664 1794 1701 γνώσεως
1806 1664 1861 1701 7:96.-

1086 1709 1171 1743 ξενος.

875 1785 1153 1816 ADDITAMENTUM
1167 1787 1235 1824 (29).

275 1843 337 1865 ’³-“
347 1843 453 1872 Norant
473 1843 558 1877 enim.
586 1851 649 1872 eum
660 1844 828 1879 agendarum
839 1852 931 1873 rerum
941 1845 1032 1873 scien-

238 1890 305 1918 tiam
337 1890 489 1926 possidere,
511 1895 539 1918 et
564 1890 592 1918 in
616 1889 729 1925 propria
763 1895 900 1926 potestate
928 1890 1032 1918 habere

236 1936 361 1964 alumnos
378 1943 455 1964 suos.
479 1936 564 1963 Aiunt
580 1936 693 1971 itaque,
718 1939 852 1971 tanquam
878 1943 912 1964 eo
938 1941 1032 1971 capto,

236 1982 312 2010 hisce
322 1982 506 2010 dominamur.
523 1981 634 2017 Alioqui
654 1989 720 2009 vero
739 1982 878 2017 possessio
891 1981 957 2016 justi
978 1982 1029 2010 viri

236 2032 280 2055 est
294 2027 439 2063 sapientia,
457 2027 615 2063 prudentia,
630 2026 813 2061 intelligentia
833 2032 916 2062 atque
930 2028 1030 2056 virtus.

238 2071 380 2109 Occupant
397 2077 488 2101 autem
512 2071 647 2108 ejusmodi
675 2071 873 2107 possessionem
899 2072 1027 2108 improbi,

1120 1845 1208 1872 Ἶσασι
1221 1844 1276 1881 γὰρ
1295 1845 1337 1872 ὅτι
1350 1845 1400 1882 τὴν
1414 1845 1463 1882 μὲν
1478 1846 1542 1882 περὶ
1554 1845 1589 1874 τὰ
1601 1847 1727 1883 πρακτέα
1745 1847 1859 1882 κέκτηται

1084 1890 1195 1925 γνῶσιν,
1216 1891 1317 1929 ἀρετῆς
1340 1890 1390 1927 μὲν
1412 1891 1528 1928 αἰρεσιν,
1544 1892 1634 1928 φυγὴν
1655 1892 1688 1920 δὲ.
1701 1893 1804 1924 κακίας,
1822 1891 1860 1918 καὶ

1085 1937 1126 1964 ὅτι
1140 1937 1236 1973 κτῆσιν
1248 1937 1304 1974 ἔχει
1317 1938 1380 1970 τοὺς
1394 1937 1603 1974 διδασκομένους
1618 1938 1664 1965 ὑπ’
1677 1938 1759 1966 αὑτοῦ
1770 1947 1776 1953 ·
1791 1937 1860 1973 φασὶν

1085 1980 1131 2010 οὖν
1143 1982 1181 2016 ὼς
1190 1983 1271 2010 αὑτὸν
1282 1983 1397 2015 ἑλόντες,
1411 1983 1461 2010 καὶ
1469 1983 1576 2016 τούτοις
1587 1984 1753 2020 χειρούμεθα
1763 1992 1770 2000 ’
1786 1982 1859 2013 ἄλλως

1084 2029 1116 2058 δὲ,
1134 2029 1231 2065 κτῆσις
1247 2029 1294 2056 τοῦ
1310 2029 1415 2056 δικαίου
1427 2048 1436 2061 ,
1451 2029 1533 2064 σοφία
1546 2030 1593 2057 καὶ
1607 2030 1757 2067 φρόνησις,
1768 2027 1860 2059 σύνεσίς

1081 2084 1111 2102 τε
1125 2076 1173 2103 καὶ
1188 2075 1272 2112 ἀρετή
1282 2083 1288 2091 ·
1311 2075 1567 2112 καταλαμϐάνονται
1587 2076 1618 2108 δὲ,
1635 2076 1683 2112 τὴν
1701 2077 1791 2112 κτῆσιν
1805 2073 1860 2103 ταύ-

239 2119 263 2147 si
278 2120 388 2154 quando
411 2118 488 2152 justo
504 2119 621 2146 suadent
641 2122 672 2146 ut
694 2118 799 2154 aliquid
810 2125 826 2146 a
842 2119 898 2147 Deo
913 2119 1026 2147 vetitum

1091 2129 1131 2157 την
1147 2121 1172 2148 oi
1187 2118 1306 2153 ἀσεϐεῖς,
1324 2121 1462 2153 πείθοντες
1477 2121 1524 2149 τὸν
1535 2122 1639 2148 δίκαιον
1654 2121 1765 2158 ποιῆσαί
1777 2129 1800 2147 τι
1813 2118 1858 2145 τῶν

237 2170 399 2200 perpetret:
418 2171 516 2200 nempe
540 2169 571 2192 111.
595 2172 673 2192 mens
698 2169 811 2200 peccato
843 2170 993 2198 excaecata,
1014 2172 1030 2192 a

1091 2155 1315 2200 ἱιπηγορευμένων
1330 2163 1405 2200 Θεῷ·
1422 2164 1466 2192 ἴνα
1482 2165 1633 2200 τυφλωθεὶς
1650 2155 1768 2201 ἀει-»ὁτῆς
1780 2165 1858 2199 ἁμαρ-

237 2215 333 2239 sancta
350 2210 506 2244 huiusmodi
521 2212 697 2246 possessione
711 2211 833 2240 excidat.

273 2256 297 2273 ”
314 2257 371 2292 (30)
384 2257 504 2292 Sapienti
509 2258 584 2294 justo
595 2258 713 2286 dillicilia
721 2264 830 2293 quoque
840 2256 948 2292 negotia
962 2257 1031 2284 ﬁunt

238 2302 340 2330 facilia.
356 2304 392 2330 At
406 2303 432 2331 ei
456 2303 503 2338 qui
524 2303 606 2331 aliter
629 2311 660 2332 se
676 2303 768 2336 habet,
787 2302 878 2330 facilia
897 2303 982 2330 etiam
1004 2306 1031 2331 et

240 2347 368 2377 solatium
379 2348 516 2379 quoddam
533 2349 674 2383 habentia,
694 2348 815 2378 dillicilia
825 2349 957 2378 evadunt.

259 2437 502 2512 Il'sl'l'heoreticam
527 2439 680 2468 doctrinam
696 2439 812 2474 habent,
829 2439 877 2469 sed
889 2439 1031 2476 excelsum

260 2491 268 2512 t
290 2491 319 2511 I.

240 2491 319 2512 1111111.

275 2607 338 2636 ⁸³ν.
353 2608 398 2636 16.
450 2609 472 2625 ³⁹
494 2617 520 2636 v.
543 2610 587 2637 19.

644 2611 668 2627 ’θ
680 2619 705 2638 ν.
719 2612 764 2640 21.

274 2687 332 2725 (29)
345 2688 413 2718 Cod.
427 2688 520 2718 Ottob.
540 2690 600 2724 ll'i,
616 2697 644 2726 p.
661 2690 705 2720 l6.

828 2611 851 2628 "
863 2617 889 2638 ν.
904 2609 970 2645 27.1
997 2609 1020 2625 ⁹¹
1036 2617 1062 2637 ν.
1078 2608 1120 2636 30.
1168 2607 1233 2628 "-”
1251 2615 1309 2643 cap.
1336 2615 1356 2641 ι,
1378 2608 1422 2636 15.
1458 2610 1480 2626 ’³
1494 2616 1554 2643 cap.
1572 2617 1600 2644 ι,
1623 2610 1659 2643 8;

1083 2209 1143 2241 τίας
1157 2210 1171 2236 ό
1183 2208 1246 2242 νοῦς
1257 2209 1361 2246 ἐκπέσῃ
1375 2209 1430 2237 τῶν
1444 2211 1531 2245 ἁγίων
1546 2211 1649 2239 τούτων
1666 2211 1815 2248 κτημάτων.

1116 2254 1153 2281 Τὸ
1167 2255 1216 2290 μὲν
1240 2255 1342 2291 συνετῷ
1356 2256 1467 2292 δικαίῳ,
1483 2257 1530 2284 καὶ
1547 2257 1582 2283 τὰ
1600 2257 1720 2293 δυσχερῆ
1732 2256 1784 2283 τῶν
1798 2262 1858 2291 πρα-

1083 2300 1196 2336 γμάτων
1212 2300 1311 2329 εὒκολα
1330 2301 1454 2336 γίνεται·
1474 2302 1514 2338 τῷ
1532 2302 1560 2329 δὲ
1582 2303 1684 2338 ἑτέρως
1704 2303 1803 2338 ἔχοντι,
1818 2299 1857 2326 καὶ

1081 2345 1117 2372 τὰ
1131 2346 1230 2374 εὔκολα
1253 2348 1301 2374 καὶ
1317 2347 1451 2383 ἀνάψυξίν
1466 2357 1527 2375 τινα
1539 2348 1645 2384 ἔχοντα,
1662 2348 1777 2385 δυσχερῆ
1792 2344 1857 2373 καθί-

1085 2401 1180 2420 σταται
1189 2414 1192 2417 .

1113 2439 1202 2474 Λόγον
1220 2439 1273 2476 γὰρ
1288 2449 1380 2476 εχουσι
1393 2441 1578 2478 θεωρημάτων
1591 2443 1768 2479 ἐπιστήμονα,
1785 2439 1856 2476 μηδὲν

1083 2486 1192 2523 ἔχοντες
1207 2486 1320 2523 ὑψηλόν,

1708 2609 1731 2626 κ
1744 2615 1768 2636 v.
1780 2605 1822 2634 21.

1122 2688 1179 2724 (50)
1196 2688 1262 2718 Cod.
1279 2687 1347 2725 Reg.
1359 2688 1406 2723 77,
1420 2696 1448 2724 p.
1461 2689 1524 2718 510.
