1919 3074
47 127 94 155 ἳόἶ

619 123 765 152 SCHOLIA
785 121 818 149 IN
836 120 988 150 CANTICA
1006 119 1142 148 CANTIC.

1636 117 1689 145 ἱδὸ

53 185 142 214 Γνῶθι
159 186 287 214 σαυτόν
299 194 308 202 '
324 186 388 214 καθ’
399 185 432 222 ἢν
442 185 594 213 ἀπειλεῖται
607 184 654 211 νῦν
663 185 680 219 ἡ
692 183 766 218 ψυχὴ
778 181 853 218 παρὰ

915 180 955 208 lic
968 180 1040 208 enim
1056 186 1128 207 nunc
1146 178 1266 206 minatur
1283 185 1381 205 animat
1403 181 1509 204 amator
1525 180 1553 204 et
1565 183 1690 210 sponsus,

55 233 98 261 τοῦ
111 232 230 268 spineo
248 232 299 259 καὶ
313 232 442 267 νυμφίου,
463 231 486 257 si
502 230 540 266 μὴ
558 229 589 256 τὸ
606 228 682 256 δοθὲν
701 227 770 263 αὐτῇ
792 227 852 254 κατ’

61 279 144 306 εἰκόνα
153 277 226 304 Θεοῦ
243 277 362 312 φυλάξει
372 276 480 309 κάλλος,
491 275 541 312 τὴν
552 274 657 302 ἔνδοθεν
669 273 794 308 ἐκϐολὴν,
807 271 854 299 καὶ

62 327 90 353 τὺ
105 327 132 353 ἒν
150 325 279 360 ἐσχάτοις
295 325 436 360 τετάχθαι,
451 325 514 355 τοὺς
525 323 635 354 σκαιοὺς
655 322 766 358 ἐρίφους
793 329 854 348 ποι-

66 373 202 408 μαίνονσα.
221 372 373 408 Ποιμανεῖς
384 371 412 398 δὲ
427 371 525 402 αὐτοὺς
542 369 590 396 ἐπὶ
604 368 666 401 τοῖς
678 367 737 395 τῶν
754 366 854 402 ποιμέ-

64 427 121 445 νων·
135 417 348 452 σκηνώμασιν,
364 417 429 444 ποτὲ
446 417 494 452 μὲν
508 415 598 446 τοῦδε,
613 415 678 442 ποτὲ
698 414 726 440 δὲ
749 413 853 440 ἐκείνου

64 461 106 491 οἷα
118 463 149 499 δή
163 471 207 495 τις
224 463 334 498 ἅλῆτις·
350 463 431 498 μέχρι
451 461 625 489 παιδευθεῖσα
636 461 669 495 τῇ
683 459 765 495 πείρᾳ
785 458 854 494 πρὸς

63 512 108 547 τὴν
129 510 249 546 σεαυτῆς
270 510 462 546 ὲπιστρέψειας
485 508 603 544 γνῶσιν
623 506 739 543 ἁρμόσει
755 506 784 533 δὲ
807 505 854 533 καὶ

64 559 127 594 πρὸς
139 558 191 593 τὴν
210 557 374 592 Ἐκκλησίαν
385 557 398 583 ὁ
407 556 498 590 λόγος’
513 554 641 590 γινώσκει
653 553 681 580 δέ
695 561 736 584 τις
748 552 854 583 ἑαυτὸν,

58 605 147 647 εἰδὼς,
163 605 188 630 εἰ
213 603 319 639 ἀγαθὴν
332 603 348 639 ἢ
363 602 468 637 φαύλην
489 601 544 636 ἕχει
559 599 692 627 διάθεσιν⁸
716 598 764 625 καὶ
787 597 854 624 πολὺ

62 652 109 686 τῆς
132 649 194 677 έλδοῦ
210 650 262 685 τῆς
285 649 332 676 ἐπὶ
358 649 407 685 τὴν
429 647 528 683 ἀρετὴν
545 646 738 686 ἀπολείπεται·
757 643 774 679 ἢ
799 644 856 675 τοῖς

61 697 218 734 ἔμπροσθεν
239 695 436 726 ἐπεκτείνεται,
454 694 507 720 τῶν
518 692 629 720 δπισθεν
650 690 857 725 ἐπιλανθανόμε-

60 751 120 774 νος·
141 743 166 768 εί
183 741 213 767 δὲ
236 741 284 767 καὶ
302 741 384 776 μήπω
397 738 492 765 ἔλαϐεν
510 738 526 774 ἦ
546 736 725 769 τετελείωται,
742 735 759 771 ἦ
774 743 857 770 προσ-

61 789 166 825 εγγίζει
187 789 246 820 τοῖς
264 787 349 823 ὁρίοις
369 785 417 812 τοῦ
449 784 583 816 κάλλους·
612 783 691 819 ἔργον
707 782 736 808 δὲ
761 781 808 807 καὶ
826 780 856 806 τὸ

61 836 223 870 ἀφιστάνειν
238 833 340 868 ἑκάστῃ
355 831 453 868 πράξει
469 831 543 862 ὅπως
561 829 722 864 γεγένηνται
734 825 856 862 λογισμῷ

62 887 89 905 τε
107 878 194 906 παντὶ
218 877 268 904 καὶ
291 876 377 911 λόγῳ·
404 876 537 910 γυναῖκας
559 873 651 905 δὲτὰς
675 873 712 908 μὴ
734 871 856 906 καθαρὰς

63 925 128 961 μηδὲ
142 924 311 960 ἀδιαφόρους
323 922 411 958 ψυχὰς
424 922 497 955 λέγει
510 929 516 936 ·
534 919 672 956 ἀμελοῦσα
690 919 717 945 δὲ
729 918 777 954 τῆς
791 917 858 948 ιδίας

59 970 201 1006 γνώσεως,
214 969 312 1004 γένοιτ’
323 968 355 995 ἂν
367 965 586 1001 κλυδωνιξομένη
597 965 644 991 καὶ
652 962 857 999 περιφερομένη

60 1017 151 1045 παντὶ
173 1017 277 1051 ἀνέμῳ
299 1013 355 1048 τῆς
377 1011 576 1044 διδασκαλίας
598 1011 626 1036 ὲν
642 1011 675 1045 τῇ
693 1009 790 1044 κυϐείᾳ
804 1007 858 1034 τῶν

62 1062 217 1098 ἀνθρώπων
227 1070 234 1076 ·
246 1061 293 1087 καὶ
302 1057 440 1094 πανταχοῦ
457 1056 556 1093 μᾶλλον
563 1054 717 1090 ποιμαίνειν
728 1054 778 1085 τὰς
791 1053 858 1084 ίδίας

62 1109 162 1141 σκαιὰς
171 1108 286 1144 ἐρίφους
299 1106 315 1142 ἢ
332 1105 406 1141 παρὰ
415 1103 453 1140 τῷ
463 1102 536 1138 καλῷ
548 1101 685 1137 ποιμαίνει
695 1099 776 1135 λόγῳ·
788 1098 857 1135 αὕτη

60 1157 87 1183 δὲ
95 1154 243 1191 προσηνὴς
254 1154 269 1180 ὁ
284 1153 372 1187 λόγος,
385 1153 409 1178 εἰ
423 1150 469 1177 καὶ
485 1149 619 1185 μηδέποτε
635 1147 694 1174 λεία
706 1146 799 1172 λοιπὸν
808 1145 858 1181 ήδη

64 1201 99 1228 ἐν
111 1189 259 1234 γυναιξίν
271 1198 330 1224 ἐστι
345 1195 435 1229 καλὴ,
445 1191 741 1229 συγκαταριθμουμένη
758 1191 791 1226 τῇ
809 1189 858 1216 τοῦ

59 1245 129 1272 Θεοῦ
144 1243 310 1279 Ἐκκλησία,
329 1241 441 1268 καὶτῶν
456 1241 485 1267 ὲν
497 1240 564 1274 αὐτῇ
587 1237 693 1274 μικρῶν
708 1234 774 1264 οὖσα
795 1234 860 1262 καλ-

59 1292 135 1318 λίων·
150 1291 180 1317 αἱ
195 1289 252 1325 γὰρ
264 1288 335 1315 οὕτω
350 1286 495 1321 λεγόμεναι
518 1285 568 1320 τῆς
589 1281 752 1319 Ἐκκλησίας
765 1281 859 1315 γυναῖ-

60 1346 118 1369 κες,
129 1336 186 1363 τῶν
193 1334 310 1362 ἐθνικῶν
318 1331 412 1368 ψυχῶν
421 1329 593 1366 ἀσυγκρίτως
604 1327 731 1364 ἀμείνους
747 1334 860 1362 πορευοσ

60 1383 152 1418 μένων
168 1379 321 1407 ὀπίσωτῶν
328 1377 449 1416 ἐραστῶν
461 1376 514 1403 τῶν
530 1373 726 1409 ἀντικειμένων
742 1371 861 1406 δυνὰμε-

59 1416 110 1461 ίιιν,
123 1427 269 1463 γυναικῶν
277 1425 442 1460 λεγομένων,
452 1422 508 1450 ἀλλ’
519 1422 549 1448 οὺ
562 1420 704 1456 παρθένων
712 1426 720 1434 ο
733 1418 793 1450 πῶς
808 1416 861 1452 γὰρ

58 1477 111 1503 οὐκ
123 1475 261 1511 ἀμείνων,
277 1474 295 1508 ἡ
308 1471 376 1508 πρὸς
390 1470 435 1497 τὸν
447 1469 560 1504 κτίστην
575 1467 621 1494 τὸν
635 1465 737 1501 σαυτῆς
753 1464 862 1492 ἀναϐλέ-

905 227 957 255 nisi
970 227 1061 254 datam
1076 225 1127 254 sibi
1144 225 1292 252 secundum
1308 223 1356 251 Dei
1372 223 1519 259 imaginem
1531 227 1622 250 servet
1632 222 1693 257 pul-

905 273 1090 301 chritudinem
1101 292 1110 306 ,
1131 271 1217 306 ipsam
1233 270 1307 298 foras
1323 270 1402 305 ejici.
1423 274 1503 304 atque
1517 270 1544 297 in
1562 269 1692 297 extremis

905 319 1006 348 versari
1023 318 1150 353 periculis
1162 338 1170 351 ,
1192 317 1319 345 sinistros
1342 317 1432 344 haedos
1458 320 1626 351 pascentem.
1644 314 1693 342 Pa-

905 366 960 394 scis
975 370 1066 392 autem
1081 371 1129 392 eos
1145 364 1227 399 juxta
1250 363 1419 390 tabernacula
1445 367 1582 398 pastorum
1595 382 1602 395 ,
1621 369 1693 389 nunc

905 413 1014 448 quidem
1029 411 1120 446 hujus,
1137 419 1209 439 nunc
1223 417 1289 438 vero
1306 410 1399 443 istius,
1416 409 1490 436 velut
1502 409 1627 444 quaedam
1643 415 1692 435 va-

905 460 1030 497 gabunda
1044 468 1052 493 ;
1071 459 1157 486 donec
1177 457 1318 485 edocearis
1331 456 1499 492 experientia
1515 455 1610 483 tuimet
1626 462 1692 482 con-

906 506 1039 534 versionis
1061 505 1197 532 notitiam.
1215 503 1346 538 Spectant
1367 509 1477 537 quoque
1494 501 1528 528 ad
1544 500 1693 528 Ecclesium

906 553 964 580 inec
978 553 1070 579 verba.
1095 551 1188 579 Nescit
1208 550 1280 578 enim
1296 549 1395 584 aliquis
1407 547 1582 582 semetipsum
1596 566 1604 579 ,
1631 553 1693 573 cum

907 599 1003 626 viderit
1020 618 1028 630 ,
1052 598 1185 625 bonanme
1201 604 1235 623 an
1252 603 1348 623 vanam
1364 595 1463 622 habeat
1478 593 1587 621 vivendi
1611 592 1695 619 ratio-

907 652 986 676 nem;
1004 643 1155 670 mnltumne
1170 649 1185 668 a
1201 641 1243 668 via
1259 639 1368 668 virtutis
1393 639 1528 670 declinet;
1554 641 1600 665 aut
1616 637 1696 664 nimis

907 689 1091 718 amarioribus
1106 688 1281 720 extendatur,
1306 686 1488 721 posteriorum
1515 683 1632 716 oblitus;
1649 686 1696 710 aut

908 736 1026 764 nondum
1053 736 1175 770 ceperit,
1193 734 1236 761 vel
1258 734 1293 761 sit
1316 732 1470 767 perfectus.
1492 730 1534 758 vel
1559 730 1697 764 proximas

907 782 953 816 ﬁat
968 781 1101 809 limitibus
1117 780 1337 816 pulchritudinis.
1358 777 1432 814 Opus
1446 783 1537 804 autem
1554 783 1652 804 cavere
1667 775 1694 802 iu

907 828 980 855 omni
997 832 1058 854 actu
1078 832 1107 854 ut
1122 827 1168 853 ﬂat
1181 825 1254 853 omni
1273 825 1380 852 ratione
1392 828 1420 852 et
1433 822 1552 851 veritati.
1570 822 1698 850 Femina:

909 874 1018 909 quidem
1035 873 1102 901 dicit
1123 881 1176 900 non
1194 879 1279 907 puras
1291 893 1298 905 ,
1318 878 1404 906 neque
1422 869 1608 898 indilierentes
1635 867 1697 895 ani.

909 928 978 948 mas.
1004 919 1142 947 incuriosa
1167 918 1284 954 propriae
1306 918 1493 953 cognitionis,
1515 917 1595 943 heret
1618 916 1697 951 quasi

909 966 1043 993 ﬂuctuans
1067 969 1095 992 et
1112 963 1317 998 circumagitata
1345 963 1416 989 omni
1437 968 1511 990 uento
1530 961 1660 988 doctrina:
1675 959 1697 976 "

909 1012 936 1040 in
955 1012 1015 1040 alea
1032 1011 1182 1039 ltominum.
1197 1010 1230 1037 Et
1245 1010 1344 1044 ubique
1352 1009 1438 1044 magis
1451 1015 1563 1043 pascere
1575 1006 1699 1042 proprias

909 1059 1036 1086 sinistras
1061 1057 1179 1093 capellas
1202 1064 1284 1092 quam
1309 1057 1379 1084 bono
1396 1062 1507 1090 pascere
1523 1053 1615 1081 verbo.
1641 1053 1699 1088 Ipse

909 1105 1017 1140 quidem
1043 1105 1143 1131 bonum
1162 1103 1286 1134 verbum,
1304 1102 1355 1130 etsi
1379 1108 1515 1135 nunquam
1541 1099 1655 1127 candida
1671 1099 1699 1126 in

909 1155 1047 1186 posterum
1061 1149 1116 1184 jam
1132 1150 1200 1177 inter
1214 1148 1336 1176 mulieres
1350 1147 1528 1182 pulcherrima
1540 1151 1593 1179 est,
1609 1153 1698 1173 annu-

910 1202 1012 1225 merata
1038 1197 1083 1224 Dei
1108 1196 1237 1225 Ecclesia:
1250 1217 1258 1230 ,
1270 1201 1298 1224 et
1311 1195 1343 1222 iis
1359 1202 1417 1229 quae
1434 1194 1459 1220 in
1477 1201 1507 1221 ea
1532 1200 1622 1228 parvae
1636 1197 1700 1219 sunt

910 1243 1060 1278 pulchrior.
1079 1241 1146 1269 Nam
1163 1242 1291 1270 Ecclesiae
1313 1248 1374 1276 qua:
1398 1240 1438 1268 sic
1456 1238 1583 1266 mulieres
1605 1238 1700 1265 dicun-

911 1294 966 1322 tur,
991 1289 1108 1316 ethnicis
1132 1289 1274 1315 animabus
1299 1286 1449 1321 incongrue
1472 1283 1600 1311 meliores
1623 1287 1700 1315 sunt,

911 1335 1113 1363 ambulantibus
1140 1339 1200 1369 post
1222 1335 1398 1362 adversarum
1416 1334 1578 1367 potestatum
1595 1327 1702 1356 amato-

911 1389 973 1414 res;
988 1380 1116 1407 mulieres
1133 1380 1321 1409 nominantur,
1346 1376 1393 1404 sed
1412 1383 1465 1402 non
1481 1374 1614 1409 virgines.
1629 1371 1702 1405 Quo-

911 1427 992 1454 modo
1008 1427 1080 1453 enim
1097 1434 1149 1453 non
1169 1425 1263 1452 melior
1280 1430 1340 1458 qua:
1356 1430 1385 1450 se
1403 1422 1436 1449 ad
1451 1421 1609 1448 Creatorem
1622 1425 1702 1445 suum

911 1473 993 1507 erigit
1006 1472 1018 1499 ?
1033 1472 1106 1499 Idem
1120 1475 1199 1499 sonat
1215 1470 1345 1504 egredere,
1363 1475 1395 1495 ac
1412 1466 1540 1494 traditum
1553 1464 1637 1492 fuisse
1653 1463 1703 1490 Sa-

57 1509 157 1556 ᾦασαξ
170 1521 267 1555 ὅμοιον
277 1518 305 1544 δὲ
316 1517 347 1544 τὺ
363 1517 501 1549 Ἔξελθε,
512 1513 551 1549 τῷ
559 1511 745 1548 παραδοθῆναι
756 1509 794 1545 τῷ
807 1510 856 1535 Σα-

915 1524 983 1546 tame
996 1539 1004 1551 ,
1028 1519 1055 1545 in
1083 1517 1174 1545 carnis
1191 1517 1320 1552 abyssum
1335 1522 1367 1542 ex
1384 1512 1505 1541 Ecclesia
1531 1509 1702 1538 extermina-

58 1555 142 1603 τεινᾷ,
160 1568 203 1598 εἰς
219 1565 331 1600 ὄλεθρον
355 1563 404 1598 τῆς
421 1560 522 1596 σαρκὸς
536 1557 718 1595 ἀφορισθέντα
728 1557 776 1592 τῆς
800 1555 856 1581 Ἐκ-

915 1568 1169 1600 tum;quaproptcr
1191 1563 1247 1597 jam
1271 1561 1340 1588 dixit
1364 1558 1581 1587 adolescentulus
1603 1565 1618 1584 ει
1638 1563 1703 1591 rege

58 1616 183 1652 κλησίας
196 1623 203 1629 ·
235 1612 303 1648 μετὰ
320 1611 350 1638 τὺ
368 1610 493 1645 καθάπερ
508 1607 583 1642 ἔλεγε
598 1606 666 1642 πρὸς
680 1605 729 1636 τὰς
740 1603 863 1635 νεάνιδας

58 1661 232 1697 εἰσαχθῆναι
247 1658 323 1695 παρὰ
334 1656 380 1684 τοῦ
398 1655 528 1692 βασιλέως
539 1654 579 1685 εἰς
591 1653 621 1679 τὸ
632 1652 754 1687 ταμιεῖον
769 1648 862 1676 αὐτοῦ.

112 1696 145 1735 Τί
162 1705 363 1741 ὼραιώθησιιν
377 1702 515 1737 maror-er;
530 1707 589 1726 σου
606 1698 646 1731 ὡς
656 1696 818 1731 τρυτόνοςς

105 1753 192 1781 Ἀλλὰ
206 1751 256 1779 καὶ
270 1750 338 1786 μέλη
345 1747 463 1785 Χριστοῦ
476 1744 638 1781 Ἐκκλησίαν
647 1743 755 1779 νύμφης
767 1742 781 1768 ὁ
791 1741 866 1768 Παῦ-

57 1800 108 1832 λός
128 1806 231 1834 φησιν·
251 1794 284 1832 ἧς
309 1795 390 1822 οἱονεὶ
406 1793 560 1830 πρόσωπον,
589 1790 613 1816 οἱ
629 1788 669 1824 τῷ
695 1788 789 1815 κάλλει
810 1786 864 1813 τῶν

58 1832 171 1873 λοιπέων
188 1843 376 1879 διαφέροντες,
400 1838 512 1875 αἰσχρὸν
536 1837 610 1864 οὐδὲν
627 1834 794 1866 ἐννοοῦντες⁵
815 1832 864 1868 τὴν

59 1893 90 1920 δὲ
109 1893 164 1927 τῆς
187 1887 366 1924 σωψροσύνης
391 1886 461 1920 αὐτῇ
479 1881 717 1919 καρποφοροῦντες
735 1879 811 1911 αἰδῶ,
840 1878 865 1904 οἱ

61 1925 207 1975 πρότερον
222 1935 288 1965 ἴσως
299 1933 348 1960 οὐκ
364 1932 439 1963 ὅντες
462 1930 548 1961 καλοὶ,
570 1927 697 1954 τοσοῦτον
719 1925 865 1962 μετέϐαλον

61 1971 103 2017 ὡς
120 1971 252 2019 εἰρῆσθαι
267 1981 300 2015 τῇ
325 1978 433 2014 νύμφῃ·
460 1976 490 2003 Τί
515 1974 711 2010 ὠραιώθησαν
727 1971 866 2007 σιαγόνες

62 2042 138 2063 σου,
154 2030 201 2066 μὴ
215 2029 339 2063 ἔχοντες
355 2025 467 2053 intuor
491 2025 510 2058 ἢ
530 2022 638 2057 ῥυτίδα
650 2029 659 2053 ;
673 2021 744 2055 τάχα
772 2020 800 2046 δὲ
820 2019 867 2045 καὶ

62 2078 106 2113 τῷ
184 2062 237 2102 ἕνα
246 2062 330 2110 μόνον
341 2070 484 2106 γινώσκειν
500 2068 577 2095 Θεόνο
595 2067 642 2094 καὶ
657 2068 673 2102 ὴ
688 2062 797 2102 τρυγὼν
811 2064 866 2100 γὰρ

64 2125 108 2151 ἑνὶ
124 2123 204 2159 μόνῳ
217 2119 389 2155 συνέρχεται.

70 2156 265 2206 Ὀιλοιώῂατα
289 2163 417 2206 χρησίου
445 2159 616 2206 πριιξσωμέγ
639 2167 689 2186 σοι
715 2156 789 2192 μετὰ
804 2164 867 2183 στι-

290 2195 408 2236 Ζᾗιάτωιν·
424 2197 476 2224 τοῦ
496 2195 649 2230 ἀργυρίου.

104 2250 199 2278 Τοῦτο
208 2248 249 2280 δὲ,
259 2247 297 2274 Οὐ
311 2245 394 2276 πολὺς
407 2242 440 2279 ἦν
456 2242 515 2270 οὐδὲ
523 2250 589 2276 κεχυ
593 2240 692 2276 μένοςὸ
701 2239 770 2274 ἄργυ
775 2246 867 2274 ρος·-

67 2299 151 2333 ὁλίγα
183 2297 213 2323 δὲ
237 2296 266 2321 ὲν
285 2293 432 2329 ἀπορρήτῳ
453 2288 528 2325 παρὰ
548 2287 603 2314 τῶν
621 2284 768 2322 προφητῶν
791 2283 868 2319 λεγό-

72 2329 143 2382 μενα
161 2343 199 2380 (41
214 2342 262 2368 καὶ
274 2339 330 2367 τῶν
352 2337 435 2364 πάλαι
453 2334 550 2369 σοςρῶν·
560 2348 595 2353 ——
607 2331 825 2367 ἐπιδημήσαντος
839 2329 868 2355 δὲ

69 2376 106 2420 τὰ
122 2393 153 2419 ἑν
170 2391 229 2420 τοῖς
241 2387 354 2416 ἀϐάτοις
373 2383 420 2410 τοῦ
433 2381 507 2412 ναοῦ,
516 2378 683 2414 τεθεώρηται
693 2377 732 2413 τῷ
745 2376 869 2411 βλέποντι

72 2441 104 2468 τὺ
121 2436 326 2470 καταπέτασμα
335 2432 367 2459 τὸ
384 2428 508 2465 ἀληθινὸν
521 2426 679 2462 σχιζόμενον
691 2423 794 2451 ἄνωθεν
817 2422 869 2453 ἓως

74 2487 151 2515 κάτω
176 2483 225 2510 ἐπὶ
250 2480 291 2516 τῷ
305 2476 477 2514 θεωρηθῆναι
495 2473 530 2500 τὰ
545 2472 631 2504 ἔνδον,
652 2469 721 2497 ἐπὰν
739 2469 753 2495 ό
765 2469 868 2495 ἀναπε-

78 2536 130 2563 σὼν
146 2530 289 2568 κοιμηθεὶς
304 2528 342 2559 ὡς
362 2525 430 2552 λέων
443 2523 491 2550 καὶ
505 2522 542 2553 ὡς
554 2519 680 2568 ,σκύμνος
690 2516 799 2553 ἐγερθῇ.

326 2572 391 2601 ,Καὶ
413 2569 489 2606 μετὰ
509 2567 613 2595 ταῦτα.

112 2629 178 2656 Τότε
188 2626 243 2662 γάρ
256 2623 283 2650 οἱ
301 2620 334 2648 σύ
339 2625 460 2655 μμορφοι
476 2614 616 2650 γενόμενοι
629 2612 678 2646 τῆς
695 2609 869 2662 ἀναστάσεως

84 2655 168 2706 αὑτοῦ,
181 2655 394 2708 παραλήψονται
413 2661 490 2690 αὑτοὶ
502 2660 539 2696 (5)
553 2655 784 2708 ὰνΘομοιιυμάτων
801 2662 870 2708 χρυ-

85 2700 384 2767 ξέν’ξέτξήθᾲνθήξπὸνται
397 2709 451 2745 γὰρ
465 2707 503 2743 τῷ
514 2704 637 2742 ἀργυρίῳ
646 2701 739 2737 καὶτῷ
753 2700 867 2737 χρυσίῳ.

110 2794 129 2810 ιι
142 2792 302 2828 amemur,
320 2783 365 2812 Η.
405 2779 428 2796 ⁸³
445 2778 545 2813 Ephes.
564 2783 591 2805 ν,
604 2775 650 2802 30.
683 2773 705 2788 "
718 2771 785 2800 ibid.
803 2771 847 2798 27.

110 2817 230 2877 (η’ἐξιίίξ
249 2833 319 2866 Mai,
331 2829 459 2863 λέγομαι,
484 2825 556 2860 quod
582 2822 683 2850 nullum
702 2827 810 2849 sensum
827 2817 868 2847 af-

81 2878 129 2906 fert.

914 1613 941 1640 in
959 1611 1067 1640 cellaria
1090 1619 1138 1638 sua
1160 1610 1243 1636 fuisse
1257 1607 1438 1635 introductus.

950 1694 1033 1722 Vens.
1049 1692 1076 1720 9.
1094 1691 1210 1719 Pulchra
1225 1695 1286 1717 sunt
1302 1697 1374 1724 genre
1389 1693 1442 1715 tua!
1457 1687 1522 1714 sicut
1544 1684 1668 1712 lunaris.

950 1741 1004 1769 Sed
1029 1741 1111 1767 etiam
1145 1737 1265 1764 membra
1292 1735 1392 1763 Christi
1421 1733 1570 1760 Ecelesiam
1598 1736 1706 1765 sponsa

914 1787 1014 1816 Paulus
1036 1785 1140 1817 dicit”,
1159 1783 1235 1817 cujus
1250 1781 1327 1817 quasi
1356 1781 1440 1815 ﬁgura
1457 1783 1531 1810 sunt,
1547 1778 1633 1804 forma
1651 1783 1705 1802 ca:-

917 1835 982 1863 teris
1007 1835 1179 1868 praestantes,
1199 1833 1227 1856 et
1246 1834 1325 1862 turpe
1352 1826 1420 1853 nihil
1449 1825 1610 1859 cogitantes.
1637 1821 1706 1849 Huic

915 1888 980 1908 vero
1006 1878 1145 1914 sapientia?
1170 1876 1299 1911 pudorem
1326 1873 1535 1902 fructiﬁcatttes,
1556 1869 1602 1904 qui
1631 1869 1707 1903 prius

917 1929 986 1957 forte
1011 1935 1064 1955 non
1091 1928 1170 1953 erant.
1198 1921 1314 1957 pulchri,
1339 1923 1444 1947 tantum
1468 1916 1564 1944 mutati
1587 1919 1660 1946 sunt,
1678 1918 1708 1940 ut.

916 1982 1021 2011 sponsa:
1045 1973 1167 2001 dicerent
1185 1977 1191 1996 :
1210 1969 1278 2002 Quid
1304 1966 1417 2002 pulchre
1439 1963 1537 1991 rubent
1554 1969 1626 1996 genw
1642 1965 1706 1992 luta,

917 2023 985 2050 sicut
998 2019 1121 2051 tui-turis,
1144 2024 1226 2052 neque
1244 2021 1338 2049 rugam
1355 2019 1436 2045 neque
1453 2009 1587 2037 maculam
1606 2007 1705 2033 haben-

918 2072 955 2094 ιιι
968 2065 1010 2092 “?
1025 2064 1127 2091 Forsan
1158 2067 1247 2088 autem
1276 2063 1304 2086 et
1329 2057 1415 2085 Dettm
1433 2060 1597 2088 cognoscere
1613 2058 1706 2077 verum

918 2111 1022 2143 innuit;
1040 2114 1129 2136 turtttr
1144 2105 1217 2135 enim
1239 2101 1427 2132 tantummodo
1442 2100 1487 2127 uni
1505 2097 1688 2133 coajungitur.

920 2157 1003 2184 Vsus.
1022 2155 1066 2182 10.
1082 2152 1242 2181 Murenulas
1260 2158 1354 2178 aureas
1366 2148 1492 2182 faciemus
1510 2144 1558 2172 tibi
1579 2143 1708 2171 vermicu-

1201 2187 1270 2213 Iulas
1290 2188 1408 2219 argenta.

955 2237 1013 2264 Hoc
1032 2239 1084 2266 est,
1105 2234 1162 2261 Non
1179 2232 1294 2260 multum
1310 2234 1377 2262 erat,
1397 2235 1485 2262 neque
1509 2225 1648 2262 profusum
1664 2232 1706 2251 ar-

920 2288 1029 2320 gentum
1046 2289 1053 2308 :
1071 2296 1106 2301 ——-
1122 2287 1216 2315 parum
1242 2279 1268 2305 in
1295 2275 1426 2311 mysterio
1444 2274 1515 2302 dicta
1535 2277 1599 2299 sunt
1613 2280 1627 2298 a
1643 2279 1708 2306 pro-

921 2319 1012 2365 phetis
1024 2336 1056 2355 ac
1073 2325 1192 2361 antiquis
1206 2323 1374 2359 sapientibus
1388 2330 1394 2347 :
1408 2336 1443 2341 —
1465 2319 1608 2355 evnlganle
1620 2323 1708 2344 autem

922 2377 1002 2411 adyta
1029 2373 1140 2408 templo,
1168 2372 1255 2398 visum
1281 2373 1324 2396 est
1347 2366 1481 2403 spectanti
1503 2365 1592 2392 velum
1614 2370 1709 2390 verum

921 2422 1037 2450 scissum
1059 2427 1073 2446 a
1093 2425 1200 2446 summo
1214 2423 1300 2450 usque
1324 2416 1462 2446 deorsum,
1480 2409 1711 2438 utrevelarentur

923 2467 1065 2498 interiora.
1083 2472 1145 2492 cum
1172 2463 1308 2491 recubans
1326 2458 1475 2496 [Christus]
1495 2456 1624 2487 dormivit
1639 2456 1711 2483 sicut

921 2515 976 2548 leo,
995 2517 1022 2542 et
1037 2512 1109 2540 sicut
1119 2509 1225 2538 catulus
1238 2507 1324 2535 leOuis
1337 2505 1468 2534 surrexit.

1207 2554 1241 2581 Et
1255 2553 1334 2589 paulo
1351 2556 1408 2586 post
1419 2558 1428 2578 .'

959 2606 1036 2634 Tunc
1058 2604 1131 2632 enim
1153 2600 1312 2629 consimiles
1339 2598 1403 2626 facti
1422 2594 1628 2624 resurrectionis
1652 2593 1710 2626 ejus

923 2662 973 2690 pro
999 2650 1224 2688 acquivalentibns
1248 2647 1382 2683 accipient
1408 2651 1522 2676 aurum,
1549 2641 1710 2670 ditabnutur

923 2700 995 2730 enim
1015 2707 1082 2727 auro
1096 2702 1123 2728 ei
1135 2701 1257 2732 argento.

957 2816 996 2850 (5)
1012 2814 1081 2842 Edit.
1105 2813 1169 2846 Mai,
1194 2809 1301 2842 αὐτούς.
1319 2809 1426 2845 '_Locus,
1442 2811 1471 2836 ut
1494 2806 1610 2838 videtur,
1634 2803 1711 2831 valde

925 2856 1080 2886 corruptus.
