1919 3074
247 111 303 140 259

675 109 957 140 SUPPLEMENTUII
973 108 1019 136 AD
1037 104 1200 136 ORIGENIS
1215 103 1421 133 EXEGETICA.

1823 103 1883 128 960

249 172 334 200 Vilis.
352 171 395 200 ll.
423 170 491 199 Dum
505 175 572 198 usu
594 178 640 197 rex
663 171 690 197 in
711 170 834 198 accubitu
851 178 910 203 suo,
934 169 1034 197 nardi:

1087 167 1164 199 Ἕως
1179 162 1215 193 οὗ
1231 166 1249 192 δ
1260 164 1412 203 ,βασιλεὺς
1466 162 1624 203 ὰηακλίῖει
1634 161 1748 202 ἀὺτοῦ,
1771 161 1884 196 mima;

494 214 551 233 mea
569 206 640 232 dedit
656 205 775 233 odorem.

285 263 383 299 Sponsi
401 263 473 291 enim
486 261 554 290 dicit
566 262 690 294 odorem,
706 262 806 290 nardus
821 270 890 295 ma,
903 268 957 296 qua
972 269 1035 290 eum

249 310 327 342 unxi,
343 308 425 336 dedit.
451 307 575 343 Namque
591 315 654 335 cum
675 307 734 342 ipsa
759 308 870 343 propria
888 308 972 335 nardo
989 315 1036 342 pe-

249 356 297 384 des
313 355 435 382 unxisset
458 354 534 387 Jesu.
553 358 581 381 et
608 353 634 380 in
660 357 742 388 caput
761 354 888 386 fudisset.
904 354 975 382 hanc
1001 361 1052 381 ex-

247 401 333 429 odore
348 400 439 434 sponsi
467 399 598 427 refectam
622 398 722 434 prioris
737 399 796 427 vice
810 399 916 434 accepit
928 399 961 425 ¹¹.
977 398 1034 432 Qua

247 447 330 482 igitur
342 447 432 482 capite
447 445 581 479 delibuto.
595 445 742 478 exclamat,
757 444 868 473 Ναί-(ιω
885 454 942 473 mea
963 445 1034 472 dedit

245 492 313 520 mihi
329 492 421 527 sponsi
446 492 562 519 odorem.
579 490 698 526 Ideoque
715 490 789 518 velut
808 497 824 518 e
840 497 955 526 corpore
969 489 1034 518 Jesu

245 538 358 566 domum
373 542 458 566 totam
474 536 596 572 implevit
610 535 750 571 discipulae
770 542 950 572 unguentum.

246 669 330 699 Vens.
347 670 389 696 l2.
407 668 563 697 Fasciculus
590 671 706 705 myrrhtz
722 669 834 696 dilectus
858 677 930 697 meus
957 670 1032 704 mihi,

404 705 471 731 inter
488 705 569 732 ubera
585 714 642 732 utea
657 705 873 732 commorabitur.

279 760 427 796 Postquam
443 760 497 788 dixi
514 761 604 795 sponsi
622 762 736 789 nardum
749 769 828 789 suum
844 762 909 790 mihi
922 763 1032 790 odorem

245 807 362 839 dedisse,
381 814 453 835 nunc
468 807 582 843 subjicio
597 807 680 835 illium
706 807 801 837 fratris
826 809 877 836 mei
893 809 1031 844 myrrham

1309 199 1422 226 ἔδωκεν
1436 198 1538 233 ὀσμὴν
1554 197 1659 224 αὐτοῦ.

1126 259 1182 295 Τὴν
1190 257 1297 294 γὰρτοῦ
1303 257 1420 292 νυμφίου
1433 256 1515 292 φησὶν
1530 256 1617 292 ὀσμὴν
1628 257 1648 291 ή
1658 254 1716 290 ἐμὴ
1728 254 1838 289 νάρδος
1850 255 1885 282 ὲν

1085 300 1104 341 ᾖ
1119 303 1201 331 αὑτὸν
1218 303 1326 340 ἧλειψα,
1341 302 1457 329 δέδωκε·
1475 303 1508 338 τῇ
1523 302 1578 338 γάρ
1594 301 1694 337 ἑαυτῆς
1713 301 1805 337 νάρδῳ
1814 301 1883 333 τοὺς

1086 349 1169 382 ⁵ιοόδας
1183 349 1317 383 ἀλείψασα
1335 347 1383 375 τοῦ
1407 348 1504 384 Ἰησοῦ,
1518 349 1565 376 καὶ
1584 349 1644 380 ταῖς
1665 347 1754 383 θριξὶν
1767 347 1882 383 ἀπομά-

1085 394 1166 428 ξασα,
1191 394 1450 430 μεταπεποιημένην
1466 395 1498 421 ἐκ
1521 395 1571 430 τῆς
1583 394 1670 430 ὀσμῆς
1683 394 1732 421 τοῦ
1757 395 1882 429 νυμφίου

1085 440 1186 476 ταύτην
1209 440 1356 468 ἀνέλαϐεν·
1380 437 1415 476 ἦς
1440 439 1622 476 αἰσθανομένη
1646 441 1729 476 φησὶν
1750 440 1798 467 ἐπὶ
1828 441 1882 476 τὴν

1085 486 1206 522 κεφαλὴν
1231 485 1362 521 ἐλθούσης
1383 485 1416 512 Ἡ
1433 484 1617 520 ἐμὴζνάρδος
1630 484 1724 512 ἔδωκέ
1747 493 1792 521 μοι
1821 485 1883 518 τὴν

1085 532 1133 560 τοῦ
1158 531 1275 568 νυμφίου
1292 531 1410 567 ὀσμήν·
1428 531 1520 568 διόπερ
1549 531 1587 563 ὥς
1610 531 1664 558 ἀπὸ
1682 531 1738 557 τῶν
1763 532 1883 566 χρωτῶν

1091 577 1179 614 Ἰησοῦ
1193 578 1242 614 τὴν
1257 577 1346 606 οἰκίαν
1360 576 1424 613 ὅλην
1446 577 1588 613 ἐπλήρωσε
1607 577 1657 613 τῆς
1677 577 1834 613 μαθητρίας
1850 578 1882 603 τὸ

1086 632 1181 660 μυρον.

1091 669 1276 709 Ἀπρδξσμος
1301 669 1356 709 ἐἷς
1379 668 1514 709 στακτῇς
1528 669 1785 709 ἀδελφιδοῦς-μου
1800 670 1880 704 ἐμοὶ,

1134 705 1193 733 ἀνὰ
1200 705 1297 740 μέσον
1313 704 1371 731 τῶν
1384 704 1508 739 μαστῶν
1518 713 1578 739 μου
1594 704 1811 738 audiverim-rm:

1119 761 1241 789 Είποῦσα
1254 762 1304 797 τὴν
1319 762 1415 798 νάρδον
1439 762 1487 789 τοῦ
1514 761 1630 797 νυμφίου
1656 762 1803 789 δεδωκέναι
1832 771 1878 797 μοι

1083 807 1133 844 τὴν
1148 808 1247 844 ὀσμὴν,
1262 807 1310 834 νῦν
1329 817 1401 843 φημι
1413 808 1460 835 τὸν
1475 808 1631 843 ἀδελφιδοῦν
1643 816 1694 843 μου
1706 808 1798 834 πνέειν
1811 816 1878 834 στα-

245 860 299 881 non
314 852 437 885 effusam,
455 860 543 888 neque
568 852 644 880 foras
664 853 820 881 exhalatam
848 855 963 889 spirare,
984 854 1031 882 sed

1087 853 1149 889 κτῆς
1161 854 1191 881 οὐ
1205 853 1392 889 διαχεομένης,
1407 853 1460 879 οὐδ’
1475 853 1526 885 ἔξω
1539 852 1688 888 πνεούσης·
1703 852 1760 879 ἀλλ’
1775 853 1878 879 ἀποδε-

244 903 399 926 concretam
416 903 441 926 et
457 898 539 926 densa
558 899 693 927 suavitate
715 899 891 936 fragrantem.
908 901 1032 929 Fratrem

245 951 310 971 vero
327 944 443 979 primutn
470 944 575 973 habens
591 944 720 980 populum
737 946 882 981 gentilium
899 947 1033 981 Ecclesia,

243 995 306 1014 cum
319 996 351 1016 ex
365 988 412 1016 illo
428 990 577 1017 secundum
591 996 702 1017 carnem
720 995 798 1018 ortus
810 996 885 1019 esset
894 992 1032 1027 Christus,

245 1033 328 1060 lilium
344 1039 422 1062 vocat
433 1034 526 1062 fratris
540 1039 569 1062 et
581 1035 683 1070 sponsi.
699 1035 796 1070 Aquila
812 1040 901 1064 autem
915 1045 1034 1065 avuncu-

244 1080 300 1108 lum
315 1081 408 1113 dante.
424 1082 568 1110 dicendum
581 1087 686 1118 patrem
703 1090 764 1110 esse
780 1082 923 1118 gentilium
941 1083 1034 1111 Eccle-

244 1127 291 1155 sia
307 1128 448 1163 antiquunm
476 1129 622 1164 populum;
652 1136 714 1156 cum
743 1129 855 1164 quidem
885 1136 919 1156 ex
937 1137 1032 1157 eorum

244 1173 303 1210 lege
317 1179 344 1201 et
361 1174 503 1209 prophetis
531 1175 558 1202 in
577 1174 633 1202 Deo
648 1175 798 1210 generatio,
826 1179 910 1211 atque
923 1183 939 1203 θ
955 1176 1034 1204 nobis

243 1219 278 1246 ad
292 1219 419 1254 pietatem
433 1220 555 1248 inductio
567 1225 715 1248 constaret.
729 1221 775 1248 Illo
792 1221 875 1256 igitur
888 1221 925 1249 ita
937 1221 1034 1249 eifecto

243 1272 349 1300 sponsa:
374 1271 462 1300 patre,
487 1265 614 1294 Salvator
629 1267 756 1296 similiter
774 1267 817 1301 iis,
836 1267 882 1302 qui
903 1267 954 1295 sub
972 1266 1033 1302 lege

243 1313 332 1341 erant.
350 1308 434 1337 frater
449 1309 536 1338 lactus
551 1315 602 1339 est.

244 1397 327 1426 Vens.
344 1398 384 1425 ιι.
408 1398 476 1434 Ecce
493 1404 521 1426 lu
537 1399 647 1434 pulchra
666 1407 703 1430 es,
718 1402 804 1426 amica
828 1409 897 1433 mea.
926 1410 984 1430 ecce
1004 1408 1033 1430 tu

381 1433 489 1469 pulchra
503 1433 553 1462 ea:
569 1434 639 1462 oculi
651 1435 690 1461 tui
703 1435 896 1464 columbarum.

279 1496 328 1524 Hic
342 1497 418 1531 prius
435 1496 544 1525 videtur
559 1504 657 1532 sponsa
674 1497 846 1525 manifestius
859 1497 952 1532 sponsi
969 1497 1032 1532 pul—

243 1543 425 1571 cltritutlinetn
454 1543 597 1578 inspicere,
611 1543 724 1579 suisque
743 1544 928 1571 columbarum
946 1545 1032 1572 oculis

243 1589 303 1624 ejus
321 1590 346 1617 in
369 1590 481 1618 rationis
505 1591 601 1618 decore
616 1590 827 1626 prtecellentiam
857 1591 1031 1619 animadver-

244 1640 311 1663 tere.
335 1634 395 1662 Mox
419 1640 510 1664 autem
536 1644 707 1665 communem
735 1638 820 1672 ipsius
848 1637 975 1665 lectulum
1004 1642 1031 1665 et

243 1680 336 1715 sponsi
351 1688 448 1716 corpus
466 1682 603 1716 praedicat.
619 1683 644 1710 in
658 1691 713 1718 quo
727 1683 818 1710 anima
845 1684 934 1711 adhuc
954 1684 1032 1711 habi—

243 1731 305 1755 tans
317 1728 434 1756 rationis
444 1730 586 1756 consortio
597 1730 734 1764 dignatur.
751 1730 821 1757 Dicit
835 1731 919 1766 igitur
932 1730 1031 1758 Paulus

241 1779 356 1808 corpora
381 1778 473 1801 nostra
497 1774 618 1801 membra
633 1773 735 1802 Christi
749 1776 854 1802 esse“.
870 1774 921 1803 Per
937 1780 1031 1803 nostra

241 1818 315 1846 enim
345 1826 462 1854 corpora
491 1826 599 1854 sponsae
631 1826 731 1854 corpus
760 1820 952 1853 signiﬁcat.et
982 1828 1032 1856 per

241 1862 344 1890 Christi
363 1864 494 1896 membra,
509 1863 599 1898 sponsi
618 1871 726 1899 corpus.
754 1864 951 1892 Obuntbratum
967 1873 1032 1893 vero

241 1916 372 1944 sponsum
398 1910 464 1938 dicit
492 1915 603 1944 propter
621 1910 802 1946 frequentiam
819 1912 934 1939 rationis
949 1917 977 1939 et
988 1920 1032 1940 se-

241 1955 362 1988 quentia
392 1955 661 1991 contemplationum.
693 1957 771 1990 Quod
818 1957 840 1985 si
876 1958 1032 1985 communis

242 2009 340 2036 sponsa
357 2006 471 2037 utraque
495 2001 602 2036 ﬂoreat,
625 2002 693 2030 nihil
718 2002 817 2030 mirum
830 2008 859 2030 et
875 2003 902 2030 in
917 2011 1032 2038 corpore

241 2054 350 2075 omnem
365 2048 488 2083 corporis
504 2048 606 2076 cultum
621 2048 800 2075 excellentem
816 2048 941 2076 inveniri.

552 2127 666 2156 CAPUT
686 2127 717 2156 ll.

285 2173 370 2201 Vens.
391 2172 415 2200 l.
434 2173 489 2208 Ego
504 2173 554 2208 flos
569 2174 655 2208 campi
672 2178 696 2201 et
712 2173 800 2201 lilium
815 2174 986 2202 convallium.

1043 2205 1066 2233 υ

280 2238 386 2267 Florem
406 2239 472 2267 dicit
498 2240 608 2275 campi,
632 2240 678 2274 qui
708 2239 812 2267 fructus
842 2239 898 2267 flet.
924 2240 952 2267 In
978 2241 1029 2268 hoc

245 2285 326 2320 igitur
341 2285 462 2313 terrestri
486 2285 556 2318 loco,
574 2286 619 2320 qui
636 2293 748 2320 campus
764 2285 873 2316 dicitur.
901 2285 949 2313 llos
977 2287 1030 2313 erit

245 2331 338 2366 sponsi
362 2332 476 2359 verbum
502 2331 528 2358 in
555 2331 685 2358 futurum.
704 2331 770 2359 Cum
798 2331 870 2358 enim
902 2339 1029 2359 consum-

245 2376 329 2404 matio
351 2376 466 2410 venerit,
483 2381 603 2403 vertetur
620 2376 668 2404 llos
684 2376 711 2404 in
727 2376 860 2409 fructum;
888 2381 916 2404 et
936 2385 969 2404 ne
989 2377 1029 2406 ni-

245 2423 328 2450 mium
352 2430 367 2450 a
385 2422 451 2450 llore
478 2422 615 2455 recedant,
635 2430 697 2450 eum
717 2422 783 2450 dicit
809 2429 892 2458 super
915 2427 1028 2451 terram.

244 2469 415 2504 Quapropter
433 2468 521 2496 factus
547 2472 588 2495 est
613 2475 729 2503 sponsus
757 2469 835 2503 quasi
862 2469 912 2503 ﬂor
933 2469 1029 2503 campi.

245 2515 365 2549 Seipsum
386 2515 457 2542 enim
474 2513 628 2545 exinanivit,
645 2515 711 2541 servi
725 2514 839 2549 formam
856 2515 1029 2550 accipiens",

245 2566 274 2588 nt
293 2561 421 2596 deinceps
442 2560 501 2595 ejus
523 2559 637 2595 gloriam
654 2561 776 2587 contueri
793 2560 941 2596 possimus.
970 2560 1028 2589 Non

244 2612 288 2634 est
313 2606 363 2634 llos
379 2605 571 2641 insignioribus
583 2604 627 2632 vel
655 2604 822 2640 planioribus
837 2606 954 2640 campis,
982 2607 1030 2634 sed

243 2643 494 2681 humilioribus'et
529 2651 700 2682 curvioribus
741 2652 837 2680 lilium.
871 2652 920 2680 His
947 2652 1030 2680 dictis

245 2707 361 2734 sponsus
392 2698 506 2726 amicam
532 2706 593 2726 cum
613 2698 720 2726 caeteris
747 2698 875 2732 ﬁliabus.
897 2706 944 2726 seu
972 2699 1031 2726 ani-

246 2743 341 2772 tnabus
368 2745 482 2778 confert,
511 2752 570 2780 quae
596 2752 653 2781 prte
677 2745 722 2773 illa
751 2750 814 2774 sunt
838 2745 913 2774 velut
934 2745 1029 2780 spinae.

237 2879 242 2882 Ι
281 2840 302 2855 ⁸⁸
317 2839 394 2868 Joan.
411 2848 459 2874 ιιι,
478 2841 504 2868 5.
545 2840 588 2868 I‘l
604 2841 666 2869 Cor.
681 2849 716 2873 vt,
737 2840 778 2868 lii.
819 2839 839 2855 "
853 2838 967 2875 Philipp.
983 2847 1013 2873 ιι,
1029 2839 1050 2867 7.

1082 899 1199 935 δεμένης
1211 899 1258 926 καὶ
1278 899 1444 934 πυκνότερον
1458 899 1508 934 τὴν
1519 897 1632 925 εὐωδίαν
1642 898 1780 934 διδούσηςο
1797 899 1878 925 ἀδελ-

1083 947 1134 982 φὸν
1145 946 1174 973 δὲ
1184 946 1230 973 τὸν
1247 945 1353 981 πρῶτον
1365 945 1497 980 ἐσχηκυῖα
1510 944 1574 971 λαὸν
1588 945 1604 980 ἠ
1618 943 1648 977 ἑξ
1659 943 1743 970 ἐθνῶν
1760 944 1879 979 Ἐκκλη-

1083 994 1139 1025 σία,
1155 993 1269 1029 ἐπείπερ
1282 992 1314 1024 ἐξ
1327 991 1409 1019 αὑτοῦ
1427 991 1458 1018 τὸ
1469 991 1540 1018 κατὰ
1561 991 1650 1026 σάρκα
1661 988 1695 1026 ἦν
1706 992 1721 1017 ό
1743 990 1878 1026 Χριστὸς,

1083 1039 1140 1065 υἱὸν
1152 1038 1286 1074 κέκληκεν
1299 1036 1415 1071 ἀδελφοῦ
1431 1037 1479 1064 καὶ
1499 1036 1632 1072 νυμφίου·
1650 1037 1696 1063 τοῦ
1721 1037 1750 1064 δὲ
1773 1037 1878 1064 ’Δκύλα

1083 1086 1260 1117 ἐκδεδωκότος
1272 1085 1468 1121 πατράδελφον,
1482 1084 1592 1111 λεκτέον
1611 1084 1719 1120 πατέρα
1736 1081 1808 1110 εἶναι
1827 1084 1879 1119 τῆς

1082 1133 1112 1166 ἐξ
1125 1131 1209 1159 ἐθνῶν
1221 1131 1384 1167 Ἐκκλησίας
1392 1131 1436 1157 τὸν
1452 1131 1536 1158 πάλαι
1547 1131 1618 1158 λαόν·
1632 1131 1693 1157 ἐπεὶ
1705 1131 1738 1157 ὲκ
1750 1130 1798 1157 τοῦ
1811 1132 1878 1167 παρ’

1081 1177 1196 1209 ἐκείνοις
1208 1177 1292 1212 νόμου
1308 1176 1422 1203 καὶτῶν
1438 1177 1585 1212 προφητῶν
1602 1177 1619 1212 ἡ
1636 1177 1666 1203 ὲν
1685 1176 1746 1212 Θεῷ
1768 1176 1878 1210 γένεσις

1082 1223 1129 1250 καὶ
1141 1224 1158 1259 ἡ
1175 1222 1205 1255 ἐξ
1217 1222 1295 1258 ἡμῶν
1305 1223 1345 1254 είς
1357 1222 1497 1249 εὐσέϐειαν
1510 1222 1614 1258 ὑπῆρξε
1631 1223 1780 1258 προαγωγὴ
1793 1231 1802 1238 ο
1819 1222 1879 1249 τού-

1082 1276 1129 1294 του
1144 1268 1233 1294 τοίνυν
1253 1267 1339 1299 οὕτως
1355 1266 1550 1302 ἀποδιδομένου
1569 1268 1618 1303 τῆς
1632 1267 1742 1304 νύμφης
1759 1267 1876 1303 πατρὸς,

1082 1312 1194 1346 ἀδελφὸς
1210 1313 1224 1339 ό
1239 1313 1335 1349 Σωτὴρ
1356 1312 1457 1348 ὁμοίως
1488 1313 1603 1345 ἐκείνοις
1623 1313 1676 1340 ὑπὸ
1691 1313 1775 1348 νόμον
1797 1313 1877 1348 γενό-

1084 1367 1174 1394 μενος.

1089 1404 1161 1432 Ἰδοὺ
1187 1402 1217 1432 εἴ
1241 1404 1331 1438 καλὴ,
1359 1405 1378 1438 ἡ
1401 1404 1536 1438 πλησίον
1552 1413 1622 1438 μου.
1642 1403 1706 1431 ίδοὺ
1729 1404 1759 1431 εἴ
1777 1406 1875 1440 καλή·

1273 1440 1420 1474 ὀφθαλμοί
1434 1447 1492 1466 σου
1506 1440 1686 1473 περιστεραί.

1117 1497 1173 1524 Νῦν
1188 1497 1260 1524 εοικε
1284 1497 1416 1532 πρότερον
1436 1497 1617 1532 ὲνεωρακέναι
1640 1496 1812 1533 τρανώτερον
1838 1497 1877 1532 τῷ

1083 1543 1130 1570 τοῦ
1141 1544 1257 1579 νυμφίου
1272 1542 1365 1569 κάλλει
1385 1543 1402 1577 ἡ
1423 1541 1532 1577 νύμφηο
1549 1542 1596 1569 καὶ
1612 1542 1657 1568 διὰ
1674 1542 1730 1568 τῶν
1747 1551 1876 1578 ruptore-

1083 1589 1138 1626 ρῶν
1152 1590 1237 1625 αὐτῆς
1251 1588 1397 1624 ὀφθαλμῶν
1410 1588 1552 1615 αἰσθέσθαι
1562 1587 1612 1623 τῆς
1623 1588 1652 1614 ἐν
1667 1588 1706 1623 τῷ
1721 1588 1815 1615 κάλλει
1829 1588 1876 1615 τοῦ

1081 1635 1161 1670 λόγου
1174 1635 1221 1662 καὶ
1235 1634 1373 1670 ὑπεροχῆς
1385 1642 1392 1650 ·
1408 1633 1479 1669 τάχα
1494 1633 1523 1660 δὲ
1538 1633 1585 1659 καὶ
1598 1632 1691 1674 κλίνην
1706 1634 1800 1671 κοινὴν
1812 1634 1877 1660 ἑαυη

1081 1681 1131 1716 τῆς
1145 1681 1191 1708 καὶ
1215 1679 1262 1706 τοῦ
1286 1678 1404 1714 νυμφίου
1417 1678 1447 1705 τὸ
1462 1678 1542 1713 σῶμα
1565 1678 1724 1708 αἰνίττεται,
1738 1679 1769 1704 ὲν
1791 1674 1816 1712 ᾧ
1837 1679 1876 1705 ἔτι

1081 1727 1148 1756 οὖσα
1159 1727 1258 1764 ἡψυχὴ
1275 1726 1397 1760 ἀξιοῦται
1406 1726 1456 1762 τῆς
1468 1725 1513 1752 τοῦ
1528 1725 1606 1760 λόγου
1622 1725 1765 1757 κοινωνίας
1776 1735 1782 1740 ·
1801 1725 1876 1760 λέγει

1081 1773 1127 1802 οὖν
1141 1774 1258 1806 Παῦλος,
1268 1773 1310 1800 Τὰ
1323 1772 1437 1808 σώματα
1449 1772 1526 1807 ἡμῶν
1536 1771 1602 1807 μέλη
1610 1770 1727 1807 Χριστοῦ
1743 1773 1803 1798 ἐστι
1812 1780 1820 1787 ·
1833 1772 1876 1798 διὰ

1081 1821 1135 1856 γὰρ
1152 1819 1199 1847 τοῦ
1212 1819 1290 1855 ἡμῶν
1308 1819 1356 1854 τῆς
1368 1818 1477 1853 νύμφης
1490 1815 1557 1844 εἶναι
1570 1817 1644 1851 λέγει
1654 1817 1684 1843 τὸ
1701 1817 1783 1852 σῶμα
1796 1826 1803 1832 ο
1833 1817 1876 1844 διὰ

1080 1867 1108 1893 δὲ
1121 1866 1168 1894 τοῦ
1188 1865 1256 1902 μέλη
1270 1865 1400 1900 Χριστοῦ,
1411 1864 1458 1890 τοῦ
1479 1863 1596 1899 νυμφίου
1607 1871 1615 1878 ⁸
1634 1862 1747 1890 σύσκιον
1760 1863 1790 1889 δέ
1807 1871 1874 1897 φησι

1080 1914 1126 1940 τὸν
1140 1913 1256 1948 νυμφίον
1274 1912 1318 1939 διὰ
1330 1912 1380 1947 τὴν
1391 1911 1548 1946 πυκνότητα
1567 1910 1620 1937 τῶν
1633 1911 1662 1936 ὲν
1677 1910 1717 1946 τῷ
1740 1910 1814 1946 λόγῳ
1829 1911 1875 1937 καὶ

1080 1961 1113 1994 τῇ
1125 1959 1206 1994 σοφίᾳ
1218 1957 1417 1994 θεωρημάτων·
1431 1957 1479 1984 ἐὰν
1489 1957 1517 1983 δὲ
1558 1957 1659 1992 ἡκοινὴ
1669 1957 1764 1992 νύμφη
1773 1958 1874 1992 ἀμφοῖν

1081 2005 1206 2040 εὐθαλὴς,
1220 2005 1296 2031 οὐδὲν
1311 2003 1467 2039 θαυμαστὸν
1489 2003 1536 2029 καὶ
1561 2003 1608 2029 ἐπὶ
1628 2003 1659 2029 τὸ
1687 2003 1769 2038 σῶμα
1785 2004 1875 2030 πᾶσαν

1080 2051 1130 2086 τὴν
1140 2051 1184 2078 διὰ
1197 2050 1244 2077 τοῦ
1260 2050 1386 2085 σώματος
1403 2049 1502 2085 πρᾶξιν
1517 2049 1622 2084 ἀγαθὴν
1637 2048 1796 2085 δηλοῦσθαι.

1344 2124 1541 2151 ΚΕΦΛΛΔΙΟΝ
1567 2123 1604 2151 Β’.

1107 2172 1176 2206 Ἐγὼ
1189 2171 1280 2204 ἄνθος
1293 2170 1347 2198 τοῦ
1360 2170 1476 2203 πεδίου,
1496 2170 1601 2205 κρίνον
1616 2169 1675 2198 τῶν
1693 2171 1857 2199 scalmo”.

1119 2239 1215 2270 ¹’Δνθος
1228 2238 1302 2273 λέγει
1316 2238 1348 2264 τὸ
1357 2237 1447 2264 ὁδεῦον
1463 2237 1509 2264 ἐπὶ
1521 2237 1551 2264 τὺ
1562 2237 1689 2272 γενέσθαι
1702 2239 1810 2273 καρπός
1819 2247 1827 2254 ·
1845 2239 1875 2266 ὲν

1082 2284 1128 2313 οὖν
1142 2285 1181 2321 τῷ
1196 2284 1328 2321 περιγείῳ
1339 2285 1414 2320 τόπῳ
1428 2285 1511 2319 πεδίῳ
1532 2283 1651 2319 ῥηθέντι,
1667 2283 1748 2315 ἄνθος
1765 2285 1844 2311 ἐστὶν
1861 2286 1875 2312 ό

1081 2332 1197 2368 νυμφίος
1209 2331 1287 2366 λόγος
1298 2331 1336 2363 ὡς
1346 2330 1414 2367 πρὸς
1427 2330 1462 2358 τὰ
1476 2330 1606 2366 μέλλοντα
1616 2338 1623 2344 ·
1648 2329 1711 2356 ὅταν
1735 2329 1792 2365 γὰρ
1808 2331 1874 2367 ἔλθῃ

1081 2379 1113 2406 τὸ
1124 2378 1236 2409 τέλειον,
1253 2377 1400 2414 μεταὸαλεῐ
1414 2376 1445 2403 τὺ
1460 2376 1540 2408 ἄνθος
1550 2376 1589 2407 είς
1605 2375 1636 2401 τὸ
1653 2375 1782 2409 γενέσθαι
1805 2385 1875 2412 καρ-

1082 2425 1149 2457 πός·
1168 2424 1216 2451 καὶ
1229 2424 1290 2450 ἐπεὶ
1305 2423 1343 2459 μὴ
1363 2422 1443 2449 πλέον
1465 2421 1584 2457 χωροῦσι
1597 2420 1644 2447 τοῦ
1661 2421 1772 2453 ἄνθους,
1798 2421 1873 2456 λέγει

1083 2471 1130 2498 ἐπὶ
1145 2471 1196 2506 γῆς
1206 2479 1214 2486 ·
1235 2471 1279 2498 διὰ
1290 2470 1369 2497 τοῦτο
1378 2469 1490 2504 γέγονεν
1503 2470 1516 2496 ὁ
1529 2468 1646 2504 νυμφίος
1659 2468 1697 2500 ὡς
1713 2468 1810 2502 ἄνθος
1820 2470 1873 2496 τοῦ

1081 2517 1203 2545 πεδίουο
1231 2517 1340 2544 ἑαυτὸν
1360 2516 1414 2552 γὰρ
1438 2516 1585 2547 ἐκένωσε,
1607 2515 1730 2549 μορφὴν
1757 2515 1872 2542 δούλου

1080 2563 1190 2595 λαϐὼν,
1216 2563 1284 2598 πρὸς
1298 2562 1329 2588 τὸ
1346 2561 1492 2597 δυνηθῆναι
1516 2561 1566 2596 τὴν
1589 2560 1667 2591 δόξαν
1689 2560 1774 2587 αὐτοῦ
1804 2561 1872 2596 μετὰ

1083 2608 1170 2636 ταῦτα
1184 2609 1259 2644 ἡμᾶς
1273 2607 1435 2635 θεάσασθαι·
1455 2608 1559 2642 μήποτε
1578 2606 1607 2633 δὲ
1629 2608 1686 2638 τοῖς
1704 2607 1755 2642 μὲν
1768 2608 1872 2642 εὐγενε-

1084 2653 1190 2690 στέροις
1215 2654 1263 2680 καὶ
1285 2653 1398 2689 όμαλέσι
1419 2652 1520 2683 πεδίοις
1543 2651 1764 2687 ὀνομαζομένοις,
1792 2652 1871 2683 ἄνθος

1084 2700 1153 2732 ἐστὶ,
1182 2700 1238 2731 τοῖς
1264 2699 1293 2726 δὲ
1315 2698 1416 2726 τούτων
1439 2697 1606 2733 κατωτέροις
1626 2697 1674 2723 καὶ
1698 2698 1870 2734 κοιλωτέροις

1083 2747 1190 2782 κρίνον
1220 2746 1306 2774 ταῦτα
1335 2746 1425 2782 φήσας
1453 2745 1467 2771 ὁ
1490 2743 1605 2779 νυμφίος
1631 2743 1802 2778 παραϐάλλει
1824 2744 1871 2778 τὴν
