1919 3074
206 128 260 157 267

651 125 931 154 SUPPLEMENTUM
947 127 991 154 AD
1009 125 1169 154 ORIGENIS
1187 126 1393 156 EXEGETICA.

1786 130 1841 157 9.68

211 188 291 214 Vens.
311 187 354 215 17.
369 187 456 214 Donet
474 187 570 221 aspiret
587 187 641 213 dies
664 192 687 213 et
709 187 868 223 inclinentur
883 187 993 215 umbrte.

1051 187 1121 220 Ἕως
1140 184 1175 214 οὗ
1193 186 1359 222 ὃιαπνεὺσῃ
1382 189 1400 221 ἡ
1420 188 1515 222 ἡμέρα
1533 187 1583 214 καὶ
1599 189 1790 223 παρέλθωσιν
1812 191 1844 217 αι

244 281 412 316 Quapropter
427 279 560 314 gloriatur
583 279 697 315 mystice
723 279 814 306 dicere
840 279 866 306 in
889 276 993 307 Iacob:

211 328 299 358 factus
315 333 388 353 eram
406 325 458 352 diei
473 330 539 352 aestu
557 325 724 354 combustus.
742 324 810 352 Nam
826 326 851 352 in
869 326 994 360 praesenti

211 374 271 400 vitae
285 376 352 399 aestu
367 370 517 404 collocatis,
536 371 613 398 nobis
627 378 694 406 opus
709 375 751 398 est
765 376 892 406 pascente
903 392 910 404 ,
929 379 995 406 pro-

208 421 268 452 pter
289 416 452 443 meridianos
470 416 617 443 daemones.
644 415 714 443 Dicit
732 417 804 443 enim
817 417 850 444 ad
865 416 968 450 justum
986 425 993 443 :

209 463 271 490 Non
286 463 388 490 timebis
405 471 421 489 a
435 462 551 489 dwmone
568 462 724 489 meridiana.
738 462 821 496 Quasi
838 470 902 490 vero
920 463 994 490 dice-

206 514 259 543 ret,
275 510 314 537 sat
330 517 380 537 non
405 514 461 536 uret
479 514 513 536 te.
537 509 604 536 Cum
624 508 734 543 quidem
757 509 929 537 inﬁrmitates
946 517 994 536 no-

207 562 279 585 stras
298 556 388 584 ferens
412 561 439 584 et
465 561 576 591 propter
593 564 642 584 nos
665 556 771 590 patiens
788 555 874 583 factus
889 555 924 582 sit
946 562 995 590 pro

208 604 287 631 nobis
301 607 370 630 aestu
384 604 557 636 combustus,
571 607 600 630 ut
617 610 667 630 nos
686 603 720 630 ab
735 602 769 629 iis
781 602 918 634 liberaret,
938 602 992 628 sic-

207 652 266 674 uta
282 647 348 682 legis
363 648 480 682 piaculo,
498 647 588 676 factus
606 655 656 683 pro
676 648 754 676 nobis
780 647 924 682 piaculum.
943 646 994 673 Pa-

206 694 293 722 scitur
310 701 375 722 vero
390 700 418 722 et
438 695 510 722 inter
525 695 597 727 lilia,
610 700 634 722 et
653 695 736 722 donec
758 694 917 721 inclinentur
932 701 992 720 um~

204 743 260 768 orte
277 741 339 768 vita:
357 752 362 769 :
383 741 528 769 secundum
548 741 632 774 illud,
661 741 730 768 sicut
744 740 838 767 umbra
858 743 993 766 transeunt

205 785 262 811 dies
276 784 368 812 nosiri.
381 784 482 813 Forsan
498 790 524 813 et
544 790 608 813 ante
621 785 680 821 ejus
705 785 929 818 incarnationem,
944 791 993 819 per

206 831 291 866 legem
310 837 338 858 et
361 832 522 867 prophetas,
538 833 607 860 inter
630 832 685 860 lilia
711 833 877 867 pascebatur
901 833 989 860 adhuc

1385 224 1468 250 σκιαί
1472 243 1478 250 .

1081 280 1125 306 Διὸ
1137 281 1184 306 καὶ
1199 280 1276 315 αὐχεῖ
1288 280 1425 316 μυστικῶς
1437 280 1526 315 λέγειν
1537 282 1565 308 ὲν
1578 281 1674 308 Ἰακὼό
1683 283 1714 309 τό
1725 291 1734 299 ”
1749 282 1842 317 ἐγενό-

1047 334 1100 361 μην
1114 326 1163 361 τῆς
1175 326 1279 362 ἡμέρας
1292 327 1488 362 συγκαιόμενος
1500 327 1538 363 τῷ
1553 327 1682 362 καύματι·
1699 329 1729 355 ἐν
1745 328 1785 364 τῷ
1794 327 1843 355 τοῦ

1046 372 1177 408 παρόντος
1185 372 1239 408 γὰρ
1256 369 1313 408 βίου
1326 373 1445 408 καύματι
1454 374 1568 409 δεόμεθα
1581 374 1627 400 τοῦ
1637 375 1842 410 ποιμαίνοντος,

1044 416 1088 443 διὰ
1100 417 1134 443 τὰ
1153 417 1327 453 μεσημϐρινὰ
1342 418 1477 454 δαιμόνια·
1499 419 1572 453 λέγει
1587 419 1640 455 γάρ
1652 420 1721 455 πρὸς
1734 420 1779 446 τὸν
1797 421 1843 447 εὐ-

1045 463 1137 498 πειθῆ·
1145 465 1181 490 οὐ
1187 463 1388 498 φοϐηθήσεται
1396 465 1455 492 ἀπὸ
1464 465 1618 500 δαιμονίου
1622 467 1840 501 μεσημϐρινοῦ·

1044 510 1134 536 ὁποῖον
1148 510 1194 537 καὶ
1209 509 1248 542 τὸ,
1264 511 1291 536 ’0
1308 510 1393 544 ἣλιος
1403 512 1438 538 οὐ
1454 512 1623 546 συγκαύσει
1640 520 1685 538 σε·
1701 512 1816 548 ἐπείπερ
1827 513 1844 540 ὁ

1045 555 1093 587 τὰς
1104 556 1243 587 ἀσθενείας
1258 556 1337 592 ἡμῶν
1355 557 1446 593 φέρων
1459 557 1506 584 καὶ
1521 559 1585 593 περὶ
1599 557 1676 594 ἡμῶν
1697 558 1841 594 ὀδυνηθεὶς

1044 601 1150 635 ἐγένετο
1160 601 1229 637 ὑπὲρ
1240 602 1256 636 ἠ
1261 602 1318 636 μῶν
1330 603 1526 638 συγκαιόμενος
1537 603 1577 638 τῷ
1589 604 1720 639 καύματγ
1738 605 1782 631 ἵνα
1798 604 1842 637 ἐξ·

1044 647 1167 683 αγοράσῃ
1183 648 1256 682 ἡμᾶς
1281 647 1328 674 ἀπ’
1344 644 1444 675 αὑτῶν·
1461 649 1499 680 ὥς
1524 650 1570 675 καὶ
1585 650 1637 676 ἀπὸ
1652 650 1701 685 τῆς
1716 651 1843 685 κατάρας

1044 692 1090 719 τοῦ
1114 693 1207 728 νόμου,
1221 693 1365 728 γενόμενος
1379 694 1448 729 ὑπὲρ
1461 694 1540 729 ἡμῶν
1566 695 1683 731 κατάρα·
1699 696 1842 731 ποιμαίνει

1044 738 1072 764 δὲ
1086 739 1132 765 καὶ
1148 739 1176 764 ἐν
1201 739 1314 773 κρίνοις,
1339 739 1387 767 καὶ
1398 739 1486 774 μέχρι
1502 740 1690 775 παρέλθωσιν
1708 743 1736 768 αἱ
1755 742 1841 768 σκιαὶ

1044 783 1091 810 τοῦ
1108 783 1176 819 βίου’
1195 784 1264 810 κατὰ
1281 784 1321 816 τὸ,
1348 785 1388 818 ὡς
1411 786 1493 812 σκιαί
1518 784 1623 820 ἡμέραι
1648 786 1734 821 ἡμῶν
1746 787 1842 821 παρά-

1045 837 1162 864 γουσιν·
1176 830 1241 861 ἴσως
1253 829 1282 855 δὲ
1306 830 1354 856 καὶ
1373 829 1426 866 πρὸ
1439 830 1490 865 τῆς
1510 831 1656 866 ἐπιδημίας
1673 831 1767 864 αὑτοῦ,
1794 831 1840 858 διὰ

204 877 332 904 saeviente
347 882 424 904 resto.
449 877 514 906 Post
529 885 593 905 vero
622 878 848 910 incarnationem,
865 878 984 912 pascitur

1051 874 1123 909 νόμον
1142 875 1189 901 καὶ
1208 874 1366 910 προφητῶν,
1384 876 1413 901 ὲν
1434 876 1539 911 κρίνοις
1554 876 1701 912 ὲποίμανεν
1716 877 1756 904 ἔτι
1773 887 1841 904 καυ-

205 923 313 955 quidem
327 943 334 955 ,
358 923 406 950 sed
421 931 473 950 non
495 923 566 951 inter
580 923 647 951 lilia.
665 923 786 958 Namque
800 924 871 951 sicut
887 923 990 950 diluce-

204 971 298 994 scente
316 967 359 995 die
375 968 473 995 dicitur
492 989 500 1001 ,
515 968 618 1002 dilecti,
636 969 792 1004 cognoscite
806 968 878 1004 quod
892 975 990 1004 supre-

204 1021 246 1040 ma
262 1014 326 1041 liora
341 1019 392 1041 est.

204 1070 359 1103 Revertere;
373 1071 467 1098 similis
481 1077 536 1098 esto
548 1092 555 1105 ,
570 1072 665 1099 dilecte
679 1073 726 1105 mi,
740 1081 854 1106 capreae,
871 1073 990 1101 hinnule-

332 1114 381 1141 que
399 1115 535 1133 cervorum
546 1115 623 1142 super
641 1112 740 1134 montes
752 1107 858 1135 Betlter.

239 1197 333 1225 Priora
351 1197 384 1224 ad
399 1196 616 1225 adolescentulas
633 1197 700 1224 dicit
713 1204 810 1232 sponsa
825 1217 833 1230 ,
851 1197 909 1224 haec
923 1205 989 1226 vero

204 1251 276 1270 nunc
287 1244 320 1270 ad
334 1250 473 1277 sponsum.
495 1241 529 1269 Ut
555 1242 685 1278 praesenti
703 1243 818 1278 tempori
842 1250 989 1279 congruam

204 1294 313 1324 caperet
329 1289 535 1317 similitudinem
558 1297 619 1316 cum
652 1297 748 1324 caprea
762 1309 770 1321 ,
796 1294 905 1324 propter
923 1297 983 1324 per-

203 1334 401 1368 spicacitatem,
412 1339 439 1361 et
452 1341 512 1361 cum
528 1333 642 1361 hinnulo
656 1339 927 1370 cervorum,pr0pter
941 1334 990 1361 de-

203 1380 284 1407 letam
302 1380 469 1413 serpenlium
495 1380 662 1414 progeniem.
688 1379 751 1406 llaec
763 1387 829 1406 vero
844 1379 947 1407 faciens
962 1380 988 1406 in

204 1426 343 1453 montibus
364 1425 546 1458 convallium,
571 1431 698 1452 revertere
710 1445 717 1459 ,
739 1426 837 1460 inquit,
856 1425 958 1453 scilicet
975 1433 989 1452 a

203 1471 289 1499 forma
305 1471 363 1499 Dei.
383 1471 417 1499 Et
431 1473 514 1499 sumit
529 1471 576 1499 illa
600 1477 708 1506 propter
724 1479 846 1498 amorem
867 1479 929 1506 erga
947 1479 989 1499 me

203 1525 264 1546 cum
292 1518 448 1546 hominibus
475 1523 688 1551 commoratus;
719 1525 835 1552 quorum
866 1518 989 1553 plerique

203 1570 313 1600 propter
326 1565 527 1600 improbitatem
542 1565 567 1591 in
584 1564 751 1592 convallibus
765 1564 868 1591 vivunt.
885 1564 990 1591 Montes

203 1614 295 1637 autem
311 1609 472 1637 convallium
487 1630 495 1642 ,
509 1614 572 1637 sunt
589 1609 654 1644 justi
668 1609 715 1643 qui
734 1609 842 1644 iniquos
855 1609 987 1636 domiuati

202 1660 275 1682 sunt.
292 1654 349 1683 Hoc
363 1655 485 1688 verbum,
499 1660 636 1688 revertere,
650 1655 874 1690 contemplativos
885 1663 989 1690 caprea:

1046 929 1131 952 σωνος
1151 920 1237 952 ὄντος·
1262 920 1330 955 μετὰ
1344 922 1372 948 δὲ
1388 921 1607 961 τὴν-ἐπιδημίαν,
1625 923 1765 958 ποιμαίνει
1777 924 1839 958 μὲν,

1045 966 1100 993 ἀλλ’
1114 966 1163 993 οὐκ
1177 968 1205 994 ὲν
1216 967 1327 1002 κρίνοις·
1344 967 1381 999 ὡς
1392 967 1446 1004 γὰρ
1462 967 1512 1002 τῆς
1520 969 1627 1004 ἡμέρας
1637 970 1840 1005 summam;

1044 1013 1150 1049 εἴρηται
1161 1012 1354 1048 τὸ,άγαπητοὶ,
1363 1014 1512 1047 γινώσκετε
1522 1014 1563 1040 ὅτι
1574 1015 1673 1050 ἐσχάτη
1685 1014 1744 1050 ὥρα
1753 1016 1836 1042 ἐστίν.

1050 1072 1262 1106 Ἀπόστρεψον,
1291 1072 1447 1107 όμοιώθῃτι
1468 1071 1528 1107 σὺ,
1542 1071 1684 1107 ἀδελφιδέ
1703 1082 1775 1107 μου,
1797 1074 1839 1106 τῷ

1076 1106 1228 1142 δόρκωνιῆ
1242 1107 1335 1141 νεϐρῷ
1351 1106 1471 1141 ἐλάφων
1482 1106 1532 1134 ἐπὶ
1544 1107 1580 1134 τὰ
1591 1108 1644 1142 ὄρη
1660 1106 1719 1134 τῶν
1734 1111 1839 1136 κοιλω-

1073 1150 1187 1177 ματων.

1077 1197 1118 1224 Τὰ
1134 1198 1253 1233 πρότερα
1261 1197 1328 1234 πρὸς
1344 1198 1392 1230 τὰς
1407 1197 1529 1231 νεανίδας
1545 1197 1619 1225 εἶπεν
1639 1199 1656 1234 ἡ
1673 1198 1777 1234 νύμφη,
1803 1199 1838 1225 τὰ

1041 1243 1069 1270 δὲ
1084 1243 1132 1269 νῦν
1150 1243 1218 1278 πρὸς
1244 1243 1288 1270 τὸν
1315 1244 1439 1279 νυμφίον·
1462 1244 1532 1270 ὥστε
1556 1244 1593 1280 τῷ
1611 1245 1725 1280 παρόντι
1747 1245 1836 1280 καιρῷ

1041 1289 1229 1324 ἁρμόττουσαν
1245 1289 1387 1316 ἀναλαϐεῖν
1404 1290 1549 1325 ὁμοιότητα
1564 1290 1631 1325 πρὸς
1649 1290 1699 1325 μὲν
1716 1290 1762 1317 τὸν
1775 1291 1836 1326 δόρ-

1041 1344 1124 1367 κωνα,
1146 1335 1190 1362 διὰ
1203 1335 1233 1362 τὸ
1249 1335 1412 1371 διορατικόν·
1431 1336 1499 1371 πρὸς
1510 1336 1538 1362 δὲ
1554 1336 1649 1372 νεϐρὸν
1667 1336 1786 1371 ἐλάφων,
1802 1336 1835 1362 δι’

1041 1382 1201 1417 ἁφανισμῶν
1213 1381 1260 1407 τοῦ
1272 1381 1327 1408 τῶν
1341 1381 1428 1416 ὄφεων
1443 1382 1548 1416 γένους·
1563 1382 1649 1409 ταῦτα
1662 1382 1690 1408 δὲ
1706 1382 1791 1408 ποιῶν
1807 1383 1836 1408 ἐν

1040 1427 1096 1457 τοῖς
1121 1426 1195 1461 ὄρεσι
1213 1426 1266 1452 τῶν
1291 1426 1477 1461 κοιλωμάτων,
1496 1427 1691 1461 ἀπέστρεψαν
1707 1427 1834 1461 λέγουσα,

1040 1472 1073 1498 ὲκ
1087 1472 1133 1498 τοῦ
1149 1473 1177 1498 ὲν
1192 1473 1282 1508 μορφῇ
1301 1472 1433 1508 ὑπάρχειν
1457 1472 1535 1499 Θεοῦ·
1552 1473 1599 1499 καὶ
1613 1473 1733 1500 ἀνάλαδε
1749 1473 1835 1500 ταῦτα

1040 1517 1084 1544 διὰ
1100 1517 1148 1553 τὴν
1167 1518 1277 1553 ἀγάπην
1304 1518 1352 1554 τὴν
1375 1518 1444 1554 πρὸς
1460 1519 1510 1554 ἐμὲ
1526 1521 1582 1550 τοῖς
1603 1519 1757 1555 ἀνθρώποις
1775 1521 1835 1545 ἐπι-

1039 1563 1143 1598 δημῶν·
1161 1560 1197 1590 ὧν
1212 1565 1236 1589 οἱ
1256 1563 1365 1595 πλείους
1381 1563 1424 1590 διὰ
1440 1565 1489 1599 τὴν
1517 1564 1615 1591 κακίαν
1630 1566 1658 1590 ὲν
1681 1564 1834 1599 κοιλώμασι

1040 1608 1234 1645 διατρίϐουσιν·
1263 1609 1314 1646 ὅρη
1337 1609 1365 1636 δὲ
1395 1610 1582 1645 κοιλωμάτων,
1613 1611 1637 1636 οἱ
1666 1610 1721 1637 τῶν
1742 1611 1835 1638 κακῶν

1041 1655 1253 1690 ὑπερανέχονται
1264 1655 1371 1682 δίκαιοι·
1381 1656 1558 1691 ἀποστρέψας
1568 1656 1596 1682 δὲ
1607 1658 1621 1683 ὁ
1634 1657 1713 1690 λόγος
1728 1657 1835 1692 ὁμοιοῦ-

202 1700 351 1733 assimilat,
369 1700 534 1735 hinnuloque
548 1707 692 1728 cervorum
715 1701 849 1735 practicos
866 1709 916 1728 nec
934 1709 986 1728 non

1051 1709 1095 1732 rat,
1113 1702 1141 1727 ὲν
1160 1701 1207 1736 μὲν
1224 1703 1279 1733 τοῖς
1295 1702 1483 1737 ἀνακειμένοις
1492 1704 1524 1738 τῇ
1540 1702 1649 1738 θεωρίᾳ,
1660 1703 1786 1738 δόρκωνι·
1805 1704 1834 1730 ὲν

202 1745 378 1773 adversarum
393 1745 574 1779 potentiarum
596 1753 749 1774 eversores.
779 1746 845 1774 Illud
868 1753 986 1781 quoque,

201 1790 244 1817 vel
270 1790 401 1822 liinnulo,
433 1790 503 1818 male
528 1791 711 1818 discernentis
733 1796 786 1818 est.
815 1790 986 1819 Tlieodotion

201 1837 300 1871 quippe
317 1837 400 1869 dicit,
425 1845 504 1872 super
531 1843 631 1865 montes
656 1838 787 1872 odorum,
813 1837 988 1866 nihilominus

200 1888 308 1910 sanctos
323 1883 492 1918 signiﬁcans.

501 1940 614 1969 CAPUT
640 1941 683 1969 111.

200 1987 398 2016 Vnum-4.1::
419 1987 513 2015 lectulo
538 1995 595 2014 meo
618 1995 665 2020 per
676 1992 762 2013 noctes
780 1988 889 2022 quwsiui
911 1996 987 2022 quem

235 2023 323 2059 diligit
339 2024 429 2050 anima
445 2030 524 2054 mea;
550 2022 658 2059 quwsiui
679 2022 753 2059 illurn
764 2028 798 2059 Aet
819 2031 870 2049 non
881 2022 985 2056 iuueni;

234 2056 322 2086 vocavi
341 2058 416 2084 illum
425 2061 510 2084 etnon
524 2057 655 2088 respondit
672 2058 748 2083 mihi.
759 2056 873 2090 Surgam
890 2063 914 2085 et
936 2059 987 2085 cir.

234 2094 309 2120 cuibo
327 2093 457 2119 ciuitatem
468 2100 477 2125 ;
489 2100 535 2126 per
548 2093 652 2128 eiceret
668 2092 768 2126 plateas
781 2099 896 2126 quaeram
910 2102 985 2128 quem

233 2129 320 2163 diligit
332 2128 421 2155 anima
432 2135 508 2159 mea;
519 2127 626 2162 quwsivi
638 2128 749 2163 illum_et
762 2134 813 2153 non
829 2127 932 2160 inueni;
947 2139 986 2156 vo-

234 2161 291 2190 cari
302 2164 377 2190 illum
388 2167 410 2188 et
422 2170 472 2188 non
479 2163 610 2199 respondit
622 2162 696 2189 mihi.
705 2161 864 2199 _l_nuenerunt
873 2172 912 2189 me
921 2164 985 2199 vigi-

234 2200 272 2225 let
292 2199 337 2233 qui
356 2198 506 2224 custodiunt
529 2198 671 2234 ciuitatem.
699 2196 772 2223 Num
802 2206 876 2232 quem
900 2196 985 2234 diligit

235 2232 325 2260 anima
340 2241 397 2259 mea
412 2234 511 2260 vidistis
524 2234 537 2260 ?
547 2232 690 2260 Paululum
712 2240 771 2258 cum
789 2232 985 2267 pertransissem

235 2268 383 2301 eos,inueni
391 2275 465 2302 quem
474 2268 558 2303 diligit
571 2270 658 2295 anima
674 2268 752 2303 ηεαδ
763 2268 834 2293 tenui
851 2276 919 2301 eum,
941 2278 985 2296 nec

235 2304 365 2331 dimittam
386 2304 467 2329 donec
490 2302 655 2331 introducam
671 2302 751 2330 illun‘t
764 2302 792 2328 in
809 2303 914 2330 domum
930 2313 986 2332 ma‘

235 2339 282 2367 tris
298 2346 372 2371 mere,
388 2343 411 2364 et
427 2338 454 2363 in
477 2338 626 2365 cubiculum
642 2338 774 2374 genitricis
786 2346 859 2365 mete.

234 2495 370 2523 Mentione
385 2496 419 2523 de
445 2494 612 2529 nuptialibus
627 2495 766 2530 mysteriis
787 2495 887 2526 habita.
912 2503 983 2523 nunc

198 2550 326 2578 sponsum
338 2543 423 2577 ipsum
434 2550 482 2578 per
490 2547 595 2570 noctem
605 2542 632 2568 in
643 2541 737 2569 lectulo
749 2548 841 2575 vocat;
853 2542 984 2570 nefando-

197 2597 258 2617 rum
265 2590 320 2616 vult
326 2589 485 2624 participem
493 2588 609 2622 ellicere,
616 2588 858 2624 perfectioremque
866 2589 981 2623 quietem

198 2636 349 2671 impertire.
371 2634 428 2663 Hoc
442 2636 515 2663 enim
534 2635 650 2663 lectulus
664 2636 816 2670 signiﬁcat;
832 2643 877 2669 per
895 2641 982 2662 noctes

199 2689 300 2717 autem,
316 2683 420 2712 scilicet
437 2684 464 2711 in
486 2683 586 2718 quietis
605 2688 737 2718 tempore,
763 2683 857 2718 procul
875 2683 908 2710 ab
923 2683 984 2710 illo-

198 2737 258 2756 rum
276 2729 357 2761 l'acie,
374 2729 420 2764 qui
437 2729 499 2756 talia
518 2728 694 2764 contemplari
720 2734 866 2764 nequeunt.
880 2729 980 2756 Verum

199 2782 311 2802 necesse
341 2780 384 2803 est
408 2782 500 2802 amore
524 2775 645 2802 sauciam
666 2783 725 2803 esse
749 2775 867 2802 animum
894 2775 921 2802 in
942 2774 981 2801 le-

197 2821 270 2848 ctulo
286 2821 433 2856 quaerentis
458 2821 540 2849 divini
558 2821 635 2849 verbi
660 2821 881 2857 profundissima,
900 2825 980 2856 atque

197 2871 356 2901 exspectare
373 2867 532 2896 desiderata:
548 2868 744 2903 apparitionem
771 2867 979 2901 desiderantem,

1040 1748 1096 1778 τοῖς
1111 1747 1346 1782 πρακτικωτέροις
1362 1748 1390 1775 δὲ
1409 1748 1455 1774 καὶ
1471 1749 1673 1784 καθαιρετικοῖς
1686 1748 1742 1775 τῶν
1757 1749 1833 1775 ἀντι-

1040 1793 1172 1827 κειμένων
1188 1792 1340 1828 δυνάμεων,
1362 1793 1468 1828 ἐλάφων
1485 1794 1582 1830 νεϐρῷ·
1599 1794 1629 1820 τὸ
1641 1794 1680 1826 δὲ,
1698 1794 1715 1829 ἢ
1733 1795 1833 1830 νεϐρῷ,

1040 1837 1292 1874 παραδιαζευτικόν·
1308 1839 1322 1865 ὁ
1342 1839 1371 1865 δὲ
1391 1839 1537 1866 Θεοδοτίων
1554 1838 1640 1872 εἶπεν,
1656 1839 1707 1866 ἐπί
1730 1840 1767 1867 τὰ
1779 1840 1832 1874 ὅρη

1039 1884 1236 1919 θυμιαμάτων·
1249 1885 1325 1912 οὐδὲν
1337 1884 1417 1921 ἦττον
1429 1883 1492 1917 τοὺς
1505 1886 1598 1919 ἁγίους
1614 1885 1713 1921 δηλῶν.

1312 1941 1510 1968 ΚΕΦΑΛΑΙΟΝ
1522 1941 1558 1969 I".

1043 1987 1106 2014 Ἐπὶ
1119 1988 1176 2021 τὴν
1189 1988 1293 2021 κοίτην
1305 1996 1364 2024 μου
1379 1987 1414 2014 ἐν
1426 1987 1525 2024 νυξὶν
1551 1987 1681 2023 ἑζῆτησα
1697 1988 1735 2016 ὃν
1757 1989 1831 2024 ἠγά-

1073 2029 1173 2056 πησεν
1188 2024 1207 2057 ἡ
1235 2022 1403 2084 ψυχήίᾶου·
1419 2022 1551 2057 ἐζήτησα
1573 2022 1676 2056 αὐτὸν,
1700 2025 1750 2051 καὶ
1772 2022 1830 2059 cf);

1073 2056 1162 2084 εὖρον
1172 2059 1273 2084 αὐτόν·
1284 2058 1318 2083 ἐκ
1360 2066 1417 2084 εσα
1427 2058 1521 2084 αὑτὸν
1535 2059 1583 2084 καὶ
1596 2060 1652 2084 om
1671 2059 1830 2084 ὑπήκουσέ

1072 2056 1162 2092 εὖρον
1172 2056 1273 2085 αὐτόν·
1283 2056 1417 2084 ἐκάλεσα
1427 2058 1521 2085 αὑτὸν
1535 2059 1583 2085 καὶ
1596 2060 1652 2093 οὐχ
1671 2056 1831 2091 ὑπήκουσέ

1070 2101 1139 2128 μου·
1151 2093 1361 2127 ἀναστήσομαι
1368 2092 1406 2126 δὴ
1416 2094 1464 2119 καὶ
1479 2093 1625 2120 κυκλώσω
1633 2092 1671 2120 ἓν
1681 2094 1718 2128 τῇ
1731 2095 1828 2126 πόλει,

1072 2129 1106 2154 ἐν
1122 2128 1185 2160 ταῖς
1199 2128 1331 2163 ἀγοραῖς,
1346 2128 1394 2154 καὶ
1410 2128 1444 2154 ἐν
1461 2129 1525 2162 ταῖς
1535 2130 1699 2162 πλατεΙαίς·
1716 2130 1765 2156 καὶ
1782 2129 1829 2162 ζη-

1071 2163 1153 2196 τήσω
1173 2163 1208 2189 ὃν
1220 2163 1378 2199 ἠγάπησεν
1394 2163 1414 2196 ’ἠ
1440 2163 1526 2197 ψυχή
1539 2173 1608 2198 μου·
1629 2164 1760 2199 ἐζήτησα
1779 2167 1830 2191 αὑ.

1072 2198 1136 2230 τὸν,
1152 2199 1199 2224 καὶ
1218 2200 1274 2232 οὐχ
1294 2198 1384 2232 εὗρον
1398 2199 1500 2225 αὐτόν’
1514 2199 1647 2225 ἐκάλεσα
1659 2200 1764 2232 αὑτὸν,
1780 2200 1829 2227 καὶ

1073 2235 1128 2268 οὺχ
1151 2233 1307 2269 ὑπήκουσέ
1327 2243 1396 2269 μου·
1413 2234 1544 2267 εὒροσάν
1561 2243 1599 2269 με
1614 2236 1641 2261 ol
1654 2235 1828 2269 τηροῦντες,

1072 2270 1097 2294 οὶ
1108 2267 1292 2305 κυκλοῦντες
1305 2267 1339 2296 ἐν
1358 2268 1394 2303 τῇ
1414 2269 1510 2305 πόλει·
1523 2267 1567 2305 μζῙῇ
1585 2269 1620 2296 ὂν
1633 2267 1794 2305 ἠγάπησεν
1806 2267 1829 2304 ἦ

1072 2303 1157 2339 ψυχή
1175 2312 1234 2338 μου
1253 2303 1347 2339 togas;
1365 2305 1405 2337 ὡς
1421 2304 1530 2338 μικρὸν
1542 2304 1591 2330 ὅτε
1605 2303 1762 2339 παρῆλθον
1778 2303 1829 2332 ἀπῇ

1072 2337 1182 2375 αὑτῷν,
1195 2339 1249 2371 ἕως
1260 2337 1295 2366 οὗ
1303 2338 1394 2373 εὗρον
1408 2337 1444 2365 δν
1457 2337 1615 2375 ἠγάπησεν
1628 2337 1651 2374 ἦ
1659 2337 1745 2374 ψυχή
1757 2349 1827 2375 μους

1070 2373 1221 2407 ἐκράτησα
1235 2375 1337 2407 αὑτὸν,
1350 2375 1399 2401 καὶ
1420 2375 1474 2409 vim
1488 2373 1589 2409 ἀφῆκα
1603 2373 1780 2409 αὑτόν-Ἕως
1792 2373 1828 2403 (ιῦ

1072 2409 1233 2444 εἰσήγαγον
1247 2410 1340 2436 αὑτὸν
1351 2411 1394 2442 είς
1413 2407 1495 2435 οἷκον
1508 2407 1622 2444 μητρός
1634 2419 1694 2444 μου
1708 2411 1756 2437 καὶ
1767 2407 1773 2409 ⁷
1786 2412 1831 2444 εἰς

1072 2443 1105 2470 τι)
1120 2444 1249 2479 ταμιεῖον
1265 2444 1319 2478 τῆς
1336 2443 1551 2478 συλλαϐούσης
1565 2453 1613 2479 με.

1072 2501 1139 2536 Περὶ
1152 2501 1204 2528 τῶν
1231 2502 1283 2536 πρὸ
1301 2501 1348 2528 τοῦ
1364 2501 1454 2537 γάμου
1477 2501 1633 2537 μυστηρίων
1653 2501 1747 2534 εἰπὼν,
1781 2502 1830 2528 νῦν

1036 2547 1117 2574 αὐτὸν
1130 2546 1175 2573 διὰ
1189 2546 1285 2578 νυκτὸς
1305 2545 1353 2572 ἐπὶ
1377 2545 1434 2580 τὴν
1449 2546 1553 2580 κοίτην
1567 2545 1653 2572 καλεῖ-
1671 2546 1829 2582 ἀπορῤητο-

1036 2594 1120 2629 τέρων
1148 2593 1246 2619 ἐθέλων
1275 2594 1423 2624 κοινωνεῖν,
1449 2593 1496 2619 καὶ
1517 2592 1566 2628 τῆς
1592 2591 1761 2628 τελειοτέρας
1777 2602 1828 2628 με-

1036 2640 1143 2673 τασχεῖν
1170 2637 1357 2669 ἀναπαύσεως·
1376 2637 1454 2664 τοῦτο
1470 2637 1525 2674 γὰρ
1545 2639 1562 2673 ὴ
1590 2637 1676 2673 κοίτη·
1701 2638 1732 2664 τὸ
1745 2639 1773 2664 δὲ
1792 2639 1829 2664 ἑν

1035 2685 1132 2715 νυκτὶ,
1154 2685 1182 2710 ὲν
1194 2683 1307 2719 ἡσυχίας
1329 2684 1426 2719 καιρῷ,
1442 2684 1487 2710 καὶ
1503 2684 1596 2720 πόρρω
1610 2685 1657 2719 τῆς
1671 2684 1758 2718 ὂψεως
1771 2684 1829 2711 τῶν

1038 2730 1075 2765 μὴ
1088 2730 1121 2756 τὰ
1132 2730 1242 2757 τοιαῦτα
1259 2730 1373 2765 θεωρεῖν
1389 2730 1556 2765 δυναμένων·
1572 2730 1651 2756 δεῖδὲ
1667 2731 1762 2766 ἀγάπῃ
1775 2730 1827 2766 τὴν

1035 2777 1125 2817 ψυχὴν
1138 2777 1342 2814 προτετρῶσοαι
1357 2777 1403 2804 τοῦ
1428 2778 1473 2803 ἐπὶ
1495 2777 1544 2812 τὴν
1567 2777 1658 2813 κοίτην
1680 2776 1828 2811 ζητοῦντος

1033 2822 1068 2849 τὰ
1081 2822 1128 2849 τοῦ
1145 2822 1216 2849 θείου
1233 2822 1312 2857 λόγου
1328 2822 1473 2858 βαθύτερα·
1492 2822 1650 2858 περιμένειν
1666 2822 1693 2848 δὲ
1709 2821 1758 2857 τὴν
1775 2822 1827 2857 τῆς

1034 2868 1168 2904 ποθούσης
1195 2868 1342 2896 ἀνάστασιν
1364 2870 1378 2896 ὁ
1400 2867 1573 2904 ποθούμενος-
1592 2868 1629 2900 ὡς
1645 2867 1827 2899 Ξινὲπιτεί.-;ις
