1919 3074
72 101 126 129 369

640 103 786 133 SCl‘lOLIA
807 104 839 131 IN
859 103 1009 133 CANTICA
1027 105 1163 134 CANTIC.

1672 111 1724 137 270

77 162 124 189 τὸν
146 161 243 198 ἔρωτα
261 164 337 191 κατὰ
352 165 447 200 καιρὸν
458 165 552 192 ἑαυτὸν
564 166 721 201 ὲμφανίσειε
736 168 768 201 τῇ
784 165 886 201 καμού-

941 171 966 194 ιιι
981 172 1094 195 extenso
1113 175 1205 195 amore
1223 174 1251 194 se
1265 175 1418 202 opportune
1433 170 1587 198 manifestat
1610 171 1723 198 multum

83 218 117 246 σῃ
126 210 244 238 πλεῖστα
262 212 341 248 παρὰ
355 212 403 248 τὴν
413 212 525 248 ζήτησιν
535 212 583 248 τὴν
597 213 689 239 αὑτοῦ·
705 213 820 240 εἰποῦσα
830 212 883 248 γὰρ

83 257 180 284 Eueni
196 257 256 291 τὴν
271 259 378 292 κοίτην
386 268 445 294 μου
465 259 500 285 ἐν
516 259 607 291 νυξὶν
619 258 750 293 ἐζήτησα
765 259 801 286 ὃν
813 259 884 294 ἠγά-

82 312 187 338 πησεν
207 305 227 339 ἠ
250 306 339 340 ψυχή
350 315 421 340 μου,
447 307 493 333 καὶ
504 307 545 333 ὅτι
570 306 700 340 ἐζήτησα
721 307 814 333 αὑτὸν
834 306 882 333 καί

81 351 142 385 οὐχ
155 349 257 385 εὖρον,
273 352 382 386 ἐπάγει·
397 352 605 387 ἀναστήσομαι
617 353 654 386 δὴ
667 353 715 380 καί
727 353 881 380 κυκλώσω·

80 397 184 424 οὐκοῦν
200 398 358 433 ὑτπιασμδν
384 398 430 424 καὶ
452 398 500 434 τὴν
528 399 682 435 κατάμυσιν
710 399 883 434 ἀποθέμεναι,

79 443 275 479 διαναστῶμεν
303 443 458 478 πειθόμενοι
483 443 521 478 τῷ
541 443 657 478 λέγοντι,
676 443 852 478 Ἐγ-ειραιδὴ
868 444 884 469 ὀ

80 488 252 516 καθεύδων
267 489 327 521 ὅλος
341 489 368 515 δὲ
380 490 394 516 ὁ
411 489 522 525 κόσμος,
537 490 553 525 ἡ
569 489 644 521 πόλις
656 489 686 516 ὃν
701 488 884 525 ἐκπεριελθὼν

80 535 124 561 δεῖ
137 537 175 571 τῇ
200 535 266 571 περὶ
291 535 374 562 αὑτοῦ
392 535 493 572 θεωρίᾳ
505 536 648 571 γινόμενον
665 536 693 562 ὲν
707 537 767 567 ταῖς
789 536 885 569 σοφαῖς

79 580 285 612 διδασκαλίαις·
301 577 446 616 αὗταιγὰρ
459 582 488 607 αί
505 581 614 616 ἀγοραί
630 581 690 608 ὅθεν
704 590 730 608 τι
751 581 885 616 χρήσιμόν

80 627 145 654 ἔστι
160 627 266 658 λαϐεῖν,
280 627 348 654 ἀλλὰ
361 628 407 654 καὶ
423 628 451 653 ὲν
465 629 526 659 ταῖς
538 627 688 660 πλατείαις·
702 627 782 662 σοφία
795 627 849 664 γὰρ
857 629 884 654 ὲν

78 674 191 707 ἐξόδοις
219 674 354 709 ὑμνεῖται,
372 675 401 701 ὲν
418 674 446 701 δὲ
471 674 612 707 πλατείαις
633 675 789 710 παρρησίαν
811 674 883 709 ἄγει*

78 721 293 756 κεκελεύσμεθα
316 721 344 747 δὲ
361 721 408 748 καὶ
427 722 508 757 ἡμεῖς
521 721 568 747 ἐπὶ
591 721 621 747 τὸ
636 721 736 753 πλάτος
754 721 802 756 τῆς
818 729 885 756 καρ-

77 768 144 799 δίας
155 767 238 804 ἡμῶν
249 768 362 803 γράψαι·
380 767 492 803 μείζονα
504 767 532 794 δὲ
540 766 660 802 ζητοῦσα
675 767 692 802 ἢ
706 768 767 793 κατ’
782 761 885 801 ἀγοράς

78 814 131 840 καὶ
144 813 280 845 πλατείας
297 813 334 849 μὴ
347 813 494 849 εὑρηκέναι
511 812 586 848 φησί·
603 812 672 848 πλὴν
682 812 822 838 ossuum
836 811 884 848 τὴν

78 859 208 895 εὕρεσιν,
226 859 408 895 εὖρισκομένη
423 859 476 886 ὑπὸ
491 858 546 886 τῶν
562 858 717 894 τηρούντων
744 859 793 894 τὴν
808 858 885 885 πόλιν
900 855 921 883 Β

80 905 132 931 καὶ
143 905 322 932 κυκλούντων
334 906 428 941 αὑτήν·
444 903 499 932 εἷεν
517 905 551 932 ἂν
564 905 598 932 τὰ
616 904 790 941 λειτουργικὰ
805 904 886 931 πνεύ-

81 960 172 987 ματα·
182 949 256 978 οὗτοί
269 953 338 978 εἰσιν
354 951 401 984 οὒς
416 951 588 984 ἐξαπέστειλε
602 946 703 986 Κύριος
715 950 885 986 περιοδεῦσαι

80 997 135 1032 τὴν
147 998 215 1032 γῆν·
231 994 268 1024 ὧν
278 998 310 1033 δὴ
328 997 392 1033 περὶ
409 998 456 1024 τοῦ
470 997 637 1032 ποθουμένου
649 997 821 1024 πυνθάνεται·
835 997 885 1024 οὐκ

80 1044 300 1080 ἀναγέγραπται
326 1044 354 1071 δὲ
378 1044 480 1071 τούτων
494 1044 648 1080 ἀπόκρισις·
665 1043 845 1079 διδασκόμεθα
857 1044 885 1070 δὲ

81 1091 108 1118 εἰ
125 1091 274 1127 μέλλοιμεν
287 1091 378 1127 εὑρεῖν
392 1091 438 1118 τὸν
455 1090 630 1126 ποθούμενον,
646 1090 735 1124 ὀλίγον
750 1098 776 1116 τι
788 1090 886 1125 παρελ-

83 1137 154 1169 Θεῖν,
168 1137 217 1164 καὶ
234 1137 375 1172 κρείττους
395 1136 522 1170 γενέσθαι
537 1137 591 1163 τῶν
614 1136 741 1163 τοιούτων
751 1137 883 1171 ἀγγέλωνσ

83 1183 153 1218 περὶ
167 1179 206 1209 ὦν
215 1183 303 1210 ἔοικεν
311 1184 340 1210 ἐν
349 1182 491 1218 Ἐπιστολῇ
504 1182 593 1217 λέγειν
608 1184 622 1209 ὁ
637 1182 739 1217 Πέτρος
753 1182 885 1210 διδάσκων

83 1229 136 1264 τὴν
147 1229 288 1265 ὑπεροχὴν
301 1228 356 1255 τῶν
369 1230 424 1260 τοῖς
446 1228 558 1260 τελείοις
578 1228 776 1264 ἀποκειμένων·
799 1229 842 1261 εὶς
867 1227 886 1255 ἃ

83 1277 291 1312 ἐπιθυμοῦσιν
319 1277 441 1312 ἄγγελοι
465 1277 649 1311 παρακύψαι·
687 1276 827 1311 ἀγαπητὸν
857 1275 885 1302 δὲ

85 1323 177 1359 βραχύ
192 1332 220 1350 τι
235 1323 298 1355 τοὺς
318 1322 456 1354 τοιούτους
471 1323 661 1359 παρενεγκεῖν,
685 1323 718 1348 ἶν’
737 1322 836 1358 εὑρεθῇ
855 1321 886 1348 τὸ

85 1369 269 1404 ποθούμενον,
281 1369 328 1395 καὶ
352 1367 463 1403 εὑρεθὲν
477 1366 612 1402 κρατηθῇ,
632 1367 678 1393 καὶ
691 1365 825 1401 κρατηθὲν
849 1365 886 1400 μὴ

85 1415 183 1450 νοηθῇ·
210 1415 341 1449 ἀνόνητος
364 1413 452 1449 γὰρὴ
477 1413 621 1448 κράτησις,
647 1413 670 1438 εἰ
698 1411 735 1447 μὴ
746 1411 776 1438 τὸ
792 1410 886 1446 νοηθὲν

87 1461 206 1496 συνεχὴς
235 1459 334 1496 μελέτη
363 1459 520 1494 κρατήσειε·
538 1458 578 1485 διό
592 1466 684 1493 φησιν·
704 1457 760 1484 οὐκ
785 1456 887 1491 ἀφῆκα

87 1506 193 1538 αὐτὸν,
215 1506 271 1539 ἕως
287 1505 322 1532 οὗ
333 1506 495 1540 εἰσήγαγον
514 1503 609 1531 αὑτὸν
625 1503 669 1535 εις
679 1500 764 1529 οἷκον
774 1502 886 1535 μητρός

84 1562 156 1588 μουσ
175 1552 220 1579 ἵνα
230 1552 278 1578 καὶ
294 1551 364 1586 μετὰ
375 1551 424 1587 τὴν
440 1549 564 1577 ἐντεῦθεν
577 1548 798 1581 {inamabilem
812 1547 886 1584 αὐτῷ

88 1599 128 1630 εἰς
139 1598 188 1625 τδν
201 1595 276 1624 οἷκον
291 1597 342 1632 τῆς
354 1597 410 1624 ἄνω
437 1595 624 1631 Ἰερουσαλὴμ,
649 1594 713 1621 ἔνθα
737 1594 834 1629 εἰσάγῃ
851 1593 886 1620 τά

89 1644 232 1679 κοινότερα
246 1643 301 1670 τῶν
314 1643 361 1669 τοῦ
373 1643 450 1676 λόγου
465 1642 552 1677 θεωρη
558 1641 660 1677 μάτων
681 1641 715 1667 τὰ
725 1641 752 1667 δὲ
764 1641 886 1676 ἀπορρη-

89 1690 189 1726 τότερα
201 1690 242 1721 εἰς
253 1688 286 1715 τά
298 1689 409 1724 ταμιεῖα
426 1688 476 1723 τῆς
499 1686 685 1721 ωλλαὸοὑσης
697 1687 746 1722 τὴν
765 1685 883 1721 νύμφηψ

89 1738 105 1771 ὴ
120 1737 191 1772 αὑτὴ
207 1736 236 1762 δὲ
250 1736 342 1771 μήτηρ
358 1735 405 1761 καὶ
420 1733 588 1760 συλλαϐοῦσα
604 1732 742 1768 δηλοῦται,
756 1731 801 1758 διὰ
812 1731 845 1758 τὸ
857 1732 885 1757 ὲν

89 1784 122 1818 τῇ
135 1782 268 1818 συλλήψει
283 1781 332 1817 τὴν
347 1781 434 1817 ἀρχὴν
454 1780 502 1815 τῆς
523 1779 678 1811 συστάσεως
698 1777 775 1805 εἶναι·
795 1778 885 1814 μήτηρ

90 1829 118 1855 δὲ.
140 1829 276 1864 λεγομένη
293 1827 363 1863 μετὰ
389 1826 438 1862 τὴν
462 1826 612 1862 μόρφωσιν,
629 1825 676 1852 καὶ
688 1824 737 1860 τὴν
753 1823 799 1850 τοῦ
821 1823 884 1850 συλ-

91 1874 241 1911 ληφθέντος
259 1873 409 1900 τελείωσιν.

94 1921 141 1954 Τις
152 1920 230 1953 αὕτη
255 1920 275 1953 ἡ
297 1918 503 1946 ἀναϐαίνουσα
524 1917 558 1943 ἐκ
571 1916 624 1950 τῆς
642 1916 753 1951 ἐρήμου
765 1916 804 1948 ὡς
819 1924 886 1942 στε-

125 1955 202 1986 λέχη
218 1954 336 1982 καπνοῦ
352 1952 549 1986 τεθυμιαιιένη
560 1960 568 1983 ;
580 1953 698 1986 σμύρνα
707 1951 756 1978 καὶ
764 1952 885 1983 λίϐανος

125 1960 202 1990 ,ζέχη
218 1963 336 1982 καπνου
352 1960 549 1991 τευυμιαιιενη
560 1960 568 1983 ;
580 1960 698 1986 σμυρνα
707 1960 756 1978 και
764 1960 885 1983 ,ιιοανος

126 1991 187 2018 ἀπὸ
198 1990 321 2017 πάντων
333 1987 656 2022 κονιορτοημμυρεψοῶ

125 2037 205 2073 Καλὴ
225 2036 284 2063 λίαν
296 2037 313 2071 ἡ
331 2035 512 2062 ἀναϐαίνουσα
522 2034 571 2070 βίῳ
586 2033 634 2060 καὶ
650 2033 722 2068 λόγῳ
734 2032 817 2067 ψυχὴ,
836 2041 886 2066 φυ-

93 2083 177 2118 γοῦσα
197 2082 232 2109 τὰ
249 2081 325 2118 παρὰ
341 2082 398 2112 τοῖς
414 2080 520 2112 πολλοῖς
548 2079 742 2115 ἁμαρτήματα,
767 2078 837 2113 άπερ
856 2077 886 2109 ἐξ

94 2129 197 2164 ἐρήμου
214 2127 323 2162 λέγεται
351 2125 517 2153 ἀναὸαίνειν·
532 2125 563 2151 τὸ
578 2124 606 2151 δὲ
629 2125 675 2150 τὸν
697 2123 799 2150 δίκαιον
816 2121 886 2149 εἶναι

94 2172 224 2208 Χριστοῦ
237 2171 367 2199 εὐωδίαν
380 2170 415 2196 ἐν
423 2169 513 2196 παντὶ
528 2169 608 2199 τόπῳ
622 2167 682 2200 τοῖς
698 2166 884 2202 σωζομένοις,

95 2217 292 2253 τεθυμιαμένη
325 2217 427 2242 νοεῖται
459 2213 677 2248 παραπλησίως
707 2212 883 2247 στελέχεσι,

96 2264 212 2291 καπνὸν
223 2263 302 2297 ἡδὺν
318 2263 559 2296 ἀναπέμπουσιν,
580 2259 756 2295 εὐφραίνοντα
773 2259 823 2291 τὰς
836 2259 890 2286 τῶν

98 2307 302 2344 μακαριζόντων
320 2306 467 2337 ἀναπνοὰς.

367 2350 566 2382 ΚΕΦΑΛᾼΙΟΝ
576 2352 611 2376 Δ’.

102 2400 231 2433 toea-req
240 2407 300 2426 σου
311 2399 352 2431 ὡς
362 2397 469 2433 ἀγέλαι
479 2396 539 2423 τῶν
548 2396 739 2433 κσκαρμεξνῳν
748 2395 890 2433 αῖνάνέϐη-

129 2444 189 2462 σαν
200 2430 260 2462 ἀὲιὸ
276 2434 331 2460 τοῦ
340 2430 486 2466 λουτροῦ·
502 2433 531 2458 αἱ
548 2430 643 2458 πᾶσαι
663 2431 888 2465 διδυμεύουσαι,

130 2471 178 2498 καὶ
186 2469 360 2498 ἁτεκνοῦσα
370 2469 426 2495 οὐκ
443 2467 529 2494 ἐστιν
540 2467 574 2493 ἐν
583 2466 697 2499 αὑταῖς.

129 2517 327 2554 Διδυμεύουσαι
340 2514 369 2541 δὲ
386 2513 483 2546 ἄλλως,
504 2513 547 2540 διὰ
560 2512 590 2539 τὸ
610 2512 698 2539 διττὸν
710 2511 758 2548 τῆς
774 2512 890 2547 νοήσεως

99 2566 142 2601 τῆς
154 2564 271 2600 τερητῆς
287 2562 329 2597 (6)
343 2562 391 2588 καὶ
407 2559 604 2595 πνευματικῆς.

104 2612 146 2645 Ὡς
157 2610 307 2645 σπαρτιον
316 2608 352 2635 τὸ
367 2608 509 2650 κόκκινον
519 2606 605 2646 χείλη
620 2613 689 2638 σου,
704 2605 754 2634 καί
766 2606 785 2640 ἡ
797 2605 889 2632 λαλιά

404 2651 462 2669 σου
474 2649 575 2676 ωραια.

131 2692 229 2728 Ἧγουν
243 2692 318 2719 ἔστω
331 2690 463 2725 διάπυρος
477 2690 494 2724 ἡ
508 2689 553 2715 τοῦ
570 2687 649 2722 λόγου
664 2687 826 2723 παρασκευὴ
849 2686 887 2719 ὡς

100 2740 221 2776 κερδῆσαι
235 2739 283 2766 τὸν
307 2736 446 2773 ἀκροατὴν
463 2734 610 2770 δυναμένη,
638 2733 654 2768 ἢ
673 2733 761 2760 καὶτὸ
778 2733 888 2768 ἔναιμον

130 2797 148 2813 ³¹
160 2797 259 2833 Ephes.
276 2805 305 2828 ν,
317 2796 363 2823 ll.
401 2795 423 2811 ³¹
437 2794 447 2822 ι
460 2794 532 2822 Petr.
546 2802 565 2826 ι,
582 2792 626 2820 12.
663 2793 685 2808 ³³
702 2792 722 2821 ll
737 2792 799 2822 Cor.
813 2801 844 2828 ιι,
860 2792 904 2821 l5.

131 2846 164 2881 (6)
182 2843 326 2880 Tsmrﬁq.
342 2843 424 2872 Forte
437 2841 569 2878 τηρητῆς.
583 2841 660 2868 Eutr.

938 213 964 239 in
993 220 1025 239 eo
1050 213 1195 247 qumrendo
1221 213 1364 242 laboranti.
1393 214 1459 241 Cum
1487 215 1559 242 enim
1591 217 1670 248 dixit,
1697 218 1724 244 iu

937 259 1031 286 lectulo
1052 268 1107 285 meo
1132 269 1178 294 per
1195 266 1280 287 noctes
1296 262 1404 295 quwsivi
1429 270 1504 296 quem
1531 263 1616 298 diligit
1632 264 1724 290 anima

936 312 1012 336 mea;
1025 305 1133 339 quwsiui
1147 305 1221 332 illum
1242 311 1266 332 et
1290 314 1340 333 mm
1361 309 1455 339 inveni,
1475 307 1580 342 subjici!
1597 317 1724 344 :surgam

937 355 961 376 et
976 351 1102 378 circuibo.
1122 350 1337 379 Recliualionem
1355 353 1437 386 igitur
1446 359 1473 380 et
1488 359 1614 388 gravatos
1630 355 1724 382 oculos

936 398 1096 432 objicientes
1119 406 1325 433 consurgamus,
1354 400 1491 435 simusque
1521 402 1662 429 audientes
1683 401 1724 429 di-

937 445 1008 471 centi
1027 455 1034 472 :
1051 444 1136 480 Surge
1150 446 1194 480 qui
1208 445 1308 472 dormis
1324 445 1357 472 ".
1374 445 1523 474 Universos
1541 453 1630 474 autem
1644 455 1723 475 mun-

937 490 987 517 dus
1001 489 1098 516 civitas
1115 494 1156 516 est
1177 497 1259 524 quam
1289 491 1369 518 nobis
1402 491 1625 519 eircunteundum
1652 492 1725 520 illius

936 535 1167 570 contemplatione
1181 536 1207 563 in
1230 536 1399 570 sapientibus
1416 537 1558 570 doctrinis,
1584 545 1645 573 qua:
1659 539 1725 572 ipsa:

937 587 1000 610 sunt
1015 582 1078 609 vici.
1097 582 1165 609 llinc
1175 582 1253 609 nobis
1268 582 1368 616 aliquid
1380 582 1507 610 utilitatis
1521 583 1723 618 percipiendum

936 633 1051 660 est,nec
1074 636 1126 655 non
1145 632 1171 654 et
1195 629 1220 654 in
1236 627 1342 662 plateis.
1361 626 1499 663 Sapientia
1522 629 1594 655 enim
1621 630 1648 656 in
1674 630 1726 656 viis

937 674 1103 706 celebratur,
1126 674 1153 701 in
1168 674 1264 709 plateis
1283 682 1348 701 vero
1373 674 1484 702 liberius
1499 675 1563 708 agit.
1582 674 1654 702 Iussi
1676 683 1724 702 su-

937 729 998 748 mus
1006 727 1032 748 et
1044 721 1093 755 ipsi
1106 728 1188 755 super
1205 721 1295 748 cordis
1307 721 1392 748 nostri
1407 720 1579 747 latitudinem
1593 721 1724 749 scribere.

936 766 1066 800 Maiorem
1078 774 1141 794 vero
1156 774 1282 801 quaerens
1295 774 1343 801 per
1353 767 1427 794 vicos
1438 771 1465 794 et
1473 766 1578 801 plateas
1590 775 1642 794 non
1655 767 1726 794 inve-

936 814 1010 841 nisse
1017 813 1083 841 dicit
1094 821 1101 845 ;
1111 813 1197 848 pergil
1208 817 1298 840 tamen
1311 813 1343 839 a-l
1353 813 1538 847 quaerendum,
1552 817 1579 840 et
1589 813 1726 840 invenitur

937 861 970 888 ab
989 860 1042 887 illis
1056 860 1102 894 qui
1122 860 1278 887 custodiunt
1293 860 1386 886 urbem
1407 863 1434 886 et
1448 859 1620 886 circumeunt
1638 859 1723 886 illam.

936 907 968 935 lli
978 913 1039 935 sunt
1048 907 1160 942 spiritus
1171 906 1357 934 ministrantes
1365 913 1433 942 quos
1446 906 1578 940 praemisit
1594 905 1724 934 Dominus

935 953 1160 981 circumeundam
1175 959 1286 980 terram.
1306 951 1360 980 Hos
1377 953 1459 988 igitur
1475 952 1508 979 tle
1523 952 1622 980 dilecto
1639 953 1725 979 inter-

936 1001 970 1027 ad
982 1004 1066 1035 rogat.
1079 999 1137 1027 Non
1151 1003 1239 1026 autent
1247 999 1353 1026 illorum
1364 998 1481 1026 refertur
1490 1006 1660 1032 responsum.
1671 997 1725 1025 Do-

935 1053 1029 1074 cemur
1040 1050 1142 1078 autem,
1164 1044 1187 1072 si
1211 1044 1336 1079 cupimus
1364 1043 1488 1070 invenire
1506 1043 1644 1075 dilectum.
1671 1043 1724 1070 ali-

936 1092 1095 1128 quantulum
1111 1091 1249 1127 egredi,et
1265 1090 1390 1118 meliores
1404 1090 1461 1117 ﬁeri
1480 1090 1539 1118 istis
1553 1109 1562 1123 ,
1578 1090 1611 1117 de
1627 1090 1725 1124 quibus

935 1139 1042 1166 videtur
1073 1138 1100 1165 in
1117 1137 1238 1171 Epistola
1261 1137 1394 1164 disserere
1419 1135 1526 1168 Petrus,
1540 1143 1600 1163 cum
1629 1142 1724 1162 eorum

939 1192 1000 1220 quae
1015 1191 1065 1212 nos
1081 1184 1108 1211 in
1132 1183 1364 1211 consummatione
1389 1187 1499 1209 manent
1514 1181 1723 1216 praecellentiam

937 1232 1049 1263 docens,
1063 1230 1111 1262 ait,
1123 1230 1152 1256 in
1167 1237 1244 1264 quem
1259 1229 1409 1256 desiderant
1431 1227 1518 1263 angeli
1532 1228 1680 1263 prospicere
1688 1227 1722 1256 ".

937 1276 1006 1304 Istos
1020 1280 1109 1303 autem
1124 1275 1259 1302 modicum
1277 1280 1440 1309 praevertere
1453 1274 1601 1309 optandum
1624 1279 1676 1307 est,
1696 1278 1726 1301 ut

937 1322 1093 1350 inveniatur
1109 1321 1235 1353 dilectus,
1262 1325 1289 1348 et
1310 1321 1434 1348 inventus
1462 1326 1614 1355 superetur,
1639 1325 1666 1348 et
1681 1327 1726 1348 eu-

936 1372 1047 1404 peralus
1063 1375 1116 1395 non
1131 1368 1276 1401 cogitetur.
1287 1367 1390 1401 Quippe
1402 1367 1507 1394 incassa
1519 1371 1561 1394 est
1578 1367 1724 1401 possessio.

937 1416 988 1443 nisi
1010 1415 1158 1450 cogitatum
1187 1414 1297 1442 assidua
1330 1413 1486 1442 sollicitatio
1513 1418 1631 1448 superet.
1662 1413 1725 1441 Ideo

937 1463 1004 1490 dicit
1022 1471 1030 1490 :
1047 1471 1099 1489 non
1119 1463 1251 1489 dimittam
1270 1469 1339 1493 eum,
1351 1461 1433 1487 donec
1449 1461 1617 1488 introducam
1629 1469 1687 1488 eum
1699 1461 1725 1487 in

937 1510 1045 1536 domum
1062 1510 1153 1536 matris
1172 1516 1253 1540 metr,-
1278 1512 1308 1535 ut
1326 1513 1352 1535 et
1375 1513 1517 1542 postquam
1534 1507 1596 1534 hinc
1622 1507 1727 1534 disces-

939 1556 1014 1588 serit,
1034 1563 1094 1583 cum
1113 1563 1145 1582 eo
1163 1554 1330 1590 ingrediatur
1353 1554 1380 1581 in
1396 1553 1505 1580 domum
1526 1560 1650 1588 supernae
1662 1551 1728 1580 Hie-

939 1601 1091 1637 rosolymte,
1111 1601 1154 1628 ubi
1173 1599 1347 1636 profundiora
1366 1603 1503 1626 scrutetur
1524 1599 1550 1625 in
1573 1598 1647 1625 verbi
1662 1605 1726 1625 cou-

940 1648 1130 1683 templatione;
1155 1646 1315 1674 nel‘andiora
1340 1653 1406 1672 vero
1427 1645 1452 1672 in
1480 1644 1552 1671 illius
1570 1643 1725 1671 cubiculum

938 1701 998 1728 qua:
1012 1700 1138 1728 sponsam
1155 1692 1258 1727 genuit.
1275 1691 1334 1726 Ipsa
1355 1697 1418 1717 vero
1444 1695 1532 1717 mater
1547 1690 1621 1723 quasi
1636 1688 1726 1716 conci-

939 1740 1015 1774 piens
1030 1738 1194 1770 ostenditur,
1209 1742 1350 1772 propterea
1368 1736 1438 1771 quod
1455 1736 1481 1762 in
1498 1735 1674 1770 conceptione
1688 1734 1727 1761 si-

938 1789 995 1812 tum
1021 1791 1062 1811 est
1078 1782 1296 1811 coordinationis
1320 1782 1438 1809 initium.
1455 1781 1541 1808 Mater
1557 1780 1655 1808 dicitur
1664 1785 1726 1815 post

938 1831 1129 1859 formationem
1143 1833 1170 1856 et
1183 1829 1305 1864 concepti
1321 1828 1528 1863 perfectionem.

938 1922 1020 1951 Vens.
1036 1922 1062 1950 6.
1095 1922 1161 1954 Qua:
1175 1927 1213 1948 est
1228 1921 1281 1948 ista
1301 1927 1359 1955 quae
1383 1917 1501 1945 ascendit
1521 1925 1568 1955 per
1582 1917 1724 1955 deserturi,

973 1959 1041 1985 sicut
1057 1951 1166 1992 uirgulta
1177 1957 1244 1991 fumi
1259 1964 1290 1983 ex
1304 1951 1464 1992 aromatilrus
1476 1953 1589 1988 myrrhae
1602 1958 1626 1979 et
1642 1951 1725 1978 thuris

973 1998 997 2020 et
1012 1989 1126 2020 uniuersi
1139 1989 1253 2025 pulueris
1270 1989 1438 2025 pigmentarii
1450 1989 1462 2016 ἱ)

972 2038 1088 2066 Pulchra
1104 2037 1231 2065 nimirum
1253 2035 1401 2071 proﬁciens
1416 2035 1469 2061 vita
1494 2037 1521 2061 et
1543 2033 1650 2061 ratione
1663 2031 1724 2059 ani-

939 2093 994 2118 ma,
1007 2089 1090 2119 atque
1104 2091 1135 2112 ea
1157 2083 1255 2118 quibus
1268 2082 1390 2116 plerique
1401 2084 1493 2108 errant
1507 2079 1640 2111 devitans,
1654 2078 1726 2113 quod

938 2136 980 2158 est
999 2130 1146 2158 ascendere
1159 2137 1209 2164 per
1223 2129 1378 2160 desertum;
1402 2125 1505 2161 justum
1523 2133 1596 2156 esse,
1619 2125 1671 2152 hoc
1684 2129 1727 2152 est

940 2177 1020 2204 bonus
1033 2176 1097 2203 odor
1108 2173 1207 2202 Christi
1220 2174 1249 2200 in
1259 2173 1328 2200 omni
1339 2172 1395 2198 loco
1403 2172 1430 2198 in
1439 2171 1470 2198 iis
1481 2171 1525 2206 qui
1536 2170 1602 2197 salvi
1613 2170 1680 2204 ﬁunt
1691 2169 1725 2202 ³³,

938 2225 1005 2252 sicut
1019 2222 1119 2257 virgula
1135 2221 1200 2256 fumi
1214 2228 1247 2248 ex
1257 2218 1419 2246 aromatibus
1429 2218 1552 2252 myrrhw,
1566 2215 1726 2244 delectantia

938 2271 1080 2298 beatorum
1095 2268 1217 2295 sniritus.

1241 2343 1355 2372 CAPUT
1379 2343 1425 2370 IV.

939 2395 1021 2422 Vens.
1047 2393 1074 2420 2.
1101 2392 1196 2419 Dentes
1220 2391 1258 2417 tui
1284 2391 1350 2417 sicut
1379 2397 1467 2423 greges
1494 2392 1640 2423 tonsuram,
1659 2392 1727 2423 qua;

975 2429 1149 2456 ascenderunt
1171 2427 1203 2453 de
1227 2427 1346 2457 lauacro,
1364 2421 1453 2451 οἱιιηὲδ
1479 2422 1595 2458 gemellis
1619 2421 1724 2455 fetibus,

974 2471 997 2492 et
1010 2463 1105 2492 sterilis
1119 2471 1171 2489 non
1183 2467 1219 2488 est
1233 2462 1259 2487 in
1272 2462 1319 2487 eis.

974 2511 1040 2544 Quae
1053 2509 1180 2545 gemellos
1197 2507 1282 2535 edunt
1303 2506 1384 2538 fetus,
1398 2504 1504 2532 scilicet
1516 2508 1626 2539 propter
1640 2501 1728 2536 dupli-

939 2565 997 2586 cem
1014 2556 1112 2584 mentis
1122 2554 1189 2585 vim,
1205 2554 1231 2580 id
1248 2558 1289 2580 est
1309 2551 1502 2586 speculativam
1514 2549 1726 2584 etspiritualem.

940 2603 1023 2631 Vnus.
1038 2602 1066 2630 ὅ.
1079 2600 1153 2628 Sicut
1168 2600 1230 2627 uitta
1245 2597 1456 2660 cocciue:,llabia
1472 2601 1518 2622 tua
1535 2603 1544 2622 .'
1557 2600 1580 2621 et
1595 2594 1727 2630 eloquium

1252 2638 1325 2660 tuum
1363 2641 1377 2658 ιι
1390 2640 1426 2659 ce.

1252 2638 1325 2660 tuum
1343 2638 1426 2660 dulce.

977 2685 1048 2720 Ergo
1063 2683 1098 2712 sit
1117 2682 1300 2710 inﬂammatus
1316 2678 1452 2707 sermonis
1463 2680 1618 2712 apparatus,
1639 2680 1668 2701 ut
1680 2682 1728 2701 au-

945 2732 1050 2760 dientes
1058 2735 1167 2766 captarc
1176 2727 1270 2764 possit,
1281 2731 1309 2754 ct
1317 2725 1483 2753 salutiferam
1494 2723 1727 2751 viviﬁcanteumne
