1919 3074
194 140 250 169 ετδ

199 204 310 235 propter
342 206 407 227 vero
423 197 637 233 profunditatem
663 203 816 226 steruorum
844 200 920 233 quasi
942 199 1025 228 οτι-Λ

201 245 327 280 pillorum
350 252 515 277 sermonum,
541 245 624 279 nigrae
651 245 823 272 laudabiliter
842 246 985 272 nominan—

202 297 258 324 tur,
273 295 351 326 prout
378 291 410 317 ad
427 291 518 325 sponsi
544 291 774 325 pulchritudinem
799 296 934 326 spectant.
953 289 986 317 Ut

202 346 294 365 εονιειη
311 345 384 370 vero,
402 345 453 363 non
471 342 574 364 tantum
590 339 686 372 opinor
711 342 821 372 propter
849 338 986 369 colorem;

203 385 300 418 quippe
319 383 467 418 symbolice
490 384 614 418 designat
637 383 859 418 profundissimas
882 383 990 418 plenas-

203 437 255 463 que
267 429 389 464 caliginis
406 434 434 456 et
447 430 569 457 humoris
586 430 612 456 in
627 429 743 456 nubibus
762 437 842 456 auras
855 437 862 455 :
874 429 908 456 de
927 428 986 463 qui-

202 475 252 501 bus
268 473 318 501 Job
343 474 432 501 dixit:
458 474 524 507 Quis
545 479 677 508 pra'paml
698 482 775 502 corvo
801 482 888 500 escam
903 481 988 506 suam,

201 519 307 554 quando
318 520 384 554 pulli
401 521 458 555 ejus
469 520 584 547 clamant
595 521 628 546 ad
643 519 724 547 Deum
737 521 758 536 ²⁹
770 521 780 547 ?
796 520 905 547 Paravit
917 521 988 548 enim

203 566 424 600 profuntlissimis
442 571 557 594 mentem
585 567 695 593 multam
725 574 815 594 escam
829 567 909 598 Deus,
923 574 991 601 quo-

204 619 263 639 rum
292 613 425 647 discipuli,
460 613 531 640 velut
551 613 614 647 pulli
649 613 776 647 precibus
804 617 942 645 vacantes,
956 615 990 639 ad

204 659 348 687 Dominum
373 659 575 692 rlamaverunt,
610 660 755 687 errabundi
791 664 818 686 et
842 664 992 694 quaerentes

205 706 334 734 alimenta
349 707 375 733 in
393 706 426 733 iis
440 706 539 741 quibus
561 707 690 741 indigent.

206 751 290 779 Vens.
307 751 350 778 l5.
363 751 441 779 Genw
463 751 535 792 illius
548 753 614 792 sicut
641 752 737 792 areolte
765 757 913 779 aromatum
928 760 991 779 con-

451 788 508 813 sita:
523 796 538 813 τι
558 788 749 822 pigmentariis.

243 833 294 860 Per
314 840 397 867 genas
410 832 511 860 Christi
541 833 707 868 intelligendi
731 838 794 860 sunt
812 834 858 867 qui
875 832 991 860 ministri

641 139 923 168 SUPPLEMENTUM
941 139 987 166 AD
1007 138 1168 167 ORIGENIS
1190 137 1394 165 EXEGETICA.

1780 136 1833 164 276

1039 197 1177 233 ὲδὼδιμοψ
1189 197 1234 224 διὰ
1250 197 1277 224 δὲ
1289 198 1338 233 τὴν
1350 196 1488 232 βαθύτητα
1501 196 1555 222 τῶν
1569 195 1662 232 ὥσπερ
1677 194 1834 230 ἐκφυέντων

1039 244 1099 270 ἀντὶ
1112 244 1213 279 τριχῶν
1227 243 1375 278 λογισμῶν,
1391 242 1502 278 μέλανες
1519 242 1670 274 ὲπαινετῶς
1684 241 1834 277 ὀνομάζον-

1039 298 1094 319 ται.
1107 290 1146 325 τῷ
1162 290 1208 316 τοῦ
1220 290 1335 325 νυμφίου
1351 288 1565 324 συμϐαλλόμενοι
1579 288 1680 315 κάλλει·
1701 288 1732 314 τὸ
1745 288 1774 314 δὲ
1794 289 1836 322 ὡς

1040 335 1142 370 κόραξ,
1159 336 1207 370 οὺχ
1222 335 1314 367 ἁπλῶς
1328 333 1405 370 οἶμαι
1417 335 1462 362 διὰ
1476 334 1506 361 τὸ
1520 335 1627 371 χρῶμα·
1655 334 1792 370 σύμϐολον
1807 335 1838 362 δὲ

1040 384 1094 410 τῶν
1111 383 1268 418 βαθυτάτων
1283 381 1352 410 εἶναι
1370 383 1417 410 καὶ
1445 382 1666 419 πεπληρωμένων
1694 382 1836 409 σκοτεινοῦ

1041 428 1137 461 ὓδατος
1153 430 1181 456 ὲν
1195 429 1319 464 νεφέλαις
1331 429 1431 464 ἀέρων·
1448 429 1512 465 περὶ
1525 425 1561 456 ὦν
1575 426 1651 455 εἶπεν
1666 429 1680 455 ὁ
1698 428 1768 455 Ἰώὸ·
1788 429 1839 461 Τίς

1041 475 1075 502 δὲ
1088 476 1234 511 ἡτοίμασε
1242 477 1347 510 κόρακι
1355 475 1470 510 ,ϐοράν;
1482 475 1605 502 νεοσσοὶ
1616 474 1649 501 δὲ
1656 473 1751 501 αὑτοῦ
1761 475 1839 509 πρὸς

1043 523 1151 557 Κύριον
1169 523 1367 557 κεκρὰζονται·
1385 523 1515 558 ἡτοίμασε
1531 522 1585 558 γὰρ
1607 522 1663 553 τοῖς
1677 520 1840 556 βαθυτέροις

1042 570 1087 596 τὸν
1099 569 1169 602 νοῦν,
1189 570 1287 605 πολλὴν
1306 570 1430 606 τροφὴνό
1447 569 1523 601 θεὸς,
1536 566 1573 596 ὧν
1589 569 1613 595 οἱ
1626 567 1746 604 μαθηταὶ
1759 575 1839 594 νεοσ-

1044 618 1085 643 σοὶ
1112 618 1204 652 εὐχαῖς
1231 616 1415 652 σχολάζοντες,
1439 616 1507 651 πρὸς
1535 615 1635 651 Κύριον
1656 615 1838 650 κεκράγασιν·

1045 661 1215 697 πλανώμενοι
1240 661 1287 688 καὶ
1315 660 1459 696 ζητοῦντες
1482 661 1515 687 τὰ
1534 662 1562 687 ὲν
1578 661 1668 692 αὐτοῖς
1683 660 1841 694 ὲπαπορου-

1046 709 1134 743 μένοις
1152 709 1198 735 ὑπ’
1211 708 1300 734 αὐτῶν
1316 707 1386 734 σιτά.

1044 755 1185 788 Σιαγόνες
1196 753 1289 781 αὑτοῦ
1302 753 1341 786 ὡς
1354 753 1457 788 φιάλαι
1468 752 1520 780 τοῦ
1531 752 1694 788 ἀρώματος,
1706 753 1842 787 φύουσα

1357 787 1517 823 peperi-md.
1582 794 1587 796 λ

1081 836 1212 870 Σιαγόνας
1228 834 1346 870 Χριστοῦ
1362 835 1424 866 τοὺς
1439 834 1664 868 διακονουμένους
1677 833 1749 869 λόγῳ
1772 831 1842 860 Θεοῦ

209 879 272 906 facti
288 884 350 906 sunt
368 880 451 906 verbo
465 879 513 906 Dci
542 885 568 906 et
582 879 700 915 spiritali
722 887 794 907 esca.
811 879 924 915 Propter
937 880 996 914 qui-

1061 883 1095 909 εα¹ι
1116 883 1202 918 τροφῇ
1221 882 1391 917 πνευματικῇ
1408 880 1527 915 νοητέοψ
1545 879 1589 906 διὰ
1609 880 1658 915 μὲν
1672 879 1722 915 τὴν
1741 879 1845 915 πληρό-

208 927 269 954 dem
302 926 498 960 plenitudinem
526 926 588 954 boni
615 927 708 954 odoris
737 928 870 954 bonorum
884 933 995 961 operum

207 973 417 1008 verborumque,
443 972 541 1000 arcolis
575 979 727 1000 aromatum
753 974 894 1001 assimilati
917 978 995 1005 sunt;

207 1023 319 1052 propter
336 1026 399 1046 vero
411 1020 546 1047 consitum
564 1020 589 1045 in
606 1019 645 1045 cis
672 1018 846 1053 multiplicem
878 1019 904 1044 in
922 1017 996 1044 omni

209 1064 415 1091 coordinatione
429 1066 572 1100 scriptura:
586 1071 740 1091 sermonem
765 1071 873 1097 semper
893 1063 998 1090 fructus

209 1116 293 1137 Suave
304 1109 411 1137 olentes
427 1111 634 1137 fructilicantes.

209 1153 293 1182 Vsus.
321 1155 363 1183 Η.
373 1155 465 1182 Venter
477 1155 534 1190 ejus
550 1155 625 1216 pippis
640 1155 763 1186 eburnea,
779 1155 918 1181 distinctor
937 1163 998 1188 mp-

557 1199 571 1216 υ
582 1199 650 1216 ιινιδ.

556 1199 650 1224 pntrts.

247 1237 350 1264 Venter
366 1237 440 1264 verbi
455 1238 644 1272 mysteriorum
672 1244 787 1271 capaces
801 1237 899 1269 innuit,
918 1237 943 1264 id
959 1241 1000 1264 est

210 1286 321 1316 paratos
354 1284 387 1309 ad
419 1283 492 1309 intus
518 1283 739 1318 suscipiendum;
764 1282 841 1318 pyxis
861 1289 936 1312 vero.
965 1282 999 1309 ad

210 1326 373 1353 servandqu
394 1327 522 1361 idoneos;
535 1327 707 1361 splendorem
733 1327 1000 1363 pelluciditatemqtte

211 1372 281 1399 ebur
308 1372 456 1407 signiﬁcat.
485 1372 558 1400 Talis
571 1378 674 1407 venter,
701 1374 758 1402 haec
774 1375 852 1409 pyxis
867 1374 1000 1405 eburnea,

212 1417 333 1452 sapphiri
359 1417 448 1452 lapide
487 1418 683 1453 distinguitur,
709 1419 755 1454 qui
786 1424 828 1446 est
863 1418 999 1446 Christus.

212 1463 372 1498 Quicunque
395 1464 477 1499 igitur
504 1470 598 1492 venter
624 1465 701 1492 verbi
725 1470 778 1498 est,
791 1466 834 1492 hic
850 1465 952 1498 absque
965 1463 999 1490 ti-

215 1517 293 1536 more
312 1509 452 1536 Dominum
466 1509 491 1536 in
508 1514 602 1537 ventre
616 1510 740 1544 suscipit.
759 1510 884 1545 paritque
904 1508 1000 1536 salutis

213 1555 350 1589 spiritum.
383 1555 554 1590 Quapropter
571 1560 598 1582 et
624 1561 718 1583 venter
733 1557 850 1583 victima:
868 1556 894 1582 in
924 1554 1001 1582 Levi-
1014 1555 1036 1584 C

214 1602 268 1627 tito
280 1600 399 1627 abluitur
411 1601 444 1633 ⁸⁸,
459 1606 488 1627 ιιι
506 1601 573 1628 nihil
590 1603 718 1630 stercoris
734 1602 842 1644 habeat.

519 1691 632 1720 CAPUT
648 1693 691 1721 Vl.

215 1733 298 1763 Vnus.
316 1736 349 1771 5.7
363 1734 477 1763 Puichra
505 1746 541 1770 es,
570 1740 654 1765 amica
672 1747 740 1771 mea,
759 1742 848 1768 suauia
865 1746 889 1768 ct
909 1742 1005 1768 decora

249 1771 318 1832 aliud
334 1770 494 1804 Jerusalem,
509 1773 632 1800 terribilis
658 1778 686 1800 ut
704 1770 851 1804 castrorum
871 1778 941 1804 acies
961 1786 1006 1803 or-

249 1811 352 1832 (mula.

249 1811 352 1832 (intuta.

250 1852 310 1885 Quo
323 1853 407 1888 magis
431 1861 530 1888 sponso
546 1855 575 1881 lit
599 1855 720 1890 propior,
737 1857 899 1886 clarioribus
920 1859 1006 1893 aequi-

215 1902 339 1933 paratur.
357 1898 423 1925 Cum
438 1899 510 1926 enim
528 1899 602 1926 illam
617 1900 772 1934 pulchram,
792 1902 941 1930 formosam
962 1909 1005 1931 at-

215 1951 269 1978 que
292 1944 409 1971 amicam
433 1945 634 1978 praedicaverit,
661 1947 736 1974 addit
755 1948 822 1974 sicut
836 1948 1006 1981 Jerusalem;

217 1990 364 2018 terribilem
387 1998 495 2026 quoque
519 1991 665 2025 perfectam
691 1993 729 2020 ait
757 1993 925 2028 Ecclesiam;
950 1997 1007 2023 sive

217 2036 383 2063 adversariis
410 2037 602 2071 potestatibus,
620 2044 680 2071 qua:
696 2038 787 2065 vultus
804 2039 862 2072 ejus
887 2039 1008 2074 pulchri-

219 2081 338 2109 tudinem
354 2082 477 2109 contueri
494 2087 648 2117 nequeunt;
674 2083 733 2110 sive
750 2083 927 2112 inferioribus
939 2085 1008 2120 ipsa,

218 2136 279 2162 qtue
304 2129 431 2156 videntur
454 2129 565 2156 omnino
594 2130 736 2157 instructa:
764 2135 846 2165 atque
865 2132 1007 2161 ordinatae.

219 2174 400 2210 Symmachus
415 2183 479 2203 vero
497 2176 551 2203 edit
568 2184 574 2202 :
592 2184 642 2202 non
656 2177 788 2203 ordittatte
812 2178 901 2210 acies;
915 2184 1010 2214 stupor

1047 937 1116 964 τητα
1140 928 1189 961 τῆς
1205 927 1319 958 εὐωδίας
1335 926 1389 953 τῶν
1410 925 1499 952 καλῶν
1516 925 1603 960 ἔργων
1616 924 1662 951 καὶ
1678 924 1778 958 λόγων,
1795 926 1846 952 ὲοι-

1049 974 1129 1006 κότας
1138 973 1245 1008 φιάλαις
1257 973 1304 1000 τοῦ
1319 972 1473 1008 ἀρώματος·
1486 971 1529 998 διὰ
1540 971 1567 996 δὲ
1581 970 1611 996 τὸ
1622 971 1807 1006 ὲῤῥιζωμένον
1816 973 1846 998 ἐν

1049 1021 1144 1052 αὐταῖς
1166 1019 1286 1047 ποικίλον
1298 1021 1326 1046 ἐν
1339 1019 1414 1056 πάσῃ
1429 1018 1551 1045 συνθέσει
1576 1019 1685 1053 γραφῆς
1698 1017 1778 1052 λόγον
1788 1024 1790 1026 '
1802 1018 1846 1044 ἀεὶ

1049 1067 1291 1102 καρποφοροῦντας
1305 1065 1464 1101 μυρεψικόν.

1050 1159 1154 1186 Κοιλία
1161 1158 1254 1186 αὑτοῦ
1267 1158 1378 1190 πυξίον
1389 1157 1596 1220 ἐλῗιφάντινον,
1608 1157 1657 1184 ἐπὶ
1668 1157 1757 1184 λίθου
1773 1163 1847 1183 σαπ-

1384 1203 1420 1220 φε
1434 1202 1497 1220 nou.

1383 1202 1497 1228 φειρου.

1084 1241 1180 1267 Κοιλία
1203 1240 1261 1266 ἐστὶ
1282 1239 1328 1266 τοῦ
1344 1239 1434 1274 λόγου,
1450 1241 1474 1266 οἱ
1500 1239 1649 1276 χωρητικοὶ
1665 1238 1720 1265 τῶν
1742 1247 1848 1274 μυστη-

1053 1287 1127 1323 ρίων,
1149 1287 1286 1313 τουτέστιν
1299 1287 1323 1312 οἱ
1345 1286 1428 1313 κοῖλοι
1446 1286 1514 1322 πρὸς
1539 1285 1681 1321 ὑποδοχήν
1696 1285 1791 1318 πυξίον
1807 1285 1848 1316 δὲ,

1050 1335 1075 1360 οἱ
1096 1333 1164 1369 πρὸς
1177 1333 1337 1369 διατήρησιν
1357 1333 1515 1368 ἐπιτήδειοι·
1534 1333 1605 1360 κατὰ
1624 1333 1654 1360 δὲ
1675 1332 1706 1358 τὸ
1720 1333 1849 1367 λαμπρὸν

1051 1381 1098 1407 καὶ
1113 1381 1198 1416 σαφὲς
1226 1380 1397 1415 ἐλεφάντινον
1425 1377 1495 1406 εἶναι
1512 1380 1630 1414 λέγεται·
1649 1380 1666 1415 ἡ
1682 1379 1711 1405 δὲ
1735 1379 1848 1414 τοιαύτη

1051 1427 1150 1458 κοιλία,
1168 1427 1198 1453 τὸ
1214 1427 1307 1459 πύξιον
1331 1427 1361 1453 τὸ
1387 1426 1570 1460 ἐλεφάντινον,
1595 1425 1758 1461 ἐπιϐέϐληκε
1782 1425 1850 1460 λίθῳ

1052 1472 1206 1508 σαπφείρῳ,
1223 1473 1252 1504 ὅς
1267 1473 1325 1499 ἐστι
1341 1472 1469 1507 Χριστός·
1487 1472 1545 1498 ὅσοι
1560 1470 1606 1498 οὖν
1620 1473 1671 1498 εἱσι
1687 1471 1777 1499 κοιλία
1801 1471 1849 1498 τοῦ

1052 1517 1142 1552 λόγον,
1157 1515 1229 1544 οὗτοι
1245 1517 1298 1544 ὰπὸ
1312 1517 1358 1544 τοῦ
1373 1518 1455 1551 φόϐου
1469 1517 1570 1552 Κύριον
1583 1517 1611 1543 ὲν
1628 1518 1726 1552 γαστρὶ
1744 1516 1852 1552 λαμϐά-

1053 1573 1139 1597 νουσι,
1155 1564 1203 1590 καὶ
1215 1563 1337 1590 τίκτουσι
1352 1563 1459 1599 πνεῦμα
1478 1564 1622 1599 σωτηρίας·
1638 1563 1683 1590 διὰ
1697 1563 1777 1590 τοῦτο
1803 1564 1851 1590 καὶ

1054 1612 1070 1646 ὴ
1082 1610 1170 1637 κοιλία
1178 1610 1227 1645 τῆς
1240 1609 1332 1642 θυσίας
1342 1611 1370 1636 ὲν
1386 1610 1425 1646 τῷ
1438 1610 1574 1646 Λευιτικῴ
1592 1610 1731 1643 πλύνεται,
1745 1610 1783 1642 ὡς
1799 1619 1852 1645 μη-

1053 1655 1097 1684 δὲν
1114 1655 1186 1691 ἔχειν
1201 1655 1351 1691 κοπρῶδες.
1791 1654 1794 1657 ’

1319 1700 1518 1727 ΚΕΦΑΛΑΙΟΝ
1539 1702 1582 1734 ς’.

1055 1746 1139 1780 Καλὴ
1160 1744 1196 1777 εἴ,
1212 1747 1229 1780 ὴ
1248 1747 1382 1780 πλησίον
1389 1755 1459 1780 μου,
1483 1746 1523 1778 ὡς
1543 1745 1676 1778 εὐδοκία,
1689 1746 1783 1779 ὡραία
1811 1747 1852 1780 ὡς

1150 1781 1359 1816 Ἰερουσαλὴμ,
1386 1781 1497 1816 θάμϐος
1513 1782 1553 1814 ὡς
1576 1782 1762 1816 τεταγμέναι.

1093 1859 1173 1885 Ὅσον
1199 1859 1313 1894 πλησίον
1338 1859 1442 1893 γίνεται
1466 1858 1514 1885 τοῦ
1542 1859 1671 1894 νυμφίου,
1698 1858 1853 1894 κρείττοσιν

1056 1905 1243 1938 ἀπεικάζεται·
1265 1905 1304 1941 τῷ
1317 1906 1372 1941 γὰρ
1386 1905 1465 1939 καλὴ
1479 1905 1527 1932 καὶ
1541 1905 1633 1940 ὡραία
1647 1906 1694 1931 καὶ
1705 1905 1851 1938 πλησίον,

1057 1951 1210 1988 προσέθηκε
1221 1952 1312 1990 τὸλὼς
1331 1951 1534 1986 Ἰερουσαλήμ
1559 1951 1606 1978 καὶ
1626 1950 1852 1985 καταπληκτικὴν

1056 1998 1085 2024 δὲ
1102 1999 1152 2034 τὴν
1170 1998 1384 2034 τετελειωμένην
1401 1998 1483 2034 φησὶν
1504 1998 1676 2034 Ἐκκλησίαν·
1695 1998 1732 2033 πῆ
1749 1997 1810 2033 μὲν⁷
1824 1998 1854 2024 ἐν

1057 2047 1117 2076 ταῖς
1128 2045 1329 2080 ἀντικειμέναις
1343 2044 1501 2080 δυνάμεσιν,
1515 2044 1544 2071 οὐ
1558 2044 1721 2079 δυναμέναις
1734 2043 1855 2070 ὲνατενί-

1058 2090 1114 2123 ζειν
1126 2091 1165 2126 τῷ
1179 2091 1271 2118 κάλλει
1286 2091 1334 2117 τοῦ
1349 2091 1495 2126 προσώπου
1517 2091 1611 2126 αὐτῆς·
1628 2091 1665 2126 πῆ
1685 2090 1713 2116 δὲ
1732 2090 1781 2116 καὶ
1794 2090 1855 2121 ταῖς

1059 2136 1266 2171 ὑποδεεστέραις
1282 2135 1378 2171 αὐτῆς,
1395 2136 1526 2167 ἑοικυίαις
1542 2137 1601 2167 ταῖς
1621 2135 1803 2170 τεταγμέναις
1825 2136 1854 2161 ὲν

1058 2182 1098 2218 τῷ
1113 2184 1195 2210 παντὶ
1211 2182 1420 2209 καταστάσεσιψ
1433 2184 1447 2209 ὁ
1461 2183 1489 2209 δὲ
1503 2182 1659 2218 Σύμμαχος·
1671 2183 1707 2208 οὺ
1715 2181 1855 2216 τεταγμέ-

219 2221 291 2247 enim
307 2226 381 2252 sunt.
399 2222 475 2256 quasi
489 2223 562 2249 acies
579 2222 710 2250 instructa
724 2222 848 2250 hostibus
873 2229 1004 2252 terrorem

1061 2237 1109 2255 ναι
1116 2228 1305 2262 παρατάξεις·
1322 2227 1426 2264 θάμϐος
1441 2228 1496 2264 γάρ
1510 2229 1578 2254 εἰσιν
1590 2228 1627 2260 ὡς
1639 2228 1734 2263 τάγμα
1752 2236 1856 2263 παρεμ-

220 2267 394 2295 incutientes.

222 2323 305 2352 \‘Etts.
322 2325 348 2352 4.
364 2325 456 2352 Averle
470 2325 559 2352 oculos
573 2331 632 2353 tuos
649 2334 666 2352 a
678 2334 730 2357 me,
741 2325 805 2360 quia
819 2326 870 2360 ipsi
884 2335 924 2354 me
946 2337 1009 2357 αυο-

517 2361 572 2387 lare
584 2361 712 2395 fecerunt.

254 2404 376 2432 Ecclesia
405 2405 490 2433 decus
511 2411 538 2433 et
561 2406 794 2440 pulchritudinem
818 2409 919 2438 Christi
944 2419 1009 2439 con-

220 2451 318 2485 spicit;
333 2457 420 2486 potest
435 2452 583 2486 perfectius
595 2453 653 2487 ejus
667 2456 840 2484 divinitatem
862 2458 1008 2492 inspicere,

220 2503 301 2532 prout
314 2499 404 2526 omnia
420 2506 468 2534 per
480 2499 567 2534 ipsum
585 2500 654 2528 facta
667 2508 741 2530 sunt.
765 2503 884 2532 Maxime
902 2505 1010 2532 lmtatnr

220 2545 360 2571 oculorum
376 2551 512 2579 potestate
527 2546 617 2573 anima
633 2548 689 2575 sive
703 2549 841 2582 Ecclesite.
859 2551 916 2578 sive
934 2551 1008 2577 verbi

221 2598 338 2624 sponsae.
368 2591 427 2618 Alis
439 2592 523 2626 ipsam
549 2593 660 2621 avolare
686 2596 862 2623 rationalibus
880 2597 912 2624 ad
930 2604 1011 2624 auras

218 2636 304 2671 jubet,
337 2643 367 2665 ut
393 2639 426 2664 ad
460 2638 601 2674 fastigium
616 2640 708 2668 veniat
735 2641 920 2676 perfectionis,
939 2648 1010 2670 utet

222 2684 279 2717 ipsa
295 2692 357 2712 eum
376 2685 470 2712 videat
497 2687 658 2720 evolantem,
675 2695 723 2714 nec
736 2688 792 2722 jam
817 2689 842 2715 in
860 2696 946 2724 ipsam
959 2689 1008 2718 de-

222 2731 406 2764 scendentem,
436 2732 575 2767 possitque
602 2732 703 2767 dicere,
736 2734 785 2761 etsi
802 2734 1010 2770 cognoverimus

223 2777 371 2804 secundum
398 2786 508 2806 carnem
535 2779 684 2813 Christum,
714 2780 760 2807 sed
795 2788 866 2808 nunc
884 2789 936 2809 non
955 2782 1008 2815 iam

259 2861 281 2874 "
295 2859 343 2887 Jul)
361 2869 473 2895 until,
499 2861 540 2889 lt.
579 2862 600 2876 δ”
620 2861 706 2889 Lctit.
730 2861 789 2893 1,9,
810 2861 850 2888 l5.

1060 2273 1144 2300 ϐολῶν
1159 2274 1222 2305 τοὺς
1236 2273 1378 2309 πολεμίους
1388 2273 1585 2309 ἐκπλήττοντα.

1065 2331 1267 2366 Ἀπόστρεψον
1293 2330 1366 2364 τοὺς
1391 2330 1564 2365 ὀφθαλμούς
1587 2338 1645 2366 σου
1671 2329 1856 2357 ἀπεναντίον

1193 2364 1264 2400 μου,
1287 2365 1332 2392 ὅτι
1347 2366 1432 2393 αὐτοὶ
1447 2364 1660 2399 ἁνὲπτὲρωσάν·
1667 2374 1716 2399 με.

1100 2413 1133 2439 Ἦ
1144 2412 1293 2448 Ἐκκλησία
1301 2413 1334 2448 τῇ
1344 2411 1490 2448 ὡραιότητι
1504 2413 1551 2438 καὶ
1558 2412 1597 2447 τῷ
1606 2412 1699 2439 κάλλει
1714 2413 1799 2448 ἐνορᾷ
1808 2411 1855 2438 τοῦ

1059 2459 1188 2496 Χριστοῦ·
1211 2459 1348 2494 δυναμένη
1371 2460 1405 2494 τῇ
1428 2458 1530 2485 πλείονι
1558 2460 1684 2494 προκοπῇ
1711 2460 1856 2485 κατανοεῖν

1060 2505 1142 2534 αὑτοῦ
1157 2506 1206 2541 τὴν
1229 2505 1354 2538 θεότητα·
1379 2504 1448 2531 καθὸ
1474 2504 1564 2531 πάντα
1585 2505 1618 2531 δι’
1637 2504 1718 2531 αὐτοῦ
1733 2505 1854 2538 ἐγένετο·

1061 2551 1273 2588 εὐφραινόμενος
1288 2551 1316 2577 δὲ
1333 2552 1379 2577 ἐπὶ
1392 2553 1424 2586 τῇ
1440 2551 1553 2586 δυνάμει
1567 2550 1621 2576 τῶν
1632 2550 1792 2585 ὀφθαλμῶν,
1805 2550 1856 2585 τῆς

1061 2598 1116 2624 εἴτε
1128 2597 1292 2633 Ἐκκλησίας
1306 2597 1360 2623 εἴτε
1369 2598 1477 2633 νύμφης
1486 2597 1534 2624 τοῦ
1547 2597 1626 2632 λόγου
1635 2597 1733 2632 ψυχῆς·
1744 2598 1857 2632 πτεροῖς

1063 2645 1146 2679 αὐτὴν
1159 2645 1278 2678 λογικοῖς
1292 2644 1499 2679 ἀποστραφῆναι
1511 2643 1616 2670 κελεύει
1629 2643 1698 2679 πρὸς
1708 2643 1738 2669 τὸ
1757 2642 1856 2678 μετέω-

1067 2698 1120 2725 ρον·
1143 2689 1180 2720 ὼς
1198 2689 1231 2716 ἂν
1253 2689 1296 2715 ἐπ’
1314 2689 1396 2725 ἄκρον
1409 2688 1479 2715 ἔλθοι
1493 2689 1542 2724 τῆς
1558 2688 1734 2722 τελειότητος,
1759 2688 1798 2719 ὡς
1823 2687 1855 2714 ἂν

1065 2736 1176 2771 κάκείνη
1198 2736 1284 2772 βλέπῃ
1294 2735 1387 2762 τοῦτον
1404 2735 1602 2771 ἐπτερωμένον,
1614 2735 1661 2762 καὶ
1674 2735 1773 2771 μηκέτι
1791 2742 1856 2769 συγ-

1066 2783 1261 2811 καταϐαίνοντα
1274 2783 1308 2810 δι’
1319 2783 1414 2818 αὐτὴν,
1430 2784 1477 2810 καὶ
1497 2783 1609 2818 δύνηται
1627 2782 1728 2812 λένειν.
1754 2782 1780 2808 εἰ
1809 2781 1857 2809 καὶ
