1919 3074
238 122 291 150 291

688 122 973 151 SUPPLEMENTUM
989 122 1033 149 AD
1059 121 1222 150 ORIGENIS
1242 121 1448 150 EXEGETICA.
1817 124 1861 151 99?

240 181 390 208 secundum
405 187 454 207 nos
467 184 524 207 est:
542 184 571 206 at
584 180 656 214 quod
672 184 752 207 natus
768 180 803 207 sit
819 187 871 207 non
886 187 919 208 ex
937 180 1023 207 volunt

1082 183 1228 217 γέννησιν,
1253 183 1285 217 ἣν
1310 183 1372 217 ἡμῖν
1399 181 1508 216 ἔμελλεν
1532 181 1563 207 ἐκ
1583 181 1740 216 Πνεύματος
1762 184 1860 218 χειρίδι-

241 231 298 255 tate
311 227 400 254 carnis
417 226 458 253 vel
485 226 535 252 viri
551 227 572 258 ‘,
589 226 635 253 sed
656 233 690 253 ex
713 226 818 262 Spiritu
847 231 958 260 sancto,
980 228 1031 254 hoc

239 280 320 307 supra
337 279 385 299 nos
398 276 449 298 cst.
467 271 544 303 Quod
560 276 588 298 et
600 271 719 299 futuram
738 272 917 306 proclamavit
933 273 1031 300 nativi-

241 323 336 349 tatem.
350 325 429 352 quam
443 317 520 344 nobis
538 325 571 344 ex
588 316 692 351 Spiritu
710 317 858 352 largiturus
870 322 940 345 erat.

554 361 632 389 CAP.
654 361 709 390 Vll.

240 409 272 436 V.
285 409 311 436 5.
327 407 368 435 Ne
382 407 448 434 detis
465 413 587 447 sanctum
601 408 710 434 canibus
721 415 730 434 :
741 416 822 443 neque
831 408 915 442 jacite
925 415 1030 443 marga-

449 448 515 470 νιιαε
527 449 628 470 vestras
640 449 701 470 ante
713 451 816 476 porcos.

239 520 272 548 V.
290 521 316 548 6.
330 519 458 553 Petite,et
471 521 578 547 dabitur
588 521 660 548 vobis
672 529 681 552 ,'
695 522 814 556 quwrite,
832 526 857 548 et
869 522 1004 550 invenietis
1018 531 1029 556 ;

434 557 548 591 pulsate,
561 562 584 582 et
599 557 733 590 aperietur
747 557 829 584 vobis.

273 602 310 630 Ut
333 610 385 630 non
410 603 567 638 ignorarem.
589 602 726 637 discipuli,
747 603 860 637 quinam
878 603 932 630 sint
946 611 1029 632 canes

237 651 281 678 vel
296 650 370 685 porci
387 650 458 677 inter
474 649 630 681 auditores,
655 649 832 676 itnmoranter
847 650 971 684 quaerite,
988 651 1030 677 di-

237 697 286 731 cit,
301 705 334 725 ex
350 697 414 728 Deo,
427 701 454 723 et
471 695 721 723 manifestabuntur
738 696 814 724 vobis
830 696 933 724 omnia.
948 696 1028 724 Priu-

237 744 339 778 cipium
350 748 391 770 est
406 743 480 769 enim
496 742 617 774 virtutis,
630 749 709 769 nosse
725 742 826 769 bonum
836 750 869 770 ex
880 743 1026 770 oratione:

238 788 336 815 deinde
349 789 420 814 scire
435 786 572 821 quomodo
592 791 715 820 oporteat
739 787 810 814 viam
828 787 938 814 virtutis
954 794 1029 815 eme-

238 835 284 862 liri
296 843 304 862 :
316 834 396 861 tertio
407 854 414 864 .
432 841 480 868 per
493 840 575 867 opera
593 832 718 867 pulsare.
735 840 789 868 quo
804 833 928 861 mihimet
942 833 1026 869 janua

238 880 386 916 aperiatur.
405 879 478 907 Istud
493 879 565 906 enim
584 879 672 906 innuit
698 878 768 906 facta
793 886 842 913 per
857 887 953 907 manus
968 879 1027 914 pul-
1043 872 1064 900 Β

237 927 316 955 satio.
330 926 473 954 Trifnriam
495 933 613 960 namque
633 925 794 953 salutarium
810 924 968 961 dogmatqu
980 934 1027 954 ve-

236 972 305 1000 ritas
333 970 630 1006 accipitur:diligenti
657 970 795 1004 oratione,
819 975 847 998 et
873 971 971 998 mentis
999 971 1025 998 in

236 1017 383 1053 quaerendo
398 1017 503 1044 divinas
515 1024 559 1044 res
576 1016 771 1049 stabilitate,et
785 1016 921 1052 exquisito
936 1017 1026 1045 studio

236 1065 390 1092 inveniendi
402 1071 435 1091 ex
448 1064 616 1091 conscientia
626 1063 841 1098 profunditatem
853 1064 1025 1092 certitudinis

235 1110 405 1138 occultarum
421 1110 624 1145 Scripturarum
643 1119 650 1136 :
667 1110 719 1137 hoc
740 1109 814 1137 enim
836 1110 916 1137 modo
940 1111 1027 1146 inquit

214 1152 216 1154 ’
236 1156 336 1190 aperiri
352 1155 521 1190 Scripturas.

236 1200 269 1228 V.
278 1200 306 1228 9.
319 1200 384 1233 Qui:
395 1208 427 1226 ea:
438 1200 509 1226 vobis
523 1200 610 1227 homo.
624 1207 700 1233 quem
713 1199 736 1226 εἰ
747 1199 858 1233 postulet
874 1200 947 1234 ﬁlius
962 1210 1025 1229 suus

371 1243 476 1269 panem,
499 1234 614 1269 nunquid
635 1235 749 1267 lapidem
763 1235 893 1262 dubitet?

236 1280 270 1310 ν.
295 1281 340 1308 10.
362 1281 395 1308 Et
414 1281 438 1307 si
463 1282 574 1341 piscemd
583 1279 715 1342 ρὲιριυίςιγ.
739 1281 857 1315 nunquid
877 1288 1023 1316 serpentem

577 1325 591 1342 ιι
611 1321 628 1342 ιι
657 1323 679 1342 et
691 1335 697 1342 .

577 1321 628 1342 ιιοιι
657 1323 679 1342 et
691 1321 697 1342 Ξ

271 1361 340 1390 Vide
350 1368 432 1396 porro
445 1368 479 1388 an
496 1361 532 1387 sit
544 1361 664 1396 cognitio
677 1361 884 1394 nutrimentum,
899 1361 959 1388 sine
971 1369 1024 1396 quo

236 1408 325 1436 salvos
339 1415 400 1435 esse
418 1414 471 1434 non
495 1406 577 1439 licet;
598 1410 661 1441 puta
680 1414 770 1433 sermo
788 1407 903 1441 diligens
921 1408 953 1434 de
975 1408 1025 1434 hoc

236 1453 305 1489 ipso,
320 1452 456 1488 quomodo
470 1452 531 1480 cibo
549 1453 677 1478 utendum
696 1451 742 1478 sit.
762 1450 848 1478 Piscis
870 1456 962 1478 autetn
983 1457 1025 1479 est

235 1500 368 1535 quasique
386 1499 528 1527 obsonium
544 1505 593 1533 pro
614 1498 674 1524 viro
697 1497 816 1529 erudito,
833 1498 903 1525 scire
920 1498 1024 1525 consti-

237 1546 369 1574 tuti0nem
384 1545 487 1576 mundi,
500 1544 572 1571 vires
588 1544 799 1576 elementorum,
818 1544 980 1578 principium
998 1549 1024 1571 et

236 1593 317 1619 tinem
330 1597 358 1619 et
372 1591 501 1623 medium,
520 1595 547 1618 et
571 1597 630 1624 qua:
655 1590 784 1624 deinceps
800 1589 971 1625 philosophia
986 1590 1025 1617 lo-

236 1638 339 1672 quitur.
355 1637 410 1665 Nec
426 1645 491 1672 ergo
506 1644 555 1672 pro
571 1643 639 1670 pane
656 1635 772 1670 lapidem
787 1636 833 1662 dat
848 1636 929 1668 Deus,
944 1644 1022 1671 quem

235 1685 358 1712 diabolus
373 1684 478 1710 comedi
506 1691 520 1710 a
541 1681 855 1716 Jesu_volebat:.neque
880 1689 930 1716 pro
952 1683 1024 1716 pisce

235 1735 401 1766 serpentem,
420 1737 499 1765 quem
525 1728 670 1756 comedunt
690 1727 845 1762 Ethiopes,
860 1728 962 1763 indigni
978 1729 1023 1763 qui

233 1777 308 1811 pisce
331 1783 488 1804 vescantur.
505 1775 648 1808 Quomodo
673 1782 739 1802 vero
767 1774 914 1809 dist'ipulos
939 1775 1024 1802 malos

233 1823 400 1857 appellavit?
422 1822 490 1855 Quia
507 1822 633 1856 quamvis
658 1828 690 1848 ex
713 1821 855 1856 proposito
877 1821 1023 1848 voluntatis

233 1869 435 1904 sequebantur;
462 1872 490 1894 at
519 1869 605 1895 inerat.
631 1867 684 1894 illis
708 1867 833 1894 humana:
861 1867 1024 1894 conditionis

233 1915 414 1944 mutabilitas.
431 1915 511 1942 Solus
532 1919 622 1941 autem
639 1913 821 1940 immutabilis
839 1918 899 1940 erat
912 1917 939 1940 et
955 1913 1025 1940 divi—

233 1961 318 1988 nitate
350 1965 378 1987 et
401 1960 573 1987 humanitate
595 1958 644 1985 Dei
669 1957 764 1986 Filius.
779 1957 846 1984 Data
869 1966 934 1985 vero
954 1959 1023 1985 bona

234 2007 353 2042 appellat
369 2006 521 2042 spirituaiia
540 2007 622 2034 dona.
635 2003 726 2031 Lucas
742 2004 874 2038 Spiritum
897 2009 1022 2031 sanctum

233 2053 313 2086 dixit,
328 2044 376 2087 pro
390 2060 422 2079 eo
442 2057 471 2078 ιιι
489 2052 607 2082 diceret,
622 2050 705 2077 bona.
730 2050 765 2076 At
785 2049 888 2076 nullum
905 2055 946 2076 est
967 2050 1023 2076 dis-

231 2099 348 2128 crimen.
363 2098 421 2133 lpse
440 2097 512 2124 enim
529 2096 648 2130 Spiritus
671 2101 793 2127 sanctus,
806 2100 848 2122 est
864 2096 957 2122 lumen
975 2095 1024 2122 bo-

232 2153 296 2172 num
310 2153 316 2171 :
333 2148 476 2179 propterea
492 2143 572 2170 ctiam
591 2141 772 2176 participibus
785 2141 843 2168 suis
857 2142 925 2168 bona
942 2140 1024 2175 largi-

232 2196 286 2218 tur.
309 2192 345 2218 At
359 2190 431 2217 enim
449 2189 476 2216 iu
502 2196 608 2215 summe
625 2187 717 2222 pravis
742 2191 859 2221 propter
884 2194 1020 2221 nunquam

1083 225 1154 252 σθαι.

1409 360 1486 386 ΚΕΦ.
1509 361 1546 386 Ζ¹.

1082 404 1211 441 (milita.
1233 404 1264 432 ε’.
1280 404 1329 440 Μὴ
1351 405 1425 432 δῶτε
1449 405 1480 432 τὸ
1503 405 1589 440 ἅγιον
1608 406 1670 439 τοῖς
1693 407 1776 437 κυσὶ,
1795 407 1862 441 μηδὲ

1112 439 1230 501 ,βάὶλὴλτε
1245 441 1316 474 τοὺς
1329 442 1513 476 μαργαρίτας
1528 439 1613 476 ὑμῶν
1630 439 1800 475 ἔμπροσθεῆ
1812 442 1863 468 τῶν

1116 484 1152 509 χο
1162 484 1225 509 ρων

1116 484 1225 509 χοιρων

1080 521 1157 566 Στιχὶ
1173 525 1209 566 ς’..
1232 522 1357 566 saltat-te,
1384 523 1432 566 qu
1456 522 1614 566 δοθήσεται
1637 522 1725 565 ὑμῖν
1747 522 1861 563 (inefre,

1109 556 1159 582 καὶ
1175 558 1332 591 εὑρήσετε·
1347 559 1479 592 κρούετε,
1495 558 1544 584 καὶ
1558 556 1750 593 ἀνοιγήσεται
1766 559 1838 593 ι’ψῖν.

1117 601 1175 628 Ἵνα
1192 603 1228 638 μὴ
1245 603 1380 637 ὰγνοῶσιν
1393 605 1417 630 οἱ
1433 603 1561 639 μαθηταὶ,
1577 603 1647 636 τίνες
1664 604 1733 631 εἰσὶν
1748 604 1833 636 κύνες,
1847 605 1860 639 ἢ

1080 649 1165 684 χοῖροι
1179 649 1208 675 ἐν
1221 650 1277 681 τοῖς
1291 650 1450 685 ἀκροαταῖς.
1467 650 1604 685 ἐπιμόνως
1620 649 1766 685 ζητήσατε,
1781 651 1861 685 φησιν,

1079 694 1112 720 ὲκ
1126 694 1204 727 Θεοῦ,
1223 696 1270 722 καὶ
1285 695 1507 723 ἀποκαλύπτεται
1520 696 1584 731 ὑμῖν
1598 696 1695 722 πάντα.
1721 696 1802 732 Ἀρχὴ
1822 697 1862 731 μὲν

1079 739 1133 776 γὰρ
1150 741 1251 776 ἀρετῆς
1274 741 1305 767 τὸ
1321 741 1354 768 δι’
1379 741 1461 777 εὐχῆς
1474 740 1578 776 γνῶναι
1592 741 1623 767 τὸ
1641 740 1754 775 ἀγαθόν’
1769 739 1824 768 εἶτα
1838 742 1862 767 τὺ

1079 784 1177 811 ειδέναι
1194 785 1254 817 πῶς
1275 785 1316 812 δεῖ
1334 785 1444 812 ὁδεῦσαι
1461 787 1510 822 τὴν
1534 786 1644 822 ἀρετήν·
1662 786 1756 821 τρίτον
1780 787 1808 813 τὸ
1827 787 1862 813 διὰ

1079 829 1132 857 τῶν
1147 830 1234 866 ἔργων
1246 831 1356 868 κρούειν
1368 832 1510 867 ἀνοιγῆναι
1526 831 1600 867 αὐτῷ
1615 832 1664 867 τὴν
1679 831 1776 867 θύραν,
1790 832 1862 858 Τοῦτο

1079 877 1134 913 γὰρ
1152 878 1279 913 σημαίνει
1307 879 1323 914 ἡ
1349 878 1392 905 διὰ
1415 878 1469 904 τῶν
1489 878 1587 914 χειρῶν
1609 878 1733 913 κροῦσις.
1750 878 1862 914 Τρία-σῶς

1081 924 1134 960 γὰρ
1149 926 1165 960 ὴ
1179 924 1232 952 τῶν
1250 924 1392 960 σωτηρίων
1409 924 1551 959 δογμάτων
1566 923 1679 960 ἀλήθεια
1694 924 1861 960 λαμϐάνεται,

1081 970 1205 1005 ἐπιμελεῖ
1219 970 1298 1006 εὐχῇ,
1316 969 1362 996 καὶ
1379 969 1425 995 τοῦ
1446 968 1611 1005 ἡγεμονικοῦ
1629 969 1657 994 ἐν
1676 968 1718 1004 τῷ
1736 969 1821 1003 ζητεῖν
1836 969 1862 995 τὰ

1080 1015 1139 1043 θεῖα
1162 1015 1345 1047 καταστάσει,
1361 1015 1408 1042 καὶ
1429 1015 1493 1051 περὶ
1512 1014 1558 1041 τοῦ
1576 1015 1665 1051 εὑρεῖν
1689 1014 1862 1050 συναισθὴτως

1079 1062 1129 1098 τῆς
1145 1062 1198 1088 τῶν
1217 1062 1416 1098 κεκρυμμένων
1432 1060 1548 1097 Γραφῶν
1565 1061 1718 1096 ἀσφαλείας
1732 1061 1763 1088 τὺ
1782 1061 1860 1096 βάθος,

1079 1109 1190 1145 ἀκριϐεῖ
1206 1107 1464 1145 πολυπραγμοσύνῃ·
1480 1107 1550 1134 οὕτω
1564 1107 1618 1144 γὰρ
1632 1107 1788 1142 ἀνοίγεσθαί
1807 1116 1861 1142 φησι

1078 1155 1128 1188 τὰς
1140 1156 1262 1192 Γραφάς.

1079 1190 1210 1240 Στιχςο¹ί
1219 1202 1316 1240 Τίςᾼέξ
1324 1190 1414 1237 «ὑμῶν
1429 1202 1599 1240 ἅνθρωποςέ
1616 1201 1652 1240 ὂιρ
1661 1200 1722 1240 ’ἐὰν
1733 1200 1836 1240 αὶζήςῃ
1848 1201 1861 1226 ὁ

1114 1236 1180 1272 vilic
1191 1238 1284 1265 αὑτοῦ
1298 1236 1399 1272 ἄρτον,
1417 1237 1460 1272 μὴ
1481 1237 1568 1264 λίθον
1582 1236 1723 1263 ἐπιδώσει
1742 1236 1833 1268 dimi);

1079 1285 1152 1320 Στιχ.
1168 1284 1192 1311 ι’.
1211 1285 1266 1312 Καὶ
1279 1284 1333 1311 ἐὰν
1349 1283 1438 1318 ῑχθὺν
1453 1283 1574 1328 fugiat],
1591 1283 1634 1318 μὴ
1649 1283 1722 1318 ὄφιν
1735 1281 1860 1309 ἐπιδώσει

1427 1327 1523 1350 αυτῳ;

1427 1329 1483 1346 αυτ
1514 1329 1523 1350 ;

1116 1366 1185 1402 Ὅρα
1199 1366 1228 1392 δὲ
1245 1367 1269 1392 εί
1375 1364 1475 1399 γνῶσις
1485 1329 1598 1400 ῗροφὴ,
1612 1361 1646 1400 ἦς
1665 1364 1725 1391 ἄνω
1748 1363 1796 1390 οὐκ
1813 1363 1860 1389 ἐστι

1080 1411 1223 1444 σώζεσθαι·
1238 1408 1293 1438 οἷον
1307 1412 1321 1438 ό
1337 1412 1402 1446 περὶ
1419 1410 1464 1436 τοῦ
1482 1409 1540 1442 πῶς
1557 1409 1674 1445 βρωτέον
1692 1408 1806 1444 ἀκριϐὴς
1824 1408 1859 1434 λό-

1078 1467 1135 1492 γος.
1156 1458 1242 1493 ’ἰχθὺς
1268 1457 1295 1484 δὲ
1313 1457 1360 1484 καὶ
1384 1455 1439 1483 οἷον
1461 1457 1525 1491 δψον
1550 1455 1698 1491 φιλομαθεῖ
1723 1456 1754 1482 τὸ
1775 1455 1859 1482 εἰδέναι

1079 1503 1209 1530 σύστασιν
1230 1503 1345 1538 κόσμου,
1369 1502 1510 1538 ἐνέργειαν
1536 1502 1688 1537 στοιχείων,
1716 1500 1800 1536 ἀρχὴν
1823 1499 1860 1525 καὶ

1038 1556 1059 1584 c
1078 1550 1154 1581 τέλος
1178 1550 1226 1576 καὶ
1249 1549 1397 1584 μεσότητα,
1423 1548 1472 1575 καὶ
1494 1548 1545 1574 ὅσα
1571 1547 1634 1582 ἑξῆς
1653 1547 1670 1582 ἡ
1696 1547 1775 1581 σοφία
1788 1545 1858 1579 λέγει.

1076 1596 1145 1622 Οῠτε
1162 1597 1223 1623 ἀντὶ
1238 1595 1285 1622 τοῦ
1302 1595 1385 1631 ἄρτου
1401 1594 1473 1620 λίθον
1489 1593 1594 1620 δίδωσιν
1609 1594 1623 1619 ὁ
1639 1593 1718 1624 Θεὸς,
1734 1592 1763 1619 ὃν
1781 1592 1795 1618 ὁ
1812 1591 1860 1617 διά-

1076 1640 1152 1672 ϐολος
1167 1640 1304 1667 ἐσθίεσθαι
1322 1639 1375 1666 ὑπὸ
1392 1639 1439 1665 τοῦ
1462 1638 1548 1674 Ἰησοῦ
1567 1637 1708 1664 ἐϐούλετο·
1730 1637 1791 1664 οὔτε
1809 1637 1859 1663 ἀντὶ

1077 1686 1167 1722 ἰχθύος
1182 1687 1254 1720 ὅφιν,
1267 1686 1296 1712 ὃν
1310 1685 1445 1711 ἐσθίουσιν
1459 1685 1484 1711 οἱ
1499 1683 1603 1717 ἀνάξιοι
1616 1683 1663 1710 τοῦ
1680 1683 1757 1718 ἰχθὺν
1771 1681 1858 1708 ἐσθίειν

1075 1733 1212 1764 Αἰθίοπες.
1230 1732 1292 1763 [Ιῶς
1305 1731 1333 1758 δὲ
1348 1732 1412 1763 τοὺς
1426 1731 1550 1766 μαθητὰς
1569 1730 1706 1766 πονηροὺς
1724 1729 1857 1758 summ;

1075 1779 1106 1805 Εἰ
1121 1779 1175 1814 γὰρ
1188 1778 1235 1805 καὶ
1251 1778 1413 1813 ἠκολούθουν
1422 1778 1454 1804 ἐκ
1466 1777 1663 1813 προαιρέσεως,
1681 1775 1739 1802 ἀλλ’
1754 1773 1821 1809 εἶχον
1834 1774 1858 1800 τὸ

1074 1824 1190 1860 τρεπτὺν
1206 1824 1253 1850 τοῦ
1271 1824 1452 1860 ἀνθρωπίνου.
1467 1824 1555 1850 Μόνον
1573 1823 1603 1849 δὲ
1624 1824 1760 1858 ἄτρεπτος
1773 1820 1804 1856 ἦν
1819 1821 1858 1847 καὶ

1075 1870 1183 1906 θεότητι
1199 1871 1245 1897 κα)⁸
1269 1870 1459 1906 ἀνθρωπότητι
1482 1871 1496 1896 ό
1516 1869 1562 1896 τοῦ
1587 1868 1655 1896 Θεοῦ
1672 1869 1748 1900 Υἱός.
1761 1868 1857 1902 Δόματα

1074 1916 1102 1943 δὲ
1128 1916 1218 1951 ἁγαθά
1244 1916 1321 1943 καλεῖ
1346 1916 1396 1948 τὰς
1424 1915 1612 1951 πνευματικὰς
1638 1915 1754 1950 δωρεάς.
1783 1914 1810 1940 '0
1833 1912 1856 1938 δὲ

1074 1963 1182 1994 Λουκᾶς
1197 1962 1310 1998 Πνεῦμα
1328 1962 1405 1996 ἅγιον
1422 1961 1508 1993 εἶπεν,
1524 1961 1585 1988 ἀντὶ
1603 1960 1650 1987 τοῦ
1665 1962 1754 1986 εἰπεῖν
1767 1957 1855 1993 ἀγαθά.

1074 2008 1130 2035 Καὶ
1151 2008 1227 2035 οὐδὲν
1248 2008 1279 2034 τὸ
1300 2007 1438 2043 διάφορον.
1463 2007 1499 2034 Τὸ
1514 2006 1568 2042 γὰρ
1583 2007 1658 2040 ἅγιον
1674 2005 1786 2040 Πνεῦμα
1801 2003 1856 2031 αὐτὸ

1073 2056 1132 2081 ἐστι
1155 2055 1186 2082 τὸ
1211 2055 1269 2089 φῶς
1289 2054 1401 2089 ἀγαθόν·
1426 2054 1467 2080 διὸ
1489 2054 1537 2080 καὶ
1558 2054 1614 2084 τοῖς
1639 2053 1763 2088 μετόχοις
1784 2049 1855 2077 αὑτοῦ

1073 2101 1179 2128 δίδωσιν
1200 2101 1301 2135 ἀγαθά.
1315 2101 1377 2133 Τοῖς
1393 2101 1421 2127 δὲ
1439 2101 1507 2134 ἄγαν
1522 2101 1661 2135 πονηροῖς,
1676 2099 1722 2125 διὰ
1741 2097 1771 2124 τὸ
1789 2097 1855 2124 ἀνεν-

1073 2148 1157 2180 δότως
1171 2148 1340 2184 ἁμαρτάνειν
1355 2149 1455 2182 τρόπον
1470 2147 1531 2174 τινὰ
1551 2146 1631 2180 φύσις
1647 2146 1741 2176 αὐτοῖς
1753 2145 1769 2180 ἡ
1783 2143 1855 2170 κακία

1072 2195 1186 2229 γίνεται⁸
1204 2192 1260 2226 οἷός
1272 2195 1346 2221 ἐστιν
1361 2195 1375 2220 ὁ
1395 2195 1517 2224 Σατανᾶς
1537 2193 1584 2219 καὶ
1595 2192 1620 2218 οἱ
1634 2191 1770 2226 δαίμονες.
1782 2189 1855 2216 Δύνα-

232 2236 387 2265 intermissa
399 2240 522 2271 peccata,
535 2234 630 2261 vitium
643 2232 842 2268 quodammodo
857 2232 884 2259 in
896 2237 1019 2259 naturam

1082 2249 1117 2266 ται
1133 2240 1187 2276 γάρ
1201 2249 1243 2272 τις
1258 2241 1306 2267 καὶ
1319 2241 1430 2271 τούτους
1442 2239 1520 2273 φύσει
1536 2238 1638 2269 κακοὺς
1652 2238 1750 2267 εἰπεῖν,
1764 2236 1854 2268 καίπερ

231 2282 324 2309 evadit
340 2289 347 2307 :
360 2281 447 2315 qualis
460 2285 502 2308 est
514 2280 630 2307 Satanas
643 2284 670 2306 et
680 2279 827 2306 daemones.
840 2277 931 2304 Potest
948 2279 1019 2305 enim

231 2327 294 2362 quis
312 2326 391 2352 etiam
413 2325 461 2352 hos
477 2328 576 2351 natura
597 2324 682 2351 malos
706 2323 808 2355 dicere,
829 2323 952 2358 quamvis
966 2330 1018 2349 non

232 2376 328 2399 natura
345 2370 430 2398 malos
447 2375 565 2402 creatos,
581 2370 627 2396 sed
643 2376 675 2396 ex
693 2368 837 2395 arbitraria
851 2369 954 2395 malitia
970 2369 1017 2395 de-

231 2423 371 2454 pravalos.

543 2450 620 2478 CAP.
638 2450 703 2479 Vill.

230 2499 264 2528 ν.
279 2499 324 2526 Η.
341 2497 420 2525 Μιιηὶ
438 2498 470 2524 ab
489 2497 588 2523 oriente
606 2503 630 2523 et
651 2496 785 2523 accidente
805 2497 916 2526 venient.
936 2501 961 2523 et
976 2504 1018 2522 re-

265 2534 386 2561 cumbam
405 2541 464 2559 cum
479 2532 611 2559 Abraham
624 2537 647 2558 et
662 2531 741 2558 Isaac
761 2537 786 2558 et
802 2531 884 2558 Iacob
898 2539 925 2557 ιιι
939 2539 1017 2564 regno

266 2570 401 2596 caelorum.

266 2615 294 2642 Si
312 2619 426 2650 angusta
439 2619 463 2641 et
486 2617 589 2640 arctatu
611 2618 648 2639 est
668 2613 722 2645 via,
740 2617 766 2640 et
784 2613 862 2648 pauci
881 2613 926 2647 qui
947 2612 1018 2640 inve-

229 2662 306 2689 niunt
327 2669 384 2688 eam
398 2661 419 2693 ⁸,
433 2660 479 2694 p'er
489 2666 570 2693 quam
587 2658 680 2693 plures
699 2659 899 2693 ingrcdientur?
914 2660 947 2686 de
963 2659 1015 2685 lata

230 2709 303 2735 ettim
319 2713 346 2734 et
369 2707 487 2741 spatiosa
511 2705 588 2738 dicit,
605 2705 674 2740 quod
693 2705 768 2732 multi
786 2705 974 2740 ingrediantur
988 2705 1014 2731 in

229 2761 302 2781 eam.
316 2754 436 2780 Dicimus
444 2760 520 2787 ergo,
534 2759 686 2780 sermonem
701 2751 807 2779 Domini
821 2751 922 2779 dictum
932 2750 1015 2779 fuisse

265 2811 276 2826 '
287 2811 364 2838 Joan.
380 2820 399 2843 ι,
414 2813 457 2839 15.
496 2811 506 2826 ³
521 2811 614 2838 Matth.
636 2818 684 2844 vu,
705 2810 749 2837 14.

265 2858 302 2893 (5)
316 2859 353 2886 Ex
374 2859 433 2886 cod.
447 2859 542 2887 Venet.
557 2866 641 2892 χχιιι,
660 2866 721 2893 pag.
737 2857 782 2884 ‘25.

1075 2286 1112 2322 μὴ
1129 2286 1208 2321 φύσει
1223 2287 1326 2318 κακοὺς
1341 2285 1604 2321 δημιουργηθέντας,
1616 2283 1672 2310 ἀλλ’
1689 2282 1720 2315 ἐξ
1733 2282 1854 2315 αὐτοτρο-

1071 2332 1180 2367 αιρέτου
1195 2331 1295 2364 κακίας
1309 2331 1528 2366 ἀπεσκληκότας.

1393 2453 1470 2480 ΚΕΦ.
1493 2453 1533 2478 Π¹.

1070 2499 1144 2532 Στιχ.
1176 2502 1220 2525 ια’.
1245 2499 1356 2526 Πολλοὶ
1385 2498 1444 2526 ἀπὸ
1474 2496 1630 2525 ἀνατολῶν
1657 2496 1705 2522 καὶ
1738 2491 1852 2532 ductui":

1110 2507 1117 2524 ι
1140 2519 1144 2524 .
1176 2507 1220 2525 ια’.
1245 2507 1356 2526 Ιιολλοι
1385 2507 1444 2526 απο
1474 2507 1630 2525 ανατολων
1657 2507 1705 2522 και
1738 2507 1845 2527 otiolum

1107 2507 1229 2567 ἥξουσι,
1245 2535 1294 2561 καὶ
1309 2533 1563 2566 ἀνακλιθήσονται
1578 2531 1653 2566 μετὰ
1670 2529 1797 2567 Ἀϐραὰμ
1808 2526 1851 2566 ιμιὶ

1114 2569 1212 2596 Ἰσαὰκ
1226 2570 1274 2596 καὶ
1289 2569 1388 2596 Ἰακὼϐ
1398 2570 1433 2595 ἐν
1443 2568 1480 2602 τῇ
1489 2567 1634 2600 βασιλείᾳ
1646 2566 1705 2593 τῶν
1715 2567 1848 2599 οὺρανωνι

1107 2615 1139 2642 El
1160 2615 1254 2650 στενὴ
1279 2616 1328 2642 καὶ
1355 2614 1532 2650 τεθλιμμένη
1556 2614 1643 2640 ἐστὶν
1665 2613 1684 2647 ἠ
1709 2611 1792 2643 ι’ὃιὶτς,
1808 2607 1849 2634 καὶ

1071 2661 1166 2695 ὀλίγα
1183 2663 1210 2688 οἱ
1223 2662 1418 2696 εὑρίσκοντες
1433 2660 1546 2694 αὐτὴν,
1560 2659 1604 2686 διὰ
1627 2659 1706 2689 ποίας
1725 2658 1747 2683 οὶ
1769 2653 1850 2681 πολλοὶ

1069 2707 1287 2740 είσελεύσονται;
1312 2708 1375 2744 περὶ
1401 2706 1457 2742 γὰρ
1483 2706 1612 2736 πλατείας
1636 2704 1683 2732 καὶ
1703 2700 1849 2738 εὐρυχώρου

1068 2752 1152 2787 λέγει,
1167 2754 1208 2781 ὅτι
1224 2753 1315 2781 πολλοὶ
1328 2753 1524 2780 εἰσελεύσονται
1537 2752 1570 2778 δι’
1583 2751 1677 2786 αὐτῆς.
1689 2749 1743 2776 Καί
1757 2753 1848 2782 φαμενο
