1919 3074
66 109 111 134 ἳίὶῦ

662 107 805 135 SCHOLIA
825 107 859 134 IN
879 107 1096 136 MAT'I‘IIEUM.

1635 110 1688 137 2M

66 167 100 192 ὄτι
112 165 125 191 ὁ
140 163 188 200 μὲν
204 163 254 190 τοῦ
273 163 399 200 Σωτῆρος
418 164 495 198 λόγος
517 164 640 200 εἴρηται,
657 165 750 200 ἐπειδὴ
765 164 843 198 ὀλίγοι

900 165 1033 199 siquidem
1056 165 1137 200 pauci
1154 173 1186 192 ex
1211 164 1293 192 Israel
1318 165 1504 193 salvabantur.
1529 165 1588 194 Non
1609 168 1686 195 multi

66 211 114 238 ἀπὸ
125 210 171 236 τοῦ
195 209 307 245 Ἰσραὴλ
327 209 468 241 ἐσώζοντο·
484 208 515 235 οὐ
538 209 630 235 πολλοὶ
646 209 701 244 γὰρ
722 209 848 236 ἐπίστευ-

68 265 110 284 σαν
130 256 167 288 εἰς
185 255 281 282 αὐτόν.
304 255 351 281 Διὸ
373 255 421 282 καὶ
444 255 531 289 ἐλεγε-
551 255 600 289 Μὴ
624 255 717 290 φοϐοῦ
740 255 848 290 μικρὸν

67 303 205 337 ποίμνιον,
225 301 272 328 ὅτι
293 300 464 335 εὐδόκησεν
486 303 501 328 ό
517 300 590 334 Θεὸς
612 301 648 328 ἐν
660 302 722 328 σοι.
738 302 848 337 Προφη-

66 348 140 380 τικῶς
150 347 176 374 δὲ
190 347 290 382 ἐλέχθη
308 347 354 379 τὸ,
369 341 480 374 Πολλοὶ
498 347 636 381 ἥξουσιν·
655 347 692 379 ὡς
713 347 778 382 περὶ
793 347 847 373 τῶν

68 394 208 429 μελλόντων
221 392 362 419 πιστεύειν
375 393 414 424 εἰς
430 392 510 419 αὑτὸν
523 392 576 419 ἀπὸ
588 392 642 418 τῶν
660 391 754 419 ἐθνῶν.
772 394 847 419 Πολ-

68 440 119 473 .lol,
141 439 232 475 φησὶν,
249 439 290 471 ὡς
310 439 380 474 πρὸς
395 438 457 470 τοὺς
473 438 542 474 μετὰ
563 438 612 474 τὴν
635 438 784 474 παρουσίαν
809 438 846 474 μὴ

68 486 272 518 πιστεύσαντας,
293 486 318 511 οἰ
340 485 394 511 ἀπὸ
420 484 474 511 τῶν
499 483 582 510 ὲθνῶν
606 484 846 519 ἀνακλιθησὸμενοι

69 534 128 570 μετὰ
146 533 273 569 Ἀϐραὰμ
291 532 338 558 καὶ
353 531 407 558 τῶν
422 531 451 563 ἐξ
463 531 545 559 αὐτοῦ
559 532 587 558 ἐν
606 533 639 567 τῇ
656 531 779 567 βασιλεία
792 531 846 558 τῶν

67 579 186 616 οὐρανῶν
201 579 250 605 καὶ
261 578 302 613 τῷ
315 577 424 614 ἀριθμῷ
436 577 465 604 δὲ
480 577 696 609 πολλαπλασίους
707 574 779 604 οὗτοι
792 577 846 604 τῶν

67 627 112 654 ἀπὺ
140 625 249 662 Ἰσραὴλ
279 625 328 652 καὶ
357 625 402 651 τὸν
431 624 534 661 Ἰησοῦν
559 624 675 660 Χριστὸν
700 623 846 659 ὁμολογου-

69 673 153 707 μένων.

379 727 456 753 ΚΕΦ.
480 727 530 753 lA’.
797 739 800 742 -

68 775 131 810 Στιχ.
149 773 191 800 ια’.
211 773 239 800 ὀ
256 773 292 800 δὲ
310 773 483 810 ,μικρότερος
505 772 541 810 ἐν
563 772 604 810 τῇ,
619 772 764 806 ,βασιλείᾳ
786 772 846 799 τῶν

211 808 351 843 οὐρανῶν
364 807 470 842 μείζων
485 807 578 834 αὐτοῦ
591 808 686 834 ἐστιν.

67 857 130 891 Στιχ.
143 855 182 890 ιβ’.
201 855 279 891 ῘΑξζὸ
297 854 341 891 δὲΔ
351 852 409 880 τῶν
423 854 502 891 γήμερ

95 888 215 917 άτιστοῦ
240 890 300 922 ἓως
323 889 389 923 ἄρτι
413 890 432 923 ἡ
453 888 598 921 ,βασιλεία
628 888 687 915 τῶν
710 889 846 922 οὐρανῶν

94 925 226 959 βιάζεται,
240 925 291 952 καὶ
306 925 431 957 βιασταὶ
447 923 632 958 ἁρπάζουσιν
645 923 752 957 αὐτήν.

97 981 178 1016 Φαμὲν
192 980 222 1007 τὸ
236 981 418 1015 μικρότερον
437 980 502 1015 περὶ
516 979 597 1006 αὑτοῦ
613 979 701 1014 λέγειν
720 979 766 1006 τοῦ
779 980 846 1015 Χρι-

70 1027 132 1054 aro?)-
156 1027 318 1062 μικρότερον
339 1026 367 1052 δὲ
389 1025 460 1053 κατὰ
477 1025 524 1061 τὴν
540 1025 650 1060 δόκησιν
663 1025 717 1052 τῶν
731 1026 844 1052 ἀκουᾶν-

69 1082 121 1100 των.
134 1073 168 1099 Τὸ
178 1073 216 1105 δὲ,
231 1073 267 1099 ἐν
282 1072 321 1106 τῇ
333 1072 477 1106 βασιλείᾳ
491 1071 550 1098 τῶν
565 1071 710 1106 οὐρανῶν,
727 1071 801 1107 δηλοῖ
816 1073 845 1098 ἐν

69 1121 115 1151 τοῖς
129 1120 334 1153 πνευματικοῖς,
353 1119 400 1144 καὶ
421 1119 450 1145 ὲν
475 1119 531 1149 τοῖς
551 1117 611 1144 κατ’
628 1117 741 1153 οὐρανὸν
759 1118 844 1145 ἅπασι

69 1165 108 1190 καὶ
122 1164 215 1198 θεῐκοίς
239 1164 355 1199 μείζονα.
369 1164 501 1199 ὑπάρχειν
524 1163 628 1190 ἐκείνου
650 1163 696 1190 τὺν
715 1164 842 1199 Χριστόν.

68 1210 148 1242 Οὕτως
157 1210 184 1237 δὲ
196 1210 414 1246 ἀναγνωσόμεθα
423 1230 430 1242 ,
444 1211 498 1242 ὅτι,
511 1210 698 1244 Μικρότερος·
713 1208 782 1242 εἶτα,
798 1219 843 1245 μι-

71 1255 124 1291 κρὸν
144 1256 329 1288 διαλιπόντες,
353 1255 498 1292 ἐποίσομεν
516 1255 564 1289 τὸ,
583 1256 630 1282 Ἐν
650 1256 688 1290 τῇ
699 1256 845 1290 βασιλείᾳ

70 1302 118 1329 τῶν
133 1302 264 1337 οὐρανῶν
275 1302 384 1337 μείζων
398 1303 491 1329 αὐτοῦ
507 1303 602 1330 ἐστιν.
621 1303 654 1328 Ἡ
674 1302 702 1328 δὲ
720 1301 844 1337 βασιλεία

71 1356 113 1374 νιν
124 1349 239 1383 οὐρανῶν
263 1349 347 1380 αὑτός
362 1349 434 1375 ἐστιν
447 1349 461 1374 ὁ
476 1348 609 1384 Χριστὸς,
625 1349 844 1385 προτρεπόμενος

69 1393 157 1426 πάντας
168 1395 206 1427 εἰς
223 1394 381 1430 μετάνοιαν,
401 1394 447 1420 καὶ
465 1393 551 1420 ἕλκων
568 1395 608 1425 εἰς
622 1394 716 1421 ἑαυτὸν
737 1394 781 1421 διὰ
794 1395 843 1430 τῆς

69 1441 174 1476 χάριτος.

370 1487 448 1514 ΚΕΦ.
473 1487 522 1514 lB'.

71 1542 132 1577 Στιχ.
145 1543 182 1570 ιδ’.
198 1545 230 1570 Οἱ
242 1543 279 1570 δὲ
294 1542 446 1577 Φαρισαῖοι
459 1543 645 1578 συμϐούλιον
658 1543 768 1571 ἔλαϐον
778 1543 840 1570 κατ’

97 1579 180 1605 αὑτοῦ
197 1579 386 1611 ἐξελθόντες,
401 1578 480 1610 ὅπως
495 1578 588 1605 αὐτὸν
602 1578 806 1605 ἀπολέσωσιν.

100 1625 164 1659 Ὀσῳ
184 1633 224 1656 τις
246 1624 353 1659 ἐγγίζει
370 1624 409 1659 τῷ
430 1623 533 1659 Ἰησοῦ,
552 1624 713 1659 συμϐούλιον
725 1625 756 1651 οὺ
773 1625 843 1660 λαμ-

71 1668 142 1696 ϐάνει.
157 1670 192 1696 Οὐ
212 1670 267 1706 γὰρ
289 1669 393 1704 ἐγγίζει
417 1669 455 1705 τῷ
485 1669 571 1704 Ἰησοῦ
595 1671 611 1705 ἡ
635 1670 774 1705 συμϐουλὴ
790 1671 843 1698 τῶν

72 1715 158 1743 κακῶν.
174 1717 236 1744 Ὅτε
249 1716 280 1743 δέ
297 1724 338 1748 τις
354 1716 400 1742 τοῦ
424 1716 511 1752 Ἰησοῦ
529 1716 637 1752 ἔρχεται
651 1716 712 1749 ἔξω,
729 1717 845 1752 συμϐού-

72 1760 116 1788 λιον
136 1762 264 1798 λαμϐάνει
295 1762 341 1788 τοῦ
366 1762 498 1789 ἀπολέσαι
516 1762 546 1789 τὸ
569 1762 637 1797 φῶς,
654 1763 703 1798 τὴν
720 1763 778 1790 ὁδὸν
794 1763 843 1799 τὴν

71 1806 170 1843 ἀγαθὴν,
184 1808 232 1843 τὴν
248 1807 335 1843 ζωὴν,
352 1807 396 1834 τὸν
406 1807 551 1842 θησαυρὸν,
568 1807 613 1834 τὸν
633 1808 844 1844 μαρτυρήσαντα

71 1853 111 1887 ’ἣν
130 1854 243 1889 ἀγάπην,
260 1853 312 1889 τὴν
332 1855 453 1890 εἰρήνην.
475 1853 577 1880 Τοῦτον
594 1854 626 1881 ἄν
648 1863 690 1886 τις
711 1855 841 1892 ἀπολέσῃ,

73 1899 117 1931 υἱὸς
128 1899 256 1931 ἀπωλείας
273 1900 405 1926 καλεῖται.

105 1944 169 1979 Στιχ.
185 1949 224 1972 ιε’.
245 1946 274 1972 '0
289 1945 324 1972 δὲ
345 1945 470 1979 Ἰησοῦς,
485 1946 576 1981 γνοὺς
592 1946 799 1981 ἀπεχώρησεν.

101 1991 149 2016 Οὐκ
167 1991 217 2018 ἔδει
241 1992 299 2027 γὰρ
321 1992 401 2019 αὐτὸν
427 1993 517 2028 μένειν
544 1993 613 2029 μετὰ
637 1993 689 2020 τῶν
712 1994 777 2022 υἱῶν
794 1995 842 2030 τῆς

73 2035 199 2069 ἀπωλείας.
221 2038 336 2064 Ἐκεῖνοι
358 2038 514 2072 ἀπώλεσαν,
535 2040 633 2075 ἡμεῖς,
651 2039 688 2075 μὴ
709 2040 843 2075 ζητήσαν-

74 2089 119 2113 τες,
131 2083 250 2119 εὕρομεν.
267 2085 405 2119 Εὑρέθην
419 2085 484 2120 γὰρ,
504 2086 581 2121 φησὶ,
599 2086 660 2120 τοῖς
674 2086 726 2121 ἐμὲ
739 2086 782 2120 μὴ
796 2087 844 2121 ζη-

75 2127 178 2156 τοῦσιν·
202 2131 341 2166 ἐμφανὴς
356 2131 504 2166 ἐγενόμην
524 2132 585 2164 τοῖς
602 2132 655 2166 ἐμὲ
670 2132 713 2167 μὴ
735 2132 843 2166 ἐπερω-

900 211 972 238 enim
994 211 1168 238 crediderunt
1183 211 1209 238 in
1230 219 1303 238 eum.
1319 211 1466 246 Propterea
1484 212 1565 239 etiam
1579 213 1686 241 aiebat:

901 254 943 283 Ne
968 256 1070 289 timeas,
1093 256 1190 290 pusille
1210 265 1284 291 grex,
1305 256 1367 291 quia
1386 257 1575 292 beneplacilum
1596 259 1687 285 habuit

899 299 969 327 Deus
994 300 1022 327 in
1043 305 1067 327 te
1081 300 1113 327 ".
1133 299 1294 336 Prophetice
1321 309 1386 329 vero
1413 303 1513 330 dictum
1542 309 1584 330 est
1608 303 1686 336 illud,

899 345 978 372 Multi
1001 346 1126 378 venient;
1155 346 1189 374 de
1217 347 1309 374 multis
1332 348 1460 375 nimirum
1486 349 1532 383 qui
1556 350 1686 377 credituri

898 397 977 419 erant
994 392 1020 419 in
1044 400 1108 419 eum
1125 400 1159 420 ex
1181 394 1317 428 gentibus.
1338 393 1419 421 Multi
1441 395 1529 428 dicit,
1557 400 1685 431 tanquam

898 446 947 473 per
964 440 1193 474 comparationem
1211 441 1244 467 ad
1262 447 1319 472 eos,
1334 441 1379 474 qui
1396 446 1455 476 post
1469 441 1613 469 adventum
1631 450 1685 470 non

898 485 1075 513 crediderunt
1094 493 1099 510 :
1119 487 1163 520 qui
1185 494 1217 513 ex
1235 487 1360 520 gentibus
1375 487 1520 514 recubituri
1541 493 1604 515 sunt
1622 495 1684 515 cum

897 531 1033 558 Abraham
1057 536 1085 558 et
1102 531 1135 559 iis
1152 532 1199 566 qui
1220 540 1252 559 ex
1272 539 1303 559 eo
1320 532 1376 558 nali
1395 537 1468 565 sunt,
1487 533 1512 559 in
1529 539 1612 567 regno
1627 541 1685 562 caa-

898 576 996 603 lorum.
1018 576 1136 603 Numero
1152 580 1242 603 autem
1260 581 1323 605 sunt
1345 577 1495 612 multiplico
1510 577 1555 604 isti
1578 585 1633 612 prae
1650 578 1683 605 iis

897 621 943 657 qui
963 622 1075 649 fuerunt
1092 629 1127 649 ex
1151 621 1252 655 lsrael,
1282 627 1309 649 et
1326 621 1417 650 Jesum
1440 621 1579 650 Christutn
1598 623 1683 651 conli-

898 673 1000 695 tentur.

1216 723 1292 751 CAP.
1312 722 1357 750 Kl.

896 769 928 796 V.
946 770 989 797 ll.
1005 769 1095 797 Minor
1106 775 1203 802 autem,
1217 770 1244 796 in
1258 777 1338 804 regno
1348 776 1471 795 eteorum
1483 769 1569 803 major
1576 768 1624 795 illo
1634 773 1683 796 est.

503 853 546 880 ὧν
564 852 700 880 Ἰωάννου
719 852 771 880 τοῦ
787 855 843 880 Βα-

900 850 929 877 γ.
950 850 990 878 12.
1009 850 1030 876 Α
1046 850 1136 875 diebus
1154 857 1212 875 vero
1229 848 1342 875 Joannis
1357 848 1482 882 Baptista:
1501 857 1582 883 usque
1596 848 1684 875 hacte-

933 894 993 917 nus,
1018 892 1124 920 regnum
1145 885 1269 911 caelorum
1290 884 1313 910 vi
1335 884 1441 918 agitur,
1464 888 1489 910 et
1512 884 1616 911 violenti
1637 891 1682 910 ra-

930 921 1005 954 piunt
1026 919 1104 946 illud.

933 977 1069 1008 Dicimus,
1092 976 1218 1003 minorem
1238 975 1271 1003 de
1294 975 1352 1010 ipso
1368 975 1478 1003 Christo
1501 975 1610 1003 dicere:
1632 975 1684 1003 mi-

897 1030 991 1050 norem
1019 1029 1116 1056 nempe
1135 1022 1214 1056 juxta
1231 1022 1385 1056 opinionem
1407 1021 1586 1048 audientium.
1603 1021 1682 1054 Illud,

895 1070 922 1096 in
949 1076 1027 1103 regno
1052 1067 1195 1099 cwlorum,
1221 1067 1324 1099 innuit,
1340 1067 1364 1093 in
1382 1066 1579 1101 spiritualibus,
1602 1071 1630 1094 et
1654 1067 1682 1093 in

895 1115 1023 1142 omnibus
1041 1121 1101 1149 qua:
1124 1114 1157 1140 ad
1174 1113 1272 1141 caelum
1289 1114 1426 1148 pertinent
1443 1118 1471 1140 et
1494 1121 1537 1140 res
1559 1113 1682 1146 divinas,

896 1160 1023 1194 majorem
1048 1160 1094 1187 illo
1117 1167 1178 1188 esse
1198 1159 1348 1187 Christum.
1372 1159 1418 1187 Sic
1440 1159 1521 1195 igitur
1544 1152 1681 1193 legemus,

896 1208 1003 1235 Minor:
1020 1207 1115 1235 deinde
1140 1208 1265 1243 pusillum
1293 1208 1438 1242 quodpiam
1455 1208 1629 1236 interstitium
1654 1208 1682 1235 in

894 1255 1113 1290 pronuntiatione
1134 1255 1328 1290 relinquentes,
1343 1256 1533 1282 subnectemus
1548 1255 1629 1282 illud:
1647 1253 1682 1281 In

895 1310 973 1336 regno
992 1301 1118 1329 caelorum
1134 1301 1221 1334 maior
1235 1301 1282 1327 illo
1298 1305 1347 1328 est.
1367 1301 1452 1328 Porro
1469 1308 1581 1335 regnum
1595 1300 1682 1327 caelo-

894 1355 965 1380 rum,
980 1352 1022 1375 est
1041 1348 1158 1382 ipsemet
1177 1347 1313 1378 Christus,
1340 1346 1385 1380 qui
1405 1346 1566 1373 adhortatur
1587 1352 1682 1372 omnes

894 1395 927 1422 ad
941 1394 1143 1430 paenitentiam,
1158 1399 1185 1422 et
1200 1394 1286 1421 trahit
1305 1393 1339 1420 ad
1353 1393 1470 1428 seipsum
1488 1400 1537 1428 per
1550 1393 1679 1428 gratiam.

1211 1480 1285 1507 CAP.
1309 1479 1364 1507 Xll.

896 1535 928 1563 V.
949 1536 993 1564 Η.
1010 1535 1142 1563 Phariawi
1158 1541 1245 1563 autem
1260 1537 1399 1563 consilium
1413 1540 1539 1568 mter-unt,
1555 1536 1681 1564 adversus

1001 1572 1075 1598 illum
1095 1572 1263 1606 egredientes,
1284 1578 1310 1598 ut
1336 1572 1420 1605 ipsum
1437 1572 1583 1606 perderent.

930 1616 1037 1651 Quanto
1063 1618 1125 1652 quis
1151 1618 1350 1653 appropinquat
1373 1616 1437 1644 .le‘su
1462 1617 1605 1644 consilium
1627 1625 1680 1645 non

895 1663 953 1690 init.
974 1662 1031 1690 Non
1049 1663 1120 1690 enim
1138 1663 1336 1698 appropinquat
1366 1661 1430 1690 Jesu
1456 1663 1597 1690 consilium
1619 1671 1680 1690 ma-

894 1709 991 1737 lorum.
1013 1709 1048 1737 At
1070 1710 1180 1744 quando
1203 1709 1265 1744 quis
1284 1714 1361 1736 extra
1381 1709 1474 1736 Jesum
1496 1710 1561 1743 abit,
1588 1711 1680 1738 consi-

895 1755 960 1782 Eum
986 1754 1036 1782 init
1055 1755 1184 1789 perdendi
1215 1755 1321 1786 lumen,
1347 1755 1421 1782 viam
1450 1757 1560 1787 bonam,
1587 1757 1680 1790 vitam,

894 1801 1062 1833 thesaurum,
1076 1800 1259 1827 testimonium
1274 1801 1461 1835 perhibentem
1481 1801 1515 1828 de
1530 1801 1680 1834 charitate,

893 1854 971 1882 pace.
993 1846 1070 1874 Hunc
1090 1846 1112 1873 si
1130 1846 1190 1881 quis
1207 1847 1311 1881 perdat,
1334 1847 1404 1874 ﬁlius
1432 1847 1591 1882 perditionis
1606 1849 1617 1863 ⁸
1634 1855 1681 1875 vo-

893 1898 982 1921 catur.

940 1939 974 1968 ν.
992 1939 1034 1967 15.
1054 1939 1131 1967 Iesus
1148 1944 1235 1967 autem
1255 1947 1315 1966 cum
1329 1940 1486 1974 cognovisset
1498 1960 1505 1972 ,
1524 1940 1639 1967 recessit.

928 1985 986 2013 Non
1004 1986 1076 2013 enim
1097 1986 1212 2013 decebat
1228 1986 1316 2020 ipsum
1337 1993 1446 2013 manere
1466 1993 1526 2013 cum
1543 1986 1605 2013 ﬁliis
1619 1994 1681 2021 per-

894 2031 1015 2058 ditionis.
1038 2032 1077 2058 Illi
1098 2032 1290 2066 perdiderunt,
1314 2039 1363 2058 nos
1385 2039 1433 2058 nec
1454 2037 1622 2066 quaerentes,
1640 2032 1681 2059 in-

893 2077 1016 2103 venimus
1034 2085 1041 2103 :
1056 2076 1181 2104 Inventus
1195 2078 1274 2108 enim,
1286 2077 1334 2109 ait,
1348 2085 1407 2104 sum
1423 2080 1454 2104 ab
1471 2077 1503 2104 iis
1517 2078 1561 2113 qui
1573 2086 1613 2104 me
1629 2087 1682 2105 non

892 2122 1060 2156 quterebant;
1078 2121 1232 2155 manifestus
1249 2122 1290 2155 [ιιί
1313 2122 1344 2149 iis
1363 2122 1409 2157 qui
1431 2130 1472 2149 me
1496 2131 1549 2149 non
1568 2124 1680 2149 interro-

75 2171 158 2201 τῶσιν.
174 2176 256 2207 Αὐτὸς
270 2176 325 2211 γὰρ
338 2174 420 2211 ἦλθεν
431 2176 477 2202 ἐπὶ
496 2176 529 2203 τὰ
549 2177 672 2212 πρόϐατα.
683 2177 718 2204 τὰ
733 2178 840 2204 ἀπολω-

900 2167 988 2200 nbant
1002 2167 1023 2193 ⁵.
1041 2167 1101 2202 Ipse
1120 2168 1191 2194 enim
1216 2169 1283 2194 venit
1307 2169 1342 2194 ad
1357 2177 1414 2196 oves
1435 2177 1493 2204 qua:
1512 2169 1679 2203 perierant“;

75 2216 134 2245 λότα·
148 2221 219 2248 αὐτοὶ
232 2222 261 2248 δὲ
276 2222 439 2248 ἐπελάθοντο
452 2222 499 2249 τοῦ
521 2222 587 2249 ἰδίου
608 2223 747 2258 ποιμένος.
767 2224 843 2251 Ἀνα-

76 2266 150 2299 χωρεῖ.
172 2267 200 2293 οὐ
222 2266 315 2299 δεδιὼς
338 2268 388 2303 τὴν
409 2268 566 2304 ἐπιϐουλὴν,
586 2269 653 2295 ἀλλὰ
672 2269 721 2305 τὴν
743 2270 842 2297 κακίαν

76 2309 229 2355 φακέλλων-
249 2313 298 2339 καὶ
314 2313 357 2339 ἶνα
375 2314 411 2349 μή
428 2323 469 2346 τις
488 2314 565 2350 οἰηθῇ
587 2314 630 2341 διὰ
646 2315 746 2343 δειλίαν
761 2317 841 2344 αὑτὸν

77 2356 306 2391 αποκεχωρηκέναι,
322 2357 426 2389 πάντας
449 2356 495 2385 οὖν
519 2358 701 2395 ἐθεράπευσε,
723 2361 770 2396 τὴν
788 2371 841 2389 πα-

77 2398 146 2434 uixi,
157 2401 234 2427 αὑτοῦ
249 2402 452 2438 ἐνδεικνύμενος
463 2404 587 2440 δύναμιν.
600 2405 671 2440 Πλὴν
683 2406 840 2434 ὐποστὲλλει

77 2443 106 2479 μὴ
118 2444 323 2481 δημοσιεύεσθαι,
343 2447 379 2480 ὡς
397 2450 519 2486 ἐπιεικὴς
533 2451 579 2477 καὶ
595 2451 758 2485 ὰκενόδοξος.

375 2539 452 2566 ΚΕΦ.
473 2539 523 2568 II".

79 2588 108 2624 (θ)
119 2591 183 2628 Στιχ.
197 2594 246 2629 μᾶ.
266 2596 364 2637 ὈιέοΙιι
382 2597 503 2637 ἐστίνῄ
523 2598 667 2637 ,βασιλεία
679 2597 738 2625 τῶν
751 2599 839 2633 οὐρα·

272 2633 334 2657 νῶν
348 2633 496 2667 θησαυρῷ,
511 2642 538 2660 κ.
552 2642 576 2659 τ.
590 2633 614 2660 λ.

105 2671 162 2698 Καθ’
178 2675 268 2711 ἑτέραν
289 2677 318 2704 δὲ
338 2677 449 2714 ἐκδοχὴν
471 2679 514 2714 εἰη
535 2678 557 2705 δ’
572 2678 621 2711 ἂν,
641 2679 725 2715 ἀγρὸς
751 2679 801 2715 μὲν
824 2681 840 2716 ἡ

895 2218 922 2239 at
945 2213 982 2240 illi
1004 2214 1105 2248 proprii
1132 2214 1248 2249 pastoris
1269 2214 1343 2241 obliti
1367 2219 1439 2242 sunt.
1471 2214 1599 2248 Recedit,
1624 2224 1678 2243 non

894 2258 997 2285 Veritus
1019 2259 1146 2291 insidias,
1172 2260 1219 2286 sed
1246 2259 1446 2293 improbitatem
1475 2261 1676 2295 comprimens:

893 2309 920 2331 et
940 2309 968 2331 ut
996 2312 1030 2331 ne
1057 2305 1118 2339 quis
1141 2310 1280 2339 reputaret
1303 2311 1413 2340 propter
1435 2311 1534 2333 metum
1553 2314 1613 2334 eum
1637 2315 1681 2335 reo

894 2350 1026 2382 cessisse,
1054 2357 1149 2378 omnes
1172 2350 1296 2383 equidem
1318 2351 1440 2383 curavit,
1467 2353 1678 2388 omnipotentem

893 2396 1022 2422 virtutem
1044 2403 1120 2423 suam
1143 2397 1300 2423 ostendens.
1329 2397 1520 2425 Verumtamen
1546 2404 1622 2426 cavet
1645 2407 1680 2426 ne

900 2440 1063 2474 publicelur,
1083 2447 1210 2476 tanquam
1230 2447 1387 2470 mansuetus
1411 2444 1546 2477 videlicet,
1570 2449 1596 2472 et
1617 2445 1678 2479 glo-

896 2487 941 2514 riae
961 2488 1089 2522 fugitans.
1454 2483 1457 2486 ’

1203 2544 1281 2573 CAP.
1299 2546 1366 2576 ΧΙΙΙ.

917 2601 949 2628 ν.
965 2601 1009 2628 44.
1029 2601 1121 2628 Simile
1137 2607 1175 2629 est
1195 2612 1302 2639 regnum
1319 2605 1442 2632 caelorum
1458 2605 1592 2636 thesauro,
1608 2608 1661 2632 etc.

1678 2650 1681 2669 ὶ

931 2681 1084 2708 Secundum
1107 2682 1189 2708 aliam
1205 2683 1404 2717 acceptionem,
1428 2690 1492 2718 ager
1512 2683 1592 2709 fuerit
1608 2683 1679 2710 Scri-

107 2730 123 2745 ¹“
140 2731 198 2761 Luc.
214 2743 261 2770 xu,
283 2737 327 2765 52.
365 2737 466 2766 διοοιι.
483 2747 549 2772 xv",
571 2739 615 2767 l2.
653 2740 664 2756 ⁸
679 2739 757 2768 Rom.
784 2748 812 2773 x,
835 2740 843 2767 Ε

920 2741 930 2756 ⁸
945 2741 1039 2769 Matth.
1057 2750 1103 2776 xv,
1126 2743 1171 2770 2!.

223 2796 359 2837 qn:e_huc
388 2799 545 2834 pertinent,
567 2803 720 2829 occurrunt
742 2800 770 2828 in
797 2799 858 2827 cod.
877 2807 973 2834 uvnl,
1003 2801 1072 2829 inter
1100 2800 1284 2837 expositiones
1302 2801 1328 2829 in
1348 2800 1458 2834 Lucam,
1476 2806 1512 2835 ap.
1535 2800 1571 2828 '55
1594 2807 1673 2834 seqq-

99 2832 125 2859 go
134 2834 218 2857 versus
230 2831 351 2864 ascripsi.
