1919 3074
81 128 133 158 29Ὶ

687 138 835 167 SCIIOLIA
854 140 888 168 IN
908 140 1126 170 MATTHEUM.

1654 148 1705 177 298

82 192 138 218 τῶν
151 191 183 219 ἐν’
205 193 365 229 ἀνθρώποις
383 197 584 233 προαιρέσεων,
604 200 621 235 ἡ
636 201 769 228 παντοίων
788 201 863 228 ὲθνῶπ

924 202 1059 230 Iuntatum
1080 203 1107 230 in
1129 203 1295 238 hominibus,
1319 209 1346 232 et
1363 206 1499 234 variarum
1517 207 1636 243 gentium
1654 217 1702 236 vo-

83 237 190 273 κλῆσις.
213 239 353 274 Ἐργάται
370 243 489 278 σαγήνης
498 262 505 274 ,
518 244 533 270 ό
546 243 647 280 Κύριος
663 246 710 272 καὶ
722 247 746 272 al
759 248 873 283 προσελ-

83 282 177 314 θόντες
195 283 307 319 ἄγγελοι
328 286 459 316 διακονεῖν
473 289 557 323 αὐτῷ.
576 290 689 325 ’ΛγὙεῖα
705 292 732 318 al
750 291 872 327 διάφοροι

84 329 174 362 μοναί.
188 330 247 356 Οὐκ
270 331 400 365 ἀνάγεται
422 333 449 359 δὲ
462 334 478 369 ἡ
495 335 611 371 σαγήνη,
623 335 678 369 ἕως
699 335 735 365 οὗ
748 338 781 364 τὸ
796 338 872 371 πλή-

80 381 165 407 ρωμα
178 374 238 402 τῶν
254 375 350 403 ἐθνῶν
363 379 494 413 εἰσέλθῃ.
508 380 543 406 Ἢ
553 380 650 412 οὕτως⁸
665 382 784 417 Σαγήνη
799 385 872 410 ἐστὶν

82 419 101 454 ἡ
116 420 282 457 timo-ro).th
293 423 458 456 διδασκαλία,
479 427 495 461 ἡ
508 426 670 462 ἀδιακρίτως
689 428 873 465 συλλαμϐανο-

85 465 157 500 μένη
175 466 317 500 ’ἰούδαίους
337 470 383 496 καὶ
401 470 543 506 Ἕλληνας,
564 473 734 510 βαρϐάρους,
748 475 870 508 Σκύθας,

82 509 205 543 δούλους,
215 513 381 550 ἐλευθέρους,
389 517 522 552 πονηροὺς
530 518 575 544 καὶ
584 509 869 555 ὰγαθὸύςβάλασσα,

82 556 98 582 ὁ
115 556 172 583 τῶν
190 558 340 594 ἀνθρώπων
352 560 418 595 βίος.
442 563 593 598 Αἰγιαλὸς,
610 565 639 591 τὺ
653 565 742 601 τέρμα
764 567 869 594 τούτου.

89 602 135 628 Ἐν
151 603 179 629 δὲ
192 605 225 640 τῇ
238 605 386 642 συντελείᾳ,
404 607 448 634 ὅτε
468 609 622 637 ἀνασπᾶται
637 612 653 647 ἡ
669 613 773 649 σαγὴνη
785 634 792 645 ,
820 614 871 648 ἀφ-

81 647 220 683 ορίζονται
235 650 288 677 ἀπὸ
300 651 354 677 τῶν
369 652 479 687 φαύλων
494 656 518 681 οἱ
533 655 639 690 ἁγαθοὶ,
654 657 678 683 οἱ
691 647 739 693 μὲν
750 647 871 694 τιμώμε-

81 702 135 726 νοι,
157 695 182 721 οἱ
202 695 230 722 δὲ
249 696 432 733 κολαζόμενοι.
450 701 488 726 οὐ
505 700 560 737 γὰρ
573 702 681 730 πάντων
700 704 754 731 τῶν
768 705 871 732 πιστῶν

191 741 206 766 ὁ
217 742 325 778 τρόπος.
339 744 396 771 Ἵνα
411 745 438 771 δὲ
452 745 488 781 μὴ
500 747 597 783 νομίσῃ
608 756 659 780 τις,
674 749 715 776 ὄτι
727 749 779 783 ἔξω
791 751 870 785 μόνον

81 784 227 819 βάλλονται
242 788 265 814 οἱ
278 787 386 816 ἄπιστοι
401 790 448 816 καὶ
461 792 593 827 πονηροὶ,
610 794 762 829 ἐσήμανεν,
777 784 816 822 ὅτι
831 797 869 828 εἰς

79 833 196 869 διηνεκῆ
223 834 333 862 κόλασιν
362 837 610 872 παραπέμπονται·
637 840 692 866 Kal
715 841 869 872 ,βαλοῦσιν

79 880 193 914 αὐτοὺς
203 882 248 915 εὶς
260 881 317 916 τὴν
329 882 455 918 κάμινον
465 884 518 911 τοῦ
531 884 636 919 πυρὸς,
659 886 706 913 καὶ
717 886 752 913 τὰ
765 887 838 922 ἑξῆς.

404 929 481 957 ΚΕΦ.
502 930 556 957 IH‘.

80 972 155 1008 Στίχ.
169 975 201 999 ε’.
214 972 276 1009 [Καὶ
289 973 323 1009 ῥς
337 973 390 1001 ἐὰν
409 974 530 1009 δέξηται
551 976 670 1003 παιδίον
687 978 822 1005 τοιοῦτον
833 979 868 1006 ἐν

212 1008 262 1034 ἐπὶ
274 1008 312 1041 τῷ
324 1009 446 1044 ὀνόματι
452 1019 512 1045 μου
522 1030 529 1043 ,
546 1011 599 1046 ἐμὲ
612 1011 738 1046 δέχεται.

116 1053 250 1088 Παραινεῖ
266 1053 390 1089 δέχεσθαι
416 1056 480 1087 τοὺς
499 1057 610 1089 πιστοὺς
633 1058 678 1084 ἐπὶ
697 1057 736 1093 τῷ
757 1058 867 1095 ὀνόματι

79 1098 164 1125 αὐτοῦ
173 1099 202 1125 ἐν
211 1099 314 1126 παιδίον
320 1100 468 1138 τοιοῦτον,ἧ
475 1102 504 1129 ἐν
511 1103 638 1130 τοιούτων
647 1104 671 1139 (1
677 1104 717 1139 0')
726 1105 779 1131 τῶν
788 1114 867 1132 πνευ-

81 1144 205 1179 ματικῶν
226 1145 272 1172 καὶ
293 1147 515 1183 μεμορφωμένων
534 1149 580 1175 τὸν
599 1149 733 1185 Χριστὸν,
751 1151 821 1178 κατὰ
836 1152 867 1178 τὺ

79 1189 247 1216 ταπεινῶσαι
261 1190 291 1217 τὸ
310 1191 406 1218 ἑαυτοῦ
421 1193 537 1229 πνεῦμα.
558 1195 635 1221 Κατὰ
648 1195 676 1221 δὲ
689 1195 735 1222 τὸν
748 1197 864 1228 Λουκᾶν,

79 1235 109 1261 τὸ
121 1235 296 1271 δεικνύμενον
307 1237 359 1263 ὑπὸ
374 1236 421 1263 τοῦ
435 1239 559 1275 Σωτῆρος
574 1240 678 1267 παιδίον
690 1241 814 1276 δέχεσθαι
826 1242 867 1269 δεῖ

79 1281 109 1307 ὲν
119 1280 159 1316 τῷ
168 1281 281 1317 ὀνόματι
289 1283 382 1315 αὑτοῦ,
397 1284 440 1310 ἴνα
451 1285 480 1310 ἐν
495 1284 568 1320 αὐτῷ
580 1285 686 1322 δέξηται
694 1287 739 1314 τὸν
750 1288 865 1323 Χριστὸν

77 1327 144 1354 ὄντα
157 1328 205 1354 καὶ
219 1329 248 1355 ὲν
266 1328 304 1364 τῷ
322 1327 470 1365 Πνεύματι.
487 1331 521 1357 Ἣ
537 1330 571 1358 ἓν
589 1332 733 1364 τοιοῦτον,
758 1334 818 1360 ἐπεὶ
836 1335 865 1362 ἐν

78 1372 131 1398 εισι
145 1373 247 1405 πάντες
258 1373 282 1399 οἱ
298 1375 485 1409 πνευματικοί.
497 1376 648 1412 Προτρέπει
661 1377 689 1404 δὲ
702 1379 716 1404 ὁ
731 1378 808 1413 λόγος
819 1379 866 1406 καὶ

77 1417 107 1443 τὸ
119 1417 244 1453 δέχεσθαι
262 1418 314 1446 τῶν
329 1419 421 1446 ἁπλῶν
434 1420 481 1447 καὶ
502 1421 612 1457 πραέων
622 1423 654 1458 τῇ
672 1423 769 1460 καρδίᾳ
785 1425 813 1450 ἐν
826 1424 865 1460 τῷ

76 1459 150 1496 λόγῳ
166 1462 295 1497 Χριστοῦ.
319 1463 489 1492 ’Δνακόπτων
510 1466 541 1492 τὸ
560 1466 696 1501 φιλόνικον
709 1468 762 1495 τῶν
778 1459 865 1505 pall-q-

77 1507 131 1534 τῶν
149 1507 254 1544 (ἐπειδὴ
274 1509 318 1535 ὅτε
340 1510 363 1536 oi
376 1509 528 1538 διδάσκαλοι
547 1512 692 1547 μάχονται,
725 1515 864 1550 σχίσματα

77 1552 199 1586 γίνονται
218 1554 321 1582 πολλῶν
342 1556 604 1593 σκανδαλιζομένων,
627 1558 794 1595 βουλομὲιων
802 1561 861 1588 ’τῶν

77 1599 329 1636 σκανδαλιζομένων
346 1602 511 1629 ἐπισπᾶσθαι
525 1604 565 1635 εἰς
579 1604 676 1636 αὐτοὺς
691 1605 753 1637 τοὺς
763 1606 863 1641 ἀκροα-

75 1646 148 1681 τὰς),
167 1647 295 1682 προλέγει
320 1648 368 1684 τὴν
386 1649 444 1684 μετ’
456 1649 545 1676 αὐτῶν
565 1651 707 1686 τιμωρίαν.
731 1652 815 1679 Τοῦτο
834 1652 862 1679 δὲ

76 1693 298 1728 ὲπιτεταγμένως
315 1693 419 1730 ἐλέχθη.
431 1695 576 1722 Τουτέστιν
586 1696 637 1723 κᾶν
648 1697 742 1733 εὐτελῆ
757 1697 862 1734 ἄνθρω-

77 1746 125 1763 πον
133 1738 188 1764 τῶν
196 1739 298 1766 πιστῶν
310 1740 511 1776 σκανδαλίσητε,
523 1741 619 1778 βαρεῖα
631 1743 707 1769 ἔσται
716 1743 776 1770 καθ’
785 1744 799 1770 ύ
803 1744 861 1780 μῶν

76 1783 92 1818 ἡ
107 1784 238 1820 τιμωρία.
257 1785 311 1821 Τὴν
323 1786 377 1822 γὰρ
392 1786 528 1823 ἀφόρητον
543 1788 676 1824 τιμωρίαν
689 1789 733 1816 διὰ
744 1789 790 1816 τοῦ
810 1790 861 1826 μύ-

75 1828 120 1854 λου
133 1829 181 1856 ml.
191 1831 410 1866 καταποντισμοῦ
423 1832 559 1867 σημαίνει,
574 1833 623 1869 τὴν
639 1834 771 1869 ἐσομένην
793 1834 862 1870 μετὰ

74 1874 128 1901 τῶν
140 1875 205 1907 τοὺς
222 1876 358 1909 τοιούτους
378 1877 551 1913 ὑϐριζόντων.
571 1879 721 1906 Σκάνόαλον
740 1880 794 1916 γὰρ
817 1881 861 1907 ὲν-

76 1920 162 1947 ταῦθα
173 1921 222 1956 τὴν
234 1921 312 1958 ὓϐριν
327 1923 414 1950 καλεῖ.
430 1923 522 1950 Ταῦτα
534 1924 563 1951 δέ
574 1933 661 1960 φημι,
679 1925 771 1962 ἐπειδὴ
781 1927 806 1952 ol
818 1935 861 1962 μι-

74 1967 137 2003 κροὶ
149 1968 368 1996 εὔσκανδάλιστοί
382 1971 461 2002 εἰσιν,
478 1970 521 1997 ἵνα
535 1971 572 2007 μὴ
585 1971 798 2008 καταφρονῶμεν
809 1974 859 1999 αὺ-

74 2014 138 2040 τῶν.
162 2015 191 2041 Ὀ
205 2015 258 2051 γὰρ
271 2016 358 2051 μέγας
367 2017 414 2043 καὶ
423 2017 524 2049 τέλειος
535 2019 562 2045 ἐν
572 2018 655 2054 ἀρετῇ
668 2019 768 2051 παντὸς
780 2028 860 2047 σκαν-

72 2059 153 2087 δάλου
166 2063 340 2096 καταφρονεῖ.
359 2063 403 2096 Ἐξ
415 2060 451 2090 ὧν
462 2063 491 2090 δὲ
501 2064 626 2099 προλέγει
639 2065 686 2091 καὶ
698 2064 859 2101 θρηνεῖτοὺς

73 2107 210 2139 τοιούτους
221 2128 228 2140 ,
248 2107 355 2134 δίδωσιν
372 2109 463 2141 αὐτοῖς
477 2110 574 2146 ⁴καιρὸν
592 2111 743 2146 μετανοίας.
766 2111 858 2138 Εἰπὼν

73 2151 110 2183 δὲ,
126 2151 262 2187 Ἀνάγκη,
277 2153 326 2179 οὑκ
338 2153 444 2189 ἀναιρεί
452 2154 481 2181 τδ
493 2155 672 2188 αὐτεξούσιον,
681 2155 747 2183 ἀλλὰ
755 2156 785 2182 τὸ
792 2165 858 2191 προ-

922 247 1004 275 catio.
1021 247 1179 282 Operatoru
1196 256 1313 284 sagente,
1337 249 1466 278 Dominus
1490 255 1543 283 est,
1569 257 1597 279 et
1613 253 1702 287 angeli

922 292 967 327 qui
988 294 1122 320 accedunt
1145 297 1173 320 ut
1190 293 1341 322 ministrent
1355 295 1390 322 ei.
1407 295 1489 328 Vasa,
1509 301 1573 324 sunt
1590 298 1703 326 diversa:

923 337 1089 365 tnansiones.
1109 337 1167 365 Non
1184 340 1308 366 educitur
1322 345 1410 367 autent
1427 348 1537 376 sageua,
1553 343 1633 370 donec
1648 344 1703 378 ple-

922 384 1013 410 nitudo
1028 384 1229 419 gentiumintret
1243 385 1304 413 ’-“.
1320 386 1367 413 Vel
1380 388 1419 414 sic
1433 396 1440 414 :
1457 387 1569 423 Sagana,
1584 395 1625 416 est
1636 397 1701 424 apo-

921 429 1016 456 stolica
1039 429 1161 456 doctrina
1175 449 1183 461 ,
1202 437 1263 464 qua:
1290 431 1527 460 indiscriminatim
1556 440 1702 469 congregat

920 473 1029 502 Judaeos
1040 479 1066 502 et
1080 474 1198 509 Graecos,
1213 468 1368 508 'Barbaros.
1393 477 1518 513 Scythas,
1539 487 1644 512 servos,
1669 480 1702 508 Ii-

921 519 1012 552 beros,
1035 521 1121 548 malos
1141 525 1167 547 et
1192 520 1286 549 bonos.
1309 522 1393 553 Mare.
1417 529 1459 550 est
1482 524 1534 550 vita
1550 523 1699 554 huminutn.

924 564 1021 598 Littus,
1039 567 1100 594 vita).
1112 566 1182 596 ﬁnis.
1203 567 1230 594 In
1246 570 1476 596 consummatione
1492 578 1570 601 vero,
1596 572 1702 604 quando

921 612 1045 639 educitur
1065 620 1175 648 sagena,
1193 619 1356 648 separantur
1376 621 1391 640 a
1406 614 1484 641 malis
1499 615 1581 642 boni:
1606 617 1650 642 isti
1672 622 1701 643 ιιι

921 656 1099 690 honorentur,
1126 658 1165 686 illi
1190 658 1396 693 ut.punianlur.
1423 660 1480 687 Non
1507 661 1578 688 enim
1609 662 1701 690 ﬁdeles

919 706 1015 727 omnes
1038 701 1118 729 unius
1143 703 1213 729 modi
1234 707 1307 730 sunt.
1334 703 1373 730 Ac
1400 711 1432 731 ne
1456 705 1517 738 quis
1542 703 1700 739 arbitretur,

920 745 991 780 quod
1013 744 1088 774 foras
1111 747 1241 774 duntaxat
1262 748 1405 783 ejiciantur
1429 750 1550 777 inﬁdeles
1569 755 1596 778 et
1619 751 1700 784 mali,

920 791 1085 825 signiﬁcavit
1097 799 1143 820 eos
1159 793 1184 820 in
1199 798 1327 820 mteruam
1340 802 1447 829 poenam
1465 796 1544 830 trudi,
1558 796 1700 832 inquiens:

921 836 955 864 Et
970 839 1071 865 mittent
1088 847 1130 865 eos
1145 839 1171 866 in
1188 839 1321 874 fornacem
1335 842 1402 876 ignis
1418 841 1450 874 “,
1468 847 1522 870 etc.

883 874 904 902 B

1216 935 1292 963 CAP.
1307 936 1399 965 XVIII.

893 995 898 1010 .
918 980 951 1007 V.
966 980 993 1008 5.
1012 980 1046 1009 Et
1065 982 1362 1024 qtticunqtte_susceperit
1376 984 1521 1026 puellulam
1531 985 1609 1013 talem
1618 995 1698 1014 unum

1088 1026 1135 1052 pro
1151 1026 1252 1045 nomme
1266 1027 1332 1052 meo,
1350 1027 1391 1046 me
1403 1026 1523 1054 ausctptt.

956 1061 1086 1090 Hortatur
1103 1063 1206 1096 ﬁdeles,
1233 1069 1261 1090 ut
1279 1064 1427 1100 suscipiant
1446 1074 1494 1100 pro
1509 1067 1617 1094 nomine
1640 1068 1699 1102 ejus

917 1115 1002 1134 unum
1025 1107 1143 1142 puellum
1169 1107 1342 1142 huiusmodi,
1366 1110 1407 1138 vel
1437 1119 1518 1139 unum
1545 1112 1696 1146 hujnsmoili

917 1154 1111 1188 spiritualium,
1129 1159 1156 1181 et
1173 1154 1199 1181 in
1216 1155 1314 1188 quibus
1331 1155 1464 1184 formatur
1485 1157 1606 1185 Christus
1620 1160 1697 1193 juxta

916 1200 1040 1234 spiritum
1059 1208 1136 1227 suutn
1151 1201 1196 1234 qui
1213 1201 1393 1229 humilitatem
1417 1202 1570 1230 insinuavit.
1592 1204 1698 1231 Secun-

916 1246 977 1273 dum
995 1245 1094 1273 Lucam
1111 1253 1203 1280 porro,
1226 1246 1298 1273 illum
1324 1247 1423 1281 ipsum,
1448 1248 1493 1282 qui
1518 1257 1531 1275 a
1557 1248 1698 1277 Salvatore

916 1296 1082 1319 monstratus
1096 1297 1148 1323 ρει,
1178 1291 1296 1326 puellum
1317 1293 1456 1327 suscipere
1478 1299 1586 1327 oportet
1609 1296 1634 1321 in
1651 1304 1698 1322 IIO-

916 1336 989 1363 mine
1008 1335 1077 1369 ejus,
1094 1340 1123 1363 ut
1137 1336 1162 1363 in
1186 1336 1244 1370 ipso
1259 1337 1422 1371 suscipiatur
1441 1338 1577 1371 Christus.
1593 1340 1638 1375 qui
1656 1346 1698 1367 est

914 1389 941 1412 et
963 1385 990 1412 in
1017 1384 1131 1419 Spiritu.
1159 1383 1206 1411 Vel
1226 1393 1307 1411 unum
1332 1385 1421 1416 talem,
1445 1386 1508 1421 quia
1534 1395 1615 1414 unutn
1635 1393 1698 1414 sunt

915 1434 1069 1468 spirituales
1085 1441 1189 1460 omnes.
1205 1433 1339 1460 Admonet
1357 1439 1446 1461 autem
1467 1442 1566 1468 sermo,
1591 1439 1620 1463 ut
1633 1443 1697 1464 sus-

914 1478 1048 1513 cipiantur
1068 1481 1096 1505 et
1121 1478 1276 1513 simplices,
1298 1483 1379 1513 atque
1408 1479 1542 1507 mansueti
1565 1481 1647 1507 corde
1669 1481 1695 1509 in

877 1539 897 1567 ε
916 1535 1043 1556 sermone
1063 1527 1177 1556 Christi.
1200 1528 1289 1563 Atque
1313 1529 1354 1556 sic
1376 1528 1521 1556 succidens
1543 1531 1696 1557 contentio-

915 1581 976 1601 nem
999 1573 1189 1611 discipulorunr
1224 1573 1361 1610 (quoniam
1383 1575 1429 1602 ubi
1454 1575 1579 1602 doctores
1593 1575 1697 1602 vitiliti-

913 1624 988 1655 gant,
1012 1620 1160 1646 schismata
1184 1620 1261 1653 ﬁunt,
1287 1620 1477 1648 scandalizatis
1502 1621 1605 1654 multis,
1631 1622 1694 1648 dum

912 1665 959 1701 qui
974 1665 1207 1697 scandalizantnr,
1223 1667 1331 1693 student
1353 1661 1465 1694 trahere
1480 1667 1505 1694 in
1525 1672 1616 1701 partes
1631 1675 1696 1695 suas

913 1712 1074 1744 auditores),
1084 1711 1381 1746 prmdicitindicibilem
1395 1713 1523 1739 ultionem
1538 1720 1618 1747 quam
1633 1720 1694 1740 cum

912 1765 965 1793 illis
985 1764 1100 1792 subituri
1125 1769 1198 1792 sunt.
1224 1764 1280 1792 Hoc
1304 1772 1368 1792 vero
1387 1772 1447 1792 cuin
1473 1766 1635 1793 auctoritate
1659 1766 1695 1793 di-

912 1817 984 1838 ctum
999 1814 1049 1838 est.
1063 1810 1175 1844 Nempe,
1193 1810 1215 1837 si
1234 1810 1275 1837 vel
1291 1810 1426 1837 hominem
1445 1810 1549 1837 ﬁdelem
1563 1818 1645 1837 unum
1660 1811 1694 1838 de

914 1856 994 1883 trivio
1009 1855 1274 1888 scandalizaveritis,
1293 1855 1384 1890 gravis
1404 1863 1452 1883 vos
1467 1861 1559 1883 manet
1575 1855 1692 1890 punitio.

911 1902 1080 1930 Intolerabile
1110 1909 1228 1936 namque
1252 1901 1433 1937 supplicium,
1467 1909 1516 1937 per
1540 1902 1640 1929 molam
1665 1908 1690 1930 et

910 1956 1108 1984 demersionem
1123 1954 1259 1990 signiﬁcat
1273 1962 1380 1987 eorum,
1396 1954 1442 1989 qui
1458 1954 1524 1981 tales
1541 1954 1638 1989 injuria
1653 1955 1694 1981 ar-

910 2001 1034 2029 fecerint.
1059 2000 1221 2028 Scandalum
1239 2000 1311 2027 enim
1347 2000 1391 2027 hic
1413 2000 1542 2034 injuriam
1562 2000 1691 2034 appellat.

911 2048 972 2075 Haec
988 2055 1068 2084 porro
1092 2048 1165 2079 dico,
1182 2051 1212 2073 ut
1236 2047 1299 2081 quia
1327 2046 1431 2080 parvuli
1458 2045 1537 2072 facile
1554 2046 1692 2072 scandali—

910 2100 1016 2124 zantur.
1036 2102 1090 2121 non
1105 2099 1312 2120 contemnamus
1334 2099 1390 2119 eos.
1416 2091 1466 2125 Qui
1490 2091 1561 2118 ettim
1579 2098 1692 2126 magnus

909 2150 940 2169 ac
956 2141 1091 2176 perfectus
1106 2139 1132 2167 in
1152 2139 1254 2166 virtute
1267 2142 1319 2171 est,
1332 2145 1414 2165 omne
1429 2137 1600 2173 parvipendit
1611 2144 1692 2164 scan-

73 2198 221 2231 γνωστικὸν
241 2198 288 2225 τοῦ
312 2199 420 2231 πάντως
442 2200 570 2236 ἐσομένου
591 2201 674 2236 δηλοῖ.
695 2201 741 2228 Διὸ
760 2190 857 2228 καὶντδ
874 2208 897 2237 ο
910 2194 1011 2221 dalum-
1036 2193 1075 2220 ΕΚ
1098 2200 1130 2220 eo
1146 2199 1227 2226 Ροττο
1250 2191 1322 2226 (μιοά
1347 2190 1490 2237 "aliine":
1517 2195 1545 2217 ει
1570 2190 1692 2237 deplorat

72 2244 137 2270 οὐαὶ
155 2244 249 2276 αὐτοῖς
272 2245 412 2279 ὲπιφωνεῖ,
438 2246 476 2278 ὡς
501 2247 631 2279 ἑκουσίως
647 2248 783 2275 πταίουσι.
801 2247 855 2274 Κόυ

72 2290 147 2318 λασιν
161 2290 190 2317 δὲ
199 2291 341 2325 λέγειτοὺς
348 2292 482 2327 ἀσέμνους
495 2294 552 2329 (II)
572 2293 675 2326 ζῶντας
686 2293 854 2330 ἀνθρώπους.

911 2240 1035 2268 homines
1058 2238 1223 2272 hujusmodi,
1249 2237 1342 2264 tribuit
1364 2235 1420 2263 illis
1439 2241 1542 2270 tempus
1556 2235 1692 2270 peniten-

909 2287 962 2313 tizc.
979 2285 1046 2313 Cum
1070 2291 1135 2311 vero
1151 2284 1235 2314 dicat,
1253 2282 1362 2309 Necesse
1379 2286 1429 2315 est,
1454 2290 1508 2309 non
1536 2281 1604 2308 tollit
1620 2280 1692 2308 arbi-

73 2340 116 2368 trii
141 2341 310 2371 libertatem,
338 2341 386 2368 sed
415 2343 534 2370 ostendit
566 2343 801 2378 prtecognitionem
816 2350 893 2370 suam
912 2341 946 2370 de
970 2341 1050 2369 rebus
1073 2340 1184 2368 omnino
1197 2337 1345 2366 eventuris.
1361 2336 1542 2387 Quamobrem
1558 2336 1640 2364 etiam
1658 2336 1691 2387 de

72 2387 125 2416 illis
144 2390 206 2417 me!
235 2390 389 2425 exclamat,
416 2395 542 2426 tanquam
567 2390 613 2425 qui
636 2394 731 2425 sponte
751 2390 888 2418 labantur.
923 2387 1091 2423 Supplicium
1125 2391 1217 2414 autem
1234 2391 1311 2414 vocat
1338 2386 1463 2414 homines
1496 2385 1623 2412 indecore
1650 2385 1692 2408 vi-

71 2443 86 2460 ν
166 2456 174 2463 .

125 2441 214 2521 οὗ
224 2480 346 2521 γάρ-εισι
357 2481 411 2521 δύο
424 2480 531 2521 ῆρρεῖς
540 2481 562 2521 (ι
571 2480 800 2521 ιιλσυνημμένοι
811 2471 861 2514 et;

137 2518 172 2544 τὸ
184 2517 259 2551 ἐμὸν
276 2516 379 2551 ὄνομα,
392 2516 456 2543 ἐκεῖ
464 2518 520 2551 ειμι
535 2517 569 2543 ἐν
581 2516 663 2550 μέσῳ
676 2516 782 2543 αὐτῶν.

70 2563 112 2590 Στ.
124 2567 177 2590 καί.
193 2563 261 2590 Τότε
278 2562 453 2597 προσελθὼν
462 2562 541 2595 αὐτῷ
553 2564 570 2590 ό
582 2563 700 2597 Πέτρος,
712 2560 785 2589 εἶπεσ
799 2563 854 2589 Κϋ-

99 2607 156 2633 ριε,
170 2598 302 2631 ποσάκις
318 2598 482 2632 ἁμαρτήσει
492 2600 534 2631 εις
545 2598 597 2632 ἐμὲ
607 2600 623 2625 d
643 2597 771 2633 ἀδελφός
783 2606 852 2632 μου,

101 2632 150 2662 αι
160 2633 272 2669 ἀφήσω
288 2633 385 2666 αὐτῷ;
398 2633 453 2666 ἓως
468 2632 608 2666 ἐπτάκις;

99 2680 153 2707 Δύο
164 2678 334 2715 συνημμένοι
353 2679 399 2705 ἐπὶ
414 2678 453 2714 τῷ
468 2679 514 2706 τοῦ
533 2678 650 2713 Χριστοῦ
666 2679 787 2716 ὀνόματι,
803 2677 854 2704 σῶ-

117 2752 166 2772 ⁷-¹¹
187 2751 268 2779 Rom.
288 2757 325 2782 xi.
346 2749 392 2776 εδ.
429 2750 450 2765 ¹¹¹
465 2749 560 2776 Matth.
580 2757 638 2782 xm,
652 2748 695 2776 50.

100 2810 169 2845 (I0')
187 2809 342 2845 Τοιούτωζ.
355 2807 436 2835 Forte
450 2806 580 2840 τοιοῦτον,
605 2811 635 2835 ιιι
655 2811 682 2835 et
715 2807 848 2842 interpres

67 2842 164 2880 It‘gisse
181 2846 299 2874 videtur.
319 2842 398 2870 EDIT.

244 2904 382 2935 ΡΑτιιοι.
404 2902 462 2934 GI.
486 2891 586 2933 XVII.

906 2477 939 2505 V.
961 2476 1007 2504 20.
1028 2475 1078 2503 Ubi
1095 2476 1164 2502 enim
1175 2479 1234 2502 sunt
1251 2474 1303 2501 duo
1315 2473 1353 2501 vel
1372 2478 1424 2501 tres
1441 2473 1555 2506 coaptati
1566 2472 1594 2500 in
1603 2480 1688 2500 meum

1029 2519 1134 2542 nomen,
1156 2511 1192 2537 ibi
1213 2519 1270 2537 sum
1289 2510 1317 2536 in
1335 2509 1420 2536 media
1442 2517 1544 2535 eorum.

907 2559 938 2587 V.
953 2558 998 2585 21.
1020 2556 1092 2584 Tum:
1109 2555 1375 2593 Aaccedensﬂadeum
1397 2554 1505 2593 Petrus,
1522 2554 1608 2581 dixit:
1633 2553 1689 2593 Do-

940 2595 1026 2624 mine,
1041 2591 1143 2626 quoties
1161 2589 1274 2625 peccabit
1301 2590 1327 2616 in
1349 2598 1390 2616 me
1409 2589 1493 2623 frater
1508 2597 1579 2616 meus
1600 2594 1624 2615 et
1645 2589 1688 2614 di-

941 2625 1101 2655 mittam'ei!
1118 2634 1198 2661 usque
1215 2625 1327 2658 septies?

941 2675 999 2703 Duo
1023 2672 1141 2708 coaptati
1164 2679 1214 2707 pro
1238 2671 1339 2699 Christi
1357 2671 1478 2704 nomine,
1501 2674 1565 2698 sunt
1588 2676 1687 2704 corpus

935 2802 1000 2840 (illi
1013 2801 1186 2840 ξᾼιτέμνους.
1200 2798 1431 2840 Ἐριιιεέιρέμνως.
1451 2797 1530 2840 Eon.
1557 2831 1594 2840 LA
1607 2831 1643 2840 ὦ

937 2831 1004 2874 (11⁵)
1014 2831 1099 2872 Vulgo
1107 2831 1279 2871 συνηγμένοι.
1288 2834 1335 2862 llic
1343 2831 1369 2862 et
1381 2834 1406 2861 in
1417 2841 1493 2863 sequ.
1503 2831 1595 2861 conler
1603 2831 1686 2860 edita.

1448 2892 1483 2922 I0
