1919 3074
236 120 289 148 991

686 119 970 148 SUPPLEMENTUM
987 119 1032 146 AD
1057 119 1221 148 ORIGENIS
1240 119 1446 147 EXEGETICA.

1817 121 1863 147 99‘?

238 179 388 206 secundum
403 185 452 205 nos
465 182 523 205 est:
541 182 569 204 at
583 178 654 212 quod
671 182 751 204 natus
766 177 802 204 sit
817 185 870 204 non
884 185 917 205 ex
936 177 1027 205 volun-

1083 180 1226 214 γέννησιν,
1251 180 1284 214 ἣν
1309 180 1371 214 ἡμῖν
1397 177 1506 213 ἔμελλεν
1530 178 1561 203 ἐκ
1581 177 1737 213 Πνεύματος
1760 179 1863 214 χαρίει-

239 230 296 253 tate
309 224 398 252 carnis
415 224 457 251 vel
483 223 533 250 viri
550 225 571 256 ¹,
588 224 634 251 sed
655 232 688 251 ex
712 224 817 259 Spiritu
845 229 956 258 sancto,
978 225 1029 251 hoc

237 278 319 305 Supra
335 277 384 297 nos
396 274 448 296 est.
465 269 542 302 Quod
559 274 586 296 et
599 268 718 296 futuram
736 269 916 304 proclamavit
932 270 1029 297 nativi-

240 321 335 348 tatem.
348 323 428 350 quam
442 315 519 342 nobis
537 323 570 342 ex
586 314 690 349 Spiritu
709 314 856 349 largiturus
868 319 938 342 erat.

553 359 631 387 CAP.
653 359 708 387 Vll.

239 407 272 435 ν.
284 407 310 434 5.
325 405 366 433 Ne
381 405 447 432 detis
464 410 586 445 functum
600 405 709 432 canibus
720 413 728 432 :
739 413 820 440 neque
829 406 914 440 jacite
923 413 1029 440 marga-

449 446 513 467 ﬂlal
526 447 627 468 υεεινσε
639 446 700 468 ante
712 449 815 474 porcos.

239 519 271 547 V.
289 519 315 546 6.
329 517 458 551 Petite,et
469 519 577 545 dabitur
587 519 680 550 vobis;
694 520 813 554 quwrite,
831 524 856 545 et
867 520 1004 547 invenietis
1017 528 1028 553 ;

434 555 548 589 pulsate,
560 560 583 580 et
598 555 732 588 aperietur
746 554 829 581 vobis.

272 600 309 629 Ut
331 609 384 628 non
409 600 567 636 ignorarunt
588 600 725 635 discipuli,
746 600 859 635 quinam
877 601 932 628 sint
945 609 1028 629 canes

236 649 280 676 vel
295 649 369 684 porci
386 648 458 674 inter
474 647 629 678 auditores,
654 647 831 674 immoranter
847 647 971 682 quaerite,
987 649 1028 675 di-

236 696 286 729 cit,
300 703 333 723 ex
349 695 413 726 Deo,
426 699 454 721 ct
470 693 720 720 manifestabuntur
737 694 814 721 vobis
829 693 933 721 omnia.
948 693 1028 722 Prin-

237 742 338 777 cipium
349 746 390 768 est
405 741 480 768 enim
495 740 616 771 virtutis.
629 747 709 767 nosse
724 739 825 767 bonum
835 747 868 767 ex
880 740 1025 767 oratione:

237 786 335 813 deinde
348 787 420 812 scire
435 784 572 819 quomodo
591 789 715 817 oporteat
738 784 810 811 viam
828 784 938 812 virtutis
954 792 1029 812 eme-

237 833 303 860 tiri:
316 832 395 859 tertio
406 852 413 863 ,
432 839 480 866 per
493 838 575 865 opera
592 830 718 864 pulsare,
735 837 789 865 quo
804 830 928 858 mihimet
942 831 1026 866 janua

1081 222 1152 248 σθαι.

1407 357 1485 383 ΚΕΦ.
1507 357 1544 383 Z'.

1081 401 1209 438 (δὶγΣξτιχ.
1231 401 1263 430 ε’.
1279 402 1328 437 Μὴ
1350 402 1423 429 δῶτε
1447 402 1479 429 τὸ
1502 402 1587 437 ἅγιον
1606 402 1668 435 τοῖς
1691 402 1775 433 κυσὶ,
1794 402 1864 437 μηδὲ

1111 436 1228 498 ,βάῖἰῇτε
1244 437 1315 471 τοὺς
1328 439 1511 473 μαργαρίτας
1526 437 1611 472 ὑμῶν
1628 436 1799 472 ἔμπροσθεν
1812 438 1865 464 τῶν

1115 481 1151 506 χο
1161 481 1224 507 ρων

1079 518 1155 562 Στιχέ
1172 523 1208 562 ς’..
1231 519 1356 562 Δᾼιτεῖτιι,
1383 520 1430 562 καὶ
1454 519 1613 562 δοθήσεται
1635 518 1723 562 ὑμῖν*
1745 518 1863 562 (inefre,

1108 553 1158 580 καὶ
1174 555 1331 588 εὑρήσετε
1346 556 1478 589 κρούετε,
1494 555 1542 581 καὶ
1557 553 1749 589 ἀνοιγήσεται
1765 554 1840 589 ὑμῖν.

1116 598 1174 626 Ἵνα.
1191 599 1228 636 μὴ
1243 600 1378 634 ἀγνοῶσιν
1392 601 1416 627 οἱ
1431 600 1560 636 μαθηταὶ,
1575 600 1645 632 τίνες
1662 600 1731 627 είσὶν
1746 600 1833 632 κύνες,
1848 601 1862 635 ἢ

1079 646 1164 681 χοῖροι
1179 647 1207 672 ὲν
1220 647 1276 678 τοῖς
1290 647 1449 682 ἀκροαταῖς,
1466 647 1603 681 ὲπιμόνως
1618 646 1764 681 ζητήσατε,
1779 647 1862 682 φησιν,

1079 691 1112 718 ἐκ
1125 691 1204 725 Θεοῦ,
1223 693 1270 719 καὶ
1285 692 1506 720 ἀποκαλύπτεται
1519 693 1582 727 ὑμῖν
1596 692 1693 719 πάντα.
1719 692 1801 728 Ἀρχὴ
1822 693 1864 727 μὲν

1078 736 1133 773 γὰρ
1150 738 1250 773 ἀρετῆς
1273 738 1304 765 τὸ
1320 739 1354 765 δι’
1378 738 1461 773 εὐχῆς
1473 737 1577 772 γνῶναι
1590 737 1621 764 τὸ
1641 736 1753 772 ἀγαθόν’
1768 735 1824 764 εἷτα
1839 738 1864 764 τὸ

1079 781 1177 808 ειδέναι
1194 782 1253 814 πῶς
1274 782 1315 809 δεῖ
1334 782 1443 809 ὁδεῦσαι
1460 784 1509 819 τὴν
1533 783 1643 818 ἀρετήν’
1661 782 1754 817 τρίτον
1778 783 1808 809 τὸ
1827 783 1864 809 citi

1079 827 1132 854 τῶν
1147 828 1234 863 ἔργων
1246 829 1355 864 κρούειν
1368 828 1509 863 ἀνοιγῆναι
1525 828 1599 863 αὐτῷ
1614 828 1662 863 τὴν
1677 828 1775 863 θύραν.
1789 828 1864 854 Τοῦτο

237 878 386 914 aperiatur.
404 877 477 905 Istud
493 878 565 904 enim
583 877 672 904 innuit
698 875 768 903 facta
793 883 841 911 per
856 884 953 905 manus
967 877 1027 912 pul—

1083 875 1133 910 γὰρ
1152 875 1279 910 σημαίνει
1305 876 1322 910 ἡ
1348 875 1391 901 διὰ
1414 875 1468 901 τῶν
1489 874 1586 910 χειρῶν
1608 874 1732 909 κροῦσις.
1749 874 1863 910 Τρισσῶς

237 926 315 953 satio.
329 924 473 952 Tril'ariam
495 931 613 958 namque
633 923 794 950 salutarium
810 921 968 958 dogmatuni
979 931 1027 951 ve-

236 970 305 998 ritas
332 969 467 1004 accipitur
483 977 490 995 :
507 967 630 1004 diligenti
657 968 795 1001 oratione,
819 973 847 995 et
873 968 971 996 mentis
999 969 1024 996 in

236 1016 382 1051 quaerendo
397 1015 503 1042 divinas
515 1022 559 1042 res
576 1014 735 1046 stabilitate,
744 1019 771 1042 et
785 1014 921 1049 exquisito
936 1014 1026 1042 studio

236 1063 390 1091 inveniendi
402 1070 434 1089 ex
449 1062 616 1090 conscientia
626 1061 841 1096 profunditatem
853 1061 1025 1089 certitudinis

235 1109 405 1136 occultarum
420 1108 624 1143 Scripturarum
643 1117 650 1134 :
667 1108 719 1135 hoc
740 1107 814 1135 enim
836 1107 916 1134 modo
940 1108 1027 1143 inquit

214 1151 217 1153 ’
236 1154 336 1189 aperiri
352 1153 521 1188 Scripturas.

235 1199 269 1226 ν.
278 1198 306 1226 9.
319 1198 384 1231 Quis
396 1207 427 1225 ea:
438 1198 510 1224 vobis
523 1198 610 1225 homo.
625 1205 700 1231 quem
713 1197 736 1223 ei
747 1197 858 1230 postulet
874 1197 947 1231 ﬁlius
962 1207 1025 1226 suus

371 1242 475 1268 panem,
499 1231 614 1267 nunquid
635 1232 749 1265 lapidem
764 1232 836 1258 dabit
849 1233 893 1258 ei?

236 1279 270 1308 ν.
294 1279 340 1307 10.
361 1279 395 1305 Ει
415 1278 437 1305 si
464 1276 716 1340 piscentdpboftulet".
739 1279 857 1312 nunquid
878 1285 1023 1313 serpentem

578 1323 591 1339 ιι
611 1319 629 1340 ιι
657 1321 698 1340 et.

578 1319 629 1340 ιιυιι
657 1321 679 1340 ει
691 1319 698 1339 2

271 1359 339 1388 Vide
350 1367 432 1394 porro
445 1366 479 1385 an
496 1359 532 1385 sit
545 1358 665 1393 cognitio
678 1358 885 1391 murimcnlum,
900 1358 959 1385 sine
972 1366 1025 1393 quo

236 1406 326 1434 salvos
339 1413 400 1433 esse
418 1413 471 1432 non
495 1404 578 1437 licet;
599 1407 662 1439 puta
681 1411 771 1430 sermo
789 1404 904 1439 diligens
922 1405 954 1431 de
975 1405 1025 1432 hoc

236 1452 305 1488 ipso,
320 1450 456 1486 quomodo
470 1450 531 1477 cibo
550 1450 678 1476 utendum
697 1449 742 1476 sit.
763 1447 849 1475 Piscis
871 1454 962 1476 autem
984 1454 1026 1476 est

235 1499 369 1533 quasique
386 1497 529 1525 obsonium
545 1503 594 1530 pro
615 1495 674 1522 viro
697 1495 817 1527 erudito,
834 1495 904 1522 scire
921 1496 1024 1522 consti-

1080 921 1134 958 γὰρ
1149 923 1165 957 ή
1179 921 1232 949 τῶν
1249 921 1392 956 σωτηρίων
1408 921 1550 956 δογμάτων
1566 920 1677 956 ἀλήθεια
1692 920 1862 956 λαμὸἀνεται,

1081 967 1206 1002 ἐπιμελεῖ
1219 967 1297 1002 εὐχῇ,
1315 966 1362 992 καὶ
1378 966 1424 992 τοῦ
1445 965 1610 1002 ἡγεμονικοῦ
1628 966 1656 991 ἐν
1676 964 1715 1000 τῷ
1734 965 1822 999 ζητεῖν
1837 965 1864 991 τὰ

1081 1013 1139 1040 θεῖα
1161 1012 1345 1043 καταστάσει,
1360 1012 1408 1039 καὶ
1428 1012 1492 1047 περὶ
1512 1011 1558 1038 τοῦ
1576 1011 1664 1047 εὑρεῖν
1687 1010 1863 1046 συναισθὴτως

1079 1059 1129 1095 τῆς
1145 1059 1198 1085 τῶν
1216 1059 1415 1095 κεκρυμμένων
1431 1057 1548 1093 Γραφῶν
1565 1057 1716 1092 ἀσφαλείας
1731 1057 1761 1084 τὸ
1782 1057 1862 1092 βάθος,

1080 1106 1190 1142 ἀκριϐεῖ
1206 1105 1464 1141 πολυπραγμοσύνῃ·
1479 1104 1551 1130 οὕτω
1563 1104 1618 1140 γὰρ
1631 1103 1787 1138 ἀνοίγεσθαί
1806 1112 1863 1138 φησι

1079 1153 1128 1184 τὰς
1140 1153 1262 1188 Γραφάς.

1079 1200 1154 1234 Στιχ.
1171 1200 1203 1227 θ’.
1222 1200 1269 1232 Τίς
1282 1199 1316 1231 ἐξ
1330 1198 1413 1233 ὑμῶν
1429 1198 1599 1234 ἅνθρωπος,
1616 1196 1721 1234 ὅγ’-ἐὰν
1732 1196 1837 1234 alnng
1849 1197 1863 1223 ό

1114 1231 1179 1268 ιὶίὸς
1191 1231 1284 1262 αὑτοῦ
1298 1231 1399 1269 ἄρτον,
1417 1234 1460 1269 μὴ
1481 1231 1568 1260 λίθον
1582 1232 1722 1259 ἐπιδώσει
1741 1231 1834 1265 αὑτῷ;

1079 1282 1153 1316 Στιχ.
1168 1281 1192 1308 ι’.
1211 1281 1266 1308 Καὶ
1279 1281 1333 1308 ἐὰν
1349 1280 1438 1315 ἰχθὺν
1454 1279 1574 1324 gignor",
1591 1279 1634 1314 μὴ
1649 1279 1721 1314 ὅφιν
1734 1278 1862 1305 ἐπιδώσει

1427 1323 1523 1348 αυτῳ;

1116 1363 1186 1399 Ὅρα
1199 1363 1228 1389 δὲ
1245 1363 1269 1389 sl
1375 1361 1475 1396 γνῶσις
1494 1361 1598 1397 τροφὴ,
1612 1358 1646 1396 ἧς
1665 1361 1724 1387 ἄνω
1747 1360 1796 1386 οὺχ
1813 1358 1862 1385 ἐστι

1080 1408 1223 1442 σώζεσθαι·
1238 1405 1293 1434 οἷον
1307 1409 1322 1435 ὁ
1337 1409 1402 1443 περὶ
1419 1407 1464 1433 τοῦ
1482 1406 1540 1438 πῶς
1557 1405 1674 1442 βρωτέον
1690 1404 1807 1440 ἀκριϐὴς
1825 1404 1862 1430 λό-

1078 1464 1136 1490 γος.
1156 1455 1242 1490 ’ἰχθὺς
1268 1454 1296 1481 δὲ
1313 1454 1360 1481 καὶ
1384 1451 1440 1480 οἷον
1461 1453 1525 1487 ὕψον
1551 1451 1697 1487 φιλομαθεῖ
1722 1452 1754 1479 τὸ
1775 1450 1861 1478 εἰδέναι

1079 1501 1209 1527 σύστασιν
1230 1499 1346 1534 κόσμου,
1370 1499 1510 1534 ἐνέργειαν
1537 1498 1686 1533 στοιχείων,
1715 1496 1800 1532 ἀρχὴν
1823 1496 1862 1522 καὶ

237 1545 369 1572 tutionem
385 1543 488 1574 mundi,
501 1542 573 1569 vires
588 1542 800 1573 elementorum.
818 1541 981 1575 principimn
998 1546 1025 1568 ct

1083 1547 1154 1578 τέλος
1178 1547 1226 1573 καὶ
1250 1546 1397 1581 μεσότητα,
1423 1545 1472 1571 καὶ
1495 1545 1546 1571 ὅσα
1571 1544 1635 1579 ἑξῆς
1654 1544 1670 1579 ἡ
1694 1543 1775 1578 σοφία
1788 1542 1860 1576 λέγει.

236 1592 317 1618 linem
330 1595 359 1618 et
373 1589 501 1621 medium,
521 1593 548 1616 et
572 1595 631 1622 qua:
657 1587 785 1622 deinceps
801 1587 972 1622 philosophia
986 1587 1026 1614 lo-

236 1636 339 1670 quitur.
355 1635 411 1663 Nec
427 1643 491 1670 ergo
507 1642 555 1670 pro
572 1641 640 1668 pane
657 1633 773 1667 lapidem
788 1633 834 1660 dat
849 1634 930 1665 Deus,
945 1641 1024 1668 quem

236 1683 360 1710 diabolus
375 1682 479 1709 comedi
507 1689 521 1708 a
541 1679 856 1714 Jesuyolebatz‘neqne
882 1687 930 1713 pro
953 1680 1025 1714 pisce

235 1733 402 1764 serpentem,
421 1735 500 1763 quem
525 1726 671 1754 comedunt
691 1724 846 1760 Ethiopes,
861 1725 962 1760 indigni
979 1726 1024 1760 qui

233 1775 309 1810 pisce
333 1781 489 1802 vescantur.
507 1773 648 1806 Quomodo
674 1780 740 1800 vero
767 1772 914 1806 discipulos
940 1771 1026 1799 malos

234 1821 401 1856 appellavit?
423 1820 491 1853 Quia
508 1820 634 1854 quamvis
659 1826 692 1846 ex
714 1818 855 1853 proposito
878 1818 1024 1845 voluntatis

234 1867 437 1902 sequebantur;
464 1870 492 1893 at
520 1867 607 1893 inerat
632 1865 685 1892 illis
709 1864 834 1891 humana!
862 1864 1025 1891 conditionis

234 1913 415 1942 mutabilitas.
432 1913 513 1940 Solus
533 1918 623 1938 autem
640 1910 821 1938 immutabilis
841 1915 900 1937 erat
913 1914 940 1938 et
957 1910 1026 1937 divi-

234 1959 319 1986 nitate
352 1963 380 1985 et
403 1957 574 1985 humanitate
597 1956 645 1984 Dei
670 1955 765 1983 Filius.
781 1955 847 1982 Data
870 1963 936 1982 vero
956 1956 1025 1983 bona

235 2005 354 2040 appellat
371 2005 522 2040 spiritualia
541 2004 624 2031 dona.
636 2001 727 2029 Lucas
743 2001 875 2036 Spiritum
898 2007 1023 2028 sanctum

233 2051 314 2084 dixit,
330 2042 378 2086 pro
392 2058 423 2078 eo
443 2055 472 2077 ut
491 2050 608 2080 diceret,
624 2048 707 2075 bona.
731 2048 766 2074 At
786 2047 889 2074 nullum
906 2051 948 2073 est
968 2047 1025 2073 dis-

233 2097 349 2126 crimen.
363 2096 423 2131 lpse
441 2095 513 2122 enim
530 2094 650 2128 Spiritus
673 2098 795 2125 sanctus,
808 2097 850 2120 est
866 2093 958 2119 lulnen
977 2092 1026 2119 lio-

233 2151 297 2171 num
312 2152 318 2169 :
335 2146 478 2178 propterea
493 2140 574 2167 etiam
592 2139 774 2174 participibus
786 2139 844 2165 suis
858 2139 927 2165 bona
943 2137 1026 2172 largi-

234 2194 288 2217 tur.
311 2190 347 2216 At
361 2188 433 2215 enim
451 2188 478 2214 in
504 2193 609 2213 summe
627 2185 719 2220 pravis
744 2189 860 2219 propter
885 2191 1022 2218 nunquam

1077 1593 1146 1620 υῠτε
1162 1593 1224 1620 ἀντὶ
1239 1592 1286 1619 τοῦ
1303 1592 1385 1627 ἄρτου
1401 1590 1473 1617 λίθον
1489 1590 1595 1616 δίδωσιν
1610 1590 1624 1616 ὁ
1640 1589 1718 1621 Θεὸς,
1734 1588 1763 1615 ὃν
1782 1589 1796 1614 ὁ
1813 1587 1862 1614 διά-

1077 1637 1153 1669 ϐολος
1167 1637 1305 1664 ἐσθίεσθαι
1323 1636 1375 1663 ὑπὸ
1393 1635 1440 1662 τοῦ
1462 1635 1549 1670 Ἰησοῦ
1568 1634 1708 1661 ἐϐούλετο·
1730 1633 1791 1660 οὗτε
1810 1633 1861 1659 ἀντὶ

1078 1683 1167 1719 ἰχθύος
1183 1683 1254 1717 ὄφιν,
1268 1683 1297 1709 ὃν
1311 1681 1446 1708 ἐσθίουσιν
1460 1682 1485 1707 οἰ
1500 1680 1604 1713 ἀνάξιοι
1617 1679 1664 1706 τοῦ
1680 1679 1758 1714 ἰχθὺν
1772 1677 1860 1704 ἐσθίειν

1076 1730 1213 1761 Αἰθίοπες.
1231 1729 1293 1760 Πῶς
1305 1728 1333 1754 δὲ
1348 1728 1412 1759 τοὺς
1427 1727 1551 1763 μαθητὰς
1569 1727 1705 1762 πονηροὺς
1724 1725 1858 1754 ἐκάλεσεν;

1076 1776 1107 1802 El
1121 1776 1176 1811 γὰρ
1189 1775 1236 1802 καὶ
1251 1775 1414 1810 ἠκολούθουν
1423 1775 1455 1800 ὲκ
1467 1774 1664 1809 προαιρέσεως,
1681 1772 1740 1798 ἀλλ’
1754 1769 1822 1806 εἶχον
1835 1770 1860 1796 τὺ

1075 1821 1191 1857 τρεπτὺν
1207 1820 1254 1847 τοῦ
1272 1821 1453 1856 ἀνθρωπίνου.
1468 1820 1556 1847 Μονον
1574 1819 1603 1845 δὲ
1625 1820 1760 1854 ἅτρεπτος
1773 1816 1804 1852 ἦν
1820 1817 1860 1843 καὶ

1076 1867 1184 1903 θεότητι
1199 1868 1246 1894 καὶ
1270 1867 1460 1903 ἀνθρωπότητι
1483 1867 1497 1893 ὁ
1517 1865 1564 1892 τοῦ
1588 1865 1656 1892 Θεοῦ
1673 1865 1749 1896 Υἱός,
1761 1864 1859 1899 Δόματα

1075 1913 1104 1940 δὲ
1129 1913 1220 1947 ἀγαθὰ
1245 1913 1323 1939 καλεῖ
1347 1913 1397 1944 τὰς
1425 1911 1614 1947 πνευματικὰς
1639 1911 1755 1946 δωρεάς.
1783 1910 1810 1936 '0
1834 1908 1858 1934 δὲ

1075 1960 1183 1991 Λουκᾶς
1198 1959 1311 1994 Πνεῦμα
1329 1959 1406 1992 ἅγιον
1423 1957 1509 1990 εἶπεν,
1525 1958 1586 1984 ἀντὶ
1604 1957 1651 1983 τοῦ
1666 1958 1755 1983 εἰπεῖν
1768 1954 1857 1990 ἀγαθά.

1076 2005 1132 2032 Καὶ
1153 2004 1228 2032 οὐδὲν
1250 2005 1280 2031 τὸ
1301 2004 1439 2040 διάφορον.
1464 2003 1500 2030 Τὸ
1515 2003 1569 2038 γὰρ
1585 2003 1659 2037 ἅγιον
1676 2001 1788 2036 Πνεῦμα
1801 1999 1858 2026 αὑτό

1075 2053 1134 2078 ἐστι
1157 2051 1188 2078 τὺ
1213 2051 1270 2086 φῶς
1291 2051 1403 2086 ἀγαθόν’
1428 2050 1468 2077 διὸ
1490 2050 1538 2077 καὶ
1560 2050 1615 2080 τοῖς
1640 2048 1764 2084 μετόχοις
1785 2045 1857 2073 αὑτοῦ

1075 2098 1181 2125 δίδωσιν
1201 2097 1302 2132 ἀγαθά.
1317 2097 1378 2129 Τοῖς
1394 2097 1422 2123 δὲ
1440 2097 1508 2131 ἄγαν
1524 2097 1663 2131 πονηροῖς,
1678 2095 1723 2121 δια
1742 2094 1772 2120 τὸ
1790 2093 1856 2120 ἀνεν-

1075 2145 1159 2177 δότως
1173 2145 1342 2180 ἁμαρτάνειν
1356 2145 1457 2178 τρόπον
1471 2144 1533 2170 τινὰ
1553 2142 1633 2176 φύσις
1649 2142 1742 2173 αὐτοῖς
1754 2142 1770 2176 ἡ
1784 2140 1857 2166 κακία

1074 2192 1187 2226 γίνεται·
1206 2189 1261 2223 οἷός
1274 2192 1348 2217 ἐστιν
1363 2191 1376 2216 ὁ
1397 2191 1518 2220 Σατανᾶς
1538 2189 1585 2215 καὶ
1597 2189 1621 2214 οἱ
1635 2187 1771 2222 δαίμονες.
1783 2185 1857 2212 Δύνα-

233 2234 389 2263 intermissa
402 2237 524 2268 peccata,
537 2232 632 2258 vitium
644 2230 844 2266 quodammodo
859 2229 885 2256 in
898 2235 1021 2256 naturam

1083 2246 1119 2264 ται
1135 2237 1189 2273 γάρ
1203 2245 1245 2268 τις
1260 2238 1308 2264 καὶ
1321 2237 1432 2268 τούτους
1444 2235 1522 2270 φύσει
1537 2235 1640 2265 κακοὺς
1654 2235 1752 2263 εἰπεῖν,
1765 2232 1856 2265 καίπερ

233 2280 326 2308 evadit
341 2287 349 2306 :
362 2279 450 2314 qualis
462 2282 505 2305 est
516 2277 632 2304 Satanas
644 2282 672 2303 et
682 2276 828 2304 daemones.
841 2274 933 2302 Potest
949 2275 1021 2302 enim

233 2325 296 2360 quis
313 2324 393 2351 etiam
415 2323 464 2350 hos
479 2325 578 2348 natura
599 2321 684 2348 malos
708 2320 810 2352 dicere,
831 2319 954 2354 quamvis
968 2327 1020 2346 non

233 2374 330 2397 natura
347 2368 432 2396 malos
449 2372 568 2399 creatos,
583 2367 629 2394 sed
645 2373 678 2393 ex
694 2365 838 2393 arbitraria
853 2366 956 2392 malitia
971 2366 1019 2392 de-

233 2422 373 2453 pravalos'
545 2447 621 2476 CAP.
640 2447 705 2476 Vill.

232 2497 266 2526 ν.
281 2497 325 2524 Η.
343 2495 423 2524 Multi
440 2495 472 2522 ab
490 2495 590 2521 oriente
609 2500 632 2520 et
653 2494 787 2521 accidente
807 2494 918 2524 venient.
938 2498 962 2520 et
979 2501 1020 2520 re-

267 2533 388 2559 cumbent
408 2538 466 2558 cum
481 2529 613 2557 Abraham
626 2534 649 2555 et
664 2528 743 2556 Isaac
763 2534 788 2556 et
805 2528 886 2556 Jucob
900 2530 927 2554 in
941 2536 1019 2561 regno

269 2569 404 2593 caelorum.

269 2575 404 2595 malorum.

268 2613 297 2641 Si
314 2617 428 2648 angusta
441 2616 465 2639 et
489 2615 591 2638 arctatu
613 2615 650 2636 est
670 2609 724 2641 via,
742 2615 767 2637 et
786 2610 864 2645 pauci
883 2610 928 2644 qui
949 2609 1020 2636 inve—

232 2660 308 2687 niunt
329 2667 386 2686 eam
400 2659 421 2691 ³,
435 2658 482 2692 p'er
491 2664 572 2691 quam
590 2656 682 2690 plures
701 2656 901 2690 ingredientur?
917 2657 950 2683 de
965 2655 1018 2682 lata

233 2707 306 2733 enim
322 2711 348 2732 et
371 2705 489 2740 spatiosa
514 2703 590 2736 dicit,
607 2703 677 2737 quod
695 2703 770 2729 multi
788 2702 976 2738 ingredientur
991 2702 1016 2728 in

232 2760 305 2779 eam.
318 2753 439 2778 Dicimus
446 2757 522 2785 ergo,
536 2757 689 2778 sortnonem
703 2749 809 2777 Domini
824 2749 924 2776 dictum
935 2747 1018 2776 fuisse

268 2809 366 2836 'Jtian.
382 2818 402 2841 ι,
417 2810 459 2837 l3.
498 2809 509 2824 ³
524 2808 616 2836 Matth.
638 2816 686 2841 vn,
708 2808 751 2834 l4.

268 2856 305 2891 (5)
319 2857 355 2884 Ex
376 2858 435 2885 cod.
449 2857 544 2885 Venet.
559 2864 643 2890 χχιιι,
663 2864 723 2890 pag.
740 2854 784 2881 '25.

1077 2282 1114 2318 μὴ
1131 2283 1210 2318 φύσει
1225 2284 1328 2315 κακοὺς
1343 2281 1605 2318 δημιουργηθέντας,
1617 2279 1674 2306 ἀλλ’
1691 2279 1722 2311 ἐξ
1735 2278 1856 2311 αὐτοτρο-

1073 2329 1181 2363 αιρέτου
1197 2329 1297 2361 κακίας
1311 2327 1529 2362 ἀπεσκληκύτας.

1395 2449 1472 2476 ΚΕΦ.
1494 2449 1534 2474 H'.

1073 2495 1147 2524 Στιγ.
1177 2498 1222 2522 ια’.
1247 2495 1359 2522 Πολλοὶ
1387 2494 1446 2522 ἀπὸ
1476 2492 1632 2521 ἀνατολῶν
1659 2492 1707 2518 καὶ
1740 2487 1854 2524 δυσμῶν

1112 2504 1119 2521 ι
1142 2516 1147 2521 .
1177 2504 1222 2522 ια’.
1247 2504 1359 2522 ιιολλοι
1387 2504 1446 2522 arto
1476 2504 1632 2521 arato.th
1659 2504 1707 2518 και
1740 2504 1847 2524 υυυμυιι

1109 2504 1231 2563 ἥξουσι,
1247 2531 1296 2557 καὶ
1311 2529 1564 2562 ἀνακλιθήσονται
1580 2528 1655 2562 μετὰ
1674 2525 1798 2563 Ἀϐραὰμ
1810 2522 1853 2562 {ull

1116 2562 1214 2592 Ἰσαὰκ
1228 2566 1275 2592 καὶ
1291 2565 1390 2593 Ἰακὼϐ
1400 2566 1435 2591 ἐν
1446 2564 1482 2598 τῇ
1491 2563 1636 2596 ,βασιλείῃ
1648 2562 1707 2589 τῶν
1716 2563 1851 2595 aii-partur-

1108 2612 1142 2638 Et
1163 2612 1256 2646 στενὴ
1281 2612 1331 2639 καὶ
1357 2611 1534 2646 τεθλιμμένη
1558 2610 1645 2636 ἐστὶν
1667 2609 1686 2642 ἡ
1711 2607 1793 2639 ὁδὸς,
1809 2603 1851 2630 καὶ

1073 2658 1169 2692 ὀλίγοι
1185 2660 1212 2685 οὶ
1225 2659 1421 2692 εὑρίσκοντες
1435 2656 1548 2690 αὐτὴν,
1562 2655 1606 2682 διὰ
1629 2655 1709 2685 ποίας
1726 2654 1750 2679 οἱ
1771 2649 1852 2677 πολλοὶ

1071 2703 1290 2736 είσελεύσονται;
1314 2705 1378 2740 περὶ
1403 2703 1458 2738 γὰρ
1486 2702 1614 2733 πλατείας
1638 2700 1686 2727 καὶ
1706 2696 1850 2734 εὐρυχώρου

1071 2749 1155 2783 λέγει,
1170 2751 1210 2778 ὅτι
1226 2750 1318 2778 πολλοὶ
1331 2749 1526 2776 εἰσελεύσονται
1539 2748 1573 2774 δι’
1585 2747 1680 2782 αὐτῆς.
1692 2744 1745 2772 Καί
1760 2749 1850 2778 φαμεν.
