1919 3074
69 111 119 137 Ξηό

676 110 819 139 SCIIOLIA
839 110 873 138 IN
893 110 1111 139 MAT'I'IIA'IUM.

1649 112 1703 140 ‘llH

70 169 107 195 ὅτι
120 168 135 194 ὁ
151 167 201 203 μὲν
217 167 266 193 τοῦ
285 167 414 204 Σωτῆρος
432 168 509 202 λόγος
531 167 638 203 εἴρηται
648 187 655 200 ,
672 168 765 203 ἐπειδὴ
779 168 858 202 ὀλίγοι

916 168 1047 202 siquidem
1071 169 1151 203 pauci
1168 176 1200 196 ex
1225 168 1308 196 Israel
1333 168 1519 196 salvabantur.
1543 168 1602 196 Non
1623 170 1701 197 multi

70 213 122 241 ἀπὸ
135 213 185 240 τοῦ
210 213 322 249 Ἰσραὴλ
342 213 482 245 ἐσώζοντο·
498 212 528 239 οὐ
552 212 645 239 πολλοὶ
661 213 716 248 γὰρ
737 213 863 240 ἐπίστευ-

71 269 119 287 σαν
141 260 182 292 εἰς
201 259 295 286 αὐτόν.
319 259 366 285 Διὸ
388 259 436 286 καὶ
460 258 546 293 ἐλεγε-
566 258 615 293 Μὴ
639 259 732 293 φοϐοῦ
754 259 863 293 μικρὸν

71 306 222 340 ποίμνιον,
242 305 287 331 ὅτι
308 305 479 339 εὐδόκησεν
500 307 516 331 ό
532 304 604 338 Θεὸς
627 305 662 332 ἐν
675 306 736 332 σοι.
754 306 863 341 Προφη-

69 352 154 383 τικῶς
164 351 192 378 δὲ
207 351 305 386 ἐλέχθη
323 351 369 384 τὸ,
384 346 495 378 Πολλοὶ
513 351 651 384 ἥξουσιν-ο
669 351 707 383 ὡς
728 351 792 386 περὶ
808 350 862 377 τῶν

72 398 226 433 μελλόντων
239 396 377 424 πιστεύειν
389 397 429 429 είς
445 396 524 422 αὑτὸν
538 395 591 422 ἀπὸ
603 396 657 422 τῶν
674 395 769 422 ἐθνῶν.
787 397 862 422 Πολ-

70 444 130 476 .lol,
155 443 251 479 φησιν,
267 443 305 475 ὠς
325 443 395 479 πρὸς
410 443 472 474 τοὺς
488 442 557 477 μετὰ
578 442 627 477 τὴν
650 442 800 478 παρουσίαν
824 442 861 477 μὴ

71 491 289 522 πιστεύσαντας,
309 490 334 515 ol
356 489 409 515 ἀπὸ
435 488 489 515 τῶν
514 487 597 514 ἐθνῶν
621 487 861 523 ἀνακλιθησόμενοι

72 538 141 574 μετὰ
161 537 291 573 ’Δὸραὰμ
307 536 354 563 καὶ
368 535 421 562 τῶν
437 535 466 567 ἐξ
478 535 560 562 αὑτοῦ
574 536 602 562 ἐν
621 536 653 570 τῇ
671 534 793 570 βασιλείᾳ
807 535 861 561 τῶν

70 583 205 620 οὐρανῶν·
221 583 268 609 καὶ
279 582 318 617 τῷ
330 581 439 617 ἀριθμῷ
451 581 480 608 δὲ
495 581 710 612 πολλαπλασίους
721 577 794 608 οὗτοι
806 581 861 608 τῶν

69 631 124 657 ἀπὸ
156 629 268 666 Ἰσραὴλ
296 629 343 656 καὶ
373 629 418 656 τὸν
446 628 549 664 Ἰησοῦν
574 627 690 664 Χριστὸν
716 627 861 663 ὁμολογου-

71 677 170 711 μένων.

394 731 472 756 ΚΕΦ.
495 730 545 756 IA’.

69 779 144 814 Στιχ.
165 777 210 804 ια’.
231 777 259 804 ’0
275 777 309 804 δὲ
326 777 498 814 μικρότερος
578 775 619 814 ζῇ.
634 776 779 810 βασιλείᾳ
801 775 860 802 τῶν

231 812 367 847 οὐρανῶν
379 811 485 846 μείζων
501 811 593 838 αὑτοῦ
607 811 701 838 ἐστιν.

67 861 143 895 Στιχ.
158 858 201 894 ιβ’.
221 859 297 896 ξΑπξὸ
313 858 357 896 δὲ-
367 856 424 884 τῶν
438 856 564 896 ﬂuean
579 856 715 896 ᾎωάνιςου
734 856 786 896 τοῦ
802 858 836 896 Bg

102 893 236 922 άὶιστοῦ
260 894 317 926 ἕως
339 893 404 927 ἄρτι
429 893 447 927 ἡ
468 893 613 927 ,βασιλεία
643 893 702 918 τῶν
725 893 861 926 οὐρανῶν

99 929 247 963 βιάζεται,
260 929 308 956 καὶ
321 926 447 961 ,ϐιᾶσταὶ
463 926 647 962 ἁρπάζουσιν
660 926 767 960 αὐτήν.

102 985 196 1020 Φαμὲν
212 984 242 1011 τὸ
256 985 433 1019 μικρότερον
452 984 517 1019 περὶ
531 982 612 1009 αὑτοῦ
628 982 716 1017 λέγειν
735 982 781 1009 τοῦ
795 984 861 1018 Χρι-

68 1032 143 1058 στοῦ·
171 1031 334 1067 μικρότερον
355 1030 383 1056 δὲ
405 1029 475 1057 κατὰ
492 1029 540 1064 τὴν
555 1029 665 1064 δόκησιν
678 1028 732 1056 τῶν
746 1029 859 1055 ἀκουόν-

67 1087 130 1105 των.
146 1077 185 1103 Τὸ
195 1077 235 1109 δὲ,
250 1077 285 1103 ἐν
300 1075 336 1110 τῇ
348 1076 492 1109 βασιλείᾳ
507 1074 565 1101 τῶν
580 1074 725 1109 οὐρανῶν,
743 1074 816 1110 δηλοῖ
831 1076 860 1101 ἐν

66 1125 122 1155 τοῖς
139 1123 350 1158 πνευματικοῖς,
369 1123 416 1149 καὶ
436 1123 465 1148 ὲν
490 1123 546 1153 τοῖς
567 1121 626 1148 κατ’
643 1121 757 1157 οὐρανὸν
774 1122 859 1148 ἅπασι

66 1169 114 1195 καὶ
131 1169 235 1202 Θεῐκοῖς
259 1168 371 1203 μείζονα
384 1167 517 1203 ὑπάρχειν
540 1167 643 1194 ἐκείνου
665 1167 711 1193 τὸν
730 1167 857 1202 Χριστόν.

64 1215 162 1246 Οὕτως
172 1215 202 1241 δὲ
215 1214 429 1249 ἀναγνωτόμεθα
439 1234 446 1246 ,
460 1215 513 1246 ὅτι,
527 1214 713 1248 Μικρότερος·
729 1211 797 1246 εἶτα,
813 1222 858 1248 μι-

67 1261 132 1296 κρὸν
157 1260 345 1292 διαλιπόντες,
369 1260 514 1295 ἐποίσομεν
532 1259 580 1292 τὸ,
599 1260 646 1286 Ἐν
666 1259 704 1293 τῇ
715 1260 860 1293 βασιλείᾳ

67 1307 126 1334 τῶν
142 1306 284 1341 οὐρανῶν
293 1306 399 1341 μείζων
413 1306 507 1333 αὐτοῦ
523 1306 618 1334 ἐστιν.
636 1306 669 1332 Ἦ
689 1306 718 1332 δὲ
735 1305 860 1341 βασιλεία

66 1361 118 1380 νιν
132 1353 259 1387 οὐρανῶν
282 1352 363 1384 αὑτός
378 1354 450 1378 ἐστιν
463 1353 477 1378 ὁ
492 1352 608 1388 Χριστὸς
618 1373 625 1385 ,
640 1352 859 1388 προτρεπόμενος

64 1399 171 1430 πάντας
184 1400 225 1430 εἰς
243 1398 397 1434 μετάνοιαν,
416 1398 463 1424 καὶ
481 1397 567 1424 ἕλκων
584 1399 624 1429 είς
638 1397 732 1424 ἑαυτὸν
753 1398 797 1425 διὰ
810 1398 859 1434 τῆς

63 1446 190 1482 χάριτος.

386 1491 464 1518 ΚΕΦ.
489 1490 539 1518 IB’.

66 1548 141 1583 Στιχ.
158 1548 200 1574 ιδ’.
217 1549 250 1574 οἱ
262 1547 296 1574 δὲ
309 1547 462 1581 Φαρισαῖοι
475 1547 661 1583 συμϐούλιον
673 1546 784 1575 ἔλαϐον
793 1547 856 1574 κατ’

99 1582 197 1610 αὐτοῦ
216 1583 402 1615 ἐξελθόντες,
417 1583 496 1615 ὅπως
511 1582 604 1609 αὑτὸν
618 1583 822 1610 ἀπολέσωσιν.

102 1630 179 1664 Ὄσῳ
201 1638 244 1660 τις
266 1628 369 1663 ἐγγίζει
386 1628 424 1663 τῷ
446 1627 549 1663 Ἰησοῦ,
567 1628 728 1663 συμϐούλιον
741 1629 771 1655 οὺ
788 1628 859 1664 λαμ-

65 1675 155 1703 ϐάνει.
171 1675 211 1701 Οὐ
232 1674 286 1710 γὰρ
305 1673 410 1708 ἐγγίζει
433 1674 472 1709 τῷ
501 1673 587 1708 Ἰησοῦ
611 1675 627 1709 ὴ
651 1674 789 1709 συμϐουλὴ
805 1674 859 1702 τῶν

66 1721 172 1749 κακῶν.
191 1721 256 1748 Ὅτε
268 1720 297 1747 δέ
312 1729 355 1752 τις
370 1720 416 1746 τοῦ
439 1719 527 1755 Ἰησοῦ
545 1720 653 1756 ἔρχεται
667 1719 728 1752 ἔξω,
744 1720 860 1756 συμϐού-

66 1767 122 1794 λιον
147 1767 283 1802 λαμϐάνει
311 1766 357 1792 τοῦ
382 1766 513 1793 ἀπολέσαι
533 1766 562 1793 τὸ
586 1766 653 1801 φῶς,
670 1766 719 1802 τὴν
735 1766 794 1794 ὁδὸν
810 1766 859 1802 τὴν

65 1812 185 1848 ἀγαθὴν,
202 1812 251 1848 τὴν
268 1811 351 1847 ζωὴν,
368 1811 412 1837 τὸν
422 1811 567 1847 θησαυρὸν,
584 1811 629 1837 τὸν
649 1812 860 1847 μαρτυρήσαντα

65 1859 115 1894 ’μὴν
139 1858 263 1893 ἀγάπην,
279 1857 328 1893 τὴν
348 1859 469 1893 εἰρήνην.
491 1857 593 1884 Τοῦτον
610 1858 643 1885 ἄν
664 1867 706 1890 τις
726 1859 857 1896 ἀπολέσῃ,

66 1905 122 1937 υἱὸς
135 1904 276 1935 ἀπωλείας
291 1903 420 1930 καλεῖται.

107 1950 184 1984 Στιχ.
202 1953 243 1976 ιε’.
265 1949 291 1975 '0
305 1949 339 1975 δὲ
361 1949 486 1983 Ἰησοῦς,
501 1950 592 1984 γνοὺς
608 1950 815 1984 ἀπεχώρησεν.

100 1997 160 2022 Οὐκ
181 1995 235 2022 ἔδει
261 1996 315 2031 γὰρ
337 1995 417 2023 αὐτὸν
443 1997 534 2032 μένειν
560 1997 629 2032 μετὰ
653 1997 705 2024 τῶν
728 1997 793 2025 υἱῶν
810 1998 858 2034 τῆς

64 2042 216 2074 ἀπωλείας.
240 2042 353 2068 Ἐκεῖνοι
374 2041 530 2076 ἀπώλεσαν,
552 2044 649 2078 ἡμεῖς,
667 2043 704 2079 μὴ
725 2043 859 2078 ζητήσαν-

65 2097 121 2120 τες,
138 2088 269 2124 εὕρομεν.
285 2088 421 2123 Εὑρέθην
435 2089 500 2123 τὰρ,
520 2090 598 2125 φησὶ,
615 2090 676 2123 τοῖς
690 2089 742 2124 ἐμὲ
755 2090 798 2124 μὴ
812 2090 859 2125 ζη-

65 2135 193 2162 τοῦσιν·
218 2135 357 2169 ἐμφανὴς
372 2135 521 2170 ἐγενόμην
541 2135 602 2168 τοῖς
619 2135 671 2170 ἐμὲ
686 2136 729 2170 μὴ
751 2136 859 2170 ἐπερω-

64 2179 168 2207 τῶσιν.
185 2180 273 2211 Αὐτὸς
287 2180 341 2215 γὰρ
354 2178 436 2215 ἦλθεν
447 2180 494 2206 ἐπὶ
512 2180 546 2207 τὰ
566 2180 688 2216 πρόϐατα
699 2180 734 2207 τὰ
749 2181 856 2208 ἀπολω-
872 2191 895 2219 ι)

65 2225 139 2252 ὶότα·
155 2226 235 2253 αὐτοὶ
249 2225 278 2252 δὲ
291 2225 455 2252 ἐπελάθοντο
469 2225 515 2252 τοῦ
538 2226 603 2252 ἰδίου
625 2227 762 2262 ποιμένος.
783 2228 859 2254 Ἀνα-

65 2273 158 2307 χωρεί,
184 2272 215 2297 οὐ
238 2270 331 2303 δεδιὼς
355 2271 404 2307 τὴν
426 2271 583 2307 ἐπιϐουλὴν,
602 2272 669 2299 ἀλλὰ
688 2273 737 2308 τὴν
760 2274 858 2301 κακίαν

66 2317 246 2343 ἀναστέλλων·
266 2317 314 2343 καὶ
330 2317 372 2344 ἵνα
392 2318 428 2353 μή
444 2326 486 2350 τις
505 2318 582 2354 οἰηθῇ
604 2318 647 2345 διὰ
663 2319 762 2346 δειλίαν
777 2320 858 2347 αὑτὸν

67 2360 322 2396 ἀπκεχωρηκὲναι,
338 2361 443 2394 πάντας
465 2360 512 2388 οὖν
535 2362 718 2398 ἐθεράπευσε,
739 2364 786 2400 τὴν
804 2374 857 2392 πα-

66 2407 150 2442 ναλκῆ
163 2406 249 2433 αὑτοῦ
264 2406 468 2442 ἐνδεικνύμενος
479 2407 603 2443 δύναμιν.
616 2408 688 2444 Πλὴν
699 2409 857 2436 ὑποστέλλει

66 2453 101 2488 μὴ
115 2452 339 2489 δημοσιεύεσθαι,
359 2452 396 2484 ὡς
413 2454 535 2489 ἐπιεικὴς
550 2454 596 2480 καὶ
612 2455 774 2489 ὰκενόδοξος.

391 2543 469 2570 ΚΕΦ.
490 2543 540 2571 II".

66 2599 100 2635 (6)
114 2600 190 2636 Στιχ.
205 2600 259 2636 μᾶ.
282 2601 380 2640 ὈροΙιι
399 2600 519 2640 ἐστὶνῌή
539 2601 684 2640 ,βασιλεία
696 2601 755 2628 τῶν
767 2602 856 2636 οὐρα-

287 2637 350 2662 νῶν
364 2637 513 2670 θησαυρῷ,
528 2645 554 2663 κ.
569 2646 593 2663 τ.
606 2637 631 2663 λ.

96 2682 163 2708 Καθ’
181 2681 282 2717 ἑτέραν
305 2681 334 2707 δὲ
354 2681 466 2717 ἐκδοχὴν
488 2683 531 2718 εἴη
552 2682 574 2708 δ’
589 2682 637 2715 ἂν,
658 2683 742 2718 ἀγρὸς
768 2683 820 2718 μὲν
841 2684 857 2719 ἡ

914 214 986 241 enim
1009 214 1183 241 crediderunt
1198 214 1224 241 in
1245 222 1318 242 eum.
1334 214 1480 249 Propterea
1498 215 1580 242 etiam
1594 215 1700 243 aiebat:

916 258 957 286 Ne
982 260 1085 292 timeas,
1108 259 1204 293 pusille
1225 268 1299 294 grex,
1319 260 1381 295 quia
1401 260 1590 294 beneplacitum
1611 261 1701 288 habuit

914 303 983 330 Deus
1008 304 1036 330 in
1057 308 1081 330 te
1095 303 1128 330 ".
1148 303 1309 339 Prophetice
1336 313 1401 332 vero
1428 305 1528 332 dictum
1556 311 1598 333 est
1623 306 1701 339 illud,

914 348 992 376 Multi
1015 350 1140 381 venient;
1170 349 1203 377 de
1231 350 1323 378 multis
1347 351 1475 378 nimirum
1501 352 1546 386 qui
1570 353 1701 380 credituri

913 395 1034 422 erantin
1059 403 1122 422 eum
1139 403 1173 424 ex
1196 397 1332 431 gentibus.
1353 396 1434 424 Mulli
1456 398 1543 431 dicit,
1571 403 1699 434 tanquam

913 449 962 477 per
979 443 1208 477 comparationem
1226 444 1259 470 ad
1277 450 1334 475 eos,
1349 444 1393 478 qui
1410 449 1470 478 post
1484 444 1628 472 adventum
1646 453 1700 473 non

913 489 1090 517 crediderunt
1109 497 1114 514 :
1133 490 1178 524 qui
1200 497 1232 517 ex
1250 490 1374 524 gentibus
1389 490 1535 518 recubituri
1556 495 1618 518 sunt
1636 498 1698 518 cum

911 534 1048 562 Abraham
1073 539 1100 561 et
1116 535 1150 562 iis
1167 535 1213 569 qui
1234 543 1267 562 ex
1286 543 1318 562 eo
1335 536 1390 562 nati
1409 540 1483 568 sunt,
1501 536 1527 562 ln
1544 542 1626 570 regno
1642 544 1700 564 cm-

913 579 1010 606 lorum.
1032 579 1151 606 Numero
1166 584 1257 607 autem
1275 584 1338 608 sunt
1360 580 1510 615 multiplice
1525 580 1570 608 isti
1593 588 1647 615 prae
1665 581 1698 608 iis

912 625 958 660 qui
978 625 1090 652 fuerunt
1107 632 1142 652 ex
1166 624 1267 658 Israel,
1296 630 1324 652 ct
1341 624 1432 654 Iesum
1454 625 1594 653 Christum
1612 626 1698 654 conii-

913 676 1015 698 tentur.

1253 726 1307 753 AP.
1327 725 1372 753 XI.

1231 727 1307 754 CAP.
1327 727 1372 753 XI.

911 772 944 800 V.
961 773 1004 801 11.
1020 773 1110 800 Minor
1121 778 1218 805 autem,
1232 773 1259 800 in
1273 781 1353 807 regno
1363 779 1486 798 umorum
1498 771 1583 806 mujor
1591 770 1638 798 illo
1649 775 1697 799 est.

525 856 561 883 ὗν
579 856 715 883 Ἰωάννου
734 856 786 883 τοῦ
802 858 858 884 Βα-

916 853 944 880 ν.
965 853 1005 881 12.
1024 853 1045 879 Α
1061 853 1151 879 diebus
1169 860 1227 878 vero
1244 851 1357 878 Joannis
1371 851 1496 885 Βορηειω
1515 859 1597 886 usque
1611 851 1699 878 hacte-

949 897 1008 920 nus,
1033 895 1140 923 regnum
1160 888 1283 914 caelorum
1304 887 1328 913 vi
1350 887 1456 921 agitur,
1479 892 1503 913 et
1527 887 1631 914 uiolenti
1652 894 1697 912 ra-

945 924 1020 957 piunt
1042 923 1119 949 illud.

948 980 1084 1011 Dicimus,
1107 979 1232 1006 minorem
1253 978 1286 1006 de
1309 979 1367 1013 ipso
1383 977 1492 1006 Christo
1516 978 1625 1005 dicere:
1648 978 1699 1006 mi-

912 1033 1006 1053 norem
1035 1033 1132 1060 nempe
1150 1025 1229 1059 juxta
1246 1025 1400 1059 opinionem
1422 1024 1601 1051 audientium.
1618 1024 1697 1057 Illud,

911 1073 938 1099 in
964 1079 1042 1106 regno
1068 1070 1210 1102 caelorum,
1235 1070 1339 1102 innuit,
1355 1070 1379 1096 in
1397 1069 1594 1104 spiritualibus,
1617 1075 1645 1097 et
1669 1070 1697 1096 in

910 1118 1038 1146 omnibus
1057 1125 1117 1152 qua:
1139 1118 1173 1143 ad
1189 1116 1287 1144 caelum
1305 1117 1441 1151 pertinent
1458 1121 1486 1143 et
1510 1124 1552 1143 res
1574 1116 1697 1149 divinas,

911 1163 1039 1198 majorem
1064 1163 1109 1190 illo
1133 1171 1193 1191 esse
1213 1162 1362 1190 Christum.
1387 1162 1433 1190 Sic
1455 1162 1536 1198 igitur
1560 1163 1696 1196 legemus,

911 1211 1018 1239 Minor:
1035 1211 1131 1239 deinde
1155 1211 1280 1246 pusillum
1308 1211 1453 1245 quodpiam
1470 1211 1644 1238 interstitium
1669 1211 1697 1238 in

910 1259 1128 1294 pronuntiatione
1149 1258 1343 1293 relinquentes,
1358 1259 1548 1285 subnectemus
1563 1258 1644 1285 illud:
1663 1256 1698 1284 In

910 1313 988 1340 regno
1008 1305 1135 1332 caelorum
1149 1304 1236 1338 major
1250 1304 1297 1331 illo
1313 1309 1362 1331 est.
1383 1303 1467 1331 Porro
1484 1311 1596 1339 regnum
1611 1303 1697 1331 caelo-

910 1359 981 1384 rum,
996 1355 1037 1378 est
1057 1351 1174 1386 ipsemet
1192 1350 1329 1382 Christus,
1355 1349 1401 1384 qui
1420 1349 1581 1376 adhortatur
1602 1355 1697 1376 omnes

910 1399 942 1426 ad
957 1398 1159 1434 ptenitentiam,
1173 1402 1201 1425 et
1215 1397 1301 1425 trahit
1321 1397 1354 1423 ad
1368 1397 1486 1431 seipsum
1503 1403 1552 1430 per
1565 1396 1694 1431 gratiam.

1227 1483 1300 1511 CAP.
1325 1482 1380 1510 XII.

912 1539 944 1567 V.
965 1540 1009 1567 14.
1026 1538 1157 1567 Pliariswi
1174 1544 1261 1566 autem
1275 1540 1414 1566 consilium
1429 1543 1555 1571 inierunt,
1570 1539 1696 1567 adversus

1017 1575 1091 1602 illum
1111 1575 1278 1609 egredientes,
1300 1580 1326 1601 ut
1351 1575 1435 1608 ipsum
1452 1575 1599 1609 perderent.

946 1620 1053 1654 Quanto
1079 1621 1141 1656 quis
1166 1621 1366 1656 appropinquat
1389 1619 1452 1646 .le'su
1478 1620 1621 1647 consilium
1642 1629 1696 1648 non

911 1666 969 1693 init.
989 1666 1047 1694 Non
1065 1666 1136 1693 enim
1154 1667 1352 1702 appropinquat
1381 1664 1445 1692 Jesu
1471 1666 1614 1693 consilium
1636 1675 1696 1693 Ina-

910 1712 1007 1740 lorum.
1028 1712 1064 1740 At
1086 1713 1196 1747 quando
1219 1713 1280 1746 quis
1299 1717 1376 1739 extra
1397 1712 1490 1739 Jesum
1511 1713 1577 1746 abit,
1604 1714 1696 1741 consi-

910 1758 976 1785 ium
1002 1757 1052 1785 init
1071 1758 1199 1792 perdendi
1230 1758 1336 1789 lumen,
1363 1758 1437 1785 viam
1466 1761 1576 1790 bonam,
1602 1760 1696 1793 vitam,

911 1804 1078 1836 thesaurum,
1092 1803 1274 1831 testimonium
1290 1804 1476 1838 perhibenlem
1497 1805 1531 1831 de
1546 1804 1696 1838 citaritale,

909 1858 987 1885 pace.
1009 1849 1086 1877 Hunc
1106 1850 1128 1877 si
1145 1849 1206 1884 quis
1222 1850 1326 1884 perdat,
1350 1850 1420 1877 ﬁlius
1447 1850 1607 1885 perditionis
1622 1853 1633 1866 ⁸
1650 1858 1697 1878 vo-

909 1901 998 1924 catur.

956 1943 990 1971 ν.
1008 1943 1050 1970 15.
1070 1942 1147 1970 Jesus
1164 1947 1251 1970 autem
1271 1951 1330 1969 cum
1345 1943 1521 1977 cognovisset,
1540 1943 1655 1970 recessit.

944 1988 1002 2016 Non
1020 1989 1092 2016 enim
1113 1989 1228 2016 decebat
1244 1989 1332 2024 ipsum
1353 1996 1463 2016 manere
1482 1997 1542 2016 cum
1559 1989 1621 2017 liliis
1635 1997 1697 2024 per-

910 2035 1031 2062 ditionis.
1054 2035 1093 2062 llli
1115 2035 1306 2069 perdiderunt,
1330 2042 1379 2061 nos
1401 2042 1449 2062 nec
1469 2040 1638 2069 quaerentes,
1656 2035 1698 2062 in-

909 2081 1032 2107 venimus
1050 2089 1057 2106 :
1072 2080 1197 2107 Inventus
1211 2081 1290 2112 enim,
1303 2081 1350 2112 ait,
1365 2089 1423 2107 sunt
1439 2083 1470 2106 ab
1487 2081 1519 2107 iis
1532 2081 1576 2116 qui
1589 2089 1629 2108 me
1645 2089 1698 2108 non

908 2125 1075 2159 quwrebunt,‘
1094 2124 1249 2159 manifestus
1265 2125 1306 2158 [ui
1329 2125 1360 2152 iis
1379 2125 1424 2160 qui
1447 2133 1488 2152 me
1512 2134 1564 2152 non
1583 2127 1696 2152 interro-

909 2171 1004 2205 gabant
1019 2170 1039 2196 ⁵.
1057 2170 1117 2205 Ipse
1136 2171 1207 2197 enim
1233 2172 1300 2198 venit
1324 2171 1358 2198 ad
1373 2180 1430 2198 oves
1451 2179 1509 2207 qua:
1528 2172 1695 2206 perierant“;

911 2221 939 2242 at
961 2216 998 2243 illi
1020 2217 1122 2251 proprii
1148 2217 1264 2252 pastoris
1285 2217 1360 2244 obliti
1384 2222 1455 2245 sunt.
1487 2217 1615 2251 Recedit,
1640 2226 1694 2246 non

910 2261 1013 2288 veritus
1035 2262 1162 2294 insidias,
1188 2263 1235 2289 sed
1263 2263 1463 2296 improbitatem
1491 2263 1692 2297 comprimens:

909 2311 936 2334 et
956 2312 984 2334 ut
1013 2315 1046 2334 ne
1073 2308 1134 2342 quis
1157 2312 1296 2343 reputaret
1320 2315 1429 2343 propter
1451 2314 1550 2336 metum
1569 2317 1629 2336 eum
1653 2317 1697 2337 re-

911 2353 1043 2386 cessisse,
1070 2360 1165 2381 omnes
1188 2353 1313 2386 equidem
1335 2354 1456 2386 curavit,
1483 2355 1694 2390 omnipotentem

910 2400 1038 2426 virtutem
1061 2406 1136 2426 suam
1159 2400 1316 2426 ostendens.
1346 2399 1536 2428 Verumtamen
1563 2407 1639 2429 cavet
1661 2409 1696 2429 ne

916 2444 1080 2477 publicetur,
1099 2449 1227 2479 tanquam
1246 2449 1403 2472 mansuetus
1428 2446 1561 2479 videlicet,
1586 2453 1613 2475 et
1634 2448 1694 2482 glo-

913 2491 957 2517 I‘iw
977 2490 1105 2525 fugitans.
1471 2485 1473 2488 I

1220 2547 1297 2575 CAP.
1315 2548 1383 2578 XIII.

934 2604 966 2632 ν.
982 2604 1026 2631 44.
1046 2604 1138 2632 Simile
1154 2611 1192 2632 eu
1212 2615 1320 2642 regnum
1336 2607 1458 2634 caelorum
1475 2607 1608 2639 thesauro,
1625 2611 1678 2635 etc.

1695 2652 1698 2672 l

949 2684 1101 2712 Secundum
1124 2685 1205 2712 aliam
1222 2686 1421 2720 acceptionem,
1445 2693 1510 2721 ager
1529 2686 1609 2712 fuerit
1625 2686 1696 2712 Scri-

98 2742 118 2756 ³⁸
136 2741 203 2769 an.
222 2749 274 2774 xu,
297 2741 343 2768 52.
381 2741 483 2769 ‘Joan.
500 2750 566 2775 xvtl,
588 2743 632 2770 12.
670 2743 680 2759 ⁵
696 2743 774 2772 Rom.
801 2751 829 2776 ις,
851 2743 858 2770 ε

937 2745 947 2760 ⁶
964 2744 1056 2772 Matth.
1074 2753 1120 2779 xv,
1143 2745 1189 2773 24.

97 2801 133 2836 (6)
148 2801 212 2829 Ηιεε
231 2801 375 2841 (λειω-1ηξο
405 2802 541 2838 pertinent
555 2823 562 2836 ,
584 2807 737 2832 occurrunt
760 2803 787 2831 in
814 2801 875 2831 cod.
894 2810 991 2837 xxvm,
1021 2804 1090 2832 inter
1117 2802 1301 2840 expositiones
1320 2803 1345 2831 in
1365 2802 1475 2837 Lucam,
1493 2809 1528 2838 φ.
1552 2802 1587 2831 53
1611 2810 1690 2838 seqq-

64 2834 224 2872 Ego'versus
238 2834 368 2868 ascripsi.
