1919 3074
84 128 133 158 ἓθῖ

691 138 839 167 SCIIOLIA
857 140 892 168 IN
912 139 1130 170 MATTHEUM.

1658 147 1709 176 298

87 192 143 218 τῶν
155 191 185 220 ὲν
208 193 368 229 ἀνθρώποις
387 198 588 233 προαιρέσεων,
608 200 624 235 ὴ
640 201 773 228 παντοίων
791 200 868 228 ὲθνῶι

928 202 1063 230 luniatum
1084 203 1111 230 in
1133 202 1298 238 hominibus,
1323 209 1350 232 et
1367 205 1503 234 variarum
1521 207 1640 242 gentium
1658 216 1705 235 vo-

87 238 193 273 κλῆσις.
216 239 356 274 Ἐργάται
374 243 493 278 σαγήνης
502 263 509 275 ,
523 244 537 270 ὁ
550 244 651 280 Κύριος
667 246 714 272 καὶ
726 247 750 272 οι
763 248 877 283 προσελ-

86 283 180 315 θόντες
198 283 309 319 ἄγγελοι
330 286 463 316 διακονεῖν
477 289 561 324 αὐτῷ.
579 290 693 325 Ἀγτεῖα
708 292 736 318 at
754 292 876 327 διάφοροι

86 329 178 363 μοναί.
193 331 250 357 οὐκ
272 331 405 366 ἀνάγεται
426 333 453 360 δὲ
466 335 482 369 ὴ
500 335 615 371 σαγήνη,
626 336 682 370 ἕως
704 335 739 365 οὗ
752 338 785 364 τὸ
800 337 876 371 πλή-

82 382 169 408 ρωμα
181 375 242 402 τῶν
257 376 354 404 ἐθνῶν
367 379 498 414 εἰσέλθῃ.
511 380 546 406 Ἦ
557 380 653 413 οὕτως·
669 382 787 417 Σαγήνη
803 384 876 410 ἐστὶν

84 420 103 455 ἠ
118 421 285 458 ἀποστολικὴ
296 423 461 456 διδασκαλία,
483 427 499 461 ὴ
513 426 674 463 ἀδιακρίτως
693 429 877 465 πλλαμὸανο-

87 466 160 501 μένη
179 467 321 500 ’Ῑούδαίους
340 470 387 496 καὶ
405 471 547 507 Ἕλληνας,
568 473 738 510 βαρϐάρους,
752 475 874 508 Σκύθας,

84 510 209 544 δούλους,
218 513 385 550 ἐλευθέρους,
393 517 526 552 πονηροὺς
535 519 580 544 καὶ
588 519 873 555 ἀγαθούςβάλασσα,

83 557 100 582 ὁ
117 557 176 584 τῶν
194 559 344 595 ἀνθρώπων
356 561 422 596 βίος.
447 563 598 598 Αἰγιαλὸς,
614 565 644 591 τὸ
657 566 746 601 τέρμα
768 567 873 594 τούτου.

91 602 138 629 Ἐν
153 604 183 630 δὲ
196 606 229 640 τῇ
243 606 390 642 συντελείᾳ,
408 608 452 634 ὅτε
472 609 627 637 ἀνασπᾶται
642 612 658 647 ή
673 613 777 648 σαγήνη
788 634 796 646 ,
825 614 875 649 se.

82 648 224 684 ορίζονται
239 650 293 677 ἀπὸ
305 651 358 678 τῶν
373 653 483 687 φαύλων
498 656 522 682 οἱ
537 656 644 690 ἀγαθοὶ,
658 658 682 683 οἱ
695 658 743 693 μὲν
754 658 876 694 τιμώμε-

83 703 137 727 νοι,
161 696 186 721 ot
206 695 234 722 δὲ
253 697 436 734 κολαζόμενοι.
455 700 492 727 υὺ
510 701 564 737 γὰρ
578 703 685 730 πάντων
704 704 758 731 τῶν
772 705 875 732 πιστῶν

195 742 210 767 ὸ
222 743 329 778 τρόπος.
343 744 400 771 Ἵνα
415 745 442 772 δὲ
456 746 492 781 μὴ
505 747 601 783 νομίσῃ
612 757 663 780 τις,
678 750 719 776 ὅτι
732 749 783 784 ἔξω
795 751 874 786 μόνον

82 785 231 820 βάλλονται
246 789 270 814 οἱ
283 788 391 816 ἄπιστοι
406 791 453 817 καὶ
465 792 598 828 πονηροὶ,
614 794 766 829 ἐσήμανεν,
781 796 821 822 ὅτι
835 797 874 828 εἰς

80 833 200 870 διηνεκῆ
228 835 338 863 κόλασιν
367 837 615 873 παραπέμπονται·
642 840 696 866 Καὶ
720 841 873 872 ,βαλοῦσιν

80 881 197 914 αὐτοὺς
208 882 252 915 εἰς
264 882 321 916 τὴν
333 882 459 918 κάμινον
470 884 522 911 τοῦ
536 884 640 919 πυρὸς,
664 886 710 913 καὶ
722 887 756 914 τὰ
770 887 843 922 ἑξῆς.

409 929 486 958 ΚΕΦ.
506 930 561 957 IH'.

926 248 1008 275 calio.
1025 247 1183 281 Operatores
1200 256 1317 283 sagenaa,
1341 249 1469 277 Dominus
1494 254 1547 282 est,
1573 256 1602 278 et
1617 252 1706 286 angeli

926 293 972 327 qui
992 293 1126 320 accedunt
1149 297 1177 320 ut
1194 293 1345 321 ministrent
1359 295 1394 321 ei.
1411 294 1493 327 Vasa,
1514 301 1577 323 sunt
1593 297 1706 325 diversa:

927 337 1093 365 mansiones.
1113 337 1171 365 Non
1188 339 1311 366 educitur
1326 344 1414 367 autent
1431 348 1541 375 sageua.
1557 342 1638 369 donec
1652 343 1707 377 ple-

926 383 1017 410 nitudo
1031 383 1233 418 gentiumintret
1247 385 1308 412 ⁷-¹¹.
1325 385 1371 413 Vel
1384 387 1423 413 sic
1437 396 1444 413 :
1461 387 1573 422 Sagana,
1588 394 1629 416 est
1640 396 1705 423 apo-

925 428 1020 455 stolica
1043 429 1165 456 doctrina
1179 448 1187 460 ,
1207 437 1267 464 qua:
1295 430 1531 459 iudiscriminatim
1560 439 1706 468 congregat

925 473 1033 502 Judteos
1044 479 1069 502 et
1084 474 1202 508 Graecos,
1217 468 1372 508 Barbaros,
1397 476 1522 512 Scythas,
1544 486 1647 511 servos,
1673 479 1706 506 Ii-

925 519 1016 552 hcros,
1040 521 1126 547 malos
1145 524 1171 546 et
1196 520 1290 548 bonos.
1314 521 1397 553 Mare.
1421 528 1463 550 est
1486 523 1538 549 vita
1554 523 1704 552 hominum.

928 564 1025 598 Liuus,
1042 566 1104 593 vita;
1116 566 1186 595 ﬁnis.
1207 566 1234 593 In
1250 569 1481 595 consummatione
1496 577 1574 601 vero,
1600 571 1706 603 quando

925 612 1050 639 educitur
1069 619 1179 647 sagena,
1197 619 1360 647 separantur
1380 621 1395 640 a
1411 613 1488 640 malis
1503 614 1585 641 boni:
1610 616 1654 642 isti
1677 621 1705 642 ut

926 656 1104 689 Itouorentur,
1131 658 1170 685 illi
1194 658 1401 693 ut.puniantur.
1427 659 1484 686 Non
1511 660 1583 688 enim
1614 661 1705 689 ﬁdeles

924 706 1019 727 omnes
1041 701 1122 729 unius
1147 702 1218 729 modi
1238 706 1311 729 sunt.
1338 703 1378 730 Ac
1404 711 1437 731 ne
1461 704 1521 738 quis
1546 702 1704 738 arbitretur,

924 745 996 780 quod
1017 744 1092 774 foras
1116 747 1245 774 duntaxat
1267 748 1410 783 ejiciantur
1433 749 1553 777 inﬁdeles
1573 755 1601 777 et
1623 750 1704 783 mali,

924 790 1090 825 signiﬁcavit
1101 798 1148 820 eos
1163 793 1189 819 in
1203 797 1332 820 mteruam
1345 801 1452 829 pinnam
1469 796 1549 829 trudi,
1563 795 1704 832 inquiens:

925 836 960 864 Et
975 839 1075 865 mittent
1092 846 1135 865 eos
1150 840 1176 865 in
1193 839 1326 873 fornacem
1340 841 1407 875 ignis
1423 841 1455 874 ι’,
1473 847 1526 869 etc.

1221 935 1296 963 CAP.
1312 935 1404 964 XVIII.

81 973 159 1008 Στίχ.
173 976 206 1000 ε’.
294 973 328 1013 Qa:
414 975 534 1017 δέξηται
556 976 675 1017 παιδίον
692 978 826 1006 τοιοῦτον
838 979 868 1006 ἓν

924 980 956 1007 V.
970 980 998 1008 5.
1016 980 1050 1009 Et
1070 982 1215 1017 quicunque
1226 984 1366 1017 susceperit
1381 983 1526 1017 puellulam
1536 984 1613 1012 talem
1622 994 1703 1013 unum

217 1009 266 1035 ἐπὶ
279 1008 317 1041 τῷ
328 1010 451 1045 ὀνόματί
457 1008 517 1045 μου
526 1030 534 1043 ,
551 1011 604 1046 ἐμὲ
616 1011 743 1047 δέχεται.

119 1053 254 1089 ΠαραινΞί
271 1054 395 1090 δέχεσθαι
421 1056 485 1087 τοὺς
504 1057 615 1090 πιστοὺς
637 1058 683 1084 ἐπὶ
701 1058 740 1093 τῷ
762 1059 872 1095 ὀνόματι

82 1099 168 1126 αὐτοῦ
177 1099 206 1126 ἓν
216 1100 318 1127 παιδίον
325 1100 473 1138 τοιοῦτον,ῆ
480 1102 508 1129 ἓν
516 1103 642 1130 τοιούτων
652 1103 722 1140 (10⁸)
731 1105 784 1132 τῶν
793 1114 872 1133 πνευ-

83 1145 210 1180 ματικῶν
230 1146 277 1173 καὶ
297 1148 520 1183 μεμορφωμένων
539 1149 584 1176 τὸν
604 1149 738 1186 Χριστὸν,
756 1151 826 1178 κατὰ
841 1152 872 1178 τὺ

82 1190 252 1217 ταπεινῶσαι
265 1191 295 1217 τὸ
314 1192 411 1218 ἑαυτοῦ
426 1193 542 1229 πνεῦμα.
563 1195 640 1221 Κατὰ
653 1195 680 1222 δὲ
694 1195 740 1222 τὸν
753 1196 869 1228 Λουκᾶν,

81 1236 113 1262 τὸ
124 1236 301 1272 δεικνύμενον
312 1237 364 1264 ὑπὸ
378 1237 426 1264 τοῦ
440 1239 564 1275 Σωτῆρος
579 1240 682 1267 παιδίον
695 1241 819 1276 δέχεσθαι
831 1242 872 1269 δεῖ

81 1282 112 1308 ἐν
123 1281 163 1317 τῷ
173 1282 286 1318 ὀνόματι
294 1283 387 1316 αὑτοῦ,
402 1284 445 1311 ἵνα
456 1285 485 1311 ὲν
500 1285 573 1321 αὐτῷ
584 1285 691 1322 δέξηται
699 1287 744 1314 τὸν
755 1288 870 1324 Χριστὸν

80 1328 149 1355 ὅντα
162 1329 209 1355 καὶ
224 1330 253 1355 ὲν
270 1329 309 1365 τῷ
327 1328 475 1366 Πνεύματι.
492 1331 526 1357 Ἢ
542 1331 576 1358 ἓν
594 1333 738 1364 τοιοῦτον,
763 1334 823 1360 ἐπεὶ
841 1335 870 1361 ἐν

80 1373 135 1399 sic:
150 1373 251 1406 παντες
263 1374 287 1400 οἱ
303 1375 491 1410 πνευματικοί.
502 1376 653 1412 Προτρέπει
666 1377 694 1404 δὲ
707 1379 721 1404 ὁ
736 1378 813 1412 λόγος
824 1379 870 1406 καὶ

80 1418 111 1444 τὸ
123 1418 249 1453 δέχεσθαι
267 1419 319 1446 τῶν
334 1419 426 1447 ἁπλῶν
439 1421 486 1448 καὶ
508 1422 618 1457 πραέων
627 1424 659 1458 τῇ
677 1423 774 1460 καρδίᾳ
790 1425 818 1451 ὲν
831 1424 869 1460 τῷ

80 1460 154 1497 λόγῳ
171 1463 300 1498 Χριστοῦ.
324 1464 495 1491 ’Δνακόπτων
515 1466 546 1493 τὸ
565 1466 701 1502 φιλόνικον
714 1468 767 1495 τῶν
783 1469 870 1506 μαθη-

80 1507 135 1534 τῶν
153 1508 259 1544 (ἐπειδὴ
279 1510 323 1536 ὅτε
345 1511 368 1537 οί
381 1510 533 1538 διδάσκαλοι
552 1512 698 1547 μάχονται,
730 1515 869 1550 σχίσματα

80 1553 204 1587 γίνονται
222 1555 326 1583 πολλῶν
346 1556 609 1593 σκανδαλιζομένων,
633 1558 867 1595 βουλομέκωψτῶν

81 1600 334 1636 σκανδαλιζομένων
351 1603 516 1630 ἐπισπᾶσθαι
531 1604 570 1636 είς
584 1604 681 1636 αὐτοὺς
697 1605 758 1637 τοὺς
768 1606 868 1641 ἀκροα-

80 1646 153 1681 τὰς)⁵
172 1647 300 1682 προλέγει
325 1648 373 1684 τὴν
391 1649 449 1685 μετ’
461 1649 550 1677 αὐτῶν
570 1651 712 1686 τιμωρίαν.
736 1651 820 1679 Τοῦτο
839 1652 868 1679 δὲ

81 1693 303 1728 ὲπιτεταγμένως
320 1694 424 1730 ἐλέχθη.
437 1695 581 1722 Τουτέστιν
592 1696 642 1723 κᾶν
653 1697 747 1733 εὐτελῆ
762 1697 868 1734 ἄνθρω-

82 1746 130 1764 πον
139 1738 194 1764 τῶν
202 1739 304 1766 πιστῶν
315 1740 517 1777 σκανδαλίσητε,
529 1741 624 1778 βαρεῖα
636 1743 712 1769 ἔσται
721 1742 781 1770 καθ’
790 1744 805 1770 ὑ
809 1743 867 1780 μῶν

81 1783 98 1819 ἡ
112 1784 244 1820 τιμωρία.
263 1785 317 1821 Τὴν
329 1786 383 1822 γὰρ
398 1787 534 1823 ἀφόρητον
548 1788 681 1824 τιμωρίαν
694 1789 738 1815 διὰ
749 1788 796 1816 τοῦ
816 1789 867 1826 μύ-

81 1828 126 1855 λου
138 1829 187 1856 xui.
197 1831 416 1866 καταποντισμοῦ
429 1833 565 1867 σημαίνει,
580 1833 628 1869 τὴν
645 1834 776 1870 ἐσομένην
798 1834 868 1870 μετὰ

80 1874 134 1901 τῶν
146 1875 211 1908 τοὺς
229 1876 363 1909 τοιούτους
384 1877 557 1913 ὑϐριζόντων.
577 1879 726 1906 Σκάνδαλον
745 1880 800 1915 γὰρ
823 1881 867 1907 ὲν-

82 1921 168 1947 ταῦθα
179 1921 228 1957 τὴν
240 1921 317 1958 ὖσριν
333 1923 421 1950 καλεῖ.
436 1923 528 1950 Ταῦτα
540 1924 569 1951 δέ
580 1933 666 1960 φημι,
685 1926 776 1962 ἐπειδὴ
787 1927 812 1952 oi
823 1935 866 1962 μι-

81 1968 142 2003 κροὶ
154 1968 374 1996 εὐσκανδάλιστοί
388 1971 467 2002 εἰσιν,
484 1970 527 1997 ἴνα
541 1971 578 2007 μὴ
591 1972 804 2008 καταφρονῶμεν
816 1973 865 1999 αὺ-

80 2014 144 2041 τῶν.
167 2015 198 2042 Ὀ
212 2015 265 2051 γὰρ
278 2017 364 2051 μέγας
373 2017 420 2044 καὶ
429 2017 530 2050 τέλειος
541 2019 568 2045 ἐν
578 2018 661 2054 ἀρετῇ
674 2019 774 2051 παντὸς
786 2028 866 2046 σκαν-

79 2060 159 2088 δάλου
172 2063 346 2097 καταφρονεῖ.
365 2063 410 2096 Ἐξ
421 2060 457 2090 ὧν
468 2063 497 2090 δὲ
507 2064 632 2099 προλέγει
645 2065 692 2091 καὶ
704 2065 865 2101 θρηνεῖτοὺς

80 2107 217 2140 τοιούτους
228 2128 235 2140 ,
255 2108 361 2135 δίδωσιν
378 2109 469 2141 αὐτοῖς
483 2110 580 2146 καιρὸν
599 2111 749 2147 μετανοίας.
772 2111 864 2138 Εἰπὼν

80 2152 117 2183 δέ,
133 2152 269 2187 Ἀνάγκη,
283 2153 332 2180 οὐκ
344 2154 450 2189 ἀναιρεῖ
458 2155 488 2181 τὸ
499 2155 678 2188 αὐτεξούσιον,
687 2155 753 2182 ἀλλὰ
761 2156 791 2182 τὺ
799 2164 864 2191 προ-

1093 1026 1140 1052 pro
1156 1019 1257 1044 nomine
1270 1027 1337 1052 meo,
1355 1027 1396 1046 me
1408 1020 1527 1053 suscipit.

961 1061 1090 1089 Hortatur
1107 1063 1210 1096 ﬁdeles,
1237 1068 1266 1090 ut
1283 1063 1432 1098 suscipiant
1451 1073 1498 1099 pro
1514 1066 1622 1094 nomine
1645 1067 1703 1101 ejus

922 1115 1006 1134 unum
1030 1107 1148 1142 puellum
1173 1107 1347 1142 huiusmodi,
1371 1109 1413 1137 vel
1442 1119 1523 1138 unum
1550 1111 1701 1145 hujusmodi

922 1153 1116 1187 spiritualium,
1134 1158 1162 1180 et
1178 1154 1204 1180 in
1221 1154 1318 1188 quibus
1336 1155 1470 1183 formatur
1490 1156 1612 1184 Christus
1625 1158 1702 1192 juxta

921 1200 1045 1234 spiritum
1063 1207 1141 1227 suum
1155 1200 1200 1234 qui
1218 1200 1399 1228 humilitatem
1422 1201 1576 1229 insinuavit.
1597 1203 1702 1230 Secun-

921 1246 983 1272 dum
1000 1245 1099 1272 Lucam
1116 1252 1208 1280 porro,
1230 1245 1303 1272 illum
1330 1246 1428 1281 ipsum.
1453 1247 1498 1282 qui
1522 1256 1536 1275 a
1563 1248 1703 1276 Salvatot‘e

921 1296 1087 1319 monstratus
1101 1297 1153 1323 est,
1183 1291 1301 1325 puellum
1323 1292 1461 1326 suscipere
1483 1298 1591 1327 oportet
1614 1294 1639 1320 in
1656 1303 1703 1322 no-

921 1336 994 1363 mine
1014 1335 1082 1369 ejus,
1099 1339 1128 1362 ut
1141 1336 1168 1362 in
1191 1336 1249 1370 ipso
1264 1336 1426 1370 suscipiatur
1446 1337 1582 1370 Christus,
1598 1339 1643 1374 qui
1661 1345 1703 1366 est

919 1389 946 1412 et
969 1385 995 1411 in
1022 1384 1136 1418 Spiritu.
1164 1382 1212 1411 Vel
1231 1392 1312 1411 unum
1336 1385 1426 1416 talem,
1451 1385 1513 1420 quia
1539 1394 1620 1413 uuutn
1640 1392 1704 1414 sunt

920 1434 1074 1468 spirituales
1090 1440 1194 1460 onmes.
1210 1433 1344 1460 Admouet
1362 1438 1451 1461 autem
1472 1441 1571 1467 sermo,
1595 1439 1625 1462 ut
1639 1443 1703 1463 sus-

920 1477 1053 1512 cipiantur
1074 1481 1102 1504 et
1126 1477 1281 1513 simplices,
1303 1483 1385 1512 atque
1413 1479 1547 1506 mansueti
1571 1480 1652 1507 corde
1675 1481 1700 1507 in

882 1539 902 1567 ς
921 1535 1048 1556 sermone
1069 1527 1183 1556 Christi.
1205 1528 1294 1562 Atque
1319 1529 1359 1556 sic
1382 1528 1526 1556 succidens
1549 1530 1702 1556 contentio-

920 1581 981 1601 nem
1004 1573 1194 1611 discipulorum
1229 1574 1366 1610 (quoniam
1388 1574 1435 1601 ubi
1460 1574 1584 1602 doctores
1599 1575 1702 1601 vitiliti-

918 1624 993 1655 gant,
1017 1620 1165 1646 schismata
1189 1619 1266 1652 ﬁunt,
1292 1620 1482 1648 scandalizatis
1508 1620 1610 1653 multis,
1637 1621 1700 1648 dum

918 1665 965 1700 qui
980 1665 1212 1697 scandalizantur,
1228 1666 1337 1692 student
1358 1666 1470 1693 trahere
1485 1666 1511 1693 in
1531 1671 1622 1700 partes
1637 1675 1701 1694 snas

919 1711 1079 1744 auditores),
1090 1711 1212 1745 prmdicit
1222 1710 1386 1738 indicibilem
1400 1712 1528 1738 ultionem
1544 1719 1624 1746 quam
1638 1719 1700 1739 cum

918 1765 971 1792 illis
990 1764 1105 1792 Subituri
1130 1768 1204 1791 sunt.
1229 1764 1286 1791 Hoc
1310 1771 1374 1791 vero
1392 1771 1452 1791 cum
1479 1765 1640 1791 auctoritate
1664 1765 1701 1792 di-

917 1816 989 1838 ctum
1004 1813 1055 1838 est.
1069 1810 1181 1844 Nempe,
1199 1810 1221 1836 si
1240 1809 1281 1836 vel
1297 1809 1432 1836 hominem
1451 1809 1555 1837 ﬁdelem
1569 1817 1652 1836 unum
1667 1810 1700 1837 de

919 1856 1000 1883 trivio
1015 1855 1279 1887 scandalizaveritis.
1299 1854 1389 1889 gravis
1409 1862 1457 1882 vos
1473 1860 1564 1882 manet
1581 1854 1698 1889 punitio.

917 1901 1086 1930 Intolerabile
1115 1908 1234 1936 namque
1258 1901 1438 1936 supplicium,
1473 1908 1522 1936 per
1545 1901 1646 1928 molam
1671 1907 1696 1929 et

916 1955 1113 1983 demersionem
1129 1953 1265 1990 signiﬁcat
1279 1961 1385 1986 eorum.
1402 1953 1447 1988 qui
1464 1953 1530 1981 tales
1546 1953 1644 1987 injuria
1659 1953 1700 1980 af-

916 2001 1039 2029 fecerint.
1065 1999 1228 2028 Scandalum
1245 1999 1317 2027 enim
1353 1999 1397 2026 hic
1420 1999 1547 2034 injuriam
1567 1999 1697 2033 appellat.

917 2048 978 2076 Haec
993 2055 1074 2083 porro
1098 2047 1171 2078 dico.
1188 2051 1218 2073 ut
1242 2046 1305 2081 quia
1333 2045 1436 2079 parvuli
1464 2044 1698 2071 facile‘scundalir

916 2099 1022 2124 tantur,
1043 2101 1096 2120 non
1111 2098 1318 2120 contemnamus
1339 2098 1396 2118 eos.
1422 2089 1473 2124 Qui
1496 2090 1567 2117 enim
1585 2097 1698 2124 magnus

915 2150 946 2169 ac
962 2141 1098 2176 perfectus
1112 2139 1138 2166 in
1158 2138 1261 2166 virtute
1273 2141 1324 2170 est,
1338 2144 1420 2165 omne
1435 2136 1606 2172 parvipeudit
1617 2143 1698 2163 scau-

80 2198 227 2232 γνωστικὴν
248 2198 295 2225 τοῦ
318 2199 426 2232 πάντως
448 2200 576 2236 ἐσομένου
597 2201 681 2237 δηλοῖ.
701 2201 747 2227 Διὸ
766 2189 863 2228 καὶήτδ
880 2208 903 2236 ι)
917 2194 1017 2221 ἀθιυῐη-
1043 2193 1081 2220 EX
1104 2199 1137 2220 θο
1151 2198 1233 2226 Porro
1256 2191 1328 2237 ‘1"9“
1353 2189 1496 2237 Ρίξξξάίοίιν
1523 2195 1551 2216 ει
1576 2189 1699 2237 ἀερίοτθι

80 2245 144 2271 οὐαὶ
161 2245 255 2276 αὐτοίς
279 2245 419 2279 ὲπιφωνεῖ,
444 2246 482 2278 ὡς
508 2247 637 2279 ἑκουσίως
653 2247 789 2275 πταίουσι.
807 2247 862 2274 Κόυ

80 2291 153 2319 λασιν
167 2291 348 2326 δὲλέγειτοὺς
354 2292 488 2328 ἀσέμνους
502 2294 558 2329 (II)
578 2293 682 2326 ζῶντας
692 2293 860 2330 ἀνθρώπους.

918 2239 1041 2268 homines
1064 2237 1229 2272 hujusmodi,
1255 2236 1348 2263 tribuit
1370 2235 1426 2262 illis
1445 2240 1548 2269 tempus
1563 2234 1698 2270 paeniten-

916 2287 969 2313 tiaz.
985 2284 1052 2313 Cum
1075 2291 1141 2311 vero
1157 2283 1241 2314 dicat,
1258 2281 1368 2309 Necesse
1385 2286 1435 2314 est,
1461 2289 1514 2308 non
1542 2281 1610 2307 tollit
1626 2279 1698 2307 arbi-

82 2341 122 2369 trii
147 2341 316 2372 libertatem,
345 2341 392 2368 sed
422 2343 541 2370 ostendit.
573 2343 807 2378 prmcognitionem
823 2350 899 2370 suam
918 2341 952 2369 de
977 2341 1057 2368 rebus
1080 2340 1190 2367 omnino
1204 2337 1351 2366 eventuris.
1367 2335 1549 2386 Quamobrem
1564 2336 1647 2364 etiam
1664 2335 1697 2386 de

81 2387 131 2417 illis
151 2391 212 2418 ut!
242 2391 396 2425 exclamat,
422 2395 549 2426 tanquam
573 2390 620 2425 qui
643 2395 737 2425 sponte
758 2390 895 2418 labantur.
930 2387 1097 2423 Supplicium
1132 2391 1223 2413 autem
1240 2390 1317 2413 vocat
1344 2385 1470 2413 homines
1502 2384 1629 2411 indecore
1656 2384 1698 2408 vi-

80 2442 180 2464 ventes.

81 2482 120 2508 Στ.
133 2479 220 2522 κήρῦ
230 2480 353 2522 γάρ-εισι
363 2481 418 2522 δύο
430 2481 538 2522 ἣλρεῒς
561 2481 568 2508 Ι
577 2480 807 2522 ι’),συνημμὶὲνοι
818 2471 867 2513 εὶςᾼ

923 2477 945 2505 1.
967 2476 1013 2504 20.
1034 2475 1085 2503 Ubi
1102 2475 1240 2522 enint‘lttnt
1258 2472 1360 2522 duo-vel
1370 2478 1430 2522 Β·ρέ
1447 2473 1562 2522 script-uti
1573 2471 1600 2500 in
1609 2480 1694 2499 meum

143 2518 177 2544 τὸ
189 2517 265 2552 ἐμὸν
282 2517 385 2551 ὄνομα,
398 2516 462 2543 ἐκεῖ
470 2518 527 2551 ειμι
541 2517 576 2544 ἐν
587 2516 670 2551 μέσῳ
682 2516 789 2543 αὐτῶν.

80 2563 119 2590 Dr.
129 2568 182 2592 κα¹.
198 2564 268 2592 Τότε
284 2562 459 2597 προσελθὼν
468 2562 548 2595 αὐτῷ
560 2565 576 2590 ὀ
588 2563 706 2597 Πέτρος,
719 2561 792 2589 εἶπε·
805 2563 861 2589 Κῦ-

106 2608 160 2634 ριε,
175 2599 309 2632 ποσάκις
325 2598 488 2634 ἁμαρτήσει
498 2598 604 2634 algidus
614 2600 629 2625 ό
649 2598 778 2633 ἀδελφός
789 2606 859 2632 μου,

108 2633 154 2663 aa!
165 2634 278 2670 ἀφήσω
294 2633 392 2666 αῠτῷ;
405 2633 460 2666 ἕως
475 2633 615 2666 ἐπτάκις;

106 2681 156 2708 Δύο
167 2679 341 2716 συνημμένοι
360 2679 406 2705 ἐπὶ
420 2678 460 2714 τῷ
474 2679 521 2706 τοῦ
539 2679 657 2713 Χριστοῦ
673 2679 794 2716 ὀνόματι,
809 2677 861 2704 σῶο

120 2754 168 2775 ⁷-“
189 2752 272 2780 Rom.
293 2758 332 2783 ιι,
352 2749 398 2777 25.
436 2750 458 2765 ¹¹
473 2749 568 2777 Matth.
586 2757 646 2783 χιιι,
659 2748 702 2776 50.

102 2813 168 2848 (IO')
187 2811 348 2848 Torodtuf:
362 2807 443 2835 Fortc
458 2806 587 2840 τοιοῦτον,
612 2811 642 2835 ut
662 2811 689 2836 et
721 2806 855 2842 interpres

69 2843 164 2884 legisse
180 2849 303 2877 videtur.
324 2843 405 2871 Emr.

244 2907 389 2938 anno...
411 2902 469 2934 Gn.
493 2892 593 2933 XVII.

1036 2519 1140 2542 nomen,
1163 2510 1198 2536 ibi
1219 2517 1277 2537 sum
1295 2510 1323 2535 in
1341 2509 1427 2535 medio
1449 2516 1550 2535 eorum.

912 2559 944 2586 V.
960 2558 1005 2585 2|.
1026 2556 1098 2583 Tum:
1115 2555 1381 2593 _accedens__ad‘eum
1403 2553 1511 2593 Petrus,
1529 2553 1614 2580 dixit:
1640 2552 1695 2593 Do-

947 2595 1033 2624 mine,
1048 2591 1149 2626 quoties
1167 2589 1284 2626 peccabit
1308 2589 1334 2626 in
1356 2597 1396 2616 me
1416 2589 1500 2623 frater
1515 2596 1586 2615 meus
1607 2594 1630 2614 et
1652 2589 1695 2614 di-

948 2625 1108 2655 mittam'eif
1124 2633 1204 2660 usque
1221 2625 1334 2657 septies?

947 2675 1005 2702 Duo
1029 2672 1148 2707 coaptati
1171 2678 1220 2706 pro
1244 2671 1345 2699 Christi
1363 2671 1485 2703 nomine,
1507 2673 1571 2697 sunt
1595 2675 1694 2703 corpus

942 2801 1006 2839 (Ili
1020 2800 1192 2839 ξᾼιτέμνους.
1207 2797 1438 2839 Ἐριισ-ᾲσέμνως.
1457 2796 1537 2824 Eon.
1564 2830 1601 2839 ,Μ
1613 2837 1622 2839 _
1632 2829 1650 2839 ν

944 2829 1011 2874 KH")
1020 2829 1106 2871 Vulg'o
1114 2829 1286 2870 συνηγμένοι.
1295 2833 1342 2861 llic
1350 2829 1377 2861 et
1387 2833 1413 2860 in
1424 2839 1500 2863 sequ.
1511 2830 1602 2860 confer
1609 2829 1693 2859 edita.

1455 2891 1490 2922 ιο
