1919 3074
238 144 291 172 299

674 141 954 171 SUPPLEMENTUM
974 143 1022 170 AD
1039 141 1201 170 ORIGENIS
1221 141 1426 171 EXEGETICA.

1807 146 1854 173 580

239 208 267 230 et
286 202 397 238 spiritus
415 202 529 229 invicem
551 208 603 229 non
625 201 791 236 pugnantia:
808 202 930 236 subjecto
946 201 1021 229 vide-

1081 208 1112 227 ια
1129 200 1176 227 καὶ
1189 199 1296 236 πνεῦμα
1308 220 1315 234 ,
1333 200 1370 236 μὴ
1386 200 1663 237 ἁντιστρατευόμενα·
1678 202 1854 236 ὑποταγέντος

242 249 305 277 licet
327 256 450 283 corpore,
468 247 562 282 spiritu
584 251 674 274 autem
689 247 906 275 communicante
930 248 954 275 ei
981 249 1023 274 di-

241 296 332 322 vinam
354 295 437 321 vitam
455 302 463 326 ;
486 299 537 320 tres
562 298 665 326 autem,
692 293 763 328 quod
778 299 822 321 est
843 299 928 322 totum
953 294 1023 321 inte-

242 348 332 376 grum,
355 340 476 375 spiritus.
499 340 606 372 anima,
633 348 751 375 corpus.
777 345 867 368 servat
896 341 1022 368 adventui

245 385 357 413 Christi.
376 384 424 413 Vel
439 385 492 411 duo
509 384 611 412 fuerint
635 385 687 412 duo
702 390 874 418 testamenta,
890 393 952 413 cum
968 385 1024 413 col-

246 432 331 459 lector
355 438 449 458 eorum
475 430 592 465 Spiritus
615 436 726 458 sanctus
749 432 774 459 in
796 432 863 467 ipsis
888 432 945 464 sit;
973 435 1024 458 tm

242 484 306 504 vero
328 476 469 511 (indicare
489 476 618 511 possunt)
632 475 735 511 ,legem,
756 477 910 511 prophetas,
941 476 1025 503 Evan-

244 522 344 556 gelium
360 529 367 546 :
385 522 427 549 vel
447 523 579 553 animum,
600 523 856 557 concupiscentiam,
868 523 1000 549 rationem
1016 530 1023 554 ;

244 567 286 594 vel
310 568 496 601 vocationem,
521 574 549 595 et
574 568 746 600 electionem,
772 573 800 595 et
825 569 967 595 nobiscum
991 568 1024 595 ad

241 613 357 648 primunt
375 613 506 639 honorem
524 618 677 640 revocatum
692 620 776 647 genus
791 613 949 640 humanum.
971 612 1024 640 0b-

241 666 320 687 serva
345 666 438 693 porro,
460 665 520 685 eum
544 666 597 686 non
619 658 728 691 dixisse,
752 666 808 692 ero,
832 659 878 685 sed
896 666 964 685 sum.
991 657 1025 685 Ut

243 704 314 731 Deus
329 705 401 731 enim
419 704 518 738 ubique
535 705 678 738 exsistens,
697 704 723 731 in
742 705 830 732 medio
846 709 887 732 est
909 712 1002 732 eorum
1016 725 1024 737 ,

241 751 288 785 qui
303 758 352 785 per
367 751 492 785 pietatem
509 751 720 786 coniunguntur.
744 750 866 779 Potentia
883 752 954 779 enim
977 751 1024 779 Dei

241 797 361 823 omnium
388 804 478 824 rerum
505 797 665 832 inspectrix.
691 797 805 825 indivise
827 798 913 825 divisa
940 797 970 824 iit
992 798 1026 825 iis

241 842 286 876 qui
303 842 375 877 digni
398 847 470 869 sunt.

277 888 497 923 Quandoquidem
512 889 734 917 reuiittendarum
744 889 771 917 in
782 896 831 917 nos
843 889 1024 917 oﬂ'ensionum

1076 247 1125 281 μὲν
1140 246 1187 273 τοῦ
1203 245 1337 282 σώματος,
1349 246 1395 273 τοῦ
1410 247 1437 273 δὲ
1453 247 1605 283 πνεύματος
1618 248 1802 283 μεταδιδόντος
1812 249 1855 275 αὐ-

1073 293 1113 328 τῷ
1128 293 1203 325 θείας
1220 293 1301 328 ζωῆς·
1318 293 1396 327 τρεῖς
1411 293 1439 320 δέ
1451 302 1481 320 τε
1494 294 1550 330 (15)
1564 294 1718 330 ὁλόκληρον,
1733 295 1837 330 πνεῦμα
1847 316 1853 328 ,

1073 337 1160 373 ψυχὴ,
1176 337 1266 373 σῶμα,
1280 340 1358 374 τηρεῖ
1371 339 1404 374 τῇ
1423 339 1560 374 παρουσίᾳ
1578 339 1705 375 Χριστοῦο
1727 340 1764 366 Ἦ
1777 341 1804 366 αἱ
1813 340 1855 367 δύο

1074 383 1210 420 διαθῆκαι,
1227 384 1290 411 ὅταν
1313 385 1327 411 6
1344 385 1516 419 συναγωγεὺς
1537 385 1626 412 αὐτῶν
1649 385 1679 412 τὸ
1691 379 1814 421 ¹Πνεῦμα
1829 387 1856 413 τὸ

1074 430 1152 464 ἅγιον
1164 431 1192 457 έν
1205 430 1300 462 αὑταῖς
1342 439 1349 446 ⁸
1362 431 1441 466 τρεῖς
1453 431 1491 464 δὲ,
1506 432 1597 467 νόμον,
1612 433 1765 468 προφήτας,
1775 433 1856 466 Εὐαγ-

1074 476 1163 510 γέλιον
1173 484 1179 489 ·
1195 476 1306 512 ἢθυμὺν
1320 479 1367 503 καὶ
1381 476 1536 512 ἐπιθυμίαν,
1548 477 1594 504 καὶ
1608 477 1738 512 λογισμόν
1753 485 1759 491 '
1783 477 1800 512 ἧ
1809 477 1854 513 τὴν

1075 521 1171 556 κλῆσιν
1192 522 1238 548 καὶ
1255 522 1368 558 ἐκλογὴν
1379 544 1385 556 ,
1403 523 1450 550 καὶ
1471 523 1502 549 τὸ
1518 524 1557 554 είς
1572 522 1683 558 πρώτην
1698 523 1781 559 τιμὴν
1794 532 1855 550 τασ-

1076 567 1187 602 σόμενον
1201 567 1279 601 γένος
1294 568 1353 603 μεθ’
1364 568 1451 604 ἡμῶν.
1461 569 1500 605 Τή
1505 578 1544 604 ρει
1556 569 1594 601 δὲ,
1603 570 1698 596 ὅτιούκ
1706 567 1784 596 εἶπεν
1794 570 1856 597 ἐσο-

1072 620 1125 647 μιιι
1136 632 1143 645 ,
1162 612 1218 639 ἀλλ’
1231 614 1299 648 εἰμί.
1309 614 1352 646 Ὠς
1365 614 1431 646 Θεὸς
1447 615 1501 650 γὰρ
1517 615 1652 650 πανταχοῦ
1672 615 1720 648 ὣν,
1744 617 1773 642 ὲν
1787 616 1856 651 μέσῳ

1075 658 1132 684 ἐστὶ
1153 658 1206 685 τῶν
1222 659 1405 692 διέὺσεϐείας
1426 660 1645 696 συναπτομένων.
1664 661 1695 687 Ἦ
1715 661 1771 697 γὰρ
1791 670 1855 688 παν-

1076 703 1223 736 επίσκοπος
1233 705 1280 731 τοῦ
1295 705 1362 732 Θεοῦ
1374 706 1487 741 δύναμις
1502 706 1647 742 ἀμέριστος
1660 708 1776 743 μεριστὴ
1789 708 1856 742 γίνε-

1074 757 1120 776 ται
1134 751 1190 782 τοῖς
1206 750 1300 784 ἀξίοις.

1118 888 1225 924 Ἐπειδὴ
1247 887 1301 915 τῶν
1319 889 1359 920 είς
1381 889 1453 924 ἡμᾶς
1472 889 1647 924 πταισμάτων
1669 890 1752 925 ἡμεῖς
1774 889 1856 926 κύριοί

242 942 294 961 nos
326 935 426 961 domini
449 942 551 969 sumus,
569 942 661 962 earum
677 943 742 963 vero
758 944 816 971 qua:
839 936 864 963 in
885 935 968 964 Deum
985 936 1025 964 fe-

1081 936 1158 970 Ιεσμεν
1166 934 1212 961 τοῦ
1219 918 1382 971 συγχωρείν,
1391 918 1420 962 ἕο
1480 935 1536 971 (Η)
1545 918 1597 962 113v
1613 936 1652 967 εἷς
1670 918 1857 971 ἐξεὸν-φθανόν-

242 985 346 1012 runtur,
374 988 425 1007 non
454 981 522 1008 alius
547 981 600 1009 nisi
624 982 694 1009 D’eus
719 982 851 1017 ipsemet;
879 988 1023 1018 propterea

240 1026 308 1053 dixit
332 1027 427 1054 Petrus
452 1027 527 1059 illud,
550 1028 578 1054 in
594 1035 645 1054 me.
667 1027 838 1063 Interrogans
853 1029 937 1059 enim.
955 1036 1025 1064 quo—

241 1081 326 1107 usque
341 1079 464 1109 oporteat
479 1074 637 1108 injuriarmn
653 1082 706 1101 non
722 1081 782 1101 esse
797 1082 941 1105 memores.
965 1078 1024 1101 tan-

239 1125 320 1153 quam
338 1119 439 1152 grande
458 1119 521 1153 quid
536 1119 660 1154 apposuit
673 1119 738 1146 illud
753 1119 855 1154 septies.
873 1119 908 1146 At
932 1118 1025 1146 Domi»

240 1172 291 1191 nus
315 1165 401 1191 nullos
416 1171 477 1191 esse
501 1164 602 1192 debere
621 1165 722 1192 limites
748 1164 899 1192 clementiae
917 1164 1022 1200 signiti-

240 1217 316 1241 cans,
341 1210 379 1236 ait
398 1210 472 1242 illud,
497 1211 643 1246 septuagies
660 1215 775 1245 septem:
801 1210 852 1237 hoc
878 1215 930 1244 est,
956 1217 1023 1245 quo-

1076 989 1130 1007 των
1139 981 1163 1007 εἰ
1178 981 1215 1016 μὴ
1227 981 1307 1013 αὐτὸς
1318 982 1333 1007 6
1343 982 1409 1013 Θεός
1418 990 1426 997 ·
1440 981 1483 1007 διὰ
1495 981 1573 1008 τοῦτο
1585 979 1660 1008 εἶπεν
1676 982 1690 1007 6
1705 981 1808 1017 Πέτρος
1819 982 1855 1014 τὸ,

1076 1028 1119 1060 εἰς
1125 1026 1186 1061 ἐμέ.
1196 1027 1318 1063 Ἐρωτῶν
1326 1027 1389 1063 γὰρ,
1398 1027 1450 1059 ἓως
1456 1027 1528 1058 τίνος
1536 1027 1613 1062 χρεία
1624 1027 1660 1062 μὴ
1671 1029 1855 1063 μνησικακεῖν,

1076 1072 1114 1104 ὡς
1132 1073 1202 1108 μέγα
1222 1072 1375 1109 προσέθηκε
1397 1072 1437 1105 τὸ,
1455 1072 1587 1106 ἑπτάκις.
1612 1073 1641 1098 '0
1654 1073 1681 1099 δὲ
1695 1073 1813 1108 Κύριος,
1829 1073 1855 1098 τδ

1077 1118 1188 1153 ἇτξειρον
1200 1118 1339 1154 σημαίνων
1356 1118 1407 1155 τῆς
1424 1118 1615 1151 ἀνεξικακίας,
1632 1116 1708 1145 εἶπεν
1725 1119 1766 1150 τὸ,
1780 1118 1855 1145 ἑϐδο-

1073 1164 1256 1199 μηκοντάκις
1281 1164 1372 1191 ἑπτά·
1391 1164 1546 1191 τουτέστιν·
1568 1164 1677 1196 Ὁσάκις
1692 1165 1803 1200 ἁμάρτῃ
1820 1165 1855 1195 εἰς

1077 1210 1122 1243 σὲ,
1138 1209 1187 1237 ἐὰν
1202 1211 1317 1246 μετανοῇ
1329 1230 1336 1243 ,
1351 1210 1417 1246 άφες
1429 1209 1513 1245 αὐτῷ.

242 1256 402 1290 tiescunque
433 1260 526 1290 peccet
552 1256 578 1282 in
610 1261 655 1289 te,
684 1256 706 1283 si
733 1264 794 1283 eum
821 1255 954 1291 paenitet,
983 1255 1088 1282 dimitte
1103 1255 1139 1282 ei.

276 1304 406 1336 Quoniam
432 1304 459 1330 in
485 1304 727 1331 excommunicatis
753 1311 907 1331 mensuram
934 1304 1021 1331 deter-

185 1368 187 1371 -
241 1349 354 1376 minavit
376 1349 499 1375 Christus
515 1349 583 1384 (12),
601 1357 653 1376 non
666 1349 730 1376 item
745 1349 827 1375 etiam
843 1349 869 1375 in
894 1349 1023 1383 pmniten-

241 1394 321 1426 tihus,
340 1394 435 1420 merito
453 1394 601 1428 interrogat
616 1394 720 1426 Petrus,
742 1401 884 1429 quousque
898 1397 1023 1427 oporteat

242 1440 378 1474 suscipere
399 1437 586 1473 prenitentem.
612 1440 729 1466 Attende
752 1448 844 1474 porro,
862 1440 882 1467 si
902 1439 959 1466 ﬁeri
975 1446 1023 1474 po-

242 1490 308 1511 test:
332 1485 463 1517 Quoniam
492 1492 620 1512 numerus
648 1485 772 1512 senarius
794 1485 966 1519 operatorins
981 1488 1022 1512 est

1118 1302 1225 1339 Ἐπειδὴ
1245 1303 1291 1330 ἐπὶ
1312 1303 1367 1330 τῶν
1383 1302 1588 1339 άφοριζομένων
1606 1304 1704 1340 μέτρον
1727 1304 1824 1340 ὥρισεν
1842 1305 1855 1331 6

1075 1349 1191 1385 Χριστὸς
1201 1370 1207 1381 ,
1224 1349 1254 1375 οὗ
1273 1349 1325 1385 μὴν
1343 1350 1389 1376 καὶ
1403 1350 1449 1375 ἐπὶ
1461 1349 1514 1376 τῶν
1529 1349 1739 1385 μετανοούντων,
1753 1350 1855 1382 εἰκότως

1075 1394 1163 1431 ἐρωτᾷ
1180 1394 1194 1420 6
1213 1394 1315 1430 Πέτρος
1339 1394 1385 1420 τό·
1404 1394 1477 1425 Ἕως
1501 1394 1585 1420 πόσου
1609 1393 1648 1420 δεῖ
1666 1394 1793 1429 δέχεσθαι
1815 1395 1855 1420 τὸν

1077 1440 1276 1476 μετανοοῦντα;
1298 1441 1368 1476 Ὅρα
1385 1440 1414 1467 δὲ
1433 1441 1457 1467 εί
1480 1440 1609 1467 δύναται·
1636 1441 1712 1467 Ἐπεὶ
1733 1442 1748 1467 6
1769 1441 1816 1476 μὲν
1830 1441 1855 1473 ἒξ

1074 1486 1190 1523 ἀριθμὸς
1206 1487 1349 1522 ὲργατικὸς
1366 1487 1412 1513 καὶ
1425 1487 1453 1513 ὲν
1470 1487 1574 1520 γενέσει
1592 1487 1705 1523 κόσμου,
1727 1489 1742 1514 6
1753 1488 1781 1514 δὲ
1792 1488 1854 1514 ἑπτὰ

242 1532 323 1558 etiam
341 1532 365 1557 in
382 1531 560 1565 productione
574 1530 680 1563 tttttndi,
700 1531 873 1564 septenarius
895 1538 959 1557 vero
979 1538 1021 1558 re-

1081 1533 1253 1565 ivarrat’aesm;
1265 1541 1271 1547 ·
1289 1533 1303 1559 6
1328 1533 1377 1568 μὲν
1399 1532 1433 1559 τὰ
1456 1532 1502 1560 τοῦ
1519 1533 1621 1569 κόσμου
1637 1534 1682 1560 καὶ
1699 1533 1781 1560 ὑλικὰ
1794 1535 1855 1567 ἀγα-

241 1583 358 1611 quetetn
378 1577 479 1608 habet;
505 1576 527 1603 is
545 1576 592 1611 qui
615 1576 749 1603 mundana
770 1581 797 1603 et
819 1576 968 1603 materialia
986 1577 1024 1604 di-

240 1623 310 1658 ii-git,
338 1630 461 1657 peccans,
498 1622 578 1649 linem
608 1622 690 1649 habet
718 1622 1022 1656 hebdomadamzqnod

242 1668 394 1703 recogitans
412 1667 518 1700 Petrus,
535 1668 673 1702 indulgere
698 1667 754 1694 vult
778 1668 891 1702 septies.
919 1668 952 1694 At
970 1668 1023 1695 Do-

242 1713 336 1741 minus'
353 1713 475 1741 extendit
498 1713 549 1740 hoc
575 1713 668 1740 eodem
697 1713 787 1744 modo,
813 1713 897 1739 relata
920 1713 1023 1739 unitate

241 1767 303 1787 cum
321 1760 497 1795 proportione
511 1759 544 1786 ad
563 1759 678 1787 decadas
693 1763 721 1786 et
738 1759 894 1786 centurias:
912 1759 979 1786 adeo
995 1763 1024 1785 ut

240 1807 285 1842 qui
311 1807 448 1834 mundana
479 1806 667 1837 transcendit,
705 1813 758 1833 non
785 1805 900 1841 amplius
925 1805 1024 1833 habent

242 1854 428 1881 remissionem
454 1858 639 1888 peccatorum.
663 1852 799 1888 Remissio
818 1852 889 1879 enitn
908 1851 953 1879 hic
980 1851 1021 1883 ﬁt,

240 1900 297 1928 sive
313 1901 401 1928 serius
416 1900 474 1928 sive
488 1900 570 1927 citius
588 1899 668 1935 (ιε’).

544 1945 620 1973 CAP.
642 1944 711 1971 XXI.

241 1991 272 2019 ν.
289 1992 333 2019 53.
350 1991 436 2018 Homo
458 1996 513 2018 erat
535 1990 745 2030 paterfamilias,
760 1990 813 2030 _qut'
832 1989 960 2030 plantavit
986 1989 1024 2016 υἰ-

277 2036 362 2058 neam,
387 2032 410 2053 ει
435 2035 520 2060 sepem
548 2026 572 2052 ei
591 2025 794 2058 circumposuit,
814 2030 837 2051 et
859 2025 926 2059 {odit
943 2026 971 2051 in
993 2033 1023 2051 ea

275 2062 402 2093 lorrular,
419 2067 443 2088 et
463 2059 603 2094 a-diﬁcavit
626 2060 730 2090 turrim,
748 2065 771 2086 ει
788 2059 881 2087 locavit
902 2067 962 2086 eam
977 2067 1023 2086 co-

274 2097 354 2130 lonia,
375 2102 398 2124 et
415 2104 520 2132 peregre
542 2095 674 2130 profectus
692 2099 742 2127 eu,
758 2099 812 2121 etc.

275 2178 338 2205 Haec
357 2176 485 2212 parabola
502 2175 721 2211 patremfamilias
741 2178 878 2209 nuncupat
895 2152 978 2201 Deum
997 2178 1024 2200 et

1076 1579 1145 1611 πῶν,
1163 1578 1357 1615 ἐξαμαρτάνων
1376 1579 1451 1611 τέλος
1474 1579 1529 1614 ἔχει
1549 1579 1597 1615 τὴν
1619 1579 1772 1614 ἑϐδομάδα·
1794 1581 1854 1614 ὅπερ

1076 1626 1173 1661 νοήσας
1187 1626 1201 1651 6
1216 1625 1327 1661 Πέτρος,
1344 1627 1493 1661 συγχωρεῖν
1507 1625 1579 1652 θέλει
1595 1626 1624 1651 ἑν
1637 1625 1675 1660 τῷ
1687 1626 1769 1653 ἑπτά.
1792 1626 1819 1652 Ὀ
1829 1625 1854 1652 δὲ

1075 1671 1176 1706 Κύριος
1188 1670 1316 1697 ἐπιτείνει
1328 1670 1406 1697 τοῦτο
1420 1672 1447 1697 ἐν
1462 1671 1501 1707 τῷ
1513 1670 1587 1706 αὑτῷ
1599 1671 1690 1707 τρόπῳ
1700 1692 1707 1703 ,
1724 1671 1854 1704 ἀναλόγως

1075 1716 1129 1752 γὰρ
1146 1716 1258 1751 μονάδος
1271 1716 1339 1752 πρὸς
1354 1716 1468 1749 δεκάδας
1487 1716 1534 1743 καὶ
1554 1717 1746 1749 ἑκατοντάδας,
1762 1717 1799 1749 ὡς
1814 1716 1853 1743 τὸν

1076 1761 1232 1798 ὑπερϐάντα
1252 1762 1287 1789 τὰ.
1322 1761 1441 1797 κοσμικὰ
1468 1761 1566 1797 μηκέτι
1592 1762 1663 1797 ἔχειν
1686 1763 1783 1796 ἄφεσιν
1804 1762 1852 1788 τῶν

1076 1808 1282 1844 ἁμαρτημάτων
1292 1816 1299 1823 ⁵
1316 1809 1332 1843 ἡ
1346 1807 1400 1844 γὰρ
1416 1808 1511 1843 ἄφεσις
1523 1808 1569 1835 ἐπὶ
1589 1809 1623 1834 τά
1637 1808 1698 1843 τῇδε
1713 1808 1769 1834 εἴτε
1793 1807 1851 1843 βρα-

1076 1853 1106 1881 δὺ
1122 1853 1195 1890 (15),
1210 1853 1264 1880 είτε
1283 1854 1384 1889 τάχιον.

1077 1991 1206 2026 Στίχ.λγ¹.
1218 1991 1388 2026 ’Δνθρωθζος
1401 1988 1441 2025 ἦν
1454 1987 1678 2026 οἰκοδεσπότης,
1695 1989 1781 2026 601:;-
1790 1988 1854 2026 ἐρύ-

1112 2023 1221 2053 έὲιιάεν
1234 2023 1404 2060 ἁμὴελῶνα,
1414 2023 1621 2060 ’καὶῗφραγ-μὸν
1632 2024 1712 2060 αὐτῷ
1728 2023 1853 2060 περιέθη-

1111 2070 1159 2099 us,
1175 2061 1223 2088 καὶ
1236 2059 1397 2099 ὄψιζξεζιέν
1409 2059 1488 2099 αὐτῷ
1500 2059 1607 2099 ⁸φηγὸν,
1627 2059 1853 2099 καζῴκοδᾴμησε

1111 2097 1235 2131 πύργον,
1251 2096 1299 2122 καὶ
1312 2095 1431 2127 ἐξέδοτο
1450 2094 1543 2123 αὐτὸν
1558 2094 1696 2130 γεωργοῖς
1706 2114 1713 2126 ,
1729 2094 1779 2121 καὶ
1803 2094 1853 2121 ὰπ-

1111 2131 1253 2165 εδήμησε.
1267 2140 1294 2157 κ.
1311 2139 1336 2157 τ.
1351 2131 1375 2156 λ.

1117 2178 1149 2204 Ἡ
1170 2176 1309 2212 παραϐολὴ
1326 2175 1541 2209 οἰκοδεσπότην
1560 2174 1632 2210 λέγει
1657 2175 1701 2201 τδν
1725 2174 1791 2201 Θεὸν
1811 2172 1853 2200 καὶ

238 2229 356 2258 patrent,
377 2223 422 2257 qui
440 2223 552 2249 tttultatu
567 2221 766 2256 providentiam
781 2220 815 2247 ab
840 2219 919 2246 initio
935 2219 961 2246 in
976 2218 1024 2246 Ju-

1081 2223 1195 2257 πατέρα.
1210 2222 1256 2248 τὸν
1273 2221 1370 2256 πολλὴν
1384 2221 1511 2257 πρόνοιαν
1521 2219 1550 2252 ἐξ
1563 2220 1649 2255 ἀρχῆς
1661 2221 1701 2251 εἱς
1716 2221 1779 2251 τοὺς
1797 2219 1853 2244 Ἰου-

239 2269 312 2295 dzeos
335 2268 463 2295 ostendit.
479 2267 573 2299 Vinea,
586 2266 746 2301 simpliciter
765 2266 873 2300 quidem
890 2270 931 2292 est
952 2265 1024 2299 prior

241 2315 366 2349 populus,
383 2313 465 2341 lsrael
484 2314 619 2345 videlicet,
632 2314 772 2349 plantatus
794 2319 810 2338 a
833 2311 887 2339 Deo
907 2311 934 2338 in
953 2316 1024 2338 terra

241 2358 439 2393 promissionis.
465 2357 552 2392 Sepes.
577 2363 620 2385 est
644 2359 685 2384 lex
709 2365 769 2392 quu:
791 2364 843 2383 non
859 2357 965 2383 sinebat
979 2364 1025 2383 eos

241 2404 412 2432 commisceri
437 2404 573 2438 gentibus.
602 2403 747 2435 Torcular,
772 2407 815 2430 est
844 2402 940 2434 altare.
967 2402 1025 2430 sive

241 2450 318 2477 locus
341 2449 513 2477 libaminum.
541 2448 645 2480 Turris.
672 2454 714 2475 est
737 2448 813 2480 Sion,
843 2447 885 2475 vel
914 2448 1023 2475 coelum.

241 2495 345 2527 Coloni,
373 2501 436 2523 sunt
462 2496 584 2522 seniores
609 2495 698 2529 populi
721 2501 745 2521 et
765 2495 913 2528 sapientes,
931 2499 958 2521 et
979 2494 1025 2528 qui

242 2550 290 2578 per
306 2548 427 2577 tempora
454 2541 530 2568 fuere
553 2541 691 2567 doctores.
712 2539 823 2575 Peregre
837 2540 970 2574 profectus
988 2544 1025 2565 est

241 2594 331 2616 autent
347 2588 552 2623 paterfamilias.
580 2587 688 2621 quando
704 2594 755 2613 non
775 2586 892 2620 amplius
907 2585 1024 2612 interdiu

242 2637 269 2663 in
287 2635 412 2662 columna
430 2634 518 2667 nubis,
539 2638 566 2660 et
582 2638 662 2660 liOClll
686 2633 752 2667 ipsis
766 2633 792 2659 in
817 2632 940 2660 columna
954 2631 1025 2666 ignis

243 2682 378 2716 apparuit.
402 2680 450 2708 Vel
475 2680 596 2707 innuitttr
612 2679 657 2707 Dei
678 2679 879 2714 longanimitas,
900 2685 959 2712 qua:
972 2685 1025 2704 non

276 2761 332 2795 (12)
342 2762 455 2789 Videtur
469 2761 562 2788 referri
577 2761 609 2787 ad
627 2760 721 2787 Matth.
734 2768 809 2790 xvut,
832 2760 877 2787 ΓΙ.

278 2794 346 2831 (η)
362 2796 418 2823 Non
437 2797 561 2823 omnibus
575 2797 648 2822 enim
660 2797 790 2829 al‘tltlalClll
808 2803 961 2821 mensuram
976 2794 1025 2820 mi-

243 2830 391 2858 sericordia
409 2832 540 2866 assignat,
564 2838 645 2864 quam
672 2831 693 2858 si
718 2831 780 2865 quis
802 2830 1024 2866 supergrediatur

245 2867 375 2893 Deusnon
389 2865 502 2901 amplius
518 2866 647 2901 indulget,
667 2866 751 2894 sedili
771 2870 881 2899 poet-tuto
902 2873 949 2892 suo
974 2865 1023 2892 ho-

1077 2269 1166 2300 δαίους
1175 2267 1384 2303 ἐπιδειξάμενον.
1399 2266 1552 2301 Ἀμπελὼν
1561 2266 1588 2293 δὲ
1600 2266 1691 2297 ἁπλῶς
1705 2266 1755 2301 μὲν
1764 2267 1777 2292 6
1788 2263 1853 2299 πρῶ-

1076 2322 1121 2345 τος
1129 2313 1202 2345 λαὸς,
1213 2313 1349 2339 τουτέστιν
1362 2313 1376 2339 6
1390 2312 1505 2348 Ἰσραὴλ,
1517 2311 1658 2346 φυτευθεὶς
1667 2311 1720 2337 ὑπὸ
1733 2310 1779 2337 τοῦ
1793 2307 1852 2335 Θεοῦ

1077 2361 1105 2386 ὲν
1121 2360 1154 2395 τῇ
1173 2360 1207 2395 γῇ
1227 2358 1277 2394 τῆς
1291 2357 1463 2392 ἐπαγγελίας.
1484 2357 1619 2392 Φραγμὸς
1632 2357 1660 2383 δὲ
1675 2357 1689 2382 ὁ
1704 2357 1794 2391 νόμος,
1810 2355 1853 2381 οὐκ

1077 2405 1129 2432 ὲῶν
1154 2405 1252 2436 αὐτοὺς
1279 2404 1391 2439 μιγῆναι
1413 2403 1468 2435 τοῖς
1488 2402 1585 2443 ἔθνεσι.
1602 2401 1704 2443 ’Ληνὸς
1720 2402 1750 2428 τὺ
1770 2401 1853 2427 θυσια-

1079 2452 1198 2487 στήριον,
1212 2450 1270 2486 ἤτοι
1284 2451 1298 2476 ὁ
1311 2449 1390 2481 τόπος
1401 2448 1457 2475 τῶν
1473 2448 1603 2475 σπονδῶν.
1619 2448 1731 2482 Πύρηρος
1748 2449 1764 2482 ἡ
1781 2445 1852 2476 Σιὼν,

1078 2497 1094 2532 ἢ
1112 2498 1126 2523 6
1141 2496 1264 2532 οὐρανός.
1284 2494 1412 2529 Γεωργοὶ
1434 2495 1458 2520 οἱ
1479 2494 1656 2530 πρεσϐύτεροι
1671 2492 1717 2519 τοῦ
1734 2492 1797 2519 λαοῦ
1813 2491 1853 2518 καὶ

1078 2543 1102 2568 οἱ
1118 2543 1203 2577 σοφοὶ,
1221 2543 1268 2569 καὶ
1289 2542 1315 2568 οἰ
1336 2540 1405 2568 κατὰ
1423 2541 1534 2576 καιροὺς
1552 2539 1714 2567 διδάσκαλοι.
1739 2537 1852 2570 Ἀπεδιὶ-

1075 2595 1156 2622 μησε
1170 2587 1198 2614 δὲ
1213 2589 1227 2614 6
1242 2587 1446 2622 οἰκοδεσπότης,
1466 2587 1509 2612 ὅτε
1522 2586 1612 2612 οὐκέτι
1626 2586 1717 2620 ἡμέρα
1732 2586 1760 2611 ὲν
1775 2583 1852 2616 στὺλῳ

1078 2633 1191 2668 νεφέλης
1205 2633 1252 2659 καὶ
1266 2633 1360 2664 νυκτὸς
1375 2632 1466 2663 αὐτοῖς
1482 2633 1509 2658 ὲν
1525 2631 1612 2667 στύλῳ
1628 2631 1713 2666 πυρὸς
1725 2629 1852 2664 ἐπιφαίνε-

1078 2688 1131 2706 ται.
1148 2680 1183 2706 Ἢ
1197 2680 1214 2714 ἡ
1230 2678 1276 2705 τοῦ
1293 2678 1360 2705 Θεοῦ
1378 2678 1552 2714 μακροθυμία
1564 2697 1571 2709 ,
1592 2678 1609 2713 ἡ
1629 2677 1665 2712 μὴ
1687 2676 1761 2712 παρὰ
1778 2673 1852 2704 πόδας

1080 2760 1167 2787 mines
1183 2760 1343 2786 moriuntur.

1114 2796 1169 2827 (i5)
1189 2795 1269 2821 Forte
1280 2794 1307 2820 δὲ
1328 2793 1357 2819 τό

1115 2825 1169 2864 (14)
1187 2829 1244 2863 Μή.
1261 2829 1340 2864 Forte
1360 2829 1423 2863 μὴν,
1442 2833 1473 2856 ut
1489 2827 1569 2863 paulo
1584 2826 1664 2855 infra.
1683 2825 1763 2856 Eottr.

1113 2865 1168 2900 (15)
1184 2864 1264 2892 Forte
1278 2863 1396 2900 βράᾒιον.
