1919 3074
85 128 129 156 501
690 122 834 151 SCHOLIA
854 120 883 149 [Ε

936 119 1130 150 ATTILEUM.

1661 119 1714 147 33'}

87 184 235 213 ἀπαιτοῦσα
252 186 319 217 τοὺς
343 184 486 216 Ἰουδαίους
504 183 553 219 τὴν
564 183 619 209 τῶν
639 181 817 217 πταισμάτων
835 189 877 206 τι-

936 180 1021 207 ιιοιίηι
1037 178 1129 214 exegit
1142 178 1176 205 ab
1193 177 1293 206 ludmis
1309 177 1455 205 criminum
1479 184 1583 213 ρωπος.
1601 176 1713 205 Euclio

88 232 201 268 μωρίαν.
222 231 402 265 Ἀπαίτησις
411 231 439 257 δὲ
449 228 572 264 καρπῶν
581 230 594 256 ὁ
604 228 714 264 ἔννομος
725 227 782 262 βίος
791 235 798 241 ·
812 227 878 253 Και-

83 277 137 313 per;
152 276 255 304 αὐτῶν
267 278 284 312 ἡ
299 276 456 313 προφητικὴ
472 275 630 310 ἀπαίτησιςι
652 273 758 300 Δοῦλοι
776 271 877 308 πρῶτοι

87 325 133 351 καὶ
142 323 267 360 δεύτεροι
278 323 411 354 παθόντες
423 322 532 353 ἄτοπον,
540 321 564 347 οἱ
577 320 646 347 κατὰ
659 319 803 355 διαφόρους
816 326 877 344 και-

88 371 151 406 ροὺς
159 370 361 401 ἀποσταλέντες
370 368 518 405 προφῆται,
527 365 567 399 οἷς
577 367 644 401 (l5‘)
653 365 700 392 τὸν
711 365 759 407 μὲν
764 364 873 400 Ξδηραν,

85 417 124 449 ὠς
136 416 272 451 Μιχαίαν,
283 415 452 449 πατάξαντος
459 414 506 441 ἐπὶ
519 413 632 447 σιαγόνα
644 411 767 438 Σεδεκίαυ
776 418 782 424 ·
797 410 842 436 τὸν
850 409 878 436 δὲ

86 462 265 493 ἀπέκτειναν,
282 461 320 493 ὡς
338 460 492 497 Ζαχαρίαν,
511 457 611 494 μεταξὺ
626 456 673 483 τοῦ
690 455 755 483 ναοῦ
772 453 877 482 καὶτοῦ

84 507 285 542 θυσιαστηρίου
295 515 302 522 -
323 506 368 532 τὸν
381 506 410 532 δὲ
432 504 621 539 ἐλιθοϐόλησαν
631 524 639 536 ,
653 503 692 534 ὼς
710 502 809 537 Ζαριοὺ
822 501 878 526 υἱὸν

90 553 186 581 Ἰωδθὲ
205 553 252 579 τὸν
272 553 357 589 ίερέα.
375 551 451 586 Τάχα
465 550 654 585 δὲάμπελὼν,
668 548 685 584 ἢ
699 548 754 584 (l6)
771 548 788 583 ἡ
802 546 879 582 βασι-

85 599 149 626 λεία
160 599 210 625 τοῦ
224 599 292 625 Θεοῦ
302 618 310 631 ,
327 599 373 625 καὶ
391 598 425 625 τά
443 599 580 634 μυστήρια
596 595 679 623 αὑτοῦ
698 596 727 622 ὲν
743 594 818 630 νόμῳ
833 593 880 620 καὶ

85 646 257 682 προφήταις,
271 645 317 672 καὶ
332 647 365 680 τῇ
378 644 444 681 ἄλλῃ
466 643 635 679 φυσιολογίᾳ.
648 641 763 676 Καρποί
773 641 802 667 δὲ
811 641 827 667 ό
838 641 881 667 ὲν-

84 692 186 728 άρετος
202 693 232 718 ὲν
248 691 325 727 ἤθεσι
340 690 406 726 βίος.
425 689 560 724 Φραγμὸς
572 690 586 716 ό
596 688 705 722 λογικὸς
718 687 799 718 τύπος
809 706 816 718 ,
833 686 882 712 καὶ

84 738 117 764 τὸ
127 738 261 773 γράμμα,
274 738 312 769 ὡς
328 736 365 773 μὴ
380 735 574 763 κατοπτεὺοιτο
583 736 639 766 τοῖς
654 733 705 767 ἔξω
717 732 751 759 τά
761 740 881 767 κεκρυμ-

86 785 160 820 μένα
178 785 327 820 μυστήρια.
344 782 443 817 Ληνὸς
457 782 488 809 τὸ
504 781 585 817 βάθος
598 781 647 815 τῆς
660 779 808 815 δεχομένης
818 778 882 809 τοὺς

86 831 216 865 καρποὺς
235 830 299 861 τοὺς
317 830 366 865 τῆς
385 829 473 864 ψυχῆς
484 849 490 861 ,
507 828 562 854 πᾶν
578 826 625 853 ἐπὶ
638 825 755 860 πόλεμον
769 823 880 851 ἐπιϐαλ-

84 860 213 911 λούσης..
225 860 408 909 πύρθυξάάι
423 860 595 909 διῃρημένος
620 871 683 907 περὶ
703 869 771 896 Θεοῦ
791 868 879 903 λόγος.
896 860 918 887 Β

84 921 162 953 Nae;
181 921 232 956 μὲν
245 922 262 956 ἡ
278 920 324 946 τοῦ
340 920 368 946 ἐν
385 918 459 954 αὐτῷ
474 918 545 945 θείου
564 916 628 944 ναοῦ
638 913 839 951 (Π).Γεωργ·οὶ
855 913 880 939 οἱ

85 968 194 1002 πρῶτοι
209 966 400 997 πιστευθέντες
414 964 449 991 τὰ
464 964 543 999 λόγια
558 963 605 990 τοῦ
622 961 690 989 Θεοῦ
700 970 707 976 ·
725 959 765 993 οἷς
779 960 880 996 ἀποδη-

87 1014 136 1047 μεῖ
149 1012 191 1044 εἰς
207 1011 257 1047 τὴν
274 1010 356 1038 αὐτοῦ
379 1011 520 1046 περιοπείν
536 1008 603 1044 (18),
624 1008 686 1039 δοὺς
700 1005 836 1042 ἀφορμὴν,
852 1004 882 1037 ἐξ

84 1056 125 1087 ὧν
146 1059 231 1091 αὐτὸς
254 1060 404 1094 ἐφύτευσε,
427 1056 553 1094 φραγμόν
578 1065 606 1083 τε
631 1055 746 1091 έθηκεν,
763 1053 881 1090 ὤρυξεν,

86 1107 262 1142 ᾠκοδόμησε,
277 1106 323 1132 τοῦ
338 1105 432 1141 φέρειν
449 1104 566 1141 καρπόν.
582 1102 690 1137 Καιρὸς
706 1100 837 1135 καρπῶν,
852 1100 882 1127 ὃν

85 1150 162 1178 οἶδεν
175 1151 385 1186 οἰκοδεσπότης,
402 1150 472 1184 τάχα
490 1149 539 1184 οὐχ
558 1148 598 1174 ὅτι
618 1146 728 1181 ἐκφύειν
744 1143 846 1179 φύλλα,
863 1143 880 1179 ἢ

88 1198 247 1234 κυπρίζειν,
259 1197 276 1232 ἢ
287 1194 486 1232 ὀμφακίζειν,ἢ
498 1193 660 1230 τρυγᾶσθαι·
674 1188 729 1218 οἷον
737 1191 761 1217 οἱ
772 1191 822 1226 τῆς
834 1198 882 1225 νη-

88 1243 232 1279 πιότητος,
250 1242 268 1277 ἢ
283 1242 334 1277 τῆς
351 1239 575 1276 συμπληρώσεως
588 1237 635 1264 τοῦ
649 1237 744 1271 λόγου,
761 1235 777 1271 ἢ
794 1236 818 1261 οί
834 1234 882 1270 τῆς

89 1291 120 1317 ὲν
134 1290 222 1326 ἀρετῇ
236 1287 390 1324 προκοπῆς,
407 1286 424 1322 ἢ
439 1286 543 1322 ἀρχῆς·
561 1286 585 1312 οἱ
598 1284 626 1311 δὲ
641 1284 691 1319 τῆς
702 1282 821 1318 ἀγάπης,
837 1281 883 1308 καὶ

90 1337 190 1372 χαρᾶς,
209 1334 258 1361 καὶ
273 1334 396 1369 εἰρήνης,
412 1332 523 1359 καὶτῶν
537 1330 648 1358 λοιπῶν.
663 1330 768 1357 Δοῦλοι
779 1329 803 1355 οἱ
818 1336 885 1363 προ-

90 1380 177 1415 φῆται
186 1379 222 1406 τὰ
238 1378 412 1414 πνευματικὰ
423 1376 596 1413 καρπώματα
611 1375 787 1406 ἀπαιτοῦντες
801 1382 884 1409 προσ-

90 1426 169 1460 άγειν
184 1425 224 1457 ὡς
241 1426 323 1460 ἱερεῖς
339 1424 379 1459 τῷ
394 1423 463 1459 Θεῷ.

410 1560 489 1587 ΚΕΦ.
509 1560 572 1586 KA'.

92 1608 169 1644 Στίχ.
185 1608 238 1644 με’.
257 1607 304 1640 Τίς
315 1606 373 1644 ἄρα
384 1606 470 1633 ἐστὶν
488 1604 622 1644 όέπισςτὸς
632 1603 807 1644 dati/logical
815 1603 886 1642 φρέ-

128 1638 227 1678 ’ίὶμὸα
244 1643 281 1669 ὃν
292 1638 481 1678 κατέστησεν
495 1642 512 1668 d
536 1641 636 1674 κύριος
654 1638 748 1666 αὐτοῦ
760 1638 810 1665 ἐπὶ
831 1638 886 1673 τῆς

129 1676 289 1713 θέραπείας
305 1676 399 1704 αὑτοῦ
407 1684 417 1708 ;

130 1724 190 1759 (19)
199 1724 276 1759 Τάχα
289 1722 447 1759 παροξύνων
462 1723 502 1753 είς
512 1721 541 1748 τὸ
555 1720 671 1757 ζητῆσαι
683 1720 732 1747 ἕνα
745 1719 804 1747 τινὰ
816 1719 885 1746 σπά-

95 1780 162 1799 νιον.
177 1771 218 1806 Τῇ
233 1770 289 1805 γὰρ
303 1769 351 1796 τοῦ
368 1768 425 1803 ἄρα
444 1767 596 1803 ἀμφιϐολίᾳ
617 1767 648 1793 τὸ
672 1766 784 1793 σπάνιον
800 1763 886 1797 ἔδειξε

95 1816 144 1843 τοῦ
159 1815 282 1842 τοιούτου
296 1814 449 1849 οἰκονόμου,
466 1813 513 1840 καὶ
526 1813 575 1839 οὐκ
589 1811 669 1839 ἄλλον
684 1810 767 1838 αὐτοῦ
780 1811 826 1837 τὸν
839 1818 886 1836 πι-

97 1858 159 1885 στὸν
185 1858 234 1885 καὶ
253 1858 384 1894 φρόνιμον
404 1857 543 1892 οἰκονόμον
555 1855 648 1888 εἰδὼς,
664 1854 887 1891 κατασταθμαζό-

98 1913 180 1940 μενον
202 1904 249 1931 ἐπὶ
266 1905 322 1935 τοῖς
342 1902 388 1930 τοῦ
410 1902 516 1938 Πατρὺς
531 1901 638 1938 ἔργοις,
656 1901 728 1935 λέγω
747 1901 776 1927 δὲ
795 1901 840 1927 ἐπὶ
853 1901 886 1936 τῇ

97 1951 299 1986 ἁνθρωπότητι.
319 1950 362 1981 Ὠς
373 1949 427 1985 γὰρ
438 1949 502 1984 περὶ
514 1948 608 1984 ἐτέρου
622 1947 706 1982 λέγει,
723 1946 887 1978 ὲπισκιάζων

97 1997 162 2024 αὐτὸ
179 1998 215 2032 τῇ
231 1996 368 2032 ὑπερϐολῇ
384 1996 433 2031 τῆς
448 1994 554 2029 σοφίας.
570 1993 667 2021 Δοῦλον
678 1994 706 2020 δὲ
720 1992 815 2019 ἑαυτὸν
827 1989 887 2018 εἷπε

97 2041 140 2069 διὰ
157 2042 188 2068 τὸ
207 2041 314 2077 μορφὴν
327 2040 419 2067 δούλου
436 2040 537 2068 λαϐεῖν.
555 2039 626 2074 Ὅρα
642 2039 670 2065 δὲ
685 2039 709 2064 εί
724 2037 761 2073 μὴ
777 2037 889 2064 τοιαῦτα

97 2088 318 2125 ὲγχειρισθέντας
338 2087 502 2119 ἐπισκόπους
519 2087 566 2113 καὶ
579 2086 753 2118 διδασκάλους
769 2085 889 2112 δυσωπεῖ

97 2138 111 2164 ὁ
126 2137 208 2171 λόγος
221 2135 358 2171 φρονίμως
372 2134 480 2169 ἑκάστῳ
488 2133 522 2160 τὰ
535 2134 595 2160 κατ’
607 2133 684 2166 ἀξίαν
699 2132 827 2168 χρῆσθαι,
841 2132 888 2158 καὶ

97 2182 289 2217 ἐπιστημόνως
318 2180 367 2212 τὰς
396 2178 584 2215 πνευματικὰς
608 2179 763 2205 διατάσσειν
785 2177 889 2213 τροφὰς

98 2229 187 2264 καιρῷ
206 2227 363 2262 ποσότητος,
381 2225 532 2261 ποιότητος.
550 2225 586 2251 Τὸ
598 2224 636 2256 δὲ,
658 2224 706 2256 Τίς
719 2223 785 2257 ἄρα,
801 2221 888 2257 εἶπεν,
905 2224 927 2251 D

97 2274 145 2309 οὐχ
158 2273 199 2304 ὡς
215 2271 331 2305 ἀγνοῶν,
347 2269 403 2297 ἀλλ’
420 2270 463 2296 ἵνα
480 2269 517 2305 μὴ
531 2268 775 2304 περιεργάζωνται,
793 2268 877 2304 Ἀρμό

99 2320 138 2353 ζει
160 2319 191 2345 δὲ
208 2319 223 2344 ὸ
238 2317 317 2351 λόγος
333 2317 379 2344 καὶ
397 2316 468 2343 κατὰ
481 2316 581 2347 παντὸς
599 2314 646 2341 τοῦ
665 2313 891 2350 ὲμπιστευθέντος

99 2374 125 2391 τι
138 2363 215 2400 παρὰ
237 2362 285 2389 τοῦ
302 2362 370 2389 Θεοῦ
381 2382 389 2394 ,
408 2362 462 2388 εῐτε
476 2361 605 2396 χρήματα
617 2379 625 2392 ,
645 2360 700 2386 εἴτε
717 2359 820 2394 ἀρχὴν,
836 2359 890 2385 εῐτε

98 2410 260 2437 δυναστείαν
277 2409 359 2444 ἀλλην
372 2408 442 2435 τινά.
463 2407 594 2442 Δεύτερον
608 2406 636 2432 δὲ
652 2406 806 2432 ἀπαιτεῖ-ται
822 2406 836 2432 ό
851 2406 890 2431 οἱ-

101 2457 216 2492 κονόμος
232 2456 324 2482 πίστιν
340 2455 387 2481 καὶ
399 2454 544 2489 φρόνησιν,
561 2453 604 2480 ἴνα
620 2453 688 2487 μήτε
702 2451 789 2488 κλέψῃ
799 2451 834 2477 τὰ
846 2451 888 2477 δε-

100 2502 228 2534 σποτικὰ,
245 2501 313 2529 ἀλλὰ
329 2502 377 2528 καὶ
393 2500 507 2532 δεόντως
524 2499 593 2527 αὐτὰ
608 2499 784 2534 οίκονομήση.
796 2499 832 2525 Ἢ
843 2498 888 2524 τὸν

100 2550 195 2586 ἔχοντα
218 2548 289 2584 πρὸς
309 2547 376 2573 Θεὸν
401 2545 504 2581 ἀγαθὴν
522 2545 682 2580 συνείδησιν,
714 2545 761 2570 καὶ
780 2543 818 2579 μὴ
838 2544 889 2578 ἀφ-

101 2596 244 2631 ιστάμενόν
262 2602 334 2625 τινος
345 2592 400 2619 τῶν
421 2592 544 2619 δεόντων.
568 2592 624 2618 Καὶ
645 2591 691 2618 τὸν
713 2590 800 2626 ὀρθῶς
818 2590 890 2617 διδά-

103 2650 202 2669 σκοντα
215 2641 291 2675 λέγει
311 2639 417 2666 πιστόν.
434 2638 566 2674 Φρόνιμον
582 2637 611 2663 δὲ
630 2637 674 2664 τὸν
689 2637 725 2673 μὴ
734 2636 889 2673 παραφερό-

105 2699 183 2725 μενον
196 2690 258 2720 ταῖς
273 2687 329 2714 τῶν
343 2685 487 2721 αἱρετικῶν
506 2685 694 2720 μωρολογίαις,
706 2684 773 2712 ἀλλὰ
786 2684 889 2719 διακρί-

104 2745 179 2763 νοντα
200 2735 231 2761 τὸ
255 2732 369 2769 ἀκριϐὲς
391 2731 438 2758 τοῦ
460 2730 556 2765 λόγου,
574 2731 591 2766 ἢ
612 2731 656 2757 τὸν
677 2730 714 2766 μὴ
729 2731 888 2767 πειρόμενον

137 2796 204 2832 (ιδ’)
214 2792 282 2832 pic.
300 2794 383 2832 F_urte
397 2789 444 2824 ὧν,
462 2791 504 2818 vel
519 2791 548 2818 ἐν
562 2789 613 2823 οἷς.
629 2791 707 2820 Ευιτ,

138 2827 200 2871 (Ἐφ’
213 2827 297 2871 ἔσθιε
310 2827 340 2871 ᾖα
399 2864 414 2871 ..

139 2864 195 2903 (l7)
211 2866 302 2895 Locus
313 2864 471 2900 impeditus.

928 225 1073 260 fructuum,
1091 229 1132 252 est
1161 224 1216 252 vita
1243 224 1372 259 legitima.
1401 223 1513 258 Tempus
1533 231 1624 251 eorum
1640 243 1648 256 ,
1672 228 1714 250 est

928 272 1086 307 prophetica
1115 271 1234 298 exactio.
1267 270 1342 298 Serui
1366 270 1446 305 primi
1477 275 1505 298 et
1529 270 1641 304 secundi
1669 270 1713 302 qui
1768 286 1771 289 -

928 317 1124 345 cuntumeliose
1145 315 1251 350 excepti
1277 315 1397 347 fuerunt,
1419 319 1483 342 sunt
1505 315 1644 349 propheta:
1668 315 1713 348 qui

929 363 992 390 aliis
1008 368 1090 397 atque
1114 362 1175 389 aliis
1192 361 1360 396 temporibus
1377 361 1452 388 missi
1477 360 1573 388 fuere:
1598 369 1630 388 ex
1654 360 1716 395 qui-

929 409 980 437 bus
1004 408 1086 436 alium
1103 408 1269 442 ceciderunt,
1286 413 1315 435 ut
1338 408 1490 439 Michteam,
1513 415 1593 442 quem
1617 407 1643 434 in
1669 414 1715 441 ge-

930 463 991 483 nam
1013 456 1148 490 percussit
1165 454 1314 482 Sedecias:
1332 454 1415 481 alium
1431 453 1601 486 occiderunt,
1622 457 1651 480 ut
1665 452 1716 480 Za-

930 502 1063 533 chariam,
1088 502 1160 528 inter
1174 500 1303 534 templum
1328 505 1356 527 et
1379 499 1484 532 altare;
1507 500 1589 526 alium
1613 499 1715 534 lapida-

931 553 1037 580 Verunt,
1062 552 1092 574 ut
1118 546 1199 574 Zariu
1225 546 1308 574 tilium
1329 546 1403 574 Jodze
1426 547 1604 573 sacerdotem.
1626 546 1716 573 Facile

930 595 1012 621 etiam
1036 593 1119 621 Vinea
1137 593 1168 621 iit
1192 600 1305 628 regnum
1325 593 1388 625 Dei,
1411 597 1438 618 et
1467 592 1595 626 mysteria
1614 592 1672 627 ejus
1689 592 1715 621 in

931 641 989 676 lege
1003 645 1029 668 et
1045 640 1197 675 prophetis,
1213 647 1245 668 ac
1260 639 1364 674 reliqua
1379 644 1482 666 natura:
1494 638 1627 665 doctrina.
1647 638 1716 665 Fru-

931 692 1001 718 ctus,
1019 686 1140 713 virtuosa
1162 685 1283 713 moribus
1301 685 1369 711 vita.
1392 684 1484 719 Sepu,
1506 684 1582 711 locus
1597 684 1717 711 rationa-

931 732 965 760 lis
986 737 1013 759 et
1038 732 1154 767 ipsamet
1171 732 1273 764 littera,
1292 735 1322 758 ut
1342 738 1396 758 non
1410 734 1533 765 paterent
1556 730 1588 757 iis
1607 730 1654 764 qui
1670 737 1717 757 ex-

933 778 1003 805 terni
1020 781 1108 810 erunt,
1127 776 1234 804 occulta
1256 776 1396 811 mysteria.
1423 775 1563 808 Torcular,
1579 775 1717 810 profundi-

935 828 975 851 tas
989 823 1088 850 anima:
1110 822 1214 850 fructus
1236 822 1428 856 suscipientis,
1451 822 1541 849 omnia
1567 822 1593 849 in
1618 822 1716 849 bellum

933 868 1107 896 ell'undentis.
1124 868 1217 895 Turris
1235 867 1318 895 etiam
1334 867 1476 895 distinctus
1491 868 1523 894 de
1544 868 1599 894 Deo
1615 875 1715 894 sermo.

932 916 1073 951 Templum
1099 915 1226 951 quidem,
1258 922 1318 949 qua
1333 914 1359 941 in
1375 915 1434 949 ipso
1458 914 1595 949 ['stellelta
1623 914 1716 949 senzaj

932 968 995 991 nota
1018 962 1099 991 divini
1121 961 1221 996 templi.
1245 961 1349 1003 Coloni,
1368 961 1447 996 primi
1473 962 1509 988 illi
1535 962 1632 996 quibus
1659 970 1718 989 crc-

933 1010 988 1037 dita
1008 1013 1070 1036 sunt
1092 1008 1199 1043 eloquia
1223 1007 1292 1035 Dei:
1316 1008 1414 1043 quibus
1432 1015 1544 1043 peregre
1569 1008 1716 1042 proﬁcisci-

932 1060 977 1082 tur
991 1047 1019 1082 in
1034 1054 1172 1089 speculam
1198 1062 1288 1087 suam,
1304 1061 1396 1082 ansam
1413 1054 1546 1089 pra’bens,
1566 1062 1596 1081 ex
1613 1054 1645 1081 iis
1659 1063 1718 1089 qum

933 1101 991 1135 ipse
1010 1101 1191 1135 plantaverat,
1206 1107 1297 1135 sepem
1312 1099 1554 1134 circumposuerat,
1573 1100 1716 1132 elTuderat,

932 1146 1127 1178 :ediﬁcaverat,
1151 1146 1268 1173 fructum
1296 1144 1413 1173 ferendi.
1436 1145 1547 1180 Tempus
1572 1145 1717 1181 fructuum,

934 1201 1013 1228 quem
1031 1193 1140 1220 notavit
1154 1192 1363 1227 paterfamilias,
1379 1191 1437 1220 sine
1452 1192 1533 1219 dubio
1547 1200 1599 1219 non
1615 1197 1675 1219 erat
1689 1198 1719 1219 ut

934 1238 996 1266 folia
1019 1238 1185 1272 produceret
1209 1237 1253 1265 vel
1276 1237 1367 1269 ﬂores,
1396 1242 1440 1264 aut
1462 1242 1583 1271 turgeret
1608 1238 1633 1264 in
1662 1245 1719 1264 om-
1744 1244 1748 1252 -

934 1283 1072 1318 phacium,
1100 1287 1146 1309 aut
1168 1282 1407 1309 vindemiaretur:
1432 1282 1496 1316 quin
1519 1283 1607 1315 potius
1641 1287 1719 1309 erant

934 1330 1040 1357 fructus
1066 1328 1260 1364 simplicitatis,
1277 1328 1478 1363 adimpletionis
1495 1328 1581 1360 verbi,
1598 1333 1643 1354 aut
1658 1336 1720 1362 pro-

934 1374 1022 1403 fectus
1045 1375 1070 1402 in
1087 1375 1236 1402 virtutibus
1252 1373 1295 1401 vel
1311 1373 1381 1401 initii
1395 1382 1402 1400 :
1418 1373 1522 1401 fructus
1542 1374 1604 1401 item
1627 1374 1719 1403 chari-

911 1443 913 1445 .
935 1421 1009 1453 tatis,
1034 1420 1145 1456 gaudii,
1170 1420 1255 1455 pacis,
1277 1425 1305 1448 et
1326 1420 1433 1455 reliqui.
1460 1419 1551 1453 Servi,
1576 1425 1639 1447 sunt
1660 1428 1721 1456 pro-

912 1462 914 1469 ¹
934 1468 1034 1503 pltetm,
1054 1467 1099 1502 qui
1126 1466 1282 1501 spirituales
1311 1466 1417 1494 fructus
1453 1465 1598 1501 exigebant
1622 1466 1721 1495 ollerre

937 1519 1064 1549 tanquam
1091 1513 1246 1541 sacerdotes
1264 1513 1328 1541 Deo.

1234 1556 1310 1584 CAP.
1325 1557 1421 1585 XXIV.

936 1605 971 1635 Ἴ.
984 1606 1029 1633 45.
1045 1605 1114 1644 Quir
1126 1613 1187 1640 ergo
1205 1610 1243 1644 es!
1258 1605 1345 1644 ﬁdelis
1357 1614 1447 1633 seruus
1461 1611 1485 1633 et
1502 1607 1632 1644 prudens,
1645 1615 1721 1642 quem

991 1641 1127 1668 constituit
1139 1640 1261 1667 dominus
1275 1640 1332 1674 ejus
1351 1649 1430 1675 super
1440 1640 1546 1669 servitio
1562 1650 1609 1668 suo
1621 1643 1635 1668 .9

970 1699 1052 1727 Forte
1072 1699 1134 1735 (hoc
1149 1698 1312 1734 interrogat)
1329 1699 1472 1727 stimulans
1490 1699 1523 1726 ad
1547 1700 1721 1733 quaerendum

936 1754 1018 1774 unum
1033 1746 1151 1782 aliquem
1161 1753 1253 1773 rarum
1269 1745 1415 1774 hominem.
1429 1745 1561 1780 Ambigua
1573 1745 1645 1772 enim
1659 1751 1722 1780 par-

937 1793 1017 1820 ticula
1032 1801 1104 1827 ergo,
1117 1793 1260 1820 raritatem
1274 1792 1392 1820 ostendit
1404 1792 1540 1819 meonomi
1555 1790 1722 1825 huiusmodi,

937 1846 987 1866 nec
998 1838 1079 1866 alium
1104 1846 1184 1873 quam
1207 1846 1236 1865 se
1260 1837 1365 1865 ﬁdelem
1384 1845 1415 1865 ac
1438 1838 1597 1872 prudentem
1612 1843 1724 1865 (nconoc

937 1893 1010 1912 mum
1024 1885 1121 1917 sciens,
1138 1883 1294 1920 pt'rel'ectum
1308 1883 1434 1920 operibus
1446 1883 1545 1916 Patris,
1560 1883 1723 1911 humanitati

937 1931 1058 1966 inquam.
1084 1930 1224 1966 Tanquam
1239 1930 1313 1958 enim
1339 1931 1372 1957 de
1387 1930 1472 1957 altero
1489 1929 1618 1964 loquitur,
1633 1929 1725 1957 obum-

937 1979 1021 2006 brans
1038 1978 1065 2006 id
1090 1979 1191 2007 eximia
1218 1978 1362 2014 sapientia.
1379 1977 1494 2005 Vocavit
1511 1984 1591 2012 porro
1615 1984 1723 2005 servum

937 2033 998 2053 sese
1014 2030 1124 2060 propter
1134 2030 1301 2060 assumptam
1317 2024 1386 2052 servi
1401 2024 1527 2051 formam.
1539 2023 1606 2050 Vide
1620 2030 1686 2050 vero
1701 2023 1724 2050 si

939 2080 991 2100 non
1013 2072 1157 2107 episcopos
1174 2076 1202 2098 et
1216 2071 1343 2098 doctores
1358 2070 1457 2104 quibus
1484 2069 1548 2096 talia
1566 2069 1723 2097 concredita

939 2123 1012 2152 sunt,
1032 2123 1141 2146 moneat
1156 2118 1253 2150 oratio,
1271 2123 1300 2144 ut
1321 2117 1469 2153 prudenter
1483 2116 1546 2151 quis
1559 2124 1608 2151 pro
1632 2116 1724 2151 cujus-

939 2170 990 2198 que
1005 2164 1137 2198 dignitate
1157 2167 1260 2195 utatur,
1285 2169 1318 2189 ac
1332 2162 1400 2189 scite
1421 2161 1576 2196 spirituales
1597 2161 1725 2196 disponat

941 2210 1017 2238 cibos
1031 2209 1191 2244 tempestiva
1206 2209 1391 2244 quantitateet
1404 2208 1548 2243 qualitate.
1563 2206 1642 2240 Illud,
1657 2207 1724 2240 Qui:

941 2265 1013 2291 ergo,
1028 2257 1097 2284 dixit
1116 2265 1168 2284 nun
1185 2261 1314 2290 tauquam
1337 2255 1476 2290 ignorans,
1495 2256 1541 2282 sed
1565 2259 1594 2281 ut
1606 2262 1658 2282 non
1673 2262 1724 2282 cu-

942 2305 1014 2332 riose
1026 2304 1211 2331 sciscitentur.
1223 2302 1354 2336 Congruit
1369 2301 1451 2328 etiam
1466 2301 1553 2328 oratio
1572 2306 1599 2328 et
1613 2301 1725 2328 cuicun-

941 2357 993 2385 que
1006 2350 1137 2377 creditum
1150 2353 1192 2376 est
1202 2349 1340 2384 quidpiam
1356 2356 1371 2375 a
1383 2347 1449 2379 Deo,
1465 2347 1522 2375 sive
1532 2354 1598 2382 opes
1613 2346 1723 2379 fuerint,

941 2396 998 2423 sive
1013 2395 1199 2431 magistratus,
1219 2394 1276 2421 sive
1293 2397 1413 2427 potestas
1439 2393 1530 2428 aliqua
1546 2393 1609 2420 alia.
1625 2393 1725 2420 Deinde

942 2442 1058 2477 exigitur
1074 2441 1107 2469 ab
1123 2447 1265 2469 ueconomo
1280 2440 1347 2467 ﬁdes
1362 2444 1390 2467 et
1401 2439 1553 2475 prudentia,
1573 2444 1664 2466 utnec
1680 2438 1724 2465 fu-

941 2495 1016 2518 retur
1029 2489 1136 2520 herilis,
1147 2488 1211 2523 quin
1225 2487 1357 2522 potius,ut
1369 2490 1477 2521 parest,
1485 2485 1528 2512 illa
1542 2485 1723 2513 administrat.

942 2536 990 2564 Vel
1006 2535 1111 2563 ﬁdelem
1126 2534 1191 2561 dicit
1207 2541 1281 2565 cum,
1294 2533 1339 2568 qui
1361 2533 1395 2560 ad
1415 2532 1498 2559 Deum
1515 2532 1614 2558 bonam
1642 2530 1725 2557 habet

942 2583 1147 2614 conscientiam,
1164 2588 1215 2609 nec
1229 2580 1346 2608 discedit
1356 2586 1514 2615 aquaquam
1524 2585 1616 2605 carum
1635 2584 1724 2603 rerum

942 2638 1010 2665 quas
1024 2629 1081 2657 ﬁeri
1096 2633 1215 2663 oportet,
1246 2628 1364 2661 itemque
1379 2633 1440 2653 eum
1453 2625 1499 2659 qui
1515 2628 1590 2651 recte
1617 2622 1724 2650 doceat.

941 2677 1107 2706 Prudentem
1116 2682 1181 2703 Vero
1192 2675 1268 2706 dicit,
1281 2674 1326 2709 qui
1342 2680 1395 2700 non
1409 2678 1579 2699 transversus
1589 2669 1679 2704 agitur
1693 2668 1727 2694 ab

942 2725 1132 2755 haereticorum
1166 2721 1248 2749 fatuis
1278 2719 1485 2753 assertiOnibus,
1517 2718 1564 2747 sed
1595 2715 1724 2752 dijudicat

977 2787 1033 2822 (18)
1046 2786 1126 2822 Forte
1138 2781 1294 2822 ﬁietmﬂjv.
1301 2816 1307 2822 .

982 2817 1038 2858 (19)
1052 2820 1153 2850 Confer
1164 2817 1236 2848 edita
1249 2817 1354 2845 Latina.
