1919 3074
241 119 294 148 Si"

691 118 976 147 SUPPLEMENTUM
992 117 1037 145 Al)
1062 117 1226 146 ORIGENIS
1245 117 1451 146 EXEGETICA.
1823 119 1867 145 9!]?

243 179 393 205 secundum
408 183 458 204 nos
469 181 528 204 est:
545 180 574 203 at
587 177 659 211 quod
675 181 756 203 natus
771 176 807 203 sit
822 183 874 203 non
889 183 922 204 ex
940 175 1029 203 volun-

1087 178 1231 213 γέννησιν,
1256 178 1288 212 ἣν
1313 178 1376 212 ἡμῖν
1402 176 1512 212 ἔμελλεν
1535 177 1566 202 ἐκ
1586 176 1743 211 Πνεύματος
1767 178 1866 212 χαρίει-

245 229 301 251 late
314 223 403 250 carnis
421 223 462 250 vel
488 223 538 249 viri
555 224 576 254 ',
592 223 638 249 sed
659 230 693 250 ex
717 223 821 258 Spiritu
850 227 962 256 sancto,
983 224 1034 250 ltoc

243 277 324 304 supra
341 276 389 296 nos
401 273 452 295 est.
470 267 547 300 Quod
564 273 591 295 et
604 267 722 295 futuram
741 268 921 302 proclamavit
937 268 1034 295 nativi-

245 320 340 346 tatem,
353 321 433 350 quam
447 313 524 340 nobis
542 321 574 340 ex
591 313 695 348 Spiritu
714 313 861 348 largiturus
873 318 944 341 erat.

558 357 636 386 CAP.
658 357 713 386 VII.

244 406 276 434 ν.
289 406 315 432 5.
331 403 372 432 Ne
386 404 452 431 detis
469 409 591 444 sanctum
605 404 714 431 canibus
725 411 734 430 :
744 411 825 439 neque
834 404 918 438 jacite
928 411 1034 439 marga-

454 445 519 466 ηιαε
531 445 632 467 vestras
643 445 704 466 ante
717 447 820 472 porcos.

244 517 277 546 V.
294 517 320 545 6.
334 516 463 550 Petite,et
475 518 582 544 dubitur
592 518 664 544 vobis
676 525 685 549 ,'
699 518 818 552 quwrite,
836 522 861 544 et
872 518 1009 545 invenietis
1022 527 1033 551 ;

439 554 553 588 pulsate,
565 558 589 579 et
603 553 737 587 aperietur
751 553 834 580 vobis.

278 599 314 627 Ut
337 607 389 627 non
414 599 572 634 ignorarent
593 599 730 634 discipuli,
751 599 864 634 quinam
882 599 936 626 sint
950 607 1034 628 canes

242 648 285 675 vel
300 647 374 682 porci
391 647 463 673 ittter
479 646 615 673 auditores
626 665 634 677 ,
659 645 836 672 immoranter
851 646 976 680 quaerite.
992 647 1033 673 di-

241 695 291 727 cit,
306 702 338 722 ex
354 694 419 725 Deo,
431 698 459 720 ct
475 692 726 719 manifestabuntur
742 693 818 720 vobis
834 692 938 720 omnia.
953 692 1033 720 Prin-

242 741 343 775 cipium
354 745 395 767 est
410 739 485 766 cnim
500 739 621 769 virtutis.
634 745 714 766 nosse
729 738 830 765 honutn
840 746 874 766 ex
885 739 1030 766 oratione:

243 785 340 812 deinde
353 786 425 811 scire
440 783 576 818 quomodo
597 787 720 816 oporteat
743 783 815 810 viam
833 783 942 810 virtutis
959 790 1034 811 eme-

243 831 308 858 tiri:
321 831 401 858 tertio
411 851 419 861 ,
437 838 485 864 per
498 837 580 864 opera
598 829 723 864 pulsare.
740 836 794 863 quo
809 829 933 857 mihimet
947 829 1031 865 janua

1086 221 1157 247 σθαι.

1412 355 1490 382 ΚΕΦ.
1512 356 1550 382 Z'.

1086 399 1124 434 (5)
1141 400 1214 436 Στιχ.
1236 400 1268 428 ε’.
1284 400 1332 435 Μὴ
1354 401 1428 428 δῶτε
1452 401 1484 428 τὸ
1507 401 1592 435 ἅγιον
1611 401 1674 434 τοῖς
1695 401 1780 431 κυσὶ,
1800 401 1869 435 μηδὲ

1117 434 1233 497 βὰἓλῆτε
1249 434 1516 471 τοὺῄμαργαριτας
1531 434 1616 471 ὑμῶν
1634 434 1805 470 ἔμπροσθεν
1818 436 1869 462 τῶν

1120 480 1156 504 χο
1166 480 1229 505 ρων

1084 517 1161 562 Στιχἱ
1177 521 1213 561 ς’..
1236 518 1361 562 (Iunias,
1388 519 1436 562 καὶ
1460 517 1618 562 δοθήσεςαι
1640 517 1729 561 ὑμῖν·
1751 517 1868 558 (mefre.

1113 552 1163 578 καὶ
1179 553 1336 587 εὑρήσετε·
1351 555 1483 588 κρούετε,
1499 553 1547 579 καὶ
1562 552 1754 588 ἀνοιγήσεται
1771 553 1845 588 ὑμῖν.

1122 597 1179 624 Ἵνα
1196 598 1233 634 μὴ
1248 599 1383 632 ἀγνοῶσιν
1397 600 1421 625 οἱ
1437 599 1565 634 μαθηταὶ,
1581 599 1651 630 τίνες
1667 599 1737 626 εἰσὶν
1752 599 1838 630 κύνες,
1853 600 1867 634 ἧ

1084 645 1169 679 χοῖροι
1184 645 1212 670 ἐν
1225 646 1282 676 τοῖς
1295 645 1454 680 ἀκροαταῖς,
1471 645 1608 680 ὲπιμόνως
1623 644 1770 680 ζητήσατε,
1785 646 1867 680 φησιν,

1084 690 1117 716 ἐκ
1130 690 1210 723 Θεοῦ,’
1228 691 1274 717 καὶ
1289 691 1511 718 ἀποκαλύπτεται
1524 691 1587 726 ὑμῖν
1601 691 1699 717 πάντα.
1725 691 1807 726 Ἀρχὴ
1828 691 1868 726 μὲν

1083 735 1138 772 γὰρ
1154 736 1256 772 ἀρετῆς
1279 737 1309 763 τὸ
1325 737 1359 763 δι’
1383 736 1465 772 εὐχῆς
1478 736 1582 770 γνῶναι
1596 736 1627 762 τὸ
1645 735 1758 770 ἀγαθόν·
1774 734 1829 763 εἷτα
1844 737 1869 762 τὸ

1084 780 1182 807 εἰδέναι
1199 781 1258 813 πῶς
1279 781 1320 808 δεῖ
1339 781 1448 808 ὁδεῦσαι
1465 782 1514 817 τὴν
1538 782 1648 817 ἀρετήν·
1666 781 1760 816 τρίτον
1784 782 1813 808 τὸ
1832 781 1868 807 διὰ

1083 825 1137 853 τῶν
1152 826 1239 861 ἔργων
1251 827 1360 863 κρούειν
1373 827 1515 862 ἀνοιγῆναι
1530 826 1604 862 αὐτῷ
1619 827 1668 862 τὴν
1683 826 1780 862 Θύραν.
1795 826 1869 853 Τοῦτο

243 877 391 913 aperiatur.
409 876 482 903 Istud
498 876 570 903 enim
589 875 676 902 innuit
703 874 773 902 facta
798 882 847 910 per
862 883 958 903 manus
973 875 1029 911 pul-

1087 873 1138 909 γὰρ
1157 874 1284 909 σημαίνει
1311 874 1328 909 ἡ
1353 873 1397 900 διὰ
1419 873 1474 900 τῶν
1494 873 1591 909 χειρῶν
1613 872 1737 908 κροῦσις.
1754 873 1868 909 Τρισσῶς

242 924 321 952 satio.
335 922 479 951 Trifariam
500 929 618 956 namque
639 921 799 949 salutarium
816 919 972 957 dogmatut'n
984 930 1032 950 ve-

241 969 310 996 ritas
337 968 472 1003 accipitur
488 976 495 994 :
512 967 635 1002 diligenti
662 966 800 1000 oratione,
824 971 852 994 et
878 967 976 994 mentis
1004 968 1030 994 in

241 1014 387 1050 quaerendo
402 1013 508 1041 divinas
520 1021 564 1040 res
581 1013 740 1045 stabilitate.
749 1018 777 1040 et
790 1013 927 1048 exquisito
941 1013 1031 1041 studio

241 1061 395 1089 inveniendi
407 1069 439 1088 ex
454 1061 621 1088 conscientia
632 1060 846 1095 profunditatem
859 1060 1030 1088 certitudinis

240 1107 410 1135 occultarum
426 1107 629 1142 Scripturarum
648 1115 655 1132 :
672 1107 724 1133 hoc
745 1106 819 1133 enim
841 1106 921 1133 modo
945 1107 1032 1142 inquit

241 1153 341 1187 aperiri
357 1152 526 1186 Scripturas.

241 1197 311 1226 V.9.
324 1197 389 1229 Qui:
400 1205 432 1223 ex
444 1196 515 1223 vobis
528 1196 616 1223 homo.
630 1203 705 1229 quem
719 1195 742 1222 εἰ
752 1195 863 1229 postulet
880 1196 952 1230 ﬁlius
967 1206 1030 1224 suus

376 1240 480 1266 panem,
503 1231 619 1265 nunquid
641 1231 754 1263 lapidem
769 1231 841 1257 dabit
853 1232 899 1257 et?

241 1277 276 1306 Ἴ.
300 1278 345 1305 I0.
366 1277 400 1304 Et
420 1277 443 1303 si
469 1275 721 1338 piscemdpfstulet",
744 1278 862 1312 nunquid
883 1284 1028 1311 serpentem

583 1321 596 1338 tt
616 1318 634 1338 tl
662 1320 684 1338 et

583 1318 634 1338 amt
662 1320 684 1338 81

276 1358 345 1386 Vide
356 1365 438 1393 porro
451 1365 484 1384 an
501 1357 537 1384 sit
550 1356 670 1392 cognitio
683 1357 890 1389 nutrimenttnn,
905 1357 965 1384 sine
977 1365 1030 1392 quo

241 1405 331 1433 salvos
344 1411 406 1432 esse
423 1411 476 1431 n0n
501 1403 583 1435 licet;
604 1406 667 1437 puta
686 1410 776 1429 sermo
794 1403 909 1437 diligens
927 1404 959 1430 de
981 1404 1030 1430 hoc

241 1450 310 1487 ipso,
325 1449 461 1485 quomodo
475 1449 536 1476 cibo
555 1449 683 1475 utendum
702 1447 747 1474 sit.
768 1446 854 1474 Piscis
876 1452 967 1475 autent
989 1453 1031 1475 est

241 1497 374 1532 quasique
391 1496 534 1524 obsonium
549 1502 600 1529 pro
620 1494 680 1520 viro
703 1493 822 1526 erudito,
839 1494 909 1521 scire
926 1494 1029 1521 consti-

1085 919 1139 956 γὰρ
1154 921 1170 956 ὴ
1183 920 1237 947 τῶν
1254 920 1397 955 σωτηρίων
1413 919 1555 954 δογμάτων
1571 919 1683 954 ἀλήθεια
1697 919 1867 954 λαμϐάνεται,

1085 966 1210 1000 ἐπιμελεῖ
1224 965 1302 1001 εὐχῇ,
1321 964 1367 991 καὶ
1383 964 1429 991 τοῦ
1450 963 1616 1000 ἡγεμονικοῦ
1633 964 1661 989 ὲν
1681 963 1721 999 τῷ
1740 964 1826 998 ζητεῖν
1842 964 1868 990 τὰ

1085 1011 1144 1038 θεῖα
1166 1011 1350 1043 καταστάσει,
1366 1011 1413 1037 καὶ
1433 1010 1497 1046 περὶ
1517 1009 1563 1036 τοῦ
1581 1010 1670 1046 εὑρεῖν
1692 1009 1868 1044 συναισθήτως

1084 1058 1134 1094 τῆς
1150 1057 1203 1084 τῶν
1221 1057 1421 1094 κεκρυμμένων
1436 1055 1553 1092 Γραφῶν
1570 1056 1722 1090 ἀσφαλείας
1737 1055 1767 1082 τὸ
1787 1055 1866 1091 βάθος,

1084 1105 1195 1140 ἀκριϐεῖ
1211 1103 1470 1140 πολυπραγμοσύνῃ
1485 1103 1556 1129 οὕτω
1569 1102 1622 1139 γὰρ
1637 1102 1792 1137 ἀνοίγεσθαί
1811 1111 1867 1137 φησι

1084 1151 1133 1183 τὰς
1145 1152 1267 1187 Γραφάς.

1085 1199 1158 1233 Στιχ.
1175 1199 1208 1226 θ’.
1226 1199 1274 1231 Τις
1287 1198 1321 1230 ἐξ
1335 1197 1418 1232 ὑμῶν
1434 1197 1604 1233 ἄνθρωπος,
1621 1196 1657 1233 ὅτ’
1667 1195 1727 1233 ἐὰν
1738 1195 1841 1233 αιεήςῃ
1854 1196 1867 1221 ό

1119 1230 1185 1267 ύίὸς
1196 1230 1289 1260 αὐτοῦ
1303 1230 1404 1267 ἄρξον,
1422 1232 1465 1268 μὴ
1487 1230 1573 1259 λίθον
1587 1231 1727 1258 ἐπιδώσει
1747 1230 1838 1263 αὑτῷ;

1084 1280 1158 1315 Στιχ.
1173 1280 1197 1306 ι’.
1217 1280 1271 1307 Καὶ
1284 1279 1339 1306 ἐὰν
1354 1279 1444 1314 ἰχθὺν
1454 1278 1580 1341 ἕὶζήσῃ,
1596 1278 1639 1312 μὴ
1654 1277 1726 1312 ὄφιν
1740 1276 1866 1304 ἐπιδώσει

1433 1323 1452 1341 a
1473 1322 1528 1341 τω;

1433 1322 1512 1347 avra:
1519 1322 1528 1345 ;

1121 1361 1191 1398 Ὅρα
1205 1361 1233 1388 δὲ
1250 1361 1274 1387 εἰ
1380 1359 1480 1394 γνῶσις
1499 1359 1603 1396 τροφὴ,
1617 1356 1651 1395 ἦς
1670 1359 1730 1386 ἄνω
1753 1358 1801 1384 οὐκ
1818 1357 1866 1384 ἐστι

1085 1407 1228 1440 σώζεσθαι·
1243 1404 1298 1433 οἷον
1312 1407 1327 1433 6
1342 1407 1406 1442 περὶ
1424 1405 1470 1432 τοῦ
1487 1404 1546 1437 πῶς
1562 1404 1679 1440 βρωτέον
1694 1403 1811 1439 ἀκριϐὴς
1830 1402 1866 1428 λό-

1083 1463 1140 1488 γος.
1161 1453 1247 1489 ’ἰχθὺς
1274 1453 1301 1480 δὲ
1319 1452 1365 1480 καὶ
1389 1449 1445 1479 οἷον
1466 1452 1530 1486 ὄψον
1556 1450 1702 1486 φιλομαθεῖ
1728 1451 1759 1477 τὸ
1780 1449 1865 1476 εἰδέναι

1085 1499 1214 1526 σύστασιν
1235 1498 1351 1533 κόσμου,
1375 1497 1515 1533 ἐνέργειαν
1542 1496 1691 1532 στοιχείων,
1720 1495 1805 1531 ἀρχὴν
1828 1494 1866 1520 καὶ

242 1543 375 1571 tationem
390 1541 493 1573 mundi,
506 1540 578 1568 vires
593 1541 805 1571 elementorum,
824 1539 986 1574 prittcipintn
1003 1545 1029 1567 et

1087 1545 1159 1577 τέλος
1184 1546 1231 1572 καὶ
1256 1544 1402 1580 μεσότητα,
1429 1543 1477 1570 καὶ
1500 1543 1551 1570 ὅσα
1577 1543 1640 1577 ἑξῆς
1659 1543 1675 1577 ἡ
1698 1541 1780 1576 σοφία
1793 1540 1863 1574 λέγει.

241 1590 323 1616 Iincm
336 1593 364 1616 et
378 1588 506 1620 medium,
526 1592 553 1614 et
577 1594 636 1620 qua:
661 1586 790 1620 deinceps
807 1585 977 1621 philosophia
992 1586 1031 1612 lo-

242 1635 345 1669 quitur.
361 1634 416 1662 Nec
432 1642 496 1669 ergo
512 1640 561 1668 pro
577 1640 645 1667 pane
662 1632 778 1666 lapidem
793 1632 840 1658 dat
855 1632 935 1664 Deus,
950 1640 1029 1666 quem

241 1682 365 1709 diabolus
380 1681 484 1707 comedi
512 1688 526 1707 a
547 1678 861 1712 Jestt,volebat:,neqtte
887 1685 935 1712 pro
957 1679 1030 1712 pisce

241 1732 407 1762 serpentem,
426 1734 505 1761 quem
531 1724 676 1752 comedunt
696 1723 852 1758 Ethiopes,
867 1723 968 1759 indigni
984 1724 1029 1759 qui

239 1774 314 1809 pisce
338 1779 494 1800 vescantur.
512 1771 654 1805 Quomodo
679 1778 746 1798 vero
773 1770 920 1805 tliSt'iplllOS
945 1770 1031 1797 malos

239 1819 406 1854 appellavit?
428 1819 496 1852 Quia
513 1819 639 1853 quamvis
664 1825 697 1844 ex
719 1817 861 1852 proposito
883 1817 1030 1844 voluntatis

239 1865 441 1901 sequebantur;
469 1869 497 1891 at
525 1865 611 1892 inerat
637 1863 690 1891 illis
715 1863 840 1890 humana:
867 1863 1030 1890 conditionis

239 1912 420 1940 mutabilitas.
437 1911 518 1938 Solus
538 1916 628 1937 autem
645 1909 827 1936 immutabilis
846 1913 905 1936 erat
919 1913 945 1936 et
962 1909 1031 1935 divi~

239 1958 324 1985 nitate
357 1962 385 1984 et
408 1956 579 1984 humanitate
602 1954 651 1982 Dci
675 1954 770 1982 Filius.
787 1953 853 1980 Data
875 1961 941 1981 vero
961 1955 1031 1981 bona

241 2004 359 2039 appellat
376 2003 527 2039 spiritaalia
547 2003 628 2030 tlona.
641 1999 732 2028 Lucas
748 2000 880 2034 Spiritum
904 2005 1029 2026 sanctum

240 2050 319 2083 dixit,
335 2041 383 2084 pro
397 2057 429 2076 eo
448 2054 478 2075 ut
496 2049 614 2078 diceret,
629 2046 712 2073 bona.
737 2046 772 2073 At
792 2045 894 2072 nullum
912 2050 953 2072 est
974 2045 1031 2071 dis-

239 2096 354 2124 crimen.
369 2095 428 2129 lpse
446 2094 518 2121 enim
536 2093 655 2126 Spiritus
678 2097 800 2123 sanctus,
813 2097 855 2118 est
871 2091 964 2118 luttten
983 2091 1031 2117 ho-

239 2149 303 2169 num
317 2150 323 2168 :
339 2145 482 2176 propterea
499 2139 579 2166 etiam
597 2137 779 2172 participibus
791 2137 849 2164 suis
863 2138 932 2163 bona
948 2136 1031 2171 largi-

239 2193 293 2215 tur.
317 2189 352 2215 At
366 2186 438 2214 enim
456 2186 483 2213 in
509 2192 615 2212 summe
633 2183 724 2218 pravis
749 2187 866 2217 propter
891 2190 1027 2216 nunquam

1083 1591 1151 1618 Οὔτε
1168 1592 1228 1618 ἀντὶ
1244 1591 1291 1617 τοῦ
1308 1591 1391 1626 ἄρτου
1407 1589 1479 1616 λίθον
1495 1589 1600 1615 δίδωσιν
1615 1589 1629 1614 6
1645 1588 1722 1619 Θεὸς,
1739 1587 1768 1614 ὃν
1786 1587 1800 1612 ό
1817 1586 1866 1612 διά-

1082 1636 1158 1667 ϐολος
1173 1635 1310 1662 ἐσθίεσθαι
1328 1635 1380 1661 ὑπὸ
1398 1634 1445 1660 τοῦ
1467 1633 1554 1669 Ἰησοῦ
1573 1633 1713 1660 ὲὸούλετο’
1735 1631 1796 1658 οὔτε
1814 1631 1864 1657 ἀντὶ

1083 1682 1173 1717 ἰχθύος
1188 1682 1259 1715 639w,
1273 1681 1302 1708 ὃν
1316 1680 1451 1706 ἐσθίουσιν
1465 1681 1490 1706 οί
1505 1679 1609 1712 ἀνάξιοι
1622 1678 1668 1705 τοῦ
1685 1677 1762 1712 ἰχθὺν
1776 1676 1864 1703 ἐσθίειν

1081 1728 1218 1760 Αἰθίοπες.
1236 1727 1298 1759 Πῶς
1310 1727 1339 1753 δὲ
1354 1726 1418 1758 τοὺς
1433 1726 1556 1761 μαθητὰς
1575 1725 1710 1761 πονηροὺς
1730 1724 1862 1751 ἐκάλεσενς

1081 1775 1112 1800 El
1127 1774 1181 1809 γὰρ
1195 1774 1241 1800 καὶ
1257 1773 1420 1808 ἠκολούθουν
1428 1774 1460 1799 ἐκ
1472 1772 1668 1808 προαιρέσεως,
1686 1770 1745 1797 ἀλλ’
1759 1767 1826 1804 εἶχον
1839 1768 1864 1794 τὸ

1080 1819 1196 1855 τρεπτὸν
1213 1819 1260 1846 τοῦ
1278 1819 1458 1855 ἀνθρωπίνου.
1474 1819 1561 1845 Μόνον
1579 1818 1608 1844 δὲ
1630 1819 1765 1852 ἄτρεπτος
1778 1814 1809 1851 ἦν
1825 1815 1863 1841 καὶ

1082 1866 1189 1902 θεότητι
1205 1866 1251 1893 καὶ
1275 1866 1466 1901 ἀνθρωπότητι
1488 1866 1502 1891 6
1522 1864 1569 1891 τοῦ
1593 1864 1661 1890 Θεοῦ
1678 1863 1754 1895 Υἱός.
1766 1863 1862 1898 Δόματα

1080 1912 1109 1938 δὲ
1134 1912 1225 1946 ἀγαθὰ
1250 1911 1328 1938 καλεῖ
1353 1911 1403 1943 τὰς
1430 1909 1619 1946 πνευματικὰς
1644 1910 1760 1945 δωρεάς.
1788 1909 1815 1934 '0
1838 1906 1862 1933 δὲ

1081 1958 1188 1990 Λουκᾶς
1204 1957 1316 1993 Πνεῦμα
1335 1957 1412 1991 ἅγιον
1428 1956 1514 1988 εἶπεν,
1530 1957 1591 1983 ἀντὶ
1609 1955 1656 1982 τοῦ
1671 1956 1760 1982 εἰπεῖν
1773 1952 1861 1988 ἀγαθά.

1081 2004 1136 2031 Καὶ
1158 2003 1233 2030 οὐδὲν
1255 2003 1286 2030 τὺ
1306 2003 1444 2038 διάφορον.
1469 2002 1506 2028 Τὸ
1520 2002 1574 2037 γὰρ
1590 2002 1664 2036 ἅγιον
1681 2000 1792 2035 Πνεῦμα
1805 1997 1862 2025 αὐτὸ

1080 2051 1139 2077 ἐστι
1162 2050 1193 2077 τδ
1218 2050 1276 2085 φῶς
1296 2049 1408 2084 ἀγαθόν·
1433 2048 1473 2075 διὸ
1495 2049 1543 2075 καὶ
1565 2049 1620 2079 τοῖς
1646 2047 1769 2083 μετόχοις
1789 2043 1860 2072 αὐτοῦ

1080 2097 1186 2124 δίδωσιν
1207 2096 1308 2130 ἀγαθά.
1322 2097 1383 2128 Τοῖς
1399 2095 1428 2122 δὲ
1446 2096 1513 2130 ἄγαν
1529 2096 1668 2130 πονηροῖς,
1683 2093 1728 2120 διὰ
1747 2092 1776 2119 τὸ
1794 2092 1859 2118 ἀνεν-

1080 2144 1164 2175 δότως
1177 2143 1346 2179 ἁμαρτάνειν
1361 2143 1462 2177 τρόπον
1476 2143 1538 2168 τινὰ
1558 2141 1638 2175 φύσις
1654 2141 1746 2172 αὐτοῖς
1759 2140 1775 2174 ἡ
1788 2137 1860 2165 κακία

1080 2190 1192 2225 γίνεται·
1211 2187 1266 2222 οἷός
1279 2190 1353 2216 ἐστιν
1368 2190 1381 2215 6
1402 2190 1524 2219 Σατανᾶς
1543 2187 1590 2214 καὶ
1603 2187 1626 2213 οἱ
1640 2186 1776 2221 δαίμονες.
1787 2183 1861 2210 Δύνα-

239 2232 394 2262 intermissa
407 2236 529 2267 peccata,
543 2231 636 2257 vitium
650 2228 849 2264 quodammodo
864 2228 890 2255 in
903 2233 1026 2255 naturam

1087 2244 1124 2262 rat
1140 2235 1194 2271 γάρ
1208 2244 1250 2267 τις
1265 2236 1313 2262 καὶ
1326 2236 1437 2266 τούτους
1449 2234 1527 2268 φύσει
1543 2233 1644 2264 κακοὺς
1659 2233 1757 2262 εἰπεῖν,
1770 2230 1859 2263 καίπερ

239 2279 331 2306 evadit
347 2286 354 2304 :
368 2277 455 2312 qualis
467 2281 510 2304 est
521 2276 637 2304 Satanas
650 2280 677 2302 et
687 2275 834 2302 dte-mones.
846 2273 939 2300 Potest
955 2274 1026 2301 enim

239 2323 302 2358 quis
319 2323 399 2349 etiant
420 2321 469 2348 hos
484 2324 583 2347 natura
604 2320 689 2347 tnalos
713 2319 816 2351 dicere,
836 2319 960 2354 quamvis
973 2326 1025 2345 non

239 2373 336 2396 natttra
353 2367 437 2394 malos
454 2371 573 2398 creatos,
588 2366 635 2392 sed
650 2372 683 2392 ex
699 2364 844 2392 arbitraria
858 2364 961 2391 malitia
977 2365 1024 2391 de-

238 2420 378 2452 pravatos.

551 2446 627 2474 CAP.
646 2446 710 2475 VIII.

237 2496 271 2524 ν.
287 2496 331 2523 Η.
349 2494 428 2522 Multi
445 2494 477 2521 ab
496 2493 595 2520 oriente
613 2499 637 2519 et
658 2493 792 2519 occidente
812 2492 924 2522 venient.
943 2496 968 2519 et
984 2500 1025 2518 re-

273 2531 394 2558 cumbens
413 2537 472 2556 cum
487 2529 618 2556 Abraham
631 2533 654 2554 et
670 2527 748 2554 Isaac
769 2533 794 2554 et
810 2527 892 2554 Jucob
906 2529 932 2553 in
946 2535 1024 2559 regno

274 2567 409 2594 cazlurum.

273 2611 302 2640 Si
319 2615 433 2647 angusta
447 2615 470 2637 et
494 2613 597 2636 arctam
618 2613 656 2635 est
676 2609 729 2640 via,
748 2613 773 2635 et
792 2609 869 2644 pauci
889 2609 934 2643 qui
954 2607 1026 2635 inve-

237 2659 314 2687 niunt
335 2666 391 2685 eam
406 2657 426 2691 ³,
440 2657 487 2691 p'er
497 2663 577 2690 quam
595 2655 687 2689 plures
706 2655 907 2689 ingredientur?
922 2656 955 2682 de
970 2655 1023 2681 lata

238 2706 311 2732 enim
327 2710 353 2731 et
377 2703 494 2739 spatiosa
519 2702 595 2734 dicit,
613 2702 682 2736 quod
700 2701 776 2728 multi
793 2701 982 2736 ingrediantur
996 2701 1022 2727 in

237 2759 309 2779 eam.
323 2752 444 2778 Dicimus
451 2756 527 2784 ergo,
541 2756 694 2777 surmotletn
708 2747 814 2776 Domini
829 2748 930 2775 dictum
940 2747 1023 2775 fuisse

273 2809 283 2824 ’
294 2808 371 2835 Joan.
387 2818 406 2841 I,
421 2810 464 2836 15.
503 2808 514 2824 ³
529 2807 622 2834 Matth.
643 2815 691 2840 vn,
713 2807 757 2834 I4.

273 2856 310 2891 (5)
324 2856 360 2883 Ex
381 2857 440 2884 cod.
454 2857 549 2884 Venet.
565 2863 648 2888 χχχ-ιι,
668 2863 728 2889 pag.
745 2853 790 2880 25.

1082 2281 1119 2317 μὴ
1136 2281 1216 2316 φύσει
1230 2282 1333 2313 κακοὺς
1348 2280 1610 2316 δημιουργηθέντας,
1622 2278 1678 2304 ἀλλ’
1696 2277 1726 2310 ἐξ
1740 2277 1860 2309 αὐτοπρα-

1078 2327 1187 2362 αιρέτου
1202 2327 1302 2359 κακίας
1316 2326 1535 2361 ἁπεσκληκότας.

1400 2448 1477 2475 ΚΕΦ.
1500 2448 1540 2473 Η¹.

1077 2494 1152 2522 Στιγ.
1182 2497 1227 2520 ια’.
1252 2494 1363 2521 Πολλοί
1392 2493 1451 2520 ἀπὸ
1481 2491 1637 2520 ἀνατολῶν
1665 2491 1713 2517 καὶ
1745 2485 1857 2522 δυσμῶν

1114 2520 1236 2561 affatim,
1252 2520 1571 2561 natat'axattmicmut
1585 2526 1660 2561 μετὰ
1683 2520 1856 2561 Ἀϐραὰμξηῖ

1121 2565 1219 2591 Ἰσαὰκ
1233 2565 1281 2591 καὶ
1296 2564 1395 2591 Ἰακὼὸ
1405 2565 1440 2590 ἐν
1451 2563 1487 2597 τῇ
1497 2562 1641 2595 βασιλείᾳ
1653 2561 1712 2588 τῶν
1722 2562 1854 2594 adparat?“-

1114 2611 1146 2637 Et
1167 2611 1261 2645 στενὴ
1286 2611 1336 2638 καὶ
1362 2610 1540 2645 τεθλιμμένη
1563 2609 1650 2635 ἐστὶν
1672 2608 1692 2642 ὴ
1717 2606 1797 2638 ὁδὸς,
1813 2601 1854 2629 καὶ

1078 2657 1174 2691 ὀλίγοι
1190 2659 1217 2683 οὶ
1231 2657 1426 2691 εὑρίσκοντες
1441 2655 1553 2689 αὐτὴν,
1567 2654 1611 2680 διὰ
1634 2654 1714 2684 ποίας
1732 2653 1755 2678 οἱ
1775 2647 1855 2676 πολλοὶ

1077 2702 1295 2735 είσελεύσονται;
1320 2703 1383 2738 περὶ
1409 2702 1464 2737 γὰρ
1491 2700 1620 2732 πλατείας
1643 2699 1692 2726 καὶ
1712 2695 1853 2733 εὐρυχώρου

1076 2748 1160 2782 λέγει,
1175 2750 1215 2776 ὅτι
1232 2749 1323 2776 πολλοὶ
1336 2748 1532 2776 εἰσελεύσονται
1545 2747 1578 2773 δι’
1590 2745 1685 2780 αὐτῆς.
1698 2744 1750 2771 Καί
1765 2747 1852 2777 φαμεν.
