1919 3074
75 103 122 129 2(ιῦ
679 103 823 131 SCHOLIA
842 103 860 130 Ii

918 102 1114 132 lAT'I'IIAiUM.

1652 105 1706 132 ειη

75 162 111 187 ῦτι
123 161 138 186 ὀ
154 159 204 195 μὲν
220 159 269 186 τοῦ
288 159 418 196 Σωτῆρος
436 160 513 194 λόγος
534 160 658 195 εἴρηται,
675 160 768 195 ἐπειδὴ
782 160 860 194 ὀλίγοι

918 161 1050 195 siquidem
1074 161 1154 195 pauci
1171 168 1203 188 ex
1228 160 1311 188 Israel
1336 160 1522 188 salvabantur.
1546 161 1605 189 Non
1626 163 1704 190 multi

74 206 126 233 ἀπὸ
138 205 188 232 τοῦ
213 205 325 241 Ἰσραὴλ
345 205 486 237 ὲσώζοντο’
501 204 532 231 οὐ
556 205 648 231 πολλοὶ
664 205 719 240 γὰρ
740 205 866 232 ἐπίστευ-

76 261 122 279 σαν
144 252 186 283 εἰς
203 251 299 278 αὐτόν,
322 251 369 278 Διὸ
392 251 439 277 καὶ
463 250 549 285 ἐλεγε”
570 251 618 285 Μὴ
642 251 735 286 φοϐοῦ
757 251 866 285 μικρὸν

74 298 225 333 ποίμνιον,
245 297 290 323 ὅτι
312 297 482 331 εὐδόκησεν
503 299 519 324 ό
536 296 608 330 Θεὸς
630 297 666 323 ἐν
678 298 739 324 σοι.
757 298 866 333 Προφη-

73 344 157 375 ταῶς
167 344 196 370 δὲ
210 343 308 378 ἐλέχθη
326 344 372 375 τὸ,
388 337 498 369 Πολλοὲ
516 343 653 376 ἥξουσιν·
672 343 710 375 ὡς
731 343 796 378 περὶ
811 342 865 369 τῶν

75 389 229 425 μελλόντων
242 388 380 416 πιὰτεύειν
393 389 432 421 είς
448 388 527 414 αὑτὸν
541 388 594 414 ἀπὸ
606 388 660 415 τῶν
678 387 773 415 ἐθνῶν,
790 389 865 414 Πολ-

73 436 133 467 .102,
158 436 254 471 φησὶν,
270 435 308 467 ὠς
329 435 398 471 πρὸς
413 434 476 466 τοὺς
491 434 560 469 μετὰ
581 434 630 470 τὴν
653 434 802 470 παρουσίαν
827 434 863 470 μὴ

74 483 292 514 πιστεύσαντας,
312 482 336 507 οἱ
359 481 412 507 ἀπὸ
438 480 492 507 τῶν
517 479 600 506 ἐθνῶν
624 479 864 515 ἁνακλιθησόμενοι

74 531 143 566 μετὰ
164 529 293 565 ’Ἀϐραὰμ
310 529 356 555 καὶ
371 528 425 554 τῶν
439 527 469 559 ἐξ
481 527 563 554 αὑτοῦ
577 528 605 554 ἐν
624 529 657 562 τῇ
674 527 796 562 βασιλείᾳ
810 527 864 553 τῶν

73 576 207 612 οὐρανῶν·
224 575 271 602 καὶ
282 573 320 609 τῷ
333 573 442 609 ἀριθμῴ
454 574 483 600 δὲ
499 573 714 605 πολλαπλασίους
725 569 797 599 οὗτοι
810 573 864 600 τῶν

71 623 126 650 ἀπὸ
159 622 271 658 Ἰσραὴλ
299 621 346 648 καὶ
376 621 421 647 τὸν
448 621 553 657 Ἰησοῦν
577 619 693 655 Χριστὸν
719 619 864 655 ὁμολογου-

74 669 162 704 μένων
167 688 173 694 .

398 723 474 749 ΚΕΦ.
497 723 548 749 IA'.

71 771 147 806 Στιχ.
168 769 213 797 ια’.
235 770 261 796 '0
278 770 311 796 δὲ
329 769 501 806 μικρότερος
523 768 559 806 ὲν
581 767 622 806 ’ςῇ-
637 768 782 802 ,βασιλείᾳ
804 767 864 794 τῶν

234 803 370 839 οἰψανῶν
382 804 488 838 μείζων
504 803 596 830 αὐτοῦ
609 804 704 830 ἐστιν.

69 853 146 887 Στιχ.
160 851 204 886 ιβ’.
223 851 300 888 ξΑπξὸ
315 850 359 888 δὲ*
369 848 427 876 τῶν
441 848 567 888 ’ἡμερῶν
582 848 718 888 Ἰωάννου
737 848 790 888 τοῦ
805 850 840 888 BE

105 885 238 913 strideat-1
263 886 319 918 ἕως
341 885 407 919 ἄρτι
431 886 450 919 ἠ
471 885 616 917 ,ϐασιλεία
646 885 705 910 τῶν
728 885 864 918 οὐρανῶν

102 921 250 955 βιάζεται,
262 922 311 948 καὶ
324 918 449 953 βιασταὶ
466 918 650 954 ἁρπάζουσιν
663 919 770 953 αὐτήν.

105 977 200 1013 Φαμὲν
214 977 245 1004 τὺ
258 977 436 1011 μικρότερον
455 976 520 1011 περὶ
534 974 615 1001 αὑτοῦ
631 975 719 1010 λέγειν
739 974 784 1001 τοῦ
798 976 863 1011 Χρι-

70 1024 146 1050 ιποῦ·
174 1023 337 1059 μικρότερον
358 1022 386 1048 δὲ
408 1021 479 1049 κατὰ
495 1021 543 1056 τὴν
558 1021 668 1056 δόκησιν
681 1021 735 1048 τῶν
750 1021 863 1047 ἀκουὸν-

70 1079 134 1097 των.
149 1069 188 1096 Τὸ
199 1069 238 1101 δὲ,
254 1069 289 1095 ἐν
302 1068 339 1102 τῇ
351 1068 495 1102 βασιλείᾳ
510 1066 568 1094 τῶν
583 1067 728 1101 οὐρανῶν,
746 1067 819 1102 δηλοῖ
834 1068 863 1094 ἐν

69 1117 126 1147 τοῖς
143 1116 352 1150 πνευματικοῖς,
372 1115 419 1140 καὶ
439 1115 468 1140 ὲν
493 1115 550 1145 τοῖς
570 1113 629 1140 κατ’
646 1113 760 1149 οὐρανὸν
777 1114 862 1140 ἅπασι

69 1161 117 1187 καὶ
135 1160 238 1195 θεξίκοῖς
262 1160 373 1196 μείζονα
387 1160 520 1195 ὑπάρχειν
543 1159 646 1186 ἐκείνου
669 1159 714 1185 τὸν
733 1159 860 1194 Χριστόν.

67 1207 166 1239 Οὕτως
176 1207 206 1233 δὲ
219 1206 432 1242 ἀναγνωςόμεθα
442 1226 449 1238 ,
463 1207 516 1238 ὅτι,
530 1206 716 1240 Μικρότερος-
732 1204 800 1238 εἶτα,
817 1214 861 1241 μι-

70 1253 136 1289 κρὸν
161 1252 348 1284 διαλιπόντες,
372 1252 516 1288 ἐποίσομεν
535 1252 582 1284 τὸ,
601 1252 649 1278 Ἐν
669 1251 707 1286 τῇ
718 1251 863 1286 βασιλείᾳ

69 1299 129 1326 τῶν
146 1298 286 1333 οὐρανῶν
294 1298 402 1333 μείζων
416 1299 509 1325 αὐτοῦ
525 1299 621 1326 ἐστιν.
639 1298 672 1324 'H
692 1298 721 1324 δὲ
738 1297 862 1333 βασιλεία

69 1354 122 1372 τιν
136 1345 263 1380 οὐρανῶν
286 1345 367 1376 αὐτός
381 1345 453 1371 ἐστιν
466 1345 480 1370 ό
494 1344 628 1380 Χριστὸς,
643 1345 862 1380 προτρεπόμενος

66 1391 175 1423 πάντας
187 1391 228 1423 είς
246 1390 400 1426 μετάνοιαν,
419 1391 465 1416 καὶ
484 1389 570 1417 ἕλκων
587 1391 627 1421 είς
641 1389 735 1416 ἑαυτὸν
755 1390 800 1417 διὰ
813 1390 862 1426 τῆς

66 1438 193 1474 χάριτος.

389 1483 467 1510 ΚΕΦ.
492 1482 541 1509 lB'.

68 1540 144 1574 Στιχ.
161 1540 202 1566 ιδ’.
220 1541 253 1566 Ol
265 1539 299 1566 δὲ
312 1538 465 1573 Φαρισαῖοι
477 1539 664 1573 συμϐούλιον
676 1538 787 1566 ἔλαϐον
796 1539 859 1566 κατ’

102 1575 200 1602 αὐτοῦ
220 1575 405 1607 ἐξελθόντες,
419 1574 499 1606 ὅπως
514 1574 607 1600 αὑτὸν
621 1574 825 1601 ἀπολέσωσιν.

105 1622 182 1656 Ὄσῳ
204 1629 246 1653 τις
269 1620 372 1655 ἐγγίζει
389 1620 427 1655 τῷ
449 1619 552 1655 Ίησοῦ,
570 1619 731 1655 συμϐούλιον
745 1621 774 1647 οὺ
791 1620 862 1656 λαμ-

67 1666 157 1695 ϐάνει.
175 1667 214 1693 Οὐ
235 1666 289 1702 γὰρ
308 1665 411 1700 ἐγγίζει
435 1665 474 1701 τῷ
503 1665 590 1700 Ἰησοῦ
613 1666 630 1701 ή
653 1666 793 1701 συμϐουλὴ
808 1667 862 1693 τῶν

69 1714 174 1741 κακῶν.
193 1713 258 1740 Ὅτε
271 1713 300 1739 δέ
315 1721 357 1744 τις
373 1712 419 1739 τοῦ
442 1711 530 1748 Ἰησοῦ
547 1712 656 1748 ἔρχεται
669 1712 731 1745 ἕξω,
747 1713 863 1748 συμϐού-

69 1760 125 1786 λιον
150 1759 285 1794 λαμϐάνει
313 1758 360 1785 τοῦ
384 1758 516 1785 ἀπολέσαι
535 1758 565 1785 τὸ
588 1758 656 1793 φῶς,
673 1758 722 1794 τὴν
738 1759 797 1786 ὁδὸν
813 1758 862 1794 τὴν

68 1804 188 1840 ἀγαθὴν,
205 1804 255 1840 τὴν
271 1803 353 1839 ζωὴν,
370 1803 415 1830 τὸν
424 1803 570 1839 θησαυρὸν,
586 1803 632 1830 τὸν
652 1804 863 1840 μαρτυρήσαντα

69 1852 118 1886 ’μὴν
142 1851 266 1886 ἀγάπην,
282 1850 331 1885 τὴν
351 1851 471 1886 εἰρήνην.
494 1849 595 1876 Τοῦτον
613 1850 645 1877 ἄν
667 1859 708 1882 τις
729 1851 860 1888 ἀπολέσῃ,

69 1897 125 1929 υἱὸς
139 1896 278 1927 ἀπωλείας
294 1896 423 1922 καλεῖται.

111 1943 187 1976 Στιχ.
205 1945 246 1968 ιε’.
267 1942 294 1967 '0
308 1941 342 1968 δὲ
364 1941 488 1975 Ἰησοῦς,
504 1942 595 1976 γνοὺς
611 1942 818 1977 ἀπεχάψησεν.

104 1989 164 2014 Οὐχ
184 1988 238 2014 ἔδει
263 1988 318 2023 γὰρ
339 1988 419 2015 αὐτὸν
446 1989 536 2024 μένειν
563 1989 632 2025 μετὰ
656 1989 708 2016 τῶν
730 1989 796 2017 υἱῶν
813 1991 860 2026 τῆς

68 2034 219 2066 ἀπωλείας.
243 2034 355 2060 Ἐκείνοι
376 2034 533 2068 ἀπώλεσαν,
554 2036 652 2071 ἡμεῖς,
670 2035 706 2071 μὴ
728 2035 862 2070 ζητήσαν-

69 2089 124 2112 τες,
141 2081 272 2116 εὕρομεν.
287 2081 423 2115 Εὑρέθην
438 2081 503 2116 γὰρ,
523 2082 600 2117 φησὶ,
618 2082 679 2115 τοῖς
693 2082 744 2116 ἐμὲ
758 2081 802 2116 μὴ
815 2082 862 2117 ζη-

69 2127 177 2154 τοῦσιν
188 2136 196 2142 ⁸
221 2127 360 2161 ἐμφανὴς
375 2127 524 2162 ἐγενόμην
543 2128 605 2160 τοῖς
622 2128 674 2162 ἐμὲ
689 2128 732 2162 μὴ
754 2128 862 2162 ἐπερω-

68 2171 172 2199 τῶσιν.
189 2172 276 2203 Αὐτὸς
290 2172 343 2207 γὰρ
357 2169 438 2207 ἦλθεν
450 2172 497 2198 ἐπὶ
515 2172 549 2199 τὰ
568 2173 691 2208 πρόϐατα
702 2173 737 2200 τὰ
752 2173 859 2200 ἀπολω-
875 2183 898 2211 ι)

69 2217 143 2245 ὶότα·
158 2218 238 2245 αὐτοὶ
252 2217 281 2244 δὲ
295 2217 458 2244 ἐπελάθοντο
471 2218 518 2245 τοῦ
541 2218 606 2244 ἰδίου
627 2219 765 2254 ποιμένος.
786 2220 862 2246 Ἀνα-

68 2265 161 2300 χωρεί,
187 2264 217 2290 οὺ
241 2262 334 2295 δεδιὼς
357 2264 407 2300 τὴν
429 2264 586 2300 ἐπιϐουλὴν,
605 2265 672 2291 ἀλλὰ
691 2265 740 2301 τὴν
762 2266 861 2293 κακίαν

69 2309 248 2336 ἀναπείλλων·
268 2309 317 2336 καὶ
333 2310 375 2335 ἵνα
394 2310 430 2345 μή
447 2319 488 2342 τις
507 2310 584 2346 οἰηθῇ
607 2310 650 2337 διὰ
665 2311 765 2338 δειλίαν
780 2312 860 2339 αὐτὸν

69 2353 325 2388 ἁποκεχωρηκέναι,
341 2353 445 2385 πάντας
468 2352 515 2381 οὖν
538 2354 721 2390 ἐθεράπευσε,
742 2356 790 2392 τὴν
807 2366 860 2384 πα-

69 2399 153 2434 ναλκῆ
166 2398 251 2426 αὐτοῦ
267 2398 470 2434 ἐνδεικνύμενος
482 2400 606 2436 δύναμιν.
619 2401 691 2436 Πλὴν
702 2402 860 2429 ὑποστέλλει

70 2445 104 2481 μὴ
119 2445 342 2481 δημοσιεύεσθαι,
362 2443 398 2476 ὡς
416 2446 538 2482 ἐπιεικὴς
553 2446 599 2473 καὶ
615 2447 777 2481 ἀκενόὸοξος.

393 2535 472 2563 ΚΕΦ.
493 2535 542 2564 II".

69 2591 104 2627 (6)
118 2593 192 2628 Στιχ.
208 2592 262 2628 μᾶ.
285 2592 383 2633 'Ogo/q
401 2593 522 2633 early-ﬁ
542 2594 687 2633 ,βασιλεία
699 2593 758 2621 τῶν
770 2595 859 2628 obpa-

290 2629 353 2654 νῶν
367 2629 515 2663 θησαιφῷ,
531 2638 557 2656 κ.
571 2638 596 2655 τ.
609 2629 634 2655 λ.

99 2674 166 2700 Καθ’
184 2674 286 2709 ἑτέραν
308 2673 337 2700 δὲ
357 2673 469 2710 ἐκδοχὴν
491 2675 533 2710 εῐη
554 2674 577 2701 δ’
592 2674 640 2707 ἂν,
661 2675 745 2711 ἀγρὸς
771 2675 822 2711 μὲν
844 2676 860 2711 ἡ

917 207 989 234 enim
1011 207 1186 234 crediderunt
1201 207 1227 234 in
1247 215 1321 234 eum.
1337 206 1484 242 Propterea
1501 207 1582 235 etiam
1596 208 1704 236 aiebat:

920 250 960 278 Nc
985 252 1087 284 timeas,
1111 251 1207 285 pusilla
1227 260 1301 287 grex,
1322 252 1384 287 quia
1404 253 1592 287 beneplacitum
1614 254 1705 280 habuit

917 295 987 322 Deus
1011 296 1040 322 in
1060 300 1084 323 te
1098 295 1131 322 ³·.
1151 295 1312 331 Propltetice
1338 305 1404 324 vero
1431 298 1531 325 dictum
1559 304 1602 326 est
1626 299 1704 331 illud,

917 341 995 368 Multi
1019 342 1143 374 venient;
1173 341 1206 369 de
1234 342 1326 370 multis
1350 344 1478 370 nimirum
1504 344 1549 378 qui
1574 345 1704 373 credituri

916 392 994 414 erant
1011 388 1037 414 in
1062 395 1125 415 eum
1143 396 1176 415 ex
1199 390 1335 424 gentibus.
1356 389 1437 417 Multi
1459 391 1546 423 dicit,
1574 395 1702 426 tanquam

916 442 965 469 per
982 435 1210 469 comparationem
1230 436 1262 462 ad
1280 443 1336 468 eos,
1352 437 1396 470 qui
1413 441 1472 471 post
1487 437 1630 464 adventum
1650 445 1702 465 non

916 481 1093 509 crediderunt
1112 489 1117 506 :
1137 483 1181 516 qui
1204 490 1235 509 ex
1253 482 1378 516 gentibus
1392 483 1538 510 recubituri
1559 488 1621 510 sunt.
1639 490 1702 510 cum

914 526 1051 554 Abraham
1076 532 1103 553 et
1120 527 1153 554 iis
1170 527 1216 562 qui
1237 535 1270 554 ex
1289 535 1321 555 eo
1338 528 1393 554 nati
1412 532 1485 560 sunt,
1504 529 1530 555 lu
1547 535 1629 563 regno
1645 536 1702 557 caa-

916 572 1014 598 lorum.
1035 572 1153 599 Numero
1169 576 1260 599 autem
1278 577 1341 600 sunt
1363 573 1513 607 multiplice
1528 573 1573 600 isti
1595 581 1651 608 pne
1668 574 1701 601 iis

915 618 961 652 qui
981 618 1092 645 fuerunt
1110 625 1145 644 ex
1169 616 1250 645 Israel
1263 637 1270 650 ,
1299 623 1327 645 et
1343 617 1435 646 Jesum
1457 617 1597 645 Christum
1615 618 1701 646 conﬂ-

916 669 1018 691 tentur.

1233 719 1310 746 CAP.
1329 717 1375 746 XI.

914 764 947 792 V.
964 766 1007 793 Il.
1023 765 1113 792 Minor
1124 770 1221 797 autem,
1235 766 1262 792 in
1276 773 1356 800 regno
1365 772 1489 791 amorum
1501 764 1587 798 major
1594 763 1641 791 illo
1652 768 1700 791 eu.

529 848 564 875 ὒν
582 848 718 876 Ἰωάννου
737 848 790 875 τοῦ
805 850 860 875 Βα-

918 845 947 872 ν.
968 845 1008 873 12.
1027 845 1048 872 Α
1065 845 1154 871 diebus
1172 853 1231 870 vero
1247 844 1360 871 Joannis
1375 844 1499 878 Baptista:
1518 852 1600 879 usque
1614 843 1702 870 hacte-

952 889 1012 913 nus,
1036 888 1142 916 regnant
1163 881 1287 906 calorum
1308 879 1331 905 vi
1353 880 1459 914 agitur,
1482 884 1506 906 et
1530 879 1633 906 violenti
1655 886 1700 904 ra-

949 916 1023 950 piunt
1045 915 1122 942 illud.

951 973 1088 1004 Dicimus,
1110 972 1236 998 minorem
1256 970 1289 998 de
1312 971 1370 1005 ipso
1386 970 1496 998 Christo
1519 970 1628 998 dicere:
1650 970 1702 998 mi-

915 1026 1009 1045 tionem
1038 1025 1134 1052 nempe
1154 1017 1232 1052 juxta
1249 1017 1403 1052 opinionem
1426 1016 1604 1043 audientium.
1621 1016 1700 1049 Illud,

913 1065 940 1091 in
967 1071 1045 1099 regno
1071 1063 1213 1094 cwlorum,
1239 1063 1342 1094 innuit,
1358 1063 1382 1088 in
1400 1062 1597 1097 spiritualibus,
1620 1067 1648 1089 et
1672 1062 1700 1088 in

914 1110 1041 1138 omnibus
1060 1117 1120 1144 qua:
1142 1110 1176 1135 ad
1192 1109 1290 1136 caelum
1307 1109 1444 1143 pertinent
1461 1113 1489 1135 et
1512 1116 1556 1136 res
1577 1108 1700 1141 divinas,

915 1156 1042 1190 majorem
1067 1155 1112 1182 illo
1136 1163 1196 1183 esse
1216 1155 1366 1182 Christum.
1390 1154 1436 1182 Sic
1458 1155 1540 1190 igitur
1563 1147 1699 1188 legemus,

914 1203 1021 1231 Minor:
1039 1203 1133 1231 deinde
1158 1203 1283 1238 pusillum
1311 1203 1456 1238 quodpiam
1473 1203 1647 1231 interstitium
1672 1203 1700 1230 in

913 1251 1132 1286 pronuntiatione
1152 1250 1346 1285 relinquentes,
1362 1251 1552 1278 subnectemus
1566 1250 1647 1277 illud:
1665 1248 1701 1276 In

913 1305 991 1332 regno
1011 1297 1138 1324 caelorum
1152 1296 1239 1329 maior
1253 1296 1300 1322 illo
1316 1301 1365 1323 eu.
1386 1295 1470 1323 Porro
1487 1303 1599 1331 regnum
1614 1295 1701 1323 ctelo-

913 1351 984 1375 rum,
998 1347 1040 1371 est
1060 1343 1176 1378 ipsemet
1196 1342 1332 1374 Christus,
1359 1341 1404 1376 qui
1424 1341 1584 1368 adhortatur
1605 1347 1700 1368 omnes

913 1391 945 1418 ad
960 1390 1162 1426 paenitentiam,
1176 1394 1204 1418 et
1218 1389 1304 1417 trahit
1324 1389 1357 1416 ad
1371 1389 1489 1423 seipsum
1506 1395 1555 1422 per
1569 1388 1697 1423 gratiam.

1229 1475 1303 1503 CAP.
1328 1474 1383 1502 XII.

915 1531 946 1559 V.
968 1532 1011 1559 14.
1029 1530 1160 1559 Phariswi
1177 1537 1264 1558 autem
1278 1532 1417 1558 consilium
1432 1535 1558 1563 zmerunt,
1573 1531 1699 1559 adversus

1020 1567 1094 1594 illum
1114 1567 1281 1601 egredientes,
1303 1573 1329 1593 ut
1354 1567 1438 1600 ipsum
1455 1567 1601 1601 perderent.

948 1611 1055 1646 Quanto
1082 1613 1144 1648 quis
1169 1613 1369 1648 appropinquat
1391 1611 1455 1639 .le'su
1481 1613 1624 1640 consilium
1645 1621 1699 1640 non

914 1658 972 1685 init.
992 1658 1050 1686 Non
1068 1658 1139 1686 enim
1157 1659 1355 1694 appropinquat
1384 1656 1448 1685 Jesu
1474 1658 1616 1685 consilium
1638 1667 1699 1686 ma-

913 1705 1010 1733 lorum.
1031 1704 1067 1733 At
1089 1705 1199 1739 quando
1222 1705 1283 1739 quis
1302 1710 1379 1731 extra
1400 1704 1493 1731 Jesum
1514 1705 1580 1738 abit,
1607 1706 1699 1733 consi-

913 1750 978 1777 Eum
1005 1750 1055 1777 init
1074 1750 1202 1784 perdendi
1233 1750 1339 1781 lumen,
1367 1750 1440 1777 viam
1469 1752 1579 1782 bonam,
1605 1752 1698 1785 vitam,

914 1797 1080 1828 thesaurum,
1094 1795 1278 1823 testimonium
1293 1796 1479 1830 perhibentem
1500 1796 1534 1823 de
1549 1797 1698 1830 charitate,

912 1849 990 1878 pace.
1012 1841 1088 1869 Hunc
1109 1842 1131 1869 si
1149 1842 1208 1876 quis
1225 1842 1329 1876 perdat,
1353 1842 1422 1869 ﬁlius
1450 1842 1610 1877 perditionis
1625 1845 1636 1858 ⁵
1653 1850 1700 1871 vo-

912 1893 1000 1916 catur.

959 1935 993 1963 Ἴ.
1011 1935 1053 1962 l5.
1073 1934 1150 1962 Jesus
1166 1939 1254 1962 autem
1274 1943 1333 1961 cum
1348 1936 1524 1970 cognovisset,
1543 1936 1658 1963 recessit.

946 1980 1005 2009 Non
1023 1981 1094 2008 enim
1116 1981 1230 2008 decebat
1247 1981 1335 2015 ipsum
1356 1988 1466 2008 manere
1485 1989 1545 2008 cum
1562 1981 1623 2009 ﬁliis
1638 1989 1700 2016 per-

913 2027 1034 2054 ditionis.
1057 2027 1096 2054 Illi
1117 2027 1309 2061 perdiderunt,
1333 2034 1383 2054 nos
1403 2034 1452 2054 nec
1473 2033 1641 2061 quaerentes,
1659 2027 1700 2054 iu-

912 2073 1035 2099 venimus
1053 2081 1060 2098 :
1075 2071 1200 2099 Inventus
1214 2073 1293 2104 enim,
1306 2073 1354 2104 ait,
1368 2080 1426 2099 sum
1442 2076 1473 2099 ab
1490 2073 1522 2099 iis
1536 2073 1579 2108 qui
1592 2081 1631 2100 me
1648 2081 1700 2100 non

911 2117 1078 2152 quaerebant;
1097 2117 1252 2151 manifestus
1268 2117 1310 2151 [ιιί
1332 2117 1363 2143 iis
1382 2117 1427 2152 qui
1450 2125 1491 2144 me
1515 2126 1568 2144 non
1586 2119 1699 2144 interro-

911 2163 1007 2197 gabant
1021 2162 1042 2189 ⁵.
1060 2163 1119 2197 Ipse
1139 2163 1210 2189 enim
1235 2164 1302 2190 venit
1327 2163 1361 2190 ad
1376 2172 1433 2190 oves
1454 2172 1512 2199 qua:
1531 2164 1697 2198 perierant“;

913 2213 941 2234 at
964 2208 1000 2235 illi
1023 2209 1124 2243 proprii
1150 2209 1267 2244 pastoris
1289 2209 1363 2236 obliti
1387 2214 1458 2237 sunt.
1490 2209 1618 2243 Recedit,
1643 2218 1697 2238 non

913 2253 1016 2280 veritus
1038 2254 1165 2286 insidias,
1191 2255 1238 2281 sed
1266 2254 1466 2288 improbitatem
1494 2255 1695 2289 comprimens:

912 2304 939 2326 et
959 2305 987 2326 ut
1015 2307 1049 2326 ne
1076 2300 1136 2334 quis
1160 2305 1299 2335 reputaret
1323 2307 1433 2335 propter
1454 2306 1553 2328 metum
1572 2309 1632 2328 eum
1656 2310 1700 2330 re.

913 2345 1045 2378 cessisse,
1073 2353 1168 2373 oumes
1191 2345 1316 2378 equidem
1338 2347 1459 2379 curarit,
1486 2348 1697 2383 omnipotentem

912 2392 1040 2418 virtutem
1063 2399 1139 2418 suam
1161 2392 1319 2418 ostendens.
1348 2391 1539 2420 Verumtamen
1565 2399 1642 2421 cavet
1664 2402 1699 2421 ne

919 2436 1082 2470 publicetur,
1102 2441 1230 2471 tanquam
1249 2441 1406 2464 mansuetus
1431 2438 1565 2472 videlicet,
1589 2445 1616 2467 et
1637 2440 1697 2474 glo-

915 2483 960 2509 l‘itl‘
979 2482 1108 2517 fugitans.
1474 2478 1476 2480 I

1223 2539 1300 2567 CAP.
1318 2540 1386 2570 XIII.

937 2596 968 2624 γ.
984 2597 1029 2624 44.
1048 2596 1140 2624 Simile
1157 2603 1194 2624 est
1215 2607 1322 2633 regnum
1339 2599 1461 2626 cwlorum
1478 2599 1612 2632 thesauro,
1628 2603 1680 2627 etc.

1697 2649 1700 2664 l

951 2675 1103 2704 Secundum
1127 2677 1208 2704 aliam
1224 2678 1424 2712 acceptioncm,
1447 2685 1513 2713 ager
1532 2678 1612 2705 fuerit
1628 2678 1699 2705 Scri-

100 2734 120 2748 "
138 2734 206 2762 Luc.
226 2741 278 2767 ιιι,
300 2733 346 2761 52.
384 2733 486 2762 διιοοη.
502 2743 568 2768 xv",
591 2735 634 2763 l2.
672 2735 683 2751 ⁵
698 2735 777 2764 Rom.
804 2744 832 2769 κ,
854 2736 860 2762 ε

940 2737 950 2752 ⁸
966 2736 1059 2764 Matth.
1077 2745 1123 2771 xv,
1146 2738 1192 2766 24.

99 2793 135 2829 t6)
150 2793 215 2821 Hzcc
234 2793 378 2833 quze_huc
407 2795 565 2830 pertinent,
586 2800 740 2825 occurrunt
763 2795 789 2823 in
817 2794 878 2823 cod.
897 2802 994 2830 xxvm,
1023 2796 1092 2824 inter
1119 2795 1304 2832 expositiones
1322 2795 1348 2824 in
1368 2795 1478 2830 Lucam,
1496 2801 1532 2830 ⁴ι).
1555 2794 1590 2823 55
1614 2802 1692 2830 seqq.

66 2826 118 2864 Ego
127 2826 228 2857 sersus
241 2826 370 2861 ascripsi.
