1904 3076
230 144 284 172 299

667 141 946 170 SUPPLEMENTUM
967 142 1014 170 AD
1031 141 1193 170 ORIGENIS
1213 140 1418 171 EXEGETICA.
1797 146 1842 173 51ῐο

232 208 259 230 et
278 202 389 238 spiritus
408 202 521 229 invicem
543 208 595 229 non
617 201 784 236 pugnantia:
801 202 922 235 subjecto
938 201 1014 228 vide-

1074 208 1105 226 ια
1121 199 1168 226 καὶ
1182 198 1289 235 πνεῦμα
1301 220 1308 233 ,
1326 200 1362 235 μὴ
1378 200 1656 236 ἀντιστρατευόμενα·
1671 201 1842 235 ὖποταγέντος

234 249 297 276 licet
319 256 443 283 corpore,
460 247 555 282 spiritu
577 251 666 274 autem
682 247 899 274 communicante
923 248 947 274 ei
973 248 1016 274 di-

233 295 324 322 vinam
346 295 430 321 vitam
448 302 455 326 ;
479 299 530 320 (res
554 298 658 326 autem,
685 293 755 328 quod
771 299 814 321 est
835 298 920 321 totum
945 294 1016 320 inle—

234 349 324 376 grum,
348 341 469 375 spiritus,
492 340 599 372 anima,
626 348 744 375 corpus.
769 345 860 367 servat
889 340 1015 368 adventui

237 385 350 414 Christi.
369 384 416 412 Vel
432 385 485 411 duo
502 384 603 412 fuerint
627 385 680 412 duo
695 390 867 417 testamenta,
883 393 945 412 cum
960 385 1017 412 col-

239 432 323 459 lector
347 438 442 458 eorum
467 431 585 465 Spiritus
608 436 718 458 sanctus
741 432 767 458 in
789 431 856 466 ipsis
881 431 938 464 sit;
966 435 1017 458 tres

235 484 299 503 vero
320 476 462 511 (indicare
482 476 611 511 possunt)
625 476 728 511 ,legem,
748 476 903 511 prophetas,
934 476 1018 503 Evan-

237 522 337 556 gelium
353 529 359 546 :
378 522 419 549 vel
439 523 571 553 animum,
593 523 849 557 concupiscentiam,
861 522 993 549 rationem
1008 530 1016 554 ;

236 568 278 594 vel
302 568 489 601 vocationem,
514 574 542 595 et
567 568 739 600 electionem,
765 572 793 595 et
818 568 959 595 nobiscum
984 567 1016 594 ad

234 613 350 648 primum
368 613 499 640 honorem
516 617 670 640 revocatum
685 620 769 647 genus
783 613 943 639 humanum.
964 612 1017 639 0b-

235 667 312 687 serva
338 666 431 693 porro,
453 665 513 685 eum
538 666 590 686 non
612 658 721 691 dixisse,
745 666 800 691 ero,
825 658 871 685 sed
889 666 957 684 sum.
984 657 1018 685 Ut

235 704 307 731 Deus
321 704 394 731 enim
412 704 511 739 ubique
528 705 671 738 exsistens,
690 704 716 731 in
735 705 823 731 medio
839 709 880 732 est
902 712 995 732 eorum
1009 724 1017 736 ,

234 751 280 785 qui
296 758 345 785 per
360 751 485 785 pietatem
502 751 713 786 coniunguntur.
737 750 859 778 Potentia
876 752 947 778 enim
970 751 1017 778 Dei

233 798 354 824 ninnium
381 804 472 824 rerum
498 797 658 832 inspecti-ix,
684 797 798 825 indivise
820 797 906 825 divisa
933 797 963 824 Iit
985 797 1019 824 iis

234 842 278 877 qui
296 843 368 877 digni
391 847 463 870 sunt.

269 888 491 923 Quandoquidem
505 888 727 917 remittendarum
737 889 765 916 in
775 896 824 917 nos
837 888 1017 917 offensionum

234 942 287 962 nos
318 934 419 961 domini
441 942 544 969 sumus,
562 942 654 962 earnm
670 943 735 963 vero
751 944 810 971 qua:
832 935 858 963 in
878 935 961 963 Deum
978 936 1018 963 Ie-

234 985 340 1013 runtur,
366 988 419 1008 non
446 981 516 1009 alius
540 981 593 1009 nisi
617 982 687 1009 Deus
713 982 844 1017 ipsemet;
872 987 1016 1018 propterea

233 1027 301 1053 dixit
325 1027 420 1053 Petrus
445 1028 520 1059 illud,
543 1028 571 1054 in
587 1035 638 1054 me.
660 1027 831 1063 Interrogans
846 1029 930 1059 enim.
948 1035 1018 1063 quo-

234 1081 319 1107 usque
334 1079 457 1108 oporteat
472 1074 630 1109 injuriarum
646 1082 699 1101 non
715 1081 775 1101 esse
791 1081 934 1105 memores,
958 1078 1018 1101 tan-

231 1126 313 1153 quam
331 1119 432 1153 grande
452 1120 515 1153 quid
529 1119 653 1154 apposuit
666 1119 731 1146 illud
746 1119 848 1153 septies.
866 1119 901 1145 At
926 1118 1018 1145 Domi-~

234 1172 284 1191 nus
308 1165 394 1191 nullos
409 1171 470 1191 esse
494 1164 595 1192 debere
614 1164 715 1192 limites
742 1163 892 1192 clementiae
910 1163 1015 1199 signiﬁ-

233 1217 309 1241 cans,
335 1211 371 1236 ait
391 1210 466 1242 illud,
490 1211 637 1246 septuagies
653 1215 769 1244 septem:
794 1210 845 1237 hoc
871 1214 924 1243 est,
949 1217 1016 1244 quo-

1068 246 1117 281 μὲν
1133 246 1180 273 τοῦ
1196 245 1329 281 σώματος,
1341 245 1387 272 τοῦ
1402 246 1430 272 δὲ
1445 247 1598 282 πνεύματος
1611 247 1793 282 μεταδιδόντος
1803 249 1844 275 αὺ-

1066 292 1105 327 τῴ
1121 292 1195 324 Θείας
1212 292 1294 328 ζωῆς’
1310 292 1389 326 τρεῖς
1403 292 1431 319 δέ
1443 301 1473 319 τε
1487 293 1542 329 (15)
1556 293 1710 329 ὀλόκληρον,
1726 294 1842 329 πνεῦμα,

1066 336 1153 372 ψυχὴ,
1169 337 1258 372 σῶμα,
1273 339 1351 373 τηρεῖ
1364 339 1397 373 τῇ
1415 338 1552 374 παρουσίᾳ
1570 338 1698 374 Χριστοῦ·
1720 339 1755 365 Ἦ
1768 340 1795 365 αἱ
1804 339 1844 366 δύο

1066 383 1203 419 διαθῆκαι,
1220 384 1283 410 ὅταν
1305 385 1319 411 6
1336 385 1509 418 συναγωγεὺς
1529 384 1619 411 αὐτῶν
1641 385 1672 411 τὸ
1683 378 1804 420 ¹Πνεῦμα
1819 386 1845 412 τὺ

1067 430 1145 464 ἅγιον
1157 431 1185 456 ὲν
1198 430 1293 462 αὐταῖς
1335 439 1341 445 ·
1355 430 1434 466 τρεῖς
1446 431 1484 463 δὲ,
1498 431 1589 466 νόμον,
1605 432 1757 467 προφήτας,
1767 432 1846 466 Εὐαγ-

1067 475 1156 509 γέλιον
1166 483 1172 489 ·
1188 476 1205 512 ἢ
1216 475 1299 511 θυμὸν
1313 477 1360 503 καὶ
1373 475 1528 511 ἐπιθυμίαν,
1540 477 1586 503 καὶ
1600 476 1730 511 λογισμόν
1745 484 1751 490 ·
1775 476 1844 512 ἧτὴν

1068 520 1164 556 κλῆσιν
1185 522 1231 547 καὶ
1247 521 1361 557 ἐκλογὴν
1371 543 1378 555 ,
1395 522 1442 549 καὶ
1464 522 1494 548 τὸ
1511 523 1549 554 είς
1564 521 1675 558 πρώτην
1690 522 1773 557 τιμὴν
1786 531 1845 549 τασ-

1069 566 1180 601 σόμενον
1194 566 1271 600 γένος
1287 568 1346 602 μεθ’
1357 567 1444 603 ήμῶν.
1454 569 1492 604 Τή
1497 577 1536 603 ρει
1548 568 1587 600 δὲ,
1596 569 1636 594 ὅτι
1643 569 1691 595 οὐκ
1700 567 1776 595 εἶπεν
1785 568 1847 595 ἔσο-

1065 620 1118 646 μαι
1129 632 1136 645 ,
1155 612 1211 639 ἀλλ’
1224 613 1292 647 ειμι.
1302 614 1345 645 Ὠς
1358 614 1423 645 Θεὸς
1440 614 1494 649 γὰρ
1510 613 1645 649 πανταχοῦ
1665 614 1714 647 ὢν,
1737 616 1765 641 ὲν
1779 615 1846 650 μέσῳ

1068 658 1125 684 ἐστὶ
1146 658 1198 684 τῶν
1214 658 1398 691 διέὐσεϐείας
1419 659 1638 695 συναπτομένων.
1657 660 1688 686 Ἦ
1709 660 1764 696 γὰρ
1783 669 1845 687 παν-

1068 703 1216 735 επίσκοπος
1226 704 1273 730 τοῦ
1288 704 1355 731 Θεοῦ
1366 705 1480 741 δύναμις
1494 705 1639 741 ἀμέριστος
1653 707 1768 742 μεριστὴ
1781 707 1847 741 γίνε-

1068 757 1112 775 Ιται
1127 750 1183 782 τοῖς
1199 749 1293 783 ἀξίοις.

1111 887 1218 923 Ἐπειδὴ
1240 887 1295 914 τῶν
1313 888 1352 919 είς
1374 888 1446 924 ἡμᾶς
1465 889 1640 923 πταισμάτων
1662 889 1745 924 ἡμεῖς
1767 889 1847 925 κύριοί

1070 935 1152 970 ἐσμεν
1160 933 1205 960 τοῦ
1215 936 1375 970 συγχωρεῖν,
1384 935 1413 961 οὐ
1427 934 1463 970 μὴ
1473 934 1529 970 (14)
1538 934 1589 961 τῶν
1606 935 1645 966 είς
1663 935 1732 961 Θεὸν
1743 935 1849 970 φθανόν-

1070 988 1123 1007 των
1133 980 1156 1006 εί
1172 980 1208 1016 μὴ
1220 980 1300 1012 αὐτὸς
1311 981 1326 1007 6
1336 981 1402 1012 Θεός
1411 989 1419 997 ·
1433 980 1476 1007 διὰ
1488 980 1566 1006 τοῦτο
1578 978 1653 1007 εἶπεν
1669 981 1683 1006 6
1699 980 1801 1016 Πέτρος
1811 981 1846 1012 τὸ,

1070 1028 1112 1059 εἱς
1119 1026 1179 1061 ἐμέ.
1189 1026 1311 1062 Ἐρωτῶν
1319 1026 1382 1061 γὰρ,
1391 1026 1443 1058 ’ἐως
1449 1026 1521 1057 τίνος
1529 1025 1606 1061 χρεία
1616 1025 1653 1061 μὴ
1664 1027 1846 1061 μνησικακεῖν,

1069 1072 1107 1104 ὡς
1125 1072 1195 1107 μέγα
1215 1071 1368 1108 προσέθηκε
1390 1071 1430 1104 τὸ,
1448 1071 1580 1105 ἑπτάκις.
1605 1071 1634 1097 Ὀ
1647 1072 1674 1098 δὲ
1689 1071 1805 1107 Κύριος,
1821 1071 1847 1097 τὸ

1070 1118 1181 1152 ἄπέιρον
1193 1117 1332 1154 σημαίνων
1350 1117 1401 1153 τῆς
1417 1117 1608 1150 ἀνεξικακίας,
1625 1115 1702 1144 εἶπεν
1719 1117 1760 1149 τὺ,
1774 1117 1847 1144 ἐσδο-

1066 1163 1250 1198 μηκοντάκις
1274 1163 1365 1190 ἑπτά·
1385 1163 1539 1190 τουτέστινθ
1561 1163 1670 1195 Ὁσάκις
1686 1164 1796 1199 ἁμάρτῃ
1813 1164 1847 1194 εἰς

1071 1210 1116 1242 σὲ,
1131 1209 1181 1236 ἐὰν
1195 1211 1311 1245 μετανοῇ
1322 1229 1329 1242 ,
1344 1209 1410 1244 ἄφες
1423 1208 1506 1244 αὐτῷ,

235 1256 396 1290 tiescunque
427 1259 520 1290 peccet
546 1256 571 1283 in
603 1261 648 1289 to,
678 1255 699 1283 si
727 1263 787 1283 eum
815 1256 947 1290 paenitet,
976 1255 1081 1282 dimitte.
1097 1255 1132 1281 ei.

269 1305 400 1337 Quoniam
426 1304 452 1330 in
478 1304 720 1331 cxcommunicatis
746 1310 900 1330 mensuram
927 1303 1015 1330 deter-

178 1369 180 1371 -
234 1350 347 1376 minavit
369 1349 493 1375 Christus
508 1349 576 1384 (12),
595 1357 647 1376 ιιοη
660 1349 724 1376 item
739 1349 820 1375 etiam
837 1348 863 1375 in
887 1348 1016 1383 peniten-

234 1395 315 1426 tibus,
333 1395 428 1420 merito
446 1395 595 1429 interrogat
610 1394 714 1425 Petrus,
736 1401 877 1429 quousque
891 1397 1016 1427 oporteat

235 1440 371 1474 suscipere
392 1437 579 1473 pt‘enitentem.
606 1440 722 1467 Attende
745 1447 837 1474 porro,
855 1440 876 1467 si
896 1439 952 1466 ﬁeri
969 1446 1016 1474 po-

233 1489 302 1512 test:
324 1486 457 1518 Quoniam
484 1492 613 1512 numerus
642 1485 766 1512 senarius
788 1485 959 1519 operatorins
975 1488 1016 1512 est

1111 1301 1218 1338 Ἐπειδὴ
1239 1302 1284 1329 ἐπὶ
1306 1301 1360 1329 τῶν
1377 1301 1581 1338 ἀφοριζομένων
1599 1302 1698 1338 μέτρον
1721 1303 1817 1339 ὥρισεν
1835 1304 1847 1330 6

1068 1348 1185 1384 Χριστὸς
1194 1369 1201 1379 ,
1217 1348 1248 1374 οὗ
1267 1348 1319 1384 μὴν
1336 1349 1383 1375 καὶ
1397 1348 1442 1374 ἐπὶ
1454 1348 1507 1374 τῶν
1522 1348 1733 1384 μετανοούντων,
1747 1349 1847 1380 εἰκότως

1069 1394 1157 1430 ἐρωτᾷ
1174 1394 1188 1420 6
1206 1393 1309 1429 Πέτρος
1332 1393 1378 1419 τό·
1398 1393 1470 1424 Ἕως
1494 1393 1578 1419 πόσου
1602 1392 1641 1418 δεῖ
1659 1392 1786 1428 δέχεσθαι
1809 1393 1847 1418 τὸν

1071 1439 1269 1476 μετανοοῦντα;
1292 1440 1362 1475 Ὀρα
1379 1439 1408 1466 δὲ
1427 1440 1450 1465 εί
1474 1439 1602 1466 δύναται·
1629 1439 1707 1466 Ἐπεὶ
1726 1440 1742 1466 ὁ
1762 1440 1810 1474 μὲν
1823 1439 1848 1471 ἓξ

1068 1486 1184 1522 ἀριθμὸς
1200 1486 1342 1522 ὲργατικὸς
1360 1486 1406 1512 καὶ
1418 1486 1447 1511 ὲν
1463 1485 1567 1519 γενέσει
1585 1486 1700 1522 κόσμου,
1721 1488 1736 1513 6
1748 1487 1775 1513 δὲ
1786 1486 1847 1513 ἑπτὰ

235 1532 317 1559 etiam
334 1531 359 1558 in
375 1531 553 1566 productione
568 1530 673 1563 mundi,
694 1531 867 1564 septenarius
889 1538 953 1556 vero
972 1538 1015 1558 re—

1074 1532 1264 1564 ὶναπαύσεως·
1283 1532 1297 1558 6
1321 1532 1370 1567 μὲν
1393 1531 1427 1558 τὰ
1449 1531 1496 1558 τοῦ
1513 1532 1614 1567 κόσμου
1631 1532 1676 1558 καὶ
1693 1531 1775 1559 ὑλικὰ
1788 1533 1848 1566 ἁγα-

234 1578 352 1612 q-zict‘em
370 1577 473 1609 habet;
499 1576 520 1604 is
539 1576 585 1611 qui
609 1576 743 1603 mundana
763 1580 791 1602 et
813 1576 962 1603 materialia
980 1577 1018 1603 di-

234 1623 304 1659 i'rg‘il,
331 1630 455 1658 peccans,
492 1622 571 1649 linem
602 1622 684 1649 habet
712 1621 1016 1656 hebrlomadamzqnod

236 1668 387 1703 recogitans
406 1667 512 1700 Petrus,
529 1667 667 1702 indulgere
691 1667 748 1694 vult
772 1668 885 1701 septies.
912 1668 946 1693 At
964 1668 1017 1694 Do-

235 1714 330 1741 minus'
347 1713 468 1741 extendit
491 1713 543 1740 hoc
568 1714 663 1740 eodem
691 1713 781 1743 modo,
807 1712 891 1739 relata
914 1713 1017 1739 unitate

235 1768 296 1787 cum
315 1761 491 1795 proportione
504 1760 537 1787 ad
556 1758 672 1787 decadas
687 1763 714 1786 et
732 1759 888 1786 centurias:
905 1759 973 1785 adeo
989 1763 1018 1785 ut

233 1807 278 1842 qui
305 1807 442 1834 mundana
473 1806 661 1837 transcendit,
699 1813 752 1832 non
780 1805 894 1840 amplius
919 1804 1019 1833 habeat

235 1854 422 1881 remissionem
448 1858 633 1888 peccatorum.
657 1852 793 1889 Remissio
812 1851 883 1879 enim
902 1851 947 1879 hic
974 1850 1015 1883 ﬁt,

234 1901 290 1928 sive
306 1901 395 1928 serius
410 1900 467 1928 sive
482 1900 564 1927 citius
582 1899 662 1935 (IT).

538 1945 614 1973 CAP.
636 1944 706 1971 XXI.

235 1992 266 2019 V.
283 1993 327 2019 3'5.
344 1991 430 2019 Homo
452 1996 507 2018 erat
529 1990 739 2030 paterfamilias,
754 1990 807 2030 ,οιιὶ
826 1989 954 2030 plant-aruit
980 1989 1018 2016 υἰ-

271 2036 356 2058 ncam,
381 2032 404 2054 el
429 2034 514 2060 sepem
542 2026 566 2052 ei
586 2025 790 2060 circumposuit.
808 2030 832 2051 et
853 2025 921 2059 fodit
937 2025 965 2050 in
987 2033 1017 2050 ea

269 2062 396 2093 lorrular,
413 2067 437 2089 el
457 2059 598 2094 rudi/irati!
620 2060 725 2090 turrim,
742 2065 765 2086 et
782 2059 875 2086 locavit
896 2067 954 2086 eam
971 2067 1017 2085 co-

268 2098 348 2131 lonis,
369 2102 392 2124 et
409 2104 514 2132 peregre
536 2095 668 2130 profectus
686 2099 737 2127 ut,
752 2099 806 2121 etc.

269 2178 332 2206 Haec
351 2177 480 2212 parabola
496 2175 715 2212 patremfamilias
735 2178 873 2208 nuncupat
889 2152 972 2200 Deum
991 2178 1019 2199 et

1070 1578 1139 1611 πῶν,
1156 1578 1350 1614 ἐξαμαρτάνων
1369 1578 1444 1609 τέλος
1468 1577 1523 1613 ἔχει
1542 1578 1591 1613 τὴν
1613 1577 1766 1612 ἑϐδομάδα·
1789 1579 1848 1613 ὅπερ

1069 1626 1167 1661 νοήσας
1180 1625 1194 1651 6
1210 1624 1321 1660 Πέτρος,
1337 1625 1486 1660 συγχωρεῖν
1500 1624 1572 1651 θέλει
1589 1625 1618 1650 ἐν
1631 1623 1668 1659 τῷ
1681 1624 1763 1652 ἑπτά.
1786 1624 1812 1650 Ὀ
1823 1623 1847 1650 δὲ

1069 1670 1170 1706 Κύριος
1182 1670 1309 1696 ἐπιτείνει
1321 1669 1399 1696 τοῦτο
1413 1670 1441 1696 ἐν
1456 1669 1494 1705 τῷ
1507 1669 1581 1705 αὐτῷ
1593 1670 1684 1705 τρόπῳ
1694 1690 1702 1702 ,
1718 1669 1848 1703 ἀναλόγως

1069 1716 1123 1751 γὰρ
1140 1715 1251 1751 μονάδος
1265 1715 1333 1751 πρὸς
1348 1715 1462 1747 δεκάδας
1481 1715 1528 1742 καὶ
1547 1716 1740 1748 ἑκατοντάδας,
1756 1716 1793 1748 ὼς
1808 1715 1847 1741 τὸν

1070 1761 1226 1797 ὑπερϐάντα
1246 1761 1280 1788 τὰ
1316 1760 1435 1796 κοσμικὰ
1462 1760 1560 1796 μηκέτι
1585 1761 1656 1796 ἔχειν
1679 1762 1778 1795 ἄφεσιν
1798 1761 1846 1786 τῶν

1070 1807 1276 1843 ἁμαρτημάτων
1286 1815 1292 1821 ·
1309 1808 1326 1842 ἠ
1340 1806 1394 1843 γὰρ
1410 1807 1505 1842 ἄφεσις
1517 1806 1562 1833 ἐπὶ
1583 1807 1616 1833 τὰ
1631 1807 1693 1842 τῇδε
1708 1806 1764 1833 εἴτε
1787 1806 1846 1842 βραυ

1070 1853 1100 1880 δὺ
1116 1853 1189 1889 (15),
1204 1852 1258 1879 εἴτε
1276 1852 1378 1888 τάχιον.

1378 1943 1456 1971 ΚΕΦ.
1475 1942 1539 1970 KA’.

1071 1990 1199 2026 Στίχ.λγ’.
1212 1991 1382 2026 Ἀνθρωέ-ξος
1395 1987 1435 2024 ἦν
1448 1986 1671 2026 οἰκοδεσπότης,
1689 1988 1775 2026 ᾖστις
1785 1987 1847 2026 ἐξίει

1106 2022 1215 2053 έὲυᾰεν
1228 2022 1398 2059 ἁματελῶνα,
1408 2022 1615 2059 ’καὶῗφραγμὸν
1625 2023 1707 2059 αὐτῷ
1723 2022 1848 2059 περιέθη-

1105 2070 1153 2091 κε,
1169 2060 1217 2087 καὶ
1230 2057 1344 2093 ὤρυξεν
1356 2060 1391 2086 ἐν
1403 2057 1485 2091 αὐτῷ
1494 2057 1601 2092 ληνὸν,
1621 2057 1670 2093 καί
1681 2057 1848 2093 ᾠκοδόμησε

1105 2096 1229 2130 πύργον,
1245 2092 1293 2121 καὶ
1306 2094 1425 2126 ἐξέδοτο
1444 2093 1537 2121 αὑτὸν
1552 2092 1708 2128 γεωργοῖς,
1725 2093 1773 2120 καὶ
1797 2092 1848 2120 ἀπ-

1105 2130 1248 2164 εδήμησε,
1261 2138 1288 2156 κ.
1306 2138 1330 2156 τ.
1345 2130 1369 2155 λ.

1110 2177 1143 2203 'II
1164 2175 1304 2211 παραϐολὴ
1320 2174 1535 2208 οίκοδεσπότην
1554 2173 1626 2208 λέγει
1651 2173 1695 2200 τὸν
1720 2173 1786 2200 Θεὸν
1806 2171 1848 2198 καὶ

233 2229 350 2258 patrem,
371 2223 416 2257 qui
434 2223 546 2250 inultam
561 2221 760 2256 providentiam
776 2220 810 2247 ab
835 2219 913 2246 initio
929 2219 955 2245 in
971 2218 1017 2245 Iu-

1074 2222 1189 2257 uatépa.
1205 2221 1250 2247 τὸν
1267 2220 1365 2255 πολλὴν
1379 2219 1505 2256 πρόνοιαν
1515 2218 1544 2251 ἐξ
1557 2218 1643 2254 ἀρχῆς
1655 2219 1695 2249 εἰς
1711 2219 1774 2249 τοὺς
1792 2217 1849 2243 ’ἰου-

234 2270 306 2295 ιιαιοε
329 2268 458 2295 ostendit.
473 2267 567 2299 Vinea.
580 2266 741 2302 simpliciter
759 2266 867 2300 quidem
884 2269 925 2291 est
946 2265 1018 2298 prior

235 2315 361 2349 populus,
378 2313 459 2341 Israel
478 2314 613 2345 videlicet,
626 2313 766 2349 plantatus
788 2319 804 2338 a
828 2311 881 2338 Deo
902 2311 928 2338 in
948 2315 1018 2337 terra

235 2358 433 2393 promissionis.
458 2357 547 2391 Sepes,
571 2363 614 2385 est
639 2359 679 2384 lex
704 2365 763 2392 qua:
786 2364 837 2383 non
854 2356 960 2383 sinebat
973 2363 1020 2383 eos

236 2404 406 2432 commisceri
432 2404 567 2438 gentibus.
596 2403 742 2434 Torculur,
767 2407 809 2429 est
839 2402 935 2433 altare,
962 2402 1020 2429 sive

236 2450 312 2477 locus
336 2449 507 2477 libaminum.
536 2448 639 2479 Turris,
667 2454 709 2475 est
731 2448 808 2479 Sion,
838 2447 879 2474 vel
908 2447 1018 2475 malum.

235 2495 340 2527 Coloni,
368 2501 431 2523 sunt
456 2496 578 2522 seniores
604 2495 693 2529 populi
715 2500 740 2521 et
759 2495 907 2528 sapientes.
925 2499 952 2520 et
974 2493 1020 2527 qui

236 2550 285 2577 per
300 2548 421 2577 tempora
449 2540 525 2568 fuere
548 2541 685 2567 doctores.
706 2538 817 2574 Peregre
832 2539 965 2573 profectu:
983 2543 1020 2565 est

235 2594 326 2616 autent
342 2587 547 2623 paterfamilias,
574 2587 683 2620 quando
698 2593 750 2613 non
770 2585 887 2620 amplius
902 2584 1019 2611 interdiu

237 2636 264 2662 in
282 2635 407 2662 columna
425 2634 513 2666 nubis,
534 2637 561 2660 et
577 2638 656 2659 noctu
681 2633 747 2667 ipsis
761 2632 787 2659 in
812 2632 935 2660 columna
949 2630 1020 2665 ignis

237 2681 373 2716 apparuit.
398 2680 445 2707 Vel
470 2680 591 2707 innuitur
606 2679 652 2707 Dei
673 2678 874 2713 longanimitas,
894 2685 954 2712 qua:
967 2684 1020 2704 non

271 2761 327 2795 (I2)
338 2761 450 2789 Videtur
464 2760 557 2788 referri
572 2761 603 2787 ad
621 2760 716 2786 .Ilatth.
728 2768 804 2790 xvur,
826 2759 873 2786 17.

273 2793 341 2831 (12⁵)
357 2796 413 2823 Non
432 2797 556 2823 omnibus
570 2797 642 2822 enim
655 2795 785 2828 a'quulem
803 2801 955 2831 mensuram
970 2793 1020 2819 mi-

239 2829 386 2857 sericordia
404 2832 534 2866 assignat.
559 2838 640 2864 quam
667 2831 688 2857 si
713 2831 775 2864 q-nis
797 2829 1019 2866 supergrediatur

240 2866 309 2892 Deus
319 2873 370 2893 non
385 2864 497 2900 amplius
513 2866 642 2900 indulget,
662 2866 746 2893 sedin
766 2869 876 2898 peetzato
897 2871 944 2891 suo
969 2864 1018 2891 ho-

1071 2268 1160 2299 δαίους
1170 2266 1378 2302 ἐπιδειξάμενον.
1394 2265 1547 2300 Ἀμπελὼν
1555 2265 1583 2291 δὲ
1594 2264 1686 2296 ἁπλῶς
1699 2264 1749 2299 μὲν
1758 2265 1772 2290 6
1782 2261 1849 2297 πρῶ-

1070 2322 1116 2344 τος
1123 2313 1196 2345 λαὸς,
1207 2312 1344 2339 τουτέστιν
1356 2312 1370 2338 6
1384 2310 1499 2347 Ἰσραὴλ,
1511 2309 1652 2345 φυτευθεὶς
1662 2310 1715 2335 ὑπὸ
1728 2308 1773 2335 τοῦ
1788 2305 1848 2334 Θεοῦ

1071 2360 1099 2385 ὲν
1116 2360 1148 2394 τῇ
1167 2360 1202 2394 γῇ
1222 2358 1271 2393 τῆς
1286 2357 1458 2391 ἐπαγγελίας.
1478 2356 1613 2390 Φραγμός
1626 2355 1654 2381 δὲ
1669 2356 1683 2380 δ
1698 2355 1789 2389 νόμος,
1805 2353 1849 2379 οὖι

1072 2404 1123 2431 ὲῶν
1149 2404 1246 2435 αὐτοὺς
1273 2403 1385 2438 μιγῆναι
1407 2403 1462 2434 τοῖς
1483 2401 1580 2428 ἔθνεσι.
1596 2400 1698 2442 ’Ληνός
1714 2400 1744 2426 τδ
1765 2399 1849 2425 θυσια-

1073 2451 1193 2486 στήριον,
1206 2450 1264 2485 ἦτοι
1279 2450 1293 2475 6
1305 2448 1385 2479 τόπος
1396 2447 1451 2474 τῶν
1467 2447 1597 2473 σπονδῶν.
1613 2446 1725 2481 [him-oc
1743 2447 1759 2480 ὴ
1775 2443 1847 2474 Σιὼν,

1073 2497 1089 2532 ἢ
1106 2497 1121 2522 ό
1136 2495 1258 2531 οὐρανός.
1279 2493 1406 2528 Γεωργοὶ
1428 2494 1453 2519 οἱ
1474 2492 1651 2529 πρεσδύτεροι
1665 2491 1712 2518 τοῦ
1729 2490 1792 2517 λαοῦ
1808 2489 1849 2516 κτιὶ

1073 2542 1097 2567 οἱ
1113 2542 1198 2576 σοφοὶ,
1215 2542 1262 2568 καὶ
1284 2541 1309 2567 οἱ
1330 2539 1400 2567 κατὰ
1417 2540 1528 2575 καιροὺς
1546 2538 1709 2566 διδάσκαλοι.
1733 2535 1848 2569 Ἀπεδιὶ-

1070 2594 1150 2621 μησε
1165 2586 1193 2613 δὲ
1208 2588 1222 2613 6
1236 2586 1441 2620 οἰκοδεσπότης,
1460 2585 1503 2612 ὅτε
1516 2585 1606 2611 οὐκέτι
1620 2584 1712 2619 ἡμέρᾳ.
1725 2584 1754 2610 ὲν
1770 2581 1848 2615 arma:

1073 2632 1186 2668 νεφέλης
1200 2633 1247 2659 καὶ¹
1261 2632 1355 2663 νυκτὸς
1369 2632 1461 2662 αὐτοῖς
1477 2631 1504 2656 ὲν
1519 2630 1606 2665 στύλῳ
1622 2630 1707 2665 πυρὸς
1718 2627 1848 2662 ἐπιφαίνε-

1073 2687 1126 2705 ται.
1143 2679 1178 2705 ἸΙ
1192 2679 1209 2714 ὴ
1225 2678 1271 2704 τοῦ
1288 2677 1355 2704 Θεοῦ
1373 2677 1547 2713 μακροθυμία
1558 2696 1566 2708 ,
1587 2677 1603 2711 ἡ
1623 2675 1659 2711 μὴ
1681 2675 1755 2711 παρὰ
1773 2672 1848 2703 πόδας

1074 2759 1162 2786 mines
1177 2759 1338 2785 moriuntur.

1109 2795 1164 2827 (I5)
1183 2794 1264 2821 Forte
1275 2793 1301 2819 δὲ
1322 2792 1352 2819 τό

1110 2824 1164 2863 (14)
1182 2828 1239 2862 Μή.
1256 2828 1335 2854 Forn-
1355 2828 1417 2863 μήν,
1437 2831 1467 2855 ut
1484 2826 1564 2862 paulo
1579 2825 1658 2853 inira.
1678 2824 1757 2852 [Ξοιτ.

1108 2864 1164 2899 (15)
1179 2863 1259 2891 Forte
1273 2862 1391 2899 βράδιον.
