  <div class='ocr_page' id='page_1' title='image "/cluster/home/n/w/nwhite01/storage/ocr_20150623/17/njp.32101010944583/208.png"; bbox 0 0 1904 3076; ppageno 0'>
   <div class='ocr_carea' id='block_1_1' title="bbox 82 127 125 154">
    <p class='ocr_par' dir='ltr' id='par_1_1' title="bbox 82 127 125 154">
     <span class='ocr_line' id='line_1_1' title="bbox 82 127 125 154; baseline -0.023 0"><span class='ocrx_word' id='word_1_1' title='bbox 82 127 125 154; x_wconf 81' lang='grc'><strong>501</strong></span> 
     </span>
    </p>
   </div>
   <div class='ocr_carea' id='block_1_2' title="bbox 82 180 896 217">
    <p class='ocr_par' dir='ltr' id='par_1_2' title="bbox 82 180 896 217">
     <span class='ocr_line' id='line_1_2' title="bbox 82 180 896 217; baseline -0.005 -7"><span class='ocrx_word' id='word_1_2' title='bbox 82 182 222 211; x_wconf 73' lang='grc' dir='ltr'><strong>ἀπαιτοῦσα</strong></span> <span class='ocrx_word' id='word_1_3' title='bbox 239 183 301 214; x_wconf 84' lang='grc' dir='ltr'>τοὺς</span> <span class='ocrx_word' id='word_1_4' title='bbox 326 181 467 213; x_wconf 78' lang='grc' dir='ltr'><strong>Ἰουδαίους</strong></span> <span class='ocrx_word' id='word_1_5' title='bbox 485 181 534 217; x_wconf 82' lang='grc' dir='ltr'><strong>τὴν</strong></span> <span class='ocrx_word' id='word_1_6' title='bbox 545 181 600 208; x_wconf 82' lang='grc' dir='ltr'>τῶν</span> <span class='ocrx_word' id='word_1_7' title='bbox 620 180 799 216; x_wconf 76' lang='grc' dir='ltr'><strong>πταισμάτων</strong></span> <span class='ocrx_word' id='word_1_8' title='bbox 816 188 858 206; x_wconf 85' lang='grc' dir='ltr'>τι·</span> <span class='ocrx_word' id='word_1_9' title='bbox 872 183 896 210; x_wconf 73' lang='grc' dir='ltr'><strong>Α</strong></span> 
     </span>
    </p>
   </div>
   <div class='ocr_carea' id='block_1_3' title="bbox 84 226 859 265">
    <p class='ocr_par' dir='ltr' id='par_1_3' title="bbox 84 226 859 265">
     <span class='ocr_line' id='line_1_3' title="bbox 84 226 859 265; baseline -0.004 -10"><span class='ocrx_word' id='word_1_10' title='bbox 84 229 188 265; x_wconf 75' lang='grc' dir='ltr'>μωρίαν.</span> <span class='ocrx_word' id='word_1_11' title='bbox 208 228 382 262; x_wconf 74' lang='grc' dir='ltr'>Ἀπαίτησις</span> <span class='ocrx_word' id='word_1_12' title='bbox 392 228 419 254; x_wconf 82' lang='grc' dir='ltr'>δὲ</span> <span class='ocrx_word' id='word_1_13' title='bbox 430 226 553 261; x_wconf 80' lang='grc' dir='ltr'><strong>καρπῶν</strong></span> <span class='ocrx_word' id='word_1_14' title='bbox 561 228 574 254; x_wconf 82' lang='grc' dir='ltr'><strong>ὁ</strong></span> <span class='ocrx_word' id='word_1_15' title='bbox 584 226 695 263; x_wconf 74' lang='grc' dir='ltr'>ἔννομος</span> <span class='ocrx_word' id='word_1_16' title='bbox 706 226 762 261; x_wconf 82' lang='grc' dir='ltr'>βίος</span> <span class='ocrx_word' id='word_1_17' title='bbox 772 235 779 241; x_wconf 90' lang='grc'>·</span> <span class='ocrx_word' id='word_1_18' title='bbox 792 227 859 253; x_wconf 81' lang='grc' dir='ltr'>Και-</span> 
     </span>
    </p>
   </div>
   <div class='ocr_carea' id='block_1_4' title="bbox 79 271 857 310">
    <p class='ocr_par' dir='ltr' id='par_1_4' title="bbox 79 271 857 310">
     <span class='ocr_line' id='line_1_4' title="bbox 79 271 857 310; baseline -0.004 -9"><span class='ocrx_word' id='word_1_19' title='bbox 79 274 128 310; x_wconf 83' lang='grc' dir='ltr'>ρὸς</span> <span class='ocrx_word' id='word_1_20' title='bbox 141 273 238 301; x_wconf 78' lang='grc' dir='ltr'>αὐτῶν</span> <span class='ocrx_word' id='word_1_21' title='bbox 250 274 267 309; x_wconf 79' lang='grc' dir='ltr'>ἡ</span> <span class='ocrx_word' id='word_1_22' title='bbox 281 274 436 309; x_wconf 74' lang='grc' dir='ltr'>προφητικὴ</span> <span class='ocrx_word' id='word_1_23' title='bbox 452 273 611 308; x_wconf 60' lang='grc' dir='ltr'>ἀπαίτησις</span> <span class='ocrx_word' id='word_1_24' title='bbox 633 272 738 299; x_wconf 77' lang='grc' dir='ltr'>Δοῦλοι</span> <span class='ocrx_word' id='word_1_25' title='bbox 756 271 857 308; x_wconf 84' lang='grc' dir='ltr'>πρῶτοι</span> 
     </span>
    </p>
   </div>
   <div class='ocr_carea' id='block_1_5' title="bbox 83 318 857 356">
    <p class='ocr_par' dir='ltr' id='par_1_5' title="bbox 83 318 857 356">
     <span class='ocr_line' id='line_1_5' title="bbox 83 318 857 356; baseline -0.004 -9"><span class='ocrx_word' id='word_1_26' title='bbox 83 321 124 348; x_wconf 68' lang='grc' dir='ltr'>καὶ</span> <span class='ocrx_word' id='word_1_27' title='bbox 132 320 249 356; x_wconf 76' lang='grc' dir='ltr'><strong>δεύτεροι</strong></span> <span class='ocrx_word' id='word_1_28' title='bbox 260 319 391 352; x_wconf 77' lang='grc' dir='ltr'><strong>παθόντες</strong></span> <span class='ocrx_word' id='word_1_29' title='bbox 403 319 512 351; x_wconf 78' lang='grc' dir='ltr'>ἄτοπον,</span> <span class='ocrx_word' id='word_1_30' title='bbox 520 319 544 345; x_wconf 84' lang='grc' dir='ltr'>οὶ</span> <span class='ocrx_word' id='word_1_31' title='bbox 557 318 626 345; x_wconf 79' lang='grc' dir='ltr'>κατὰ</span> <span class='ocrx_word' id='word_1_32' title='bbox 639 318 784 354; x_wconf 75' lang='grc' dir='ltr'>διαφόρους</span> <span class='ocrx_word' id='word_1_33' title='bbox 796 326 857 344; x_wconf 88' lang='grc' dir='ltr'>και-</span> 
     </span>
    </p>
   </div>
   <div class='ocr_carea' id='block_1_6' title="bbox 84 363 853 407">
    <p class='ocr_par' dir='ltr' id='par_1_6' title="bbox 84 363 853 407">
     <span class='ocr_line' id='line_1_6' title="bbox 84 363 853 407; baseline -0.007 -13"><span class='ocrx_word' id='word_1_34' title='bbox 84 367 139 403; x_wconf 82' lang='grc' dir='ltr'>ροὺς</span> <span class='ocrx_word' id='word_1_35' title='bbox 145 366 341 398; x_wconf 78' lang='grc' dir='ltr'><strong>ἀποσταλέντες</strong></span> <span class='ocrx_word' id='word_1_36' title='bbox 350 365 498 402; x_wconf 79' lang='grc' dir='ltr'><strong>προφῆται,</strong></span> <span class='ocrx_word' id='word_1_37' title='bbox 507 363 547 397; x_wconf 72' lang='grc' dir='ltr'><strong>οἷς</strong></span> <span class='ocrx_word' id='word_1_38' title='bbox 557 365 624 400; x_wconf 75' lang='lat'><strong>(15‘)</strong></span> <span class='ocrx_word' id='word_1_39' title='bbox 633 364 680 391; x_wconf 81' lang='grc' dir='ltr'>τὸν</span> <span class='ocrx_word' id='word_1_40' title='bbox 691 364 739 407; x_wconf 74' lang='grc' dir='ltr'>μὲν</span> <span class='ocrx_word' id='word_1_41' title='bbox 744 364 788 399; x_wconf 75' lang='grc' dir='ltr'>Ξδη</span> <span class='ocrx_word' id='word_1_42' title='bbox 792 372 853 399; x_wconf 81' lang='grc' dir='ltr'>ραν,</span> 
     </span>
    </p>
   </div>
   <div class='ocr_carea' id='block_1_7' title="bbox 81 409 858 448">
    <p class='ocr_par' dir='ltr' id='par_1_7' title="bbox 81 409 858 448">
     <span class='ocr_line' id='line_1_7' title="bbox 81 409 858 448; baseline -0.005 -8"><span class='ocrx_word' id='word_1_43' title='bbox 81 413 114 445; x_wconf 86' lang='grc' dir='ltr'>ὡς</span> <span class='ocrx_word' id='word_1_44' title='bbox 125 413 251 448; x_wconf 78' lang='grc' dir='ltr'>Μιχαίαν,</span> <span class='ocrx_word' id='word_1_45' title='bbox 263 412 432 446; x_wconf 74' lang='grc' dir='ltr'>πατάξαντος</span> <span class='ocrx_word' id='word_1_46' title='bbox 439 412 486 438; x_wconf 76' lang='grc' dir='ltr'><strong>ἐπὶ</strong></span> <span class='ocrx_word' id='word_1_47' title='bbox 499 411 612 445; x_wconf 78' lang='grc' dir='ltr'>σιαγόνα</span> <span class='ocrx_word' id='word_1_48' title='bbox 623 410 747 437; x_wconf 84' lang='grc' dir='ltr'>Σεδεκίου</span> <span class='ocrx_word' id='word_1_49' title='bbox 755 417 762 424; x_wconf 85' lang='grc'><strong>·</strong></span> <span class='ocrx_word' id='word_1_50' title='bbox 777 410 822 436; x_wconf 79' lang='grc' dir='ltr'>τὸν</span> <span class='ocrx_word' id='word_1_51' title='bbox 829 409 858 436; x_wconf 80' lang='grc' dir='ltr'>δὲ</span> 
     </span>
    </p>
   </div>
   <div class='ocr_carea' id='block_1_8' title="bbox 82 453 857 494">
    <p class='ocr_par' dir='ltr' id='par_1_8' title="bbox 82 453 857 494">
     <span class='ocr_line' id='line_1_8' title="bbox 82 453 857 494; baseline -0.005 -10"><span class='ocrx_word' id='word_1_52' title='bbox 82 458 243 489; x_wconf 77' lang='grc' dir='ltr'>ἀπέκτειναν,</span> <span class='ocrx_word' id='word_1_53' title='bbox 261 457 299 489; x_wconf 88' lang='grc' dir='ltr'>ὡς</span> <span class='ocrx_word' id='word_1_54' title='bbox 317 458 471 494; x_wconf 83' lang='grc' dir='ltr'>Ζαχαρίαν,</span> <span class='ocrx_word' id='word_1_55' title='bbox 490 455 590 492; x_wconf 77' lang='grc' dir='ltr'>μεταξὺ</span> <span class='ocrx_word' id='word_1_56' title='bbox 606 455 652 482; x_wconf 83' lang='grc' dir='ltr'>τοῦ</span> <span class='ocrx_word' id='word_1_57' title='bbox 670 454 734 482; x_wconf 86' lang='grc' dir='ltr'>ναοῦ</span> <span class='ocrx_word' id='word_1_58' title='bbox 751 455 797 481; x_wconf 73' lang='grc' dir='ltr'>καὶ</span> <span class='ocrx_word' id='word_1_59' title='bbox 810 453 857 480; x_wconf 76' lang='grc' dir='ltr'><strong>τοῦ</strong></span> 
     </span>
    </p>
   </div>
   <div class='ocr_carea' id='block_1_9' title="bbox 81 500 858 538">
    <p class='ocr_par' dir='ltr' id='par_1_9' title="bbox 81 500 858 538">
     <span class='ocr_line' id='line_1_9' title="bbox 81 500 858 538; baseline -0.005 -8"><span class='ocrx_word' id='word_1_60' title='bbox 81 503 263 538; x_wconf 75' lang='grc' dir='ltr'><strong>θυσιαστηρίου</strong></span> <span class='ocrx_word' id='word_1_61' title='bbox 274 512 281 518; x_wconf 91' lang='grc'><strong>-</strong></span> <span class='ocrx_word' id='word_1_62' title='bbox 302 503 346 530; x_wconf 78' lang='grc' dir='ltr'><strong>τὸν</strong></span> <span class='ocrx_word' id='word_1_63' title='bbox 360 503 389 529; x_wconf 84' lang='grc' dir='ltr'>δὲ</span> <span class='ocrx_word' id='word_1_64' title='bbox 411 501 618 537; x_wconf 74' lang='grc' dir='ltr'>ἐλιθοϐόλησαν,</span> <span class='ocrx_word' id='word_1_65' title='bbox 633 501 671 533; x_wconf 86' lang='grc' dir='ltr'>ὡς</span> <span class='ocrx_word' id='word_1_66' title='bbox 689 501 788 537; x_wconf 81' lang='grc' dir='ltr'>Ζαριοὺ</span> <span class='ocrx_word' id='word_1_67' title='bbox 801 500 858 527; x_wconf 80' lang='grc' dir='ltr'>υἱὸν</span> 
     </span>
    </p>
   </div>
   <div class='ocr_carea' id='block_1_10' title="bbox 86 546 858 585">
    <p class='ocr_par' dir='ltr' id='par_1_10' title="bbox 86 546 858 585">
     <span class='ocr_line' id='line_1_10' title="bbox 86 546 858 585; baseline 0.023 -9"><span class='ocrx_word' id='word_1_68' title='bbox 86 549 166 577; x_wconf 51' lang='lat' dir='ltr'><strong>vos»:</strong></span> <span class='ocrx_word' id='word_1_69' title='bbox 183 549 229 575; x_wconf 86' lang='grc' dir='ltr'>τὸν</span> <span class='ocrx_word' id='word_1_70' title='bbox 249 549 335 585; x_wconf 78' lang='grc' dir='ltr'>ιερέα-</span> <span class='ocrx_word' id='word_1_71' title='bbox 354 549 429 584; x_wconf 83' lang='grc' dir='ltr'>Τάχα</span> <span class='ocrx_word' id='word_1_72' title='bbox 443 548 633 583; x_wconf 71' lang='grc' dir='ltr'><strong>δὲιὶμπελὼνν</strong></span> <span class='ocrx_word' id='word_1_73' title='bbox 647 547 664 583; x_wconf 74' lang='grc' dir='ltr'><strong>ἢ</strong></span> <span class='ocrx_word' id='word_1_74' title='bbox 677 547 733 582; x_wconf 64' lang='grc' dir='ltr'><strong>(ω)</strong></span> <span class='ocrx_word' id='word_1_75' title='bbox 750 548 767 582; x_wconf 68' lang='grc' dir='ltr'>ἢ</span> <span class='ocrx_word' id='word_1_76' title='bbox 781 546 858 582; x_wconf 60' lang='grc' dir='ltr'>βασι·</span> 
     </span>
    </p>
   </div>
   <div class='ocr_carea' id='block_1_11' title="bbox 82 593 858 632">
    <p class='ocr_par' dir='ltr' id='par_1_11' title="bbox 82 593 858 632">
     <span class='ocr_line' id='line_1_11' title="bbox 82 593 858 632; baseline -0.003 -10"><span class='ocrx_word' id='word_1_77' title='bbox 82 596 133 622; x_wconf 84' lang='grc' dir='ltr'>λεία</span> <span class='ocrx_word' id='word_1_78' title='bbox 143 595 187 622; x_wconf 82' lang='grc' dir='ltr'>τοῦ</span> <span class='ocrx_word' id='word_1_79' title='bbox 200 595 269 622; x_wconf 86' lang='grc' dir='ltr'><strong>Θεοῦ</strong></span> <span class='ocrx_word' id='word_1_80' title='bbox 280 615 288 627; x_wconf 93' lang='grc'><strong>,</strong></span> <span class='ocrx_word' id='word_1_81' title='bbox 305 596 352 622; x_wconf 76' lang='grc' dir='ltr'>καὶ</span> <span class='ocrx_word' id='word_1_82' title='bbox 370 595 404 622; x_wconf 82' lang='grc' dir='ltr'><strong>τὰ</strong></span> <span class='ocrx_word' id='word_1_83' title='bbox 421 597 559 632; x_wconf 77' lang='grc' dir='ltr'>μυστήρια</span> <span class='ocrx_word' id='word_1_84' title='bbox 574 594 658 622; x_wconf 76' lang='grc' dir='ltr'>αὐτοῦ</span> <span class='ocrx_word' id='word_1_85' title='bbox 676 595 706 621; x_wconf 72' lang='grc' dir='ltr'>ἐν</span> <span class='ocrx_word' id='word_1_86' title='bbox 722 594 797 630; x_wconf 81' lang='grc' dir='ltr'>νόμῳ</span> <span class='ocrx_word' id='word_1_87' title='bbox 812 593 858 620; x_wconf 75' lang='grc' dir='ltr'>καὶ</span> 
     </span>
    </p>
   </div>
   <div class='ocr_carea' id='block_1_12' title="bbox 82 640 859 678">
    <p class='ocr_par' dir='ltr' id='par_1_12' title="bbox 82 640 859 678">
     <span class='ocr_line' id='line_1_12' title="bbox 82 640 859 678; baseline 0 -11"><span class='ocrx_word' id='word_1_88' title='bbox 82 642 233 677; x_wconf 69' lang='grc' dir='ltr'>προφήταις,</span> <span class='ocrx_word' id='word_1_89' title='bbox 246 642 295 668; x_wconf 71' lang='grc' dir='ltr'>καὶ</span> <span class='ocrx_word' id='word_1_90' title='bbox 310 643 342 677; x_wconf 83' lang='grc' dir='ltr'><strong>τῇ</strong></span> <span class='ocrx_word' id='word_1_91' title='bbox 356 641 422 678; x_wconf 82' lang='grc' dir='ltr'><strong>ἄλλῃ</strong></span> <span class='ocrx_word' id='word_1_92' title='bbox 444 641 613 677; x_wconf 70' lang='grc' dir='ltr'>φυσιολογίᾳ.</span> <span class='ocrx_word' id='word_1_93' title='bbox 626 640 741 675; x_wconf 80' lang='grc' dir='ltr'>Καρποί</span> <span class='ocrx_word' id='word_1_94' title='bbox 752 640 780 667; x_wconf 80' lang='grc' dir='ltr'>δὲ</span> <span class='ocrx_word' id='word_1_95' title='bbox 790 641 805 666; x_wconf 79' lang='grc' dir='ltr'><strong><em>ὸ</em></strong></span> <span class='ocrx_word' id='word_1_96' title='bbox 817 641 859 667; x_wconf 81' lang='grc' dir='ltr'><strong>ὲν-</strong></span> 
     </span>
    </p>
   </div>
   <div class='ocr_carea' id='block_1_13' title="bbox 80 686 860 724">
    <p class='ocr_par' dir='ltr' id='par_1_13' title="bbox 80 686 860 724">
     <span class='ocr_line' id='line_1_13' title="bbox 80 686 860 724; baseline -0.004 -9"><span class='ocrx_word' id='word_1_97' title='bbox 80 689 164 724; x_wconf 77' lang='grc' dir='ltr'>ἀρετος</span> <span class='ocrx_word' id='word_1_98' title='bbox 179 689 207 714; x_wconf 80' lang='grc' dir='ltr'>ἐν</span> <span class='ocrx_word' id='word_1_99' title='bbox 223 687 303 723; x_wconf 76' lang='grc' dir='ltr'>ἥθεσι</span> <span class='ocrx_word' id='word_1_100' title='bbox 317 687 384 723; x_wconf 82' lang='grc' dir='ltr'>βίος.</span> <span class='ocrx_word' id='word_1_101' title='bbox 403 687 538 722; x_wconf 72' lang='grc' dir='ltr'>Φραγμός</span> <span class='ocrx_word' id='word_1_102' title='bbox 550 688 564 714; x_wconf 86' lang='grc' dir='ltr'>ὁ</span> <span class='ocrx_word' id='word_1_103' title='bbox 575 687 683 721; x_wconf 77' lang='grc' dir='ltr'>λογικὸς</span> <span class='ocrx_word' id='word_1_104' title='bbox 696 686 794 718; x_wconf 80' lang='grc' dir='ltr'>τόπος,</span> <span class='ocrx_word' id='word_1_105' title='bbox 811 686 860 712; x_wconf 73' lang='grc' dir='ltr'>καὶ</span> 
     </span>
    </p>
   </div>
   <div class='ocr_carea' id='block_1_14' title="bbox 80 732 858 769">
    <p class='ocr_par' dir='ltr' id='par_1_14' title="bbox 80 732 858 769">
     <span class='ocr_line' id='line_1_14' title="bbox 80 732 858 769; baseline -0.004 -9"><span class='ocrx_word' id='word_1_106' title='bbox 80 734 106 760; x_wconf 83' lang='grc' dir='ltr'><strong>τὺ</strong></span> <span class='ocrx_word' id='word_1_107' title='bbox 115 734 235 769; x_wconf 81' lang='grc' dir='ltr'>γράμμα,</span> <span class='ocrx_word' id='word_1_108' title='bbox 249 734 289 766; x_wconf 90' lang='grc' dir='ltr'><strong>ὡς</strong></span> <span class='ocrx_word' id='word_1_109' title='bbox 305 733 343 769; x_wconf 82' lang='grc' dir='ltr'>μὴ</span> <span class='ocrx_word' id='word_1_110' title='bbox 357 733 552 760; x_wconf 80' lang='grc' dir='ltr'>κατοπτεὺοιτο</span> <span class='ocrx_word' id='word_1_111' title='bbox 561 735 617 765; x_wconf 82' lang='grc' dir='ltr'>τοῖς</span> <span class='ocrx_word' id='word_1_112' title='bbox 632 732 683 766; x_wconf 73' lang='grc' dir='ltr'><strong>ἔξω</strong></span> <span class='ocrx_word' id='word_1_113' title='bbox 695 732 729 759; x_wconf 84' lang='grc' dir='ltr'>τὰ</span> <span class='ocrx_word' id='word_1_114' title='bbox 738 740 858 767; x_wconf 81' lang='grc' dir='ltr'>κεκρυμ-</span> 
     </span>
    </p>
   </div>
   <div class='ocr_carea' id='block_1_15' title="bbox 81 778 859 816">
    <p class='ocr_par' dir='ltr' id='par_1_15' title="bbox 81 778 859 816">
     <span class='ocr_line' id='line_1_15' title="bbox 81 778 859 816; baseline -0.005 -9"><span class='ocrx_word' id='word_1_115' title='bbox 81 781 140 816; x_wconf 75' lang='grc' dir='ltr'>μένα</span> <span class='ocrx_word' id='word_1_116' title='bbox 156 781 304 816; x_wconf 82' lang='grc' dir='ltr'>μυστήρια.</span> <span class='ocrx_word' id='word_1_117' title='bbox 322 779 420 814; x_wconf 79' lang='grc' dir='ltr'>Ληνὸς</span> <span class='ocrx_word' id='word_1_118' title='bbox 435 780 465 806; x_wconf 79' lang='grc' dir='ltr'>τὸ</span> <span class='ocrx_word' id='word_1_119' title='bbox 482 779 562 815; x_wconf 81' lang='grc' dir='ltr'>βάθος</span> <span class='ocrx_word' id='word_1_120' title='bbox 575 779 625 814; x_wconf 81' lang='grc' dir='ltr'>τῆς</span> <span class='ocrx_word' id='word_1_121' title='bbox 638 778 785 814; x_wconf 82' lang='grc' dir='ltr'>δεχομένης</span> <span class='ocrx_word' id='word_1_122' title='bbox 796 778 859 809; x_wconf 83' lang='grc' dir='ltr'>τοὺς</span> 
     </span>
    </p>
   </div>
   <div class='ocr_carea' id='block_1_16' title="bbox 80 823 857 862">
    <p class='ocr_par' dir='ltr' id='par_1_16' title="bbox 80 823 857 862">
     <span class='ocr_line' id='line_1_16' title="bbox 80 823 857 862; baseline -0.004 -10"><span class='ocrx_word' id='word_1_123' title='bbox 80 827 190 861; x_wconf 78' lang='grc' dir='ltr'>καρποὺς</span> <span class='ocrx_word' id='word_1_124' title='bbox 209 827 274 858; x_wconf 78' lang='grc' dir='ltr'>τοὺς</span> <span class='ocrx_word' id='word_1_125' title='bbox 293 827 343 862; x_wconf 76' lang='grc' dir='ltr'>τῆς</span> <span class='ocrx_word' id='word_1_126' title='bbox 362 826 450 861; x_wconf 82' lang='grc' dir='ltr'>ψυχῆς</span> <span class='ocrx_word' id='word_1_127' title='bbox 461 847 468 858; x_wconf 92' lang='grc'><strong>,</strong></span> <span class='ocrx_word' id='word_1_128' title='bbox 485 826 539 852; x_wconf 83' lang='grc' dir='ltr'>πᾶν</span> <span class='ocrx_word' id='word_1_129' title='bbox 556 825 602 851; x_wconf 74' lang='grc' dir='ltr'><strong>ἐπὶ</strong></span> <span class='ocrx_word' id='word_1_130' title='bbox 616 824 732 860; x_wconf 84' lang='grc' dir='ltr'>πόλεμον</span> <span class='ocrx_word' id='word_1_131' title='bbox 746 823 857 850; x_wconf 75' lang='grc' dir='ltr'>ἐπιϐαλ-</span> 
     </span>
    </p>
   </div>
   <div class='ocr_carea' id='block_1_17' title="bbox 79 859 895 907">
    <p class='ocr_par' dir='ltr' id='par_1_17' title="bbox 79 859 895 907">
     <span class='ocr_line' id='line_1_17' title="bbox 79 859 895 907; baseline -0.005 -9"><span class='ocrx_word' id='word_1_132' title='bbox 79 859 175 907; x_wconf 65' lang='grc' dir='ltr'>λοόσης.</span> <span class='ocrx_word' id='word_1_133' title='bbox 198 859 326 906; x_wconf 60' lang='grc' dir='ltr'>Πύργοξ</span> <span class='ocrx_word' id='word_1_134' title='bbox 338 859 385 897; x_wconf 70' lang='grc' dir='ltr'>καὶ</span> <span class='ocrx_word' id='word_1_135' title='bbox 400 859 572 907; x_wconf 65' lang='grc' dir='ltr'>διῃρημένος</span> <span class='ocrx_word' id='word_1_136' title='bbox 597 869 660 906; x_wconf 74' lang='grc' dir='ltr'>περὶ</span> <span class='ocrx_word' id='word_1_137' title='bbox 680 868 747 895; x_wconf 85' lang='grc' dir='ltr'><strong>Θεοῦ</strong></span> <span class='ocrx_word' id='word_1_138' title='bbox 768 868 856 903; x_wconf 84' lang='grc' dir='ltr'>λόγος.</span> <span class='ocrx_word' id='word_1_139' title='bbox 873 859 895 887; x_wconf 78' lang='grc' dir='ltr'><strong>Β</strong></span> 
     </span>
    </p>
   </div>
   <div class='ocr_carea' id='block_1_18' title="bbox 79 912 857 952">
    <p class='ocr_par' dir='ltr' id='par_1_18' title="bbox 79 912 857 952">
     <span class='ocr_line' id='line_1_18' title="bbox 79 912 857 952; baseline -0.005 -9"><span class='ocrx_word' id='word_1_140' title='bbox 79 917 141 949; x_wconf 63' lang='lat' dir='ltr'><strong>Nae;</strong></span> <span class='ocrx_word' id='word_1_141' title='bbox 157 917 234 952; x_wconf 82' lang='grc' dir='ltr'><strong>μὲνὴ</strong></span> <span class='ocrx_word' id='word_1_142' title='bbox 251 916 300 943; x_wconf 83' lang='grc' dir='ltr'>τοῦ</span> <span class='ocrx_word' id='word_1_143' title='bbox 316 917 344 943; x_wconf 79' lang='grc' dir='ltr'>ἐν</span> <span class='ocrx_word' id='word_1_144' title='bbox 361 916 436 951; x_wconf 79' lang='grc' dir='ltr'>αὐτῷ</span> <span class='ocrx_word' id='word_1_145' title='bbox 450 916 522 942; x_wconf 84' lang='grc' dir='ltr'>θείου</span> <span class='ocrx_word' id='word_1_146' title='bbox 541 912 815 950; x_wconf 75' lang='grc' dir='ltr'><strong>ναοῦ(Π).Γεωρτ-οὶ</strong></span> <span class='ocrx_word' id='word_1_147' title='bbox 832 913 857 939; x_wconf 87' lang='grc' dir='ltr'>οἱ</span> 
     </span>
    </p>
   </div>
   <div class='ocr_carea' id='block_1_19' title="bbox 79 958 857 998">
    <p class='ocr_par' dir='ltr' id='par_1_19' title="bbox 79 958 857 998">
     <span class='ocr_line' id='line_1_19' title="bbox 79 958 857 998; baseline -0.003 -9"><span class='ocrx_word' id='word_1_148' title='bbox 79 963 169 998; x_wconf 85' lang='grc' dir='ltr'>πρῶτοι</span> <span class='ocrx_word' id='word_1_149' title='bbox 183 963 376 994; x_wconf 82' lang='grc' dir='ltr'>πιστευθέντες</span> <span class='ocrx_word' id='word_1_150' title='bbox 390 962 426 988; x_wconf 82' lang='grc' dir='ltr'><strong>τά</strong></span> <span class='ocrx_word' id='word_1_151' title='bbox 441 962 519 996; x_wconf 90' lang='grc' dir='ltr'>λόγια</span> <span class='ocrx_word' id='word_1_152' title='bbox 535 961 581 988; x_wconf 86' lang='grc' dir='ltr'>τοῦ</span> <span class='ocrx_word' id='word_1_153' title='bbox 599 960 667 988; x_wconf 86' lang='grc' dir='ltr'><strong>Θεοῦ</strong></span> <span class='ocrx_word' id='word_1_154' title='bbox 677 969 683 975; x_wconf 94' lang='grc'><strong>·</strong></span> <span class='ocrx_word' id='word_1_155' title='bbox 701 958 742 992; x_wconf 76' lang='grc' dir='ltr'>οἷς</span> <span class='ocrx_word' id='word_1_156' title='bbox 755 960 857 996; x_wconf 81' lang='grc' dir='ltr'>ἀποδη-</span> 
     </span>
    </p>
   </div>
   <div class='ocr_carea' id='block_1_20' title="bbox 80 1004 858 1044">
    <p class='ocr_par' dir='ltr' id='par_1_20' title="bbox 80 1004 858 1044">
     <span class='ocr_line' id='line_1_20' title="bbox 80 1004 858 1044; baseline -0.003 -11"><span class='ocrx_word' id='word_1_157' title='bbox 80 1009 119 1042; x_wconf 81' lang='grc' dir='ltr'>μεῖ</span> <span class='ocrx_word' id='word_1_158' title='bbox 130 1009 166 1040; x_wconf 86' lang='grc' dir='ltr'><strong>εἰς</strong></span> <span class='ocrx_word' id='word_1_159' title='bbox 180 1007 229 1043; x_wconf 82' lang='grc' dir='ltr'>τὴν</span> <span class='ocrx_word' id='word_1_160' title='bbox 246 1007 332 1035; x_wconf 76' lang='grc' dir='ltr'>αὑτοῦ</span> <span class='ocrx_word' id='word_1_161' title='bbox 354 1009 496 1044; x_wconf 77' lang='grc' dir='ltr'>περισπεῖν</span> <span class='ocrx_word' id='word_1_162' title='bbox 512 1007 579 1042; x_wconf 82' lang='grc'>(18),</span> <span class='ocrx_word' id='word_1_163' title='bbox 601 1006 662 1038; x_wconf 81' lang='grc' dir='ltr'>δοὺς</span> <span class='ocrx_word' id='word_1_164' title='bbox 676 1005 812 1042; x_wconf 80' lang='grc' dir='ltr'>ἀφορμὴν,</span> <span class='ocrx_word' id='word_1_165' title='bbox 828 1004 858 1037; x_wconf 76' lang='grc' dir='ltr'><strong>ἐξ</strong></span> 
     </span>
    </p>
   </div>
   <div class='ocr_carea' id='block_1_21' title="bbox 78 1051 857 1092">
    <p class='ocr_par' dir='ltr' id='par_1_21' title="bbox 78 1051 857 1092">
     <span class='ocr_line' id='line_1_21' title="bbox 78 1051 857 1092; baseline -0.004 -10"><span class='ocrx_word' id='word_1_166' title='bbox 78 1051 110 1082; x_wconf 78' lang='grc' dir='ltr'><strong>ὧν</strong></span> <span class='ocrx_word' id='word_1_167' title='bbox 127 1056 203 1087; x_wconf 74' lang='grc' dir='ltr'>αὐτὸς</span> <span class='ocrx_word' id='word_1_168' title='bbox 225 1056 379 1091; x_wconf 81' lang='grc' dir='ltr'>ἐφύτευσε,</span> <span class='ocrx_word' id='word_1_169' title='bbox 402 1055 529 1092; x_wconf 84' lang='grc' dir='ltr'>φραγμόν</span> <span class='ocrx_word' id='word_1_170' title='bbox 554 1063 582 1081; x_wconf 82' lang='grc' dir='ltr'><strong>τε</strong></span> <span class='ocrx_word' id='word_1_171' title='bbox 608 1053 722 1089; x_wconf 74' lang='grc' dir='ltr'>ἔθηκεν,</span> <span class='ocrx_word' id='word_1_172' title='bbox 739 1052 857 1089; x_wconf 78' lang='grc' dir='ltr'>ὤρυξεν,</span> 
     </span>
    </p>
   </div>
   <div class='ocr_carea' id='block_1_22' title="bbox 78 1099 857 1139">
    <p class='ocr_par' dir='ltr' id='par_1_22' title="bbox 78 1099 857 1139">
     <span class='ocr_line' id='line_1_22' title="bbox 78 1099 857 1139; baseline -0.003 -11"><span class='ocrx_word' id='word_1_173' title='bbox 78 1102 233 1138; x_wconf 78' lang='grc' dir='ltr'>ᾠκοδόμησε,</span> <span class='ocrx_word' id='word_1_174' title='bbox 248 1102 298 1129; x_wconf 74' lang='grc' dir='ltr'>τοῦ</span> <span class='ocrx_word' id='word_1_175' title='bbox 314 1103 407 1139; x_wconf 77' lang='grc' dir='ltr'>φέρειν</span> <span class='ocrx_word' id='word_1_176' title='bbox 425 1102 541 1138; x_wconf 88' lang='grc' dir='ltr'>καρπόν.</span> <span class='ocrx_word' id='word_1_177' title='bbox 558 1101 666 1135; x_wconf 84' lang='grc' dir='ltr'>Καιρὸς</span> <span class='ocrx_word' id='word_1_178' title='bbox 682 1099 813 1135; x_wconf 57' lang='grc' dir='ltr'>καρπῶν,</span> <span class='ocrx_word' id='word_1_179' title='bbox 827 1099 857 1126; x_wconf 77' lang='grc' dir='ltr'>ὃν</span> 
     </span>
    </p>
   </div>
   <div class='ocr_carea' id='block_1_23' title="bbox 78 1143 855 1183">
    <p class='ocr_par' dir='ltr' id='par_1_23' title="bbox 78 1143 855 1183">
     <span class='ocr_line' id='line_1_23' title="bbox 78 1143 855 1183; baseline -0.006 -9"><span class='ocrx_word' id='word_1_180' title='bbox 78 1145 139 1173; x_wconf 78' lang='grc' dir='ltr'>οἶδεν</span> <span class='ocrx_word' id='word_1_181' title='bbox 151 1147 360 1183; x_wconf 82' lang='grc' dir='ltr'>οἰκοδεσπότης,</span> <span class='ocrx_word' id='word_1_182' title='bbox 377 1147 447 1182; x_wconf 88' lang='grc' dir='ltr'>τάχα</span> <span class='ocrx_word' id='word_1_183' title='bbox 465 1147 514 1182; x_wconf 82' lang='grc' dir='ltr'><strong>οὐχ</strong></span> <span class='ocrx_word' id='word_1_184' title='bbox 533 1146 573 1173; x_wconf 77' lang='grc' dir='ltr'>ὅτι</span> <span class='ocrx_word' id='word_1_185' title='bbox 593 1145 704 1180; x_wconf 80' lang='grc' dir='ltr'>ἐκφύειν</span> <span class='ocrx_word' id='word_1_186' title='bbox 719 1143 821 1178; x_wconf 81' lang='grc' dir='ltr'>φύλλα,</span> <span class='ocrx_word' id='word_1_187' title='bbox 839 1143 855 1178; x_wconf 85' lang='grc' dir='ltr'>ἢ</span> 
     </span>
    </p>
   </div>
   <div class='ocr_carea' id='block_1_24' title="bbox 79 1188 857 1230">
    <p class='ocr_par' dir='ltr' id='par_1_24' title="bbox 79 1188 857 1230">
     <span class='ocr_line' id='line_1_24' title="bbox 79 1188 857 1230; baseline -0.006 -10"><span class='ocrx_word' id='word_1_188' title='bbox 79 1194 218 1230; x_wconf 79' lang='grc' dir='ltr'>κυπρίζειν,</span> <span class='ocrx_word' id='word_1_189' title='bbox 229 1194 246 1229; x_wconf 79' lang='grc' dir='ltr'>ἢ</span> <span class='ocrx_word' id='word_1_190' title='bbox 259 1193 435 1229; x_wconf 78' lang='grc' dir='ltr'>ὀμφακίζειν,</span> <span class='ocrx_word' id='word_1_191' title='bbox 445 1192 461 1228; x_wconf 84' lang='grc' dir='ltr'>ἢ</span> <span class='ocrx_word' id='word_1_192' title='bbox 473 1191 635 1229; x_wconf 80' lang='grc' dir='ltr'>τρυγᾶσθαι·</span> <span class='ocrx_word' id='word_1_193' title='bbox 649 1188 704 1217; x_wconf 82' lang='grc' dir='ltr'>οἷον</span> <span class='ocrx_word' id='word_1_194' title='bbox 712 1191 736 1216; x_wconf 80' lang='grc' dir='ltr'>οι</span> <span class='ocrx_word' id='word_1_195' title='bbox 747 1191 797 1225; x_wconf 82' lang='grc' dir='ltr'>τῆς</span> <span class='ocrx_word' id='word_1_196' title='bbox 809 1198 857 1224; x_wconf 91' lang='grc' dir='ltr'>νη-</span> 
     </span>
    </p>
   </div>
   <div class='ocr_carea' id='block_1_25' title="bbox 79 1234 857 1274">
    <p class='ocr_par' dir='ltr' id='par_1_25' title="bbox 79 1234 857 1274">
     <span class='ocr_line' id='line_1_25' title="bbox 79 1234 857 1274; baseline -0.006 -9"><span class='ocrx_word' id='word_1_197' title='bbox 79 1238 203 1274; x_wconf 74' lang='grc' dir='ltr'>πιότητος,</span> <span class='ocrx_word' id='word_1_198' title='bbox 220 1239 238 1274; x_wconf 84' lang='grc' dir='ltr'>ἢ</span> <span class='ocrx_word' id='word_1_199' title='bbox 254 1238 308 1274; x_wconf 85' lang='grc' dir='ltr'>τῆς</span> <span class='ocrx_word' id='word_1_200' title='bbox 326 1237 549 1273; x_wconf 84' lang='grc' dir='ltr'>συ-μπληρώσεως</span> <span class='ocrx_word' id='word_1_201' title='bbox 563 1235 610 1263; x_wconf 80' lang='grc' dir='ltr'><strong>τοῦ</strong></span> <span class='ocrx_word' id='word_1_202' title='bbox 624 1235 719 1270; x_wconf 86' lang='grc' dir='ltr'>λόγου,</span> <span class='ocrx_word' id='word_1_203' title='bbox 736 1234 752 1270; x_wconf 82' lang='grc' dir='ltr'>ἢ</span> <span class='ocrx_word' id='word_1_204' title='bbox 768 1235 793 1261; x_wconf 80' lang='grc' dir='ltr'><strong>οἰ</strong></span> <span class='ocrx_word' id='word_1_205' title='bbox 809 1234 857 1270; x_wconf 88' lang='grc' dir='ltr'>τῆς</span> 
     </span>
    </p>
   </div>
   <div class='ocr_carea' id='block_1_26' title="bbox 80 1281 858 1321">
    <p class='ocr_par' dir='ltr' id='par_1_26' title="bbox 80 1281 858 1321">
     <span class='ocr_line' id='line_1_26' title="bbox 80 1281 858 1321; baseline -0.004 -10"><span class='ocrx_word' id='word_1_206' title='bbox 80 1286 104 1311; x_wconf 79' lang='grc' dir='ltr'>ὲν</span> <span class='ocrx_word' id='word_1_207' title='bbox 116 1286 193 1321; x_wconf 80' lang='grc' dir='ltr'>ἀρετῇ</span> <span class='ocrx_word' id='word_1_208' title='bbox 206 1284 364 1321; x_wconf 80' lang='grc' dir='ltr'>προκοπῆς,</span> <span class='ocrx_word' id='word_1_209' title='bbox 382 1283 398 1320; x_wconf 77' lang='grc' dir='ltr'><strong>ἢ</strong></span> <span class='ocrx_word' id='word_1_210' title='bbox 413 1284 500 1319; x_wconf 81' lang='grc' dir='ltr'>ἀρχῆς</span> <span class='ocrx_word' id='word_1_211' title='bbox 512 1291 517 1298; x_wconf 91' lang='grc'><strong>·</strong></span> <span class='ocrx_word' id='word_1_212' title='bbox 535 1284 560 1310; x_wconf 83' lang='grc' dir='ltr'><strong>οἰ</strong></span> <span class='ocrx_word' id='word_1_213' title='bbox 573 1283 601 1309; x_wconf 84' lang='grc' dir='ltr'>δὲ</span> <span class='ocrx_word' id='word_1_214' title='bbox 615 1283 665 1318; x_wconf 82' lang='grc' dir='ltr'>τῆς</span> <span class='ocrx_word' id='word_1_215' title='bbox 676 1282 796 1317; x_wconf 82' lang='grc' dir='ltr'>ἀγάπης,</span> <span class='ocrx_word' id='word_1_216' title='bbox 811 1281 858 1308; x_wconf 67' lang='grc' dir='ltr'><strong>κα.)⁵</strong></span> 
     </span>
    </p>
   </div>
   <div class='ocr_carea' id='block_1_27' title="bbox 79 1328 859 1367">
    <p class='ocr_par' dir='ltr' id='par_1_27' title="bbox 79 1328 859 1367">
     <span class='ocr_line' id='line_1_27' title="bbox 79 1328 859 1367; baseline -0.005 -9"><span class='ocrx_word' id='word_1_217' title='bbox 79 1332 164 1367; x_wconf 81' lang='grc' dir='ltr'>χαρᾶς,</span> <span class='ocrx_word' id='word_1_218' title='bbox 181 1331 228 1358; x_wconf 74' lang='grc' dir='ltr'>καὶ</span> <span class='ocrx_word' id='word_1_219' title='bbox 244 1331 369 1366; x_wconf 80' lang='grc' dir='ltr'>εἰρήνης,</span> <span class='ocrx_word' id='word_1_220' title='bbox 386 1330 497 1357; x_wconf 74' lang='grc' dir='ltr'>καὶτῶν</span> <span class='ocrx_word' id='word_1_221' title='bbox 512 1329 622 1357; x_wconf 86' lang='grc' dir='ltr'>λοιπῶν.</span> <span class='ocrx_word' id='word_1_222' title='bbox 637 1328 743 1356; x_wconf 79' lang='grc' dir='ltr'>Δοῦλοι</span> <span class='ocrx_word' id='word_1_223' title='bbox 753 1329 777 1354; x_wconf 80' lang='grc' dir='ltr'>οἱ</span> <span class='ocrx_word' id='word_1_224' title='bbox 792 1335 859 1363; x_wconf 88' lang='grc' dir='ltr'>προ-</span> 
     </span>
    </p>
   </div>
   <div class='ocr_carea' id='block_1_28' title="bbox 79 1374 858 1411">
    <p class='ocr_par' dir='ltr' id='par_1_28' title="bbox 79 1374 858 1411">
     <span class='ocr_line' id='line_1_28' title="bbox 79 1374 858 1411; baseline -0.003 -9"><span class='ocrx_word' id='word_1_225' title='bbox 79 1375 193 1410; x_wconf 81' lang='grc' dir='ltr'>φῆταιτὰ</span> <span class='ocrx_word' id='word_1_226' title='bbox 209 1375 385 1411; x_wconf 77' lang='grc' dir='ltr'>πνευματικά</span> <span class='ocrx_word' id='word_1_227' title='bbox 396 1374 570 1411; x_wconf 86' lang='grc' dir='ltr'>καρπώματα</span> <span class='ocrx_word' id='word_1_228' title='bbox 585 1374 762 1406; x_wconf 81' lang='grc' dir='ltr'>ἀπαιτοῦντες</span> <span class='ocrx_word' id='word_1_229' title='bbox 775 1382 858 1409; x_wconf 81' lang='grc' dir='ltr'>προσ-</span> 
     </span>
    </p>
   </div>
   <div class='ocr_carea' id='block_1_29' title="bbox 79 1420 436 1457">
    <p class='ocr_par' dir='ltr' id='par_1_29' title="bbox 79 1420 436 1457">
     <span class='ocr_line' id='line_1_29' title="bbox 79 1420 436 1457; baseline 0 -9"><span class='ocrx_word' id='word_1_230' title='bbox 79 1420 145 1455; x_wconf 82' lang='grc' dir='ltr'>άγειν</span> <span class='ocrx_word' id='word_1_231' title='bbox 158 1421 194 1453; x_wconf 87' lang='grc' dir='ltr'>ὠς</span> <span class='ocrx_word' id='word_1_232' title='bbox 211 1422 297 1457; x_wconf 82' lang='grc' dir='ltr'>ἱερεῖς</span> <span class='ocrx_word' id='word_1_233' title='bbox 313 1421 352 1456; x_wconf 83' lang='grc' dir='ltr'>τῷ</span> <span class='ocrx_word' id='word_1_234' title='bbox 367 1420 436 1457; x_wconf 81' lang='grc' dir='ltr'><strong>Θεῷ.</strong></span> 
     </span>
    </p>
   </div>
   <div class='ocr_carea' id='block_1_30' title="bbox 671 120 1112 150">
    <p class='ocr_par' dir='ltr' id='par_1_30' title="bbox 671 120 1112 150">
     <span class='ocr_line' id='line_1_30' title="bbox 671 120 1112 150; baseline -0.005 0"><span class='ocrx_word' id='word_1_235' title='bbox 671 121 815 150; x_wconf 80' lang='lat' dir='ltr'><strong>SCHOLlA</strong></span> <span class='ocrx_word' id='word_1_236' title='bbox 836 120 870 149; x_wconf 81' lang='grc' dir='ltr'><strong>ΙΝ</strong></span> <span class='ocrx_word' id='word_1_237' title='bbox 890 121 1112 150; x_wconf 61' lang='grc' dir='ltr'><strong>ΜΑΤΤΠΑΕΗΜ.</strong></span> 
     </span>
    </p>
   </div>
   <div class='ocr_carea' id='block_1_31' title="bbox 1642 124 1695 151">
    <p class='ocr_par' dir='ltr' id='par_1_31' title="bbox 1642 124 1695 151">
     <span class='ocr_line' id='line_1_31' title="bbox 1642 124 1695 151; baseline 0 0"><span class='ocrx_word' id='word_1_238' title='bbox 1642 124 1695 151; x_wconf 72' lang='grc' dir='ltr'><strong>5θέ</strong></span> 
     </span>
    </p>
   </div>
   <div class='ocr_carea' id='block_1_32' title="bbox 910 179 1695 216">
    <p class='ocr_par' dir='ltr' id='par_1_32' title="bbox 910 179 1695 216">
     <span class='ocr_line' id='line_1_32' title="bbox 910 179 1695 216; baseline 0.003 -9"><span class='ocrx_word' id='word_1_239' title='bbox 910 180 1002 207; x_wconf 86' lang='lat' dir='ltr'><strong>statim</strong></span> <span class='ocrx_word' id='word_1_240' title='bbox 1017 180 1110 215; x_wconf 77' lang='lat' dir='ltr'><strong>exegit</strong></span> <span class='ocrx_word' id='word_1_241' title='bbox 1123 180 1157 207; x_wconf 81' lang='lat' dir='ltr'><strong>ab</strong></span> <span class='ocrx_word' id='word_1_242' title='bbox 1174 179 1274 208; x_wconf 70' lang='lat' dir='ltr'><strong>Iudaeis</strong></span> <span class='ocrx_word' id='word_1_243' title='bbox 1290 180 1436 208; x_wconf 84' lang='lat' dir='ltr'><strong>criminum</strong></span> <span class='ocrx_word' id='word_1_244' title='bbox 1460 188 1565 216; x_wconf 73' lang='lat' dir='ltr'><strong>pmnas.</strong></span> <span class='ocrx_word' id='word_1_245' title='bbox 1582 180 1695 209; x_wconf 65' lang='lat' dir='ltr'><strong>Erat-tio</strong></span> 
     </span>
    </p>
   </div>
   <div class='ocr_carea' id='block_1_33' title="bbox 909 226 1695 262">
    <p class='ocr_par' dir='ltr' id='par_1_33' title="bbox 909 226 1695 262">
     <span class='ocr_line' id='line_1_33' title="bbox 909 226 1695 262; baseline 0.004 -11"><span class='ocrx_word' id='word_1_246' title='bbox 909 226 1054 260; x_wconf 77' lang='lat' dir='ltr'><strong>fructuum,</strong></span> <span class='ocrx_word' id='word_1_247' title='bbox 1072 230 1112 253; x_wconf 82' lang='lat' dir='ltr'><strong>est</strong></span> <span class='ocrx_word' id='word_1_248' title='bbox 1142 226 1197 253; x_wconf 72' lang='lat' dir='ltr'><strong>vita</strong></span> <span class='ocrx_word' id='word_1_249' title='bbox 1224 226 1353 261; x_wconf 76' lang='lat' dir='ltr'><strong>legitima.</strong></span> <span class='ocrx_word' id='word_1_250' title='bbox 1382 226 1493 262; x_wconf 73' lang='lat' dir='ltr'><strong>Tempus</strong></span> <span class='ocrx_word' id='word_1_251' title='bbox 1514 235 1605 255; x_wconf 83' lang='lat' dir='ltr'><strong>eorum</strong></span> <span class='ocrx_word' id='word_1_252' title='bbox 1621 247 1629 261; x_wconf 86' lang='lat'><strong>,</strong></span> <span class='ocrx_word' id='word_1_253' title='bbox 1653 233 1695 255; x_wconf 88' lang='lat' dir='ltr'><strong>est</strong></span> 
     </span>
    </p>
   </div>
   <div class='ocr_carea' id='block_1_34' title="bbox 909 272 1752 308">
    <p class='ocr_par' dir='ltr' id='par_1_34' title="bbox 909 272 1752 308">
     <span class='ocr_line' id='line_1_34' title="bbox 909 272 1752 308; baseline 0 -8"><span class='ocrx_word' id='word_1_254' title='bbox 909 272 1066 307; x_wconf 89' lang='lat' dir='ltr'><strong>prophetica</strong></span> <span class='ocrx_word' id='word_1_255' title='bbox 1095 272 1214 300; x_wconf 77' lang='lat' dir='ltr'><strong>exactio.</strong></span> <span class='ocrx_word' id='word_1_256' title='bbox 1247 273 1323 301; x_wconf 77' lang='lat' dir='ltr'><strong>Servi</strong></span> <span class='ocrx_word' id='word_1_257' title='bbox 1347 273 1427 308; x_wconf 87' lang='lat' dir='ltr'><strong>primi</strong></span> <span class='ocrx_word' id='word_1_258' title='bbox 1457 278 1485 301; x_wconf 86' lang='lat' dir='ltr'><strong>et</strong></span> <span class='ocrx_word' id='word_1_259' title='bbox 1510 274 1621 308; x_wconf 81' lang='lat' dir='ltr'><strong>secundi</strong></span> <span class='ocrx_word' id='word_1_260' title='bbox 1649 275 1693 306; x_wconf 92' lang='lat' dir='ltr'><strong>qui</strong></span> <span class='ocrx_word' id='word_1_261' title='bbox 1749 291 1752 294; x_wconf 55' lang='grc' dir='ltr'>λ</span> 
     </span>
    </p>
   </div>
   <div class='ocr_carea' id='block_1_35' title="bbox 908 317 1693 353">
    <p class='ocr_par' dir='ltr' id='par_1_35' title="bbox 908 317 1693 353">
     <span class='ocr_line' id='line_1_35' title="bbox 908 317 1693 353; baseline 0 -8"><span class='ocrx_word' id='word_1_262' title='bbox 908 318 1104 345; x_wconf 76' lang='lat' dir='ltr'><strong>contumeliose</strong></span> <span class='ocrx_word' id='word_1_263' title='bbox 1125 317 1231 352; x_wconf 79' lang='lat' dir='ltr'><strong>excepti</strong></span> <span class='ocrx_word' id='word_1_264' title='bbox 1257 317 1378 350; x_wconf 75' lang='lat' dir='ltr'><strong>fuerunt,</strong></span> <span class='ocrx_word' id='word_1_265' title='bbox 1400 323 1463 346; x_wconf 90' lang='lat' dir='ltr'><strong>sunt</strong></span> <span class='ocrx_word' id='word_1_266' title='bbox 1485 319 1624 353; x_wconf 77' lang='lat' dir='ltr'><strong>prophetae</strong></span> <span class='ocrx_word' id='word_1_267' title='bbox 1648 320 1693 353; x_wconf 88' lang='lat' dir='ltr'><strong>qui</strong></span> 
     </span>
    </p>
   </div>
   <div class='ocr_carea' id='block_1_36' title="bbox 909 363 1695 399">
    <p class='ocr_par' dir='ltr' id='par_1_36' title="bbox 909 363 1695 399">
     <span class='ocr_line' id='line_1_36' title="bbox 909 363 1695 399; baseline 0.003 -9"><span class='ocrx_word' id='word_1_268' title='bbox 909 363 972 391; x_wconf 88' lang='lat' dir='ltr'><strong>aliis</strong></span> <span class='ocrx_word' id='word_1_269' title='bbox 988 369 1070 398; x_wconf 89' lang='lat' dir='ltr'><strong>atque</strong></span> <span class='ocrx_word' id='word_1_270' title='bbox 1094 363 1155 391; x_wconf 91' lang='lat' dir='ltr'><strong>aliis</strong></span> <span class='ocrx_word' id='word_1_271' title='bbox 1171 364 1340 398; x_wconf 87' lang='lat' dir='ltr'><strong>temporibus</strong></span> <span class='ocrx_word' id='word_1_272' title='bbox 1357 365 1433 392; x_wconf 82' lang='lat' dir='ltr'><strong>missi</strong></span> <span class='ocrx_word' id='word_1_273' title='bbox 1457 364 1553 392; x_wconf 80' lang='lat' dir='ltr'><strong>fuere:</strong></span> <span class='ocrx_word' id='word_1_274' title='bbox 1578 373 1610 392; x_wconf 82' lang='lat' dir='ltr'><strong>ex</strong></span> <span class='ocrx_word' id='word_1_275' title='bbox 1634 365 1695 399; x_wconf 91' lang='lat' dir='ltr'><strong>qui-</strong></span> 
     </span>
    </p>
   </div>
   <div class='ocr_carea' id='block_1_37' title="bbox 909 409 1695 446">
    <p class='ocr_par' dir='ltr' id='par_1_37' title="bbox 909 409 1695 446">
     <span class='ocr_line' id='line_1_37' title="bbox 909 409 1695 446; baseline 0.004 -10"><span class='ocrx_word' id='word_1_276' title='bbox 909 410 959 437; x_wconf 87' lang='lat' dir='ltr'><strong>bus</strong></span> <span class='ocrx_word' id='word_1_277' title='bbox 984 409 1066 437; x_wconf 88' lang='lat' dir='ltr'><strong>alium</strong></span> <span class='ocrx_word' id='word_1_278' title='bbox 1082 409 1248 444; x_wconf 86' lang='lat' dir='ltr'><strong>ceciderunt,</strong></span> <span class='ocrx_word' id='word_1_279' title='bbox 1265 415 1295 438; x_wconf 94' lang='lat' dir='ltr'><strong>ut</strong></span> <span class='ocrx_word' id='word_1_280' title='bbox 1317 410 1469 442; x_wconf 71' lang='lat' dir='ltr'><strong>Michteam,</strong></span> <span class='ocrx_word' id='word_1_281' title='bbox 1492 418 1573 446; x_wconf 85' lang='lat' dir='ltr'><strong>quem</strong></span> <span class='ocrx_word' id='word_1_282' title='bbox 1596 412 1623 439; x_wconf 93' lang='lat' dir='ltr'><strong>in</strong></span> <span class='ocrx_word' id='word_1_283' title='bbox 1649 419 1695 446; x_wconf 75' lang='lat' dir='ltr'><strong>ge-</strong></span> 
     </span>
    </p>
   </div>
   <div class='ocr_carea' id='block_1_38' title="bbox 910 456 1695 491">
    <p class='ocr_par' dir='ltr' id='par_1_38' title="bbox 910 456 1695 491">
     <span class='ocr_line' id='line_1_38' title="bbox 910 456 1695 491; baseline 0.003 -8"><span class='ocrx_word' id='word_1_284' title='bbox 910 464 971 484; x_wconf 94' lang='lat' dir='ltr'><strong>nam</strong></span> <span class='ocrx_word' id='word_1_285' title='bbox 992 457 1127 491; x_wconf 81' lang='lat' dir='ltr'><strong>percussit</strong></span> <span class='ocrx_word' id='word_1_286' title='bbox 1144 456 1293 484; x_wconf 88' lang='lat' dir='ltr'><strong>Sedecias:</strong></span> <span class='ocrx_word' id='word_1_287' title='bbox 1312 457 1394 484; x_wconf 90' lang='lat' dir='ltr'><strong>alium</strong></span> <span class='ocrx_word' id='word_1_288' title='bbox 1410 457 1580 491; x_wconf 89' lang='lat' dir='ltr'><strong>occiderunt,</strong></span> <span class='ocrx_word' id='word_1_289' title='bbox 1602 462 1630 485; x_wconf 90' lang='lat' dir='ltr'><strong>ut</strong></span> <span class='ocrx_word' id='word_1_290' title='bbox 1644 457 1695 485; x_wconf 82' lang='lat' dir='ltr'><strong>Za-</strong></span> 
     </span>
    </p>
   </div>
   <div class='ocr_carea' id='block_1_39' title="bbox 909 502 1694 539">
    <p class='ocr_par' dir='ltr' id='par_1_39' title="bbox 909 502 1694 539">
     <span class='ocr_line' id='line_1_39' title="bbox 909 502 1694 539; baseline 0.001 -9"><span class='ocrx_word' id='word_1_291' title='bbox 909 503 1042 534; x_wconf 88' lang='lat' dir='ltr'><strong>chariam,</strong></span> <span class='ocrx_word' id='word_1_292' title='bbox 1068 503 1139 529; x_wconf 87' lang='lat' dir='ltr'><strong>inter</strong></span> <span class='ocrx_word' id='word_1_293' title='bbox 1153 503 1282 536; x_wconf 89' lang='lat' dir='ltr'><strong>templum</strong></span> <span class='ocrx_word' id='word_1_294' title='bbox 1307 508 1335 530; x_wconf 91' lang='lat' dir='ltr'><strong>et</strong></span> <span class='ocrx_word' id='word_1_295' title='bbox 1358 502 1464 536; x_wconf 86' lang='lat' dir='ltr'><strong>altare;</strong></span> <span class='ocrx_word' id='word_1_296' title='bbox 1486 504 1568 530; x_wconf 82' lang='lat' dir='ltr'><strong>alium</strong></span> <span class='ocrx_word' id='word_1_297' title='bbox 1592 503 1694 539; x_wconf 85' lang='lat' dir='ltr'><strong>lapida-</strong></span> 
     </span>
    </p>
   </div>
   <div class='ocr_carea' id='block_1_40' title="bbox 909 548 1694 581">
    <p class='ocr_par' dir='ltr' id='par_1_40' title="bbox 909 548 1694 581">
     <span class='ocr_line' id='line_1_40' title="bbox 909 548 1694 581; baseline 0.004 -6"><span class='ocrx_word' id='word_1_298' title='bbox 909 553 1016 581; x_wconf 75' lang='lat' dir='ltr'><strong>verunt,</strong></span> <span class='ocrx_word' id='word_1_299' title='bbox 1042 553 1071 575; x_wconf 92' lang='lat' dir='ltr'><strong>ut</strong></span> <span class='ocrx_word' id='word_1_300' title='bbox 1097 548 1178 575; x_wconf 83' lang='lat' dir='ltr'><strong>Zariu</strong></span> <span class='ocrx_word' id='word_1_301' title='bbox 1204 548 1287 576; x_wconf 90' lang='lat' dir='ltr'><strong>tilium</strong></span> <span class='ocrx_word' id='word_1_302' title='bbox 1308 548 1382 576; x_wconf 72' lang='lat' dir='ltr'><strong>lodze</strong></span> <span class='ocrx_word' id='word_1_303' title='bbox 1405 550 1583 577; x_wconf 83' lang='lat' dir='ltr'><strong>sacerdotem.</strong></span> <span class='ocrx_word' id='word_1_304' title='bbox 1605 550 1694 578; x_wconf 83' lang='lat' dir='ltr'><strong>Facile</strong></span> 
     </span>
    </p>
   </div>
   <div class='ocr_carea' id='block_1_41' title="bbox 909 594 1694 632">
    <p class='ocr_par' dir='ltr' id='par_1_41' title="bbox 909 594 1694 632">
     <span class='ocr_line' id='line_1_41' title="bbox 909 594 1694 632; baseline 0.005 -11"><span class='ocrx_word' id='word_1_305' title='bbox 909 595 991 622; x_wconf 84' lang='lat' dir='ltr'><strong>etiam</strong></span> <span class='ocrx_word' id='word_1_306' title='bbox 1015 594 1097 622; x_wconf 76' lang='lat' dir='ltr'><strong>Vinea</strong></span> <span class='ocrx_word' id='word_1_307' title='bbox 1116 595 1146 622; x_wconf 80' lang='lat' dir='ltr'><strong>lit</strong></span> <span class='ocrx_word' id='word_1_308' title='bbox 1171 602 1283 630; x_wconf 74' lang='lat' dir='ltr'><strong>regnum</strong></span> <span class='ocrx_word' id='word_1_309' title='bbox 1303 595 1367 628; x_wconf 88' lang='lat' dir='ltr'><strong>Dei,</strong></span> <span class='ocrx_word' id='word_1_310' title='bbox 1389 601 1417 622; x_wconf 88' lang='lat' dir='ltr'><strong>et</strong></span> <span class='ocrx_word' id='word_1_311' title='bbox 1446 596 1573 630; x_wconf 84' lang='lat' dir='ltr'><strong>mysteria</strong></span> <span class='ocrx_word' id='word_1_312' title='bbox 1592 597 1650 632; x_wconf 77' lang='lat' dir='ltr'><strong>ejus</strong></span> <span class='ocrx_word' id='word_1_313' title='bbox 1668 597 1694 626; x_wconf 90' lang='lat' dir='ltr'><strong>in</strong></span> 
     </span>
    </p>
   </div>
   <div class='ocr_carea' id='block_1_42' title="bbox 909 641 1694 677">
    <p class='ocr_par' dir='ltr' id='par_1_42' title="bbox 909 641 1694 677">
     <span class='ocr_line' id='line_1_42' title="bbox 909 641 1694 677; baseline 0.003 -9"><span class='ocrx_word' id='word_1_314' title='bbox 909 641 967 677; x_wconf 66' lang='lat' dir='ltr'><strong>lege</strong></span> <span class='ocrx_word' id='word_1_315' title='bbox 982 646 1008 668; x_wconf 90' lang='lat' dir='ltr'><strong>et</strong></span> <span class='ocrx_word' id='word_1_316' title='bbox 1023 641 1175 677; x_wconf 82' lang='lat' dir='ltr'><strong>prophetis,</strong></span> <span class='ocrx_word' id='word_1_317' title='bbox 1191 649 1223 670; x_wconf 87' lang='lat' dir='ltr'><strong>ac</strong></span> <span class='ocrx_word' id='word_1_318' title='bbox 1239 642 1342 677; x_wconf 87' lang='lat' dir='ltr'><strong>reliqua</strong></span> <span class='ocrx_word' id='word_1_319' title='bbox 1358 646 1460 669; x_wconf 73' lang='lat' dir='ltr'><strong>natura:</strong></span> <span class='ocrx_word' id='word_1_320' title='bbox 1472 642 1605 669; x_wconf 84' lang='lat' dir='ltr'><strong>doctrina.</strong></span> <span class='ocrx_word' id='word_1_321' title='bbox 1625 642 1694 670; x_wconf 85' lang='lat' dir='ltr'><strong>Fru-</strong></span> 
     </span>
    </p>
   </div>
   <div class='ocr_carea' id='block_1_43' title="bbox 909 687 1695 721">
    <p class='ocr_par' dir='ltr' id='par_1_43' title="bbox 909 687 1695 721">
     <span class='ocr_line' id='line_1_43' title="bbox 909 687 1695 721; baseline 0.003 -8"><span class='ocrx_word' id='word_1_322' title='bbox 909 692 979 719; x_wconf 74' lang='lat' dir='ltr'><strong>ctus,</strong></span> <span class='ocrx_word' id='word_1_323' title='bbox 997 687 1118 714; x_wconf 87' lang='lat' dir='ltr'><strong>virtuosa</strong></span> <span class='ocrx_word' id='word_1_324' title='bbox 1140 687 1261 715; x_wconf 85' lang='lat' dir='ltr'><strong>moribus</strong></span> <span class='ocrx_word' id='word_1_325' title='bbox 1280 688 1347 714; x_wconf 87' lang='lat' dir='ltr'><strong>vita.</strong></span> <span class='ocrx_word' id='word_1_326' title='bbox 1371 687 1463 721; x_wconf 64' lang='lat' dir='ltr'><strong>Sep“,</strong></span> <span class='ocrx_word' id='word_1_327' title='bbox 1484 688 1560 715; x_wconf 88' lang='lat' dir='ltr'><strong>locus</strong></span> <span class='ocrx_word' id='word_1_328' title='bbox 1575 689 1695 715; x_wconf 85' lang='lat' dir='ltr'><strong>rationa-</strong></span> 
     </span>
    </p>
   </div>
   <div class='ocr_carea' id='block_1_44' title="bbox 909 733 1694 768">
    <p class='ocr_par' dir='ltr' id='par_1_44' title="bbox 909 733 1694 768">
     <span class='ocr_line' id='line_1_44' title="bbox 909 733 1694 768; baseline 0.001 -8"><span class='ocrx_word' id='word_1_329' title='bbox 909 733 943 761; x_wconf 88' lang='lat' dir='ltr'><strong>lis</strong></span> <span class='ocrx_word' id='word_1_330' title='bbox 964 738 991 760; x_wconf 87' lang='lat' dir='ltr'><strong>et</strong></span> <span class='ocrx_word' id='word_1_331' title='bbox 1016 733 1132 768; x_wconf 87' lang='lat' dir='ltr'><strong>ipsamet</strong></span> <span class='ocrx_word' id='word_1_332' title='bbox 1149 734 1250 766; x_wconf 89' lang='lat' dir='ltr'><strong>littera,</strong></span> <span class='ocrx_word' id='word_1_333' title='bbox 1270 738 1299 760; x_wconf 96' lang='lat' dir='ltr'><strong>ut</strong></span> <span class='ocrx_word' id='word_1_334' title='bbox 1320 741 1374 761; x_wconf 89' lang='lat' dir='ltr'><strong>non</strong></span> <span class='ocrx_word' id='word_1_335' title='bbox 1388 739 1510 768; x_wconf 77' lang='lat' dir='ltr'><strong>paterent</strong></span> <span class='ocrx_word' id='word_1_336' title='bbox 1534 734 1565 760; x_wconf 86' lang='lat' dir='ltr'><strong>iis</strong></span> <span class='ocrx_word' id='word_1_337' title='bbox 1585 735 1631 768; x_wconf 89' lang='lat' dir='ltr'><strong>qui</strong></span> <span class='ocrx_word' id='word_1_338' title='bbox 1648 743 1694 761; x_wconf 81' lang='lat' dir='ltr'><strong>ex-</strong></span> 
     </span>
    </p>
   </div>
   <div class='ocr_carea' id='block_1_45' title="bbox 910 778 1694 814">
    <p class='ocr_par' dir='ltr' id='par_1_45' title="bbox 910 778 1694 814">
     <span class='ocr_line' id='line_1_45' title="bbox 910 778 1694 814; baseline 0.004 -9"><span class='ocrx_word' id='word_1_339' title='bbox 910 778 981 806; x_wconf 86' lang='lat' dir='ltr'><strong>terni</strong></span> <span class='ocrx_word' id='word_1_340' title='bbox 998 783 1086 811; x_wconf 87' lang='lat' dir='ltr'><strong>crant,</strong></span> <span class='ocrx_word' id='word_1_341' title='bbox 1104 778 1212 806; x_wconf 86' lang='lat' dir='ltr'><strong>occulta</strong></span> <span class='ocrx_word' id='word_1_342' title='bbox 1234 779 1374 814; x_wconf 81' lang='lat' dir='ltr'><strong>mysteria.</strong></span> <span class='ocrx_word' id='word_1_343' title='bbox 1401 779 1540 811; x_wconf 84' lang='lat' dir='ltr'><strong>Torcular,</strong></span> <span class='ocrx_word' id='word_1_344' title='bbox 1557 780 1694 814; x_wconf 82' lang='lat' dir='ltr'><strong>profundi-</strong></span> 
     </span>
    </p>
   </div>
   <div class='ocr_carea' id='block_1_46' title="bbox 912 824 1693 858">
    <p class='ocr_par' dir='ltr' id='par_1_46' title="bbox 912 824 1693 858">
     <span class='ocr_line' id='line_1_46' title="bbox 912 824 1693 858; baseline 0.004 -7"><span class='ocrx_word' id='word_1_345' title='bbox 912 829 952 851; x_wconf 94' lang='lat' dir='ltr'><strong>tas</strong></span> <span class='ocrx_word' id='word_1_346' title='bbox 966 824 1065 851; x_wconf 69' lang='lat' dir='ltr'><strong>anima:</strong></span> <span class='ocrx_word' id='word_1_347' title='bbox 1087 824 1191 852; x_wconf 78' lang='lat' dir='ltr'><strong>fructus</strong></span> <span class='ocrx_word' id='word_1_348' title='bbox 1214 825 1405 858; x_wconf 87' lang='lat' dir='ltr'><strong>suscipientis,</strong></span> <span class='ocrx_word' id='word_1_349' title='bbox 1429 826 1518 852; x_wconf 83' lang='lat' dir='ltr'><strong>omnia</strong></span> <span class='ocrx_word' id='word_1_350' title='bbox 1545 826 1569 853; x_wconf 90' lang='lat' dir='ltr'><strong>in</strong></span> <span class='ocrx_word' id='word_1_351' title='bbox 1595 827 1693 854; x_wconf 85' lang='lat' dir='ltr'><strong>bellum</strong></span> 
     </span>
    </p>
   </div>
   <div class='ocr_carea' id='block_1_47' title="bbox 910 869 1692 899">
    <p class='ocr_par' dir='ltr' id='par_1_47' title="bbox 910 869 1692 899">
     <span class='ocr_line' id='line_1_47' title="bbox 910 869 1692 899; baseline 0.001 -2"><span class='ocrx_word' id='word_1_352' title='bbox 910 869 1084 897; x_wconf 79' lang='lat' dir='ltr'><strong>eﬂ‘undentis.</strong></span> <span class='ocrx_word' id='word_1_353' title='bbox 1101 869 1194 897; x_wconf 65' lang='lat' dir='ltr'><strong>Turris</strong></span> <span class='ocrx_word' id='word_1_354' title='bbox 1212 870 1295 898; x_wconf 86' lang='lat' dir='ltr'><strong>etiam</strong></span> <span class='ocrx_word' id='word_1_355' title='bbox 1310 870 1453 898; x_wconf 83' lang='lat' dir='ltr'><strong>distinctus</strong></span> <span class='ocrx_word' id='word_1_356' title='bbox 1468 871 1501 898; x_wconf 83' lang='lat' dir='ltr'><strong>de</strong></span> <span class='ocrx_word' id='word_1_357' title='bbox 1522 872 1576 898; x_wconf 86' lang='lat' dir='ltr'><strong>Deo</strong></span> <span class='ocrx_word' id='word_1_358' title='bbox 1592 880 1692 899; x_wconf 86' lang='lat' dir='ltr'><strong>sermo.</strong></span> 
     </span>
    </p>
   </div>
   <div class='ocr_carea' id='block_1_48' title="bbox 909 916 1692 954">
    <p class='ocr_par' dir='ltr' id='par_1_48' title="bbox 909 916 1692 954">
     <span class='ocr_line' id='line_1_48' title="bbox 909 916 1692 954; baseline 0.001 -9"><span class='ocrx_word' id='word_1_359' title='bbox 909 916 1050 952; x_wconf 85' lang='lat' dir='ltr'><strong>Templum</strong></span> <span class='ocrx_word' id='word_1_360' title='bbox 1075 917 1204 952; x_wconf 86' lang='lat' dir='ltr'><strong>quidem,</strong></span> <span class='ocrx_word' id='word_1_361' title='bbox 1235 924 1296 952; x_wconf 59' lang='lat' dir='ltr'><strong>qua</strong></span> <span class='ocrx_word' id='word_1_362' title='bbox 1310 917 1336 944; x_wconf 96' lang='lat' dir='ltr'><strong>in</strong></span> <span class='ocrx_word' id='word_1_363' title='bbox 1352 918 1410 952; x_wconf 90' lang='lat' dir='ltr'><strong>ipso</strong></span> <span class='ocrx_word' id='word_1_364' title='bbox 1435 917 1571 953; x_wconf 79' lang='lat' dir='ltr'><strong>[‘stelletta</strong></span> <span class='ocrx_word' id='word_1_365' title='bbox 1600 919 1692 954; x_wconf 84' lang='lat' dir='ltr'><strong>senzaj</strong></span> 
     </span>
    </p>
   </div>
   <div class='ocr_carea' id='block_1_49' title="bbox 908 963 1694 1005">
    <p class='ocr_par' dir='ltr' id='par_1_49' title="bbox 908 963 1694 1005">
     <span class='ocr_line' id='line_1_49' title="bbox 908 963 1694 1005; baseline 0.003 -14"><span class='ocrx_word' id='word_1_366' title='bbox 908 969 972 991; x_wconf 87' lang='lat' dir='ltr'><strong>nota</strong></span> <span class='ocrx_word' id='word_1_367' title='bbox 995 963 1076 991; x_wconf 81' lang='lat' dir='ltr'><strong>divini</strong></span> <span class='ocrx_word' id='word_1_368' title='bbox 1098 963 1198 998; x_wconf 89' lang='lat' dir='ltr'><strong>templi.</strong></span> <span class='ocrx_word' id='word_1_369' title='bbox 1221 963 1325 1005; x_wconf 67' lang='grc' dir='ltr'>σοςοηὶ,</span> <span class='ocrx_word' id='word_1_370' title='bbox 1345 965 1423 999; x_wconf 89' lang='lat' dir='ltr'><strong>primi</strong></span> <span class='ocrx_word' id='word_1_371' title='bbox 1450 966 1485 992; x_wconf 90' lang='lat' dir='ltr'><strong>illi</strong></span> <span class='ocrx_word' id='word_1_372' title='bbox 1512 966 1609 1000; x_wconf 87' lang='lat' dir='ltr'><strong>quibus</strong></span> <span class='ocrx_word' id='word_1_373' title='bbox 1635 975 1694 994; x_wconf 84' lang='lat' dir='ltr'><strong>cre-</strong></span> 
     </span>
    </p>
   </div>
   <div class='ocr_carea' id='block_1_50' title="bbox 909 1009 1693 1046">
    <p class='ocr_par' dir='ltr' id='par_1_50' title="bbox 909 1009 1693 1046">
     <span class='ocr_line' id='line_1_50' title="bbox 909 1009 1693 1046; baseline 0.003 -9"><span class='ocrx_word' id='word_1_374' title='bbox 909 1010 964 1038; x_wconf 86' lang='lat' dir='ltr'><strong>dita</strong></span> <span class='ocrx_word' id='word_1_375' title='bbox 984 1014 1047 1037; x_wconf 89' lang='lat' dir='ltr'><strong>sunt</strong></span> <span class='ocrx_word' id='word_1_376' title='bbox 1069 1009 1175 1045; x_wconf 86' lang='lat' dir='ltr'><strong>eloquia</strong></span> <span class='ocrx_word' id='word_1_377' title='bbox 1199 1009 1268 1038; x_wconf 88' lang='lat' dir='ltr'><strong>Dei:</strong></span> <span class='ocrx_word' id='word_1_378' title='bbox 1292 1010 1390 1046; x_wconf 83' lang='lat' dir='ltr'><strong>quibus</strong></span> <span class='ocrx_word' id='word_1_379' title='bbox 1409 1019 1520 1046; x_wconf 77' lang='lat' dir='ltr'><strong>peregre</strong></span> <span class='ocrx_word' id='word_1_380' title='bbox 1545 1013 1693 1046; x_wconf 83' lang='lat' dir='ltr'><strong>proﬁcisci-</strong></span> 
     </span>
    </p>
   </div>
   <div class='ocr_carea' id='block_1_51' title="bbox 908 1048 1694 1094">
    <p class='ocr_par' dir='ltr' id='par_1_51' title="bbox 908 1048 1694 1094">
     <span class='ocr_line' id='line_1_51' title="bbox 908 1048 1694 1094; baseline 0.005 -12"><span class='ocrx_word' id='word_1_381' title='bbox 908 1061 953 1083; x_wconf 87' lang='lat' dir='ltr'><strong>tur</strong></span> <span class='ocrx_word' id='word_1_382' title='bbox 967 1048 994 1083; x_wconf 86' lang='lat' dir='ltr'><strong>in</strong></span> <span class='ocrx_word' id='word_1_383' title='bbox 1010 1056 1148 1090; x_wconf 86' lang='lat' dir='ltr'><strong>speculam</strong></span> <span class='ocrx_word' id='word_1_384' title='bbox 1174 1064 1263 1089; x_wconf 91' lang='lat' dir='ltr'><strong>suam,</strong></span> <span class='ocrx_word' id='word_1_385' title='bbox 1281 1064 1373 1084; x_wconf 84' lang='lat' dir='ltr'><strong>ansam</strong></span> <span class='ocrx_word' id='word_1_386' title='bbox 1389 1058 1522 1093; x_wconf 72' lang='lat' dir='ltr'><strong>przebens,</strong></span> <span class='ocrx_word' id='word_1_387' title='bbox 1542 1066 1571 1085; x_wconf 79' lang='lat' dir='ltr'><strong>ex</strong></span> <span class='ocrx_word' id='word_1_388' title='bbox 1589 1059 1621 1086; x_wconf 87' lang='lat' dir='ltr'><strong>iis</strong></span> <span class='ocrx_word' id='word_1_389' title='bbox 1634 1068 1694 1094; x_wconf 72' lang='lat' dir='ltr'><strong>qum</strong></span> 
     </span>
    </p>
   </div>
   <div class='ocr_carea' id='block_1_52' title="bbox 909 1101 1692 1137">
    <p class='ocr_par' dir='ltr' id='par_1_52' title="bbox 909 1101 1692 1137">
     <span class='ocr_line' id='line_1_52' title="bbox 909 1101 1692 1137; baseline 0.005 -10"><span class='ocrx_word' id='word_1_390' title='bbox 909 1101 967 1135; x_wconf 86' lang='lat' dir='ltr'><strong>ipse</strong></span> <span class='ocrx_word' id='word_1_391' title='bbox 986 1102 1167 1136; x_wconf 88' lang='lat' dir='ltr'><strong>plantaverat,</strong></span> <span class='ocrx_word' id='word_1_392' title='bbox 1182 1108 1273 1137; x_wconf 82' lang='lat' dir='ltr'><strong>sepem</strong></span> <span class='ocrx_word' id='word_1_393' title='bbox 1288 1102 1530 1137; x_wconf 83' lang='lat' dir='ltr'><strong>circumposuerat,</strong></span> <span class='ocrx_word' id='word_1_394' title='bbox 1549 1104 1692 1137; x_wconf 73' lang='lat' dir='ltr'><strong>eﬂ‘oderat,</strong></span> 
     </span>
    </p>
   </div>
   <div class='ocr_carea' id='block_1_53' title="bbox 908 1147 1692 1185">
    <p class='ocr_par' dir='ltr' id='par_1_53' title="bbox 908 1147 1692 1185">
     <span class='ocr_line' id='line_1_53' title="bbox 908 1147 1692 1185; baseline 0.005 -11"><span class='ocrx_word' id='word_1_395' title='bbox 908 1147 1102 1180; x_wconf 74' lang='lat' dir='ltr'><strong>aediﬁcarent.</strong></span> <span class='ocrx_word' id='word_1_396' title='bbox 1126 1147 1244 1175; x_wconf 82' lang='lat' dir='ltr'><strong>fructum</strong></span> <span class='ocrx_word' id='word_1_397' title='bbox 1271 1147 1389 1176; x_wconf 81' lang='lat' dir='ltr'><strong>ferendi.</strong></span> <span class='ocrx_word' id='word_1_398' title='bbox 1413 1149 1523 1184; x_wconf 67' lang='lat' dir='ltr'><strong>Tempus</strong></span> <span class='ocrx_word' id='word_1_399' title='bbox 1547 1150 1692 1185; x_wconf 77' lang='lat' dir='ltr'><strong>fructuum,</strong></span> 
     </span>
    </p>
   </div>
   <div class='ocr_carea' id='block_1_54' title="bbox 908 1194 1694 1229">
    <p class='ocr_par' dir='ltr' id='par_1_54' title="bbox 908 1194 1694 1229">
     <span class='ocr_line' id='line_1_54' title="bbox 908 1194 1694 1229; baseline 0.005 -9"><span class='ocrx_word' id='word_1_400' title='bbox 908 1201 988 1228; x_wconf 87' lang='lat' dir='ltr'><strong>quem</strong></span> <span class='ocrx_word' id='word_1_401' title='bbox 1006 1194 1115 1221; x_wconf 85' lang='lat' dir='ltr'><strong>notavit</strong></span> <span class='ocrx_word' id='word_1_402' title='bbox 1129 1194 1338 1229; x_wconf 76' lang='lat' dir='ltr'><strong>paterfamilias,</strong></span> <span class='ocrx_word' id='word_1_403' title='bbox 1354 1195 1412 1223; x_wconf 89' lang='lat' dir='ltr'><strong>sine</strong></span> <span class='ocrx_word' id='word_1_404' title='bbox 1428 1196 1508 1223; x_wconf 93' lang='lat' dir='ltr'><strong>dubio</strong></span> <span class='ocrx_word' id='word_1_405' title='bbox 1522 1204 1574 1224; x_wconf 91' lang='lat' dir='ltr'><strong>non</strong></span> <span class='ocrx_word' id='word_1_406' title='bbox 1590 1202 1650 1224; x_wconf 89' lang='lat' dir='ltr'><strong>erat</strong></span> <span class='ocrx_word' id='word_1_407' title='bbox 1664 1203 1694 1224; x_wconf 88' lang='lat' dir='ltr'><strong>ut</strong></span> 
     </span>
    </p>
   </div>
   <div class='ocr_carea' id='block_1_55' title="bbox 908 1239 1723 1275">
    <p class='ocr_par' dir='ltr' id='par_1_55' title="bbox 908 1239 1723 1275">
     <span class='ocr_line' id='line_1_55' title="bbox 908 1239 1723 1275; baseline 0.001 -9"><span class='ocrx_word' id='word_1_408' title='bbox 908 1239 971 1266; x_wconf 79' lang='lat' dir='ltr'><strong>folia</strong></span> <span class='ocrx_word' id='word_1_409' title='bbox 994 1239 1160 1273; x_wconf 85' lang='lat' dir='ltr'><strong>produceret</strong></span> <span class='ocrx_word' id='word_1_410' title='bbox 1184 1239 1228 1267; x_wconf 87' lang='lat' dir='ltr'><strong>vel</strong></span> <span class='ocrx_word' id='word_1_411' title='bbox 1251 1239 1341 1272; x_wconf 84' lang='lat' dir='ltr'><strong>ﬂores,</strong></span> <span class='ocrx_word' id='word_1_412' title='bbox 1371 1246 1415 1267; x_wconf 82' lang='lat' dir='ltr'><strong>aut</strong></span> <span class='ocrx_word' id='word_1_413' title='bbox 1437 1245 1558 1275; x_wconf 76' lang='lat' dir='ltr'><strong>[urgeret</strong></span> <span class='ocrx_word' id='word_1_414' title='bbox 1583 1243 1608 1269; x_wconf 90' lang='lat' dir='ltr'><strong>in</strong></span> <span class='ocrx_word' id='word_1_415' title='bbox 1637 1250 1694 1269; x_wconf 86' lang='grc' dir='ltr'>οιιι-</span> <span class='ocrx_word' id='word_1_416' title='bbox 1719 1249 1723 1258; x_wconf 77' lang='grc' dir='ltr'><strong>ι</strong></span> 
     </span>
    </p>
   </div>
   <div class='ocr_carea' id='block_1_56' title="bbox 908 1283 1693 1320">
    <p class='ocr_par' dir='ltr' id='par_1_56' title="bbox 908 1283 1693 1320">
     <span class='ocr_line' id='line_1_56' title="bbox 908 1283 1693 1320; baseline 0.005 -10"><span class='ocrx_word' id='word_1_417' title='bbox 908 1283 1047 1318; x_wconf 84' lang='lat' dir='ltr'><strong>pltacium,</strong></span> <span class='ocrx_word' id='word_1_418' title='bbox 1074 1288 1120 1311; x_wconf 91' lang='lat' dir='ltr'><strong>aut</strong></span> <span class='ocrx_word' id='word_1_419' title='bbox 1143 1284 1382 1312; x_wconf 80' lang='lat' dir='ltr'><strong>vindemiaretur:</strong></span> <span class='ocrx_word' id='word_1_420' title='bbox 1407 1286 1471 1320; x_wconf 88' lang='lat' dir='ltr'><strong>quin</strong></span> <span class='ocrx_word' id='word_1_421' title='bbox 1494 1287 1581 1319; x_wconf 89' lang='lat' dir='ltr'><strong>potius</strong></span> <span class='ocrx_word' id='word_1_422' title='bbox 1616 1293 1693 1314; x_wconf 84' lang='lat' dir='ltr'><strong>erant</strong></span> 
     </span>
    </p>
   </div>
   <div class='ocr_carea' id='block_1_57' title="bbox 909 1329 1694 1367">
    <p class='ocr_par' dir='ltr' id='par_1_57' title="bbox 909 1329 1694 1367">
     <span class='ocr_line' id='line_1_57' title="bbox 909 1329 1694 1367; baseline 0.004 -11"><span class='ocrx_word' id='word_1_423' title='bbox 909 1331 1014 1357; x_wconf 83' lang='lat' dir='ltr'><strong>fructus</strong></span> <span class='ocrx_word' id='word_1_424' title='bbox 1040 1329 1235 1365; x_wconf 82' lang='lat' dir='ltr'><strong>simplicitatis,</strong></span> <span class='ocrx_word' id='word_1_425' title='bbox 1251 1331 1453 1366; x_wconf 82' lang='lat' dir='ltr'><strong>adimpletionis</strong></span> <span class='ocrx_word' id='word_1_426' title='bbox 1470 1333 1555 1364; x_wconf 87' lang='lat' dir='ltr'><strong>verbi,</strong></span> <span class='ocrx_word' id='word_1_427' title='bbox 1572 1338 1617 1359; x_wconf 87' lang='lat' dir='ltr'><strong>aut</strong></span> <span class='ocrx_word' id='word_1_428' title='bbox 1632 1341 1694 1367; x_wconf 92' lang='lat' dir='ltr'><strong>pro-</strong></span> 
     </span>
    </p>
   </div>
   <div class='ocr_carea' id='block_1_58' title="bbox 908 1375 1693 1407">
    <p class='ocr_par' dir='ltr' id='par_1_58' title="bbox 908 1375 1693 1407">
     <span class='ocr_line' id='line_1_58' title="bbox 908 1375 1693 1407; baseline 0.005 -5"><span class='ocrx_word' id='word_1_429' title='bbox 908 1375 996 1403; x_wconf 79' lang='lat' dir='ltr'><strong>fectus</strong></span> <span class='ocrx_word' id='word_1_430' title='bbox 1019 1376 1045 1403; x_wconf 88' lang='lat' dir='ltr'><strong>in</strong></span> <span class='ocrx_word' id='word_1_431' title='bbox 1061 1376 1211 1404; x_wconf 83' lang='lat' dir='ltr'><strong>virtutibus</strong></span> <span class='ocrx_word' id='word_1_432' title='bbox 1226 1376 1269 1403; x_wconf 86' lang='lat' dir='ltr'><strong>vel</strong></span> <span class='ocrx_word' id='word_1_433' title='bbox 1286 1376 1376 1404; x_wconf 89' lang='lat' dir='ltr'><strong>initii:</strong></span> <span class='ocrx_word' id='word_1_434' title='bbox 1394 1377 1496 1405; x_wconf 80' lang='lat' dir='ltr'><strong>fructus</strong></span> <span class='ocrx_word' id='word_1_435' title='bbox 1516 1378 1578 1405; x_wconf 90' lang='lat' dir='ltr'><strong>item</strong></span> <span class='ocrx_word' id='word_1_436' title='bbox 1601 1379 1693 1407; x_wconf 78' lang='lat' dir='ltr'><strong>citari-</strong></span> 
     </span>
    </p>
   </div>
   <div class='ocr_carea' id='block_1_59' title="bbox 885 1421 1694 1460">
    <p class='ocr_par' dir='ltr' id='par_1_59' title="bbox 885 1421 1694 1460">
     <span class='ocr_line' id='line_1_59' title="bbox 885 1421 1694 1460; baseline 0.004 -11"><span class='ocrx_word' id='word_1_437' title='bbox 885 1442 886 1445; x_wconf 58' lang='grc' dir='ltr'><strong>η</strong></span> <span class='ocrx_word' id='word_1_438' title='bbox 909 1422 983 1454; x_wconf 84' lang='lat' dir='ltr'><strong>tatis.</strong></span> <span class='ocrx_word' id='word_1_439' title='bbox 1008 1421 1119 1457; x_wconf 79' lang='lat' dir='ltr'><strong>gaudii,</strong></span> <span class='ocrx_word' id='word_1_440' title='bbox 1143 1422 1229 1457; x_wconf 86' lang='lat' dir='ltr'><strong>pacis,</strong></span> <span class='ocrx_word' id='word_1_441' title='bbox 1251 1427 1279 1450; x_wconf 86' lang='lat' dir='ltr'><strong>et</strong></span> <span class='ocrx_word' id='word_1_442' title='bbox 1300 1423 1407 1458; x_wconf 85' lang='lat' dir='ltr'><strong>reliqui.</strong></span> <span class='ocrx_word' id='word_1_443' title='bbox 1434 1423 1524 1456; x_wconf 76' lang='lat' dir='ltr'><strong>Servi,</strong></span> <span class='ocrx_word' id='word_1_444' title='bbox 1550 1430 1613 1452; x_wconf 87' lang='lat' dir='ltr'><strong>sunt</strong></span> <span class='ocrx_word' id='word_1_445' title='bbox 1634 1433 1694 1460; x_wconf 47' lang='lat' dir='ltr'><strong>pro‘</strong></span> 
     </span>
    </p>
   </div>
   <div class='ocr_carea' id='block_1_60' title="bbox 885 1462 1695 1505">
    <p class='ocr_par' dir='ltr' id='par_1_60' title="bbox 885 1462 1695 1505">
     <span class='ocr_line' id='line_1_60' title="bbox 885 1462 1695 1505; baseline 0.005 -10"><span class='ocrx_word' id='word_1_446' title='bbox 885 1462 1007 1503; x_wconf 52' lang='lat' dir='ltr'><strong>&#39;pltetm,</strong></span> <span class='ocrx_word' id='word_1_447' title='bbox 1027 1469 1072 1504; x_wconf 90' lang='lat' dir='ltr'><strong>qui</strong></span> <span class='ocrx_word' id='word_1_448' title='bbox 1100 1468 1256 1503; x_wconf 83' lang='lat' dir='ltr'><strong>spirituales</strong></span> <span class='ocrx_word' id='word_1_449' title='bbox 1285 1468 1390 1497; x_wconf 77' lang='lat' dir='ltr'><strong>fructus</strong></span> <span class='ocrx_word' id='word_1_450' title='bbox 1426 1469 1571 1505; x_wconf 72' lang='lat' dir='ltr'><strong>exigebant</strong></span> <span class='ocrx_word' id='word_1_451' title='bbox 1596 1471 1695 1500; x_wconf 67' lang='lat' dir='ltr'><strong>olierre</strong></span> 
     </span>
    </p>
   </div>
   <div class='ocr_carea' id='block_1_61' title="bbox 383 1545 894 1584">
    <p class='ocr_par' dir='ltr' id='par_1_61' title="bbox 383 1545 894 1584">
     <span class='ocr_line' id='line_1_61' title="bbox 383 1545 894 1584; baseline 0 0"><span class='ocrx_word' id='word_1_452' title='bbox 383 1558 462 1584; x_wconf 81' lang='grc' dir='ltr'><strong>ΚΕΦ.</strong></span> <span class='ocrx_word' id='word_1_453' title='bbox 482 1558 545 1584; x_wconf 80' lang='lat' dir='ltr'><strong>KA&#39;.</strong></span> <span class='ocrx_word' id='word_1_454' title='bbox 870 1545 894 1576; x_wconf 75' lang='grc' dir='ltr'>ο</span> 
     </span>
    </p>
   </div>
   <div class='ocr_carea' id='block_1_62' title="bbox 78 1602 858 1640">
    <p class='ocr_par' dir='ltr' id='par_1_62' title="bbox 78 1602 858 1640">
     <span class='ocr_line' id='line_1_62' title="bbox 78 1602 858 1640; baseline 0 -11"><span class='ocrx_word' id='word_1_455' title='bbox 78 1603 144 1639; x_wconf 81' lang='grc' dir='ltr'><strong>Στίχ.</strong></span> <span class='ocrx_word' id='word_1_456' title='bbox 157 1604 208 1640; x_wconf 82' lang='grc' dir='ltr'>με’.</span> <span class='ocrx_word' id='word_1_457' title='bbox 226 1604 277 1637; x_wconf 83' lang='grc' dir='ltr'>Τίς</span> <span class='ocrx_word' id='word_1_458' title='bbox 288 1603 346 1640; x_wconf 75' lang='grc' dir='ltr'>ἄρα</span> <span class='ocrx_word' id='word_1_459' title='bbox 357 1603 443 1631; x_wconf 76' lang='grc' dir='ltr'>ἐστὶν</span> <span class='ocrx_word' id='word_1_460' title='bbox 461 1605 477 1630; x_wconf 89' lang='lat' dir='ltr'><strong>o&#39;</strong></span> <span class='ocrx_word' id='word_1_461' title='bbox 488 1602 595 1640; x_wconf 73' lang='grc' dir='ltr'>πιστὸς</span> <span class='ocrx_word' id='word_1_462' title='bbox 605 1602 779 1640; x_wconf 57' lang='grc' dir='ltr'>δοῦλοςίκαί</span> <span class='ocrx_word' id='word_1_463' title='bbox 788 1603 858 1640; x_wconf 61' lang='grc' dir='ltr'>φρό-</span> 
     </span>
    </p>
   </div>
   <div class='ocr_carea' id='block_1_63' title="bbox 107 1637 859 1674">
    <p class='ocr_par' dir='ltr' id='par_1_63' title="bbox 107 1637 859 1674">
     <span class='ocr_line' id='line_1_63' title="bbox 107 1637 859 1674; baseline -0.001 -9"><span class='ocrx_word' id='word_1_464' title='bbox 107 1637 197 1674; x_wconf 62' lang='grc' dir='ltr'>ιλὶμὸς,</span> <span class='ocrx_word' id='word_1_465' title='bbox 213 1640 250 1666; x_wconf 77' lang='grc' dir='ltr'><strong>ὃν</strong></span> <span class='ocrx_word' id='word_1_466' title='bbox 264 1637 454 1672; x_wconf 63' lang='grc' dir='ltr'>κατέστησεν</span> <span class='ocrx_word' id='word_1_467' title='bbox 468 1640 485 1665; x_wconf 84' lang='grc' dir='ltr'><strong>ό</strong></span> <span class='ocrx_word' id='word_1_468' title='bbox 508 1639 609 1673; x_wconf 86' lang='grc' dir='ltr'>κύριος</span> <span class='ocrx_word' id='word_1_469' title='bbox 627 1637 720 1665; x_wconf 84' lang='grc' dir='ltr'>αὑτοῦ</span> <span class='ocrx_word' id='word_1_470' title='bbox 733 1638 782 1665; x_wconf 81' lang='grc' dir='ltr'><strong>ἐπὶ</strong></span> <span class='ocrx_word' id='word_1_471' title='bbox 803 1638 859 1673; x_wconf 84' lang='grc' dir='ltr'>τῆς</span> 
     </span>
    </p>
   </div>
   <div class='ocr_carea' id='block_1_64' title="bbox 108 1673 389 1708">
    <p class='ocr_par' dir='ltr' id='par_1_64' title="bbox 108 1673 389 1708">
     <span class='ocr_line' id='line_1_64' title="bbox 108 1673 389 1708; baseline 0 -7"><span class='ocrx_word' id='word_1_472' title='bbox 108 1673 259 1708; x_wconf 74' lang='grc' dir='ltr'>θεραπείας</span> <span class='ocrx_word' id='word_1_473' title='bbox 277 1673 389 1706; x_wconf 85' lang='grc' dir='ltr'>αὐτοῦ;</span> 
     </span>
    </p>
   </div>
   <div class='ocr_carea' id='block_1_65' title="bbox 108 1719 857 1756">
    <p class='ocr_par' dir='ltr' id='par_1_65' title="bbox 108 1719 857 1756">
     <span class='ocr_line' id='line_1_65' title="bbox 108 1719 857 1756; baseline -0.003 -9"><span class='ocrx_word' id='word_1_474' title='bbox 108 1719 161 1755; x_wconf 81' lang='grc'><strong>(19)</strong></span> <span class='ocrx_word' id='word_1_475' title='bbox 169 1720 245 1756; x_wconf 83' lang='grc' dir='ltr'>Τάχα</span> <span class='ocrx_word' id='word_1_476' title='bbox 259 1719 419 1756; x_wconf 79' lang='grc' dir='ltr'>παροξύνων</span> <span class='ocrx_word' id='word_1_477' title='bbox 434 1720 474 1751; x_wconf 89' lang='grc' dir='ltr'><strong>εἰς</strong></span> <span class='ocrx_word' id='word_1_478' title='bbox 483 1719 513 1746; x_wconf 82' lang='grc' dir='ltr'><strong>τὸ</strong></span> <span class='ocrx_word' id='word_1_479' title='bbox 527 1719 644 1755; x_wconf 78' lang='grc' dir='ltr'>ζητῆσαι</span> <span class='ocrx_word' id='word_1_480' title='bbox 655 1720 703 1746; x_wconf 76' lang='grc' dir='ltr'>ἕνα</span> <span class='ocrx_word' id='word_1_481' title='bbox 717 1719 776 1747; x_wconf 77' lang='grc' dir='ltr'>τινὰ</span> <span class='ocrx_word' id='word_1_482' title='bbox 787 1719 857 1746; x_wconf 79' lang='grc' dir='ltr'>σπά-</span> 
     </span>
    </p>
   </div>
   <div class='ocr_carea' id='block_1_66' title="bbox 78 1764 858 1802">
    <p class='ocr_par' dir='ltr' id='par_1_66' title="bbox 78 1764 858 1802">
     <span class='ocr_line' id='line_1_66' title="bbox 78 1764 858 1802; baseline -0.003 -9"><span class='ocrx_word' id='word_1_483' title='bbox 78 1774 135 1793; x_wconf 86' lang='grc' dir='ltr'>νιον.</span> <span class='ocrx_word' id='word_1_484' title='bbox 149 1767 186 1802; x_wconf 82' lang='grc' dir='ltr'><strong>Τῇ</strong></span> <span class='ocrx_word' id='word_1_485' title='bbox 201 1766 258 1802; x_wconf 77' lang='grc' dir='ltr'><strong>γὰρ</strong></span> <span class='ocrx_word' id='word_1_486' title='bbox 276 1766 322 1792; x_wconf 77' lang='grc' dir='ltr'>τοῦ</span> <span class='ocrx_word' id='word_1_487' title='bbox 339 1765 397 1800; x_wconf 76' lang='grc' dir='ltr'><strong>ἄρα</strong></span> <span class='ocrx_word' id='word_1_488' title='bbox 416 1765 567 1801; x_wconf 80' lang='grc' dir='ltr'>ἀμφιϐολίᾳ</span> <span class='ocrx_word' id='word_1_489' title='bbox 589 1766 620 1791; x_wconf 75' lang='grc' dir='ltr'><strong>τὺ</strong></span> <span class='ocrx_word' id='word_1_490' title='bbox 644 1765 756 1792; x_wconf 82' lang='grc' dir='ltr'>σπάνιον</span> <span class='ocrx_word' id='word_1_491' title='bbox 772 1764 858 1797; x_wconf 69' lang='grc' dir='ltr'>ἔδειξε</span> 
     </span>
    </p>
   </div>
   <div class='ocr_carea' id='block_1_67' title="bbox 78 1810 857 1847">
    <p class='ocr_par' dir='ltr' id='par_1_67' title="bbox 78 1810 857 1847">
     <span class='ocr_line' id='line_1_67' title="bbox 78 1810 857 1847; baseline -0.003 -9"><span class='ocrx_word' id='word_1_492' title='bbox 78 1811 119 1838; x_wconf 80' lang='grc' dir='ltr'>τοῦ</span> <span class='ocrx_word' id='word_1_493' title='bbox 132 1811 250 1838; x_wconf 78' lang='grc' dir='ltr'>τοιούτου</span> <span class='ocrx_word' id='word_1_494' title='bbox 267 1811 421 1847; x_wconf 78' lang='grc' dir='ltr'>οἰκονόμου,</span> <span class='ocrx_word' id='word_1_495' title='bbox 438 1811 485 1837; x_wconf 78' lang='grc' dir='ltr'>καὶ</span> <span class='ocrx_word' id='word_1_496' title='bbox 497 1811 547 1837; x_wconf 84' lang='grc' dir='ltr'>οὑκ</span> <span class='ocrx_word' id='word_1_497' title='bbox 561 1810 640 1838; x_wconf 76' lang='grc' dir='ltr'>ἄλλον</span> <span class='ocrx_word' id='word_1_498' title='bbox 656 1810 738 1837; x_wconf 83' lang='grc' dir='ltr'>αὑτοῦ</span> <span class='ocrx_word' id='word_1_499' title='bbox 752 1810 798 1837; x_wconf 77' lang='grc' dir='ltr'>τὸν</span> <span class='ocrx_word' id='word_1_500' title='bbox 811 1818 857 1836; x_wconf 77' lang='lat' dir='ltr'><strong>m-</strong></span> 
     </span>
    </p>
   </div>
   <div class='ocr_carea' id='block_1_68' title="bbox 79 1853 858 1891">
    <p class='ocr_par' dir='ltr' id='par_1_68' title="bbox 79 1853 858 1891">
     <span class='ocr_line' id='line_1_68' title="bbox 79 1853 858 1891; baseline 0.001 -11"><span class='ocrx_word' id='word_1_501' title='bbox 79 1853 132 1880; x_wconf 77' lang='grc' dir='ltr'>στὸν</span> <span class='ocrx_word' id='word_1_502' title='bbox 155 1855 201 1881; x_wconf 69' lang='grc' dir='ltr'>καὶ</span> <span class='ocrx_word' id='word_1_503' title='bbox 220 1855 355 1891; x_wconf 73' lang='grc' dir='ltr'>φρόνιμον</span> <span class='ocrx_word' id='word_1_504' title='bbox 375 1855 514 1890; x_wconf 81' lang='grc' dir='ltr'>οἰκονόμον</span> <span class='ocrx_word' id='word_1_505' title='bbox 526 1854 619 1886; x_wconf 88' lang='grc' dir='ltr'>εἰδὼς,</span> <span class='ocrx_word' id='word_1_506' title='bbox 635 1854 858 1890; x_wconf 80' lang='grc' dir='ltr'>κατασταθμαζό-</span> 
     </span>
    </p>
   </div>
   <div class='ocr_carea' id='block_1_69' title="bbox 80 1899 856 1936">
    <p class='ocr_par' dir='ltr' id='par_1_69' title="bbox 80 1899 856 1936">
     <span class='ocr_line' id='line_1_69' title="bbox 80 1899 856 1936; baseline -0.001 -9"><span class='ocrx_word' id='word_1_507' title='bbox 80 1907 150 1934; x_wconf 81' lang='grc' dir='ltr'>μενον</span> <span class='ocrx_word' id='word_1_508' title='bbox 170 1901 216 1927; x_wconf 80' lang='grc' dir='ltr'><strong>ἐπὶ</strong></span> <span class='ocrx_word' id='word_1_509' title='bbox 233 1902 294 1932; x_wconf 86' lang='grc' dir='ltr'>τοῖς</span> <span class='ocrx_word' id='word_1_510' title='bbox 312 1900 359 1927; x_wconf 80' lang='grc' dir='ltr'><strong>τοῦ</strong></span> <span class='ocrx_word' id='word_1_511' title='bbox 380 1900 487 1936; x_wconf 84' lang='grc' dir='ltr'>Πατρὸς</span> <span class='ocrx_word' id='word_1_512' title='bbox 502 1900 609 1936; x_wconf 77' lang='grc' dir='ltr'>ἔργοις,</span> <span class='ocrx_word' id='word_1_513' title='bbox 627 1899 699 1934; x_wconf 80' lang='grc' dir='ltr'>λέγω</span> <span class='ocrx_word' id='word_1_514' title='bbox 718 1900 747 1926; x_wconf 87' lang='grc' dir='ltr'>δὲ</span> <span class='ocrx_word' id='word_1_515' title='bbox 766 1901 812 1927; x_wconf 74' lang='grc' dir='ltr'><strong>ἐπὶ</strong></span> <span class='ocrx_word' id='word_1_516' title='bbox 824 1902 856 1936; x_wconf 83' lang='grc' dir='ltr'>τῇ</span> 
     </span>
    </p>
   </div>
   <div class='ocr_carea' id='block_1_70' title="bbox 78 1946 858 1983">
    <p class='ocr_par' dir='ltr' id='par_1_70' title="bbox 78 1946 858 1983">
     <span class='ocr_line' id='line_1_70' title="bbox 78 1946 858 1983; baseline -0.003 -10"><span class='ocrx_word' id='word_1_517' title='bbox 78 1946 270 1983; x_wconf 83' lang='grc' dir='ltr'>ἀνθρωπότητι.</span> <span class='ocrx_word' id='word_1_518' title='bbox 290 1947 333 1979; x_wconf 84' lang='grc' dir='ltr'>Ὠς</span> <span class='ocrx_word' id='word_1_519' title='bbox 344 1946 398 1982; x_wconf 87' lang='grc' dir='ltr'><strong>γὰρ</strong></span> <span class='ocrx_word' id='word_1_520' title='bbox 409 1947 473 1982; x_wconf 82' lang='grc' dir='ltr'>περὶ</span> <span class='ocrx_word' id='word_1_521' title='bbox 485 1946 578 1982; x_wconf 78' lang='grc' dir='ltr'>ἑτέρου</span> <span class='ocrx_word' id='word_1_522' title='bbox 592 1946 677 1981; x_wconf 82' lang='grc' dir='ltr'>λέγει,</span> <span class='ocrx_word' id='word_1_523' title='bbox 693 1946 858 1978; x_wconf 79' lang='grc' dir='ltr'>ὲπισκιάζων</span> 
     </span>
    </p>
   </div>
   <div class='ocr_carea' id='block_1_71' title="bbox 78 1989 858 2031">
    <p class='ocr_par' dir='ltr' id='par_1_71' title="bbox 78 1989 858 2031">
     <span class='ocr_line' id='line_1_71' title="bbox 78 1989 858 2031; baseline 0.001 -14"><span class='ocrx_word' id='word_1_524' title='bbox 78 1992 135 2018; x_wconf 76' lang='grc' dir='ltr'>αὐτὸ</span> <span class='ocrx_word' id='word_1_525' title='bbox 149 1994 181 2031; x_wconf 71' lang='grc' dir='ltr'>τῇ</span> <span class='ocrx_word' id='word_1_526' title='bbox 198 1994 251 2020; x_wconf 86' lang='grc' dir='ltr'>ὑπε</span> <span class='ocrx_word' id='word_1_527' title='bbox 257 1993 339 2029; x_wconf 76' lang='grc' dir='ltr'>ρόολῇ</span> <span class='ocrx_word' id='word_1_528' title='bbox 355 1993 403 2028; x_wconf 84' lang='grc' dir='ltr'>τῆς</span> <span class='ocrx_word' id='word_1_529' title='bbox 419 1992 524 2027; x_wconf 82' lang='grc' dir='ltr'>σοφίας.</span> <span class='ocrx_word' id='word_1_530' title='bbox 541 1992 638 2019; x_wconf 86' lang='grc' dir='ltr'>Δοῦλον</span> <span class='ocrx_word' id='word_1_531' title='bbox 648 1992 676 2019; x_wconf 86' lang='grc' dir='ltr'>δὲ</span> <span class='ocrx_word' id='word_1_532' title='bbox 690 1992 785 2019; x_wconf 77' lang='grc' dir='ltr'>ἑαυτὸν</span> <span class='ocrx_word' id='word_1_533' title='bbox 797 1989 858 2018; x_wconf 76' lang='grc' dir='ltr'>εἷπε</span> 
     </span>
    </p>
   </div>
   <div class='ocr_carea' id='block_1_72' title="bbox 78 2036 859 2073">
    <p class='ocr_par' dir='ltr' id='par_1_72' title="bbox 78 2036 859 2073">
     <span class='ocr_line' id='line_1_72' title="bbox 78 2036 859 2073; baseline 0.003 -11"><span class='ocrx_word' id='word_1_534' title='bbox 78 2036 115 2063; x_wconf 79' lang='grc' dir='ltr'><strong>διὰ</strong></span> <span class='ocrx_word' id='word_1_535' title='bbox 130 2037 157 2064; x_wconf 83' lang='grc' dir='ltr'><strong>τὸ</strong></span> <span class='ocrx_word' id='word_1_536' title='bbox 174 2038 284 2073; x_wconf 83' lang='grc' dir='ltr'>μορφὴν</span> <span class='ocrx_word' id='word_1_537' title='bbox 298 2037 389 2065; x_wconf 83' lang='grc' dir='ltr'>δούλου</span> <span class='ocrx_word' id='word_1_538' title='bbox 406 2038 508 2067; x_wconf 77' lang='grc' dir='ltr'>λαϐεῖν.</span> <span class='ocrx_word' id='word_1_539' title='bbox 525 2037 596 2073; x_wconf 82' lang='grc' dir='ltr'><strong>Ὅρα</strong></span> <span class='ocrx_word' id='word_1_540' title='bbox 612 2038 640 2064; x_wconf 88' lang='grc' dir='ltr'>δὲ</span> <span class='ocrx_word' id='word_1_541' title='bbox 656 2038 679 2064; x_wconf 88' lang='grc' dir='ltr'><strong>εί</strong></span> <span class='ocrx_word' id='word_1_542' title='bbox 694 2037 731 2073; x_wconf 87' lang='grc' dir='ltr'>μὴ</span> <span class='ocrx_word' id='word_1_543' title='bbox 747 2037 859 2064; x_wconf 83' lang='grc' dir='ltr'>τοιαῦτα</span> 
     </span>
    </p>
   </div>
   <div class='ocr_carea' id='block_1_73' title="bbox 78 2084 859 2120">
    <p class='ocr_par' dir='ltr' id='par_1_73' title="bbox 78 2084 859 2120">
     <span class='ocr_line' id='line_1_73' title="bbox 78 2084 859 2120; baseline 0 -9"><span class='ocrx_word' id='word_1_544' title='bbox 78 2084 288 2120; x_wconf 71' lang='grc' dir='ltr'>ἐγχειρισθέντας</span> <span class='ocrx_word' id='word_1_545' title='bbox 308 2085 472 2117; x_wconf 79' lang='grc' dir='ltr'>ἐπισκόπους</span> <span class='ocrx_word' id='word_1_546' title='bbox 489 2085 535 2112; x_wconf 78' lang='grc' dir='ltr'>καὶ</span> <span class='ocrx_word' id='word_1_547' title='bbox 549 2085 723 2117; x_wconf 85' lang='grc' dir='ltr'>διδασκάλους</span> <span class='ocrx_word' id='word_1_548' title='bbox 739 2084 859 2111; x_wconf 86' lang='grc' dir='ltr'>δυσωπεῖ</span> 
     </span>
    </p>
   </div>
   <div class='ocr_carea' id='block_1_74' title="bbox 77 2131 857 2168">
    <p class='ocr_par' dir='ltr' id='par_1_74' title="bbox 77 2131 857 2168">
     <span class='ocr_line' id='line_1_74' title="bbox 77 2131 857 2168; baseline 0 -11"><span class='ocrx_word' id='word_1_549' title='bbox 77 2131 90 2157; x_wconf 79' lang='grc' dir='ltr'><strong>ὁ</strong></span> <span class='ocrx_word' id='word_1_550' title='bbox 103 2131 174 2166; x_wconf 85' lang='grc' dir='ltr'>λόγος</span> <span class='ocrx_word' id='word_1_551' title='bbox 187 2132 328 2168; x_wconf 83' lang='grc' dir='ltr'>φρονίμως</span> <span class='ocrx_word' id='word_1_552' title='bbox 342 2131 449 2166; x_wconf 79' lang='grc' dir='ltr'>ἑκάστῳ</span> <span class='ocrx_word' id='word_1_553' title='bbox 458 2131 492 2158; x_wconf 84' lang='grc' dir='ltr'>τὰ</span> <span class='ocrx_word' id='word_1_554' title='bbox 505 2133 564 2159; x_wconf 86' lang='grc' dir='ltr'>κατ’</span> <span class='ocrx_word' id='word_1_555' title='bbox 577 2131 654 2164; x_wconf 80' lang='grc' dir='ltr'>ἀξίαν</span> <span class='ocrx_word' id='word_1_556' title='bbox 668 2131 796 2167; x_wconf 83' lang='grc' dir='ltr'>χρῆσθαι,</span> <span class='ocrx_word' id='word_1_557' title='bbox 811 2132 857 2158; x_wconf 72' lang='grc' dir='ltr'><strong>καὶ</strong></span> 
     </span>
    </p>
   </div>
   <div class='ocr_carea' id='block_1_75' title="bbox 78 2177 858 2214">
    <p class='ocr_par' dir='ltr' id='par_1_75' title="bbox 78 2177 858 2214">
     <span class='ocr_line' id='line_1_75' title="bbox 78 2177 858 2214; baseline 0.001 -11"><span class='ocrx_word' id='word_1_558' title='bbox 78 2177 258 2214; x_wconf 78' lang='grc' dir='ltr'>ἐπιστημόνως</span> <span class='ocrx_word' id='word_1_559' title='bbox 287 2177 336 2210; x_wconf 83' lang='grc' dir='ltr'><strong>τὰς</strong></span> <span class='ocrx_word' id='word_1_560' title='bbox 366 2177 553 2213; x_wconf 83' lang='grc' dir='ltr'>πνευματικὰς</span> <span class='ocrx_word' id='word_1_561' title='bbox 577 2177 732 2204; x_wconf 79' lang='grc' dir='ltr'>διατάσσειν</span> <span class='ocrx_word' id='word_1_562' title='bbox 755 2177 858 2213; x_wconf 84' lang='grc' dir='ltr'>τροφὰς</span> 
     </span>
    </p>
   </div>
   <div class='ocr_carea' id='block_1_76' title="bbox 79 2220 897 2259">
    <p class='ocr_par' dir='ltr' id='par_1_76' title="bbox 79 2220 897 2259">
     <span class='ocr_line' id='line_1_76' title="bbox 79 2220 897 2259; baseline 0 -10"><span class='ocrx_word' id='word_1_563' title='bbox 79 2224 156 2259; x_wconf 82' lang='grc' dir='ltr'>καιρῷ</span> <span class='ocrx_word' id='word_1_564' title='bbox 172 2224 332 2259; x_wconf 83' lang='grc' dir='ltr'>ποσότητος,</span> <span class='ocrx_word' id='word_1_565' title='bbox 350 2223 501 2259; x_wconf 76' lang='grc' dir='ltr'>ποιότητος,</span> <span class='ocrx_word' id='word_1_566' title='bbox 519 2223 555 2249; x_wconf 81' lang='grc' dir='ltr'><strong>Τὸ</strong></span> <span class='ocrx_word' id='word_1_567' title='bbox 567 2222 605 2255; x_wconf 85' lang='grc' dir='ltr'>δὲ,</span> <span class='ocrx_word' id='word_1_568' title='bbox 627 2223 675 2256; x_wconf 81' lang='grc' dir='ltr'>Τίς</span> <span class='ocrx_word' id='word_1_569' title='bbox 688 2222 754 2257; x_wconf 84' lang='grc' dir='ltr'>ἄρα,</span> <span class='ocrx_word' id='word_1_570' title='bbox 771 2220 857 2257; x_wconf 70' lang='grc' dir='ltr'><strong>εἶπεν²</strong></span> <span class='ocrx_word' id='word_1_571' title='bbox 874 2224 897 2252; x_wconf 88' lang='lat' dir='ltr'><strong>D</strong></span> 
     </span>
    </p>
   </div>
   <div class='ocr_carea' id='block_1_77' title="bbox 78 2267 846 2303">
    <p class='ocr_par' dir='ltr' id='par_1_77' title="bbox 78 2267 846 2303">
     <span class='ocr_line' id='line_1_77' title="bbox 78 2267 846 2303; baseline 0.001 -10"><span class='ocrx_word' id='word_1_572' title='bbox 78 2268 119 2303; x_wconf 82' lang='grc' dir='ltr'><strong>οὐχ</strong></span> <span class='ocrx_word' id='word_1_573' title='bbox 131 2268 166 2300; x_wconf 88' lang='grc' dir='ltr'><strong>ὡς</strong></span> <span class='ocrx_word' id='word_1_574' title='bbox 182 2268 299 2302; x_wconf 82' lang='grc' dir='ltr'>άγνοῶν,</span> <span class='ocrx_word' id='word_1_575' title='bbox 315 2267 372 2294; x_wconf 78' lang='grc' dir='ltr'>ἀλλ’</span> <span class='ocrx_word' id='word_1_576' title='bbox 389 2268 432 2294; x_wconf 86' lang='grc' dir='ltr'><strong>ἴνα</strong></span> <span class='ocrx_word' id='word_1_577' title='bbox 448 2267 485 2303; x_wconf 83' lang='grc' dir='ltr'>μὴ</span> <span class='ocrx_word' id='word_1_578' title='bbox 500 2267 744 2303; x_wconf 70' lang='grc' dir='ltr'>περιεργάζωνται.</span> <span class='ocrx_word' id='word_1_579' title='bbox 762 2268 846 2303; x_wconf 77' lang='grc' dir='ltr'>Ἀρμό</span> 
     </span>
    </p>
   </div>
   <div class='ocr_carea' id='block_1_78' title="bbox 79 2313 859 2349">
    <p class='ocr_par' dir='ltr' id='par_1_78' title="bbox 79 2313 859 2349">
     <span class='ocr_line' id='line_1_78' title="bbox 79 2313 859 2349; baseline -0.001 -8"><span class='ocrx_word' id='word_1_580' title='bbox 79 2313 113 2345; x_wconf 83' lang='grc' dir='ltr'>ζει</span> <span class='ocrx_word' id='word_1_581' title='bbox 132 2314 159 2341; x_wconf 77' lang='grc' dir='ltr'>δὲ</span> <span class='ocrx_word' id='word_1_582' title='bbox 174 2315 189 2341; x_wconf 90' lang='grc' dir='ltr'><strong>ό</strong></span> <span class='ocrx_word' id='word_1_583' title='bbox 204 2314 286 2349; x_wconf 87' lang='grc' dir='ltr'>λόγος</span> <span class='ocrx_word' id='word_1_584' title='bbox 301 2314 347 2341; x_wconf 75' lang='grc' dir='ltr'>καὶ</span> <span class='ocrx_word' id='word_1_585' title='bbox 365 2313 436 2341; x_wconf 87' lang='grc' dir='ltr'>κατὰ</span> <span class='ocrx_word' id='word_1_586' title='bbox 450 2314 550 2345; x_wconf 80' lang='grc' dir='ltr'>παντὸς</span> <span class='ocrx_word' id='word_1_587' title='bbox 568 2313 614 2340; x_wconf 81' lang='grc' dir='ltr'>τοῦ</span> <span class='ocrx_word' id='word_1_588' title='bbox 633 2313 859 2349; x_wconf 82' lang='grc' dir='ltr'>ὲμπιστευθέντος</span> 
     </span>
    </p>
   </div>
   <div class='ocr_carea' id='block_1_79' title="bbox 79 2359 858 2395">
    <p class='ocr_par' dir='ltr' id='par_1_79' title="bbox 79 2359 858 2395">
     <span class='ocr_line' id='line_1_79' title="bbox 79 2359 858 2395; baseline 0.003 -12"><span class='ocrx_word' id='word_1_589' title='bbox 79 2366 102 2384; x_wconf 83' lang='grc' dir='ltr'><strong>τι</strong></span> <span class='ocrx_word' id='word_1_590' title='bbox 113 2360 182 2395; x_wconf 79' lang='grc' dir='ltr'>παρὰ</span> <span class='ocrx_word' id='word_1_591' title='bbox 203 2359 252 2386; x_wconf 86' lang='grc' dir='ltr'>τοῦ</span> <span class='ocrx_word' id='word_1_592' title='bbox 271 2359 338 2386; x_wconf 82' lang='grc' dir='ltr'>Θεοῦ</span> <span class='ocrx_word' id='word_1_593' title='bbox 349 2379 357 2391; x_wconf 83' lang='grc'><strong>,</strong></span> <span class='ocrx_word' id='word_1_594' title='bbox 376 2360 430 2386; x_wconf 78' lang='grc' dir='ltr'>εἴτε</span> <span class='ocrx_word' id='word_1_595' title='bbox 444 2359 573 2394; x_wconf 82' lang='grc' dir='ltr'>χρήματα</span> <span class='ocrx_word' id='word_1_596' title='bbox 585 2378 593 2390; x_wconf 86' lang='grc'><strong>,</strong></span> <span class='ocrx_word' id='word_1_597' title='bbox 613 2359 668 2385; x_wconf 76' lang='grc' dir='ltr'>εἴτε</span> <span class='ocrx_word' id='word_1_598' title='bbox 686 2359 788 2394; x_wconf 83' lang='grc' dir='ltr'>ἀρχὴν,</span> <span class='ocrx_word' id='word_1_599' title='bbox 804 2359 858 2385; x_wconf 86' lang='grc' dir='ltr'>είτε</span> 
     </span>
    </p>
   </div>
   <div class='ocr_carea' id='block_1_80' title="bbox 78 2404 858 2441">
    <p class='ocr_par' dir='ltr' id='par_1_80' title="bbox 78 2404 858 2441">
     <span class='ocr_line' id='line_1_80' title="bbox 78 2404 858 2441; baseline 0.003 -11"><span class='ocrx_word' id='word_1_600' title='bbox 78 2404 226 2433; x_wconf 83' lang='grc' dir='ltr'>δυναστείαν</span> <span class='ocrx_word' id='word_1_601' title='bbox 243 2406 327 2441; x_wconf 78' lang='grc' dir='ltr'>ἄλλην</span> <span class='ocrx_word' id='word_1_602' title='bbox 340 2406 409 2432; x_wconf 87' lang='grc' dir='ltr'>τινά.</span> <span class='ocrx_word' id='word_1_603' title='bbox 430 2404 562 2440; x_wconf 83' lang='grc' dir='ltr'>Δεύτερον</span> <span class='ocrx_word' id='word_1_604' title='bbox 575 2404 604 2431; x_wconf 79' lang='grc' dir='ltr'>δὲ</span> <span class='ocrx_word' id='word_1_605' title='bbox 620 2405 774 2432; x_wconf 79' lang='grc' dir='ltr'>άπαιτεῖται</span> <span class='ocrx_word' id='word_1_606' title='bbox 790 2406 804 2431; x_wconf 88' lang='grc' dir='ltr'><strong>ό</strong></span> <span class='ocrx_word' id='word_1_607' title='bbox 819 2406 858 2432; x_wconf 80' lang='grc' dir='ltr'><strong>οἱ-</strong></span> 
     </span>
    </p>
   </div>
   <div class='ocr_carea' id='block_1_81' title="bbox 81 2450 855 2488">
    <p class='ocr_par' dir='ltr' id='par_1_81' title="bbox 81 2450 855 2488">
     <span class='ocr_line' id='line_1_81' title="bbox 81 2450 855 2488; baseline 0 -11"><span class='ocrx_word' id='word_1_608' title='bbox 81 2451 183 2487; x_wconf 80' lang='grc' dir='ltr'>κονόμος</span> <span class='ocrx_word' id='word_1_609' title='bbox 199 2453 291 2479; x_wconf 85' lang='grc' dir='ltr'>πίστιν</span> <span class='ocrx_word' id='word_1_610' title='bbox 308 2452 354 2479; x_wconf 78' lang='grc' dir='ltr'>καὶ</span> <span class='ocrx_word' id='word_1_611' title='bbox 366 2451 511 2487; x_wconf 89' lang='grc' dir='ltr'>φρόνησιν,</span> <span class='ocrx_word' id='word_1_612' title='bbox 529 2452 572 2478; x_wconf 79' lang='grc' dir='ltr'>ἵνα</span> <span class='ocrx_word' id='word_1_613' title='bbox 588 2451 656 2486; x_wconf 86' lang='grc' dir='ltr'>μήτε</span> <span class='ocrx_word' id='word_1_614' title='bbox 670 2450 756 2488; x_wconf 76' lang='grc' dir='ltr'>κλέψῃ</span> <span class='ocrx_word' id='word_1_615' title='bbox 766 2450 802 2477; x_wconf 85' lang='grc' dir='ltr'><strong>τὰ</strong></span> <span class='ocrx_word' id='word_1_616' title='bbox 813 2450 855 2477; x_wconf 84' lang='grc' dir='ltr'>δε-</span> 
     </span>
    </p>
   </div>
   <div class='ocr_carea' id='block_1_82' title="bbox 80 2497 856 2533">
    <p class='ocr_par' dir='ltr' id='par_1_82' title="bbox 80 2497 856 2533">
     <span class='ocr_line' id='line_1_82' title="bbox 80 2497 856 2533; baseline 0.001 -10"><span class='ocrx_word' id='word_1_617' title='bbox 80 2499 195 2530; x_wconf 74' lang='grc' dir='ltr'>σποτικὰ,</span> <span class='ocrx_word' id='word_1_618' title='bbox 211 2498 281 2526; x_wconf 80' lang='grc' dir='ltr'>ἀλλὰ</span> <span class='ocrx_word' id='word_1_619' title='bbox 297 2499 344 2525; x_wconf 73' lang='grc' dir='ltr'>καὶ</span> <span class='ocrx_word' id='word_1_620' title='bbox 360 2498 474 2529; x_wconf 82' lang='grc' dir='ltr'>δεόντως</span> <span class='ocrx_word' id='word_1_621' title='bbox 491 2497 560 2525; x_wconf 82' lang='grc' dir='ltr'>αὐτὰ</span> <span class='ocrx_word' id='word_1_622' title='bbox 576 2498 752 2533; x_wconf 86' lang='grc' dir='ltr'>οἰκονομήσῃ.</span> <span class='ocrx_word' id='word_1_623' title='bbox 764 2498 798 2524; x_wconf 82' lang='grc' dir='ltr'><strong>Ἦ</strong></span> <span class='ocrx_word' id='word_1_624' title='bbox 811 2498 856 2524; x_wconf 80' lang='grc' dir='ltr'>τὸν</span> 
     </span>
    </p>
   </div>
   <div class='ocr_carea' id='block_1_83' title="bbox 80 2542 856 2580">
    <p class='ocr_par' dir='ltr' id='par_1_83' title="bbox 80 2542 856 2580">
     <span class='ocr_line' id='line_1_83' title="bbox 80 2542 856 2580; baseline 0.003 -12"><span class='ocrx_word' id='word_1_625' title='bbox 80 2542 164 2578; x_wconf 76' lang='grc' dir='ltr'>ἔχοντα</span> <span class='ocrx_word' id='word_1_626' title='bbox 186 2545 256 2580; x_wconf 77' lang='grc' dir='ltr'>πρὸς</span> <span class='ocrx_word' id='word_1_627' title='bbox 276 2544 343 2570; x_wconf 84' lang='grc' dir='ltr'>Θεὸν</span> <span class='ocrx_word' id='word_1_628' title='bbox 367 2543 471 2579; x_wconf 84' lang='grc' dir='ltr'>ἀγαθὴν</span> <span class='ocrx_word' id='word_1_629' title='bbox 489 2543 649 2578; x_wconf 86' lang='grc' dir='ltr'>συνείδησιν,</span> <span class='ocrx_word' id='word_1_630' title='bbox 682 2544 728 2570; x_wconf 75' lang='grc' dir='ltr'>καὶ</span> <span class='ocrx_word' id='word_1_631' title='bbox 747 2543 785 2579; x_wconf 83' lang='grc' dir='ltr'>μὴ</span> <span class='ocrx_word' id='word_1_632' title='bbox 805 2543 856 2578; x_wconf 78' lang='grc' dir='ltr'><strong>ἁφ-</strong></span> 
     </span>
    </p>
   </div>
   <div class='ocr_carea' id='block_1_84' title="bbox 81 2589 857 2625">
    <p class='ocr_par' dir='ltr' id='par_1_84' title="bbox 81 2589 857 2625">
     <span class='ocr_line' id='line_1_84' title="bbox 81 2589 857 2625; baseline 0.003 -10"><span class='ocrx_word' id='word_1_633' title='bbox 81 2590 211 2625; x_wconf 81' lang='grc' dir='ltr'>ιστάμενόν</span> <span class='ocrx_word' id='word_1_634' title='bbox 228 2599 301 2622; x_wconf 89' lang='grc' dir='ltr'>τινος</span> <span class='ocrx_word' id='word_1_635' title='bbox 312 2589 367 2616; x_wconf 84' lang='grc' dir='ltr'><strong>τῶν</strong></span> <span class='ocrx_word' id='word_1_636' title='bbox 388 2589 510 2616; x_wconf 83' lang='grc' dir='ltr'>δεόντων.</span> <span class='ocrx_word' id='word_1_637' title='bbox 535 2591 590 2617; x_wconf 78' lang='grc' dir='ltr'>Καὶ</span> <span class='ocrx_word' id='word_1_638' title='bbox 612 2590 657 2617; x_wconf 80' lang='grc' dir='ltr'>τὸν</span> <span class='ocrx_word' id='word_1_639' title='bbox 680 2590 767 2625; x_wconf 82' lang='grc' dir='ltr'>ὀρθῶς</span> <span class='ocrx_word' id='word_1_640' title='bbox 785 2590 857 2617; x_wconf 85' lang='grc' dir='ltr'>διδά-</span> 
     </span>
    </p>
   </div>
   <div class='ocr_carea' id='block_1_85' title="bbox 82 2635 856 2672">
    <p class='ocr_par' dir='ltr' id='par_1_85' title="bbox 82 2635 856 2672">
     <span class='ocr_line' id='line_1_85' title="bbox 82 2635 856 2672; baseline 0 -9"><span class='ocrx_word' id='word_1_641' title='bbox 82 2643 171 2663; x_wconf 79' lang='grc' dir='ltr'>σκοντα</span> <span class='ocrx_word' id='word_1_642' title='bbox 184 2637 258 2671; x_wconf 81' lang='grc' dir='ltr'>λέγει</span> <span class='ocrx_word' id='word_1_643' title='bbox 277 2636 384 2663; x_wconf 80' lang='grc' dir='ltr'>πιστόν.</span> <span class='ocrx_word' id='word_1_644' title='bbox 401 2636 532 2671; x_wconf 80' lang='grc' dir='ltr'>Φρόνιμον</span> <span class='ocrx_word' id='word_1_645' title='bbox 549 2635 578 2662; x_wconf 85' lang='grc' dir='ltr'>δὲ</span> <span class='ocrx_word' id='word_1_646' title='bbox 596 2636 641 2662; x_wconf 82' lang='grc' dir='ltr'>τὸν</span> <span class='ocrx_word' id='word_1_647' title='bbox 655 2636 692 2672; x_wconf 81' lang='grc' dir='ltr'>μὴ</span> <span class='ocrx_word' id='word_1_648' title='bbox 701 2636 856 2672; x_wconf 80' lang='grc' dir='ltr'>παραφερό-</span> 
     </span>
    </p>
   </div>
   <div class='ocr_carea' id='block_1_86' title="bbox 84 2683 856 2719">
    <p class='ocr_par' dir='ltr' id='par_1_86' title="bbox 84 2683 856 2719">
     <span class='ocr_line' id='line_1_86' title="bbox 84 2683 856 2719; baseline 0.003 -10"><span class='ocrx_word' id='word_1_649' title='bbox 84 2691 153 2717; x_wconf 79' lang='grc' dir='ltr'>μενον</span> <span class='ocrx_word' id='word_1_650' title='bbox 166 2686 225 2716; x_wconf 85' lang='grc' dir='ltr'>ταῖς</span> <span class='ocrx_word' id='word_1_651' title='bbox 241 2684 295 2711; x_wconf 80' lang='grc' dir='ltr'><strong>τῶν</strong></span> <span class='ocrx_word' id='word_1_652' title='bbox 309 2683 453 2719; x_wconf 70' lang='grc' dir='ltr'>αἰρετικῶν</span> <span class='ocrx_word' id='word_1_653' title='bbox 472 2683 661 2718; x_wconf 84' lang='grc' dir='ltr'>μωρολογίαις,</span> <span class='ocrx_word' id='word_1_654' title='bbox 672 2684 739 2711; x_wconf 82' lang='grc' dir='ltr'>ἀλλὰ</span> <span class='ocrx_word' id='word_1_655' title='bbox 752 2684 856 2719; x_wconf 86' lang='grc' dir='ltr'>διακρί-</span> 
     </span>
    </p>
   </div>
   <div class='ocr_carea' id='block_1_87' title="bbox 82 2728 854 2766">
    <p class='ocr_par' dir='ltr' id='par_1_87' title="bbox 82 2728 854 2766">
     <span class='ocr_line' id='line_1_87' title="bbox 82 2728 854 2766; baseline 0.003 -10"><span class='ocrx_word' id='word_1_656' title='bbox 82 2737 150 2756; x_wconf 80' lang='grc' dir='ltr'>νοντα</span> <span class='ocrx_word' id='word_1_657' title='bbox 170 2730 200 2756; x_wconf 85' lang='grc' dir='ltr'><strong>τό</strong></span> <span class='ocrx_word' id='word_1_658' title='bbox 224 2729 336 2766; x_wconf 83' lang='grc' dir='ltr'>ἀκριϐὲς</span> <span class='ocrx_word' id='word_1_659' title='bbox 357 2729 404 2755; x_wconf 76' lang='grc' dir='ltr'>τοῦ</span> <span class='ocrx_word' id='word_1_660' title='bbox 426 2728 523 2763; x_wconf 83' lang='grc' dir='ltr'>λόγου,</span> <span class='ocrx_word' id='word_1_661' title='bbox 540 2729 556 2764; x_wconf 86' lang='grc' dir='ltr'>ἢ</span> <span class='ocrx_word' id='word_1_662' title='bbox 578 2729 622 2756; x_wconf 83' lang='grc' dir='ltr'><strong>τὸν</strong></span> <span class='ocrx_word' id='word_1_663' title='bbox 643 2729 680 2765; x_wconf 84' lang='grc' dir='ltr'>μὴ</span> <span class='ocrx_word' id='word_1_664' title='bbox 695 2731 854 2766; x_wconf 81' lang='grc' dir='ltr'>πειρόμενον</span> 
     </span>
    </p>
   </div>
   <div class='ocr_carea' id='block_1_88' title="bbox 124 2786 672 2824">
    <p class='ocr_par' dir='ltr' id='par_1_88' title="bbox 124 2786 672 2824">
     <span class='ocr_line' id='line_1_88' title="bbox 124 2786 672 2824; baseline 0.004 -8"><span class='ocrx_word' id='word_1_665' title='bbox 124 2790 174 2824; x_wconf 77' lang='grc'><strong>15⁸)</strong></span> <span class='ocrx_word' id='word_1_666' title='bbox 191 2788 249 2823; x_wconf 78' lang='grc' dir='ltr'>οῖς.</span> <span class='ocrx_word' id='word_1_667' title='bbox 266 2790 349 2818; x_wconf 80' lang='lat' dir='ltr'><strong>Forte</strong></span> <span class='ocrx_word' id='word_1_668' title='bbox 362 2786 409 2821; x_wconf 80' lang='grc' dir='ltr'>ὧν,</span> <span class='ocrx_word' id='word_1_669' title='bbox 428 2789 470 2817; x_wconf 90' lang='lat' dir='ltr'><strong>vel</strong></span> <span class='ocrx_word' id='word_1_670' title='bbox 484 2789 513 2816; x_wconf 86' lang='grc' dir='ltr'>ὲν</span> <span class='ocrx_word' id='word_1_671' title='bbox 527 2787 578 2821; x_wconf 76' lang='grc' dir='ltr'>οἷς.</span> <span class='ocrx_word' id='word_1_672' title='bbox 595 2789 672 2818; x_wconf 82' lang='grc' dir='ltr'>Ευιτ.</span> 
     </span>
    </p>
   </div>
   <div class='ocr_carea' id='block_1_89' title="bbox 126 2824 306 2863">
    <p class='ocr_par' dir='ltr' id='par_1_89' title="bbox 126 2824 306 2863">
     <span class='ocr_line' id='line_1_89' title="bbox 126 2824 306 2863; baseline 0 -11"><span class='ocrx_word' id='word_1_673' title='bbox 126 2826 166 2863; x_wconf 71' lang='lat' dir='ltr'><strong>ltj)</strong></span> <span class='ocrx_word' id='word_1_674' title='bbox 184 2825 262 2863; x_wconf 65' lang='lat' dir='ltr'><strong>Forte</strong></span> 
     </span>
    </p>
   </div>
   <div class='ocr_carea' id='block_1_90' title="bbox 114 2859 436 2897">
    <p class='ocr_par' dir='ltr' id='par_1_90' title="bbox 114 2859 436 2897">
     <span class='ocr_line' id='line_1_90' title="bbox 114 2859 436 2897; baseline 0.006 -10"><span class='ocrx_word' id='word_1_675' title='bbox 114 2860 167 2896; x_wconf 82' lang='grc' dir='ltr'><strong>(Π)</strong></span> <span class='ocrx_word' id='word_1_676' title='bbox 183 2859 268 2890; x_wconf 84' lang='lat' dir='ltr'><strong>Locus</strong></span> <span class='ocrx_word' id='word_1_677' title='bbox 279 2859 436 2897; x_wconf 76' lang='lat' dir='ltr'><strong>impeditus.</strong></span> 
     </span>
    </p>
   </div>
   <div class='ocr_carea' id='block_1_91' title="bbox 910 1515 1301 1550">
    <p class='ocr_par' dir='ltr' id='par_1_91' title="bbox 910 1515 1301 1550">
     <span class='ocr_line' id='line_1_91' title="bbox 910 1515 1301 1550; baseline 0.005 -9"><span class='ocrx_word' id='word_1_678' title='bbox 910 1519 1037 1550; x_wconf 86' lang='lat' dir='ltr'><strong>tanquam</strong></span> <span class='ocrx_word' id='word_1_679' title='bbox 1064 1515 1220 1543; x_wconf 83' lang='lat' dir='ltr'><strong>sacerdotes</strong></span> <span class='ocrx_word' id='word_1_680' title='bbox 1237 1515 1301 1543; x_wconf 89' lang='lat' dir='ltr'><strong>Deo.</strong></span> 
     </span>
    </p>
   </div>
   <div class='ocr_carea' id='block_1_92' title="bbox 1207 1559 1394 1589">
    <p class='ocr_par' dir='ltr' id='par_1_92' title="bbox 1207 1559 1394 1589">
     <span class='ocr_line' id='line_1_92' title="bbox 1207 1559 1394 1589; baseline 0.016 -3"><span class='ocrx_word' id='word_1_681' title='bbox 1207 1559 1283 1586; x_wconf 78' lang='lat' dir='ltr'><strong>CAP.</strong></span> <span class='ocrx_word' id='word_1_682' title='bbox 1299 1560 1394 1589; x_wconf 81' lang='lat' dir='ltr'><strong>XXIV.</strong></span> 
     </span>
    </p>
   </div>
   <div class='ocr_carea' id='block_1_93' title="bbox 909 1606 1694 1647">
    <p class='ocr_par' dir='ltr' id='par_1_93' title="bbox 909 1606 1694 1647">
     <span class='ocr_line' id='line_1_93' title="bbox 909 1606 1694 1647; baseline 0.006 -13"><span class='ocrx_word' id='word_1_683' title='bbox 909 1606 943 1635; x_wconf 84' lang='lat' dir='ltr'><strong>V.</strong></span> <span class='ocrx_word' id='word_1_684' title='bbox 957 1607 1001 1634; x_wconf 71' lang='lat'><strong>45.</strong></span> <span class='ocrx_word' id='word_1_685' title='bbox 1017 1607 1087 1647; x_wconf 34' lang='lat' dir='ltr'><strong>Quis.</strong></span> <span class='ocrx_word' id='word_1_686' title='bbox 1099 1615 1160 1647; x_wconf 71' lang='lat' dir='ltr'><strong>ergo</strong></span> <span class='ocrx_word' id='word_1_687' title='bbox 1177 1612 1216 1647; x_wconf 67' lang='lat' dir='ltr'><strong>est</strong></span> <span class='ocrx_word' id='word_1_688' title='bbox 1230 1607 1318 1647; x_wconf 55' lang='lat' dir='ltr'><strong>ﬁdeli:</strong></span> <span class='ocrx_word' id='word_1_689' title='bbox 1330 1617 1419 1636; x_wconf 74' lang='lat' dir='ltr'><strong>seruus</strong></span> <span class='ocrx_word' id='word_1_690' title='bbox 1433 1615 1458 1636; x_wconf 82' lang='lat' dir='ltr'><strong>et</strong></span> <span class='ocrx_word' id='word_1_691' title='bbox 1475 1611 1601 1647; x_wconf 72' lang='lat' dir='ltr'><strong>prudens,</strong></span> <span class='ocrx_word' id='word_1_692' title='bbox 1618 1620 1694 1647; x_wconf 80' lang='lat' dir='ltr'><strong>quem</strong></span> 
     </span>
    </p>
   </div>
   <div class='ocr_carea' id='block_1_94' title="bbox 963 1643 1607 1678">
    <p class='ocr_par' dir='ltr' id='par_1_94' title="bbox 963 1643 1607 1678">
     <span class='ocr_line' id='line_1_94' title="bbox 963 1643 1607 1678; baseline 0.006 -9"><span class='ocrx_word' id='word_1_693' title='bbox 963 1643 1099 1670; x_wconf 80' lang='lat' dir='ltr'><strong>constituit</strong></span> <span class='ocrx_word' id='word_1_694' title='bbox 1111 1643 1234 1670; x_wconf 74' lang='lat' dir='ltr'><strong>dominus</strong></span> <span class='ocrx_word' id='word_1_695' title='bbox 1248 1643 1304 1677; x_wconf 71' lang='lat' dir='ltr'><strong>ejus</strong></span> <span class='ocrx_word' id='word_1_696' title='bbox 1324 1652 1403 1678; x_wconf 66' lang='lat' dir='ltr'><strong>super</strong></span> <span class='ocrx_word' id='word_1_697' title='bbox 1413 1643 1518 1672; x_wconf 67' lang='lat' dir='ltr'><strong>servitio</strong></span> <span class='ocrx_word' id='word_1_698' title='bbox 1534 1654 1582 1673; x_wconf 72' lang='lat' dir='ltr'><strong>suo</strong></span> <span class='ocrx_word' id='word_1_699' title='bbox 1594 1647 1607 1673; x_wconf 67' lang='lat'><strong>.9</strong></span> 
     </span>
    </p>
   </div>
   <div class='ocr_carea' id='block_1_95' title="bbox 942 1700 1693 1738">
    <p class='ocr_par' dir='ltr' id='par_1_95' title="bbox 942 1700 1693 1738">
     <span class='ocr_line' id='line_1_95' title="bbox 942 1700 1693 1738; baseline 0.004 -10"><span class='ocrx_word' id='word_1_700' title='bbox 942 1700 1024 1728; x_wconf 87' lang='lat' dir='ltr'><strong>Forte</strong></span> <span class='ocrx_word' id='word_1_701' title='bbox 1044 1700 1105 1736; x_wconf 90' lang='lat' dir='ltr'><strong>(hoc</strong></span> <span class='ocrx_word' id='word_1_702' title='bbox 1122 1701 1284 1736; x_wconf 76' lang='lat' dir='ltr'><strong>interrogat)</strong></span> <span class='ocrx_word' id='word_1_703' title='bbox 1301 1702 1444 1729; x_wconf 81' lang='lat' dir='ltr'><strong>stimulans</strong></span> <span class='ocrx_word' id='word_1_704' title='bbox 1462 1703 1495 1730; x_wconf 85' lang='lat' dir='ltr'><strong>ad</strong></span> <span class='ocrx_word' id='word_1_705' title='bbox 1519 1704 1693 1738; x_wconf 68' lang='lat' dir='ltr'><strong>quaerendum</strong></span> 
     </span>
    </p>
   </div>
   <div class='ocr_carea' id='block_1_96' title="bbox 908 1747 1694 1785">
    <p class='ocr_par' dir='ltr' id='par_1_96' title="bbox 908 1747 1694 1785">
     <span class='ocr_line' id='line_1_96' title="bbox 908 1747 1694 1785; baseline 0.003 -10"><span class='ocrx_word' id='word_1_706' title='bbox 908 1755 990 1775; x_wconf 89' lang='lat' dir='ltr'><strong>unum</strong></span> <span class='ocrx_word' id='word_1_707' title='bbox 1005 1747 1123 1785; x_wconf 91' lang='lat' dir='ltr'><strong>aliquem</strong></span> <span class='ocrx_word' id='word_1_708' title='bbox 1133 1755 1225 1776; x_wconf 89' lang='lat' dir='ltr'><strong>rarum</strong></span> <span class='ocrx_word' id='word_1_709' title='bbox 1241 1748 1387 1777; x_wconf 86' lang='lat' dir='ltr'><strong>hominem.</strong></span> <span class='ocrx_word' id='word_1_710' title='bbox 1401 1749 1533 1784; x_wconf 81' lang='lat' dir='ltr'><strong>Ambigua</strong></span> <span class='ocrx_word' id='word_1_711' title='bbox 1545 1750 1617 1777; x_wconf 91' lang='lat' dir='ltr'><strong>enim</strong></span> <span class='ocrx_word' id='word_1_712' title='bbox 1631 1755 1694 1785; x_wconf 85' lang='lat' dir='ltr'><strong>par-</strong></span> 
     </span>
    </p>
   </div>
   <div class='ocr_carea' id='block_1_97' title="bbox 909 1793 1694 1830">
    <p class='ocr_par' dir='ltr' id='par_1_97' title="bbox 909 1793 1694 1830">
     <span class='ocr_line' id='line_1_97' title="bbox 909 1793 1694 1830; baseline 0.003 -10"><span class='ocrx_word' id='word_1_713' title='bbox 909 1793 989 1821; x_wconf 91' lang='lat' dir='ltr'><strong>ticula</strong></span> <span class='ocrx_word' id='word_1_714' title='bbox 1003 1802 1075 1829; x_wconf 83' lang='lat' dir='ltr'><strong>ergo,</strong></span> <span class='ocrx_word' id='word_1_715' title='bbox 1089 1795 1232 1822; x_wconf 78' lang='lat' dir='ltr'><strong>raritatem</strong></span> <span class='ocrx_word' id='word_1_716' title='bbox 1246 1796 1364 1823; x_wconf 85' lang='lat' dir='ltr'><strong>ostendit</strong></span> <span class='ocrx_word' id='word_1_717' title='bbox 1375 1796 1512 1823; x_wconf 68' lang='lat' dir='ltr'><strong>teconomi</strong></span> <span class='ocrx_word' id='word_1_718' title='bbox 1527 1795 1694 1830; x_wconf 85' lang='lat' dir='ltr'><strong>ltujusmodi,</strong></span> 
     </span>
    </p>
   </div>
   <div class='ocr_carea' id='block_1_98' title="bbox 908 1839 1695 1876">
    <p class='ocr_par' dir='ltr' id='par_1_98' title="bbox 908 1839 1695 1876">
     <span class='ocr_line' id='line_1_98' title="bbox 908 1839 1695 1876; baseline 0.004 -9"><span class='ocrx_word' id='word_1_719' title='bbox 908 1847 958 1867; x_wconf 90' lang='lat' dir='ltr'><strong>nec</strong></span> <span class='ocrx_word' id='word_1_720' title='bbox 969 1839 1050 1866; x_wconf 89' lang='lat' dir='ltr'><strong>alium</strong></span> <span class='ocrx_word' id='word_1_721' title='bbox 1075 1848 1155 1875; x_wconf 89' lang='lat' dir='ltr'><strong>quam</strong></span> <span class='ocrx_word' id='word_1_722' title='bbox 1178 1848 1207 1868; x_wconf 87' lang='lat' dir='ltr'><strong>se</strong></span> <span class='ocrx_word' id='word_1_723' title='bbox 1231 1840 1336 1868; x_wconf 86' lang='lat' dir='ltr'><strong>ﬁdelem</strong></span> <span class='ocrx_word' id='word_1_724' title='bbox 1355 1849 1387 1868; x_wconf 91' lang='lat' dir='ltr'><strong>ac</strong></span> <span class='ocrx_word' id='word_1_725' title='bbox 1410 1842 1568 1876; x_wconf 87' lang='lat' dir='ltr'><strong>prudentem</strong></span> <span class='ocrx_word' id='word_1_726' title='bbox 1584 1848 1695 1870; x_wconf 82' lang='lat' dir='ltr'><strong>cecono-</strong></span> 
     </span>
    </p>
   </div>
   <div class='ocr_carea' id='block_1_99' title="bbox 908 1885 1694 1922">
    <p class='ocr_par' dir='ltr' id='par_1_99' title="bbox 908 1885 1694 1922">
     <span class='ocr_line' id='line_1_99' title="bbox 908 1885 1694 1922; baseline 0.005 -10"><span class='ocrx_word' id='word_1_727' title='bbox 908 1894 981 1913; x_wconf 89' lang='lat' dir='ltr'><strong>mutn</strong></span> <span class='ocrx_word' id='word_1_728' title='bbox 994 1887 1092 1919; x_wconf 88' lang='lat' dir='ltr'><strong>sciens,</strong></span> <span class='ocrx_word' id='word_1_729' title='bbox 1109 1885 1265 1921; x_wconf 63' lang='lat' dir='ltr'><strong>praefectum</strong></span> <span class='ocrx_word' id='word_1_730' title='bbox 1279 1887 1406 1922; x_wconf 88' lang='lat' dir='ltr'><strong>operibus</strong></span> <span class='ocrx_word' id='word_1_731' title='bbox 1417 1887 1516 1920; x_wconf 82' lang='lat' dir='ltr'><strong>Patris,</strong></span> <span class='ocrx_word' id='word_1_732' title='bbox 1531 1888 1694 1916; x_wconf 85' lang='lat' dir='ltr'><strong>humanitati</strong></span> 
     </span>
    </p>
   </div>
   <div class='ocr_carea' id='block_1_100' title="bbox 908 1932 1696 1968">
    <p class='ocr_par' dir='ltr' id='par_1_100' title="bbox 908 1932 1696 1968">
     <span class='ocr_line' id='line_1_100' title="bbox 908 1932 1696 1968; baseline 0.004 -10"><span class='ocrx_word' id='word_1_733' title='bbox 908 1932 1029 1967; x_wconf 87' lang='lat' dir='ltr'><strong>inquam.</strong></span> <span class='ocrx_word' id='word_1_734' title='bbox 1055 1932 1194 1967; x_wconf 81' lang='lat' dir='ltr'><strong>Tanquam</strong></span> <span class='ocrx_word' id='word_1_735' title='bbox 1210 1933 1284 1960; x_wconf 90' lang='lat' dir='ltr'><strong>enim</strong></span> <span class='ocrx_word' id='word_1_736' title='bbox 1310 1933 1343 1960; x_wconf 91' lang='lat' dir='ltr'><strong>de</strong></span> <span class='ocrx_word' id='word_1_737' title='bbox 1357 1933 1443 1961; x_wconf 89' lang='lat' dir='ltr'><strong>altero</strong></span> <span class='ocrx_word' id='word_1_738' title='bbox 1460 1933 1589 1968; x_wconf 88' lang='lat' dir='ltr'><strong>loquitur,</strong></span> <span class='ocrx_word' id='word_1_739' title='bbox 1604 1935 1696 1962; x_wconf 89' lang='lat' dir='ltr'><strong>obum-</strong></span> 
     </span>
    </p>
   </div>
   <div class='ocr_carea' id='block_1_101' title="bbox 908 1979 1693 2016">
    <p class='ocr_par' dir='ltr' id='par_1_101' title="bbox 908 1979 1693 2016">
     <span class='ocr_line' id='line_1_101' title="bbox 908 1979 1693 2016; baseline 0.003 -9"><span class='ocrx_word' id='word_1_740' title='bbox 908 1979 991 2007; x_wconf 84' lang='lat' dir='ltr'><strong>brans</strong></span> <span class='ocrx_word' id='word_1_741' title='bbox 1008 1979 1035 2007; x_wconf 88' lang='lat' dir='ltr'><strong>id</strong></span> <span class='ocrx_word' id='word_1_742' title='bbox 1061 1980 1161 2008; x_wconf 82' lang='lat' dir='ltr'><strong>eximia</strong></span> <span class='ocrx_word' id='word_1_743' title='bbox 1188 1980 1332 2016; x_wconf 88' lang='lat' dir='ltr'><strong>sapientia.</strong></span> <span class='ocrx_word' id='word_1_744' title='bbox 1349 1980 1464 2008; x_wconf 82' lang='lat' dir='ltr'><strong>Vocavit</strong></span> <span class='ocrx_word' id='word_1_745' title='bbox 1481 1988 1562 2016; x_wconf 90' lang='lat' dir='ltr'><strong>porro</strong></span> <span class='ocrx_word' id='word_1_746' title='bbox 1585 1989 1693 2010; x_wconf 85' lang='lat' dir='ltr'><strong>servum</strong></span> 
     </span>
    </p>
   </div>
   <div class='ocr_carea' id='block_1_102' title="bbox 907 2027 1695 2062">
    <p class='ocr_par' dir='ltr' id='par_1_102' title="bbox 907 2027 1695 2062">
     <span class='ocr_line' id='line_1_102' title="bbox 907 2027 1695 2062; baseline 0.004 -9"><span class='ocrx_word' id='word_1_747' title='bbox 907 2033 968 2053; x_wconf 88' lang='lat' dir='ltr'><strong>sese</strong></span> <span class='ocrx_word' id='word_1_748' title='bbox 984 2031 1094 2061; x_wconf 90' lang='lat' dir='ltr'><strong>propter</strong></span> <span class='ocrx_word' id='word_1_749' title='bbox 1104 2031 1271 2062; x_wconf 85' lang='lat' dir='ltr'><strong>assumptam</strong></span> <span class='ocrx_word' id='word_1_750' title='bbox 1287 2027 1357 2054; x_wconf 84' lang='lat' dir='ltr'><strong>servi</strong></span> <span class='ocrx_word' id='word_1_751' title='bbox 1371 2027 1498 2055; x_wconf 79' lang='lat' dir='ltr'><strong>formam.</strong></span> <span class='ocrx_word' id='word_1_752' title='bbox 1510 2027 1577 2055; x_wconf 84' lang='lat' dir='ltr'><strong>Vide</strong></span> <span class='ocrx_word' id='word_1_753' title='bbox 1591 2035 1656 2056; x_wconf 84' lang='lat' dir='ltr'><strong>vero</strong></span> <span class='ocrx_word' id='word_1_754' title='bbox 1671 2028 1695 2056; x_wconf 87' lang='lat' dir='ltr'><strong>si</strong></span> 
     </span>
    </p>
   </div>
   <div class='ocr_carea' id='block_1_103' title="bbox 908 2073 1693 2108">
    <p class='ocr_par' dir='ltr' id='par_1_103' title="bbox 908 2073 1693 2108">
     <span class='ocr_line' id='line_1_103' title="bbox 908 2073 1693 2108; baseline 0.001 -8"><span class='ocrx_word' id='word_1_755' title='bbox 908 2081 961 2100; x_wconf 90' lang='lat' dir='ltr'><strong>non</strong></span> <span class='ocrx_word' id='word_1_756' title='bbox 983 2073 1126 2108; x_wconf 82' lang='lat' dir='ltr'><strong>episcopos</strong></span> <span class='ocrx_word' id='word_1_757' title='bbox 1144 2077 1172 2100; x_wconf 87' lang='lat' dir='ltr'><strong>et</strong></span> <span class='ocrx_word' id='word_1_758' title='bbox 1186 2073 1312 2100; x_wconf 83' lang='lat' dir='ltr'><strong>doctores</strong></span> <span class='ocrx_word' id='word_1_759' title='bbox 1328 2073 1427 2107; x_wconf 91' lang='lat' dir='ltr'><strong>quibus</strong></span> <span class='ocrx_word' id='word_1_760' title='bbox 1454 2073 1518 2100; x_wconf 90' lang='lat' dir='ltr'><strong>talia</strong></span> <span class='ocrx_word' id='word_1_761' title='bbox 1536 2074 1693 2102; x_wconf 81' lang='lat' dir='ltr'><strong>concredita</strong></span> 
     </span>
    </p>
   </div>
   <div class='ocr_carea' id='block_1_104' title="bbox 909 2120 1693 2156">
    <p class='ocr_par' dir='ltr' id='par_1_104' title="bbox 909 2120 1693 2156">
     <span class='ocr_line' id='line_1_104' title="bbox 909 2120 1693 2156; baseline 0.003 -10"><span class='ocrx_word' id='word_1_762' title='bbox 909 2124 981 2153; x_wconf 89' lang='lat' dir='ltr'><strong>sunt,</strong></span> <span class='ocrx_word' id='word_1_763' title='bbox 1002 2125 1111 2147; x_wconf 84' lang='lat' dir='ltr'><strong>moneat</strong></span> <span class='ocrx_word' id='word_1_764' title='bbox 1126 2120 1223 2152; x_wconf 89' lang='lat' dir='ltr'><strong>oratlo,</strong></span> <span class='ocrx_word' id='word_1_765' title='bbox 1241 2125 1270 2147; x_wconf 92' lang='lat' dir='ltr'><strong>ut</strong></span> <span class='ocrx_word' id='word_1_766' title='bbox 1291 2120 1439 2155; x_wconf 88' lang='lat' dir='ltr'><strong>prudenter</strong></span> <span class='ocrx_word' id='word_1_767' title='bbox 1453 2120 1516 2155; x_wconf 89' lang='lat' dir='ltr'><strong>quis</strong></span> <span class='ocrx_word' id='word_1_768' title='bbox 1528 2128 1577 2156; x_wconf 89' lang='lat' dir='ltr'><strong>pro</strong></span> <span class='ocrx_word' id='word_1_769' title='bbox 1602 2121 1693 2156; x_wconf 82' lang='lat' dir='ltr'><strong>cujus-</strong></span> 
     </span>
    </p>
   </div>
   <div class='ocr_carea' id='block_1_105' title="bbox 908 2164 1695 2201">
    <p class='ocr_par' dir='ltr' id='par_1_105' title="bbox 908 2164 1695 2201">
     <span class='ocr_line' id='line_1_105' title="bbox 908 2164 1695 2201; baseline 0.004 -11"><span class='ocrx_word' id='word_1_770' title='bbox 908 2171 960 2198; x_wconf 92' lang='lat' dir='ltr'><strong>que</strong></span> <span class='ocrx_word' id='word_1_771' title='bbox 974 2164 1107 2199; x_wconf 75' lang='lat' dir='ltr'><strong>dignitate</strong></span> <span class='ocrx_word' id='word_1_772' title='bbox 1126 2169 1229 2196; x_wconf 83' lang='lat' dir='ltr'><strong>utatur,</strong></span> <span class='ocrx_word' id='word_1_773' title='bbox 1254 2171 1287 2191; x_wconf 90' lang='lat' dir='ltr'><strong>ac</strong></span> <span class='ocrx_word' id='word_1_774' title='bbox 1301 2165 1369 2192; x_wconf 80' lang='lat' dir='ltr'><strong>scite</strong></span> <span class='ocrx_word' id='word_1_775' title='bbox 1390 2165 1546 2200; x_wconf 87' lang='lat' dir='ltr'><strong>spirituales</strong></span> <span class='ocrx_word' id='word_1_776' title='bbox 1566 2166 1695 2201; x_wconf 84' lang='lat' dir='ltr'><strong>disponat</strong></span> 
     </span>
    </p>
   </div>
   <div class='ocr_carea' id='block_1_106' title="bbox 910 2211 1693 2246">
    <p class='ocr_par' dir='ltr' id='par_1_106' title="bbox 910 2211 1693 2246">
     <span class='ocr_line' id='line_1_106' title="bbox 910 2211 1693 2246; baseline 0.003 -9"><span class='ocrx_word' id='word_1_777' title='bbox 910 2211 986 2238; x_wconf 87' lang='lat' dir='ltr'><strong>cibos</strong></span> <span class='ocrx_word' id='word_1_778' title='bbox 1000 2211 1159 2245; x_wconf 86' lang='lat' dir='ltr'><strong>tempestiva</strong></span> <span class='ocrx_word' id='word_1_779' title='bbox 1175 2211 1360 2245; x_wconf 85' lang='lat' dir='ltr'><strong>quantitateet</strong></span> <span class='ocrx_word' id='word_1_780' title='bbox 1374 2212 1517 2246; x_wconf 84' lang='lat' dir='ltr'><strong>qualitate.</strong></span> <span class='ocrx_word' id='word_1_781' title='bbox 1532 2211 1611 2245; x_wconf 84' lang='lat' dir='ltr'><strong>Illud,</strong></span> <span class='ocrx_word' id='word_1_782' title='bbox 1626 2212 1693 2245; x_wconf 72' lang='lat' dir='ltr'><strong>Quis</strong></span> 
     </span>
    </p>
   </div>
   <div class='ocr_carea' id='block_1_107' title="bbox 910 2258 1693 2293">
    <p class='ocr_par' dir='ltr' id='par_1_107' title="bbox 910 2258 1693 2293">
     <span class='ocr_line' id='line_1_107' title="bbox 910 2258 1693 2293; baseline 0.004 -9"><span class='ocrx_word' id='word_1_783' title='bbox 910 2265 982 2292; x_wconf 80' lang='lat' dir='ltr'><strong>ergo,</strong></span> <span class='ocrx_word' id='word_1_784' title='bbox 997 2258 1066 2284; x_wconf 86' lang='lat' dir='ltr'><strong>dixit</strong></span> <span class='ocrx_word' id='word_1_785' title='bbox 1085 2266 1137 2285; x_wconf 92' lang='lat' dir='ltr'><strong>non</strong></span> <span class='ocrx_word' id='word_1_786' title='bbox 1154 2262 1283 2292; x_wconf 88' lang='lat' dir='ltr'><strong>tanquam</strong></span> <span class='ocrx_word' id='word_1_787' title='bbox 1306 2258 1444 2293; x_wconf 77' lang='lat' dir='ltr'><strong>ignorans,</strong></span> <span class='ocrx_word' id='word_1_788' title='bbox 1464 2260 1510 2287; x_wconf 87' lang='lat' dir='ltr'><strong>sed</strong></span> <span class='ocrx_word' id='word_1_789' title='bbox 1534 2264 1563 2286; x_wconf 92' lang='lat' dir='ltr'><strong>ut</strong></span> <span class='ocrx_word' id='word_1_790' title='bbox 1575 2267 1627 2287; x_wconf 93' lang='lat' dir='ltr'><strong>non</strong></span> <span class='ocrx_word' id='word_1_791' title='bbox 1642 2267 1693 2287; x_wconf 89' lang='lat' dir='ltr'><strong>cu-</strong></span> 
     </span>
    </p>
   </div>
   <div class='ocr_carea' id='block_1_108' title="bbox 911 2304 1694 2339">
    <p class='ocr_par' dir='ltr' id='par_1_108' title="bbox 911 2304 1694 2339">
     <span class='ocr_line' id='line_1_108' title="bbox 911 2304 1694 2339; baseline 0.001 -7"><span class='ocrx_word' id='word_1_792' title='bbox 911 2306 982 2332; x_wconf 79' lang='lat' dir='ltr'><strong>riose</strong></span> <span class='ocrx_word' id='word_1_793' title='bbox 995 2305 1180 2332; x_wconf 85' lang='lat' dir='ltr'><strong>sciscitentur.</strong></span> <span class='ocrx_word' id='word_1_794' title='bbox 1192 2305 1322 2339; x_wconf 73' lang='lat' dir='ltr'><strong>Congruit</strong></span> <span class='ocrx_word' id='word_1_795' title='bbox 1338 2304 1420 2332; x_wconf 86' lang='lat' dir='ltr'><strong>etiam</strong></span> <span class='ocrx_word' id='word_1_796' title='bbox 1435 2306 1522 2332; x_wconf 92' lang='lat' dir='ltr'><strong>oratio</strong></span> <span class='ocrx_word' id='word_1_797' title='bbox 1541 2310 1568 2332; x_wconf 86' lang='lat' dir='ltr'><strong>et</strong></span> <span class='ocrx_word' id='word_1_798' title='bbox 1582 2306 1694 2333; x_wconf 84' lang='lat' dir='ltr'><strong>cuicun-</strong></span> 
     </span>
    </p>
   </div>
   <div class='ocr_carea' id='block_1_109' title="bbox 909 2350 1692 2386">
    <p class='ocr_par' dir='ltr' id='par_1_109' title="bbox 909 2350 1692 2386">
     <span class='ocr_line' id='line_1_109' title="bbox 909 2350 1692 2386; baseline 0.001 -9"><span class='ocrx_word' id='word_1_799' title='bbox 909 2358 962 2386; x_wconf 91' lang='lat' dir='ltr'><strong>que</strong></span> <span class='ocrx_word' id='word_1_800' title='bbox 974 2351 1106 2378; x_wconf 89' lang='lat' dir='ltr'><strong>creditum</strong></span> <span class='ocrx_word' id='word_1_801' title='bbox 1118 2355 1160 2378; x_wconf 86' lang='lat' dir='ltr'><strong>est</strong></span> <span class='ocrx_word' id='word_1_802' title='bbox 1170 2351 1308 2385; x_wconf 85' lang='lat' dir='ltr'><strong>quidpiam</strong></span> <span class='ocrx_word' id='word_1_803' title='bbox 1324 2358 1339 2377; x_wconf 88' lang='lat' dir='ltr'><strong>a</strong></span> <span class='ocrx_word' id='word_1_804' title='bbox 1351 2350 1417 2382; x_wconf 86' lang='lat' dir='ltr'><strong>Deo,</strong></span> <span class='ocrx_word' id='word_1_805' title='bbox 1433 2351 1491 2379; x_wconf 77' lang='lat' dir='ltr'><strong>sive</strong></span> <span class='ocrx_word' id='word_1_806' title='bbox 1501 2358 1567 2386; x_wconf 86' lang='lat' dir='ltr'><strong>opes</strong></span> <span class='ocrx_word' id='word_1_807' title='bbox 1582 2351 1692 2385; x_wconf 78' lang='lat' dir='ltr'><strong>fuerint,</strong></span> 
     </span>
    </p>
   </div>
   <div class='ocr_carea' id='block_1_110' title="bbox 909 2396 1694 2432">
    <p class='ocr_par' dir='ltr' id='par_1_110' title="bbox 909 2396 1694 2432">
     <span class='ocr_line' id='line_1_110' title="bbox 909 2396 1694 2432; baseline 0.001 -9"><span class='ocrx_word' id='word_1_808' title='bbox 909 2396 966 2424; x_wconf 86' lang='lat' dir='ltr'><strong>sive</strong></span> <span class='ocrx_word' id='word_1_809' title='bbox 982 2396 1167 2432; x_wconf 74' lang='lat' dir='ltr'><strong>magistratus,</strong></span> <span class='ocrx_word' id='word_1_810' title='bbox 1187 2396 1244 2423; x_wconf 84' lang='lat' dir='ltr'><strong>sive</strong></span> <span class='ocrx_word' id='word_1_811' title='bbox 1261 2400 1381 2430; x_wconf 87' lang='lat' dir='ltr'><strong>potestas</strong></span> <span class='ocrx_word' id='word_1_812' title='bbox 1407 2396 1498 2432; x_wconf 89' lang='lat' dir='ltr'><strong>aliqua</strong></span> <span class='ocrx_word' id='word_1_813' title='bbox 1515 2397 1577 2424; x_wconf 84' lang='lat' dir='ltr'><strong>alia.</strong></span> <span class='ocrx_word' id='word_1_814' title='bbox 1593 2397 1694 2425; x_wconf 90' lang='lat' dir='ltr'><strong>Deinde</strong></span> 
     </span>
    </p>
   </div>
   <div class='ocr_carea' id='block_1_111' title="bbox 910 2442 1692 2478">
    <p class='ocr_par' dir='ltr' id='par_1_111' title="bbox 910 2442 1692 2478">
     <span class='ocr_line' id='line_1_111' title="bbox 910 2442 1692 2478; baseline -0.001 -7"><span class='ocrx_word' id='word_1_815' title='bbox 910 2443 1027 2477; x_wconf 68' lang='lat' dir='ltr'><strong>exigitur</strong></span> <span class='ocrx_word' id='word_1_816' title='bbox 1042 2442 1076 2470; x_wconf 85' lang='lat' dir='ltr'><strong>ab</strong></span> <span class='ocrx_word' id='word_1_817' title='bbox 1091 2449 1232 2471; x_wconf 73' lang='lat' dir='ltr'><strong>mconomo</strong></span> <span class='ocrx_word' id='word_1_818' title='bbox 1248 2442 1315 2470; x_wconf 81' lang='lat' dir='ltr'><strong>ﬁdes</strong></span> <span class='ocrx_word' id='word_1_819' title='bbox 1331 2447 1358 2470; x_wconf 87' lang='lat' dir='ltr'><strong>et</strong></span> <span class='ocrx_word' id='word_1_820' title='bbox 1370 2443 1521 2478; x_wconf 89' lang='lat' dir='ltr'><strong>prudentia,</strong></span> <span class='ocrx_word' id='word_1_821' title='bbox 1541 2448 1570 2470; x_wconf 90' lang='lat' dir='ltr'><strong>ut</strong></span> <span class='ocrx_word' id='word_1_822' title='bbox 1582 2450 1632 2471; x_wconf 89' lang='lat' dir='ltr'><strong>nec</strong></span> <span class='ocrx_word' id='word_1_823' title='bbox 1648 2443 1692 2470; x_wconf 84' lang='lat' dir='ltr'><strong>fu-</strong></span> 
     </span>
    </p>
   </div>
   <div class='ocr_carea' id='block_1_112' title="bbox 909 2489 1691 2524">
    <p class='ocr_par' dir='ltr' id='par_1_112' title="bbox 909 2489 1691 2524">
     <span class='ocr_line' id='line_1_112' title="bbox 909 2489 1691 2524; baseline -0.001 -6"><span class='ocrx_word' id='word_1_824' title='bbox 909 2496 984 2519; x_wconf 87' lang='lat' dir='ltr'><strong>retur</strong></span> <span class='ocrx_word' id='word_1_825' title='bbox 997 2490 1104 2521; x_wconf 75' lang='lat' dir='ltr'><strong>herilia,</strong></span> <span class='ocrx_word' id='word_1_826' title='bbox 1115 2489 1179 2524; x_wconf 93' lang='lat' dir='ltr'><strong>quin</strong></span> <span class='ocrx_word' id='word_1_827' title='bbox 1193 2489 1324 2524; x_wconf 88' lang='lat' dir='ltr'><strong>potius,ut</strong></span> <span class='ocrx_word' id='word_1_828' title='bbox 1337 2493 1444 2524; x_wconf 88' lang='lat' dir='ltr'><strong>parest,</strong></span> <span class='ocrx_word' id='word_1_829' title='bbox 1453 2489 1496 2516; x_wconf 88' lang='lat' dir='ltr'><strong>illa</strong></span> <span class='ocrx_word' id='word_1_830' title='bbox 1510 2490 1691 2517; x_wconf 86' lang='lat' dir='ltr'><strong>administret.</strong></span> 
     </span>
    </p>
   </div>
   <div class='ocr_carea' id='block_1_113' title="bbox 909 2535 1692 2570">
    <p class='ocr_par' dir='ltr' id='par_1_113' title="bbox 909 2535 1692 2570">
     <span class='ocr_line' id='line_1_113' title="bbox 909 2535 1692 2570; baseline -0.004 -6"><span class='ocrx_word' id='word_1_831' title='bbox 909 2536 958 2564; x_wconf 81' lang='lat' dir='ltr'><strong>Vel</strong></span> <span class='ocrx_word' id='word_1_832' title='bbox 974 2536 1079 2564; x_wconf 85' lang='lat' dir='ltr'><strong>lldeletn</strong></span> <span class='ocrx_word' id='word_1_833' title='bbox 1093 2536 1159 2563; x_wconf 88' lang='lat' dir='ltr'><strong>dicit</strong></span> <span class='ocrx_word' id='word_1_834' title='bbox 1175 2543 1248 2567; x_wconf 87' lang='lat' dir='ltr'><strong>cum,</strong></span> <span class='ocrx_word' id='word_1_835' title='bbox 1261 2535 1307 2570; x_wconf 90' lang='lat' dir='ltr'><strong>qui</strong></span> <span class='ocrx_word' id='word_1_836' title='bbox 1329 2536 1362 2562; x_wconf 87' lang='lat' dir='ltr'><strong>ad</strong></span> <span class='ocrx_word' id='word_1_837' title='bbox 1382 2535 1465 2562; x_wconf 87' lang='lat' dir='ltr'><strong>Deum</strong></span> <span class='ocrx_word' id='word_1_838' title='bbox 1483 2535 1581 2562; x_wconf 88' lang='lat' dir='ltr'><strong>bonam</strong></span> <span class='ocrx_word' id='word_1_839' title='bbox 1609 2535 1692 2562; x_wconf 81' lang='lat' dir='ltr'><strong>habet</strong></span> 
     </span>
    </p>
   </div>
   <div class='ocr_carea' id='block_1_114' title="bbox 908 2582 1691 2617">
    <p class='ocr_par' dir='ltr' id='par_1_114' title="bbox 908 2582 1691 2617">
     <span class='ocr_line' id='line_1_114' title="bbox 908 2582 1691 2617; baseline -0.006 -5"><span class='ocrx_word' id='word_1_840' title='bbox 908 2583 1114 2615; x_wconf 87' lang='lat' dir='ltr'><strong>conscientiam,</strong></span> <span class='ocrx_word' id='word_1_841' title='bbox 1132 2590 1182 2610; x_wconf 82' lang='lat' dir='ltr'><strong>nec</strong></span> <span class='ocrx_word' id='word_1_842' title='bbox 1196 2582 1313 2610; x_wconf 87' lang='lat' dir='ltr'><strong>discedit</strong></span> <span class='ocrx_word' id='word_1_843' title='bbox 1323 2589 1481 2617; x_wconf 84' lang='lat' dir='ltr'><strong>aquaquam</strong></span> <span class='ocrx_word' id='word_1_844' title='bbox 1491 2589 1583 2609; x_wconf 91' lang='lat' dir='ltr'><strong>carum</strong></span> <span class='ocrx_word' id='word_1_845' title='bbox 1602 2589 1691 2608; x_wconf 81' lang='lat' dir='ltr'><strong>rerum</strong></span> 
     </span>
    </p>
   </div>
   <div class='ocr_carea' id='block_1_115' title="bbox 908 2627 1690 2666">
    <p class='ocr_par' dir='ltr' id='par_1_115' title="bbox 908 2627 1690 2666">
     <span class='ocr_line' id='line_1_115' title="bbox 908 2627 1690 2666; baseline -0.005 -8"><span class='ocrx_word' id='word_1_846' title='bbox 908 2639 976 2666; x_wconf 91' lang='lat' dir='ltr'><strong>quas</strong></span> <span class='ocrx_word' id='word_1_847' title='bbox 990 2630 1047 2658; x_wconf 83' lang='lat' dir='ltr'><strong>ﬁeri</strong></span> <span class='ocrx_word' id='word_1_848' title='bbox 1063 2634 1182 2664; x_wconf 75' lang='lat' dir='ltr'><strong>oportet,</strong></span> <span class='ocrx_word' id='word_1_849' title='bbox 1213 2629 1331 2664; x_wconf 88' lang='lat' dir='ltr'><strong>itemque</strong></span> <span class='ocrx_word' id='word_1_850' title='bbox 1346 2636 1407 2656; x_wconf 89' lang='lat' dir='ltr'><strong>eutn</strong></span> <span class='ocrx_word' id='word_1_851' title='bbox 1420 2628 1466 2662; x_wconf 90' lang='lat' dir='ltr'><strong>qui</strong></span> <span class='ocrx_word' id='word_1_852' title='bbox 1482 2632 1557 2655; x_wconf 87' lang='lat' dir='ltr'><strong>recte</strong></span> <span class='ocrx_word' id='word_1_853' title='bbox 1584 2627 1690 2654; x_wconf 84' lang='lat' dir='ltr'><strong>doceat.</strong></span> 
     </span>
    </p>
   </div>
   <div class='ocr_carea' id='block_1_116' title="bbox 907 2673 1694 2711">
    <p class='ocr_par' dir='ltr' id='par_1_116' title="bbox 907 2673 1694 2711">
     <span class='ocr_line' id='line_1_116' title="bbox 907 2673 1694 2711; baseline -0.008 -5"><span class='ocrx_word' id='word_1_854' title='bbox 907 2677 1073 2706; x_wconf 85' lang='lat' dir='ltr'><strong>Prudentem</strong></span> <span class='ocrx_word' id='word_1_855' title='bbox 1083 2684 1148 2704; x_wconf 84' lang='lat' dir='ltr'><strong>vero</strong></span> <span class='ocrx_word' id='word_1_856' title='bbox 1158 2676 1235 2708; x_wconf 87' lang='lat' dir='ltr'><strong>dicit,</strong></span> <span class='ocrx_word' id='word_1_857' title='bbox 1248 2676 1293 2711; x_wconf 90' lang='lat' dir='ltr'><strong>qui</strong></span> <span class='ocrx_word' id='word_1_858' title='bbox 1309 2683 1361 2702; x_wconf 92' lang='lat' dir='ltr'><strong>non</strong></span> <span class='ocrx_word' id='word_1_859' title='bbox 1375 2680 1545 2702; x_wconf 84' lang='lat' dir='ltr'><strong>transversus</strong></span> <span class='ocrx_word' id='word_1_860' title='bbox 1556 2674 1646 2709; x_wconf 74' lang='lat' dir='ltr'><strong>agitur</strong></span> <span class='ocrx_word' id='word_1_861' title='bbox 1660 2673 1694 2700; x_wconf 84' lang='lat' dir='ltr'><strong>ab</strong></span> 
     </span>
    </p>
   </div>
   <div class='ocr_carea' id='block_1_117' title="bbox 908 2720 1691 2757">
    <p class='ocr_par' dir='ltr' id='par_1_117' title="bbox 908 2720 1691 2757">
     <span class='ocr_line' id='line_1_117' title="bbox 908 2720 1691 2757; baseline -0.01 -1"><span class='ocrx_word' id='word_1_862' title='bbox 908 2725 1098 2756; x_wconf 74' lang='lat' dir='ltr'><strong>itazreticorum</strong></span> <span class='ocrx_word' id='word_1_863' title='bbox 1132 2723 1215 2751; x_wconf 81' lang='lat' dir='ltr'><strong>fatuis</strong></span> <span class='ocrx_word' id='word_1_864' title='bbox 1244 2722 1452 2757; x_wconf 85' lang='lat' dir='ltr'><strong>assertionibus,</strong></span> <span class='ocrx_word' id='word_1_865' title='bbox 1483 2723 1530 2751; x_wconf 76' lang='lat' dir='ltr'><strong>sed</strong></span> <span class='ocrx_word' id='word_1_866' title='bbox 1561 2720 1691 2757; x_wconf 84' lang='lat' dir='ltr'><strong>dijudicat</strong></span> 
     </span>
    </p>
   </div>
   <div class='ocr_carea' id='block_1_118' title="bbox 943 2784 1273 2824">
    <p class='ocr_par' dir='ltr' id='par_1_118' title="bbox 943 2784 1273 2824">
     <span class='ocr_line' id='line_1_118' title="bbox 943 2784 1273 2824; baseline 0.006 -2"><span class='ocrx_word' id='word_1_867' title='bbox 943 2787 999 2824; x_wconf 60' lang='grc' dir='ltr'><strong>(ιδ)</strong></span> <span class='ocrx_word' id='word_1_868' title='bbox 1012 2787 1093 2824; x_wconf 61' lang='lat' dir='ltr'><strong>Fore</strong></span> <span class='ocrx_word' id='word_1_869' title='bbox 1104 2784 1273 2824; x_wconf 53' lang='lat' dir='ltr'><strong>maturi“;</strong></span> 
     </span>
    </p>
   </div>
   <div class='ocr_carea' id='block_1_119' title="bbox 948 2820 1320 2859">
    <p class='ocr_par' dir='ltr' id='par_1_119' title="bbox 948 2820 1320 2859">
     <span class='ocr_line' id='line_1_119' title="bbox 948 2820 1320 2859; baseline -0.013 -8"><span class='ocrx_word' id='word_1_870' title='bbox 948 2820 1004 2859; x_wconf 75' lang='grc'>(19)</span> <span class='ocrx_word' id='word_1_871' title='bbox 1018 2821 1119 2851; x_wconf 78' lang='lat' dir='ltr'><strong>Confer</strong></span> <span class='ocrx_word' id='word_1_872' title='bbox 1130 2820 1201 2850; x_wconf 79' lang='lat' dir='ltr'><strong>edita</strong></span> <span class='ocrx_word' id='word_1_873' title='bbox 1215 2820 1320 2847; x_wconf 81' lang='lat' dir='ltr'><strong>Latina.</strong></span> 
     </span>
    </p>
   </div>
  </div>
