1904 3076
211 130 264 158 503

672 127 952 157 SUPPLEMENTUM
973 129 1018 156 AD
1037 127 1199 156 OlilGENIS
1218 127 1423 156 EXECETICA.

1775 126 1828 154 306

210 188 341 223 quidquid
356 192 480 215 exactum
496 188 521 213 in
531 193 659 214 sermone
675 192 726 214 est.
741 187 788 214 Vel
801 195 862 214 eum
877 189 923 222 qui
942 195 986 214 nor

1046 186 1257 223 ἀμαρτίαις,διὰ
1280 186 1309 213 τδ
1328 185 1365 221 μὴ
1385 183 1441 220 (20)
1455 183 1577 212 ποικίλον
1591 184 1638 211 καὶ
1657 181 1828 219 πολύτροπον

211 235 448 261 transverberatur
465 233 595 267 peccatis,
611 237 723 267 propter
737 233 829 260 varios
845 240 876 260 ac
897 233 988 260 multi~

1041 232 1094 259 τῶν
1108 231 1155 259 ἀνθ
1161 228 1322 268 ρώπων.ΤὺΧι
1334 231 1423 257 εἰδότα
1438 230 1502 257 πότε
1516 230 1557 257 δεῖ
1571 229 1692 263 ἐλέγξαι,
1707 229 1724 264 ἢ
1738 230 1828 256 cum-

210 279 304 306 modos
329 279 469 305 hominum
498 285 597 305 mores.
616 277 696 309 Eum.
727 277 773 312 qui
797 278 865 304 sciat
882 279 986 313 quando

1044 279 1139 315 μῆσαι,
1156 278 1172 314 ἢ
1191 277 1415 314 παρακαλέσαι,ἥ
1424 277 1537 310 διδάξαι·
1547 277 1594 303 καὶ
1604 277 1680 308 τίνας
1690 276 1741 311 μὲν
1751 275 1828 303 ποτι-

195 329 332 359 Δοροηοιιι
347 331 470 358 arguere,
486 324 529 350 vel
547 323 707 358 increpare,
723 322 765 350 vel
779 323 930 356 adhortari,
947 325 987 350 vel

208 373 306 400 (locere
322 379 329 398 :
346 375 373 398 et
385 377 454 406 quos
471 371 580 406 quidem
599 370 694 397 decent
710 369 779 397 lacte
801 375 913 405 potare,
929 371 1027 405 quibus

503 415 579 444 CAP.
600 415 683 444 XXV.

207 463 239 490 ν,
254 463 278 490 l.
298 461 371 489 Tum:
387 462 471 489 simile
483 463 533 489 erit
550 470 656 497 regnum
669 462 793 490 caelorum
806 464 892 490 decem
908 463 989 496 virgi-

243 499 329 528 nibus,
350 505 408 531 qua'
424 498 580 538 accipientes
598 497 730 532 lampades
743 507 818 530 suas,
830 500 949 525 exierunt
961 500 987 525 in

241 541 380 559 occursum
396 541 497 566 sponst.

241 611 339 639 Decem
353 611 474 646 virgines
489 619 548 639 esse
562 611 655 639 dicunt
674 619 770 639 sensus
785 611 915 646 cujusque
929 611 988 638 ani-

207 666 257 685 ma:
269 659 408 686 interioris
422 663 501 693 atque
514 659 657 685 exterioris
668 659 851 693 hominis,qui
865 660 986 686 nuulium

179 696 182 697 ν
210 704 373 731 remiserunt
387 704 470 730 cultui
486 704 617 731 idolorum
627 709 654 730 et
671 705 816 731 mundanis
831 705 987 738 cupiditati-

205 749 266 780 bus.
279 749 461 783 suscipiendo,
477 749 534 776 sive
548 753 712 783 apparenter
726 750 785 777 sive
803 757 877 781 vere,
889 758 984 784 purum

207 794 252 821 Dei
273 794 396 826 verbum,
415 802 470 829 quo
486 793 519 821 ad
536 795 698 830 virginitatis
712 796 843 822 rationem
863 796 985 823 translati

205 843 278 867 sunt.
293 840 360 867 Sunt
371 843 459 866 autem
474 844 501 866 et
514 847 573 875 quae
588 841 770 867 communiter
787 840 985 875 intelliguntur,

202 891 230 912 et
249 893 307 920 qua:
318 885 344 912 in
356 886 507 920 proverbiis
520 886 613 920 positae
624 890 697 917 sunt,
710 891 737 913 et
745 894 804 920 qua:
816 894 986 921 consequun-

202 937 267 964 tur.
297 937 326 959 ut
347 933 462 960 virtutes
492 933 643 968 hypostasis
663 932 775 960 Christi.
802 933 985 966 Quamobrem

200 979 280 1006 eliam
294 979 376 1013 quino
389 986 503 1006 numero
518 979 713 1013 exprimuntur
729 988 736 1006 :
755 987 788 1007 ex
807 980 905 1014 quibus
926 981 984 1008 alia:

193 1024 360 1057 ‘suntl’atum,
376 1025 434 1052 aliae
450 1025 606 1059 prudentes.
617 1024 671 1052 Sed
684 1029 775 1060 postea
792 1025 875 1052 etiam
889 1033 984 1053 omnes

199 1071 324 1098 exierunt
345 1071 370 1098 in
395 1078 550 1104 occursum,
573 1076 739 1105 susceptum
763 1071 867 1099 Christi
881 1077 982 1107 myste-

199 1119 280 1146 rium.
297 1118 404 1145 Exeuut
422 1118 494 1145 enim
523 1118 558 1144 ab
582 1125 676 1144 errore
700 1117 803 1151 mundi,
822 1116 983 1146 festinantes

199 1165 232 1191 ad
245 1171 307 1191 eum
322 1163 367 1198 qui
382 1168 495 1198 paratus
505 1167 548 1190 est
561 1163 654 1190 videre
667 1162 738 1190 illas.

232 1210 313 1236 Aliud
327 1208 458 1243 Origenis.
474 1209 552 1236 Aliud
567 1213 609 1236 est
638 1210 782 1244 virginitas
801 1216 881 1240 quam
898 1209 981 1236 mise-

198 1256 325 1287 ricordia,
341 1260 367 1282 et
381 1255 451 1282 aliud
471 1263 546 1282 mens
562 1263 642 1290 quam
660 1263 759 1290 corpus
774 1265 781 1282 :
798 1261 825 1283 et
839 1256 890 1283 hoc
905 1264 981 1282 assu-

198 1307 255 1327 mes
280 1299 306 1326 in
325 1299 417 1326 decem
444 1300 606 1334 virginibus.
635 1299 781 1327 Prudente:
799 1301 890 1335 igitur,
917 1306 980 1328 sunt

197 1351 292 1371 sensus
314 1344 372 1379 ejus
389 1345 437 1379 qui
455 1345 604 1372 secundum
623 1347 756 1373 ratioriem
773 1347 837 1373 vivit
853 1355 859 1374 :
885 1346 979 1374 Fatua

196 1395 270 1420 vero,
287 1395 383 1415 sensus
394 1388 451 1422 ejus
467 1389 514 1423 qui
539 1390 677 1416 contrario
699 1391 778 1417 modo
799 1392 978 1425 oppositoque

196 1439 276 1461 recta:
288 1434 385 1461 rationi
402 1434 485 1461 vitam
504 1435 633 1462 traducit.
650 1435 815 1470 Lampadas,
841 1442 883 1465 est
905 1438 978 1464 actio

1004 818 1024 845 B

1043 332 1087 350 σαι
1098 324 1139 350 δεῖ
1150 323 1230 358 γάλα,
1239 323 1293 349 τίσι
1302 323 1330 349 δὲ
1348 322 1508 358 μεταδοῦναι
1521 323 1570 358 τῆς
1584 323 1696 358 στερεᾶς
1711 322 1826 359 τροφῆς.

1045 378 1109 398 vero
1124 370 1232 397 tradere
1246 369 1361 397 solidum
1378 370 1478 396 cibum.

1350 413 1428 440 ΚΕΦ.
1448 413 1512 440 KE’.

1042 459 1115 494 Στιχ.
1131 459 1165 486 α’.
1185 459 1252 487 Τότε
1268 459 1481 494 ὁμοιωθήσεται
1502 460 1521 493 ἡ
1540 459 1683 492 ,βασιλεία
1697 458 1759 485 τῶν
1773 459 1826 486 οὐ-

1073 494 1175 528 ρανῶν
1192 494 1264 521 δέκα
1275 494 1442 527 παρθένοις,
1462 494 1573 527 αἳτινες
1583 515 1589 526 ,
1606 494 1755 521 λαϐοῦσαι
1771 494 1826 528 τὰς

1077 529 1235 590 sampsa
1247 529 1356 561 αὐτῶν,
1379 529 1510 563 ἐξῆλθον
1529 531 1572 563 εἰς
1587 529 1758 563 ἀπάντησιν
1771 529 1825 556 τοῦ

1077 572 1157 590 rqu
1171 573 1216 590 ου.

1076 572 1216 598 νυμφίου.

1076 610 1145 636 Δέκα
1163 610 1289 646 παρθένοι
1305 608 1375 637 εἶναι
1389 619 1454 645 φασι
1469 610 1519 643 τὰς
1537 610 1566 636 ἐν
1583 610 1684 646 ἑκάστῃ
1697 610 1770 645 ψυχῇ
1782 610 1822 636 αἶ-

1041 656 1151 692 σθήσεις
1165 656 1211 683 τοῦ
1227 656 1331 683 ἔνδοθεν
1346 657 1392 683 καὶ
1414 657 1512 690 ἔξωθεν
1529 656 1671 693 ἀνθρώπου
1682 677 1688 688 ,
1705 656 1826 683 ἀποστά-

1041 711 1090 734 σας
1102 702 1320 739 εἰδωλολατρείας
1332 703 1379 729 καὶ
1394 702 1448 730 τῶν
1460 702 1598 738 κοσμικῶν
1608 702 1770 738 ἐπιθυμιῶν,
1784 702 1825 738 τῷ

1039 748 1252 784 παραδέξασθαι,
1267 749 1321 775 εἴτε
1336 749 1479 785 προφάσει,
1498 749 1553 775 εἴτε
1573 748 1701 784 ἀληθείᾳ.
1714 748 1759 775 τὸν
1774 748 1824 775 τοῦ

1039 793 1106 821 Θεοῦ
1120 794 1239 829 καθαρὸν
1254 794 1342 828 λόγον,
1360 796 1406 821 καὶ
1420 795 1683 830 παρθενοποιηθῆναι
1692 795 1824 831 (⁸21).Εἰσὶ

1037 840 1065 866 δὲ
1081 840 1111 866 αἴ
1123 849 1153 867 τε
1167 840 1265 872 κοινῶς
1277 840 1430 876 νοούμεναι,
1448 841 1494 868 καὶ
1507 842 1534 868 αἱ
1554 842 1582 867 ἐν
1595 842 1754 878 παροιμίαις
1769 841 1824 868 κεί-

1037 894 1126 921 μεναι,
1140 886 1169 913 αἱ
1181 887 1227 914 καὶ
1240 886 1477 919 ἁνακολουθοῦσαι,
1489 887 1528 927 th;
1542 888 1570 914 αἱ
1585 887 1680 923 ἀρεταὶ
1695 887 1744 922 τῆς
1756 888 1823 914 ὑπο-

1036 932 1156 964 στάσεως
1171 933 1299 968 Χριστοῦ.
1315 934 1360 960 Διὸ
1375 935 1422 961 καὶ
1436 933 1592 961 ὲντοπειατ¹.
1606 934 1660 970 (‘22)
1669 934 1718 969 οὐχ
1731 935 1758 961 αἱ
1772 934 1821 969 μὲν

1036 979 1136 1013 μωραὶ,
1152 979 1179 1010 αἱ
1195 979 1223 1006 δὲ
1240 979 1375 1015 φρόνιμοι.
1385 980 1463 1007 Ἀλλὰ
1475 980 1524 1014 μία
1539 979 1593 1015 (25)
1610 979 1656 1006 καὶ
1671 981 1757 1006 πᾶσαι
1774 980 1820 1013 ἑξ-

1034 1024 1113 1059 ῆλθον
1128 1025 1167 1056 εἰς
1184 1025 1345 1060 ἀπάντησιν,
1362 1027 1389 1052 αἱ
1403 1025 1621 1062 παραδεξάμεναι
1635 1025 1664 1051 τὸ
1679 1025 1744 1061 περὶ
1754 1026 1820 1060 Χρι-

1035 1070 1097 1096 στοῦ
1118 1072 1276 1106 μυστήριον.
1301 1072 1403 1104 Ἐξίασι
1426 1072 1480 1108 γὰρ
1500 1071 1553 1098 ἀπὸ
1577 1071 1627 1107 τῆς
1648 1070 1694 1098 τοῦ
1715 1071 1818 1106 κόσμου

1033 1114 1147 1150 πλάνης,
1162 1116 1323 1143 σπεύδουσαι
1336 1115 1403 1151 πρὸς
1416 1115 1460 1142 τὸν
1473 1116 1589 1152 ἑτοίμως
1607 1115 1734 1152 ὁρμῶντα
1750 1115 1819 1150 πρὸς

1033 1161 1127 1193 αὐτάς.

1070 1208 1164 1235 Ἀλλο
1185 1208 1359 1243 Ὠριγένους.
1376 1209 1488 1245 Ἕτερον
1506 1209 1522 1244 ὴ
1536 1208 1667 1244 παρθενία
1681 1208 1756 1244 παρὰ
1768 1208 1817 1244 τὴν

1031 1252 1231 1290 ἐλεημοσύνην.
1246 1255 1292 1281 καὶ
1305 1255 1397 1290 ἕτερον
1410 1256 1424 1281 ὁ
1438 1254 1499 1286 νοῦς
1515 1254 1590 1289 παρὰ
1605 1255 1635 1281 τὸ
1652 1255 1748 1290 σῶμα’
1770 1254 1816 1281 καὶ

1030 1297 1108 1324 τοῦτο
1128 1298 1207 1334 λήψει
1232 1300 1270 1330 εἰς
1290 1299 1339 1331 τὰς
1355 1299 1420 1326 δέκα
1431 1299 1590 1336 παρθένους.
1612 1300 1750 1334 Φρόνιμοι
1767 1299 1817 1335 μὲν

1030 1340 1075 1369 οὖν
1089 1344 1116 1369 αἱ
1130 1343 1176 1370 τοῦ
1191 1343 1260 1370 κατὰ
1270 1343 1348 1378 λόγον
1365 1344 1485 1379 βιοῦντος
1501 1344 1641 1380 αἰσθήσεις
1653 1353 1660 1360 ·
1676 1345 1770 1379 μωραὶ
1787 1345 1815 1372 δὲ

1029 1390 1056 1415 αἱ
1075 1388 1121 1415 τοῦ
1134 1389 1261 1421 ἐναντίως
1275 1390 1320 1416 καὶ
1341 1391 1416 1426 παρὰ
1428 1390 1473 1417 τὸν
1487 1390 1564 1426 ὀρθὸν
1582 1390 1660 1424 λόγον
1676 1390 1814 1417 ’πολιτευο⁴

1031 1435 1120 1469 μένου.
1135 1434 1294 1469 Λαμπάὸες
1310 1436 1326 1470 ὴ
1347 1438 1497 1471 πανᾰρετος
1511 1435 1623 1471 πρᾶξις·
1641 1435 1745 1463 ἔλαιον
1759 1436 1786 1462 se
1801 1437 1815 1462 ὁ

194 1480 266 1507 omni
295 1481 395 1507 virtute
415 1481 547 1515 pra-dita:
573 1482 672 1513 oleum,
698 1487 739 1509 est
765 1484 810 1517 qui
829 1483 977 1510 ell‘unditsr

1031 1481 1203 1515 ὲπιχεόμενος
1216 1480 1294 1515 λόγος
1306 1481 1352 1507 τοῦ
1366 1481 1493 1516 ψυχ1κοῢ,
1506 1482 1552 1508 τοῦ
1565 1482 1612 1518 τὴν
1628 1482 1731 1518 ἀγαθὴν
1745 1483 1815 1518 πρᾶ-

194 1533 284 1552 sermo
294 1526 410 1552 hominis
423 1525 584 1560 spiritualis,
594 1527 640 1561 qui
656 1527 753 1554 bonam
765 1529 898 1556 actionem
911 1537 976 1563 ope-

195 1575 281 1597 ratur.
295 1570 444 1604 Dormiunt,
463 1571 507 1606 qui
526 1572 661 1599 absistunt
677 1581 691 1600 a
709 1574 770 1601 vita:
785 1579 888 1602 tenore.
918 1575 974 1603 Non

194 1616 307 1650 perdunt
321 1615 402 1650 igitur
416 1616 555 1651 lampadas
567 1619 723 1652 prudentes,
738 1628 826 1654 neque
838 1621 976 1656 negligunt

192 1663 244 1690 olei
256 1664 500 1691 conservationem.
515 1664 663 1692 luclamant
675 1668 763 1702 angeli
777 1668 810 1694 ad
828 1667 976 1694 dormitan-

194 1715 234 1736 tes
248 1716 353 1740 sensus.
379 1711 530 1738 excitantes
561 1710 640 1739 illos:
661 1712 712 1739 hoc
730 1717 779 1743 est.
803 1713 975 1740 administre-

192 1755 252 1781 torii
268 1755 376 1789 spiritus
393 1755 419 1782 in
434 1756 606 1783 ministerium
623 1757 696 1784 missi
706 1763 808 1791 propter
818 1767 862 1786 eos
876 1759 921 1794 qui
935 1761 976 1793 [u-

192 1801 245 1827 turt'
261 1805 320 1827 sunt
332 1801 486 1828 [uenditare
503 1802 613 1829 salutent
627 1803 656 1829 ’³.
670 1802 786 1831 Ornatus
812 1804 972 1838 lampadum,

191 1849 233 1872 est
250 1845 404 1880 quisensus
419 1846 524 1881 attingit
540 1847 712 1882 evangelicus
728 1856 809 1880 usus;
826 1849 972 1881 oculorum,

191 1898 244 1924 quo
254 1891 422 1931 admirentur
430 1894 607 1926 conditorem,
617 1898 643 1920 et
651 1893 811 1921 claudantur
822 1902 856 1922 ne
864 1895 973 1922 videant

191 1935 353 1971 injustitiam
370 1947 377 1965 :
394 1938 512 1970 auditus,
534 1946 567 1966 ne
591 1940 720 1974 suscipiat
735 1940 892 1967 vanitatem.
923 1947 972 1968 nec

186 1982 318 2017 judicium
338 1983 489 2016 sanguinis,
521 1984 569 2011 sed
593 1984 659 2018 justi
689 1985 822 2012 sermonis
838 1994 844 2012 :
860 1990 970 2019 gustus,

188 2028 354 2056 comedentis
383 2029 521 2056 Christum
538 2030 680 2057 Dominum
696 2040 702 2058 :
721 2030 845 2065 olfactui.
871 2030 970 2057 Chriin

189 2073 336 2108 fragrantia
355 2073 482 2106 l'ruentis,
497 2079 525 2101 et
540 2074 623 2101 elTuso
636 2079 772 2109 unguento
788 2084 795 2101 :
811 2079 906 2107 tactus,
927 2079 969 2101 at—

188 2119 329 2146 trectanlis
346 2119 475 2152 Vcrhum,
493 2124 520 2146 ut
533 2119 651 2147 Joannes
665 2120 798 2154 loquitur:
816 2120 911 2147 Manus
923 2129 970 2147 no-

1028 1525 1068 1557 ξιν
1081 1525 1272 1561 ἐργαζομένου.
1287 1526 1491 1554 Καθεύδυυσιν
1501 1528 1525 1553 οἱ
1541 1528 1753 1563 ἀπανιστάμενοι
1766 1529 1813 1555 τοῦ

1027 1570 1141 1603 ζωτικοῦ
1162 1571 1248 1597 τόνου.
1262 1571 1319 1598 Οὐκ
1336 1571 1513 1598 ἀπολλύουσιν
1532 1570 1578 1599 οὖν
1600 1573 1650 1605 τὰς
1669 1573 1814 1609 λαμπάδας

1026 1616 1053 1642 αἱ
1067 1616 1203 1651 φρόνιμοι,
1218 1617 1278 1643 οὐδὲ
1290 1617 1488 1653 ὰπροσεκτοῦσι
1501 1619 1565 1653 περὶ
1577 1618 1625 1653 τὴν
1641 1620 1755 1654 τήρησιν
1765 1619 1812 1645 τοῦ

1026 1661 1125 1688 ὲλοιίου.
1149 1661 1298 1697 Ἐμδοῶσιν
1315 1664 1340 1689 οἱ
1361 1663 1471 1697 ἄγγελοι
1490 1665 1551 1696 ταῖς
1565 1666 1751 1700 κοιμωμέναις
1768 1666 1811 1692 αἰ-

1026 1706 1148 1742 σθήσεσι,
1164 1707 1341 1744 διεγείροντες
1354 1709 1454 1741 αὺτάς’
1477 1710 1599 1737 τουτέστι
1622 1711 1658 1737 τὰ
1679 1712 1812 1745 λειτουρ-

1024 1753 1091 1786 γικὰ
1108 1753 1262 1787 πνεύματα
1276 1755 1320 1787 εὶς
1332 1753 1488 1781 διακονίαν
1501 1755 1751 1789 ἀποστελλόμενα
1763 1755 1810 1782 διὰ

1024 1797 1095 1830 τοὺς
1117 1798 1285 1833 μέλλοντας
1305 1800 1502 1834 κληρονομεῖν
1514 1801 1672 1835 σωτηρίαν.
1690 1802 1810 1835 Κόσμος

1023 1840 1186 1875 λαμπάδων
1200 1843 1216 1876 ἡ
1229 1842 1299 1869 κατὰ
1312 1843 1360 1875 τὰς
1372 1843 1511 1879 αἰσθήσεις
1522 1844 1686 1880 εὐαγγελικὴ
1697 1845 1807 1881 χρῆσις·

1023 1886 1184 1921 ὀφθαλμιῶν
1197 1888 1243 1914 ἐπὶ
1258 1888 1303 1914 τοῦ
1324 1888 1472 1924 θαυμάζειν
1493 1889 1538 1916 τὸν
1561 1891 1746 1925 πεποιηκότα,
1764 1891 1809 1917 καὶ

1024 1931 1101 1966 μύειν
1118 1933 1162 1960 ἵνα
1175 1933 1212 1969 μὴ
1227 1933 1316 1961 ἴδωσιν
1333 1935 1440 1962 ἀδικίαν
1451 1944 1458 1951 ⁸
1474 1934 1567 1969 ἀκοῆς
1583 1936 1638 1971 (2-4)
1656 1937 1703 1962 καὶ
1718 1945 1808 1972 impa-

1021 1978 1167 2015 δεχομένης
1182 1981 1303 2015 μάταιον,
1320 1982 1388 2016 μήτε
1405 1981 1495 2017 κρίσιν
1510 1982 1634 2017 αἵματος,
1646 1982 1694 2009 τοῦ
1708 1982 1737 2008 δὲ
1751 1983 1806 2009 ἴσον

1021 2023 1109 2058 λόγου·
1125 2025 1253 2059 γεύσεως
1266 2026 1422 2062 αἰσθιούσης
1435 2027 1490 2062 (25)
1502 2028 1617 2063 Χριστὸν
1631 2028 1675 2054 τὸν
1693 2028 1805 2064 Κύριον·

1021 2069 1318 2106 ὀσφρήσεως-Χριστοῦ
1332 2072 1430 2108 εὐωδίᾳ
1438 2073 1634 2108 ἀπολαυούσης,
1646 2074 1693 2100 καὶ
1701 2073 1747 2100 τοῦ
1760 2075 1806 2101 ὲκ-

1019 2115 1181 2148 κενωθέντος
1197 2116 1283 2152 μύρου
1295 2126 1301 2133 ·
1323 2117 1405 2153 ἁφῆς
1420 2119 1575 2155 ἁπτομένης
1588 2119 1635 2146 τοῦ
1652 2120 1751 2155 Λόγου,
1769 2121 1806 2152 ὡς

186 2169 247 2190 atrae
263 2169 486 2191 contreclaverunt
502 2166 533 2192 de
555 2164 637 2191 Verba
656 2166 715 2193 vita:
729 2165 760 2193 ".
784 2165 868 2193 Porro
882 2166 967 2192 media
983 2160 986 2186 ἶ

1032 2162 1149 2197 Ιωάννης
1162 2162 1247 2196 λέγει’
1263 2165 1297 2190 Al
1310 2163 1407 2198 χεῖρες
1419 2164 1503 2199 ἡμῶν
1517 2164 1724 2199 ἐψηλάφησαν
1738 2166 1805 2200 περὶ

187 2215 261 2236 nocte
281 2211 311 2243 ﬁt
338 2210 459 2238 clamor:
490 2211 535 2238 illa
553 2211 678 2238 videlicet
691 2212 767 2242 hora.
783 2219 836 2246 qua
864 2212 966 2246 egressi

187 2260 250 2281 sunt
267 2255 313 2281 ﬁlii
329 2255 411 2282 lsrael
425 2257 457 2284 de
468 2257 598 2292 .‘Egyplo,
623 2257 649 2284 iu
667 2265 720 2292 qua
735 2257 816 2284 etiam
841 2257 968 2285 Christus

186 2300 304 2328 surrexit
321 2308 353 2327 ex
371 2303 495 2330 mortuis.
512 2302 627 2334 Clamor,
639 2307 680 2330 est
692 2303 755 2329 tuba
769 2311 828 2335 qua:
849 2307 968 2331 mortuos

186 2347 295 2379 excitat,
310 2352 337 2373 et
351 2352 445 2374 evocat
471 2349 503 2376 de
532 2349 672 2383 sepulcris.
699 2348 786 2376 Habet
806 2349 888 2376 etiam
906 2357 965 2384 my-

186 2392 281 2418 sticam
294 2391 496 2426 intelligentiam
517 2393 591 2425 illud,
604 2394 680 2421 exite.
698 2393 726 2420 Si
737 2394 808 2420 cnim
821 2401 872 2420 non
885 2400 966 2421 exea-

185 2444 256 2468 mus,
271 2445 370 2471 sponso
392 2445 535 2466 occurrere
558 2447 610 2466 non
635 2447 788 2474 possumus.
822 2439 966 2474 Lampadas

185 2483 361 2517 virginitatis,
379 2489 419 2511 est
433 2485 594 2519 cognitionis
608 2485 794 2513 illuminatio:
815 2486 898 2512 oleum
915 2493 964 2520 pro

184 2528 362 2562 lampadibus,
397 2529 486 2557 lcrvor
502 2530 528 2557 in
555 2531 714 2565 cognitione.
734 2536 761 2558 et
775 2532 963 2559 mandatorum

183 2576 333 2602 exsecutio.
355 2575 416 2603 Hatc
428 2577 499 2602 cnim
519 2576 608 2603 lumen
629 2582 772 2604 conservat
785 2576 896 2612 quodin
913 2585 963 2605 no-

182 2620 224 2647 bis
240 2625 291 2653 est,
312 2622 460 2656 simplicem
476 2623 582 2649 oculum
601 2623 774 2656 custodiens,
794 2628 822 2650 ut
845 2623 963 2651 lucidum

217 2676 240 2691 ”
256 2676 336 2704 llcbr.
355 2685 374 2709 l,
394 2677 437 2704 14.

215 2721 272 2757 (g0)
283 2721 398 2757 i‘lf'idetur
411 2723 447 2757 μή

346 2755 556 2799 παρθενοποιθῄ.
573 2758 606 2799 Et.
624 2767 684 2786 mox
700 2758 858 2786 ἁνακολουθ.

287 2791 329 2828 ’__Ev
345 2790 559 2828 τῷπενταδικῷ,
577 2793 614 2820 αἱ.

216 2823 269 2860 (‘23)
289 2823 375 2853 Forte
384 2823 539 2861 μετέπειταξ

474 2677 641 2710 “l.loan.|,
658 2679 680 2705 1.

467 2723 626 2749 redundare.

1017 2206 1070 2233 τοῦ
1089 2208 1185 2243 Λόγου
1209 2208 1263 2242 τῆς
1283 2208 1366 2243 ζωῆς.
1387 2211 1593 2237 Mem/runtur
1610 2210 1639 2237 δὲ
1656 2210 1769 2245 γίνεται
1786 2211 1804 2245 ἡ

1017 2252 1101 2285 φωνή
1114 2261 1120 2267 ·
1139 2253 1230 2290 ἐκείνῃ
1245 2255 1277 2290 τῇ
1293 2254 1353 2290 ὥρᾳ
1363 2274 1370 2286 ,
1417 2255 1526 2291 ἐξῆλθον
1539 2256 1564 2282 οἱ
1581 2256 1634 2282 υἱοὶ
1651 2256 1758 2292 Ἰσραὴλ
1775 2256 1805 2289 ἐξ

1015 2299 1152 2332 Αἰγύπτου
1161 2319 1168 2331 ,
1183 2300 1212 2326 ἐν
1254 2300 1300 2326 καὶ
1311 2301 1325 2326 ὁ
1339 2300 1455 2336 Χριστὸς
1465 2301 1562 2337 ἀνέστη
1578 2302 1610 2328 ὲκ
1621 2301 1674 2328 τῶν
1686 2302 1804 2337 νεκρῶν.

1015 2345 1100 2379 Φωνή
1120 2345 1192 2372 ἐστιν
1217 2346 1233 2381 ἡ
1251 2346 1382 2380 σάλπιγξ,
1402 2347 1419 2382 ἡ
1435 2348 1497 2379 τοὺς
1518 2349 1631 2383 νεκροὺς
1646 2348 1803 2384 ἐγείρουσα,

1019 2390 1066 2416 καὶ
1083 2390 1217 2424 ἐξάγουσα
1234 2391 1267 2417 ὲκ
1287 2391 1340 2417 τῶν
1357 2391 1459 2426 τάφων.
1477 2393 1553 2428 Ἔχει
1564 2393 1592 2419 δὲ
1608 2393 1655 2420 καὶ
1670 2394 1803 2428 μυστικὸν

1017 2435 1079 2462 νοῦν
1092 2436 1122 2462 τὸ
1135 2436 1280 2468 ἐξέλθετε.
1303 2437 1364 2464 Ἐὰν
1375 2437 1427 2473 γὰρ
1440 2438 1476 2474 μὴ
1488 2438 1653 2474 ἐξέλθωμεν,
1670 2439 1716 2466 τὸν
1731 2448 1802 2475 νυμ-

1018 2481 1078 2515 φίον
1091 2482 1242 2518 ἀπαντῆσαι
1256 2483 1286 2510 οὺ
1299 2483 1443 2518 δυνάμεθα.
1459 2484 1604 2518 Λαμπάδα
1613 2485 1667 2520 (26)
1676 2486 1724 2521 τῆς
1731 2495 1803 2522 παρ-

1016 2527 1105 2560 θενίας
1120 2529 1134 2554 ὁ
1149 2529 1200 2563 τῆς
1221 2529 1345 2563 γνώσεως
1370 2530 1522 2565 φωτισμός·
1542 2531 1629 2558 ἔλαιον
1646 2531 1675 2558 δὲ
1695 2533 1735 2563 εἰς
1751 2532 1802 2564 τὰς

1015 2573 1157 2609 λαμπάδας
1174 2576 1189 2610 ἡ
1207 2576 1236 2602 ὲν
1256 2575 1401 2610 ἐπιγνώσει
1424 2576 1540 2612 σπουδὴ,
1555 2576 1601 2603 καὶ¹
1618 2577 1672 2604 τῶν
1684 2577 1800 2604 ἐντολῶν

1015 2621 1140 2656 ἐργασία.
1166 2622 1240 2658 Αὕτη
1264 2622 1361 2658 γὰρτὸ
1383 2624 1411 2650 ἐν
1437 2625 1514 2660 ἡμῖν·
1525 2623 1697 2659 διαφυλάττει
1721 2624 1798 2660 φῶς,

1049 2723 1105 2755 (ἳῶ)
1121 2723 1206 2750 Locus
1221 2724 1356 2751 deﬁciens.

1049 2759 1104 2791 (ἳὸ)
1122 2759 1199 2785 Furle
1212 2758 1364 2792 ἐσθιούσης,

1046 2793 1100 2829 Q26)
1117 2793 1194 2821 Forte
1209 2793 1357 2829 λαμπάδες.
