1904 3076
76 172 129 200 305

686 171 830 201 SCHOLIA
850 172 885 200 IN
905 172 1123 201 MATTHtEUM.

1653 175 1703 204 30"

82 229 182 258 ἁπλοῦν
207 230 256 258 τὸν
279 230 418 266 ὀφθαλμὸν
434 229 608 266 διατηροῦσα,
627 229 696 256 ὥστε
711 228 874 264 φωτίζεσθαι

930 228 972 255 ﬁat
987 234 1071 256 totum
1085 236 1183 264 corpus
1194 234 1325 264 nostrum,
1337 229 1412 265 juxta
1423 231 1526 259 Domini
1540 238 1702 260 sermonem.

84 277 142 304 ὃλον
154 276 234 312 ἡμῶν
246 276 280 303 τὸ
298 276 379 312 σῶμα
388 296 396 308 ,
410 275 479 302 κατὰ
493 276 540 302 τὸν
552 274 599 302 τοῦ
616 275 719 311 Κυρίου
738 275 827 309 λόγον.
843 276 875 301 Αἰ

87 322 135 358 μὲν
151 319 198 348 οὖν
213 321 349 348 λαϐοῦσαι
363 322 413 356 τὴν
423 321 541 356 ὲπιμελῆ
555 320 670 356 σπουδὴν
681 319 748 356 πρὸς
758 319 807 355 τὴν
822 319 876 346 τῶν

87 367 201 394 ἐντολῶν
220 366 354 402 ἐργασίαν
377 367 530 400 φρόνιμοι·
549 366 578 392 αἱ
594 365 622 392 δὲ
640 365 751 400 ἀμελεῖς
764 364 875 399 μωραὶ,

85 413 132 439 τὸν
147 412 322 447 προσήκοντα
335 411 431 447 καιρὸν
442 410 615 438 ἀναλώσασαι
626 411 666 442 είς
681 411 730 446 τὴν
750 409 804 436 τῶν
823 418 875 445 μα-

86 458 171 485 ταίων
200 457 328 492 σπουδήν.
351 457 388 484 Τὸ
408 457 451 488 δὲ,
475 456 646 485 ἐκάθευδον.
673 456 722 492 τὴν
748 455 876 491 κοίμησιν

86 504 134 530 τοῦ
161 504 275 531 θανάτου
301 503 393 538 λέγει·
421 503 452 530 τδ
482 503 656 538 μεσονύκτιον
680 502 719 535 δὲ,
736 502 766 529 τὸ
787 502 876 536 αἰφνί-

86 552 146 578 διον
154 551 229 586 δηλοῖ
240 551 288 577 καὶ
301 550 332 576 τὸ
350 548 561 585 ἀπροσδόκητον,
574 547 631 583 ἅμα
649 548 696 575 καὶ
711 547 741 574 τὸ
753 547 875 583 φοϐερόν.

87 598 144 624 Καὶ
157 596 223 630 ταῖς
239 596 289 631 μὲν
307 594 531 628 ἐξαναστάσαις
547 594 677 629 πάρεστιν
695 593 712 620 ἃ
729 593 875 620 ἐπόνεσαν-

86 642 136 678 τὴν
149 643 178 669 δὲ
192 642 326 678 ρᾳθυμίαν
339 641 394 676 (27)
407 641 468 676 περὶ
479 640 527 676 τὴν
535 640 675 666 εὐσέϐειαν
691 639 772 675 μηδὲν
784 639 876 674 ἐπιφε-

88 688 212 723 ρομένων
224 688 336 723 ἄρχεται
348 686 536 721 στυγνάζεινὴ
550 684 633 720 ψυχὴ,
647 685 696 711 καὶ
705 684 784 711 οἱονεὶ
798 692 878 711 κατα-

87 731 260 764 σδέννυσθαι,
273 732 320 758 καὶ
333 731 373 763 είς
385 729 599 766 παραφροσύνην
613 730 721 764 χωρεῖν,
735 728 805 755 ὥστε
817 730 876 765 οίη-

87 777 169 812 θῆναι
184 777 268 809 αὐτὰς
281 776 324 803 διὰ
340 777 389 812 τῆς
404 776 503 812 ἐτέρων
524 775 633 811 ἀρετῆς,
652 775 697 801 Διὸ
713 774 877 810 ἀποδοκιμά-

87 823 191 855 ζονται,
200 823 331 857 λεγόντων
345 822 467 852 ἐκείνων.
476 820 598 854 Μήποτε
609 822 664 848 οὐκ
676 821 796 854 ἀρκέσει
807 820 878 855 ἡμῖν

86 867 137 893 καὶ
152 866 232 901 ὑμῖν.
249 866 387 894 Πωλοῦσι
403 866 433 892 δὲ
448 866 478 893 τὸ
493 866 581 893 ἔλαιον
593 866 617 892 oi
639 866 808 898 διδάσκοντες
830 875 875 901 μι-

87 913 153 939 σθοῦ
162 913 335 949 προσεδρείᾳ,
351 913 487 948 προσοχῆς
499 932 507 945 ,
522 912 697 948 φιλομαθίας,
709 912 873 947 φιλοπονίας.

87 958 123 984 Ἢ
137 958 309 991 πωλοῦιτὲς
321 959 374 984 εὶσι
386 958 522 994 προφῆται
535 978 542 991 ,
554 957 715 990 ἀπόστολοι,
734 957 876 992 εὐαγγελι-

88 1004 166 1036 σταὶ,
187 1005 221 1031 δι’
232 1001 269 1032 ὧν
277 1014 319 1037 τις
329 1004 507 1040 μαθητευθεὶς
515 1004 564 1040 τὴν
575 1003 674 1039 ἀρετὴν
691 1003 844 1040 ἐργάζεται.

406 1051 485 1077 ΚΕΦ.
506 1051 558 1077 ΚΖ¹

87 1095 162 1131 Στεχ.
182 1096 227 1123 ια’.
247 1095 301 1122 Καὶ
323 1095 515 1131 ἐπηρώτησεν
534 1094 627 1131 αὐτὸν
645 1097 661 1122 ὀ
676 1095 802 1130 ἡγεμὼν,
824 1095 875 1123 λέ-

173 1140 249 1164 γων·
263 1131 304 1157 Σὺ
321 1129 349 1157 εἴ
363 1129 538 1163 δβασιλεὺς
553 1129 612 1157 τῶν·
632 1130 794 1162 Ἰουδαίων;

129 1177 173 1208 Ὠς
199 1177 246 1203 ἐπὶ
263 1176 384 1212 δημοσίῳ
405 1176 557 1212 ἐγκλήματι
579 1175 777 1212 κατακριθέντα
796 1175 876 1203 αὑτὸν

88 1222 180 1258 ὲρωτᾷ
195 1222 310 1254 Πιλᾶτος
324 1222 410 1256 λέγων
422 1231 428 1238 ·
447 1222 489 1249 Σὺ
505 1220 559 1249 eid
571 1222 720 1255 ,βασιλεὺς
733 1222 793 1249 τῶν
809 1223 877 1250 Ἰου-

88 1268 200 1300 Bait-tr;
226 1269 308 1304 Ζητεῖ
338 1267 529 1304 μυκτηρίζων,
555 1268 572 1303 ἢ
593 1267 768 1304 ἀμφιῦάλλων
791 1268 876 1300 οὕτως

89 1315 190 1350 ἐρωτᾷ.
214 1314 243 1340 '0
257 1314 285 1340 δὲ
303 1313 405 1348 Ἰησοῦς
417 1313 522 1349 ἡρέμα,
537 1313 758 1348 ὐπαινιττόμενος
771 1313 801 1339 τὸ
814 1313 858 1340 ναὶ
867 1333 874 1346 ,

88 1360 126 1392 ὡς
141 1360 251 1387 πάντων
268 1359 416 1396 ἀνθρώπων
435 1359 570 1394 βασιλεὺς,
588 1359 640 1394 ἔφη
655 1359 695 1391 τὸ,
713 1359 754 1386 Σὺ
767 1359 874 1394 λέγεις.

95 1406 172 1433 Ἐπεὶ
195 1407 209 1433 ὁ
234 1406 282 1441 μὲν
305 1406 448 1441 ἀρχιερεὺς
469 1405 633 1437 δικαστικῶς
661 1404 753 1440 ἠρώτα
777 1405 874 1438 λέγωνε

89 1451 164 1479 Εἰπὲ
185 1451 258 1486 ἡμῖν
278 1453 305 1478 εί
324 1451 365 1478 σὺ
381 1449 410 1478 εἷ
425 1452 442 1478 ό
455 1451 621 1484 βασιλεὺς,
639 1450 753 1482 Πιλάτος
766 1450 794 1476 δὲ
809 1451 876 1477 ἀπο-

89 1497 239 1532 φαντικῶς.
261 1497 332 1532 ὐρα
356 1497 385 1523 δὲ
409 1497 434 1524 εί
454 1497 490 1533 μὴ
513 1497 543 1523 τὸ
566 1497 631 1532 μὲν,
651 1496 693 1523 Σὺ
711 1497 812 1529 εἴπας,
838 1495 877 1530 τῷ

90 1543 213 1578 ἀρχιερεῖ
235 1542 397 1578 λεγόμενον,
417 1542 462 1569 τὸν
484 1542 630 1577 δισταγμὸν
652 1541 734 1569 αὐτοῦ
747 1541 877 1578 λεληθότα

89 1567 198 1623 ἐὶἒῆιὲζ
205 1567 215 1604 ⁷-
236 1567 277 1614 ἐξ
289 1567 332 1620 Et;
341 1567 397 1614 '2.‘
405 1567 522 1622 λέξειξξ
534 1567 785 1623 ’ἐέίῇίλέᾶρζίιέῆι
797 1567 876 1614 "inti
890 1567 913 1598 c

89 1643 172 1669 φασιν
184 1634 266 1660 αὑτοῦ
287 1635 376 1670 κυροῖ.
394 1631 448 1660 Ἦν
463 1633 518 1669 γὰρ
536 1633 661 1668 βασιλεὺς
681 1632 728 1660 τοῦ
752 1632 874 1669 Ἰσραὴλ,

91 1680 161 1715 μήτε
173 1678 260 1706 εἰπὼν
274 1680 318 1706 ναὶ
328 1700 335 1711 ,
354 1679 396 1706 ἵνα
411 1679 448 1715 μὴ
462 1679 499 1714 δῷ
513 1678 621 1714 εὕλογον
633 1679 759 1715 ἀφορμὴν
775 1679 813 1714 τῷ
824 1680 874 1705 Πι-

89 1724 163 1758 λάτῳ
180 1723 380 1756 καταδικάζειν.

126 1770 183 1806 (28)
207 1770 257 1797 Διὰ
272 1770 302 1797 τὺ
320 1771 525 1806 ἀμετάτρεπτον
544 1770 633 1797 αὐτῶν
649 1770 707 1797 οὐδὲ
721 1770 811 1802 αὐτοῖς
827 1771 873 1797 ἀν-

88 1816 276 1851 τιφθέγγεται.
297 1815 395 1848 Καλῶς
410 1816 438 1842 δὲ
461 1816 522 1843 οὐδὲ
540 1816 578 1851 τῷ
600 1816 707 1852 Πιλάτῳ
726 1816 872 1852 ἀπεκρίθη,

89 1862 131 1888 ὅτι
147 1861 312 1896 ἀμφιϐάλλει
329 1862 353 1888 εί
368 1861 419 1897 χρὴ
434 1861 514 1888 αὐτὸν
527 1862 594 1898 πρὸς
609 1862 658 1894 τὰς
671 1862 779 1894 ἀδίκους
792 1871 875 1897 κατη-

88 1907 186 1942 γορίας
203 1907 408 1942 ἀπολογεῖσθαι,
423 1907 470 1934 καὶ
484 1908 524 1934 ὅτι
545 1907 719 1943 διχογνωμῶν
737 1909 794 1934 ἐστι
811 1908 875 1943 περὶ

89 1953 191 1980 αὐτῶν.
211 1953 295 1988 Δῆλον
313 1953 368 1989 γὰρ
387 1951 435 1989 ἦν,
456 1954 510 1986 ὅτι,
524 1955 547 1980 εἰ
561 1954 746 1988 ἀπελογήσατο
760 1954 807 1981 καὶ
823 1962 876 1981 πα-

90 1999 223 2035 ρέστησεν
241 1999 335 2025 ἑαυτὸν
346 1999 432 2026 οὐδενὶ
440 1999 494 2035 (29)
511 1999 601 2035 ἔνοχον
619 1999 801 2034 ἐγκλήματος,
821 2000 874 2025 άπ-

90 2046 186 2073 έλυσεν
206 2046 240 2073 ἂν
257 2047 271 2073 ό
289 2046 417 2081 δικαστὴς
433 2046 521 2078 αὐτὸν,
544 2046 632 2073 λαϐὼν
644 2045 701 2073 ὁδὸν
712 2044 758 2072 τοῦ
772 2044 876 2080 χρηστὰ

89 2092 154 2126 περὶ
166 2091 250 2118 αὐτοῦ
267 2091 464 2127 ἀποφήνασθαι.
481 2091 560 2118 Ὅθεν
576 2092 623 2118 καὶ
643 2092 657 2118 ὁ
670 2090 781 2126 ἡγεμὼν
794 2090 875 2117 ἐθαύ-

92 2137 177 2171 μαζεν
194 2137 286 2168 αὐτὺν,
304 2137 362 2168 πῶς
374 2157 381 2168 ,
399 2137 545 2172 δυνάμενος
558 2137 645 2164 εἰπεῖν
661 2135 760 2167 πολλὰς
777 2135 875 2162 ἀπολο-

89 2180 170 2214 γίας,
196 2180 311 2207 ἐσιώπα.
336 2181 381 2207 Διὸ
398 2181 443 2207 καὶ
462 2182 499 2213 ὡς
520 2181 603 2208 θέλων
628 2181 708 2207 αὐτὸν
730 2180 874 2212 ἀπολῦσαι,

90 2228 130 2258 είς
141 2227 222 2254 τοῦτο
233 2227 313 2254 αὒτδν
321 2227 501 2264 προετρέπετο
510 2227 576 2262 (50)·
589 2227 628 2253 ὅτι
641 2226 694 2261 γὰρ
705 2226 793 2261 φθόνῳ
806 2233 876 2261 παρ·
890 2240 912 2268 D

90 2273 186 2308 εδόθη,
215 2274 263 2299 καὶ
283 2273 391 2308 Πιλάτῳ
409 2272 486 2308 δῆλον
501 2271 545 2308 ἦν.
573 2273 629 2307 Οὐχ
649 2271 740 2304 ἁπλῶς
757 2271 785 2298 δὲ
809 2271 874 2297 θαυ-

93 2318 190 2353 μάζει,
214 2318 282 2345 ἀλλὰ
301 2319 348 2345 καὶ
366 2318 440 2345 λίαν⁸
462 2318 532 2353 τάχα
554 2319 603 2353 μὲν
624 2317 669 2344 διὰ
691 2318 721 2344 τὸ
744 2317 876 2352 ἄτρεπτον

91 2363 139 2390 καὶ
152 2364 290 2399 ἀτάραχον
306 2363 387 2390 αὐτοῦ
399 2367 467 2400 πρὸς
477 2364 600 2396 θάνατον,
615 2364 661 2390 καὶ
671 2364 700 2389 ὲν
715 2362 819 2394 τούτοις
829 2370 877 2396 γα-

92 2409 173 2445 ληνὸν
185 2410 232 2437 τοῦ
247 2410 393 2446 προσώπου
405 2419 411 2426 ·
430 2411 446 2445 ἢ
459 2411 506 2437 καὶ
521 2410 570 2446 τὴν
590 2410 658 2445 ὑπὲρ
670 2409 810 2444 ἄνθρωπον
826 2408 876 2434 αὺ-

91 2456 137 2483 τοῦ
154 2456 345 2492 μακροθυμίαν
360 2455 525 2491 ἐθαύμαζεν.

125 2544 207 2576 Εἰκὸς
222 2545 284 2580 ἄρτι
298 2545 472 2571 ὑποσπόνδων
486 2544 637 2579 γενομένων
655 2542 799 2577 Ῥωμαίοις
816 2542 880 2568 Ἰου-

92 2589 192 2622 δαίων,
215 2591 246 2617 τὸ
269 2590 466 2626 κεχαρισμένον
486 2590 577 2621 αὐτοῖς
599 2588 681 2624 ᾤοντο
698 2589 727 2614 ὲν
749 2589 781 2623 τῇ
799 2587 878 2622 ἑορτῇ

93 2637 303 2672 συγχωρεῖσθαι.
327 2637 380 2662 Καὶ
399 2635 485 2662 Σαοὺλ
503 2635 549 2666 δὲ,
562 2634 744 2669 ,συγχωρήσας
765 2633 804 2667 τῷ
824 2632 881 2667 λαῷ

92 2680 139 2708 τδν
158 2682 296 2714 Ἰωνάθαν,
311 2682 385 2718 δηλοῖ
398 2682 461 2717 πρὶν
471 2681 561 2712 αὐτοῖς
573 2681 619 2706 καὶ
632 2679 762 2706 τοιοῦτον.
783 2679 826 2709 Ὠς
836 2686 879 2703 νο-

130 2762 151 2778 ¹⁸
161 2761 256 2789 Matth.
268 2769 332 2793 xxv,
342 2761 370 2789 9.
408 2760 429 2776 ¹⁶
441 2760 534 2787 Matth.
548 2767 621 2793 xxvt,
636 2759 679 2787 65.
731 2759 752 2774 ¹⁷
776 2758 840 2786 ibid.
854 2758 899 2785 64.

130 2819 186 2853 (2⁵1)
203 2819 292 2847 Locus
304 2818 443 2847 deﬁciens.

129 2851 184 2886 (28)
203 2855 312 2882 Nullum
350 2854 495 2882 ascribitur
531 2853 650 2881 auctoris
681 2859 788 2880 nomen.
814 2851 875 2879 llcrc

97 2891 167 2918 rcter
181 2891 213 2918 ad
227 2898 298 2918 vers.
318 2889 361 2916 12.

892 900 912 926 Β

926 275 989 307 Quae
1004 275 1085 310 igitur
1096 276 1216 310 virgines
1237 277 1360 312 diligenti
1381 278 1472 305 studio
1487 285 1543 306 usae
1569 282 1632 305 sunt
1657 285 1706 313 pro

925 321 1102 348 exsecutione
1129 323 1339 355 mandatorum,
1373 322 1515 356 prudente:
1547 328 1630 351 sunt:
1647 329 1706 358 quae

925 371 992 392 vero
1012 365 1156 394 incuriosa:
1173 366 1292 399 fuerunt,
1308 367 1407 402 fatum,
1423 376 1571 401 congruum
1600 373 1706 404 tempus

926 409 1113 444 impendentes
1134 411 1159 438 in
1172 412 1291 439 studium
1312 420 1403 439 rerum
1418 413 1551 441 inanium.
1567 413 1633 441 lllttd
1645 414 1707 440 dor-

925 457 1049 489 mierunt,
1066 457 1257 485 dormitionem
1270 459 1367 485 mortis
1383 459 1470 486 innuit
1485 468 1492 486 :
1512 459 1704 487 medinoctiutn

927 510 1002 535 vero,
1022 504 1191 538 repentinum
1207 508 1313 538 tempus
1327 504 1460 536 declarat,
1487 512 1519 532 ac
1534 506 1705 540 inexspecta-

927 554 994 582 tum,
1006 549 1140 584 simulque
1156 549 1286 577 terribile.
1300 550 1339 576 Ac
1350 551 1516 585 surgentibus
1528 551 1635 585 quidem
1649 551 1706 578 tru-

926 599 986 622 ctus
999 595 1076 622 adest
1091 594 1213 622 laborum
1227 602 1355 622 suorum:
1373 596 1527 623 socordiam
1541 604 1615 628 vero,
1626 597 1706 624 nihil-

927 647 979 674 que
991 641 1062 668 circa
1075 640 1204 674 pietatem
1220 647 1424 676 occupatarum,
1449 641 1543 676 incipit
1561 641 1707 669 dormitare

927 688 1026 718 anima,
1043 690 1071 713 et
1086 687 1285 721 quodammodo
1306 687 1443 722 exstingui
1459 693 1491 715 ac
1518 687 1544 714 in
1571 687 1707 722 desipien-

927 732 991 759 tiam
1006 733 1109 764 venire,
1123 733 1190 760 adeo
1202 737 1232 760 ut
1247 732 1440 768 suspicandum
1456 733 1489 761 de
1503 733 1556 761 illis
1569 733 1707 761 videretur

927 782 1037 812 propter
1048 777 1163 805 aliarum
1176 778 1315 805 virtutem.
1331 777 1421 810 Quare
1439 778 1637 812 reprobantur,
1667 778 1708 805 di-

927 822 1051 850 centibus
1061 822 1131 850 illis:
1145 822 1187 849 Νι
1197 823 1266 857 γον-ιε
1283 830 1335 849 non
1343 823 1453 858 tuﬂiciat
1468 823 1542 850 nobis
1557 828 1581 849 et
1593 823 1663 850 vobis
1673 823 1705 850 ".

929 867 1133 894 Porrovendunt
1146 868 1235 895 oleum
1251 868 1281 900 ii,
1294 868 1340 903 qui
1361 868 1461 896 docent
1483 868 1518 896 ob
1549 869 1702 896 mercedem

927 913 1101 948 pratlationis,
1120 914 1289 948 attentionis,
1303 914 1475 946 eruditionis,
1485 915 1638 941 industriae.
1651 916 1706 942 Aut

925 959 1071 986 venditores
1086 964 1147 986 sunt
1163 960 1309 995 prophetae.
1322 960 1446 995 apostoli,
1458 960 1644 996 evangelista,
1660 967 1706 995 per

925 1011 992 1039 quos
1004 1004 1066 1040 quis
1082 1005 1205 1033 eruditus
1221 1005 1348 1032 virtutem
1365 1011 1483 1033 exercet.

1215 1051 1290 1079 CAP.
1303 1051 1411 1079 XXV“.

927 1095 958 1125 V.
975 1097 1019 1124 Η.
1037 1095 1070 1122 Et
1089 1097 1258 1131 interrogavit
1273 1105 1330 1123 eum
1356 1105 1461 1131 prietes.
1486 1098 1594 1126 dicem:
1625 1097 1664 1125 Tu
1679 1107 1706 1125 es

1201 1139 1246 1158 rea:
1255 1131 1429 1160 Judworum?

964 1176 1105 1212 Tanquam
1129 1176 1162 1204 de
1176 1177 1291 1205 crimine
1315 1178 1423 1212 publico
1447 1179 1600 1206 damnatum
1618 1180 1704 1206 inter-

926 1228 1003 1259 rogat
1020 1231 1082 1250 eum
1102 1222 1217 1256 Pilatus,
1230 1223 1322 1251 dicens
1337 1232 1344 1250 :
1360 1223 1381 1250 T
1383 1232 1399 1251 tt
1421 1232 1448 1251 ει
1463 1233 1510 1252 rex
1527 1224 1683 1252 Juda'orum
1695 1226 1708 1252 .9

926 1268 1028 1301 Quaerit
1043 1268 1224 1300 subsannans,
1236 1268 1279 1295 vel
1293 1268 1420 1296 dubitans
1436 1269 1476 1296 sic
1489 1269 1647 1304 interrogat.
1659 1269 1705 1297 Je-

927 1321 973 1340 sus
987 1320 1052 1340 vero
1067 1313 1210 1348 tranquille
1225 1313 1391 1340 subinnuens
1402 1313 1621 1346 armationem,
1644 1320 1706 1342 tan-

926 1366 1007 1393 quam
1019 1359 1139 1386 omnium
1154 1359 1291 1386 hominum
1309 1367 1367 1392 rex,
1383 1360 1439 1388 ait:
1457 1359 1496 1387 Tu
1511 1360 1589 1387 dicis.
1614 1359 1706 1395 Siqui-

927 1405 986 1432 dem
1001 1404 1122 1439 pontiiex
1148 1404 1265 1439 juridico
1286 1412 1360 1432 tnore
1380 1405 1573 1440 interrogabat,
1590 1406 1682 1434 dicens
1697 1414 1705 1433 :

930 1448 977 1477 Dic
989 1451 1072 1484 nobis,
1087 1451 1110 1477 si
1121 1455 1148 1477 tu
1157 1459 1184 1477 es
1194 1458 1240 1477 rea:
1254 1450 1275 1466 "
1289 1458 1297 1483 ;
1314 1455 1342 1477 at
1353 1450 1456 1479 Pilatus
1478 1459 1526 1486 per
1553 1452 1705 1486 simplicem

927 1496 1149 1523 enuntiationem.
1175 1496 1242 1524 Vide
1260 1503 1359 1530 porro.
1387 1496 1408 1524 si
1427 1504 1480 1524 non
1498 1497 1570 1524 aliud
1587 1503 1614 1523 tu
1636 1497 1707 1524 disi-

928 1543 962 1569 sti
978 1542 1010 1575 ¹⁷,
1029 1542 1098 1576 quod
1112 1542 1234 1576 pontiiici
1257 1549 1414 1576 responsum
1438 1547 1490 1576 est,
1509 1543 1705 1570 dubitationem

928 1585 985 1620 ejus
1004 1586 1162 1614 obliviosam
1176 1578 1314 1621 coarguit:
1331 1586 1396 1614 illud
1408 1594 1482 1619 vero,
1496 1586 1535 1613 Tu
1548 1587 1706 1622 dicinquod

928 1631 1016 1658 Pilato
1025 1631 1174 1666 respondit,
1186 1630 1401 1658 enuntiationem
1412 1630 1471 1664 ejus
1480 1632 1631 1658 conﬁrmat.
1642 1630 1707 1657 Erat

929 1683 1047 1710 namque
1058 1683 1104 1702 rex
1123 1675 1205 1702 Israel
1219 1684 1225 1702 :
1243 1679 1270 1702 et
1282 1682 1333 1701 non
1345 1675 1413 1702 dixit
1425 1683 1475 1708 me,
1492 1681 1521 1702 ut
1535 1683 1588 1702 non
1605 1676 1706 1709 praebe-

930 1725 973 1748 ret
989 1721 1074 1748 Pilato
1087 1720 1238 1755 speciosam
1249 1726 1342 1745 ansam
1356 1718 1430 1745 illum
1445 1718 1603 1745 damnattdi.

965 1765 1111 1800 Propterea
1128 1765 1198 1799 quod
1215 1765 1346 1799 ejusmodi
1361 1769 1440 1791 erant
1452 1764 1497 1798 qui
1511 1763 1631 1791 converti
1648 1763 1702 1790 nol-

929 1811 996 1843 lent,
1011 1811 1077 1838 nihil
1091 1811 1157 1845 ipsis
1170 1810 1321 1844 respondit.
1331 1809 1447 1836 Pulchre
1469 1815 1559 1836 autem
1574 1817 1607 1836 ne
1620 1809 1706 1836 Pilato

929 1857 1037 1893 quidem
1054 1856 1201 1891 respondit,
1224 1856 1287 1890 quia
1313 1855 1419 1883 dubitat
1436 1857 1458 1883 si
1475 1859 1600 1891 oporteat
1618 1856 1704 1890 ipsum

929 1909 1023 1931 contra
1035 1903 1148 1937 injustas
1160 1902 1346 1930 accusationes
1361 1909 1390 1929 se
1400 1909 1527 1936 purgare,
1541 1906 1569 1929 et
1583 1902 1644 1936 quia
1657 1908 1701 1928 an-

927 1959 991 1986 ceps
1006 1955 1048 1978 est
1076 1950 1111 1978 de
1138 1950 1202 1977 illis.
1220 1948 1393 1976 Manifestum
1419 1949 1490 1977 enim
1509 1954 1578 1981 erat,
1593 1949 1656 1983 quia
1681 1949 1702 1976 si

926 2000 1069 2032 purgasset
1088 2003 1128 2028 se,
1146 2003 1228 2030 seque
1255 1995 1381 2022 evicisset
1404 1994 1470 2021 nulli
1488 1994 1633 2021 obnoxium
1651 1995 1703 2021 cri-

929 2042 1005 2075 mini,
1021 2041 1270 2077 dimisissetutique
1285 2039 1358 2067 illum
1368 2039 1462 2073 judex,
1480 2040 1551 2065 viam
1567 2038 1700 2074 arripiens

925 2087 1022 2114 bonam
1042 2087 1076 2114 de
1102 2086 1149 2114 illo
1174 2085 1247 2113 terre
1281 2085 1454 2113 sententiam.
1477 2084 1658 2118 Quamobrem
1674 2091 1701 2112 et

927 2140 1026 2167 praeses
1040 2132 1228 2160 admirabatur
1239 2138 1312 2162 eum,
1329 2130 1465 2165 quomodo
1477 2137 1538 2157 cum
1551 2134 1641 2164 posset
1655 2137 1704 2164 pro

927 2186 957 2206 se
969 2178 1065 2205 multas
1091 2177 1187 2204 afferre
1213 2177 1345 2208 rationes,
1365 2179 1478 2203 taceret.
1497 2175 1600 2202 idcirco
1623 2174 1703 2202 etiam

927 2222 1003 2257 quasi
1019 2222 1112 2250 volens
1127 2221 1200 2248 illum
1218 2220 1368 2252 absolvere,
1385 2219 1419 2246 ad
1436 2219 1487 2246 hoc
1510 2219 1584 2246 illum
1607 2227 1704 2253 provo-

926 2269 1017 2296 cabat.
1040 2268 1108 2301 Quia
1126 2268 1198 2295 enitn
1214 2266 1314 2294 invidia
1333 2266 1448 2293 traditus
1460 2265 1559 2298 fuerat,
1576 2266 1601 2291 id
1617 2265 1702 2292 Pilato

927 2313 1100 2341 manifestum
1123 2317 1191 2340 erat.
1206 2311 1264 2339 Non
1282 2311 1441 2345 simpliciter
1454 2318 1519 2337 vero
1544 2310 1704 2341 mirabatur,

927 2359 973 2386 sed
987 2362 1013 2385 ct
1029 2359 1200 2384 vehementer.
1216 2356 1331 2384 Fortean
1349 2361 1462 2390 propter
1478 2356 1660 2383 constantiam
1678 2360 1705 2382 et

928 2403 1224 2438 imperturbabilitatem
1244 2401 1302 2435 ejus
1317 2402 1447 2430 adversus
1460 2407 1587 2434 mortem,
1601 2408 1632 2428 ac
1643 2409 1705 2436 pro-

927 2454 1020 2483 pterea
1033 2449 1068 2476 ob
1081 2447 1254 2475 serenitatem
1272 2447 1373 2474 vultus.
1388 2447 1435 2474 Vel
1449 2447 1530 2474 etiam
1544 2446 1705 2481 longanimi-

929 2499 1011 2522 tatem
1028 2493 1086 2528 ejus
1099 2492 1239 2527 plusquam
1254 2492 1399 2519 humanam
1416 2492 1611 2519 admirabatur.

964 2539 1070 2571 Merito,
1084 2545 1144 2564 cum
1158 2544 1253 2565 recens
1267 2537 1395 2564 Romanis
1405 2536 1505 2564 {aedere
1517 2538 1603 2571 juncti
1615 2543 1705 2565 essent

929 2584 1024 2615 Judad,
1041 2583 1111 2617 quod
1127 2587 1232 2617 gratum
1250 2582 1314 2616 ipsis
1337 2586 1429 2615 esset,
1446 2582 1576 2616 putabant
1591 2583 1619 2609 in
1636 2583 1705 2609 festo

929 2628 1137 2658 concedendum.
1151 2627 1213 2654 Saul
1231 2627 1312 2654 etiam
1335 2628 1486 2654 concedens
1501 2627 1597 2662 populo
1624 2627 1705 2654 Jona-

930 2677 1004 2707 tban,
1022 2675 1076 2710 jam
1092 2673 1194 2709 pridem
1209 2673 1310 2708 aliquid
1327 2673 1479 2708 huiusmodi
1492 2673 1579 2700 innuit
1594 2673 1657 2699 illis.
1671 2672 1703 2699 Ut

972 2815 1017 2847 29)
1037 2814 1077 2841 An
1094 2813 1209 2845 οὐδενός.

972 2815 1017 2847 29)
1037 2814 1077 2841 An
1094 2814 1209 2845 οὐδενός.

962 2814 1022 2886 i150)
1035 2850 1083 2876 Hic
1096 2855 1122 2876 et
1138 2849 1208 2886 intra
1223 2847 1316 2886 confer
1332 2849 1402 2877 edita
1422 2848 1528 2883 Latina,
1540 2854 1566 2876 et
1582 2847 1702 2884 quzedam

929 2883 1010 2913 etiam
1027 2885 1160 2913 contraria
1178 2883 1220 2912 bis
1231 2884 1359 2919 reperies.
