1904 3076
213 168 262 196 m1

650 168 930 200 SUPPLEMENTUM
947 169 993 197 AD
1012 169 1172 198 ORIGENIS
1188 170 1394 200 EXEGETICA.

1769 176 1819 204 308

210 223 257 258 qui
271 222 352 258 igitur
367 224 485 252 futurum
500 225 623 259 putabat,
644 230 674 253 ut
688 227 861 254 innocentem
879 227 969 261 potius
982 247 990 259 ,

1044 225 1129 261 μίζων
1143 226 1188 259 δὲ,
1205 227 1245 253 ὅτι
1261 227 1305 255 τὸν
1324 228 1441 256 ἀναίτιον
1451 249 1459 262 ,
1474 230 1490 265 ἢ
1506 230 1552 256 τὸν
1566 230 1672 266 μυρίοις
1684 231 1818 268 ὲγκλῆμα-

210 275 292 303 quam
311 269 425 297 infinitis
442 270 601 298 criminibus
623 278 698 298 reum
718 271 897 306 postularent.
923 272 992 300 dixit

210 314 262 341 hoc
274 314 391 348 Pilatus,
407 320 534 350 tanquam
551 315 586 342 iis
595 315 784 350 quijustitiam
802 311 989 346 sectabantur.

211 359 320 387 Sciebat
336 361 406 388 enim
421 361 484 395 quia
499 361 599 389 nullum
616 361 725 390 evidens
740 368 929 397 argumentum
943 364 992 391 ha-

209 405 290 432 bebat
300 410 393 434 contra
410 405 493 433 illum.

246 448 434 478 Vetustissima
464 452 556 487 legens
576 453 751 487 exemplaria.
770 453 873 486 inveni,
903 454 990 488 ipsum

209 501 315 528 quoque
326 494 478 523 Barabbam
494 501 619 524 vocatum
638 497 722 525 fuisse
734 496 836 525 Jesum.
852 499 897 526 Sic
910 499 992 533 igitur

210 546 240 566 se
256 539 293 567 ibi
307 540 424 568 habebat
442 540 519 568 Pilati
537 542 714 577 interrogatio
733 553 738 569 :
756 542 839 575 Quem
865 543 944 570 vultis
959 544 991 570 de

208 586 249 613 his
265 586 366 612 duobu:
375 586 507 613 dintittam
523 588 594 614 vobis
603 587 615 614 .’
623 587 712 615 Iesum
720 588 879 619 Barabbam.
893 589 930 616 vel
943 589 991 616 Je-

208 639 267 657 aum
282 631 327 664 qui
338 631 437 658 dicitur
447 631 567 659 Christus
580 633 620 660 “'1’
636 633 671 660 Ut
682 633 752 660 enim
769 633 876 660 videtur
891 654 898 668 ,
922 635 991 662 latro

208 676 394 711 patronymice
408 677 556 705 vocabatur
579 678 726 712 Barabbas,
742 679 812 713 quod
830 680 991 714 interpreta-

209 726 253 747 tur
279 721 394 749 doctoris
416 722 499 756 filius.
519 723 703 757 Compositutn
731 724 813 759 igitur
829 732 924 753 nomen
939 725 990 753 Ba-

209 767 341 798 ramban,
369 767 471 795 indicat
498 767 584 795 Filius
605 769 720 796 doctoris
740 770 833 797 nostri.
849 770 883 797 At
898 771 990 805 cujus-

210 820 271 839 narn
287 813 355 840 alius
369 813 491 842 doctoris
504 814 586 841 ﬁlium
598 820 705 850 oportet
719 822 847 850 reputare
855 817 989 845 latronem

210 857 355 893 insignem,
374 867 453 894 quam
473 861 522 888 viri
539 862 714 895 sanguinum,
732 869 811 896 quam
833 862 892 898 ejus
904 865 989 898 quiab

209 904 285 932 initio
298 909 338 932 ut
354 905 484 932 homicida
499 906 521 921 "
538 914 640 941 :quem
659 914 744 942 usque
760 908 786 934 in
809 908 878 935 hunc
893 909 964 936 diem
980 929 987 941 ,
1006 903 1027 930 Β

208 950 253 983 qui
270 949 304 976 ab
320 949 378 985 ipso
394 950 501 978 discunt
517 951 607 979 facere
624 952 934 988 homicidia,praaferunt
948 955 990 982 vi-

207 995 341 1023 vilicatori
357 996 496 1024 hominum
509 997 623 1025 Domino
639 1004 733 1026 nostro
743 999 806 1027 Jesu
820 1000 929 1029 Christo
943 1001 954 1028 ?

243 1041 310 1068 Dum
330 1042 499 1076 judicaretur
513 1051 528 1070 a
539 1043 637 1076 Pilato,
654 1046 763 1073 oracula
789 1047 918 1074 reddebat
931 1048 989 1083 ejus

207 1087 299 1117 uxori:
314 1092 342 1115 ut
358 1088 465 1117 silentio
479 1090 588 1124 quidem
605 1090 638 1117 ad
655 1090 841 1120 fortitudinem
856 1097 988 1128 stuperet,

207 1138 234 1159 ιιι
247 1133 373 1160 vaticinio
381 1140 568 1169 cognosceret,
582 1137 652 1171 quod
666 1144 718 1164 non
735 1137 762 1164 in
779 1137 925 1170 hominem,
940 1139 989 1166 sed

208 1177 290 1205 Deum
306 1180 468 1207 sententiam
487 1180 551 1208 fert.
567 1181 713 1217 Propterea
732 1191 798 1211 vero
811 1185 868 1219 ipse
884 1193 936 1212 non
949 1186 989 1213 vi-

210 1223 261 1256 dit,
286 1224 326 1252 vel
342 1229 372 1252 ut
392 1226 435 1253 illa
455 1234 507 1254 non
523 1232 627 1256 taceret
642 1231 789 1263 somnium,
805 1231 846 1258 vel
869 1233 931 1267 quia
950 1233 987 1260 illi

208 1278 260 1297 non
275 1271 448 1304 credebatur,
460 1273 502 1300 vel
522 1273 648 1309 indignus
675 1280 745 1309 erat,
769 1276 810 1303 vel
825 1282 853 1304 ut
876 1278 989 1306 audiens

207 1322 267 1349 (pne
290 1323 360 1343 uxor
374 1323 455 1350 passa
475 1317 573 1352 fuerat,
596 1325 809 1355 compateretur.
839 1322 897 1350 Non
915 1323 987 1352 enim

209 1362 287 1389 modo
299 1363 432 1390 somnium
453 1365 532 1398 vidit,
544 1367 591 1393 sed
607 1370 634 1394 et
644 1367 727 1394 multa
742 1376 822 1403 passa
835 1371 887 1402 est,
912 1374 940 1398 et
960 1371 986 1398 in

208 1414 286 1435 nocte
308 1408 335 1436 id
360 1409 393 1437 ad
409 1409 537 1444 majorem
560 1412 684 1440 timorem
710 1415 832 1450 contigit.
851 1415 985 1444 Caeterum

207 1452 385 1482 Providentia:
395 1462 462 1490 opus
474 1456 538 1483 illud
549 1457 681 1484 somnium
695 1457 753 1492 luit,
766 1459 798 1486 de
814 1467 867 1494 quo
877 1460 986 1494 quidem

208 1507 260 1527 non
279 1500 378 1528 dicitur
404 1501 468 1535 quid
484 1506 569 1534 esset,
587 1502 744 1531 manifestat
769 1508 858 1532 tamen
874 1505 985 1533 demon-

210 1553 324 1575 stratum
341 1548 436 1580 fuisse.
448 1557 501 1577 non
516 1554 545 1576 ut
561 1550 685 1578 Christus
702 1559 754 1578 non
774 1557 922 1586 pateretur.
939 1553 986 1581 sed

207 1599 237 1621 ut
250 1595 346 1622 mulier
358 1595 432 1622 salva
448 1595 533 1623 ﬁeret.
547 1595 627 1623 Beata
639 1604 702 1624 vero
713 1597 780 1629 hanc.
789 1605 847 1633 qme
859 1606 906 1633 per
916 1606 988 1626 som-
1001 1587 1022 1616 (ἶ

207 1638 251 1665 nia
271 1638 374 1672 habuit,
389 1645 418 1666 ut
433 1645 582 1674 pateretur,
600 1645 628 1667 ut
643 1648 695 1668 non
710 1642 787 1677 longe
799 1643 924 1678 graviora
941 1651 987 1678 pa-

207 1687 319 1711 teretur.
337 1684 420 1718 Quasi
440 1691 528 1713 autem
551 1688 702 1722 symbolum
726 1695 757 1714 ea
784 1693 825 1715 est
847 1688 985 1722 Ecclesiae,

205 1736 265 1764 quae
278 1731 411 1764 quondam
429 1731 512 1760 Pilato
523 1733 641 1766 suberat,
660 1734 706 1762 sed
725 1742 786 1761 nom
808 1735 923 1770 amplius
938 1736 987 1763 ob-

206 1775 286 1803 noxia
301 1781 342 1803 est
356 1776 380 1804 ei
402 1783 512 1814 propter
529 1779 607 1807 fidem
622 1780 649 1807 iu
672 1779 865 1808 Christum.....
890 1782 988 1810 mulier

205 1822 278 1849 enim
296 1822 444 1858 alienigena
459 1829 528 1852 erat.

208 1868 239 1897 V.
257 1869 303 1899 45.
319 1872 339 1897 Α
356 1876 429 1898 sexta
445 1877 532 1900 autem
558 1873 622 1900 liora
640 1874 751 1910 tenebrw
775 1875 882 1910 fuerunt
910 1885 988 1910 super

302 1914 402 1933 omnem
414 1911 522 1940 terram,
535 1916 617 1943 usque
627 1909 661 1935 ad
678 1909 770 1936 horam
785 1919 891 1938 nonam.

241 1951 279 1979 De
295 1952 346 1980 hac
363 1953 456 1988 eclipsi
477 1957 504 1980 et
523 1955 653 1989 propheta
674 1955 821 1984 Zacharias
840 1957 930 1984 dixit:
955 1958 988 1985 In

205 1998 253 2025 illa
267 1999 318 2031 die,
332 1999 430 2034 inquit,
448 2007 500 2027 non
523 2002 571 2028 erit
588 2001 646 2029 lux.
659 2001 691 2028 Et
707 2002 790 2037 frigus
812 2008 836 2030 et
860 2003 919 2038 gelu
938 2006 987 2031 erit

206 2053 286 2072 unam
303 2046 381 2074 diem.
399 2045 432 2073 Et
452 2047 508 2074 dies
526 2047 572 2074 illa
589 2052 650 2074 nota
666 2047 787 2074 Domino.
801 2047 835 2074 Et
852 2057 904 2075 non
919 2050 986 2082 dies,

206 2095 230 2117 et
245 2099 296 2117 non
305 2099 374 2124 nam;
385 2097 410 2118 et
424 2093 458 2119 ad
472 2100 604 2126 vesperam
617 2093 665 2119 erit
681 2093 728 2121 lita:
742 2094 775 2121 ‘°.
795 2094 860 2127 Dum
875 2095 939 2123 dicit
951 2101 988 2123 te-

207 2136 301 2166 "alme,
326 2137 444 2164 ostendit
466 2137 657 2165 obtenebratos
683 2138 767 2166 fuisse
783 2139 827 2174 qui
856 2139 883 2167 in
900 2140 986 2168 lucem

208 2189 303 2209 manus
319 2182 476 2216 injecerant.
492 2183 651 2211 Sicutenim
662 2183 800 2220 Egyptiis
818 2185 926 2213 fuerunt
946 2191 986 2214 le-

207 2227 306 2260 nebraa,
318 2228 399 2254 atlux
416 2228 477 2256 filiis
488 2229 584 2263 Israel;
600 2229 636 2257 ita
651 2235 679 2258 et
692 2238 773 2263 nunc,
790 2231 917 2260 Ecclesiae
928 2233 987 2267 qui-

207 2271 267 2299 dem
283 2277 325 2299 est
337 2273 381 2299 lux
394 2281 402 2305 ;
416 2278 444 2300 at
461 2275 561 2302 Judaais
575 2280 639 2303 sunt
656 2276 773 2303 tenebrae
790 2277 930 2311 triduana},
946 2278 986 2305 lu-

206 2316 287 2344 minis
302 2324 398 2352 nempe
424 2320 540 2352 paterni,
557 2320 710 2354 splendoris
737 2320 851 2355 Christi,
872 2322 985 2357 fulgoris

206 2361 325 2397 Spiritus
336 2363 435 2390 sancti.
452 2363 484 2390 Et
499 2364 561 2399 quia
585 2365 629 2392 die
643 2369 717 2392 sexta
732 2365 821 2393 factus
838 2372 880 2394 est
894 2367 985 2400 homo,

206 2415 239 2434 ac
250 2408 406 2435 verosimile
419 2413 460 2435 est
475 2409 548 2436 illum
564 2410 629 2437 hora
645 2416 721 2438 sexta
736 2411 818 2440 fuisse
832 2412 984 2447 deceptum,

206 2458 348 2489 propterea
366 2454 482 2482 fortasse
497 2455 542 2489 qui
557 2463 605 2490 pro
626 2456 713 2483 salute
731 2457 871 2485 hominum
888 2466 986 2493 passus

205 2504 257 2532 est,
274 2499 339 2526 hora
351 2505 426 2526 sexta
438 2507 584 2534 suspensus
600 2500 660 2528 fuit.
675 2501 730 2529 Hoc
743 2508 785 2530 est
796 2504 901 2538 signum
913 2505 985 2540 quod

207 2550 285 2572 antea
307 2546 462 2579 petentibus
476 2553 506 2573 se
519 2546 647 2574 daturum
661 2549 822 2582 promiserat
838 2549 962 2583 inquiens
977 2559 983 2576 :

205 2590 345 2618 Generatio
360 2599 441 2625 prava
455 2596 479 2618 ει
495 2591 615 2619 adultera
636 2593 737 2627 signum
755 2595 863 2629 requirit
876 2596 908 2628 ¹¹,
930 2603 982 2625 etc.

204 2636 248 2668 Et.
262 2636 368 2671 quando
377 2638 552 2664 exaltareritis
568 2636 668 2665 Filium
680 2639 805 2671 hominis,
819 2645 880 2668 tunc
891 2649 984 2675 cogno-

1043 280 1084 298 σιν
1104 273 1227 300 ὑπαίτιον
1249 275 1405 310 αἰτήσονται
1415 296 1422 308 ,
1439 274 1499 302 εἷπε
1516 277 1594 303 τοῦτο
1608 278 1622 303 ὸ
1638 278 1751 310 Πιλᾶτος
1761 298 1768 310 ,
1784 279 1819 310 ὡς

1040 318 1154 350 δικαίοις
1170 317 1255 347 οὖσιν.
1278 321 1354 356 ᾜδει
1370 321 1440 356 γὰρ,
1465 322 1506 349 ὅτι
1524 323 1600 350 οὐδὲν
1623 324 1693 360 σαφῆ
1714 324 1821 360 ἔλεγχον

1041 361 1112 398 εἶχον
1125 366 1184 391 κατ’
1197 364 1298 401 αὐτοῦ.ι

1077 464 1201 496 Halatch
1214 465 1242 492 δὲ
1261 465 1330 492 πάνυ
1342 465 1516 502 ἀντιγράφοις
1530 467 1663 503 ἐντυχὼν,
1680 465 1759 505 εὗρον
1777 471 1821 497 καὶ

1040 509 1120 537 αὑτὸν
1136 510 1181 537 τὸν
1198 511 1340 546 Βαραϐὃᾶν
1360 512 1463 547 Ἰησοῦν
1480 513 1632 549 λεγόμενον.
1655 514 1748 547 οὕτως
1759 516 1822 550 γοῦν

1041 555 1111 592 εἶχεν
1127 558 1144 592 ὴ
1162 557 1209 584 τοῦ
1229 557 1343 585 Πιλάτου
1363 558 1459 591 πεῦσις
1476 560 1542 586 ἐκεῖ·
1565 561 1634 587 Τίνα
1649 561 1750 588 θέλετε
1763 562 1820 590 ἀπὸ

1040 601 1099 628 τῶν
1109 602 1164 629 δύο
1179 603 1323 630 ἀπολύσω
1336 603 1424 638 {min
1447 605 1568 639 Ἰησοῦν
1583 606 1636 632 τὸν
1656 607 1818 641 Βαραϐϐᾶν,

1041 649 1060 683 ἢ
1084 649 1203 683 Ἰησοῦν
1213 650 1266 677 τὸν
1282 651 1447 684 λεγόμενον
1459 652 1603 685 Χριστόν;
1620 653 1664 685 Ὠς
1674 653 1729 689 γὰρ
1743 654 1821 685 ἔοικε,

1041 696 1219 731 πατρωνυμία
1232 694 1266 732 ἦν
1278 696 1324 723 τοῦ
1340 696 1437 733 λῃστοῦ
1457 699 1471 724 ὁ
1487 698 1640 734 Βαραϐϐᾶς,
1658 700 1727 735 ὅπερ
1740 701 1823 736 ἑρμη-

1040 742 1145 768 νεύεται
1164 742 1350 770 διδασκάλου
1364 744 1429 777 υἱός
1446 744 1511 780 (51).
1529 745 1720 781 Συντιθέμενον
1734 744 1779 772 οὖν
1794 746 1823 773 τὺ

1040 787 1087 814 τοῦ
1106 788 1256 824 Βαραμϐἄν
1274 789 1358 825 ὄνομα
1381 790 1507 825 σημαίνει
1526 790 1592 824 υίὸς
1611 792 1663 818 τοῦ
1682 792 1823 819 διδασκά-

1040 835 1097 861 λου
1111 833 1204 868 ήμῶν.
1218 835 1271 861 Καὶ
1282 835 1354 867 τίνος
1366 835 1420 871 ἄρα
1436 836 1594 864 διδασκάλου
1613 837 1669 864 υίὺν
1682 838 1735 873 χρὴ
1749 838 1822 873 νομί-

1042 878 1098 910 ζειν
1113 879 1158 905 τὸν
1180 879 1313 915 ἐπίσημον
1332 880 1442 916 λῃστὴν,
1465 881 1481 917 ἢ
1504 881 1551 908 τοῦ
1572 882 1666 918 ἀνδρὸς
1683 883 1822 918 αἱμάτων,

1040 925 1094 951 τοῦ
1107 925 1142 957 ἐξ
1158 925 1254 960 ἀρχῆς
1278 926 1534 961 ἀνθρωποκτόνου,
1554 928 1583 955 ὃν
1608 928 1751 964 καὶμέχρι
1777 929 1824 963 τῆς

1039 971 1117 1007 δεῦρο
1146 972 1245 1006 μᾶλλον
1267 971 1405 1008 αἱροῦνται
1434 974 1459 1000 οἱ
1490 974 1619 1009 μαθόντες
1650 976 1716 1010 παρ’
1745 974 1823 1001 αὐτοῦ

1039 1016 1279 1052 ἀνθρωποκτονεῖν,
1291 1017 1307 1053 ἢ
1327 1017 1372 1043 τὸν
1389 1018 1570 1050 ζωοποιοῦντα
1580 1020 1642 1051 τοὺς
1654 1019 1823 1055 ἀνθρώπους,

1038 1061 1083 1088 τὸν
1106 1061 1206 1098 Κύριον
1223 1062 1300 1098 ἡμῶν
1320 1063 1422 1098 Ἰησοῦν
1437 1064 1573 1099 Χριστόνς

1074 1107 1240 1143 Κρινόμενος
1255 1108 1308 1135 ὑπὸ
1324 1109 1371 1136 τοῦ
1391 1109 1518 1142 Πιλάτου,
1532 1109 1697 1145 ἐχρημάτιζε
1713 1112 1747 1146 τῇ
1764 1110 1823 1137 τοὺ-

1037 1161 1084 1179 του
1104 1155 1229 1187 γυναικὶ,
1252 1155 1295 1181 ἵνα
1311 1157 1344 1191 τῇ
1365 1155 1413 1191 μὲν
1430 1156 1518 1190 σιωπῇ
1539 1155 1588 1191 τὴν
1607 1156 1733 1191 ἀνδρείαν
1744 1165 1823 1184 κατα-

1039 1197 1129 1233 πλαγῇ
1139 1218 1146 1230 ,
1159 1198 1198 1234 τῷ
1213 1199 1242 1225 δὲ
1261 1200 1443 1235 χρηματισμῷ
1466 1200 1522 1236 γνῷ
1532 1221 1538 1232 ,
1553 1201 1594 1227 ὅτι
1607 1201 1658 1228 οὐκ
1672 1201 1824 1238 ἄνθρωπον,

1038 1243 1107 1271 ἀλλὰ
1119 1244 1184 1271 Θεὸν
1197 1245 1294 1281 κρίνει.
1307 1247 1357 1274 Διὰ
1373 1246 1401 1273 δὲ
1418 1245 1496 1273 τοῦτο
1513 1246 1594 1278 αὐτὸς
1608 1248 1657 1273 οὑκ
1669 1244 1741 1275 εἶδεν
1754 1248 1770 1283 ἦ
1785 1248 1825 1275 ἵνα

1039 1289 1076 1324 μὴ
1093 1290 1219 1326 σιωπήσῃ
1229 1290 1267 1324 τῷ
1287 1291 1340 1327 (5‘2)
1364 1291 1445 1327 ὅναρ,
1471 1291 1488 1326 ἦ
1517 1291 1557 1318 δτι
1582 1292 1631 1318 οὐκ
1658 1292 1822 1326 ἐπιστεύετο,

1044 1334 1060 1370 ἢ
1080 1334 1120 1361 ὃτι
1146 1334 1256 1368 ἀνάξιος
1278 1337 1322 1372 ἦν,
1352 1336 1368 1372 ἢ
1398 1337 1440 1363 ἵνα
1467 1336 1586 1369 ἀκούσας
1608 1337 1625 1364 ἃ
1649 1338 1794 1373 ὑπέμεινεν
1808 1339 1824 1372 ἠ

1036 1380 1121 1416 γυνὴ,
1152 1382 1326 1418 συμπαθήσῃ.
1359 1383 1395 1409 Οὐ
1421 1383 1474 1419 γὰρ
1499 1383 1578 1419 μόνον
1606 1382 1659 1411 εἶδε
1684 1385 1717 1412 τὸ
1746 1386 1824 1412 ἐνύπ-

1036 1434 1104 1458 νιον,
1134 1426 1201 1453 ἀλλὰ
1226 1428 1272 1454 καὶ.
1299 1428 1383 1455 πολλὰ
1401 1428 1494 1461 ἔπαθε,
1519 1430 1565 1456 καὶ
1580 1430 1608 1456 ὲν
1622 1431 1699 1457 νυκτὶ
1717 1432 1786 1467 πρὸς
1796 1431 1824 1458 τὸ

1037 1472 1222 1509 φοὸερώτερον
1236 1474 1367 1508 γίνεσθαι.
1387 1475 1491 1507 ’Ἄλλως
1510 1484 1540 1501 τε
1553 1476 1581 1502 δὲ
1595 1476 1729 1512 Προνοίας
1748 1477 1824 1513 ἔργον

1035 1517 1066 1544 τὸ
1077 1517 1153 1553 ὄναρ,
1169 1519 1200 1545 οὐ
1214 1519 1359 1555 λεγόμενον
1377 1519 1426 1555 μὲν
1441 1519 1467 1546 τι
1479 1517 1523 1555 ἦν,
1537 1520 1657 1547 δειχνὺον
1670 1521 1710 1552 δὲ,
1725 1522 1765 1548 ὅτι
1778 1522 1823 1557 οὑχ

1038 1564 1083 1591 ἴνα
1106 1564 1142 1599 μὴ
1165 1563 1238 1599 πάθῃ
1264 1565 1278 1590 ὁ
1306 1563 1408 1598 Ἰησοῦς
1430 1564 1553 1600 ὲδείχοη,
1575 1565 1632 1591 ἀλλ’
1655 1565 1698 1592 ἵνα
1717 1566 1789 1601 σωθῇ
1808 1567 1822 1600 ἠ

1040 1610 1118 1644 γυνή.
1126 1610 1256 1646 Μακαρία
1263 1610 1290 1636 δὲ
1304 1611 1321 1645 ή
1332 1610 1444 1637 τοιαῦτα
1457 1611 1512 1646 (55)
1523 1612 1660 1648 ἀπέχουσα
1673 1613 1702 1638 ὲν
1713 1612 1823 1648 ὀνείροις

1041 1653 1071 1680 τὸ
1085 1653 1198 1685 παθεῖν,
1221 1653 1264 1680 ἵνα
1287 1654 1324 1689 μὴ
1345 1655 1498 1692 ὑπερπάοῃ.
1511 1657 1542 1683 Et
1560 1657 1616 1692 (54)
1638 1657 1666 1683 δὲ
1691 1657 1824 1693 σύμϐολόν

1041 1699 1114 1725 ἐστιν
1131 1698 1198 1734 αὕτη
1214 1698 1264 1734 τῆς
1278 1708 1341 1726 ποτε
1351 1700 1403 1727 ὑπό
1419 1701 1535 1729 Πιλάτου
1548 1703 1745 1739 κυριευομένης
1767 1703 1823 1729 Ἐκ-

1041 1744 1164 1780 κλησίας,
1183 1745 1228 1772 καὶ
1247 1746 1338 1773 οὐκέτι
1357 1746 1439 1783 οὔσης
1456 1748 1529 1784 αὐτῷ
1547 1749 1701 1785 ὑποχειρίου
1716 1749 1760 1776 διὰ
1776 1749 1823 1785 τὴν

1040 1791 1079 1822 είς
1092 1791 1208 1826 Χριστὸν
1222 1792 1344 1819 πίστιν...
1411 1793 1474 1828 γὰρ,
1487 1793 1633 1828 ἀλλόφυλος
1644 1794 1698 1830 γὰρ
1715 1795 1732 1830 ἡ
1746 1795 1821 1829 γυνή.

1038 1879 1110 1915 Στίχ.
1126 1881 1262 1918 μεη-Ἀπὸ
1285 1881 1319 1918 δὲ
1330 1882 1420 1918 ἓκζης
1431 1881 1760 1918 ᾦραςγσκότοςνέγένετο
1775 1882 1821 1909 ἐπὶ

1153 1915 1256 1942 πᾶσαν
1270 1916 1326 1950 τὴν
1343 1916 1402 1952 γῆν
1424 1915 1478 1950 ἓώς
1495 1917 1573 1951 ὥρας
1587 1915 1706 1952 ἐνάτὴς.

1075 1960 1132 1997 (55)
1151 1962 1219 1998 Περὶ
1234 1963 1336 1997 ταύτης
1355 1963 1404 1998 τῆς
1417 1963 1563 1998 ἐκλείψεως
1582 1964 1629 1990 καὶ
1652 1964 1666 1989 ὁ
1681 1964 1822 1999 προφήτης

1037 2007 1172 2043 Ζαχαρίας
1186 2008 1279 2035 εἰπών·
1299 2009 1350 2035 Ἐν
1361 2009 1462 2043 ἐκείνῃ
1476 2009 1512 2043 τῇ
1524 2009 1618 2044 ἡμέρᾳ
1627 2030 1633 2041 ,
1647 2010 1730 2045 φησιν
1740 2030 1747 2042 ,
1769 2010 1821 2036 οὐκ

1037 2051 1122 2078 ἔσται
1135 2051 1207 2086 φῶς.
1220 2053 1275 2079 Καὶ
1286 2053 1386 2088 ψῦχος
1402 2053 1451 2080 καὶ
1462 2053 1558 2089 πάγος
1572 2055 1656 2081 ἔσται
1669 2055 1744 2089 μίαν
1755 2052 1821 2089 ἠμέ-

1033 2106 1102 2131 ραν.
1120 2098 1174 2125 Καὶ
1188 2099 1207 2132 ἠ
1222 2097 1317 2133 ἡμέρα
1331 2099 1432 2133 ἐκείνη
1448 2099 1568 2134 γνωστὴ
1586 2100 1625 2132 τῷ
1643 2100 1750 2134 Κιψίῳ.
1768 2099 1821 2126 Καὶ

1037 2145 1093 2178 οὐχ
1108 2144 1213 2178 ἡμέρα,
1231 2145 1279 2171 καὶ
1296 2146 1331 2172 οὐ
1349 2145 1407 2178 νύξ
1417 2155 1423 2161 ·
1441 2146 1490 2173 καὶ
1506 2146 1581 2180 πρὸς
1594 2146 1728 2180 ἑσπέραν
1739 2147 1820 2174 ἔσται

1038 2188 1107 2224 φῶς.
1124 2189 1216 2217 Είπὼν
1233 2190 1261 2216 δὲ
1276 2190 1309 2217 τὸ
1325 2192 1435 2224 σκότος
1452 2191 1482 2218 τὸ
1498 2192 1652 2218 ἐσκοτίσθαι
1671 2193 1734 2224 τοὺς
1759 2192 1820 2227 βάλ-

1037 2235 1131 2267 λοντας
1146 2237 1239 2270 χεῖρας
1253 2236 1292 2271 τῷ
1306 2237 1383 2270 φωτί.
1411 2237 1454 2269 Ὠς
1470 2237 1524 2272 γὰρ
1538 2238 1695 2272 Αἰγυπτίοις
1708 2239 1802 2269 σκότος
1813 2258 1819 2267 .

1037 2281 1084 2307 καὶ
1100 2282 1155 2313 τοῖς
1170 2281 1237 2313 υἱοῖς
1256 2282 1362 2318 Ἰσραὴλ
1376 2283 1433 2317 φῶς
1444 2291 1452 2300 ⁸
1475 2283 1560 2316 οὕτως
1579 2284 1625 2310 καὶ
1642 2283 1689 2310 νῦν
1713 2285 1745 2319 τῇ
1774 2284 1820 2319 μὲν

1043 2326 1189 2363 Ἐκκλησία
1202 2327 1269 2362 φῶς,
1283 2330 1339 2360 τοῖς
1351 2329 1379 2355 δὲ
1399 2330 1534 2362 Ἰουδαίοις
1549 2330 1643 2362 σκότος
1656 2330 1740 2366 τριῶν
1755 2331 1820 2365 ἡμε-

1038 2371 1103 2406 ρῶν,
1114 2371 1202 2406 φωτὺς
1213 2372 1357 2408 πατρικοῦ,
1365 2374 1579 2409 ἀπαυγάσματος
1585 2374 1713 2409 Χριστοῦ,
1724 2375 1821 2409 ἐκλάμ-

1036 2415 1108 2450 ψεως
1126 2417 1203 2451 ἁγίου
1221 2418 1386 2454 Πνεῦματος.
1406 2419 1461 2446 Καὶ
1478 2420 1538 2446 ἐπεὶ
1555 2421 1583 2446 ὲν
1592 2422 1625 2455 τῇ
1647 2420 1714 2456 ἕκτῃ
1732 2420 1819 2455 ἡμέρᾳ

1036 2462 1181 2498 γεγένηται
1194 2463 1208 2489 ὁ
1222 2463 1372 2499 ἄνθρωπος,
1389 2465 1461 2496 εἰκὸς
1473 2465 1500 2492 δὲ
1516 2465 1595 2492 αὑτὸν
1607 2466 1634 2491 ὲν
1644 2466 1676 2501 τῇ
1688 2465 1754 2502 ἕκτῃ
1762 2465 1818 2501 ὥρᾳ

1037 2508 1184 2542 ἐσφάλθαι·
1200 2509 1269 2544 τάχα
1289 2509 1333 2535 διὰ
1351 2509 1430 2536 τοῦτο
1441 2511 1455 2537 ὁ
1473 2511 1542 2546 ὑπὲρ
1558 2511 1692 2546 σωτηρίας
1715 2510 1818 2547 ἀνθρώ-

1039 2562 1096 2580 πων
1114 2554 1224 2589 πάσχων
1245 2554 1304 2590 ὥρᾳ
1325 2554 1392 2591 ἕκτῃ
1411 2555 1576 2592 ἐκρεμάσθη.
1600 2556 1685 2582 Τοῦτό
1705 2557 1763 2583 ἐστι
1790 2555 1818 2582 τὺ

1039 2601 1160 2634 σημεῖον,
1173 2600 1241 2636 ὅπερ
1255 2600 1407 2637 ἔμπροσθεν
1428 2601 1546 2628 αἰτοῦσιν
1567 2602 1698 2637 ὑπέσχετο
1714 2602 1815 2632 δώσειν,

1037 2644 1136 2679 λέγων·
1155 2646 1248 2673 Γενεὰ
1272 2647 1386 2681 πονηρὰ
1406 2648 1454 2674 καὶ
1469 2648 1609 2682 μοιχαλὶς
1621 2649 1746 2684 σγυιεῒον
1761 2649 1817 2675 ἐπι-

240 2705 264 2722 ¹⁸
290 2706 384 2734 Matth.
405 2708 548 2739 xxv1t,i7.
589 2708 611 2724 ¹⁹
626 2707 705 2736 Joan.
719 2717 778 2742 vni,
801 2710 846 2737 M.
883 2711 907 2728 ³⁰
921 2712 1002 2740 Zach.
1015 2721 1072 2746 xw,
1087 2713 1113 2744 6,
1128 2714 1154 2740 7.
1192 2714 1215 2729 ¹¹
1228 2714 1324 2741 Matth.
1343 2723 1391 2747 xu,
1403 2714 1447 2742 '59.
1487 2715 1509 2730 "
1523 2714 1601 2742 Joan.
1616 2722 1675 2748 vnt,
1691 2715 1734 2742 28.

204 2765 381 2833 patuli-1252i?
398 2767 521 2802 quaedam
550 2769 657 2797 videtur
684 2770 805 2798 hausisse
833 2771 985 2809 Theophyl.

241 2826 299 2868 (52)
315 2826 394 2862 Forte
404 2837 443 2863 τό.

238 2869 293 2904 (33)
307 2870 346 2896 An
362 2872 480 2907 τοιαύτη.

1074 2774 1129 2807 (54)
1147 2774 1228 2803 Forte
1238 2775 1328 2802 οἱονεί.

1075 2809 1130 2846 (55)
1145 2810 1321 2846 Subjungjtur
1336 2818 1388 2838 non
1408 2810 1538 2846 asscriptu
1558 2811 1676 2840 auctoris
1698 2811 1814 2840 nomine.

1040 2844 1149 2872 Confer.
1165 2846 1237 2872 edita
1252 2844 1331 2881 Orig.
