1904 3076
100 141 151 168 509

712 143 855 171 SCHOLIA
876 142 909 170 IN
928 143 1146 174 MA'I‘THEUM.

1684 149 1736 176 3l0

105 202 192 237 ζητεῖ,
205 204 256 230 καὶ
279 204 364 239 ἑξῆς·
378 206 434 238 καὶ,
449 204 541 232 ὀταν
554 205 696 240 ὑψώσητε
706 206 759 233 τὸν
769 206 835 233 Υἱὸν
845 205 891 233 τοί

950 207 1035 239 uelis,
1051 209 1112 242 quia
1133 215 1179 242 ego
1197 215 1256 235 sum
1277 208 1310 233 ’⁸.
1330 207 1398 235 Erat
1417 207 1516 242 quippe
1528 207 1606 242 longe
1620 208 1736 234 admira-

108 248 266 283 ἀνθρώπου
284 251 355 277 τότε
369 251 537 286 γνώσεσθε,
553 251 597 278 ὅτι
611 251 668 287 ἐγώ
686 254 755 287 ειμι.
772 253 825 279 Καὶ
847 252 902 289 γὰρ

110 295 196 331 πολλῷ
209 295 434 332 θαυμαστότερον
448 297 494 323 ἐπὶ
508 297 554 324 τοῦ
575 297 692 333 σταυροῦ
715 298 902 334 προσηλουμέ-

111 352 155 370 νου
168 343 255 370 ταῦτα
271 342 430 379 γενέσθαιῆ
445 345 491 371 ἐπὶ
505 344 556 379 γῆς
578 344 738 379 βαδίζοντος.
762 345 799 371 Οὺ
816 345 902 382 ταύτῃ

111 388 139 414 δὲ
157 388 237 424 μόνον
249 389 281 416 τὸ
294 389 444 425 παράδοξον
456 387 500 426 ἦν,
515 389 571 416 ἁλλ’
584 390 625 417 ὅτι
640 390 688 418 καὶ
712 391 744 417 ἐκ
757 390 804 418 τοῦ
819 391 901 427 ούρα-

111 435 157 461 νοῦ
177 435 291 469 γέγονεν
310 436 380 472 ὅπερ
394 435 507 472 ἐζήτουν
517 457 524 470 ,
544 437 593 464 καὶ
608 436 657 464 ἐπὶ
671 436 775 464 πᾶσαν
787 437 845 472 τὴν
858 439 901 464 ol-

110 480 275 515 κουμένην,
288 482 356 518 ὅπερ
369 482 430 508 οὐδὲ
445 482 578 519 πρότερον
591 483 701 519 συνέση,
713 483 770 510 ἀλλ’
778 484 807 510 ἐν
818 483 901 518 Αίγύ-

111 534 171 561 πτῳ
195 527 296 562 μόνον,
318 528 362 554 ὅτε
376 528 423 554 καλ¹
450 528 480 555 τὸ
502 528 598 563 Πάσχα
623 529 753 557 ἐτελεῖτο·
780 530 828 556 καὶ
847 530 901 565 γὰρ

111 572 203 598 ἐκεῖνα
219 573 303 605 τύπος
322 571 356 609 ἦν
366 574 478 602 τούτων.
492 575 550 601 Ἵνα
562 575 616 610 γὰρ
637 575 673 610 μὴ
690 576 802 602 εἴπωσιν
815 575 902 602 ἔκλει-

109 618 157 652 ψιν
170 616 240 644 εἶναι
252 619 283 645 τὸ
305 619 498 655 γεγενημένον,
514 619 557 647 διὰ
574 620 652 647 τοῦτο
674 622 707 656 τῇ
729 621 759 648 ιδ’
779 621 899 655 γίνεται,

110 664 155 690 ὅτε
166 664 286 700 ἔκλειψιν
301 665 436 701 συμϐῆναι
449 665 598 701 ἀμήχανον.
619 667 662 693 Ἐν
676 667 745 702 μέσῃ
757 667 786 693 δὲ
798 666 898 702 ἡμέρᾳ,

109 710 155 737 ἵνα
169 711 271 743 πάντες
283 711 309 738 οἱ
321 711 435 747 τὴν,γῆν
451 711 588 744 οἰκοῦντες
602 712 732 748 μάθωσιν,
747 713 786 739 ὅτι
800 721 899 740 παντα-

108 757 159 792 χοῦ
178 757 229 792 τῆς
245 758 407 794 οἰκουμένης
430 758 520 794 ἡμέρα
543 756 586 794 ἦν.
608 759 662 785 Kal.
680 757 787 792 Φλέγων
807 758 836 785 δέ
856 767 898 791 τις

110 803 176 837 παρ’
203 802 316 838 Ἕλλησι
335 803 478 839 φιλόσοφος
495 804 629 840 μέμνηται
649 803 744 830 τούτου
766 803 812 830 τοῦ
833 804 895 831 σκό-

107 855 188 879 τους,
211 848 249 880 ὡς
264 849 422 885 παραδόξως
441 849 624 886 γεγενημένου
637 850 667 876 ὲν
687 850 720 885 τῇ
739 850 769 876 ιδ’
781 850 831 885 τῆς
855 859 897 876 σε-

108 893 194 929 λήνης
205 903 212 909 ο
231 895 276 921 ὅτε
294 895 325 920 οὐ
337 895 459 930 πέφυκεν
480 895 600 930 ἔκλειψις
614 895 745 929 γίνεσθαι,
766 896 809 922 ὅτε
830 896 895 923 πολὺ

108 939 208 974 ἀπέχει
227 940 257 966 τό
272 940 319 967 τοῦ
341 940 418 976 ἡλίου
439 941 576 978 διάστημα
586 961 593 973 ,
609 942 670 968 ὅσον
686 942 733 968 ἀπ’
751 941 838 977 ἀρχῆς
850 943 896 968 τοῦ
913 930 932 957 Β

108 986 226 1022 οὐρανοῦ
242 987 295 1020 ἓως
314 988 416 1021 τέλους.
438 989 506 1016 Τότε
527 988 581 1025 γὰρ
604 988 723 1024 γίνονται
745 988 895 1024 ἐκλείψεις,

107 1033 173 1060 ὅταν
194 1033 381 1069 πλησιάσωσιν
399 1034 524 1070 ἀλλήλοις
546 1035 570 1061 οἱ
584 1034 631 1061 δύο
649 1031 722 1061 οὗτοι
744 1035 894 1070 φωστῆρες.

107 1079 218 1106 Γίνεται
227 1079 282 1116 γὰρ
293 1080 412 1116 ἔκλειψις
426 1081 501 1117 ἡλίου
522 1081 669 1113 συνοδικῶς
689 1081 896 1118 ὑποδραμούσης

107 1126 190 1152 αὐτὸν
205 1126 333 1162 σελήνης,
351 1127 381 1154 οὐ
398 1128 566 1164 πανσελήνῳ,
579 1128 623 1155 ὅτε
635 1127 779 1163 διάμετρός
789 1129 846 1154 ἐστι
860 1129 894 1164 τῇ

108 1171 221 1206 σελήνῃ.
235 1171 320 1199 Τοῦτο
332 1172 361 1199 δὲ
370 1173 493 1207 γέγονεν,
505 1174 543 1205 ὡς
556 1173 705 1206 πενθούσης
717 1173 767 1208 τῆς
781 1174 894 1206 κτίσεως

107 1217 155 1243 ἐπὶ
169 1217 209 1252 τῷ
224 1218 365 1251 γεγονότι,
385 1219 432 1246 καὶ
448 1219 492 1246 διὰ
511 1218 592 1246 τοῦτο
609 1219 756 1254 δηλούσης,
771 1219 828 1251 ὅτι,
846 1219 895 1254 τῆς

107 1262 251 1298 παροινίας
266 1264 368 1299 ταύτης
387 1264 554 1300 πραχθείσης
572 1264 602 1297 ἐξ
623 1264 772 1297 Ἰουδαίων,
789 1265 894 1292 ἐσκοτί‹

107 1308 157 1343 σθη
180 1308 270 1336 αὐτῶν
289 1310 303 1336 ό
325 1310 401 1342 νοῦς,
416 1311 463 1338 καὶ
485 1310 588 1346 ἀπέστη
606 1311 652 1337 ἀπ’
665 1310 753 1337 αὐτῶν
770 1311 784 1336 ό
801 1311 894 1346 νοητὸς

104 1353 191 1388 ἣλιος.
215 1355 279 1382 Εττε
299 1355 354 1392 γὰρ
375 1356 456 1383 αὑτὸν
476 1356 599 1391 ἐνόμιζον
614 1355 692 1382 τοῦτο
706 1357 892 1391 πεποιηκέναι,

105 1400 160 1426 ἔδει
177 1400 322 1428 πιστεῦσαι
333 1401 380 1428 καὶ
391 1402 556 1438 φοδηθῆναι·
574 1401 628 1428 εἴτε
646 1401 696 1428 οὐκ
713 1401 808 1434 αὑτὸν,
826 1401 893 1428 ἀλλὰ

103 1447 150 1473 τὸν
164 1447 287 1483 Πατέρα,
305 1448 352 1475 καὶ
367 1449 399 1474 ἐκ
411 1448 505 1475 τούτου
522 1448 576 1475 ἔδει
589 1449 784 1484 κατανυγῆναι.
805 1449 894 1484 Ὀργι-

105 1492 221 1528 ξομένου
231 1493 286 1529 γὰρ
296 1491 330 1529 ἦν
343 1494 373 1520 τὸ
385 1494 478 1527 σκότος
492 1495 589 1526 ἐκεῖνο,
602 1494 650 1520 καὶ
662 1494 760 1529 δεῖγμα
769 1493 816 1520 τοῦ
828 1493 892 1529 μέλ-

103 1539 197 1571 λοντος
210 1539 303 1566 λαϐεῖν
314 1540 377 1572 τοὺς
391 1540 540 1576 θεομάχους
550 1549 581 1567 τε
594 1541 640 1567 καὶ
659 1540 825 1576 μιαιφόνους.
844 1539 893 1567 Διὰ

103 1584 183 1612 τοῦτο
196 1585 251 1621 γὰρ
263 1586 331 1620 μετὰ
344 1586 451 1613 πάντων
461 1587 510 1622 τῆς
525 1586 580 1622 (56)
593 1587 735 1622 παροινίας
754 1586 832 1613 τοῦτο
848 1586 891 1620 γί-
905 1605 926 1633 c

102 1639 193 1662 νεται,
210 1630 254 1657 ὅτε
266 1631 345 1667 κόρος
356 1631 434 1658 ἐλαὸε
443 1632 497 1659 τῶν
516 1633 697 1668 σκωμμάτων,
717 1632 764 1659 καὶ
784 1632 892 1659 πάντων

102 1676 270 1711 ἐφθέγξαντο
284 1677 334 1704 ὅσα
349 1678 497 1714 ἠθέλησαν.

415 1724 493 1750 ΚΕΦ.
513 1724 578 1752 κη’.

101 1766 179 1803 falx.
206 1771 252 1804 ιη’.
279 1768 383 1803 Ἐδόθη
397 1778 448 1806 μοι
470 1769 560 1806 ,πᾶσαί
578 1770 704 1803 ἐξουσία
720 1771 755 1798 ἐν
774 1772 891 1806 οὐρανῷ

399 1804 448 1830 καὶ
463 1805 511 1831 ἐπὶ
526 1805 592 1840 γῆς.

138 1849 186 1881 Τὸ,
209 1849 311 1884 Ἐδόθη
321 1859 371 1885 μοι
385 1849 468 1878 πᾶσα
488 1851 624 1884 ἐξουσία,
636 1853 684 1879 καὶ
697 1852 771 1888 ἑξῆς,
787 1853 827 1885 εἰς
841 1853 890 1888 τὴν

101 1895 311 1932 ὲνανθρὼπησιν
332 1897 397 1924 νόει.
417 1897 449 1924 El
470 1897 498 1924 δὲ
515 1898 562 1925 καὶ
582 1899 622 1930 είς
641 1898 690 1934 τὴν
706 1898 888 1934 θεότητα......

101 1941 217 1978 θεωρεῖν
226 1942 296 1977 (57),
311 1943 358 1970 καὶ
373 1942 443 1970 οὕτω
457 1943 529 1980 λήψῃ
540 1943 571 1970 τὸ
578 1943 681 1978 Ἐδόθη
690 1953 740 1978 μοι
753 1944 888 1976 ἐξουσία,

100 1988 164 2014 ἀντὶ
190 1987 238 2014 τοῦ
259 1988 417 2023 Ἐχωρήθη.
436 1989 558 2023 Ἐδόθη,
575 1989 675 2025 ἠνέχθη
692 1998 747 2024 μοι,
762 1989 826 2025 περὶ
842 1989 888 2016 τοῦ

100 2033 277 2068 αὑτεξουσίου
295 2034 467 2070 ἐπιστεύθην.
486 2034 585 2071 Χώραν
607 2035 685 2070 ἐσχεν
706 2035 723 2070 ή
739 2034 794 2070 ζωὴ
815 2034 890 2070 πρῶ-

98 2088 145 2106 τον
161 2080 211 2115 μὲν
229 2081 257 2106 ἐν
269 2080 325 2111 τοῖς
341 2080 408 2111 ἄνω,
420 2077 479 2106 εἶτα
493 2079 540 2106 νῦν
556 2080 603 2106 καὶ
614 2081 642 2107 ἐν
669 2081 725 2111 τοῖς
747 2080 830 2107 κάτω·
843 2079 889 2111 οὒς

99 2126 268 2162 θαρροῦντες
283 2126 432 2161 βαπτίσατε
449 2126 489 2158 είς
504 2125 534 2153 τὸ
548 2126 633 2161 ὖνομα
647 2125 693 2152 τοῦ
708 2125 828 2161 Πατρὸς,
842 2126 889 2153 καὶ

97 2172 147 2199 τοῦ
166 2171 232 2198 Υἰοῦ
243 2192 251 2203 ,
269 2172 316 2198 καὶ
333 2171 380 2198 τοῦ
404 2172 484 2206 ἁγίου
500 2171 668 2207 Πνεύματος.
685 2169 734 2203 Εἷς
753 2171 768 2197 ὁ
784 2171 887 2203 σώζων.

100 2218 149 2254 μία
171 2218 188 2254 ἡ
211 2217 341 2253 σωηρία.
361 2215 410 2249 Εἷς
431 2218 445 2244 ό
466 2217 520 2249 ζῶν
536 2217 646 2253 Πατὴρ,
664 2217 678 2243 ό
699 2217 779 2249 Υἱὸς,
796 2216 888 2244 καὶτὸ

98 2263 176 2296 ἆγιον
191 2262 314 2297 Πνεῦμα.
336 2260 384 2294 Εἷς
407 2263 479 2289 ἐστιν
501 2262 532 2288 οὺ
553 2262 697 2297 συναλοιφῇ
718 2262 771 2288 τῶν
785 2262 885 2298 τριῶν,
902 2272 924 2299 D

97 2308 156 2334 ἀλλ’
172 2308 253 2343 οὐσίᾳ.
265 2308 330 2343 μιᾷ·
347 2309 421 2343 τρεῖς
433 2307 461 2334 δὲ
475 2308 636 2340 ὑποστάσεις
647 2308 747 2334 τέλειαι
765 2309 793 2334 ἐν
806 2309 883 2341 πᾶσι,

97 2355 145 2382 καὶ
162 2354 338 2390 κατάλληλοι.
356 2354 435 2381 Κατὰ
460 2354 540 2389 φύσιν
565 2353 708 2389 ἐγέννησεν
730 2355 744 2380 ὁ
769 2353 881 2389 Πατήρ·

97 2401 192 2437 διόπερ
213 2400 356 2436 ὁμοούσιος
380 2400 521 2436 ἐγεννήθη.
550 2399 586 2427 Οὐ
613 2399 693 2435 σῶμα
718 2400 733 2426 ὁ
754 2399 884 2431 Θεός·διὰ

96 2447 174 2474 τοῦτο
190 2447 240 2474 οὐκ
248 2445 411 2482 ἀπαρεῦσιν
425 2446 480 2482 (58)
493 2445 510 2481 ἢ
527 2445 641 2481 κίνησιν,
656 2445 672 2481 ἡ
687 2453 713 2471 τι
728 2444 783 2471 τῶν
795 2444 883 2471 τοιού-

95 2500 159 2524 των,
172 2492 191 2519 ἃ.
204 2492 234 2518 ἐν
251 2492 308 2523 τοῖς
324 2490 430 2526 σώμασι
449 2490 601 2525 θεωρεῖται,
624 2490 638 2516 ὁ
659 2488 725 2520 Θεὸς
740 2489 754 2514 ὁ
770 2487 882 2523 ἀσώμα-

95 2546 138 2570 τος
156 2537 314 2572 ἐγέννησεν.
339 2536 534 2567 Ἐνυπόστατος
554 2536 570 2570 ἡ
589 2534 729 2570 γέννησις·
745 2533 880 2570 ἀπετέχθη

96 2583 128 2610 ἐκ
142 2583 192 2618 τῆς
208 2582 304 2614 οὐσίας
317 2582 363 2609 τοῦ
379 2581 485 2618 Πατρὸς
498 2582 512 2608 ό
527 2581 599 2613 Υἱός.

126 2696 181 2730 (36)
199 2697 282 2725 Forte
294 2697 353 2728 τάς.

126 2732 182 2768 (57)
201 2732 252 2760 .\ls.
269 2732 371 2769 χώρης.

955 252 1034 280 bilius
1047 253 1068 280 si
1090 252 1146 280 haec
1165 252 1261 280 ﬁerent
1272 260 1304 280 eo
1318 253 1392 280 cruci
1418 253 1525 285 suilixo,
1546 260 1626 287 quam
1653 260 1734 287 super

954 304 1026 326 terra
1040 298 1193 326 incedente.
1208 297 1265 326 Non
1283 298 1334 326 bac
1349 303 1454 326 tantum
1473 299 1577 326 ratione
1597 306 1661 326 vero
1677 303 1734 325 stu-

951 345 1068 379 peudum
1083 349 1151 375 eral,
1168 345 1214 371 sed
1227 345 1288 379 quia
1301 345 1383 372 etiam
1397 345 1430 372 de
1440 345 1511 372 coelo
1522 344 1648 380 fuitquod
1664 353 1733 380 qtae-

953 391 1059 422 rebant,
1075 395 1098 417 et
1113 398 1191 424 super
1202 391 1349 418 universam
1363 397 1473 423 terram,
1489 391 1562 426 quod
1595 398 1732 425 nunquam

952 441 1031 463 antea
1049 436 1178 471 contigit;
1195 437 1242 463 sed
1266 436 1292 463 in
1310 435 1430 472 Egypto
1457 438 1600 470 duntaxat,
1625 437 1734 472 quando

951 487 978 509 et
990 482 1090 516 pascha
1105 482 1303 509 celebrabatur.
1320 482 1365 510 Illa
1389 483 1461 510 enim
1487 487 1564 518 typus
1579 487 1655 510 erant
1685 484 1734 510 ho-

952 535 1023 554 rum.
1041 526 1076 554 Ut
1088 535 1121 554 ne
1132 528 1203 554 enim
1222 528 1343 555 dicerem
1367 528 1479 562 eclipsin
1501 528 1582 556 fuisse
1602 529 1675 563 quod
1687 537 1733 556 ac-

950 573 1063 605 ciderat,
1077 578 1221 608 propterea
1241 574 1347 601 decima
1371 579 1466 608 quarta
1483 574 1607 608 contigit,
1623 575 1732 608 quando

950 617 1014 645 solis
1035 618 1179 653 deliquium
1202 619 1360 654 contingere
1387 619 1554 654 impossibile
1581 625 1632 647 est.
1643 620 1730 647 Media

950 663 1013 690 item
1033 663 1094 696 die,
1115 669 1249 692 utomnes
1269 665 1362 692 orbem
1381 665 1563 692 inhabitantes
1575 665 1730 699 discerent,

950 709 1051 744 ubique
1064 714 1198 737 terrarum
1211 709 1283 737 diem
1301 709 1396 738 fuisse.
1413 710 1528 744 Quidam
1547 710 1628 737 etiam
1652 709 1731 737 Phle-

949 762 1000 789 gon
1014 755 1122 791 gentilis
1133 755 1309 791 philosophus
1321 747 1418 783 harum
1432 755 1605 783 tenebrarum
1618 757 1732 783 mentio-

949 809 1009 829 nem
1026 801 1101 834 l'acit,
1123 805 1250 837 tanquam
1278 810 1337 837 qua:
1369 808 1465 838 praeter
1481 803 1560 830 [idem
1583 803 1733 830 acciderint

948 846 1010 873 luna
1022 847 1126 874 decima
1135 851 1242 882 quarta,
1256 848 1369 882 quando
1383 853 1481 875 natura
1497 855 1550 874 non
1566 848 1618 875 fert
1631 853 1659 875 ut
1670 855 1732 876 con-

949 892 1107 927 tiugatsolis
1116 892 1264 928 deliquium
1277 901 1286 926 ;
1303 894 1413 928 quando
1427 893 1505 928 longe
1522 894 1598 921 abest
1612 894 1677 921 solis
1690 895 1731 921 di-

948 939 1058 971 stantia,
1074 944 1204 974 quantum
1219 939 1253 966 ab
1263 939 1340 967 initio
1356 940 1390 967 ad
1405 940 1550 968 terminum
1568 939 1641 968 cmli.
1653 939 1728 967 Tunc

947 985 1018 1012 enim
1037 984 1104 1012 Ilunt
1117 985 1246 1020 eclipses,
1260 985 1370 1020 quando
1387 986 1422 1013 ad
1438 993 1467 1013 se
1481 992 1575 1013 mutuo
1599 986 1731 1014 accedant

947 1031 1003 1058 haec
1016 1030 1068 1058 duo
1084 1031 1238 1058 luminaria.
1252 1031 1295 1058 Fit
1308 1032 1379 1058 enim
1396 1031 1462 1059 solis
1473 1032 1584 1066 eclipsis
1609 1031 1670 1059 luna
1696 1032 1730 1059 il-

946 1076 1000 1103 lum
1015 1076 1144 1111 synodice
1159 1077 1303 1109 subeunte,
1321 1085 1374 1104 non
1391 1077 1418 1104 in
1439 1077 1598 1112 pleniluuio,
1619 1078 1729 1112 quando

945 1122 984 1150 sol
1002 1129 1016 1150 e
1036 1123 1168 1150 diametro
1197 1123 1307 1158 respicit
1327 1123 1429 1151 lunam.
1447 1124 1503 1151 Hoc
1523 1131 1605 1158 porro
1622 1124 1727 1152 factum

946 1174 998 1201 est,
1011 1177 1059 1196 ceu
1076 1169 1268 1204 ingemiscente
1281 1175 1404 1197 creatura
1420 1171 1453 1197 ob
1466 1170 1492 1198 id
1503 1171 1575 1205 quod
1589 1176 1728 1206 evenerat,

945 1222 977 1241 ac
995 1220 1136 1250 propterea
1153 1215 1323 1248 ostendente,
1343 1216 1413 1250 quod
1425 1221 1580 1250 perpetrato
1593 1216 1644 1244 hoc
1663 1224 1729 1244 con-

947 1260 1090 1288 tumelioso
1101 1261 1223 1289 facinore
1241 1263 1275 1289 ab
1289 1261 1399 1294 Iudaeis,
1410 1262 1588 1290 obtcnebrata
1597 1267 1638 1290 est.
1651 1271 1728 1291 mens

946 1306 1066 1339 illorum,
1081 1311 1109 1334 et
1123 1308 1234 1335 recessit
1247 1308 1280 1335 ab
1297 1308 1336 1336 eis
1353 1308 1560 1343 solspiritualis.
1577 1309 1640 1336 Sive
1653 1310 1725 1336 enim

945 1353 1020 1380 ilum
1043 1359 1213 1389 reputassent
1238 1355 1290 1382 hoc
1308 1354 1415 1386 fecisse,
1429 1360 1456 1382 et
1485 1355 1649 1382 credendum
1667 1360 1727 1382 erat

944 1400 997 1428 illis
1008 1405 1087 1435 atque
1095 1401 1266 1428 metuendum
1283 1410 1290 1428 :
1306 1401 1363 1428 sive
1375 1407 1427 1428 non
1442 1401 1585 1434 illum,sed
1599 1400 1704 1428 Patrem
1716 1410 1725 1434 ;

944 1450 970 1472 et
983 1446 1024 1473 vel
1036 1454 1070 1473 ex
1091 1445 1141 1473 hoc
1157 1446 1301 1480 compuugi
1319 1446 1462 1474 debebant.
1485 1446 1630 1475 Irascentis
1645 1452 1727 1475 erant

945 1493 1062 1520 tenebrae
1079 1491 1140 1526 illte,
1155 1495 1181 1519 et
1194 1492 1332 1526 specimen
1347 1494 1406 1527 ejus
1415 1493 1485 1527 quod
1498 1498 1726 1527 superventurum

943 1542 1002 1565 erat
1017 1537 1094 1565 hisce
1109 1538 1154 1564 Dei
1163 1538 1285 1565 hostibus
1293 1543 1319 1565 et
1329 1538 1481 1566 homicidis.
1492 1538 1639 1574 Propterea
1652 1540 1726 1567 enim

944 1588 1003 1619 post
1016 1584 1137 1611 omnium
1150 1584 1264 1612 insultus
1279 1585 1348 1611 istud
1362 1585 1488 1619 contigit,
1498 1590 1640 1621 postquam
1652 1593 1727 1614 satu-

943 1630 994 1656 rati
1012 1634 1074 1657 sunt
1088 1630 1250 1665 opprobriis,
1267 1635 1296 1658 et.
1316 1631 1444 1659 universa
1466 1631 1623 1659 eﬂ'ulierunt
1647 1640 1725 1667 quae-

941 1684 1047 1712 cunque
1058 1676 1194 1704 volebant.

1226 1723 1301 1750 CAP.
1322 1723 1442 1753 XXVIII.

943 1767 973 1795 ν.
991 1768 1035 1796 I8.
1062 1767 1134 1795 Data
1157 1773 1195 1796 est
1219 1770 1283 1796 mihi
1311 1770 1394 1796 omnis
1416 1774 1532 1804 potestas
1560 1771 1588 1796 in
1610 1770 1725 1803 caelo,“

1243 1812 1322 1839 super
1338 1809 1418 1832 terra.

975 1847 1032 1876 Hoc
1053 1850 1116 1875 data
1141 1854 1178 1876 eu
1199 1850 1262 1876 mihi
1285 1851 1368 1877 omni:
1390 1854 1515 1884 potestas.
1529 1855 1595 1882 εις..
1618 1851 1650 1878 de
1675 1851 1724 1878 liu-

941 1893 1070 1920 manitate
1084 1893 1213 1929 intellige.
1227 1894 1302 1927 Quod
1319 1895 1340 1922 si
1358 1896 1439 1922 etiam
1455 1896 1487 1923 de
1500 1896 1641 1924 divinitate
1656 1898 1722 1924 velis

939 1939 1126 1972 considerare,
1154 1940 1196 1966 vel
1222 1941 1262 1967 sic
1285 1941 1403 1975 accipies
1419 1941 1585 1969 illudzbata
1604 1948 1640 1970 est
1658 1944 1723 1970 milii

938 1989 1064 2019 potestas,
1082 1992 1130 2019 pro
1140 1993 1262 2013 concerta
1274 1991 1322 2015 est.
1336 1985 1405 2014 Data
1416 1993 1453 2015 est
1466 1997 1476 2016 :
1490 1988 1577 2015 delata
1592 1996 1633 2016 est
1645 1989 1722 2021 ntihi,

939 2039 972 2058 ex
992 2031 1079 2059 libero
1095 2032 1209 2060 arbitrio
1223 2034 1326 2060 credita
1351 2039 1393 2061 est
1408 2033 1485 2061 milii.
1501 2034 1603 2062 Locum
1627 2035 1722 2062 babuit

940 2078 1005 2109 vita,
1021 2078 1138 2112 primum
1159 2079 1268 2114 quidem
1290 2079 1316 2106 in
1337 2080 1471 2114 supernis,
1487 2080 1583 2108 deinde
1599 2089 1670 2108 nunc
1694 2085 1722 2108 et

940 2123 966 2149 in
985 2123 1158 2152 inferioribus
1171 2132 1176 2149 :
1191 2132 1259 2159 quos
1272 2125 1438 2153 conﬁdentes
1451 2126 1591 2160 baptizare
1618 2126 1645 2153 in
1675 2135 1722 2154 no-

939 2167 1012 2194 mine
1027 2167 1127 2201 Patris,
1139 2174 1167 2196 et
1178 2169 1239 2197 Filii
1250 2174 1277 2197 et
1291 2169 1409 2205 Spiritus
1426 2171 1524 2197 sancti.
1538 2170 1611 2199 Unus
1620 2177 1662 2199 est
1673 2172 1720 2206 qui

938 2213 1035 2245 salvat,
1054 2222 1107 2241 una
1123 2219 1165 2242 est
1179 2215 1262 2242 salus.
1280 2215 1354 2243 Unus
1371 2216 1465 2243 vivens
1486 2215 1578 2248 Pater,
1595 2217 1680 2244 Filius
1693 2222 1721 2244 et

939 2258 1057 2291 Spiritus
1070 2264 1189 2286 sanctus.
1204 2259 1279 2287 Unus
1293 2265 1334 2288 est
1351 2268 1402 2287 non
1427 2261 1545 2288 coitione
1561 2262 1651 2294 trium,
1672 2263 1720 2289 sed

939 2305 1019 2332 unica
1042 2307 1160 2334 essentia
1176 2315 1184 2334 :
1200 2312 1256 2334 tres
1276 2315 1341 2335 vero
1362 2308 1522 2343 ltypostases
1547 2309 1671 2343 perlecta:
1691 2310 1719 2336 in

937 2351 1063 2379 omnibus
1078 2357 1106 2379 et
1120 2353 1153 2380 ad
1168 2360 1197 2380 se
1212 2351 1327 2380 invicem
1344 2355 1445 2381 relatae.
1462 2354 1614 2382 Secundum
1641 2360 1720 2382 mttu-

937 2405 995 2425 ram
1027 2399 1120 2432 genuit
1143 2398 1233 2432 Pater,
1258 2405 1453 2434 proptereaque
1481 2400 1718 2428 consubstantialis

937 2441 1047 2476 genitus
1061 2447 1113 2469 est.
1127 2442 1186 2470 Non
1210 2448 1252 2471 est
1268 2452 1367 2479 corpus
1384 2445 1473 2472 Deus:
1489 2451 1632 2480 propterea
1653 2453 1718 2481 ergo

936 2495 989 2514 non
1005 2487 1199 2521 deﬂuxionem,
1215 2497 1268 2517 non
1286 2495 1387 2517 motum
1406 2490 1447 2518 vel
1470 2491 1606 2526 quidpiam
1622 2491 1718 2527 hujus.

936 2532 1018 2566 modi,
1035 2540 1094 2567 qua:
1110 2534 1135 2560 in
1152 2536 1313 2569 corporibus
1327 2542 1485 2569 cernuntur,
1502 2537 1572 2564 Deus
1591 2538 1716 2572 incorpo-

935 2586 997 2606 reus
1012 2579 1114 2612 genuit.
1130 2579 1285 2610 Personalis
1311 2587 1353 2611 est
1379 2582 1517 2611 uativitas.
1536 2583 1574 2611 De
1597 2584 1716 2612 esscmia

935 2623 1024 2653 Patris
1039 2629 1119 2654 natus
1131 2631 1174 2654 est
1189 2627 1283 2656 Filius.

967 2693 1023 2730 (58)
1040 2695 1121 2724 Forte
1133 2696 1187 2732 ἄρα
1198 2696 1300 2732 ρεὖσιν.
