1904 3076
165 95 216 124 3M

595 96 882 125 SUPPLEMENTUM
899 97 946 125 AD
963 97 1127 127 ORIGENIS
1147 97 1356 126 EXEGETICA.

187 159 1806 179 Μ

745 255 1216 323 ΩΡΙΓΕΝΟΥΣ

410 377 497 420 ΕΙΣ
533 378 608 420 ΤΟ
645 376 794 420 ΚΑΤΑ
830 376 1061 421 ΛΟΥΚΑΝ
1098 377 1447 421 ΕΥΑΓΓΕΛΙΟΝ
1467 386 1538 423 (39).

755 546 855 608 EX
892 546 1204 604 ORIGENE

429 669 493 713 ΙΝ
530 667 925 715 EVANGELIUM
963 666 1285 713 SECUNDUM
1324 667 1542 714 LUCAM.

624 763 802 800 (Bibliotheca
817 762 1005 796 Gallandiana,
1023 771 1056 792 ex
1074 764 1136 792 cod.
1154 764 1250 793 Venet.
1265 763 1324 800 28.)

496 899 572 927 CAP.
595 900 616 926 Ι.

169 946 191 973 V
219 945 246 973 Ι.
264 945 398 979 Quoniam
412 945 489 973 multi
506 945 625 981 aggressi
639 949 700 972 sunt
717 945 872 981 "ordinare
890 952 954 972 nar-

187 983 316 1009 rationem
327 982 361 1009 de
372 982 459 1014 rebus,
476 982 571 1017 quibus
590 986 662 1008 certa
676 980 716 1008 αι’
728 981 802 1007 nobis
814 980 934 1007 scientia.

204 1059 340 1093 Quoniam
369 1059 464 1095 ingens
487 1062 548 1088 erat
577 1062 725 1090 tentamen,
744 1063 773 1085 ut
797 1058 843 1093 qui
872 1058 955 1085 homo

167 1110 240 1132 esset
256 1104 303 1132 Dei
330 1105 482 1132 doctrinam
508 1111 539 1130 ac
563 1103 647 1130 verba
674 1103 870 1135 conscriberet,
894 1103 955 1138 jure

166 1157 281 1180 excusat
295 1152 321 1179 in
345 1152 488 1187 prommio.
504 1150 740 1185 Quemadmodum
757 1156 846 1178 autem
863 1150 890 1177 in
907 1158 956 1178 νου

170 1199 221 1226 tori
240 1199 338 1234 populo
355 1198 431 1224 multi
455 1198 625 1232 prophetiam
650 1197 863 1232 profitebantur,
879 1201 907 1224 at
921 1205 955 1224 ex

169 1244 214 1271 his
236 1245 346 1278 quidam
367 1248 445 1270 erant
467 1242 529 1270 falsi
558 1243 708 1278 prophetat,
724 1243 834 1278 quidam
860 1250 955 1270 revera

169 1291 327 1325 prophetae;
342 1296 369 1318 et
387 1295 447 1318 crat
463 1290 563 1317 donum
588 1289 721 1318 discretio
748 1289 906 1324 spirituum,
920 1297 953 1317 ex

168 1344 223 1372 quo
238 1336 310 1364 dono
323 1337 528 1364 discernebatur
550 1344 630 1364 verus
652 1336 784 1371 propheta
809 1341 835 1363 et
854 1335 954 1369 falsus;

170 1382 240 1409 haud
253 1389 333 1410 secus
344 1387 369 1410 et
384 1391 456 1410 nunc
472 1383 499 1410 in
515 1390 584 1410 novo
599 1382 713 1415 ﬁndere,
725 1382 865 1416 evangelia
878 1383 954 1410 multi

169 1429 291 1458 scribere
316 1431 469 1457 voluerunt.
499 1430 534 1457 At
559 1430 665 1465 probati
698 1430 872 1457 nummularii
904 1438 956 1457 non

170 1474 261 1501 omnia
272 1474 467 1510 approbarunl,
483 1475 530 1502 sed
545 1475 668 1509 qumdam
681 1482 714 1502 ex
727 1475 792 1510 ipsis
806 1475 956 1510 elegerunt.

169 1519 252 1548 Forte
275 1521 357 1547 etiam
387 1521 451 1553 ltoc,
477 1521 594 1556 aggressi
619 1526 692 1553 sunt,
717 1521 846 1548 latentem
876 1521 958 1549 habet

966 901 990 929 A

1336 897 1415 925 ΚΕΦ.
1435 896 1474 924 A'.

1005 945 1080 980 Στίχ.
1099 943 1278 982 α’.)ίιξπειδὴ
1302 943 1412 982 πολτλοὶ
1420 942 1629 982 ἐπεχείρησαν
1645 943 1801 982 ανατᾴξα-

1041 979 1111 1007 σθαι
1137 979 1278 1013 διήγησιν
1306 979 1372 1014 περὶ
1396 979 1456 1005 τῶν·
1483 979 1802 1014 πεπληροφορημένων

1041 1015 1114 1050 ἡμῖν
1131 1013 1321 1049 πραγμάτων.

1047 1061 1155 1096 Ἐπειδὴ
1175 1060 1326 1096 ὑπέρογκον
1342 1057 1376 1095 ἦν
1392 1059 1423 1086 τδ
1443 1059 1629 1095 ἐπιχείρημα,
1652 1058 1800 1095 ἄνθρωπον

1005 1108 1087 1140 ὄντα,
1115 1106 1182 1133 Θεοῦ
1205 1105 1381 1133 διδασκαλίαν
1404 1105 1450 1132 καὶ
1475 1106 1586 1141 ῥήματα
1614 1106 1798 1142 συγγράφειν,

1006 1155 1117 1186 εἰκότως
1142 1153 1314 1187 ἀπολογεῖται
1338 1154 1367 1180 ὲν
1381 1153 1419 1188 τῷ
1440 1153 1584 1191 προοιμίῳ.
1603 1153 1707 1189 Ὥσπερ
1721 1154 1750 1180 δὲ
1768 1154 1798 1180 ἑν

1005 1199 1044 1235 τῷ
1067 1199 1150 1226 πάλαι
1178 1198 1234 1234 λαῷ
1264 1198 1356 1226 πολΊῶ
1383 1199 1552 1234 προφητείαν
1578 1198 1797 1234 ἐπηγγέλλοντο,

1007 1246 1074 1272 ἀλλὰ
1092 1245 1195 1272 τούτων
1216 1245 1289 1277 τινὲς
1312 1245 1362 1280 μὲν
1377 1242 1449 1280 ἦσαν
1470 1244 1707 1280 ψευδοπροφῆται,
1725 1245 1798 1276 τινὲς

1006 1292 1035 1319 δὲ
1058 1291 1166 1328 ἀληθῶς
1189 1291 1341 1328 προφῆται·
1370 1291 1417 1318 καὶ
1441 1289 1475 1327 ἦν
1505 1291 1628 1327 χάρισμα
1659 1291 1798 1327 διάκρισις

1007 1338 1188 1373 πνευμάτων,
1210 1337 1256 1372 ἀφ’
1274 1334 1304 1364 οὗ
1326 1337 1492 1372 χαρίσματος
1511 1337 1634 1372 ἐκρίνετο
1655 1337 1669 1362 ό
1693 1336 1798 1372 ἀληθὴς

1008 1383 1149 1420 προφήτης
1165 1383 1212 1409 καὶ
1227 1384 1241 1409 ὁ
1255 1382 1478 1418 ψευδοπροφήτης
1488 1391 1494 1397 ·
1511 1382 1582 1409 οὕτω
1595 1382 1642 1409 καὶ
1659 1382 1706 1409 νῦν
1719 1383 1750 1409 ὲν
1762 1383 1798 1418 τῇ

1007 1431 1087 1466 καινῇ
1111 1430 1236 1465 διαθήκῃ,
1252 1430 1286 1457 τὰ
1304 1430 1458 1464 Εὐαγγέλια
1472 1429 1564 1456 πολλοὶ
1579 1429 1714 1465 ἠθέλησαν
1729 1431 1798 1465 γρά-

1007 1476 1066 1511 ψαι.
1094 1476 1163 1502 Ἀλλ’
1176 1477 1201 1502 οί
1217 1475 1323 1511 δόκιμοι
1343 1474 1504 1511 τραπεζῖται
1520 1475 1551 1502 οὐ
1568 1476 1658 1502 πάντα
1673 1475 1797 1511 ἔκριναν,

1008 1522 1076 1549 ἀλλά
1086 1531 1146 1548 τινα
1168 1521 1197 1554 ἐξ
1220 1521 1310 1548 αὐτῶν
1335 1521 1499 1553 ἐξελέξαντο.
1529 1521 1605 1557 Τάχα
1627 1521 1656 1548 δὲ
1683 1521 1729 1548 καὶ
1753 1520 1796 1553 τὸ,

170 1567 371 1594 accusationem
387 1575 493 1599 eorum,
510 1568 555 1602 qui
569 1572 670 1595 temere
681 1572 709 1595 et
722 1568 782 1596 sine
794 1568 958 1596 charismate

1010 1568 1218 1603 ἐπεχείρησαν,
1233 1566 1377 1603 ,λεληθυῖαν
1396 1567 1453 1602 ἔχει
1467 1567 1635 1603 κατηγορίαν
1657 1567 1710 1594 τῶν
1727 1576 1797 1603 προ-

170 1616 345 1640 nccesseruut
359 1613 392 1640 ad
406 1613 548 1650 scribenda
561 1613 718 1650 Evangelia.
729 1614 872 1643 Matthazus
884 1615 957 1642 enim

171 1663 226 1683 non
242 1660 283 1683 est
293 1658 500 1692 aggressus.sed
514 1659 624 1694 scripsit
638 1664 726 1687 motus
742 1667 757 1686 a
774 1658 876 1691 Spiritu
892 1668 957 1688 san-

170 1705 225 1728 cto.
244 1701 376 1729 Similiter
389 1707 418 1730 et
432 1702 548 1733 Marcus.
564 1708 592 1731 et
603 1703 724 1732 Joannes
739 1705 810 1732 haud
825 1705 915 1739 aliter,
930 1710 959 1733 et

169 1745 267 1774 Lucas.
284 1747 321 1774 At
339 1747 410 1783 quod
432 1748 591 1776 inscribitur
611 1749 788 1786 Evangelium
807 1750 956 1779 secundum

170 1791 321 1828 .Egyptios,
339 1797 367 1821 et
391 1795 464 1828 quod
492 1795 557 1822 item
595 1795 753 1824 inscribitur
781 1796 957 1832 Evangelium

171 1837 376 1872 duodenarum.
402 1840 420 1868 ii
439 1841 485 1875 qui
513 1847 697 1870 exaravcruut
721 1842 814 1877 utique
835 1843 956 1878 aggressi

169 1888 242 1912 Sunt.
259 1885 456 1914 Circuntfcrtur
472 1894 581 1922 quoque
603 1886 779 1923 Evangelium
808 1888 957 1916 secundum

171 1929 315 1958 Thomam.
329 1930 388 1958 lam
405 1939 486 1965 porro
499 1940 582 1960 ausus
596 1937 640 1960 est
651 1934 734 1960 etiam
746 1933 880 1961 Basilides
889 1934 957 1961 scri-

171 1977 234 2004 bere
247 1976 420 2013 Evangelium
434 1978 581 2009 secundum
595 1977 830 2008 BasilidemJlulti
844 1984 957 2014 praeter-

169 2031 202 2051 ea
221 2024 340 2059 aggressi
370 2023 621 2060 suntEvangelium
635 2025 783 2053 secundum
805 2025 958 2058 Matthiam,

171 2074 198 2096 et
214 2069 266 2096 alia
283 2069 369 2104 plura.
396 2069 449 2098 Sed
464 2071 536 2098 enim
551 2075 670 2106 quatuor
688 2075 792 2098 tantum
816 2071 893 2106 eligit
910 2071 957 2098 Dei

171 2114 304 2143 Ecclesia.
327 2115 384 2143 Non
407 2117 568 2152 simpliciter
584 2121 674 2144 autem
701 2117 794 2145 dicens
820 2118 854 2144 de
876 2118 958 2145 rebus

170 2160 291 2190 creditis.
305 2161 352 2188 scd
366 2162 400 2188 de
414 2161 497 2189 rebus
508 2161 607 2196 quibus
619 2167 695 2189 certa
718 2167 759 2190 est
776 2162 854 2190 nobis
866 2163 958 2190 scien-

171 2207 218 2238 tia,
233 2207 419 2235 tcstimonium
436 2210 561 2243 perhibet
580 2209 699 2237 narratis
726 2209 818 2242 rebus,
839 2217 894 2244 quo
913 2210 956 2236 in-

1008 1615 1099 1647 πετῶς
1125 1615 1172 1641 καὶ
1200 1615 1284 1650 χωρὶς
1313 1614 1482 1650 χαρίσματος
1509 1613 1640 1641 ἐλθόντων
1673 1614 1720 1641 ἐπὶ
1747 1613 1798 1649 τὴν

1007 1661 1170 1697 ἀναγραφὴν
1199 1661 1253 1688 τῶν
1276 1660 1459 1695 Εὑαγγελίων.
1491 1660 1630 1692 Ματθαῖος
1660 1660 1715 1696 γὰρ
1747 1660 1798 1687 οὐκ

1008 1707 1196 1743 ἐπεχείρησεν,
1211 1707 1268 1733 ἀλλ’
1280 1706 1399 1743 ἔγραψεν
1410 1705 1440 1738 ἐξ
1452 1706 1530 1740 ἁγίου
1541 1706 1700 1741 κινούμενος
1710 1706 1797 1732 Ilvati-

1009 1763 1107 1790 ματος’
1122 1754 1223 1789 ὁμοίως
1235 1754 1281 1780 καὶ
1294 1754 1424 1789 Μάρκος,
1443 1753 1490 1780 καὶ
1511 1752 1636 1787 Ἰωάννης
1653 1752 1798 1788 παραπλη-

1008 1799 1084 1831 σίως,
1099 1799 1147 1826 καὶ
1169 1800 1286 1831 Λουκᾶς.
1299 1799 1337 1825 Τὸ
1360 1799 1451 1834 μέντοι
1470 1797 1708 1833 ἐπιγεγραμμένον
1726 1797 1798 1824 κατὰ

1006 1845 1172 1880 Αἰγυπτίους
1186 1844 1364 1879 Εὐαγγέλιον,
1383 1844 1432 1870 καὶ
1447 1843 1477 1870 τὺ
1491 1842 1732 1878 ἐπιγεγραμμένον
1742 1841 1796 1868 τῶν

1006 1891 1110 1919 δώδεκα
1131 1890 1313 1925 Εὑαγγέλιον.
1334 1890 1359 1917 οἱ
1376 1889 1583 1926 συγγράψαντες
1604 1888 1794 1924 ἐπεχείρησαν.

1007 1936 1121 1972 Φέρεται
1135 1936 1163 1963 δὲ
1178 1936 1226 1962 καὶ
1241 1936 1271 1962 τὸ
1285 1935 1357 1962 κατὰ
1373 1935 1474 1970 Θωμᾶν
1490 1934 1663 1969 Εὐαγγέλιον.
1684 1934 1753 1969 Ἤδη
1768 1934 1795 1960 δὲ

1007 1982 1140 2019 ἐτόλμησε
1163 1983 1209 2009 καὶ
1230 1982 1388 2017 Βασιλείδης
1405 1981 1559 2018 συγγράψαι
1583 1981 1654 2009 κατὰ
1673 1981 1795 2007 Βασιλεὶ-

1007 2029 1056 2064 δην
1068 2027 1243 2063 Εὑαγγέλιον.
1260 2027 1355 2054 Πολλοὶ
1369 2027 1418 2064 μὲν
1430 2026 1476 2054 οὖν
1493 2027 1674 2063 ἐπεχείρησαν
1697 2027 1745 2054 καὶ
1766 2026 1796 2053 τὺ

1008 2073 1078 2101 κατὰ
1090 2073 1224 2106 Ματθίαν,
1243 2073 1289 2100 καὶ
1308 2073 1376 2100 ἄλλα
1391 2073 1510 2100 πλείονα.
1535 2072 1614 2099 Ἀλλὰ
1633 2071 1668 2099 τὰ
1678 2072 1795 2107 τέσσαρα

1009 2120 1078 2155 μόνα
1094 2119 1318 2155 προκρίνειήτοῦ
1334 2118 1401 2146 Θεοῦ
1421 2119 1577 2155 Ἐκκλησία.
1589 2119 1645 2154 Οὐχ
1661 2118 1753 2150 ἁπλῶς
1768 2118 1794 2144 δὲ

1008 2162 1070 2193 εἷπε
1097 2166 1338 2202 πεπιστευμένων,
1354 2165 1433 2194 ,ἀλλὰ
1449 2165 1750 2201 πεπληροφορημένων,
1766 2163 1794 2191 τὸ

1008 2212 1183 2248 ἀπαράὃατον
1196 2213 1252 2244 τοῖς
1267 2211 1423 2248 λεγομένοις
1441 2211 1598 2247 μαρτυρῶν.
1616 2209 1795 2245 Πραγμιὶτων

169 2260 310 2281 concussa:
321 2260 396 2282 stent
410 2257 563 2284 certissima
577 2258 705 2286 veritate.
725 2256 765 2284 De
783 2257 859 2284 rebus
873 2265 956 2292 porro

1010 2259 1035 2285 δὲ
1047 2257 1133 2290 εἶπεν,
1154 2258 1271 2294 ἀναιρῶν
1293 2259 1342 2293 τὴν
1359 2259 1463 2294 αἵρεσιν
1479 2258 1533 2284 τῶν
1554 2257 1624 2284 κατὰ
1647 2256 1793 2292 φαντασίαν

171 2300 248 2331 dixit,
275 2307 329 2335 quo
355 2301 462 2336 jugulat
489 2302 614 2330 lueresim
649 2303 769 2335 illorum,
786 2303 832 2338 qui
862 2303 955 2330 dicunt

169 2347 340 2381 phuntastice
354 2352 430 2382 gesta
443 2348 543 2375 Christi
559 2349 716 2385 contigisse,
732 2350 787 2376 imo
813 2355 841 2376 et
867 2350 957 2377 incar-

172 2391 309 2418 nationem
333 2393 402 2426 ejus.
432 2392 530 2420 Diceus
556 2401 632 2427 vero,
654 2395 686 2421 da
710 2395 802 2430 quibus
822 2401 894 2422 certa
917 2401 956 2422 eu

170 2438 244 2465 nobis
266 2438 387 2472 scientia,
408 2446 461 2474 quo
477 2439 556 2467 modo
572 2440 677 2475 animus
699 2441 757 2474 ejus
781 2446 956 2476 comparatus

169 2490 252 2517 esset.
265 2486 394 2514 ostendit.
409 2486 568 2514 Certissime
591 2487 662 2514 enim
687 2495 846 2522 persuasum
873 2489 954 2517 habe-

170 2533 226 2564 bat,
241 2533 362 2568 nihilque
376 2532 528 2564 dubitabat,
545 2537 636 2559 utrum
653 2534 688 2560 ita
705 2542 734 2562 se
751 2542 794 2562 res
810 2535 954 2569 haberent,

171 2587 267 2606 necne.
284 2579 360 2612 Quod
379 2584 470 2606 autem
496 2579 531 2606 ab
548 2579 664 2607 oculatis
685 2581 801 2608 testibus
815 2581 953 2614 didicerit,

172 2626 316 2653 manifeste
330 2625 475 2653 conﬁtetur
489 2625 615 2660 inquiens
628 2633 635 2652 :
650 2625 877 2658 Quemadmodum
901 2635 955 2654 tra-

170 2672 293 2699 diderunt
310 2672 385 2699 nobis
402 2672 447 2707 qui
467 2672 499 2698 ab
517 2672 593 2698 initio
619 2671 719 2699 oculati
734 2677 821 2706 tester,
834 2679 858 2700 et
875 2675 956 2700 mini-

1008 2305 1141 2339 λεγόντων
1163 2304 1198 2331 τὰ
1213 2304 1258 2331 διὰ
1280 2304 1327 2331 τοῦ
1344 2305 1469 2342 Σωτῇρος
1486 2302 1666 2339 γεγενῆσθαι,
1687 2302 1734 2329 καὶ
1747 2301 1792 2337 τὴν

1008 2351 1145 2387 σάρκωσιν
1158 2350 1250 2377 αὑτοῦ.
1267 2351 1336 2385 Περὶ
1359 2350 1418 2378 τῶν
1439 2348 1749 2384 πεπλτυῖοφορημένων
1766 2348 1792 2374 δὲ

1007 2396 1108 2429 εἰπὼν,
1122 2397 1172 2433 τὴν
1186 2396 1305 2423 διάθεσιν
1318 2396 1399 2423 αὑτοῦ
1413 2396 1548 2432 ἐμφαίνει.
1567 2394 1793 2431 Πεπληροφόρητο

1007 2443 1072 2479 γὰρ,
1088 2443 1134 2470 καὶ
1153 2443 1228 2470 οὐδὲν
1244 2442 1367 2473 ἐδίσταζε
1377 2462 1384 2474 ,
1403 2442 1516 2478 πότερον
1530 2441 1616 2472 οὓτως
1635 2440 1702 2475 ἔχει,
1719 2439 1736 2475 ἢ
1752 2438 1790 2466 οὗ.

1009 2488 1078 2524 ὈτιΙ
1093 2488 1122 2514 δὲ
1150 2488 1227 2524 παρὰ
1245 2487 1300 2514 τῶν
1323 2487 1439 2522 abradit;
1463 2486 1638 2521 θεασαμένων
1661 2487 1708 2512 καὶ
1731 2485 1792 2512 αὐτ-

1006 2534 1096 2569 ηκόων
1114 2533 1265 2570 παρέλαὸε,
1288 2533 1381 2568 σαφῶς
1393 2532 1567 2569 ὡμολόγησεν
1583 2531 1676 2558 εἰπών·
1692 2531 1791 2565 Καθὼς

1007 2581 1179 2615 παρέδοσαν
1202 2580 1274 2615 ἡμῖν
1287 2582 1314 2607 ol
1328 2581 1376 2607 ἀπ’
1391 2579 1487 2614 ἀρχῆς
1498 2579 1643 2605 αὐτόπται
1662 2578 1711 2604 καί
1738 2578 1784 2604 iw

1006 2625 1107 2660 ηρέται
1122 2625 1274 2660 γενόμενοι
1286 2625 1339 2652 τοῦ
1353 2626 1458 2659 Λόγου.
1476 2623 1681 2651 Διαϐεὗαιοῦται
1696 2622 1734 2654 δὲ,
1753 2623 1790 2649 ὃτι

1009 2671 1110 2699 ἄνωθεν
1121 2671 1368 2708 παρηκολούθησεν,
1381 2670 1410 2697 οὔ
1421 2679 1473 2697 τισι
1485 2669 1540 2697 τῶν
1553 2669 1716 2705 εἰρημένων,
1727 2667 1790 2694 ἀλλὰ

170 2717 216 2742 uri
230 2717 337 2748 [uerunt
361 2716 480 2744 Verbi".
495 2717 681 2746 Conﬁrmatur
708 2723 810 2752 autem,
827 2719 891 2755 quia
914 2727 958 2748 res

1010 2719 1086 2746 πᾶσι.
1104 2718 1184 2750 Εἰκὸς
1197 2718 1224 2744 δὲ
1238 2717 1438 2753 ὑπολαμϐάνειν
1450 2716 1535 2748 τινὰς,
1552 2716 1592 2743 ὃτι
1606 2714 1726 2750 Θεοφίλῳ
1741 2714 1790 2741 τινὶ

206 2773 229 2788 ’³
242 2773 305 2800 Luc.
326 2782 345 2804 ι,
361 2774 387 2802 2.

212 2819 269 2855 (59)
289 2821 325 2848 lix
341 2823 401 2851 cod.
419 2822 518 2851 Veneto
533 2822 578 2850 28.
