1904 3076
73 131 118 159 515

699 129 844 159 SCHOLIA
866 131 898 159 ΙΝ
919 132 1049 162 LUCAM.

1634 133 1687 161 5H

72 189 162 227 ἔγραψε
175 190 206 218 τὸ
220 189 397 225 Εὗαγγέλιον,
409 191 440 224 ὃς
451 188 492 223 εἷς
504 189 538 227 ἦν
549 190 603 218 τῶν
614 191 837 218 πεπιστευκότων

903 194 936 221 ab
959 195 1074 222 exordio
1091 195 1243 223 continenti
1267 194 1340 223 serie
1360 194 1461 230 attigit,
1476 202 1529 222 non
1555 196 1685 229 quasdam

71 235 145 268 δῦτως
155 236 220 269 ζέων
227 237 266 272 τῷ
277 237 421 273 τωεύματι,
430 238 477 265 καὶ
486 238 630 274 ἀπλήστως
641 237 711 274 ἔχων
724 239 788 274 περὶ
798 238 847 270 τὰς

72 283 111 310 τοῦ
131 283 228 323 Κυρίου
253 283 367 319 πράξεις
390 293 420 311 τε
443 284 491 312 καὶ
513 284 628 319 λόγους
652 284 737 320 ὅνπερ
759 284 846 311 ἐποίει

71 329 257 365 ἀσφαλέστερον
274 331 322 358 καὶ
337 330 371 357 τὸ.
382 330 429 358 νῦν
443 331 612 367 γραφόμενα.
629 330 726 363 Ἄλλος
746 331 774 358 δὲ
792 339 845 366 φη-

72 384 121 402 σιν·
137 376 193 403 Ὀτι
201 375 250 403 ἐὰν
267 377 367 409 πάντες
389 377 504 404 τοιοῦτοι
528 374 618 412 ὦμεν,
637 377 676 409 ὡς
687 377 846 412 ἀγαπᾶσθαι

71 422 116 449 ὑπὸ
126 421 168 448 τοῦ
181 422 310 449 Θεοῦοκαὶ
326 422 476 458 φιλεῖσθαι,
490 422 614 458 Θεόφιλοί
631 423 726 458 ἐσμεν.
745 423 802 450 Οὐκ
812 422 846 449 ἂν

71 467 94 494 δέ
107 476 143 500 τις
154 467 195 504 εἴη
208 469 339 503 Θεόψιλος
356 468 487 504 ἀσθενής·
503 469 557 500 πᾶς
569 468 624 505 γὰρ
635 468 763 504 Θεόφιλος
776 469 845 504 κρά-

70 514 146 546 sis-rb;
158 515 230 541 ἐστιν
245 515 316 551 ἔχων
330 516 360 542 τὸ
372 515 472 552 κράτος
482 515 529 542 καὶ
538 515 588 551 τὴν
600 515 717 551 δύναμιν
729 515 779 551 τὴν
791 514 845 542 ἀπὺ

69 560 108 588 τοῦ
120 559 182 587 Θεοῦ
200 561 246 588 καὶ
257 561 305 588 τοῦ
321 561 407 595 Λόγου
426 561 519 594 αὑτοῦ,
534 561 582 588 καὶ
594 561 681 593 οὕτως
693 560 843 595 ἐπιγνώσε-

69 613 106 632 rat
126 606 162 637 είς
179 605 227 641 τὴν
251 606 315 642 περὶ
340 602 377 632 ὧν
401 605 543 641 κατηχήθη
569 604 657 639 λόγων
682 604 842 638 ἀσφάλειαν.

74 650 270 685 Ἐπαγγέλλεται
289 651 378 678 τοίνυν
402 651 452 687 τῆς
472 650 598 686 γνώσεως
615 651 646 678 τὸ
664 651 782 686 βέϐαιον,
799 650 843 676 ἵνα

68 698 128 733 ἅπερ
142 698 241 729 ἐκεῖνος
254 698 324 734 ἀκοῇ
343 697 492 733 παρέλαϐε,
515 697 600 724 ταῦτα
615 697 663 724 καὶ
681 697 842 733 γράμμασιν

67 743 221 778 ἐντυγχάνων
233 743 437 779 ἀσφαλέστερον
452 742 502 778 τὴν
518 743 610 770 πίστιν
626 743 751 779 διατηρῆ-

95 788 143 824 (ιθ)
175 788 219 815 Ἑν
247 790 282 824 τῇ
311 788 410 824 Ἔξόδῳ
433 788 600 824 γέγραπται,
638 789 697 816 Ὅτι
725 790 741 816 ὁ
766 788 842 822 λαὸς

66 833 159 869 ἑώρακε
174 834 232 869 τὴν·
247 834 355 870 φάη-ὴν
372 834 426 862 τοῦ
446 835 568 869 Κυρίου,
580 835 702 869 καίτοιγε
723 833 798 870 φωνὴ
809 834 840 861 οὐ

898 241 978 269 modo
994 249 1027 268 ex
1047 241 1081 268 iis
1093 248 1153 275 quae
1167 241 1247 268 dictae
1260 245 1333 272 sunt,
1352 239 1399 267 sed
1414 239 1567 268 universas.
1581 239 1685 267 Forsan

897 287 980 321 aliqui
1003 286 1203 321 respondebunt
1221 286 1296 313 illum
1316 285 1465 320 Theophilo
1480 286 1584 313 cuidam
1599 284 1687 313 Evan-

897 332 996 368 gelium
1026 331 1196 367 scripsisse,
1219 333 1266 367 qui
1305 339 1375 359 unus
1403 336 1462 359 erat
1497 331 1683 364 credentium,

898 378 968 405 idem
990 378 1087 413 spiritu
1104 376 1223 411 fervens,
1237 386 1271 406 ac
1289 378 1322 406 de
1342 378 1447 405 Domini
1468 378 1553 413 gestis
1569 377 1685 405 dictisve

897 424 1084 458 insatiabilis;
1105 424 1207 459 quippe
1230 432 1313 460 quem
1338 426 1396 452 haec
1412 425 1513 460 scripta
1536 424 1683 451 ﬁrmiorem

896 469 1058 497 eﬂiciebant.
1078 469 1151 497 Dicit
1172 477 1239 497 vero
1260 469 1381 504 aliquis:
1396 469 1474 503 Quod
1502 469 1526 496 si
1555 475 1652 496 omnes
1665 468 1683 495 ii

896 522 1001 549 sumus,
1020 515 1067 550 qui
1094 523 1110 543 a
1137 515 1193 543 Deo
1214 520 1339 543 amentur
1362 521 1391 543 et
1417 516 1576 551 diligantur,
1594 515 1684 543 Theo-

895 561 962 596 phili
985 569 1090 590 sumus.
1116 561 1186 589 Num
1210 563 1272 597 quis
1297 562 1466 597 Theophilus
1482 561 1606 588 inﬁrmus
1622 568 1684 589 esse

895 606 1112 642 potest?0mnis
1139 608 1213 636 enim
1240 608 1408 643 Theophilus
1437 607 1603 635 fortissimus
1629 610 1683 640 est,

895 655 999 682 habens
1015 655 1071 682 vim
1097 660 1125 683 et
1144 655 1295 690 potentiam
1321 662 1336 682 a
1363 655 1430 688 Deo,
1454 653 1600 689 Verbaque
1624 654 1684 689 ejus

893 700 1098 735 procedentem.

929 789 957 817 In
975 789 1067 817 Exodo
1082 789 1213 824 scriptum
1229 793 1284 822 est,
1301 788 1372 822 Quia
1393 789 1507 824 populus
1517 788 1582 816 vidit
1596 796 1683 815 vocem

893 835 1002 863 Domini
1012 836 1046 870 ³⁵,
1064 836 1174 864 tametsi
1190 843 1242 863 vox
1256 843 1310 864 non
1327 835 1463 868 videatur,
1480 835 1529 862 sed
1543 835 1681 862 audiatur.

66 880 190 915 βλέπεται,
211 880 270 908 ἀλλ’
281 881 423 908 ἀκούεται·
441 881 485 908 ἵνα
498 881 603 918 δηλωθῇ
620 880 788 917 παραδόξως,
803 880 837 907 ὃτι

895 882 953 914 Otto
975 881 1102 910 videlicet
1126 882 1260 916 stupende
1287 882 1531 914 demonstraretur,
1547 882 1610 916 quia
1635 881 1681 908 Dei

65 927 78 962 ἡ
94 925 134 953 τοῦ
157 926 223 953 θεοῦ
252 927 330 963 φωνὴ
348 927 475 963 βλέπεται
488 925 529 960 οἷς
546 927 683 963 βλέπεται.
707 928 752 954 Ἐν
767 927 796 954 δὲ
803 927 842 962 τῷ

65 973 204 1006 Εὑιιγγελίῳ
228 973 279 1008 οὐχ
303 974 321 1008 ἡ
351 974 427 1010 φωνὴ
457 974 601 1009 βλέπεται,
635 973 691 1001 ἀλλ’
709 974 724 999 ό
749 973 841 1008 κρείτ-

64 1026 108 1044 των
118 1018 163 1053 τῆς
175 1019 267 1054 φωνῆς
281 1019 376 1053 Λόγος.
390 1019 439 1046 Διὰ
450 1019 540 1050 τοῦτο,
555 1018 659 1052 Καθὼς
669 1019 842 1053 παρέδοσαν

64 1064 124 1099 ἡμῖν
137 1066 161 1092 ot
175 1066 224 1092 ἀπ’
237 1065 338 1101 ἀρχῆς
357 1066 502 1093 αὐτόπται
523 1065 572 1093 καὶ
592 1065 737 1100 ὑπηρέται
758 1067 840 1100 νενό-

62 1119 131 1145 μενοι
142 1111 191 1138 τοῦ
207 1112 318 1146 Λόγου.
340 1112 372 1138 Εἰ
391 1112 446 1146 γὰρ
461 1112 491 1138 τὸ
504 1112 656 1147 ἑωρακέναι
671 1112 716 1138 τὸν
737 1111 840 1148 Κύριον

64 1157 122 1183 κατὰ
132 1157 206 1193 σῶμα
223 1158 365 1193 αὐτόπτην
379 1157 475 1184 τούτου
486 1158 615 1193 γενέσθαι
629 1156 663 1193 ἦν
672 1167 679 1173 ·
698 1159 745 1185 καὶ
755 1159 839 1186 Πιλά-

62 1211 99 1235 τος
111 1203 240 1239 αὐτόπτης
251 1201 289 1239 ἦν
301 1203 348 1230 τοῦ
363 1204 451 1238 Λόγου
462 1223 470 1236 ,
487 1203 675 1236 καταδικάζων
687 1204 778 1236 αὐτὴν,
792 1205 839 1231 καὶ

67 1249 158 1281 Ἰούδας-⁵
169 1249 183 1275 ό
204 1250 358 1286 προδότης,
375 1251 422 1277 καὶ
443 1250 545 1282 πάντες
560 1251 585 1276 οἱ
597 1250 731 1285 λέγοντες·
746 1252 839 1278 Σταύ-

60 1303 152 1327 ρωσον,
168 1296 350 1329 σταύρωσον
365 1297 469 1323 αὐτόν.
487 1296 524 1322 Τὸ
539 1294 585 1322 οὖν
607 1296 705 1323 εἰδέναι
722 1296 768 1323 τὸν
786 1297 837 1324 Λό-

61 1347 99 1373 γον
111 1341 163 1366 ἐκεῖ
174 1342 288 1374 ὲνοεῖτο,
300 1342 366 1369 ὅπου
384 1341 475 1376 ἔλεγεν
489 1343 503 1369 ὁ
516 1342 612 1378 Σωτήρ
623 1351 630 1357 ·
652 1343 684 1369 ’0
700 1343 838 1377 ἑωρακὼς

60 1385 111 1420 ἐμὲ,
124 1387 228 1421 ἑώρακε
241 1387 300 1414 τὸν
317 1388 448 1422 Πατέρα,
469 1388 523 1415 τὸν
538 1389 699 1423 πέμψαντά
710 1398 758 1424 με.
781 1390 837 1417 Καὶ

60 1431 193 1466 λεληθότως
206 1433 235 1460 δὲ
251 1434 337 1460 καλὸν
352 1434 468 1470 μάθημα
480 1435 599 1462 διδάσκει
610 1436 683 1471 ἡμᾶς
697 1436 711 1461 ὁ
729 1437 836 1468 Λουκᾶς

60 1477 170 1511 ἐνταῦθα,
185 1480 225 1506 ’ὁτι
239 1480 324 1507 τινῶν
339 1480 387 1516 μὲν
401 1480 587 1516 θεωρημάτων
608 1481 638 1508 τὸ
652 1481 754 1518 τέλοςή
770 1482 836 1509 θεω-

61 1525 98 1560 ρία
105 1526 156 1552 ἑοτί
165 1535 171 1541 ·
182 1527 267 1553 τινῶν
276 1526 304 1553 δὲ
313 1526 497 1562 θεωρημάτων
505 1528 535 1554 τὸ
543 1527 619 1560 τέλος
630 1530 646 1564 ὴ
657 1528 754 1564 πρᾶξίς
766 1529 834 1556 ἐστι.

59 1571 100 1598 Διὰ
107 1571 157 1607 γὰρ
169 1572 214 1598 τοῦ
224 1593 232 1605 ,
246 1573 394 1600 αὐτόπται
403 1592 410 1606 ,
427 1572 503 1608 δηλοῖ
514 1573 544 1600 τὸ
554 1573 719 1610 θεωρητικὸν
729 1594 737 1606 ,
748 1575 792 1602 διὰ
807 1575 836 1602 δὲ
851 1568 873 1598 C

59 1617 96 1643 τοῦ
122 1617 280 1652 ὑπηρέται,
302 1619 333 1645 τὸ
356 1620 559 1655 πραγματικόν.
596 1620 714 1648 Δύνασαι
735 1621 763 1648 δὲ
790 1622 837 1648 καὶ

58 1663 144 1698 ἑτέρως
159 1664 287 1691 ὲκλαὸεϊν
307 1665 354 1697 τὸ,
374 1665 521 1701 ὑπηρέται
537 1667 690 1701 γενόμενοι
712 1666 765 1693 τοῦ
779 1668 836 1694 Λό-

59 1717 119 1742 rov'
136 1710 192 1746 ἢτοι
207 1710 258 1738 τοῦ
280 1710 471 1738 διδασκαλιχοῦ
493 1712 589 1747 λόγου,
613 1712 642 1739 ὃν
663 1712 806 1747 παρεδίδου
822 1714 837 1741 ό

59 1755 139 1792 Σωτήρ
148 1765 154 1771 ·
167 1756 184 1792 ἢ
197 1757 245 1784 καὶ
263 1756 346 1784 αὐτοῦ
360 1757 406 1787 τοῦ
419 1757 487 1787 Θεοῦ
498 1758 598 1794 Λόγου,
610 1755 631 1794 ᾧ
642 1760 690 1787 καὶ
701 1759 787 1796 ὲξυπη
793 1759 836 1796 ρέ-

58 1808 132 1834 τησαν
144 1803 278 1838 παρόντες
292 1804 316 1829 οἱ
336 1803 465 1839 μαθηταί.

86 1847 135 1882 Τὴν
147 1847 268 1875 διάθεσιν
286 1849 383 1876 ἑαυτοῦ
405 1850 420 1877 ό
436 1850 544 1882 Λουκᾶς
566 1850 704 1886 ἐμφαίνει.
725 1851 835 1887 Πεπλη-

58 1892 176 1929 patr/591110
187 1894 255 1930 γὰρ,
271 1895 318 1921 καὶ
328 1896 357 1921 ὲν
372 1895 459 1922 οὐδενὶ
473 1895 605 1929 ὲδίσταζε,
618 1897 732 1932 πότερον
748 1896 836 1930 οὕτως

58 1938 112 1973 ἔχει,
126 1939 141 1974 ἦ
153 1939 193 1967 οὔ.
211 1940 300 1968 Τοῦτο
319 1941 348 1967 δὲ
367 1942 471 1976 γίνεται
495 1942 559 1978 περὶ
576 1943 640 1974 τοὺς
661 1942 777 1977 βεϐαίως
791 1952 836 1970 πι-

58 1984 194 2018 στεύοντας.
214 1986 272 2013 Καὶ
294 1987 349 2023 γὰρ
362 1989 382 2014 ό
394 1987 556 2020 Ἀπόστολος
572 1989 637 2025 περὶ
651 1988 706 2016 τῶν
719 1989 834 2024 βεϐαίων

57 2031 140 2065 φησιν·
158 2032 226 2060 ἰνα
247 2031 301 2067 ἦτε
320 2033 505 2068 ἐρριζωμένοι
525 2035 576 2062 καὶ
591 2036 834 2070 τεθεμελιωμένοι

56 2075 87 2110 τῇ
98 2077 201 2106 πίστει.
216 2079 301 2106 Οὐδὲν
316 2079 371 2115 γὰρ
382 2079 453 2106 οὕτω
470 2080 651 2116 πληροφορεῖ,
664 2082 702 2114 ὡς
713 2082 775 2114 νοῦς
787 2082 834 2110 καὶ

56 2121 128 2155 λόγος.
146 2125 226 2160 ὀψις
243 2125 298 2161 γὰρ
311 2126 342 2152 οὐ
355 2125 536 2162 πληροφορεϊ·
556 2127 618 2154 ἐπεὶ
640 2128 690 2154 οὐκ
710 2128 764 2155 ἀπὸ
784 2137 833 2164 cm-

57 2168 128 2202 μείων
150 2172 196 2198 καὶ
219 2172 343 2207 τεράτων
359 2171 465 2206 ὁρατῶν
482 2172 603 2207 κρίνεται
616 2173 650 2200 τὰ
665 2173 832 2210 πράγματα⁵

56 2214 112 2242 ἀλλὰ
123 2216 192 2253 λόγῳ
205 2218 340 2254 κρίνεται,
354 2219 418 2245 ποῖα
430 2218 546 2253 τάληθῆ,
558 2219 605 2246 καὶ
616 2221 679 2246 ποῖα
691 2220 726 2246 τὰ
735 2220 831 2256 ψευδῆ.

56 2261 221 2296 "paruas-an-
238 2263 267 2290 δέ
284 2272 375 2299 φησιν,
387 2264 537 2300 ἐπειδήπερ
547 2265 578 2291 οὑ
591 2265 661 2292 κατὰ
671 2267 831 2300 φαντασίαν,

56 2307 114 2334 κατὰ
136 2308 195 2340 τοὺς
216 2309 273 2335 τῶν
299 2309 446 2344 αἱρετικῶν
471 2310 585 2343 παῖδας,
610 2311 833 2350 ὲδραματοὺργη-

57 2360 93 2378 σιν
111 2353 209 2389 Ἰησοῦς
234 2354 283 2390 τὴν
308 2353 440 2391 ἕνσαρκον
465 2356 547 2383 αὑτοῦ
573 2358 739 2392 παρουσίαν·
764 2360 832 2387 ἀλλὰ

55 2400 181 2434 τυγχάνων
207 2401 341 2437 ἀλήθεια,
374 2402 442 2438 πρὸς
470 2402 600 2438 ἀλήθειαν
633 2405 768 2441 ἐνήργησε
797 2406 831 2434 τὰ

56 2446 201 2482 πράγματα.

55 2491 117 2527 Στίχ.
125 2493 158 2528 γ’.
168 2494 303 2528 Καθεξῆς
311 2502 360 2521 σοι
371 2494 493 2530 γράψαι,
506 2496 644 2530 κράτιστε
656 2499 792 2533 Θεόφιλε.

55 2535 117 2574 Στίχ.
136 2540 166 2568 δ’.
181 2541 249 2569 Ἵνα
266 2540 394 2580 ἑπιπνῷς
406 2541 529 2580 περὶΔῶν
546 2543 719 2578 κατηχήθης
732 2546 831 2580 λόγων

305 2576 363 2610 τὴν
379 2576 559 2611 ἀσφάλειαν.

134 2620 162 2647 ε’,
180 2621 383 2658 ,Έτέιςετονὲνλ
398 2622 464 2658 ταῖς
482 2623 606 2657 ἡμέραις
625 2623 750 2658 Ἡρώδου
775 2626 829 2653 τοῦ

82 2653 293 2694 ,βασιλέως-’τῆς
314 2653 563 2694 Ἰοιξδαίᾳόνίεῇεὗς
575 2653 620 2692 τις
638 2653 759 2694 όῖεόματι
774 2663 830 2688 Ζα-

86 2691 182 2730 gap/gi;
194 2692 228 2730 ξε
243 2692 406 2730 ἐφημερίας
424 2693 498 2730 Ἀβιά
509 2702 515 2708 -
537 2694 585 2730 καὶ
732 2697 825 2723 αὐτοῦ

84 2724 114 2750 ὲκ
126 2725 181 2751 τῶν
194 2724 360 2762 θυγατέρων
377 2727 498 2762 Ἀαρὼν,
511 2729 560 2755 καὶ
577 2724 616 2756 τὸ’
625 2724 718 2765 diem
730 2731 825 2765 αὐτῆς

91 2759 246 2788 'Edeb’ez.

138 2769 246 2789 ισαοετ.

88 2813 108 2829 ’⁸
121 2815 201 2843 Exod.
215 2825 260 2847 xx.
282 2817 324 2846 l8.
363 2818 385 2835 "
399 2817 476 2846 Joan.
496 2827 552 2854 xix,
571 2820 597 2850 6.
637 2821 747 2850 "Joan.
773 2831 827 2857 xiv,
847 2825 872 2853 9.

87 2858 137 2894 (60)
157 2860 274 2895 ’Δνεπιγ.

892 935 943 955 vox
958 928 1065 956 videtur
1089 928 1188 963 quibus
1208 927 1325 956 videtur.
1351 927 1380 954 In
1406 926 1553 961 Evangelio
1578 931 1681 958 autem,

892 982 945 1001 non
971 981 1023 1001 vox
1048 974 1166 1006 videtur,
1187 978 1216 1000 at
1231 973 1303 1008 quod
1333 980 1400 1001 voce
1421 973 1598 1008 praestantius
1626 977 1680 1004 est,

893 1019 1020 1046 Verbum.
1036 1018 1184 1053 Propterea
1197 1019 1235 1045 ait
1249 1018 1498 1051 :Quemadmadum
1511 1019 1680 1045 tradiderunt

891 1065 977 1098 nobis,
995 1065 1040 1100 qui
1056 1065 1088 1091 ab
1100 1065 1176 1092 initia
1192 1065 1294 1092 oculati
1307 1069 1385 1091 testes
1400 1070 1424 1091 et
1442 1064 1557 1091 ministri
1573 1064 1680 1099 fuerunt

895 1110 981 1138 Verbi.
996 1111 1026 1138 Si
1042 1111 1114 1138 enim
1128 1110 1229 1138 vidisse
1244 1111 1387 1138 Dominum
1400 1111 1550 1138 secundum
1568 1118 1677 1146 corpus,

889 1155 1014 1190 eratejus
1026 1156 1111 1183 fuisse
1120 1156 1256 1183 oculatum
1267 1161 1362 1184 testem
1375 1165 1381 1182 :
1397 1161 1424 1183 et
1438 1155 1542 1182 Pilatus
1556 1156 1680 1183 oculatus

889 1203 968 1230 testis
981 1202 1078 1230 l'uisset
1093 1201 1184 1234 Verbi,
1195 1202 1242 1237 qui
1257 1209 1320 1229 eum
1337 1202 1542 1235 condemnavit,
1554 1207 1582 1230 et
1594 1203 1680 1230 Judas

888 1250 1021 1285 proditor,
1043 1255 1070 1278 et
1094 1250 1251 1284 quicunque
1274 1249 1413 1282 dicebant,
1434 1248 1575 1284 Cruciﬁge,
1591 1250 1680 1276 cruci-

887 1297 937 1331 ﬁge
949 1304 1009 1323 eum
1020 1296 1054 1323 “.
1070 1295 1163 1331 Itaque
1179 1295 1280 1323 vidisse
1291 1295 1410 1323 Verbum
1426 1302 1459 1322 eo
1477 1295 1528 1323 loci
1543 1295 1678 1330 intellige-

888 1342 978 1374 batur,
991 1341 1036 1369 ubi
1053 1342 1159 1369 dicebat
1172 1341 1298 1369 Salvator
1312 1351 1318 1368 ε
1333 1341 1385 1374 Qui
1401 1342 1464 1368 vidit
1477 1350 1528 1374 me,
1541 1342 1605 1369 vidit
1621 1340 1679 1368 Pa-

888 1393 954 1415 trem
968 1396 1054 1415 meum
1067 1389 1113 1423 qui
1128 1388 1198 1415 misit
1215 1397 1256 1416 me
1265 1389 1298 1415 ".
1313 1389 1352 1416 Ac
1370 1388 1452 1416 tacite
1468 1388 1678 1422 pulcherrimam

887 1435 1041 1462 doctrinam
1056 1435 1154 1462 edocet
1167 1434 1211 1462 hic
1227 1442 1278 1462 nos
1293 1434 1391 1466 Lucas,
1408 1435 1473 1469 quia
1499 1442 1597 1469 nempe
1612 1443 1680 1469 quo-

888 1481 1012 1508 rumdam
1029 1486 1228 1516 praeceptorum
1241 1481 1302 1508 linis
1323 1485 1364 1508 est
1384 1481 1500 1515 ipsamet
1519 1481 1678 1515 speculatio,

887 1529 1067 1563 quorumdam
1083 1535 1149 1556 vero
1163 1533 1361 1564 przeceptorum
1376 1526 1440 1554 linis
1461 1531 1502 1554 est
1518 1528 1601 1554 actio.
1626 1527 1678 1554 Per

889 1575 953 1602 illud
966 1574 1051 1607 enim,
1067 1575 1169 1601 oculati
1193 1579 1270 1601 testes
1294 1573 1382 1600 innuit
1401 1573 1629 1608 speculationem,
1649 1578 1678 1600 at

888 1626 936 1653 per
951 1618 1078 1651 ministri.
1102 1619 1238 1646 actionem
1265 1622 1293 1645 et
1319 1617 1428 1652 praxin.
1444 1617 1526 1646 Potes
1547 1624 1576 1646 et
1598 1618 1678 1646 aliter

887 1665 1013 1699 accipere
1027 1665 1102 1698 illud,
1117 1665 1163 1700 qui
1183 1664 1299 1691 ministri
1311 1663 1418 1699 fuerunt
1437 1663 1514 1692 Verbi
1528 1672 1537 1691 :
1549 1665 1606 1692 sive
1632 1665 1678 1691 do-

887 1711 1009 1738 ctrinalis
1029 1710 1116 1743 verbi,
1131 1711 1202 1745 quod
1218 1710 1340 1737 tradebat
1360 1710 1505 1737 Salvator:
1521 1711 1562 1738 vel
1577 1711 1676 1745 ipsius-

886 1761 942 1783 met
958 1757 1004 1784 Dei
1021 1756 1111 1789 Verbi,
1131 1756 1174 1783 cui
1187 1756 1270 1783 etiam
1288 1755 1514 1784 ministraverunt
1527 1761 1676 1791 pra-sentes

886 1802 1026 1837 discipuli.

921 1849 980 1882 Quo
993 1848 1073 1876 modo
1085 1848 1121 1876 sit
1137 1847 1251 1875 affectus
1269 1848 1355 1876 Lucas
1369 1848 1499 1875 ostendit.
1515 1847 1676 1876 Certissima

885 1895 958 1923 enim
973 1902 1120 1930 persuasus
1133 1899 1206 1926 erat,
1221 1899 1249 1921 et
1261 1894 1287 1921 in
1303 1894 1376 1921 nullo
1391 1893 1542 1927 dubitabat,
1556 1902 1621 1921 nunt
1634 1895 1676 1922 sic

885 1949 914 1969 se
926 1949 970 1969 res
986 1941 1110 1973 haberet,
1129 1948 1225 1968 necne.
1241 1940 1300 1967 Hoc
1327 1946 1417 1967 autem
1435 1940 1570 1976 contingit
1586 1941 1613 1968 in
1630 1941 1674 1973 iis,

885 1988 929 2022 qui
949 1987 1064 2015 ﬁrmiter
1089 1987 1214 2014 credunt.
1240 1987 1386 2022 Apostolus
1407 1987 1479 2013 enim
1512 1987 1545 2013 de
1569 1987 1602 2013 iis
1627 1988 1673 2022 qui

885 2033 955 2065 ﬁrmi
971 2038 1044 2065 sunt,
1059 2033 1127 2060 dicit
1142 2042 1149 2060 :
1165 2032 1200 2059 Ut
1212 2033 1272 2060 sitis
1288 2032 1402 2060 radicati
1415 2037 1439 2059 et
1455 2033 1561 2066 fundati
1574 2033 1627 2066 ﬁde
1639 2033 1673 2059 ³⁷.

885 2078 955 2106 Nihil
973 2079 1046 2106 enim
1064 2081 1133 2108 adeo
1161 2084 1266 2107 certum
1293 2087 1326 2107 ac
1350 2086 1509 2114 persuasum
1532 2079 1632 2109 reddit.
1645 2084 1675 2106 ut

884 2132 962 2152 meus
989 2129 1018 2152 et
1047 2126 1128 2152 ratio.
1160 2125 1241 2153 Visus
1270 2126 1344 2152 enim
1368 2130 1471 2152 certum
1491 2132 1544 2152 non
1562 2125 1672 2152 reddit:

883 2172 984 2207 quippe
998 2173 1061 2207 quia
1089 2180 1143 2200 non
1166 2181 1198 2199 ex
1222 2173 1307 2208 signis
1323 2177 1351 2199 et
1370 2171 1502 2207 prodigiis
1519 2171 1674 2198 visibilibus

884 2225 929 2245 res
948 2218 1114 2253 iudicantur.
1142 2218 1195 2246 Sed
1223 2218 1329 2246 ratione
1353 2218 1505 2254 judicatur,
1531 2225 1594 2252 quas
1621 2218 1675 2245 sint

885 2272 961 2297 vera,
976 2273 1071 2300 quzeve
1091 2265 1168 2294 falsa.
1187 2265 1225 2292 De
1240 2266 1317 2293 rebus
1335 2270 1425 2292 autetn
1438 2265 1503 2292 dicit
1520 2273 1527 2292 :
1545 2265 1607 2299 quia
1621 2272 1673 2291 non

885 2313 1069 2348 phautnstice,
1094 2313 1171 2348 juxta
1198 2313 1356 2344 haereticos.
1384 2317 1514 2347 operatus
1533 2316 1574 2339 est
1596 2310 1675 2338 Jesus

884 2359 1031 2385 adventum
1058 2366 1136 2386 suum
1159 2359 1185 2386 in
1202 2365 1294 2386 carne.
1321 2358 1372 2385 Sed
1397 2366 1458 2385 cum
1476 2358 1578 2385 veritas
1600 2362 1672 2384 esset

885 2406 953 2442 ipse,
971 2406 998 2433 in
1013 2406 1126 2434 veritate
1138 2411 1265 2440 operatus
1276 2410 1318 2433 est
1329 2413 1389 2441 qua:
1399 2405 1493 2440 gessit.

924 2500 956 2527 V.
966 2501 993 2528 3.
1011 2500 1162 2529 Ordinatim
1179 2501 1225 2527 tibi
1238 2501 1360 2531 scribere,
1375 2501 1470 2531 optime
1485 2496 1636 2531 Theophila.

885 2548 918 2576 V.
932 2547 960 2575 L.
971 2547 1004 2574 Ut
1019 2556 1148 2583 agnoscas
1162 2548 1195 2574 de
1209 2548 1303 2580 quibus
1319 2547 1464 2572 instructus
1482 2544 1559 2578 fuisti
1572 2551 1673 2570 sermo-

1148 2583 1236 2615 nibus,
1257 2583 1400 2609 veritatem.

885 2627 917 2656 V.
930 2628 957 2656 5.
978 2627 1041 2655 Fuit
1052 2628 1080 2655 in
1097 2628 1188 2654 diebus
1206 2628 1318 2655 Herodis
1335 2628 1402 2662 regis
1416 2626 1532 2656 Juda'n',
1547 2624 1671 2651 sacerdos

919 2665 1027 2699 quidam
1053 2664 1157 2690 nomine
1171 2662 1336 2697 iZacharias,
1352 2663 1384 2688 de
1399 2663 1452 2699 vice
1468 2662 1533 2699 Allia
1544 2664 1591 2699 :_et
1603 2667 1671 2699 uxor

915 2695 971 2734 ejus
986 2698 1018 2726 de
1028 2699 1133 2733 ﬁliabus
1147 2695 1249 2732 Aaron,
1260 2704 1283 2726 et
1299 2705 1392 2725 nomen
1406 2698 1462 2731 ejus
1481 2695 1625 2723 Elisabeth.

924 2826 946 2842 "
961 2825 1064 2855 Coloss.
1083 2834 1112 2861 ιι,
1128 2826 1155 2854 7.
