1904 3076
201 110 254 139 519

642 107 924 136 SUPPLEMENTUM
943 106 988 134 AD
1007 106 1172 137 ORIGENIS
1190 106 1394 136 EXEGETICA.

1775 110 1835 137 520

201 171 307 203 tempus
323 172 500 202 praecurrere,
514 165 560 193 sed
576 160 742 201 exspectavit
757 166 842 193 donec
856 166 979 193 ministe-

1042 169 1154 203 ἱραμετν,
1169 168 1225 194 ἀλλ’
1237 168 1327 204 ἔμεινε
1348 167 1491 204 πληρῶσαι
1505 167 1554 203 τὴν
1572 167 1749 204 λειτουργίαν
1759 178 1767 184 -
1786 169 1833 196 δι-

199 214 268 240 rium
284 213 436 241 absolveret
456 221 463 239 :
478 212 579 238 docens
589 231 597 244 ,
612 212 683 245 quod
698 216 823 246 oporteat
837 212 926 239 omnia
942 219 984 238 se-

199 260 288 288 cundo
303 260 361 287 loco
376 258 486 291 habere,
506 265 561 292 pra:
577 258 622 285 Dei
639 258 753 285 honore.
769 257 983 286 Prudentissimo

199 311 288 333 autem
301 304 416 332 consilio
429 304 576 332 occultavit
590 311 650 331 sese
665 304 813 336 Elisabeth,
825 310 910 339 usque
921 305 982 331 dum

199 351 347 386 graviditas
362 350 420 384 ejus
441 351 550 385 patuit,
568 357 619 377 nec
639 350 685 377 ulli
703 351 814 377 suberat
837 358 879 378 res
901 351 983 385 tergi—

198 395 346 422 versationi
364 404 370 422 :
388 400 418 422 ut
434 403 468 422 ex
484 395 579 422 auditu
604 395 728 423 nolentes
755 395 912 429 persuaderi
936 396 982 430 qui

197 441 255 468 haec
271 441 418 468 audiebant
433 461 440 473 .
458 442 544 469 eidem
561 442 647 477 culpae
659 461 666 474 ,
680 449 732 476 qua
747 441 903 474 Zacharias,
920 442 983 469 sub-

194 486 281 521 jectos
294 495 354 514 sese
372 488 585 522 suspicarentur.

232 531 477 567 (49)Hyperbaton,
489 539 535 559 seu
546 532 679 560 sermonis
694 532 835 560 translatio
848 527 923 559 ita'se
934 532 984 559 ha-

197 579 244 605 bet
261 586 269 604 :
286 577 384 604 Missus
398 583 434 604 est
452 578 560 612 angelus
571 579 605 605 ad
619 578 743 613 uirginem
755 580 787 605 de
800 579 876 605 domo
887 579 981 612 David,

197 628 221 650 et
236 631 328 650 nomen
339 624 448 657 virginis
457 623 584 655 Mariam,
597 625 780 658 desponsatam
794 625 860 658 viro,
876 625 918 651 cui
934 633 982 651 no-

196 677 255 696 men
266 669 375 704 Ioseph.
392 669 449 696 Non
465 674 507 697 est
522 674 612 697 autem
626 670 725 697 missus
740 670 773 697 ad
785 669 882 704 Joseph
902 677 984 705 ange-

198 717 250 749 lus,
265 717 364 751 quippe
378 717 444 743 nihil
461 720 521 743 erat
536 724 678 744 commune
703 716 821 750 Josepbo
836 724 896 743 cum
913 716 984 743 nati-

197 763 282 789 vitate
300 762 404 789 Domini
420 762 502 796 :quia
526 762 630 789 scilicet
647 770 709 789 cum
735 762 862 797 cwpisset
887 769 983 797 pecca-

197 812 254 836 tum
270 815 285 835 a
300 808 412 836 muliere
423 829 430 841 ,
447 809 486 836 sic
502 813 529 836 et
543 809 610 836 bona
626 809 768 844 oportebat
781 813 811 835 ut
834 815 849 834 a
871 807 983 835 muliere

197 855 396 882 exordirentnr.

196 899 229 927 ν.
243 901 287 928 54.
309 900 381 927 Dixit
402 905 489 927 autem
514 900 602 927 Maria
630 900 664 926 ad
684 900 805 935 angelum
823 908 832 928 :
853 899 982 934 quomodo

299 937 347 962 erit
359 937 429 963 hoc?
443 936 566 970 quoniam
582 936 664 962 virum
681 943 731 962 non
746 943 882 970 cognosco.

197 971 227 999 ν.
245 971 289 998 55.
309 970 342 997 Et
355 971 487 1004 respondit
503 970 621 1005 angelus,
631 975 683 997 etc.

229 1015 311 1049 lllud,
324 1017 445 1043 invenisti
463 1017 588 1050 gratiam.
610 1023 752 1043 commune
767 1021 835 1043 erat.
854 1015 983 1044 lnvenere

195 1069 314 1097 namque
336 1066 399 1089 ante
419 1062 491 1089 illam
507 1066 534 1088 et
551 1062 610 1088 alia:
631 1062 756 1095 gratiam.
771 1061 847 1094 Quod
862 1069 927 1089 vero
943 1062 983 1089 di-

196 1109 246 1140 xit,
261 1108 402 1143 concipiet,
415 1115 467 1135 non
481 1107 598 1141 amplius
621 1114 766 1134 commune
780 1113 859 1140 erat,
876 1109 923 1135 sed
938 1115 982 1135 res

195 1154 346 1187 inusitata,
367 1154 475 1188 propria
493 1161 524 1180 ac
549 1153 693 1187 singularis
719 1155 745 1180 in
773 1154 982 1189 promissionem

194 1201 318 1236 virginis.
328 1200 453 1227 Invenisti
462 1199 529 1226 enim
537 1200 649 1234 gratiam
661 1200 731 1233 apud
747 1200 840 1227 Deum.
856 1200 983 1235 Propter-

194 1253 238 1278 ea,
256 1253 288 1272 ne
308 1246 410 1273 timeat.
435 1245 624 1280 Cujuscunque
646 1246 717 1273 enim
747 1246 851 1274 timoris
881 1246 983 1274 ablatio

195 1296 248 1324 est,
267 1291 416 1318 Salvatoris
434 1290 578 1318 adventus.

286 1336 317 1365 ν.
332 1336 376 1364 56.
389 1336 419 1363 Et
434 1345 491 1364 ecce
501 1336 637 1365 Elisabeth
653 1341 763 1373 cognata
772 1343 829 1370 tua,
841 1341 894 1365 etc.

232 1416 340 1443 Audivit
353 1416 521 1448 Prmcursor.
536 1421 625 1444 motus
641 1417 802 1451 operatione
819 1417 905 1444 sancti
921 1417 981 1451 Spi-

196 1463 277 1493 ritus,
295 1462 385 1489 Mariae
401 1462 605 1495 salutationem,
621 1471 701 1495 quam
719 1463 899 1497 interpellavit
913 1462 980 1490 Ver-

1032 213 1152 246 δάσκων,
1174 215 1215 241 ὅτι
1234 215 1274 241 δεῖ
1294 215 1382 241 πάντα
1403 214 1517 250 δεύτερα
1541 215 1676 242 ποιεῖσθαι
1702 216 1757 251 τῆς
1788 217 1834 248 εις

1032 259 1097 285 Θεὸν
1111 259 1206 295 τιμῆς.
1225 261 1461 296 Οἰκονομικάνιατα
1474 261 1503 287 δὲ
1518 261 1701 296 πριέκρνὸεν
1719 262 1835 297 ἑαυτὴν

1033 306 1049 341 ὴ
1071 305 1219 339 Ἐλισάὃετ,
1237 307 1289 339 ἕως
1303 305 1333 334 οὗ
1346 307 1468 343 ἐγνώσθη
1491 308 1507 343 ὴ
1529 307 1636 343 γαστὴρ
1656 307 1758 342 αὐτῆς,
1780 307 1834 333 καὶ

1032 353 1214 388 ἁναμφίὸολον
1228 351 1262 389 ἦν
1281 354 1312 380 τὸ
1332 355 1464 390 πρᾶγμα·
1485 355 1528 382 ἵνα
1540 355 1609 388 (49Ἴ
1624 354 1653 387 ἐξ
1670 354 1763 389 ἀκοῆς
1791 354 1833 389 μὴ

1033 398 1188 435 βουλόμενοι
1202 400 1345 436 πεισθῆναι
1363 402 1387 428 οἱ
1411 400 1554 432 ἀκούοντες
1565 399 1661 431 ταῦτα,
1692 400 1732 436 τῷ
1748 399 1834 435 αὑτῷ

1032 445 1183 482 ἐγκλήματι
1195 447 1411 481 ὑποπτεύσωσιν,
1431 445 1453 482 ᾧ
1469 447 1517 474 καὶ
1529 447 1676 483 Ζαχαρίας.

1067 537 1104 563 To
1121 537 1272 573 ὕπερῦατὸν
1284 537 1370 569 οὕτως
1383 536 1438 572 ἔχει
1449 545 1457 553 ο
1479 536 1647 571 Ἀπεστάλη
1662 538 1678 564 ὁ
1690 537 1831 571 ἄγγελος

1032 583 1107 617 πρὸς
1117 584 1266 617 παρθένον
1278 583 1312 616 ἐξ
1325 584 1409 610 οἴκου
1421 583 1519 616 Δαυῒδ,
1538 584 1586 610 καὶ
1603 583 1637 610 τὸ
1654 583 1751 618 ὄνομα
1771 583 1831 616 τῆς

1032 628 1180 662 παρθένου
1209 629 1343 663 Μαριὰμ,
1368 628 1635 663 μεμνηστευμένην
1662 628 1779 662 ἀνδρὶ,
1804 625 1831 662 ᾧ

1034 674 1126 709 ὄνομα
1153 674 1269 709 Ἰωσήφ.
1294 675 1351 701 Οὐκ
1375 675 1515 710 ἀπεστάλη
1541 675 1569 702 δὲ
1593 675 1662 710 πρὸς
1683 674 1790 711 Ἰωσὴφ
1814 675 1830 701 6

1033 719 1146 754 ἄγγελος
1155 729 1162 735 ·
1180 720 1272 755 ἐπειδὴ
1285 720 1360 747 οὐδὲν
1373 718 1407 756 ἦν
1422 720 1510 747 κοινὸν
1523 720 1561 755 τῷ
1578 720 1675 756 Ἰωσὴφ
1689 721 1761 756 πρὸς
1775 720 1829 756 τὴν

1032 766 1079 792 τοῦ
1093 767 1196 802 Κυρίου
1211 766 1347 802 γέννησιν.
1371 767 1416 799 Ὠς
1431 766 1462 802 δὴ
1476 766 1633 803 ἀρξαμένης
1653 767 1704 801 τῆς
1726 767 1826 802 ἁμαρ-

1032 813 1093 844 τίας
1107 812 1160 839 ἀπὸ
1171 812 1310 847 γυναικδς,
1322 812 1393 840 οὕτω
1407 813 1454 840 καὶ
1465 813 1501 839 τὰ
1516 812 1605 847 ἀγαθὰ
1625 813 1679 840 ἀπὸ
1689 813 1827 848 γυναικὸς

1034 858 1087 885 ἔδει
1104 858 1237 894 ἄρξασθαι
1253 859 1319 895 (50).

1033 905 1106 941 Στίχ.
1121 905 1169 932 λδ⁴.
1181 903 1255 941 Elite
1264 906 1298 932 δὲ
1310 906 1427 941 Μαριὰμ
1443 906 1517 940 πρὸς
1532 906 1586 933 τὸν
1599 906 1738 941 ἀτη-ελον·
1755 905 1825 940 Πῶς

1084 934 1171 977 ἔσται
1185 940 1271 968 τοῦτο
1283 949 1291 973 ;
1306 934 1370 968 sui
1387 934 1442 968 τᾏν
1456 934 1551 975 ἄνδρα
1565 943 1600 968 οὐ
1617 934 1768 977 γινώσκω.

1033 975 1107 1010 Στεχ.
1120 975 1166 1002 λε’.
1189 976 1243 1003 Καὶ
1265 976 1434 1010 ἀποκριθεὶς
1449 978 1465 1004 ὀ
1479 975 1677 1011 ἅγγελος-(καὶ
1693 978 1728 1004 τὰ
1743 976 1822 1011 ἑξῆς.

1067 1021 1114 1054 Τὺ,
1128 1019 1215 1056 εὗρες
1229 1022 1326 1057 χάριν,
1342 1023 1430 1050 κοινὸν
1443 1020 1486 1058 ἦν.
1504 1020 1590 1058 Εὗρον
1602 1023 1656 1058 γὰρ
1668 1023 1722 1058 πρὸ
1734 1023 1824 1057 αὐτῆς

1033 1068 1079 1094 καὶ
1105 1067 1183 1094 ἄλλαι
1205 1068 1296 1104 χάριν.
1320 1068 1356 1095 Τὸ
1377 1069 1399 1096 δ’
1418 1069 1514 1102 εἰπεῖν,
1542 1068 1702 1102 avi/irim,
1727 1067 1823 1094 οὐκέτι

1033 1113 1121 1139 κοινὸν
1133 1111 1178 1149 ἧν,
1194 1113 1250 1140 ἀλλ’
1267 1113 1366 1146 ἰδιάζον
1377 1114 1417 1145 εὶς
1429 1113 1594 1147 ἐπαγγελίαν
1605 1113 1732 1148 παρθένῳ
1744 1112 1824 1145 ξένον

1033 1160 1158 1195 πρᾶγμα.
1178 1158 1273 1194 Εὖρες
1287 1159 1341 1194 γὰρ
1358 1159 1445 1194 χάριν
1460 1159 1539 1193 παρὰ
1556 1158 1596 1191 τῷ
1611 1158 1681 1191 Θεῷ.
1696 1159 1754 1190 Διὸ,
1777 1158 1822 1193 μὴ

1032 1205 1134 1238 φοϐοῦ.
1154 1204 1258 1236 Παντὸς
1270 1204 1324 1240 γὰρ
1338 1203 1420 1238 φόϐου
1437 1203 1580 1239 ἀφαίρεσις
1598 1204 1615 1238 ἡ
1631 1203 1678 1230 τοῦ
1692 1203 1822 1238 Σωτῆρος

1032 1249 1172 1285 ἐπιδημία.

1033 1339 1106 1373 Στίχ.
1119 1338 1173 1371 λς’.
1188 1338 1244 1365 Kal.
1257 1337 1322 1365 ἰδοὺ
1342 1337 1535 1406 ήὶῈτῑιᾶᾴὸετ
1547 1337 1565 1372 ἡ
1577 1336 1732 1372 συγγενής
1749 1344 1820 1368 σου,

1332 1382 1367 1400 κα
1391 1381 1425 1399 τα
1471 1381 1516 1406 ης.

1332 1381 1377 1400 και
1391 1381 1425 1399 τα
1441 1381 1516 1408 εςης.

1070 1418 1124 1455 (51)
1141 1419 1275 1446 ’Ἤκουσεν
1285 1419 1472 1455 ὁΠρόδρομος,
1489 1419 1521 1453 τῇ
1537 1418 1661 1454 ἐνεργείᾳ.
1674 1417 1723 1444 τοῦ
1740 1417 1820 1451 ἁγίου

1033 1465 1191 1501 ΙΙνεύματος
1213 1465 1381 1500 κινούμενος,
1407 1465 1452 1490 τὸν
1476 1465 1621 1499 ἀσπασμὸν
1643 1464 1765 1499 Μαρίας,
1791 1464 1820 1490 ὃν

195 1507 258 1535 bum
275 1508 321 1535 Dei
339 1508 474 1540 Christus.
499 1512 526 1535 et
540 1508 693 1536 exsultabat
709 1508 735 1535 in
750 1509 847 1543 gaudio
860 1509 886 1536 in
904 1514 981 1538 utero

1042 1510 1167 1537 ιπέλαὸεν
1187 1511 1201 1536 ὁ
1217 1510 1303 1544 Λόγος
1319 1509 1365 1537 τοῦ
1381 1510 1448 1536 Θεοῦ
1465 1511 1479 1536 ὁ
1498 1509 1624 1545 Χριστὸς.
1645 1510 1691 1536 καὶ.
1705 1510 1819 1544 ἐσκίρτα

195 1554 310 1586 matris,
336 1555 369 1582 ad
401 1555 597 1582 ostendendam
625 1554 741 1589 gratiam
766 1555 983 1591 innuendamque

195 1600 377 1635 prophetiam.
393 1600 476 1632 Quasi
500 1602 572 1627 enim
588 1607 621 1627 ex
638 1608 670 1627 eo
693 1601 824 1635 temporis
845 1607 982 1629 momento

195 1647 278 1679 coepit
289 1653 350 1673 eum
368 1646 528 1680 proplwlam
547 1646 637 1673 facere
649 1645 729 1673 Jesus
742 1666 749 1678 .
767 1646 930 1674 intrinsecus
944 1647 982 1673 illi

196 1691 327 1718 exhibens
344 1691 465 1725 mysterii
480 1691 703 1718 declarationem.
716 1691 849 1724 Quoniam
864 1699 929 1718 vero
940 1692 984 1718 da-

196 1742 252 1763 tum
268 1744 321 1763 non
335 1741 377 1763 est
392 1733 540 1765 infantibus
558 1738 583 1764 in
601 1742 678 1765 utero
696 1737 888 1765 exsistentibus
900 1738 982 1773 loqui,

196 1787 306 1815 propter
322 1783 560 1817 immaturitatem;
575 1784 712 1811 festinanti
741 1783 868 1818 Baptistae
879 1792 985 1811 aunun-

196 1829 264 1856 tiare
274 1828 479 1864 Redemptorem
487 1829 666 1857 commodavit
674 1834 761 1857 mater
770 1830 894 1865 corporis
903 1838 984 1865 orga-

196 1881 271 1901 num.
288 1873 346 1902 Non
370 1875 442 1902 enim
466 1875 569 1910 Spiritu
587 1881 681 1903 sancto
706 1881 783 1903 antea
800 1876 918 1910 repletus
930 1881 981 1908 est,

196 1927 277 1955 quam
285 1920 390 1948 adesset
398 1929 457 1955 qum
465 1926 542 1948 utero
551 1922 671 1956 gestabat
679 1921 910 1950 Christum.Prius
919 1931 984 1950 vero

198 1965 286 1993 infans
295 1966 410 2001 repletus
418 1972 459 1994 est
467 1966 608 2001 Spiritu,et
616 1967 777 2001 exsultabat;
788 1975 820 1995 ac
826 1975 906 2002 porro
915 1969 985 1995 dein-

197 2019 261 2045 ceps
281 2013 359 2040 matri
378 2013 596 2047 communicavit,
612 2014 835 2049 exclamabatqne
858 2015 984 2042 vaticinia

197 2058 462 2094 Elisabeth,propter
473 2059 612 2092 infantem,
630 2067 710 2094 quem
727 2061 752 2088 in
770 2064 847 2088 utero
865 2061 984 2096 gerebat.

234 2102 371 2138 Ejusdem.
395 2103 513 2139 Populus
541 2105 648 2139 quidem
665 2113 716 2133 non
739 2105 850 2140 agnovit
861 2105 984 2133 Salvato-

197 2156 254 2176 rem
279 2150 423 2177 facientem
444 2152 520 2185 signa
540 2155 621 2185 atque
646 2151 768 2186 prodigia
785 2161 791 2178 :
810 2158 839 2179 at
863 2152 982 2184 Joannes

1034 1558 1062 1584 ὲν
1075 1556 1234 1591 ἀγαλλιάσει
1249 1557 1277 1594 ἐν
1291 1558 1324 1592 τῇ
1339 1556 1428 1591 κοιλίᾳ
1442 1556 1491 1591 τῆς
1517 1555 1628 1591 μητρὸς,
1646 1557 1686 1587 εἰς
1698 1556 1819 1591 ἔμφασιν

1032 1602 1120 1636 χαρᾶς
1143 1601 1190 1627 καὶ
1212 1600 1380 1636 προφητείας
1400 1600 1524 1635 δήλωσιν.
1551 1600 1638 1627 Οῐονεὶ
1654 1600 1708 1636 γὰρ
1726 1600 1819 1627 ἔκτοτε

1034 1644 1116 1670 αὑτὸν
1126 1644 1227 1680 ἧρξατο
1245 1646 1388 1680 προφήτην
1398 1646 1483 1671 ποιεῖν
1498 1646 1512 1671 ὁ
1530 1644 1642 1680 Ἰησοῦς,
1661 1644 1736 1672 ἔνδον
1746 1645 1819 1680 αὑτῷ

1034 1689 1182 1726 παρασχὼν
1203 1690 1249 1717 τοῦ
1279 1690 1428 1726 μυστηρίου
1448 1691 1497 1726 τὴν
1516 1691 1640 1726 δήλωσιν.
1662 1691 1772 1726 Ἐπειδὴ
1790 1691 1817 1718 δὲ

1034 1736 1084 1762 οὔκ
1097 1735 1180 1762 ἔδωκε
1193 1736 1282 1763 λαλεῖν
1293 1737 1349 1768 τοῖς
1362 1735 1493 1772 ἐμϐρύοις
1509 1736 1552 1763 διὰ
1562 1737 1592 1763 τὸ
1608 1737 1707 1772 ἄωρον,
1733 1736 1816 1763 σπεύ-

1033 1782 1150 1818 δοντιτῷ
1166 1783 1300 1818 Βαπτιστῇ
1317 1782 1431 1818 κηρύξαι
1443 1783 1487 1809 τὸν
1501 1783 1655 1818 Λοτρωτὴν,
1671 1783 1786 1818 ἔχρησεν
1800 1783 1817 1818 ἡ

1037 1830 1127 1863 μήτηρ
1147 1828 1194 1854 τοῦ
1218 1828 1344 1864 σώματος
1368 1828 1498 1865 ὄργανονο
1522 1830 1552 1855 οὺ
1579 1829 1633 1865 γὰρ
1662 1828 1817 1864 Πνεύματος

1036 1873 1112 1907 ἁγίου
1126 1874 1257 1910 πρότερον
1272 1874 1434 1910 ἐνεπλήσθη,
1452 1874 1518 1910 πρὶν
1530 1876 1670 1910 ἐπιστῆναι
1686 1875 1736 1909 τὴν
1756 1883 1817 1900 κυο-

1035 1919 1192 1953 φορήσασαν
1207 1919 1333 1955 Χριστόν.
1351 1919 1462 1955 Πρῶτον
1478 1919 1507 1945 δὲ
1518 1920 1548 1946 τὸ
1559 1920 1658 1955 βρέφος
1669 1919 1817 1955 ὲπληροδτο

1035 1963 1203 1998 Πνεύματος,
1224 1965 1270 1991 καὶ
1295 1965 1422 2000 ἐσκίρτα·
1444 1965 1490 1991 καὶ
1508 1963 1556 1991 εἶθ’
1570 1964 1656 1996 οὕτως
1672 1966 1705 2001 τῇ
1735 1966 1816 2000 μητρὶ

1037 2010 1182 2045 μετεδίδου,
1200 2010 1247 2037 καὶ
1264 2009 1361 2036 ἀνεὸόα
1376 2011 1532 2046 προφητικὰ
1543 2012 1560 2046 ἡ
1576 2011 1715 2037 Ἐλισάὃετ
1733 2011 1776 2038 διὰ
1787 2011 1816 2038 τὸ

1035 2057 1251 2092 κυοφορούμενον
1267 2058 1295 2082 ὲν
1306 2057 1374 2092 αὺτῇ
1388 2057 1496 2092 βρέφος.

1073 2102 1127 2129 Τοῦ
1140 2102 1244 2131 αὑτοῦ.
1261 2103 1291 2129 Ὀ
1303 2103 1351 2138 μὲν
1365 2103 1427 2134 λαὸς
1442 2103 1492 2129 οὐκ
1506 2101 1559 2130 οἶδε
1575 2103 1620 2129 τὸν
1634 2103 1750 2139 Σωτῆρα
1760 2112 1816 2130 ποι-

1036 2147 1117 2174 οῦντα
1137 2149 1238 2183 σημεῖα
1254 2149 1301 2174 καὶ
1318 2147 1434 2184 τέρατα·
1449 2149 1463 2174 ὁ
1478 2148 1506 2174 δὲ
1529 2148 1653 2183 Ἰωάννης
1668 2149 1708 2175 ἔτι
1729 2150 1757 2175 ἐν
1782 2151 1813 2185 τῇ

197 2196 286 2222 adhuc
301 2196 327 2222 in
357 2201 435 2223 utero
460 2184 847 2238 positusiexsultatiqnando
873 2199 982 2226 advenit

1042 2194 1121 2230 ιοιλίᾳ
1129 2193 1165 2220 ὢν
1178 2195 1286 2230 σκιρτᾷ,
1297 2194 1376 2229 ἡνίκα
1391 2192 1472 2229 ἦλθεν
1490 2195 1505 2230 ἠ
1519 2195 1610 2230 μήτηρ
1628 2194 1724 2230 Ἰησοῦ.
1741 2194 1813 2222 Ἰδοὺ

198 2245 285 2268 mater
297 2241 371 2268 Jesu.
387 2241 454 2270 Ecce
468 2243 547 2275 enim,
563 2243 659 2278 inquit.
677 2249 702 2270 ut
725 2243 774 2278 {uit
797 2244 922 2271 salutatio
935 2250 981 2271 tua

197 2286 226 2313 in
243 2287 354 2314 auribus
369 2288 445 2320 meis,
459 2288 598 2316 exsultauit
615 2289 703 2324 infans
717 2290 744 2316 in
758 2290 855 2324 gaudio
866 2290 894 2317 in
908 2295 981 2318 utero

197 2339 255 2358 meo
268 2331 301 2358 ³³.

233 2375 388 2411 Oportebat,
409 2383 439 2405 ut
450 2378 528 2406 beata
544 2379 603 2407 haec
618 2380 729 2408 Mariam
743 2400 752 2412 ,
771 2385 831 2415 post
846 2381 983 2409 Gabriclis

199 2423 356 2457 adventum,
385 2423 555 2452 ascendendo
577 2426 736 2453 ascenderet
761 2426 787 2453 in
815 2431 981 2455 montanam.

198 2469 267 2496 Cum
284 2468 459 2497 festinatione
486 2474 578 2497 autem
600 2470 836 2504 proﬁciscebatur,
854 2472 933 2499 ducta
949 2474 983 2500 ab

199 2521 244 2546 eo,
263 2515 308 2549 qui
327 2516 353 2542 in
377 2516 433 2549 ipsa
459 2520 519 2543 erat
541 2515 654 2550 Spiritu,
670 2516 715 2550 qui
729 2523 924 2551 supervenerat
947 2519 983 2550 ei,

200 2566 280 2596 atque
292 2570 306 2589 a
325 2563 423 2590 virtute
437 2562 570 2589 Altissimi
585 2563 763 2589 obumbrante
781 2563 817 2592 ei.

236 2607 464 2641 Quemadmodum
486 2613 605 2643 coeperat
617 2613 756 2643 peccaturo
773 2616 788 2635 a
805 2609 918 2636 muliere
930 2629 938 2642 ,
955 2615 982 2638 et

239 2663 262 2679 ³³
276 2663 343 2692 Luc.
359 2673 379 2698 ι,
388 2664 433 2692 44.

233 2708 393 2746 (ῥ9λνιξ11εο
408 2711 537 2746 syntaxis,
553 2711 723 2744 constructio,
736 2711 880 2739 ordinatio.

238 2743 305 2787 (ιυς)
320 2743 399 2787 Forte
412 2743 561 2787 addendum
573 2747 622 2787 μή,
638 2752 665 2773 et
677 2747 757 2787 paulo
771 2753 830 2782 post
842 2747 982 2783 legendum

203 2778 375 2808 ὑποπέεξωσιν
389 2781 446 2808 loco
460 2778 684 2808 ὑποπτεύσὼσιν.’
694 2781 772 2808 Ευιτ.

243 2813 298 2850 (50)
316 2814 381 2844 \‘idc
394 2816 463 2843 infra
479 2817 511 2844 ad
525 2825 592 2844 vers.
611 2816 687 2844 56in
702 2818 763 2844 line.

1031 2239 1096 2275 γὰρ,
1114 2240 1206 2275 φησὶν,
1224 2240 1264 2274 ὡς
1285 2239 1402 2275 ἐγένετο
1419 2241 1435 2266 ὀ
1455 2240 1615 2274 ἀσπασμός
1634 2249 1692 2268 σου
1715 2242 1758 2274 εις
1780 2242 1814 2268 τὰ

1031 2285 1091 2313 ὦτά
1100 2295 1169 2320 μου,
1187 2286 1348 2320 ἐσκίρτησε
1363 2286 1395 2313 τὸ
1411 2285 1526 2320 ,βρέφος
1543 2287 1578 2313 ὲν
1594 2286 1769 2322 ἀγαλλιάσει
1782 2287 1814 2314 ἐν

1032 2333 1069 2367 τῇ
1081 2333 1179 2366 κοιλίᾳ
1189 2341 1258 2367 μου.

1069 2379 1125 2415 (5‘2)
1136 2379 1210 2405 Ἔδει
1228 2379 1276 2414 τὴν
1285 2378 1422 2414 μακαρίαν
1436 2378 1537 2413 ταύτην
1547 2378 1674 2414 Μαριὰμ,
1688 2378 1756 2414 μετὰ
1768 2379 1813 2414 τὴν

1035 2425 1081 2452 τοῦ
1101 2425 1220 2461 Γαϐριὴλ
1238 2425 1395 2460 ἐπιδημίαν,
1410 2425 1606 2452 ἀναϐαίνουσαν
1619 2425 1751 2460 ἀναϐῆναι
1770 2427 1813 2452 ἐπὶ

1035 2472 1084 2507 τὴν
1103 2472 1220 2507 ὀρεινήν.
1243 2470 1320 2497 Μετὰ
1343 2471 1459 2506 σπουδῆς
1482 2470 1511 2497 δὲ
1530 2471 1675 2506 ἐπορεύετο
1696 2471 1811 2507 ἀγομένη

1037 2517 1089 2543 om
1104 2516 1151 2543 τοῦ
1165 2518 1194 2543 ὲν
1211 2517 1278 2551 αὐτῇ
1294 2516 1459 2551 Πνεύματος,
1474 2515 1488 2542 ὃ
1502 2516 1662 2551 ὲπεληλύθει
1674 2517 1753 2552 αὐτῇ,
1770 2519 1812 2544 καὶ

1036 2564 1087 2598 τῆς
1110 2563 1252 2598 δυνάμεως
1266 2561 1313 2589 τοῦ
1330 2562 1470 2596 Ὑψίστου,
1487 2562 1537 2597 τῆς
1559 2563 1725 2597 ἐπισκιάσης
1737 2563 1810 2598 αὐτῇ.

1074 2609 1128 2645 (55)
1146 2609 1250 2644 Ὥσπερ
1264 2607 1391 2643 ἠρξατοὴ
1406 2607 1526 2643 ἁμαρτία
1541 2607 1596 2634 ἀπὸ
1614 2609 1754 2641 γυναικὸς,
1769 2609 1812 2635 καὶ

1075 2713 1132 2748 (51)
1153 2713 1272 2746 Ἀνεπιγ.
1289 2710 1389 2739 Confer
1404 2715 1521 2739 veterem
1537 2710 1568 2738 D.
1596 2709 1708 2738 llieron.
1733 2711 1811 2739 inter-

1037 2748 1192 2785 prettorig.
1213 2748 1284 2774 ltum.
1302 2754 1348 2774 vn.

1071 2784 1127 2816 (52)
1147 2783 1232 2818 Ὧριγ.

1073 2815 1129 2853 (55)
1155 2815 1275 2851 ’Ᾱνεπηα
1290 2815 1355 2845 Vide
1367 2823 1448 2853 supra
1459 2816 1494 2845 ad
1504 2816 1605 2846 calcem
1621 2823 1694 2846 vers.
1705 2815 1752 2843 27.
