1904 3076
39 134 76 162 5Ξ1
655 125 800 154 SCHOUA
821 124 855 152 IN
875 123 1005 152 LUCAM.

1601 121 1655 149 52‘!

40 192 96 229 μετὰ
111 190 186 218 τοῦτο
209 190 326 225 ἔφθασεν
349 189 396 216 ἐπὶ
422 188 468 215 τὸν
490 187 575 224 ἄνδρα
588 195 594 202 ·
612 187 683 214 οὕτω
707 187 755 213 καὶ
777 185 811 212 τὰ

885 190 957 213 pstea
978 182 1112 211 derivavit
1126 181 1154 209 in
1177 182 1265 209 virum
1282 190 1290 209 :
1307 181 1348 208 sic
1366 186 1395 208 et
1411 181 1483 208 bona
1501 187 1516 207 a
1531 178 1655 207 mulieri-

40 239 117 274 ἀγαθὰ
132 237 183 264 ἀπὸ
197 236 253 264 τῶν
268 236 404 271 γυναικῶν
418 234 530 270 ἤρξατο,
547 234 581 260 ἶν’
596 233 809 269 ἅπεντραπῶσιν

40 287 61 312 αἱ
74 284 191 319 γυναῖκες
206 281 255 317 τὴν
272 282 428 312 ἀσθένειαν,
445 280 492 306 καὶ
511 279 546 305 τὰ
559 279 701 313 γυναικεῖα
714 277 812 304 ἀποϐέ-

41 339 116 366 μεναι,
133 327 275 364 ζηλώσωσι
287 327 350 358 τοὺς
370 327 444 362 βίους
456 326 510 353 τῶν
534 324 677 360 μακαρίων
696 323 810 350 τούτων.

40 376 102 412 Στίχ.
112 378 163 412 μγ.
183 374 240 401 Καὶ
258 373 350 412 πόᾷεν
357 382 408 407 μοι
427 373 515 412 rod-aq
524 370 633 412 £17107,
642 370 694 397 ἵνα
706 369 780 404 ἔλθῃ
793 369 812 404 ἠ

269 406 378 444 μήτηρ.
392 409 439 435 καὶ
455 408 490 434 τὰ
507 406 579 442 ἑξῆς.

71 456 118 484 Τοῦ
127 455 228 482 αὑτοῦ.
243 454 379 490 Σὺμφωνα
392 453 432 489 τῷ
446 453 497 488 υἱῷ
511 452 659 487 φθέγγεται
671 451 688 485 ἡ
707 449 814 476 Ἑλισάα

42 504 94 535 ϐετ,
113 501 220 534 ἀναξίαν
243 501 343 536 ἑαυτὴν
366 500 415 535 τῆς
442 498 595 534 παρουσίας
614 496 664 531 τῆς
682 495 813 522 Θεοτόκου

42 548 150 583 λέγουσα,
162 547 257 581 ὥσπερ
271 546 319 572 καὶ
338 545 466 580 Ἰωάννης
479 544 528 579 τῆς
545 542 614 578 πρὸς
633 541 680 568 τὸν
697 540 815 576 Χριστὸν

43 593 231 630 παραστάσεως.
250 592 283 618 Τί
296 592 350 628 γάρ
368 599 426 626 μοι,
444 590 521 625 φησὶ,
537 587 695 624 τηλικοῦτον
709 587 816 622 πέπρα-

43 648 94 666 κται
109 638 214 672 ἀγαθὸν,
230 637 275 664 ἳνα
289 638 306 672 ὴ
322 637 413 672 μήτηρ
424 635 472 662 τοῦ
487 634 591 670 Κυρίου
607 641 657 669 μου
668 632 733 669 ἔλθῃ
748 631 816 667 πρός

45 693 85 721 με;
99 684 205 719 Μητέρα
221 682 300 710 καλεῖ
312 682 361 717 τὴν
377 681 417 707 ἔτι
435 679 581 715 παρθένον,
597 678 734 713 φθάνουσα
751 684 817 711 προ-

44 730 133 766 φητικῷ
153 730 225 764 λόγῳ
249 728 301 764 τὴν
329 727 452 754 ἔκϐασιν.
478 725 544 753 Θεία
559 725 607 760 μὲν
621 722 667 751 οὖν
678 722 818 757 οἰκονομία

43 778 83 813 τὴν
99 776 244 813 μαρτυρίαν
265 775 353 810 ἦγαγε
377 773 446 809 πρὸς
469 772 518 807 τὴν
542 771 694 802 Ἑλισάΰετ,
710 769 753 796 ἴνα
771 768 819 794 καὶ

44 825 58 860 ἠ
73 823 197 860 μαρτυρία
218 822 345 849 Ἰωάννου
365 821 397 846 ὲκ
417 820 524 855 μήτρας
539 819 580 850 είς
594 817 640 844 τὸν
657 816 760 852 Κύριον
774 814 819 841 διὰ

862 232 914 259 bus
928 231 1064 266 incepere,
1079 233 1109 256 ut
1122 229 1294 264 despicerent
1310 227 1439 256 mulieres
1455 227 1654 260 inﬁrmitatem,

861 282 890 304 et
903 283 963 312 qua:
981 275 1121 302 muliebria
1135 279 1199 302 sunt
1211 275 1387 309 deponentes.
1407 272 1602 300 aemularentur
1616 273 1656 300 vi-

863 327 906 350 tas
922 323 1016 349 horum
1032 322 1184 348 beatorum.

900 368 935 396 ν.
949 368 996 395 45.
1013 366 1046 394 Et
1062 367 1131 397 unde
1151 367 1200 393 hoc
1218 366 1282 393 mihi
1297 366 1478 401 manifestum,
1492 370 1520 393 ut
1535 364 1621 392 ueniat

1178 407 1271 434 mater,
1286 407 1341 429 etc.

902 449 1040 485 Ejusdem.
1064 447 1248 476 Consonantia
1273 455 1333 475 cum
1352 447 1408 475 ﬁlio
1433 448 1554 482 loquitur
1570 446 1659 474 Elisa—

865 496 941 529 beth,
955 495 1094 531 indignam
1117 501 1147 522 se
1168 494 1284 521 adventu
1303 494 1421 528 deiparte
1436 494 1547 526 dicens;
1561 501 1656 528 quem-

867 543 1010 570 admodum
1027 546 1056 569 et
1071 540 1190 568 Joannes
1208 540 1345 575 indignum
1360 547 1390 567 se
1400 539 1508 567 dicebat
1522 540 1568 574 qui
1582 538 1659 566 Chri-

867 594 909 617 sto
922 589 1070 616 assisteret.
1087 587 1230 620 Quodnam
1246 587 1318 614 enim
1335 587 1411 618 mihi.
1428 586 1475 619 ait,
1491 591 1545 613 tam
1557 586 1659 621 grando

867 634 967 663 factum
983 639 1026 662 est
1043 634 1154 665 bonum,
1169 638 1198 660 ut
1216 637 1304 660 mater
1326 632 1433 660 Domini
1451 632 1502 659 mei
1519 631 1611 659 veniat
1625 631 1658 658 ad

868 681 935 708 mc?
959 680 1074 708 Matrem
1090 685 1168 707 vocat
1182 700 1190 712 ,
1207 687 1271 714 qua:
1283 679 1374 707 adhuc
1393 679 1471 712 virgo
1488 681 1548 705 erat
1559 697 1568 710 ,
1593 682 1657 704 ante

867 734 1003 762 occupans
1021 727 1182 761 prophetico
1196 733 1323 753 sermone
1340 729 1480 752 eventum.
1496 723 1592 750 Divina
1606 723 1658 757 igi-

869 777 913 800 tur
928 772 1095 807 dispensatio
1120 771 1306 799 testimonium
1324 770 1389 797 fecit
1414 769 1484 804 apud
1507 767 1659 798 Elisabeth.

869 821 900 844 ut
911 816 994 844 etiam
1020 816 1204 844 testimonium
1225 815 1338 844 Joannis
1354 822 1387 842 ex
1406 821 1484 841 utero
1500 815 1533 841 de
1548 813 1662 840 Domino

44 859 82 906 τῆς
104 870 163 902 ἰδίας
180 869 284 904 μητρὸς
306 865 446 894 Ἐλισάϐετ
469 863 677 900 πληροφορηθῇ,
702 862 749 889 καὶ
774 862 818 888 ἵνα

886 869 916 888 er
943 861 1080 896 propriam
1111 866 1225 888 matrem
1262 860 1448 887 Eiisabetham
1476 859 1660 887 certissimum

45 916 101 943 κατὰ
114 916 160 951 τὴν
172 915 218 941 τοῦ
235 914 354 948 ἀγγέλου
364 906 455 948 φωνὴν
467 911 587 946 ὀψομένη
597 909 647 945 τὴν
666 907 816 939 Ἐλισάὸετ,

45 963 82 989 καὶ
95 961 121 988 τὸ
135 962 162 987 ὲν
177 961 247 995 αὐτῇ
266 958 416 996 παράδοξον
433 957 538 992 κύημα,
551 955 596 982 διὰ
616 954 712 981 τούτου
729 952 819 980 καὶτὸ

46 1008 121 1043 μεῖζον
130 1005 402 1042 πιστεῦσῃ,τουτέστι
416 1003 461 1031 τὸν
472 1002 500 1035 ἐξ
511 1001 596 1036 αὐτῆς
608 1009 679 1036 φημι
689 999 740 1034 τῆς
750 1007 820 1034 παρ-

46 1053 108 1080 θένου
121 1052 236 1088 ἄσπορον
258 1051 379 1078 τοκετόν.
394 1049 449 1076 Καὶ
466 1047 606 1083 συντρέχει
623 1045 692 1081 πρὸς
707 1044 757 1080 τὴν
775 1044 820 1070 πί-

46 1108 93 1126 στιν
103 1099 198 1134 ταύτην
213 1097 265 1124 καὶ
281 1098 295 1123 ὁ
311 1096 389 1130 λόγος
402 1095 474 1130 ὁτῆς
497 1092 648 1123 Ἐλισάὸετ,
670 1090 817 1125 λεγούσης·

46 1146 89 1173 Kal
102 1144 226 1180 μακαρία
237 1144 258 1177 ὴ
283 1142 486 1173 πιστεύσασα,
502 1139 547 1166 ὅτι
567 1138 652 1166 ἔσται
667 1136 820 1169 τελείωσις

46 1191 95 1224 τοῖς
105 1189 320 1224 λελαλημένοις
329 1187 408 1222 αὐτῇ
423 1185 503 1220 παρὰ
513 1184 634 1219 Κυρίου.
656 1181 820 1218 Βεϐαιοτέρα

46 1237 90 1272 γὰρ
100 1236 161 1272 πρὸς
172 1235 219 1271 τὴν
232 1235 329 1262 πίστιν
345 1235 377 1260 ὲκ
390 1232 493 1260 τούτων
504 1231 608 1266 ἐγίνετο
619 1230 673 1256 τῶν
691 1229 822 1265 ῥημάτων

47 1284 60 1318 ὴ
74 1282 204 1318 παρθένος,
221 1279 444 1317 μακαριζομένη,
464 1278 505 1304 ὅτι
518 1276 689 1308 ἐπίστευσεν,
705 1274 820 1309 ἀγγέλου

47 1336 70 1355 τε
79 1327 313 1364 προσημαίνοντος,
327 1325 375 1352 καὶ
390 1324 439 1360 τῆς
450 1322 607 1357 συγγενίδος
623 1320 822 1357 παραπλησίως

48 1373 253 1410 προφητευούσης
259 1393 265 1399 .

77 1420 124 1447 Τοῦ
141 1419 242 1446 αὑτοῦ.
262 1417 376 1452 Ἵδωμεν
400 1415 493 1442 λοιπὸν
522 1412 690 1450 παρθενικὴν
716 1420 822 1448 προφη-

47 1474 117 1493 τειαν.

61 1512 124 1548 Στίχ.
141 1515 197 1548 μς’.
213 1509 386 1545 Μεγαλύνει
400 1508 419 1542 ἠ
436 1506 522 1542 ψυχή
535 1515 595 1541 μου
615 1505 669 1532 τὸν
682 1503 802 1538 Κυρίον.

869 908 994 935 evaderet
1010 927 1018 938 .
1033 912 1060 934 et
1071 907 1185 941 utjnxta
1199 906 1287 942 angeli
1315 912 1409 933 vocem
1434 905 1588 934 contuitura
1605 905 1662 941 (55)

869 954 1056 982 Elisabetham
1070 973 1078 986 ,
1100 958 1128 981 et
1151 954 1311 988 stupendum
1325 952 1385 987 ejus
1397 952 1598 987 graviditates),
1613 959 1662 988 per

871 1001 923 1028 hoc
939 1005 966 1027 et
979 1001 1051 1034 quod
1067 999 1155 1034 majus
1171 986 1230 1026 erat
1246 986 1372 1026 crederet
1385 986 1447 1029 {ex
1462 1003 1548 1025 semet
1565 986 1664 1032 nempe

870 1045 976 1081 virgine
993 1045 1199 1078 conceptionem
1223 1044 1284 1071 sine
1298 1043 1412 1071 semine.
1433 1042 1580 1070 Concurrit
1595 1049 1664 1077 quo-

870 1099 924 1126 que
939 1091 973 1119 ad
989 1091 1058 1118 hanc
1076 1090 1154 1118 ﬁdem
1171 1090 1323 1117 faciendam
1341 1096 1432 1116 sermo
1446 1088 1585 1116 Elisaheth
1596 1107 1604 1121 ,
1618 1087 1663 1115 di-

871 1135 976 1163 centis:
999 1135 1031 1162 Et
1044 1136 1130 1167 beata,
1144 1142 1203 1169 qum
1222 1133 1372 1166 credidisti,
1390 1134 1515 1168 quoniam
1528 1133 1578 1160 erit
1601 1140 1664 1167 per-

872 1181 949 1216 fectio
966 1181 1043 1208 dictis
1060 1180 1107 1206 tibi
1124 1188 1140 1206 α
1161 1178 1276 1206 Domino
1291 1178 1325 1206 ⁸⁵.
1345 1177 1523 1206 Constantior
1540 1177 1612 1205 enim
1628 1177 1663 1205 ad

871 1226 1033 1255 credendum
1046 1234 1080 1254 ex
1097 1226 1139 1253 his
1152 1225 1242 1252 verbis
1258 1224 1329 1252 facta
1343 1229 1385 1252 est
1398 1224 1486 1259 virgo.
1505 1224 1568 1250 dum
1582 1223 1663 1251 beata

871 1273 1036 1308 praedicatur
1052 1277 1146 1306 utpote
1159 1279 1219 1306 quae
1233 1271 1391 1308 crediderit,
1410 1275 1465 1297 tum
1483 1269 1580 1304 angelo
1594 1277 1666 1304 prat-

872 1320 1052 1356 signitieante,
1068 1323 1128 1347 tum
1140 1319 1226 1347 etiam
1249 1321 1364 1353 cognata
1386 1316 1459 1344 haud
1477 1315 1557 1343 aliter
1570 1315 1666 1343 vatici-

872 1371 966 1394 naute.

908 1411 1045 1446 Ejusdem.
1060 1410 1208 1439 Videamus
1220 1409 1276 1446 jam
1298 1407 1459 1444 virginalem
1476 1408 1662 1444 prophetiam.

958 1501 992 1529 ν.
1006 1500 1053 1529 46.
1071 1499 1227 1536 Magni/ictu
1247 1499 1339 1527 anima
1356 1507 1414 1526 mea
1429 1498 1581 1526 Dominum.

75 1543 242 1592 Πιῖςῆιζιυχή
261 1543 311 1591 μου
324 1552 469 1589 μεγαλύνει
489 1551 534 1578 τὸν
557 1550 669 1586 Κύριον,
693 1557 822 1583 κατανοη-

909 1548 1051 1582 Quomodo
1066 1547 1156 1574 anima
1172 1553 1231 1574 mea
1254 1545 1411 1580 magniﬁcat
1426 1544 1581 1576 Dominum,
1598 1551 1666 1572 con-

49 1604 106 1630 τίον.
123 1603 181 1630 Ἐὰν
194 1602 281 1635 ἀξίως
295 1597 499 1634 πολιτευώμεθα
514 1597 575 1623 κατ’
590 1595 682 1622 εἰκόνα
699 1594 747 1621 τοῦ
767 1593 826 1620 κτί-

51 1659 129 1682 σαντος
138 1651 219 1686 ἡμᾶς,
237 1647 288 1675 καὶ
305 1644 485 1682 ὁμοιωθῶμεν
499 1643 539 1678 τῷ
559 1641 739 1678 πρωτοτύπῳ,
754 1639 826 1666 κατὰ

50 1696 73 1723 τὺ
81 1696 192 1728 δυνατὸν,
208 1696 244 1722 δι’
264 1692 376 1726 ἀγαθῶν
389 1691 488 1727 ἔργων,
505 1689 693 1725 μεγαλύνομεν
706 1687 752 1714 τὸν
767 1685 826 1712 Κύ-

51 1751 97 1778 ριον
111 1743 206 1776 λόγοις,
220 1741 326 1776 ἔργοις,
340 1738 469 1773 νοήμασι.
484 1734 632 1771 Σμικρύνει
649 1733 677 1760 δέ
692 1741 732 1765 τις
745 1731 826 1759 αὑτὸν

51 1777 181 1822 ἆναλόγως,
199 1787 274 1814 κατὰ
285 1786 334 1821 τὴν
349 1784 450 1812 κακίαν
461 1783 510 1818 τὴν
523 1781 730 1816 ἐνυπάρχουσαν
741 1777 825 1813 αὐτῷ.

51 1834 95 1870 Τῆς
109 1832 151 1861 οὖν
161 1833 300 1869 Μαρίαςὴ
313 1830 386 1866 ψυχὴ
402 1828 552 1866 ἐμεγάλυνε
568 1827 613 1853 τὸν
625 1825 738 1861 Κύριον,
754 1824 784 1850 τὸ
798 1824 827 1850 δὲ

52 1880 143 1916 πνεῦμα
158 1880 242 1915 αὐτῆς
261 1878 445 1914 ἠγαλλιάσατο
463 1875 510 1902 ἐπὶ
521 1873 560 1910 τῷ
576 1872 636 1908 Θεῷ
651 1872 692 1907 τῷ
709 1871 825 1906 Σωτῆρι.

51 1927 145 1963 Πρῶτον
155 1926 323 1962 ἐμεγάλυνεν
337 1925 354 1960 ὴ
368 1923 441 1959 ψυχὴ
460 1921 556 1957 αὐτῆς,
571 1918 630 1947 εἶτα
645 1918 828 1955 ἠγαλλιάσατο

52 1972 77 1998 τὸ
87 1972 186 2008 πνεῦμα
198 1972 298 2007 αὐτῆς.

81 2059 325 2098 Παρατηρήσασθαι
333 2060 374 2086 δεῖ
385 2060 414 2086 ὲν
428 2058 476 2094 ὅλῃ
484 2058 517 2093 τῇ
527 2056 634 2091 Παλαιᾷ
645 2055 691 2082 καὶ
700 2055 733 2090 τῇ
741 2053 828 2089 Καινῇ

54 2108 143 2144 Γραφῇ,
160 2110 186 2135 εἴ
197 2108 250 2135 πού
262 2109 337 2134 ἐστιν
351 2107 442 2142 εὑρεῖν
459 2104 504 2131 ἐπὶ
515 2101 685 2139 ἁμαρτωλῶν
697 2100 829 2135 γενέσεως

55 2154 179 2190 εῑρημένον
195 2155 241 2182 τό·
268 2152 423 2186 Ἐπλήσθη
433 2153 450 2178 ὁ
463 2152 573 2185 χρόνος
585 2147 639 2174 τοῦ
649 2145 756 2173 τεκεῖν.
773 2144 830 2171 Οὐκ

55 2200 80 2227 ἂν
93 2202 140 2236 γάρ
155 2210 197 2233 τις
213 2200 301 2236 εὖροι,
316 2199 354 2231 ὡς
373 2196 464 2234 οἶμαι·
489 2195 548 2223 ἀλλ’
560 2195 627 2221 ὃπου
653 2191 827 2227 ὠνόμασται,

56 2247 87 2273 ικτι
98 2247 195 2280 δίκαιός
212 2249 289 2274 ἐστιν
306 2247 320 2273 ὁ
334 2245 515 2280 γεννώμενος.
534 2241 590 2269 Καὶ
606 2239 685 2267 τοῦτο
695 2238 723 2265 δὲ
733 2237 780 2264 καὶ
795 2235 830 2262 τὰ

56 2292 124 2321 λοιπὰ
133 2295 186 2329 (56)
191 2315 197 2321 .

90 2340 117 2366 Ἡ
137 2340 288 2371 Ἑλισάῧετ,
307 2337 441 2373 προφῆτις
455 2333 532 2368 οὖσα,
548 2334 597 2361 καὶ
615 2332 665 2367 τὴν
681 2330 830 2366 γενομένην

57 2384 89 2420 τῷ
106 2386 178 2423 ἀνδρὶ
200 2385 373 2420 ἀποκάλυψιν
396 2384 433 2420 μὴ
454 2382 604 2413 ἀκούσασα,
628 2378 667 2414 τῷ
691 2377 831 2413 Πνεύματι

59 2432 117 2468 ἁγίῳ
127 2434 173 2470 τὴν
193 2433 270 2470 παρὰ
285 2431 332 2458 τοῦ
351 2430 467 2465 ἀγγέλου
484 2428 612 2464 ῥηθεῖσαν
632 2424 829 2461 προσηγορίαν,

59 2480 96 2506 καὶ
113 2468 242 2516 Ἰωάννην.
251 2479 355 2514 ἔφασκε
366 2477 396 2504 τὸ
413 2475 519 2502 παιδίον
535 2471 726 2508 ὀνομάσεσθαι.
746 2470 790 2501 Ὡς
803 2468 831 2495 δὲ

59 2526 97 2552 καὶ
110 2527 181 2562 παρὰ
197 2527 245 2553 τοῦ
269 2525 372 2561 πατρὸς
388 2520 480 2559 ἠξίουν
503 2520 609 2557 μαθεῖν,
637 2518 685 2545 καὶ¹
713 2516 831 2544 διένευον

60 2572 131 2608 αὑτῷ,
149 2560 185 2606 ως
201 2573 239 2609 μὴ
256 2571 381 2599 ἀκούοντι
401 2569 417 2604 ἢ
434 2567 551 2603 λαλῆσαι
566 2564 707 2600 δυναμένῳ
718 2571 725 2578 ·
740 2560 832 2609 λαϐὼν

61 2606 147 2645 δέλτιον
169 2606 271 2654 εγράψε
299 2615 452 2652 συμφώνως
475 2615 509 2649 τῇ
530 2610 628 2639 ἑαυτοῦ
651 2608 760 2644 γυναικὶ¹
784 2606 832 2634 τοῦ

63 2665 142 2698 παιδὸς
158 2666 205 2701 τὴν
217 2663 414 2701 προσηγορίαν,
431 2661 468 2693 ὡς
484 2659 588 2690 πάντας
611 2657 657 2701 ἐπὶ
671 2655 773 2701 τούτων
785 2654 825 2701 εκ-

63 2699 223 2743 πλήττεσθαι,
240 2699 317 2736 Ἐἶτά
334 2714 432 2742 φησιν’
456 2703 599 2738 Ἀνεῴχθη
623 2700 657 2728 δὲ
680 2700 711 2727 τὸ
735 2699 831 2732 στόμα

162 2754 238 2781 Μετὰ
246 2753 277 2780 τὸ
287 2752 391 2789 γράψαι
403 2749 524 2786 δηλονότι
538 2749 566 2774 ὲν
573 2746 669 2781 δέλτῳ,
682 2745 722 2771 ὅτι
739 2742 832 2771 Ἰωάν-

80 2821 99 2837 ⁸⁸
110 2821 170 2849 Luc.
191 2831 211 2854 I,
230 2822 272 2850 ιε.
311 2821 334 2836 ³⁸
352 2820 415 2846 ibid.
432 2818 477 2845 57.
516 2815 538 2832 ⁸⁸
554 2815 619 2843 ibid.
632 2814 678 2840 65.

98 2880 148 2912 (M)
169 2880 243 2908 Ilolu.
259 2889 297 2912 Ix,
309 2879 382 2906 circa
401 2878 493 2904 liuent.

875 1595 1050 1622 siderandum
1064 1597 1115 1620 est.
1132 1592 1161 1621 Si
1175 1595 1205 1618 ut
1220 1598 1270 1626 par
1286 1595 1328 1618 est
1339 1591 1421 1618 vitam
1433 1590 1606 1617 traducamus
1623 1597 1667 1616 se-

875 1640 991 1667 cundum
1017 1638 1162 1673 imaginem
1191 1637 1250 1671 eius
1278 1635 1323 1670 qui
1351 1636 1457 1663 creavit
1487 1643 1557 1667 nos,
1584 1639 1667 1668 atque

875 1684 1023 1720 exemplari
1046 1688 1141 1711 nostro
1156 1682 1351 1715 assimilemur,
1375 1685 1509 1716 quantum
1531 1680 1590 1708 ﬁeri
1618 1687 1667 1715 po-

876 1735 940 1763 test,
958 1738 1006 1766 per
1023 1730 1092 1758 bona
1104 1735 1198 1764 opera,
1218 1732 1283 1755 tunc
1296 1727 1504 1763 magniﬁcamus
1523 1726 1666 1753 Dominum

876 1777 978 1809 verbis,
1001 1775 1141 1811 Operibus,
1161 1773 1385 1809 cogitationibus.
1414 1773 1550 1800 Extenuat
1573 1776 1665 1799 autem

877 1822 951 1850 illum
964 1821 1035 1855 quis,
1055 1827 1116 1847 cum
1131 1817 1320 1854 proportione,
1337 1817 1414 1851 juxta
1429 1817 1590 1852 pravitatem
1604 1823 1666 1851 qua;

877 1869 927 1896 sibi
944 1868 1024 1895 inest.
1043 1865 1135 1894 Maria:
1155 1866 1237 1900 igitur
1261 1865 1351 1891 anima
1370 1863 1515 1890 Dominum
1540 1861 1667 1897 magniﬁ-

877 1914 957 1941 cabat
968 1931 978 1945 ν
994 1916 1023 1939 et
1044 1911 1156 1946 spiritus
1170 1910 1231 1944 ejus
1252 1908 1409 1937 exsultabat
1427 1907 1453 1934 in
1469 1907 1525 1935 Deo
1542 1906 1666 1934 salutari.

878 1959 957 1987 Prius
973 1956 1167 1993 magiiilicabat
1183 1956 1273 1983 anima
1296 1954 1385 1987 illius.
1406 1954 1503 1982 deiude
1518 1953 1667 1981 exsultavit

878 2005 989 2040 spiritus
1005 2004 1074 2039 ejus.

913 2048 1188 2077 Animadvertendum
1211 2051 1254 2075 est
1280 2047 1307 2075 in
1335 2050 1391 2074 tota
1417 2045 1508 2074 Veteri
1537 2044 1669 2079 Novaque

879 2096 1020 2131 Scriptura
1033 2115 1041 2128 ,
1065 2095 1151 2123 sicubi
1177 2093 1300 2121 invenire
1316 2093 1398 2120 liceat
1417 2092 1444 2119 in
1469 2091 1668 2126 peccatricibus

870 2141 1103 2183 generationibus
1118 2141 1221 2169 dictum
1234 2140 1317 2167 fuisse
1332 2148 1339 2166 :
1355 2138 1496 2173 [inpletum
1514 2142 1552 2164 eu
1568 2141 1669 2169 tempus

879 2188 1001 2226 pariendi
1014 2188 1048 2216 ".
1074 2187 1131 2215 Non
1147 2187 1220 2214 enim
1236 2186 1298 2221 quis
1313 2184 1436 2212 invenire
1452 2183 1568 2218 poterit,
1580 2187 1610 2210 ut
1622 2190 1668 2208 ar-

881 2235 970 2263 bitror
985 2243 993 2262 :
1010 2234 1061 2261 nisi
1078 2234 1122 2260 ubi
1141 2232 1311 2265 nominatur,
1326 2231 1430 2266 justum
1443 2236 1505 2257 esse
1520 2228 1566 2264 qui
1580 2227 1669 2256 nasci-

882 2284 936 2308 tur.
954 2280 987 2307 Et
999 2279 1051 2306 hoc
1068 2286 1142 2312 vero,
1155 2281 1208 2305 etc.

917 2324 1054 2353 Elisabeth
1071 2331 1132 2351 cum
1149 2320 1287 2357 prophetis
1300 2322 1382 2353 esset,
1398 2325 1449 2347 nec
1461 2318 1610 2346 audivisset
1624 2323 1669 2344 re-
1694 2315 1698 2325 ‘

882 2371 1043 2399 velationem
1068 2370 1128 2396 viro
1153 2375 1203 2396 suo
1218 2367 1336 2399 factam,
1368 2373 1450 2401 quam
1478 2364 1596 2399 Spiritus
1610 2370 1671 2390 san-

883 2422 944 2445 ctus
969 2423 1018 2451 per
1053 2413 1178 2450 angelum
1208 2412 1442 2441 nomenclatnram
1473 2411 1615 2443 ediderat,
1642 2414 1672 2438 et

883 2463 1014 2491 Joannem
1029 2462 1180 2489 vocandum
1196 2466 1257 2487 esse
1270 2466 1398 2494 puerum,
1416 2457 1495 2484 dixit.
1511 2456 1560 2484 Ubi
1577 2460 1672 2483 autem

883 2510 965 2536 etiam
990 2515 1006 2535 a
1030 2507 1110 2534 Patre
1135 2506 1206 2533 scire
1227 2504 1375 2536 volebant,
1392 2503 1472 2538 eique
1500 2500 1670 2531 innuehant.

883 2555 983 2590 quippe
998 2560 1050 2580 non
1075 2550 1217 2583 audienti,
1236 2554 1282 2577 aut
1298 2548 1372 2584 loqui
1398 2547 1511 2580 valenti,
1533 2546 1671 2581 accipiens

886 2601 1011 2629 tabellam
1024 2598 1146 2633 scripsit,
1159 2597 1238 2625 uxori
1254 2603 1310 2624 sua;
1322 2594 1509 2626 concordans,
1523 2593 1598 2628 pueri
1621 2599 1670 2626 ap-

885 2646 1057 2683 pellationem
1073 2652 1080 2671 :
1096 2650 1181 2677 usque
1198 2643 1266 2669 adeo
1286 2646 1315 2669 ut
1337 2647 1432 2668 omnes
1446 2640 1601 2675 ipropterca
1617 2641 1670 2665 stu-

883 2700 949 2728 pore
964 2690 1184 2727 percellerentur.
1208 2687 1309 2715 Deinde
1334 2687 1373 2714 ait
1394 2693 1405 2714 τ
1428 2686 1553 2721 Apertum
1567 2688 1605 2711 est
1623 2691 1671 2710 au-

885 2744 935 2766 tem
960 2746 987 2765 os
1010 2737 1066 2771 ejus
1080 2735 1113 2762 ³⁵.
1138 2734 1289 2769 Postquam
1315 2733 1420 2762 scilicet
1434 2732 1461 2760 in
1478 2729 1576 2759 tabella
1600 2729 1672 2757 scri-

922 2866 976 2902 (55)
991 2863 1089 2899 Supple
1103 2861 1200 2890 Maria.
