1904 3076
225 106 278 134 323

665 105 948 135 SUPPLEMENTUH
963 107 1011 136 AD
1030 106 1193 137 ORIGENIS
1206 106 1411 135 EXEGETICA.

1807 110 1860 138 324

224 168 316 199 pserat
329 184 337 195 .
353 164 417 199 quia
444 172 539 192 nomen
563 164 622 199 ejus
636 170 692 191 erat
711 164 830 192 Joannes
842 184 851 197 ,
865 164 953 192 soluta
969 169 1012 192 est

1076 173 1120 198 τις
1128 164 1213 191 ἔσται
1227 164 1260 191 τὸ
1272 164 1365 200 ὄνομα
1377 164 1480 196 αὐτοῦ,
1496 164 1578 200 ἐλύθη
1591 166 1608 200 ἡ
1619 165 1752 202 δεδεμένη
1769 169 1857 204 φωνή.

225 218 298 243 vox,
325 218 386 245 qua:
410 210 491 245 ligata
509 209 610 239 fuerat.
639 209 673 237 Et
696 210 868 245 recuperavit
894 210 1013 246 linguam

226 264 313 289 suam,
326 265 378 284 non
388 256 503 291 amplius
518 261 548 284 ut
559 261 639 284 antea
649 257 796 285 revinctam
810 257 1012 290 incredulitate,

226 302 273 329 sed
289 302 495 330 benedicentem
510 302 606 336 Deum,
619 307 646 330 et
657 303 854 331 vaticinantem
870 311 930 339 qua:
944 304 1013 332 scri-

225 353 270 383 pta
286 353 359 376 sunt.

260 394 432 430 Superlluum
447 398 489 422 est
502 396 605 430 dicere,
620 400 674 425 etc.

261 440 297 469 Ut
314 446 378 475 puto
393 461 401 473 ,
419 441 500 468 etiam
517 446 610 476 patres
626 441 711 469 nostri
726 441 865 469 Abraham
889 446 916 468 et
937 439 1014 470 Isaac

223 491 252 515 et
263 485 359 521 Iacob,
380 492 507 522 totusque
531 487 634 515 chorus
647 492 803 515 sanctorum
826 487 885 522 ejus
899 488 1014 523 prophe-

224 538 312 560 tarum
327 541 359 560 ac
372 533 521 567 iustorum,
541 533 615 560 fruiti
629 539 694 560 sunt
712 534 828 561 adventu
852 534 964 561 Christi.
982 535 1011 562 Si

223 580 295 606 enim
311 580 459 613 paciﬁcavit
484 587 531 613 per
552 579 707 613 sanguinem
724 579 809 606 crucis
830 579 889 615 ejus
911 584 935 607 et
954 588 1013 615 quae

223 626 252 652 in
268 631 339 653 terra
353 630 377 652 et
389 633 447 660 qua:
465 626 493 651 in
506 625 569 652 caelo
588 625 610 641 ³⁷
630 624 707 659 juxta
722 625 812 652 divum
830 625 989 660 Apostolum
1004 635 1011 653 :

224 671 288 705 quid
306 671 445 705 pigritaris
460 671 604 698 admittere
618 691 626 703 ,
642 671 713 705 quod
733 675 759 698 et
776 671 810 698 ad
833 676 925 706 patres
941 671 1012 699 facta

224 714 307 740 fuerit
330 714 471 746 visitatio,
498 715 578 749 idque
602 715 758 750 praestiterit
779 715 837 750 ejus
861 716 894 743 ad
909 715 1026 747 inferos,

224 760 371 792 adventus,
390 765 503 795 propter
517 761 765 796 ininvesligabilem
781 762 841 797 ejus
862 763 1014 791 misericor-

223 805 317 832 diam?
331 806 359 832 ld
372 813 454 840 porro
469 807 595 841 quamvis
613 815 684 834 nunc
693 808 837 842 acciderit,
851 808 906 843 jam
921 814 1011 837 tamen

1065 209 1120 236 Καὶ
1135 209 1254 236 ἀπέλαϐε
1270 210 1319 245 τὴν
1334 210 1431 237 ἑαυτοῦ
1451 210 1587 244 γλῶσσαν,
1607 211 1698 238 οὐκέτι
1717 212 1792 239 καθὰ
1807 215 1859 241 πά-

1063 254 1106 281 λαι
1119 255 1264 291 δεδεμένην
1279 257 1312 291 τῇ
1327 256 1452 292 ἀπιστίᾳ,
1467 257 1524 283 ἀλλ’
1536 257 1704 291 εὐλογοῦσαν
1714 258 1763 285 τὸν
1776 258 1859 292 Θεὸν,

1063 301 1111 328 καὶ
1125 301 1349 337 προφητεύουσαν
1361 302 1395 329 τὰ
1410 302 1651 339 ἀναγεγραμμένα.

1099 391 1233 426 Περισσόν
1248 391 1306 418 ἐστι
1322 391 1352 418 τδ
1364 391 1464 426 λέγειν,
1484 392 1578 419 καὶτὰ
1594 392 1684 420 λοιπά.

1104 436 1149 468 Ὧς
1176 435 1251 472 οἶμαι
1279 437 1327 464 καὶ
1354 438 1378 463 oi
1405 438 1520 474 πατέρες
1536 439 1614 473 ἡμῶν
1646 439 1786 477 Ἀϐραὰμ,
1814 441 1859 468 καὶ

1069 480 1161 508 Ἰσαὰκ
1171 483 1218 508 καὶ
1232 481 1338 513 Ἰακὼϐ,
1348 482 1395 509 καὶ
1409 483 1468 514 ὅλος
1482 484 1496 509 ὁ
1506 483 1585 518 χορὸς
1599 483 1652 511 τῶν
1667 485 1755 519 ἁγίων
1772 486 1858 513 αὑτοῦ

1064 527 1210 563 προφητῶν
1231 528 1278 554 κα).
1298 527 1425 562 δικαίων,
1449 529 1609 564 ἀπήλαυσαν
1633 531 1681 566 τῆς
1702 532 1857 567 παρουσίας

1062 572 1110 599 τοῦ
1122 572 1250 609 Χριστοῦ.
1268 574 1300 600 Ei
1313 574 1367 610 γὰρ
1380 575 1590 609 εὶρηνοποίηστε
1597 575 1645 603 διὰ
1658 577 1711 604 τοῦ
1729 579 1857 613 αἵματος

1063 619 1116 646 τοῦ
1129 620 1261 654 σταυροῦ
1279 620 1371 647 αὑτοῦ
1386 620 1422 647 τά
1441 629 1473 648 τε
1492 621 1527 647 ἐν
1546 620 1583 656 τῇ
1595 622 1634 657 γῇ
1649 623 1698 650 καὶ
1718 624 1756 650 τὰ
1768 624 1806 650 ἐν
1818 625 1856 658 τῷ

1063 666 1189 699 οὐρανῷ,
1198 666 1269 693 κατὰ
1288 667 1333 693 τὸν
1349 666 1420 694 θεῖον
1436 667 1609 700 Ἀπόστόλον,
1623 669 1649 695 τι
1665 670 1757 702 ὀκνεῖς
1765 680 1856 707 παρα-

1062 710 1199 744 δέξασθαι,
1223 712 1265 738 ὄτι
1287 712 1334 738 καὶ
1351 713 1418 747 πρὸς
1443 712 1506 744 τοὺς
1522 714 1644 749 πατέρας
1659 716 1676 751 ἡ
1697 716 1852 752 ὲπισκοπὴ,

1063 757 1110 784 καὶ
1123 758 1227 794 τοῦτοὴ
1245 759 1286 790 είς
1301 758 1347 785 τὸν
1364 758 1431 794 ᾅδην
1446 759 1529 785 αὐτοῦ
1547 759 1638 794 ἄφιξις
1660 762 1855 797 ἐπραγματεύ-

1064 812 1129 830 σατο
1139 803 1183 830 διὰ
1198 803 1227 830 τὸ
1245 804 1447 840 ἀνεξιχνίαστον
1464 805 1546 832 αὐτοῦ
1558 806 1651 840 ἑλεος;
1668 807 1756 834 Τοῦτο
1776 809 1816 840 δὲ,
1831 810 1854 835 εἰ

222 852 287 879 olim
308 853 333 879 in
360 857 532 881 antecessum
555 854 753 889 proclamatum
779 855 867 883 fuerat
885 863 893 883 :
909 863 941 883 ac
954 856 1010 883 ﬁeri

1076 849 1110 875 :al
1127 848 1174 876 νῦν
1189 849 1311 884 γέγονεν,
1346 849 1404 877 ἀλλ’
1419 850 1535 877 ἔκπαλαι
1551 853 1770 889 προανεφωνήθη
1780 862 1787 869 ·
1806 855 1854 882 καὶ

223 905 278 924 non
295 902 410 931 poterat,
425 903 454 924 ut
467 898 592 926 effectum
606 906 660 926 non
683 900 848 927 sortirentur
863 900 937 927 liisce
952 907 1011 928 ser-

222 950 328 971 mones.
341 942 518 977 Jurejurando
535 944 607 971 enim
621 945 794 973 conﬁrmavit
809 946 1012 980 promissiones,

221 994 334 1025 propter
350 990 579 1024 immolnilitatem,
591 991 655 1026 quia
670 992 781 1020 omnino
795 992 880 1021 ﬁet".
896 993 930 1020 Et
940 1001 1013 1021 nunc

224 1035 317 1063 tideles
330 1036 390 1064 sine
410 1037 508 1064 timore
533 1037 568 1065 de
585 1045 667 1065 manu
686 1038 870 1073 spiritualium
888 1039 1013 1069 inimico-

223 1089 282 1109 rum
296 1081 446 1110 liberantur
457 1083 490 1110 ".

259 1126 336 1162 Smpe
352 1128 504 1155 liberantur
518 1129 641 1163 quidam,
655 1135 710 1157 etc.

257 1173 316 1201 Non
343 1174 376 1201 ad
400 1173 555 1201 Judaeorum
571 1183 736 1210 synagogam
761 1176 787 1204 in
810 1176 959 1205 Jerusalem
977 1178 1010 1206 ad

221 1220 389 1251 sacerdotes,
406 1224 434 1248 et
450 1221 555 1248 scribas
569 1227 597 1249 et
614 1221 769 1250 Pharisaeos
785 1224 861 1251 venit
875 1224 985 1259 angelus
1001 1233 1008 1252 :

221 1265 269 1293 sed
283 1270 400 1300 pastores
415 1267 511 1300 reperit
523 1267 552 1294 in
567 1275 631 1302 agro
647 1268 779 1303 degentes,
793 1273 818 1296 et
835 1270 1010 1297 custodientes

221 1311 358 1338 custodias
371 1313 455 1339 ηοειὶι
475 1321 554 1348 super
569 1322 670 1349 gregem
692 1322 770 1342 suum
782 1316 805 1331 ⁸⁸
822 1325 829 1343 :
848 1315 923 1343 hisce
937 1323 1009 1344 enm

221 1357 389 1393 evangelizat
424 1358 576 1387 Salvatoris
610 1361 792 1388 nativitatem.
827 1361 859 1389 Hi
892 1369 1010 1397 namque

221 1404 361 1439 simplices
386 1410 484 1438 erant,
502 1410 622 1433 veterem
644 1407 752 1435 vivendi
777 1408 910 1436 rationem
933 1416 1009 1444 qum-

221 1455 315 1478 reutes
346 1451 575 1486 patriarcharum.
605 1453 733 1481 Pastores
769 1454 902 1488 siquidem
932 1459 1010 1482 erant

220 1503 249 1524 et
274 1497 301 1524 hi
316 1517 325 1529 ,
350 1497 397 1532 qui
423 1498 506 1525 etiam
524 1504 666 1527 currentes
690 1500 752 1528 aliis
778 1508 887 1536 quoque
903 1508 1007 1528 annun-

1066 894 1193 922 ἀδύνατον
1208 893 1242 931 ἦν
1264 896 1301 931 μὴ
1321 895 1434 931 ὲκὸἦναι
1457 896 1555 929 αὐτοὺς
1570 897 1665 932 λόγους
1692 900 1734 931 εἰς
1756 899 1851 936 ἔργον.

1066 940 1158 976 Ὀρκῳ
1174 941 1228 977 γὰρ
1252 941 1398 968 ὲὸεϐαίωσε
1419 942 1469 974 τὰς
1487 943 1653 978 ἐπαγγελίας
1669 944 1714 971 διὰ
1738 945 1770 971 τὸ
1785 947 1855 973 ἀπα-

1065 986 1191 1022 ράϐατον,
1207 987 1247 1013 ὃτι
1257 988 1364 1020 πάντως
1379 988 1464 1015 ἔσται.
1475 988 1529 1015 Καὶ
1540 989 1587 1016 νῦν
1596 990 1621 1016 ol
1637 991 1730 1018 πιστοὶ
1745 991 1854 1026 ἀφόϐως

1063 1033 1096 1060 ὲκ
1111 1033 1202 1069 χειρὸς
1217 1033 1271 1060 τῶν
1282 1033 1385 1070 νοητῶν
1400 1035 1505 1071 ἐχθρῶν
1521 1035 1642 1071 ῥύονται.

1097 1122 1154 1158 (57)
1175 1123 1309 1156 Πολλάκις
1321 1124 1430 1160 ῥύονταί
1445 1133 1527 1157 τινες,
1544 1125 1637 1153 καὶτὰ
1652 1125 1746 1154 λοιπά.

1097 1169 1155 1205 (58)
1171 1170 1228 1196 Οὐκ
1238 1171 1278 1202 εἰς
1288 1170 1336 1206 τὴν
1344 1170 1397 1197 τῶν
1405 1171 1538 1198 Ἰουδαίων
1553 1174 1714 1210 συναγωγὴν
1726 1175 1767 1206 εἰς
1774 1173 1854 1211 Ἰερο-

1062 1216 1166 1252 σόλυμα
1181 1216 1250 1252 πρὸς
1266 1217 1329 1249 τοὺς
1341 1217 1425 1253 ἱερεῖς
1445 1218 1493 1244 καὶ
1508 1221 1684 1255 γραμματεῖς
1706 1223 1753 1248 καὶ
1771 1223 1854 1258 Φαρι-

1062 1261 1152 1294 σαίους
1166 1262 1317 1298 ἀπέρχεται
1329 1264 1343 1289 ὸ
1357 1263 1480 1298 ἄγγελος·
1489 1264 1555 1291 ἀλλὰ
1568 1266 1711 1300 ποιμένας
1718 1268 1853 1302 εὑρίσκει

1060 1308 1297 1342 ἀγραυλοῦντας,
1324 1310 1373 1336 καὶ
1393 1310 1611 1344 φυλάσσοντας
1632 1314 1774 1346 φυλακὰς
1797 1314 1852 1348 τῆς

1059 1354 1170 1388 νυκτός
1177 1355 1226 1382 ἐπὶ
1236 1355 1293 1395 τὴν
1306 1356 1437 1390 ποίμνην
1450 1356 1558 1384 αὐτῶν·
1574 1357 1679 1390 τούτοις
1695 1359 1750 1395 γὰρ
1769 1361 1851 1395 εὐαγ-

1061 1401 1197 1435 γελίζεται
1212 1392 1259 1427 τοῦ
1274 1401 1400 1437 Σωτῆρος
1413 1402 1462 1437 τὴν
1478 1402 1615 1438 γέννησιν.
1634 1392 1714 1431 Οὗτοι
1732 1392 1782 1441 μὲν
1796 1392 1851 1443 γάρ

1059 1445 1191 1472 ἄπλαστοι
1201 1443 1281 1482 ἦσαν,
1295 1445 1344 1481 τὴν
1358 1446 1474 1474 παλαιὰν
1487 1447 1625 1475 πολιτείαν
1641 1448 1787 1485 ζηλοῦντες
1797 1451 1850 1478 τῶν

1060 1491 1246 1527 πατριαρχῶν.
1269 1491 1401 1527 Ποιμένες
1424 1491 1478 1528 γὰρ
1490 1490 1560 1528 ἦσαν
1579 1494 1627 1521 καὶ
1641 1491 1725 1529 οὗτοι,
1750 1496 1776 1522 οἶ
1805 1497 1851 1524 καὶ

222 1542 369 1572 tiaverunt.
397 1542 440 1570 Illi
456 1551 574 1579 namque
600 1545 700 1580 quippe
733 1533 1007 1574 invidia-tabescen-

1076 1537 1206 1573 ραμόντες
1222 1538 1277 1570 τοῖς
1291 1538 1395 1573 ἑτέροις
1406 1538 1453 1565 καὶ
1466 1540 1646 1575 ἀπήγγελλον.
1672 1541 1787 1569 Ἐκεῖνοι
1798 1542 1851 1578 γὰρ

223 1592 264 1616 tes
281 1608 288 1620 .
318 1588 483 1617 occultaturi
513 1589 629 1617 fuissent
655 1590 747 1618 mundi
776 1591 873 1618 salutis
900 1596 1008 1626 myste-

221 1634 303 1661 rium.

257 1679 336 1706 Solus
353 1679 453 1707 etenim
474 1679 525 1707 iste
544 1680 652 1714 aperuit
665 1680 773 1707 vulvam
789 1688 822 1708 ex
836 1680 946 1716 Virgine
962 1688 1010 1708 na-

222 1730 273 1752 lns.
289 1725 361 1752 Nihil
380 1727 452 1753 enim
466 1731 528 1754 ante
546 1726 684 1754 Christum
701 1727 810 1754 vulvam
828 1727 902 1754 illius
918 1727 1010 1761 tetige-

220 1775 272 1798 rat.
291 1769 387 1798 Omnia
401 1778 468 1798 vero
483 1771 665 1806 primogenita
679 1791 687 1804 ,
702 1772 810 1799 tametsi
826 1772 1008 1807 primogenita

219 1815 285 1849 sint,
301 1823 353 1842 non
373 1820 462 1843 tamen
477 1815 603 1851 aperiunt
618 1816 706 1851 prima
722 1815 846 1848 vulvam,
861 1816 909 1844 sed
926 1816 1009 1843 mari-

220 1863 272 1886 Ius.

255 1905 294 1933 Ne
309 1905 378 1933 forte
403 1905 558 1941 reliquisset
573 1913 631 1934 eos.
657 1906 786 1934 Dolentes
804 1907 885 1942 igitur
903 1913 1008 1939 quaere-

218 1951 284 1980 bant
302 1951 401 1979 Filium
418 1951 465 1979 Dei
482 1960 490 1979 :
506 1956 533 1979 et
546 1957 699 1987 quazrentes
717 1952 803 1987 ipsum
827 1959 880 1978 non
897 1952 1008 1979 invene-

219 2002 282 2026 runt
297 1998 367 2025 inter
383 2001 515 2033 cognatos
530 2006 537 2024 :
550 2001 610 2024 erat
625 1996 698 2024 enim
712 2004 794 2032 supra
818 1997 1006 2033 cognationem

216 2051 323 2073 eorum.

561 2087 638 2115 CAP.
661 2087 695 2115 ll.

217 2134 251 2164 V.
267 2135 312 2163 49.
331 2134 393 2163 Non
408 2134 547 2166 noveratis,
562 2133 624 2168 quia
643 2134 671 2160 in
685 2134 731 2166 iis,
751 2141 811 2168 qute
825 2132 917 2160 Patris
930 2138 1005 2168 sunt,

462 2169 597 2205 oportebat
613 2177 670 2196 esse
688 2168 753 2196 me?
912 2192 925 2207 ,

253 2217 290 2245 Ut
306 2218 340 2245 ad
351 2218 465 2245 verbum
477 2224 616 2245 armemur
624 2216 756 2243 adversus
767 2214 865 2250 impias
874 2214 1003 2248 haereses,
1019 2209 1042 2239 ο

219 2263 340 2291 dicentes
368 2264 425 2300 (56)
443 2264 550 2291 Patrem
569 2263 632 2291 Jesu
645 2263 749 2291 Christi
763 2269 815 2289 non
832 2268 892 2289 esse
904 2261 1002 2288 mundi

217 2310 386 2338 conditorem
398 2318 405 2343 ;
422 2318 509 2344 neque
522 2310 605 2338 Deum
616 2310 693 2345 legis,
710 2315 799 2343 neque
811 2308 894 2335 Deum
908 2307 1001 2342 templi

217 2354 325 2381 Patrem
353 2362 415 2382 esse
433 2355 543 2383 Christi.
567 2355 643 2384 Hane
667 2355 740 2383 enim
757 2354 815 2389 ejus
838 2361 929 2382 vocem
954 2361 1000 2381 au-

216 2402 321 2430 dientes
335 2400 518 2429 Valentiniani
531 2402 709 2435 erubescant;
729 2401 767 2428 ait
778 2400 900 2435 quippe:
917 2399 952 2427 In
969 2400 1001 2428 iis

214 2456 273 2482 qua
290 2447 379 2474 Patris
392 2447 441 2474 mei
456 2452 518 2474 sunt
533 2452 632 2482 oportet
652 2455 692 2474 me
710 2454 765 2474 esse
786 2454 796 2473 :
821 2446 843 2474 si
860 2446 940 2473 modo
952 2446 1002 2473 ad-

215 2494 337 2521 mittunt.
352 2493 458 2528 Ergone
483 2500 568 2527 usque
588 2492 657 2521 adeo
680 2497 759 2520 erant
777 2492 880 2525 stolidi,
902 2496 932 2519 ut
947 2499 1001 2520 non

214 2539 398 2574 intelligerent
418 2540 491 2574 quod
505 2539 574 2567 dixit
588 2549 596 2567 :
612 2539 646 2567 In
655 2540 686 2567 iis
702 2548 760 2573 qua:
774 2539 875 2573 Patris,
892 2547 952 2575 pro,
967 2539 997 2566 lu

214 2586 333 2621 templo?
348 2587 401 2614 Aut
415 2594 479 2613 num
489 2586 646 2622 mysterium
657 2586 803 2621 quodpiam
822 2586 962 2619 innuitur;
977 2585 1001 2614 si

248 2643 271 2660 ’τ
287 2643 393 2672 Coloss.
408 2651 428 2677 ι,
442 2643 487 2671 20.
535 2643 558 2659 ³⁸
574 2642 657 2671 llebr.
675 2651 714 2677 vt,
730 2642 774 2677 l6,
789 2643 834 2671 l7.
872 2642 894 2659 ³⁸
911 2642 979 2670 Luc.
995 2650 1002 2669 ι

250 2702 306 2738 (56)
326 2702 394 2729 Hinc
409 2701 514 2738 videtur
538 2702 662 2738 hausisse
686 2701 800 2738 Photius
814 2701 892 2738 plura
906 2701 1003 2735 hujus-

215 2738 457 2772 modi_argumenta
469 2737 601 2765 adversus
626 2737 818 2769 Paulliciauos,
832 2737 890 2764 sive
918 2743 1003 2772 novos

214 2768 386 2817 Maluit-infra
397 2780 476 2806 quem
489 2773 549 2802 vide
560 2773 666 2802 intomo
672 2772 813 2808 superiore
825 2776 925 2800 nostra
934 2771 1004 2799 Bibl.

250 2807 306 2842 (57)
328 2807 414 2842 Ὠριγ.

246 2842 302 2876 (58)
324 2841 442 2876 ’Δνεπιγ.

1058 1583 1254 1619 διεφθαρμένοι
1275 1584 1350 1616 ὄντες
1364 1583 1404 1620 τῷ
1421 1585 1524 1622 φθόνῳ,
1541 1586 1654 1622 ἔμελλον
1668 1588 1802 1624 κρύπτειν
1820 1589 1850 1616 τὺ

1058 1629 1109 1665 τῆς
1124 1630 1171 1656 τοῦ
1182 1630 1286 1666 κόσμου
1303 1632 1441 1667 σωτηρίας
1459 1632 1617 1668 μυστήριον.

1095 1675 1150 1711 (59)
1162 1676 1250 1708 Μόνος
1266 1677 1320 1713 γὰρ
1335 1674 1411 1710 οὗτος
1421 1678 1536 1714 διήνοιξε
1549 1680 1655 1716 μήτραν
1668 1681 1702 1707 ὲκ
1715 1682 1849 1718 παρθένου

1058 1721 1172 1757 τεχθείς.
1189 1722 1271 1750 Οὐδὲν
1290 1723 1345 1759 γὰρ
1361 1724 1411 1759 τῆς
1434 1724 1541 1760 μήτρας
1557 1725 1666 1761 ἐκείνης
1681 1727 1774 1762 ἥψατο
1799 1728 1850 1764 πρὸ

1057 1767 1187 1802 Χριστοῦ.
1202 1768 1294 1795 Πάντα
1302 1768 1331 1796 δὲ
1340 1769 1374 1795 τὰ
1389 1769 1565 1805 πρωτότοκα,
1581 1771 1607 1797 εί
1624 1772 1672 1798 καὶ
1689 1773 1851 1808 πρωτότοκα

1058 1812 1141 1847 ἐστιν,
1153 1813 1210 1841 ἀλλ’
1222 1815 1253 1841 οὐ
1271 1815 1450 1850 διανοίγουσιν
1464 1816 1534 1844 αὐτὰ
1548 1818 1643 1853 πρῶτα
1657 1817 1707 1854 τὴν
1724 1819 1833 1855 μήτραν
1842 1840 1850 1853 ,

1058 1859 1115 1886 ἀλλ’
1129 1860 1143 1886 ὸ
1158 1860 1281 1896 σύμϐιος.

1094 1905 1150 1940 (60)
1164 1907 1271 1942 Μήπως
1282 1907 1476 1936 καταλέλοιπεν
1486 1908 1596 1941 αὐτούς.
1606 1909 1788 1945 Ὀδυνὼμενοι
1803 1909 1850 1938 οὖν

1044 1959 1046 1961 ·
1058 1949 1169 1988 ἐζήτουν
1185 1951 1229 1979 τὸν
1245 1952 1308 1980 Υἱὸν
1323 1953 1370 1980 τοῦ
1387 1953 1455 1980 Θεοῦ
1464 1974 1471 1986 ,
1484 1955 1530 1981 καὶ
1541 1953 1684 1990 ζητοῦντες
1697 1956 1790 1988 αὑτὸν,
1801 1957 1850 1992 οὐχ

1057 1994 1136 2033 εὗρον
1157 1998 1186 2024 ὲν
1199 1999 1442 2034 τοῖς-συγγενέσιν
1463 2000 1532 2036 ὑπὲρ
1547 2000 1601 2036 γὰρ
1613 2000 1662 2036 τὴν
1686 2003 1849 2037 συγγένειαν

1056 2042 1146 2069 αὐτῶν
1160 2040 1204 2078 ἦν.

1384 2091 1463 2117 ΚΕΦ.
1478 2090 1516 2118 Β⁹.

1057 2136 1114 2173 (61)
1130 2136 1204 2171 Στίχ.
1221 2135 1458 2173 μθκοὺνι-ᾕδειςε,
1470 2136 1517 2173 γὸτι
1531 2136 1566 2163 ἐν
1583 2136 1645 2170 τοῖς
1662 2138 1715 2165 τοῦ
1733 2139 1849 2173 Πατρός

1323 2171 1384 2198 ἔδει
1397 2170 1474 2198 εἷναί
1489 2180 1527 2206 με
1535 2179 1544 2203 ;

1097 2220 1141 2251 Ὠς
1154 2218 1222 2254 πρὸς
1241 2218 1321 2255 ῥητὸν
1337 2217 1511 2254 όπλισώμεθα
1532 2217 1603 2245 κατὰ
1622 2218 1677 2245 τῶν
1698 2219 1788 2246 ἀθέων
1805 2221 1848 2255 αἱ·

1058 2265 1168 2301 ρέσεων,
1188 2264 1336 2298 λεγουσῶν,
1352 2264 1393 2291 ὅτι
1406 2264 1455 2300 οὐχ
1468 2265 1482 2290 ὁ
1496 2263 1661 2299 δημιουργὸς
1676 2265 1774 2300 Πατὴρ
1795 2266 1848 2302 Ἰη-

1056 2309 1103 2336 σοῦ
1124 2309 1253 2345 Χριστοῦ,
1267 2309 1328 2336 οὐδὲ
1341 2311 1355 2336 ὁ
1367 2309 1432 2340 Θεὸς
1445 2308 1492 2335 τοῦ
1508 2309 1601 2344 νόμου,
1621 2309 1681 2335 οὐδὲ
1694 2310 1708 2336 ὁ
1718 2309 1786 2341 θεὸς
1800 2309 1848 2336 τοῦ

1053 2354 1129 2387 ναοῦ,
1143 2352 1219 2387 οὗτός
1231 2355 1304 2382 ἐστιν
1319 2356 1333 2382 ὁ
1345 2353 1437 2390 Πατὴρ
1449 2353 1496 2380 τοῦ
1509 2353 1636 2389 Χριστοῦ.
1653 2354 1710 2389 Τῆς
1721 2354 1777 2390 γὰρ
1792 2363 1849 2389 φω-

1053 2402 1102 2438 νῆς
1121 2401 1203 2429 αὑτοῦ
1220 2401 1363 2433 ἀκούοντες
1384 2402 1407 2427 οἱ
1425 2401 1478 2428 ἀπὸ
1493 2400 1680 2439 Οὐαλεντίνου,
1702 2401 1846 2428 αἰδείσθω-

1055 2456 1114 2480 σαν,
1131 2448 1270 2482 λέγοντος·
1290 2448 1339 2474 Ἐν
1356 2447 1417 2480 τοῖς
1437 2446 1489 2474 τοῦ
1500 2447 1613 2481 Πατρός
1627 2455 1687 2481 μου
1706 2446 1756 2473 δεῖ
1768 2445 1846 2474 εἶναι

1050 2503 1099 2530 με.
1118 2494 1142 2521 ει
1165 2493 1320 2531 προσίενται
1336 2493 1366 2520 τὸ
1385 2493 1475 2529 ῥητόν.
1493 2490 1566 2528 *Αρα
1589 2492 1642 2528 γὰρ
1666 2492 1754 2525 οὕτως
1774 2491 1845 2529 ἦσαν

1051 2541 1187 2574 ἀσύνετοι,
1201 2541 1239 2573 ὡς
1255 2541 1293 2577 μὴ
1305 2541 1432 2573 συνιέναι,
1450 2541 1464 2568 ὃ
1474 2549 1501 2567 τι
1517 2541 1609 2574 ἔλεγεν
1619 2548 1626 2555 ·
1649 2540 1697 2567 Ἔν
1709 2540 1773 2574 τοῖς
1792 2540 1845 2567 τοῦ

1055 2588 1179 2622 Πατρός,
1191 2589 1252 2616 ἀντὶ
1268 2588 1315 2615 τοῦ
1323 2597 1330 2604 ·
1350 2589 1394 2615 Ἑν
1403 2587 1442 2624 τῷ
1452 2587 1508 2624 ναῷ
1516 2609 1524 2622 ,
1536 2588 1570 2614 Ἦ
1582 2587 1686 2623 μήποτέ
1701 2596 1727 2615 τι
1740 2588 1845 2624 μυστή-

1007 2663 1014 2676 ,
1033 2641 1076 2669 74.
1116 2642 1139 2658 ⁸ο
1152 2642 1219 2671 Luc.
1235 2650 1266 2677 lt,
1284 2644 1312 2672 8.

1092 2702 1148 2737 (59)
1172 2703 1293 2737 Ἀνεπιγ.

1091 2737 1149 2772 (60)
1165 2736 1275 2765 Confer.
1297 2737 1370 2766 hom.
1384 2745 1432 2765 ιιι
1448 2741 1476 2765 et
1491 2736 1561 2765 infra
1582 2737 1610 2765 in
1631 2737 1692 2766 cod.
1721 2738 1786 2773 594,
1807 2738 1840 2765 ad

1060 2780 1120 2806 cap.
1135 2781 1153 2805 ι,
1172 2781 1242 2800 vers.
1256 2773 1300 2800 65.

1085 2809 1138 2844 (tit)
1162 2809 1246 2844 Ὡριγ.
