1904 3076
67 135 109 163 55

677 135 823 164 SCHOLIA
841 135 874 163 IN
894 134 1026 163 LUCAM.

1617 141 1669 170 3‘16

67 203 113 231 ριον
126 192 265 219 alvi-sised:
275 201 282 208 ν
298 191 331 219 EI
346 192 394 224 τις
408 192 484 228 ὑμῶν
499 193 546 220 τοῦ
557 193 662 229 Πατρός
675 194 758 225 ἐστιν,
777 193 832 228 ἔχει

887 194 945 228 quis
960 197 1081 222 vestrum
1094 191 1184 220 Patris
1198 197 1251 226 est,
1263 194 1346 222 habet
1359 194 1496 224 Christum
1513 196 1540 224 in
1558 198 1668 233 seipso?

65 240 102 266 τὸν
112 238 220 274 Χριστὸν
234 238 262 264 ἐν
277 238 380 274 ἐαυτῷ;
397 238 504 266 Μᾶλλον
516 238 570 274 γὰρ
579 238 626 265 τοῦ
644 239 747 274 [ἰατρὸς
761 238 831 274 ὀρῶν

66 285 167 320 ἔμψυχόν
186 283 257 316 ναὸν,
275 283 320 310 τὸν
339 284 420 310 καλόν
436 292 467 310 τε
484 284 530 310 καὶ
546 284 657 318 ἀγαθὸν,
675 284 750 320 ἢτδν
769 284 832 311 ναὸν

66 333 158 358 ἐκεῖνον·
175 330 267 365 ἐξῆλθε
280 329 333 366 γὰρ
344 330 397 357 ἀπὸ
411 330 458 357 τοῦ
470 330 533 357 ναοῦ
546 331 648 358 ἐκείνου
665 330 759 358 εἰπών·
775 330 831 365 (62)

71 378 175 412 Ἀφίενταί
187 376 257 410 ὑμῖν
274 379 290 404 ὁ
308 375 391 410 οἶκος
401 377 494 411 ὐμῶν,
521 377 568 404 καὶ
589 377 709 413 ἀπῆλθεν
725 376 771 403 ἐπὶ
786 376 831 404 τὸν

66 425 116 450 ναὸν
125 423 167 450 τοῦ
181 423 296 459 Πατρδς,
308 423 357 454 τὰς
371 423 532 459 Ἐχκλησίας
547 423 596 456 τὰς
614 423 759 459 πανταχοῦ.

66 469 187 504 Στίχ.’να’.
207 468 262 495 Καὶ
276 467 315 503 ἦν
332 469 582 530 ὑποῖασᾳόμενος
605 468 714 501 αὐτοῖς,
733 468 780 495 καὶ
796 468 831 495 τὰ

403 512 479 530 οιπα.

403 512 479 530 οιπα.

95 549 210 586 (63)Ἐπ“ι
226 549 276 584 μὲν
288 548 327 584 τῷ
345 549 420 585 παρὰ
441 549 576 581 Ἰουδαίοις
592 549 682 584 μόνοις
697 557 831 584 κηρυσσο-

67 597 125 631 μὲνῳ
144 595 300 631 προψητικῷ
315 595 500 630 ἀναγράφεται
516 595 652 630 βασιλείας
665 595 744 631 μόνον
764 595 830 622 Ἰου-

65 641 144 667 ἆιίων⁴
157 641 277 674 ὀρασις
294 640 360 676 γὰρ,
376 640 469 676 φησὶν,
484 639 525 674 ἣν
536 638 614 667 εἶδεν
632 640 760 673 Ἡσαΐας
780 649 830 667 κα-

66 687 93 713 τὰ
105 686 151 720 τῆς
169 685 325 718 Ἰουδαίας,
348 686 397 712 καὶ
418 685 493 712 κατὰ
513 684 569 719 τῆς
586 686 778 720 Ἰερουσαλὴμ
797 685 831 712 ἐν

63 732 297 765 βασιλείᾳὈζίου,
315 731 365 758 καὶ
380 731 502 759 Ἰωάθαν
516 725 564 758 teat
587 730 675 766 ‘Azdf,
691 731 746 767 καὶ(
759 731 831 761 Ἐζε-

65 778 133 812 κίου·
149 777 192 803 καὶ
213 775 309 803 οὐδένα
333 776 410 803 ἄλλον
426 774 483 802 οἶδα
498 775 608 811 βασιλέα
621 776 831 812 ἀναγεγραμμέ-

64 833 99 850 νον
110 825 135 850 ὲν
147 823 182 858 τῷ
195 823 283 858 χρόνῳ
295 823 345 858 τῆς
359 822 525 858 προφητείας
538 822 554 857 ἢ
565 821 610 848 τὸν
622 822 672 857 τῆς
685 822 812 854 Ἰουδαίας
820 831 827 838 ·

883 239 976 267 Potius
990 239 1062 267 enim
1088 238 1176 266 Patris
1198 244 1275 274 putat
1291 241 1418 277 templum
1437 250 1497 270 esse
1519 244 1667 272 animatum

883 284 1019 313 hominem
1035 285 1148 320 probum
1165 293 1197 313 ac
1217 285 1327 320 bonum,
1343 295 1424 322 quam
1443 289 1570 324 templum
1589 291 1666 318 illud.

881 330 954 358 Exiit
967 331 1038 358 enim
1054 332 1088 359 de
1103 331 1148 358 illo
1166 333 1265 366 templo
1279 333 1372 361 dicens
1385 343 1392 361 :
1413 333 1582 368 Relinquitur
1595 338 1666 364 vobis

881 380 976 405 domus
993 383 1080 404 vestra
1092 379 1127 411 ⁸¹,
1141 383 1169 406 et
1181 378 1248 406 abiit
1263 379 1295 405 ad
1314 379 1438 414 templum
1455 379 1556 414 Patris,
1570 381 1665 410 Eccita-

881 424 938 451 sias
951 430 1049 459 nempe
1061 431 1121 459 quae
1140 424 1239 459 ubique
1253 429 1384 452 terrarum
1401 430 1474 455 sunt.

1023 470 1055 497 γ.
1070 471 1115 498 51.
1128 471 1163 498 Et
1178 476 1233 498 erat
1247 472 1377 506 subjectus
1392 472 1455 505 illis,
1471 478 1523 502 etc.

917 550 1030 584 Quando
1056 551 1126 585 apud
1143 550 1250 579 Iudaeos
1267 551 1338 579 solos
1360 553 1546 588 propheticum
1571 554 1666 582 vatici-

881 597 955 624 nium
989 597 1140 632 evulgatur,
1167 598 1329 626 describitur
1351 599 1483 626 duntaxat
1511 599 1664 628 Iudaeorum

881 649 1005 677 regnum.
1026 641 1105 675 Puta,
1124 641 1206 673 Vitio,
1231 643 1329 677 inquit,
1344 651 1421 678 quam
1436 644 1500 671 vidit
1516 644 1604 672 Isaias
1615 645 1665 672 ad-

880 696 967 715 versus
979 688 1102 715 Judaeum
1113 692 1137 714 et
1147 689 1270 716 adversus
1285 688 1430 716 Jerusalem
1441 690 1469 717 in
1483 698 1562 725 regno
1580 690 1664 723 Ozia’,

880 739 903 760 et
917 733 1042 766 Joatltan,
1052 739 1076 761 et
1087 735 1184 767 Achaz,
1199 739 1224 761 et
1233 733 1352 762 Euchiw
1361 735 1399 762 "z
1410 743 1459 763 nec
1474 736 1555 763 alium
1568 744 1664 771 quem-

881 780 953 815 piam
979 781 1041 808 novi
1066 781 1213 816 ascriptum
1240 788 1330 816 regem
1354 787 1474 816 tempore
1503 783 1664 818 prophetia},

882 830 1063 861 praeterquam
1086 825 1196 854 Judaeze.
1216 826 1245 854 In
1260 827 1422 862 quibusdam
1436 835 1500 855 vero
1515 829 1662 862 vaticiniis,

65 870 100 896 ἐπί
115 878 186 896 τινων
205 869 232 895 δέ
249 868 421 904 προφητειῶν
445 868 491 895 καὶ
507 868 552 894 τὸν
571 867 681 903 βασιλέα
702 868 749 894 τοῦ
776 869 826 895 Ἰσ-

887 873 963 900 etiam
982 880 1071 909 regem
1086 872 1175 900 Israel.
1192 874 1226 900 At
1242 874 1348 907 quando
1368 873 1486 901 Joannes
1503 874 1664 908 prmdicatu-

65 916 129 951 ραήλ.
146 916 205 942 Ὅτε
225 915 254 942 δὲ
272 915 368 950 ἔμελλε
386 914 417 941 τὸ
437 915 584 950 μυστήριον
600 914 647 941 τοῦ
664 915 829 949 Εὐαγγελίου

70 962 175 997 Ἰωάννης
199 960 361 997 κηρύσσειν,
387 960 592 996 ἀναγέγραπται
613 960 675 996 οὐχὶ
703 960 831 992 Ἰουδαίας

66 1008 129 1043 μόνος
147 1007 266 1043 βασιλεὺς
285 1006 419 1043 Ἡρώδης,
449 1006 509 1033 οὐδὲ
528 1006 670 1042 Ῥωμαίων
691 1006 770 1042 μόνος
785 1006 832 1033 Τι-

64 1054 148 1090 ϐέριος.

369 1099 448 1126 ΚΕΦ.
468 1099 495 1125 I"

93 1145 139 1180 (64)
154 1145 183 1172 Εἰ
193 1144 241 1180 μὲν
256 1145 282 1171 οἱ
297 1143 352 1171 ἀπὸ
363 1143 417 1170 τῶν
431 1143 515 1170 ἐθνῶν
533 1143 606 1178 μόνοι
619 1142 729 1179 ἔμελλον
749 1143 831 1176 σῶζε-

66 1191 124 1223 σθαι,
138 1191 221 1226 πάντη
237 1191 266 1217 δέ
287 1191 496 1218 ἁποκὲκλειπαι
517 1191 534 1226 ἡ
550 1190 671 1226 σωτηρία
693 1189 747 1216 τῶν
766 1190 831 1217 υίῶν

68 1237 168 1273 Ἰσραὴλ,
179 1237 256 1273 ἤρκει
267 1237 310 1270 τὸ,
329 1238 376 1264 Ἐν
393 1236 452 1263 ἔτει
467 1240 499 1263 ιε’
511 1235 566 1271 τῆς
579 1236 739 1270 ἡγεμονίας
758 1237 831 1263 Τιϐε-

61 1283 116 1316 ρίου
124 1284 265 1318 Καίσαρος
275 1292 282 1298 ·
297 1283 391 1318 ἐπειδὴ
398 1283 427 1309 δὲ
436 1282 476 1309 δεῖ
498 1282 545 1309 καὶ
558 1283 621 1314 τοὺς
629 1282 683 1308 ἀπὸ
693 1281 742 1317 τῆς
753 1282 832 1308 Γαλι-

64 1329 136 1361 λαίας,
151 1331 193 1356 καὶ
209 1331 273 1362 τοὺς
294 1329 348 1356 ἀπὺ
369 1330 418 1365 τῆς
440 1329 589 1364 Ἰτουραίας
605 1328 652 1355 καὶ
668 1328 831 1364 Τραχωνίτι-

63 1375 106 1407 δος,
116 1377 157 1402 καὶ
171 1376 304 1412 ’Λὸιλινῆς
321 1375 467 1408 πιστεύειν,
483 1375 527 1402 διὰ
542 1374 620 1402 τοῦτο
630 1375 831 1410 ἀναγράφονται

64 1422 101 1448 καὶ
111 1418 182 1448 αὗται
196 1422 223 1448 αἱ
244 1421 388 1457 βασιλεῖαι.
416 1421 552 1457 Ἐμνήσθη
567 1421 596 1447 δὲ
605 1421 653 1447 καὶ
668 1420 722 1447 τῶν
739 1421 832 1456 ἀρχιε-

64 1467 121 1502 ρέων
134 1469 211 1495 ’Δννα
226 1468 274 1494 καὶ
291 1467 413 1501 Καῖάφα,
436 1467 479 1493 ῖνσ.
490 1466 573 1503 δείξῃ,
587 1466 628 1493 ὅτι
642 1465 696 1493 ἀπὸ
706 1465 753 1492 τοῦ
769 1474 831 1492 και-

65 1513 111 1548 ροῦ,
127 1512 183 1540 καθ’
198 1513 228 1540 ὃν
237 1511 321 1549 ἦλθεν
332 1514 346 1539 ό
366 1513 491 1547 Ἰωάννης
507 1511 662 1547 κηρύσσων,
677 1508 746 1546 ἦσαν
759 1507 831 1537 οὗτοι

882 925 929 946 rus
943 923 1003 946 erat
1026 920 1184 955 mysterium
1200 919 1350 954 Evangelii,
1364 921 1527 948 describitur
1543 928 1596 948 non
1614 921 1663 949 Ju-

881 964 946 1007 daeae
966 964 1041 993 solus
1068 972 1116 993 rex
1140 965 1271 1000 Ilerodes,
1289 973 1375 1001 neque
1391 965 1573 994 Romanorum
1590 966 1663 995 solus

881 1009 1018 1039 Tiberius.

917 1146 946 1175 Si
960 1147 1076 1183 gentiles
1092 1146 1142 1174 soli
1157 1147 1278 1174 salvandi
1294 1153 1382 1180 erant,
1397 1153 1424 1175 et
1435 1155 1547 1183 prorsus
1560 1149 1662 1178 exclusi

881 1193 995 1221 fuissent
1017 1201 1032 1220 a
1047 1192 1133 1221 salute
1151 1192 1199 1220 ﬁlii
1218 1191 1312 1225 Israel,
1335 1193 1402 1220 satis
1419 1193 1513 1221 fuisset
1530 1194 1614 1222 illud:
1629 1194 1662 1222 In

880 1246 949 1265 anno
964 1245 998 1264 xv
1012 1237 1115 1272 imperii
1132 1236 1229 1264 Tiberii
1251 1235 1365 1264 Caesari:
1383 1237 1418 1264 ⁸³.
1428 1238 1463 1265 At
1481 1239 1544 1273 quia
1557 1243 1664 1274 oportet

882 1289 910 1312 ut
924 1284 1039 1311 credant
1051 1284 1107 1311 etii
1122 1284 1169 1319 qui
1183 1287 1245 1310 sunt
1259 1292 1293 1312 ex
1306 1282 1411 1316 Itur-aea,
1428 1289 1455 1312 et
1470 1284 1663 1313 Tracltonitide

880 1334 908 1356 et
933 1329 1061 1362 Abilina;
1086 1333 1229 1364 propterea
1243 1332 1272 1356 et
1294 1329 1352 1356 haec
1376 1336 1459 1364 regna
1479 1330 1661 1357 ascribuntur.

881 1374 965 1402 Facta
978 1379 1020 1402 est
1040 1379 1130 1403 autem
1151 1374 1253 1401 mentio
1267 1374 1348 1401 etiam
1365 1374 1522 1409 pontificum
1537 1375 1621 1402 Annae
1636 1380 1664 1402 et

881 1420 999 1455 Caiphat,
1019 1427 1073 1456 quo
1085 1419 1251 1452 ostenderet,
1269 1420 1333 1454 quia
1350 1428 1364 1446 a
1386 1424 1506 1455 tempore
1522 1427 1576 1455 quo
1589 1420 1664 1448 venit

878 1465 999 1505 Joannes
1022 1465 1190 1500 praedicans,
1206 1465 1232 1492 in
1246 1473 1289 1492 eeo
1307 1470 1426 1499 tempore
1444 1471 1586 1500 coeperunt
1601 1473 1663 1494 esse

882 1509 1099 1545 istipontillces,
1112 1509 1158 1544 qui
1176 1509 1203 1537 in
1219 1510 1379 1545 pontiﬁcatu
1400 1515 1559 1539 manserunt
1578 1518 1664 1546 usque

63 1558 180 1594 ἀρχιερεῖς
197 1560 225 1585 ἐν
246 1558 345 1594 ἐκείνῳ
357 1558 395 1594 τῷ
408 1557 497 1593 καιρῷ
515 1557 674 1593 ἀρξάμενοι,
692 1557 830 1593 μείναντες

887 1556 923 1592 Id_
928 1556 1079 1592 passionem
1096 1555 1213 1583 Domini.

63 1603 86 1631 δὲ
101 1605 146 1636 ἓως
160 1604 205 1631 τοῦ
223 1605 329 1636 πάθους
342 1603 389 1630 τοῦ
405 1603 508 1639 Κυρίου
530 1604 559 1630 ἐν
575 1604 608 1639 τῇ
632 1602 830 1639 ἀρχιερωσύνη.

93 1649 139 1677 Τοῦ
153 1651 252 1678 αὐτοῦ.
273 1650 409 1677 Οὐδέποτε
425 1650 520 1684 γέγονε
535 1649 610 1685 ῥῆμα
630 1649 697 1676 Θεοῦ
712 1649 758 1675 ἐπί
772 1657 832 1676 τινα

63 1695 107 1722 τῶν
120 1696 259 1732 προφητῶν
274 1697 304 1723 ἐν
314 1698 348 1732 τῇ
363 1697 469 1732 ἐρήμῳ.
491 1696 598 1732 Ἐπειδὴ
612 1695 641 1722 δέ
660 1695 754 1731 ἔμελλε
769 1695 833 1722 πολ-

64 1742 91 1768 λὰ
101 1743 173 1770 τέκνα
182 1743 230 1779 τῆς
243 1743 348 1779 ἐρήμου
363 1742 462 1778 μᾶλλον
474 1739 543 1768 εἷναι
557 1742 574 1777 ῆ
589 1741 639 1776 τῆς
659 1741 774 1777 ἐχούσης
787 1740 832 1767 τὸν

64 1785 140 1821 ἄνδρα,
153 1787 194 1813 διὰ
210 1787 291 1814 τοῦτο
305 1785 412 1821 ἐγένετο
432 1787 507 1822 ῥῆμα
516 1785 584 1813 Θεοῦ
603 1787 649 1813 ἐπὶ
664 1786 789 1821 Ἰωάννην
803 1787 832 1813 ἐν

64 1833 89 1866 τῇ
103 1832 196 1868 ἐρήμῳ.
215 1833 247 1860 El
265 1832 320 1868 γὰρ
338 1832 376 1868 μὴ
392 1832 471 1859 τοῦτο
482 1831 527 1868 ἦν,
549 1833 582 1859 ἐκ
595 1831 726 1868 περισσοῦ
746 1832 832 1858 ἐποίει

64 1876 188 1911 κηρύσσων
202 1877 230 1903 ἐν
244 1878 279 1913 τῇ
297 1877 403 1913 ἐρήμῳ.
425 1876 480 1903 Καὶ
498 1874 592 1911 ἦλθεν
605 1876 648 1908 εὶς
661 1874 763 1902 πᾶσαν
777 1873 834 1908 τὴν

65 1922 210 1956 περίχωρον
222 1922 277 1950 τοῦ
285 1921 442 1956 Ἰορδάνου’
457 1921 513 1957 (65)
531 1920 583 1947 ποῦ
599 1920 653 1956 γὰρ
666 1920 718 1946 ἔδει
729 1919 774 1946 τὸν
785 1920 834 1946 Βα-

65 1967 160 2003 πτισιὴν
175 1967 366 2004 προέρχεσθαι,
383 1967 399 2002 ἢ
416 1967 455 1999 είς
470 1966 519 2002 τὴν
530 1966 683 2001 περίχωρον
698 1964 745 1991 τοῦ
769 1965 835 2001 Ἰορ-

65 2011 138 2045 δάνου,
154 2014 205 2045 ῖνα,
224 2014 272 2040 ἐάν
289 2022 330 2045 τις
347 2012 474 2048 βούληται
496 2013 645 2048 μετανοεῖν,
670 2010 771 2043 εὐθέως
790 2011 835 2036 εὑ-

66 2059 154 2095 πορήσῃ
169 2059 214 2086 τοῦ
224 2058 349 2094 ποταμοῦ
363 2067 371 2091 ;
388 2058 564 2085 Καταϐαίνων
574 2057 629 2093 γάρ
637 2058 709 2084 ἐστιν
720 2057 757 2088 ὡς
767 2056 833 2092 ἀλη-

66 2102 109 2134 θῶς
118 2105 131 2130 ὁ
145 2104 263 2140 ποταμὸς
278 2104 325 2130 τοῦ
339 2102 419 2134 Θεοῦ,
435 2103 465 2129 τὺ
483 2102 554 2138 ὓδωρ
569 2102 599 2128 τὺ
610 2101 746 2137 ἀληθινὸν,
762 2101 793 2127 τὸ
806 2100 836 2127 ὖ-

65 2147 109 2184 δωρ
120 2149 147 2176 τὸ
158 2151 298 2186 σωτήριον.
314 2149 368 2176 Kal
380 2149 539 2183 κηρύσσει,
557 2148 649 2183 φησὶν,
665 2148 709 2180 εὶς
726 2146 836 2181 ἄφεσιν

65 2195 194 2229 ἁμαρτιῶν
207 2196 376 2230 βάπτισμα.
390 2195 437 2227 El;
449 2194 546 2229 ἄφεσιν
557 2193 585 2221 δέ
599 2192 750 2229 ἁμαρτιῶν,
765 2192 834 2224 τίνι;

66 2239 124 2275 ῆτῷ
147 2241 240 2277 μηκέτι
256 2240 458 2276 ἁμαρτάνοντα
475 2237 541 2266 Εἶτα
557 2239 602 2266 τὸν
623 2238 736 2265 Ἡσαΐαν
760 2246 831 2273 παρ-

67 2284 140 2322 ίστησι
153 2287 229 2314 τοῦτο
243 2288 310 2314 αὐτὸ
327 2286 448 2322 βοῶντα;
465 2286 498 2312 Τί
518 2285 589 2321 γάρ;
604 2293 670 2321 φησι
683 2283 768 2318 Φωνὴ
779 2285 834 2316 ,βο-

67 2328 145 2364 ῶντος
154 2333 186 2359 ἐν
196 2332 233 2367 τῇ
242 2331 350 2367 ἐρήμῳ.
363 2331 448 2359 Τοῦτο
463 2331 492 2358 δέ
507 2339 589 2366 φησιν
598 2339 605 2346 ο
619 2330 658 2362 ὡς
672 2330 705 2357 ἂν
726 2330 834 2356 Ἡσαΐου

67 2376 135 2403 αὑτοῦ
154 2378 297 2410 ἀκούοντος
326 2377 381 2405 τῶν
403 2377 492 2412 λόγων
518 2377 651 2404 Ἰωάννου.
681 2376 836 2407 Ἐπίλεκτος

67 2421 111 2457 γὰρ
124 2420 154 2458 ἦν
170 2425 208 2455 εἰς
220 2424 372 2460 ἀποστολὴν
395 2423 530 2458 Ἰωάννης,
552 2423 600 2449 καὶ
614 2423 716 2454 τέλειος
732 2431 837 2457 προφη-

67 2467 118 2495 τῶν.
140 2470 242 2507 Ἐπειδὴ
258 2471 287 2498 δέ
298 2472 312 2498 ὁ
329 2470 454 2506 Ἰωάννης
469 2469 620 2505 πρόδρομος
633 2467 666 2504 ἢν
679 2468 726 2495 τοῦ
738 2468 835 2502 Λόγου»

68 2514 161 2547 εἰκότως
171 2517 245 2552 φωνὴ
258 2517 425 2552 ὠνόμασται,
442 2516 472 2542 οὐ
483 2515 569 2550 λόγος.
581 2514 768 2550 Προλαμεὶάνει
782 2513 837 2549 γὰρ

68 2558 83 2593 ἠ
102 2561 169 2596 φωνὴ
191 2562 236 2589 τὸν
254 2561 342 2596 λόγον.
369 2561 405 2588 Τὸ
421 2561 466 2588 δέ·
490 2559 681 2595 Ἑτοιμάσατε
696 2559 754 2593 τὴν
766 2559 838 2586 ὁδὸν

98 2640 115 2677 ξ·
134 2642 223 2670 Matth.
245 2651 322 2677 um,
337 2643 381 2672 58.
439 2643 461 2660 ⁸·
477 2643 527 2671 Isa.
545 2650 564 2675 ι,
585 2642 612 2671 I.

70 2674 152 2708 "ibid.
184 2678 281 2707 “ibid.
296 2674 324 2707 ιζ
361 2679 460 2706 "ibid.

109 2749 150 2785 6!)
161 2750 225 2779 Vide
235 2751 308 2780 hom.
325 2759 371 2779 xx.

101 2784 250 2848 'tilpvr.
264 2787 329 2815 \‘ide
342 2787 412 2815 infra
432 2787 458 2815 in
473 2786 533 2815 cod.
546 2785 610 2818 294,
634 2784 667 2812 ad
695 2789 755 2819 Cap.
788 2790 831 2816 111»

116 2830 163 2848 τις.
176 2830 200 2848 ι.

666 2641 689 2659 ⁸³
708 2642 775 2670 Luc.
791 2650 833 2676 ιιι,
854 2642 888 2669 1.-

916 1645 1053 1680 Ejusdem.
1069 1645 1193 1674 Nondum
1218 1646 1307 1675 fuerat
1321 1647 1434 1675 verbum
1454 1647 1501 1676 Dei
1517 1648 1550 1675 ad
1566 1653 1663 1684 quem-

882 1692 953 1726 piam
972 1692 1166 1726 prophetarum
1189 1692 1215 1719 in
1239 1693 1358 1720 deserto.
1376 1693 1412 1720 At
1431 1694 1475 1720 ubi
1499 1695 1586 1728 plum
1603 1701 1664 1721 esse

881 1737 1014 1765 debebant
1021 1738 1069 1772 ﬁlii
1078 1738 1195 1770 desertae,
1205 1747 1283 1773 quam
1291 1739 1346 1774 ejus
1353 1747 1411 1774 qum
1418 1740 1527 1767 habebat
1539 1742 1621 1767 virum
1629 1740 1664 1774 ⁸⁸,

881 1790 1023 1818 propterea
1046 1792 1053 1811 :
1076 1782 1190 1810 Factum
1211 1789 1249 1811 eu
1272 1785 1378 1811 verbum
1405 1785 1452 1812 Dei
1473 1786 1507 1812 ad
1534 1785 1664 1813 Joannem

882 1830 909 1856 in
923 1829 1025 1856 deserto
1038 1828 1072 1856 ".
1089 1828 1146 1856 Nisi
1163 1829 1235 1856 enim
1249 1829 1300 1856 hoc
1314 1828 1422 1862 fuisset,
1440 1830 1576 1857 incassum
1593 1832 1664 1866 egis-

883 1879 924 1903 set
937 1874 1087 1909 praedicans
1100 1874 1126 1901 in
1138 1874 1256 1902 deserto.
1268 1873 1301 1900 Et
1313 1874 1380 1901 venit
1395 1875 1423 1901 in
1437 1883 1539 1902 onmem
1551 1876 1665 1903 circum-

877 1921 1011 1956 jucemem
1028 1921 1159 1955 regionem
1186 1920 1314 1948 Iordanis
1327 1921 1360 1947 “.
1381 1921 1440 1954 Quo
1461 1922 1533 1949 enim
1552 1922 1665 1950 debebat

882 1966 990 2001 prodire
1001 1964 1224 2000 Baptista,quam
1236 1965 1262 1992 in
1276 1965 1512 2000 circuntjacentem
1526 1967 1664 2002 regionem

883 2010 1020 2043 Iordanis,
1036 2015 1065 2037 ut
1077 2010 1100 2037 si
1117 2018 1197 2046 quem
1212 2011 1292 2038 vellet
1309 2011 1553 2046 penitere,stalim
1568 2012 1666 2040 ﬂuiius
1722 2033 1724 2036 τ

883 2057 910 2084 in
922 2063 1046 2092 promptu
1063 2056 1152 2084 esset?
1168 2057 1314 2085 Descendit
1330 2057 1401 2084 enim
1416 2065 1480 2084 vere
1494 2056 1592 2085 ﬂumen
1606 2059 1663 2091 Dei,

884 2110 952 2136 aqua
968 2110 1061 2136 verax,
1076 2110 1145 2137 aqua
1161 2102 1299 2130 salutaris.
1319 2103 1352 2130 Et
1365 2103 1503 2138 prwdicat,
1521 2103 1571 2136 ait,
1585 2104 1612 2130 in
1625 2112 1666 2131 re-

885 2148 1032 2176 missionem
1052 2153 1218 2183 peccatorum
1242 2148 1371 2182 baptisma
1386 2149 1420 2176 ".
1433 2148 1461 2176 In
1478 2149 1664 2176 remissionem

886 2199 1067 2228 peccatorum,
1082 2194 1125 2221 cui
1135 2194 1147 2221 ‘I
1157 2194 1208 2221 nisi
1225 2201 1276 2220 non
1293 2194 1407 2229 amplius
1418 2195 1551 2229 peccanti.
1564 2194 1666 2222 Deinde

883 2238 978 2266 Isaiam
995 2238 1105 2266 adducit
1122 2239 1173 2266 hoc
1198 2239 1285 2274 ipsum
1307 2238 1479 2267 clamantem.
1495 2239 1564 2273 Quid
1580 2239 1664 2272 enim,

885 2284 991 2319 inquit?
1009 2283 1067 2311 νοω
1081 2284 1221 2312 clamantis
1237 2285 1265 2312 in
1287 2287 1390 2312 deserto
1402 2284 1436 2313 ⁸⁸.
1449 2285 1506 2313 Hoc
1520 2293 1601 2320 porro
1617 2285 1664 2318 ait,

886 2330 998 2365 perinde
1020 2335 1102 2364 atque
1124 2330 1209 2358 Isaias
1233 2330 1374 2366 ipsiusmet
1396 2330 1508 2359 Joannis
1529 2338 1668 2359 sermones

886 2378 1044 2406 audivisset.
1056 2377 1164 2405 Electus
1178 2379 1249 2405 enim
1265 2383 1324 2406 erat
1339 2378 1366 2406 in
1383 2378 1561 2414 apostolatum
1583 2378 1667 2406 Joan-

886 2430 947 2455 nes,
961 2428 987 2450 et
1007 2422 1224 2450 absolutissimus
1236 2424 1439 2459 prophetarum.
1457 2424 1489 2451 Et
1510 2424 1571 2459 quia
1586 2423 1668 2451 Joan-

887 2475 934 2496 nes
960 2475 1112 2503 pracursor
1127 2473 1185 2495 erat
1208 2467 1300 2501 Verbi,
1322 2470 1418 2497 merito
1442 2477 1492 2496 vox
1518 2469 1667 2504 appellatus

887 2518 939 2546 est,
960 2521 1014 2541 non
1030 2514 1152 2542 verbum.
1176 2513 1266 2542 Primo
1282 2515 1352 2542 enim
1376 2519 1502 2542 censetur
1522 2522 1573 2542 vox
1586 2523 1666 2549 quam

890 2559 1014 2587 verbum.
1031 2559 1096 2586 Illud
1117 2567 1216 2595 porro:
1232 2558 1330 2587 Parate
1345 2560 1414 2587 viam
1432 2559 1537 2586 Domini
1551 2560 1584 2593 “,
1602 2560 1666 2594 quid

950 2641 974 2658 ιδ
996 2641 1048 2669 Isa.
1069 2649 1123 2675 uv,
1149 2642 1176 2669 1.
1230 2642 1253 2658 ⁸⁸
1274 2642 1337 2670 Luc.
1366 2649 1407 2676 ιιι,
1436 2642 1462 2669 2.
1513 2641 1536 2658 “
1551 2641 1613 2669 ibid.
1639 2641 1666 2669 5.

922 2747 978 2783 (64)
1000 2748 1090 2776 ’Δνεπ.

924 2784 978 2819 (65)
995 2784 1061 2813 Vide
1077 2783 1145 2813 infra
1156 2784 1190 2813 ad
1203 2792 1262 2821 cap.
1277 2793 1318 2819 ιιι,
1332 2793 1403 2815 vers.
1420 2786 1448 2820 5,
1460 2786 1486 2814 in
1501 2786 1561 2815 cod.
1575 2785 1638 2815 594.
