1904 3076
231 120 284 148 δῦ

660 115 943 144 ὃῐέΡΡιΕΜΕΝΤυΜ
959 115 1005 143 ΑΙ)
1020 114 1183 144 ORIGENIS
1201 114 1404 148 EXEGETICA.

1810 116 1859 142 3'23

228 186 284 213 est,
299 180 350 207 nisi
366 187 425 215 pro,
443 178 584 212 Disponile
599 185 646 205 vos
666 179 699 204 ad
720 177 893 212 suscipienda
910 185 942 204 ea
958 185 1019 211 qua:

1081 176 1190 210 {Upim},
1204 176 1230 202 τί
1247 177 1331 205 ἐστιν.
1345 176 1370 202 εἰ
1384 175 1421 211 μὴ
1434 175 1494 202 ἀντὶ
1503 175 1560 207 τοῦ,
1576 175 1778 211 Εὑτρεπίσθητε
1795 175 1861 211 πρὸς

230 227 289 262 lege
302 224 560 253 sancire'voluerit?
581 223 673 250 Rectus
691 224 770 259 {acits
783 224 890 251 semitas
906 225 964 259 ejus
976 224 1017 252 ‘“’:

231 280 292 308 pro,
308 271 428 299 Desinite
443 277 525 305 agere
541 277 681 306 perversa.

268 360 353 388 Vallis
366 360 387 377 "
406 366 447 387 est
471 360 604 395 profunda
628 364 656 387 et
678 367 757 391 cava,
775 359 866 388 omnis
891 359 1018 393 inﬁdelis,

229 408 274 442 qui
287 408 401 434 credens
414 407 440 433 in
452 407 601 438 Christum,
611 406 732 440 repletur
745 406 877 433 fructibus
890 406 1017 442 Spiritus,

231 453 255 480 id
275 458 317 480 est
332 453 491 480 virtutibus.
509 451 586 479 Mans
609 457 634 479 et
650 452 724 479 collis
738 452 905 485 humiliatus,
917 457 958 480 est
969 452 1018 480 Juv

228 499 348 526 dteorum
368 500 484 533 superbe
506 499 615 532 sapiens
631 498 794 533 populus....
813 497 861 524 Vel
875 503 976 525 montes
993 503 1018 524 et

227 544 318 578 colles,
336 550 398 571 sunt
414 544 560 572 contrariae
579 544 706 577 virtutes,
719 551 780 578 quae
794 551 843 578 per
857 543 957 571 Christi
971 552 1018 572 cu-

229 598 286 617 ram
303 590 452 617 humiliaue
471 595 535 617 sunt
550 599 557 617 :
577 595 604 616 et
622 589 714 621 valles,
737 593 801 616 sunt
822 589 955 621 homines,
971 589 1017 624 qui

230 637 326 672 repleti
339 641 404 664 sunt
416 635 545 671 operibus
561 635 650 662 battis.

263 725 366 760 Aspera
376 729 437 752 erat
448 725 502 751 vita
515 729 619 757 nostra,
629 729 656 752 et
668 724 760 759 iniqua
771 724 851 751 ratio.
859 723 1017 752 Adveniens

233 779 298 799 vero
319 771 450 799 Dominus
470 776 564 798 noster
583 771 658 798 its-via
677 771 740 798 fecit
758 772 897 799 universa.
912 771 944 798 Et
959 771 1016 800 haec

233 817 342 852 quidem
361 817 388 843 in
404 817 522 844 ethnicis
545 817 637 845 fuere:
655 822 681 844 at
699 818 725 844 in
742 817 840 852 populo
862 818 1012 852 repudiato,

1072 220 1230 256 παραδοχὴν
1254 217 1292 247 ὧν
1319 220 1352 250 ἂν
1382 220 1500 255 βούλοιτο
1531 219 1707 255 νομοθετεῖν;
1736 221 1860 253 Εὐθείας

1071 265 1180 293 ποιεῖτε
1200 266 1252 299 τὰς
1276 267 1394 300 τρίϐους
1415 266 1518 299 αὑτοῦ,
1540 266 1601 293 ἀντὶ
1616 265 1682 299 τοῦ,
1716 265 1859 293 Παύσασθε

1070 313 1158 339 ποιεῖν
1174 311 1209 338 τὰ
1221 311 1425 348 διεστραμμένα

1108 357 1165 392 (66)
1183 357 1301 391 Φάραγξ
1320 358 1382 391 Δἐστὶ
1405 358 1498 393 βαθεῖα
1515 358 1562 385 καὶ
1578 358 1654 394 κοίλη
1671 359 1725 390 πᾶς
1737 359 1860 390 ἄπιστος,

1069 403 1108 435 ὃς,
1124 403 1272 435 πιστεύσας
1285 404 1325 436 εἰς
1340 405 1466 439 Χριστὸν,
1486 404 1634 440 πληροῦται
1649 405 1701 431 τῶν
1713 404 1760 430 τοῦ
1780 405 1861 431 Π·λεὺ-

1071 459 1154 487 ματος
1171 451 1296 487 καρπῶν,
1314 452 1437 479 τουτέστι
1454 452 1507 479 τῶν
1532 452 1647 488 ἀρετῶν.
1664 453 1754 485 Ὀρος
1767 452 1796 478 δὲ
1814 453 1859 478 καὶ

1066 497 1181 530 ,βουνὸς
1202 499 1392 531 ταπεινωθείς
1410 499 1482 524 ἐστιν
1499 499 1513 525 ὁ
1534 498 1586 524 τῶν
1609 498 1745 525 Ἰουδαίων
1763 498 1861 533 ὑψηλό-

1069 551 1144 578 φρων
1155 543 1219 575 λαός
1318 543 1373 579 (67)
1390 544 1424 570 Ἦ
1442 544 1494 578 ὄρη
1511 544 1560 570 καὶ
1574 544 1682 576 ,ϐουνοὶ
1702 545 1731 570 αί
1745 544 1860 570 ἀντικεί-

1070 597 1148 623 μεναι
1163 588 1301 624 δυνάμεις,
1319 590 1346 616 αἳ
1363 589 1406 616 διὰ
1424 590 1474 625 τῆς
1489 589 1606 625 Χριστοῦ
1620 590 1779 626 ἐπιμελείας
1794 591 1855 617 ὲτα-

1069 634 1256 670 πεινὼθησαν·
1271 634 1421 670 φάραγγες
1441 635 1470 662 δὲ
1486 636 1511 662 οἱ
1530 635 1677 671 ἄνθρωποι,
1704 635 1730 662 οἳ
1755 635 1860 671 πεπλή-

1069 687 1170 715 ρωνται
1185 680 1275 716 ἔργοις
1290 680 1412 714 ἀγαθοῖς.

1102 725 1159 759 (68)
1168 726 1276 761 Τραχὺς
1289 724 1430 761 ἦνήμῶνὸ
1443 725 1508 761 βίος,
1526 726 1572 752 καὶ
1583 725 1727 761 ἀνώμαλος
1741 727 1757 753 ὁ
1771 727 1856 761 λόγος.

1073 770 1172 797 Ἐλθὼν
1187 771 1216 797 δὲ
1232 772 1246 798 ό
1263 771 1364 806 Κύριος
1379 771 1456 806 ἡμῶν
1470 771 1528 798 λεῖα
1542 771 1630 798 πάντα
1643 771 1792 806 πεποίηκε.
1807 773 1858 799 Καὶ

1066 816 1112 842 ἐπὶ
1125 816 1175 852 μὲν
1190 816 1245 843 τῶν
1261 816 1344 843 ἐθνῶν
1356 816 1441 844 ταῦτα
1457 817 1618 852 γεγένηται·
1632 817 1679 843 ἐπὶ
1690 817 1719 844 δὲ
1732 817 1783 844 τοῦ
1797 818 1858 845 λαοῦ

228 863 310 889 omnis
330 870 403 888 mons
417 867 441 888 et
458 862 531 890 tollis
548 863 743 890 Immiliabitur.
767 864 845 893 Mons
868 866 940 893 enitn
964 867 1015 893 fuit

1081 862 1271 898 κιθαιρεθέντος
1284 862 1315 889 τὸ
1323 862 1384 889 πᾶν
1389 863 1458 897 ὄρος
1465 862 1631 896 καῑβουνὸς
1638 864 1858 899 ταπεινωθήσε-

228 909 373 942 aliquando
393 913 422 935 et
446 909 523 936 collis
540 919 546 936 :
561 909 608 937 sed
631 909 765 945 proﬂigati
788 916 852 939 sunt
873 917 901 940 et
924 913 1014 940 humi-

227 954 297 981 liati.

264 999 359 1027 Merito
385 1001 517 1035 genimina
543 1001 691 1033 viperarum
713 1002 747 1036 υ,
771 1009 866 1031 omnes
894 1003 1015 1032 inﬁdeles

226 1052 316 1074 vocat.
342 1046 392 1080 Qui
415 1046 487 1074 enim
507 1047 721 1075 consuetudines
740 1055 804 1077 suas
827 1057 880 1077 non
903 1050 1014 1082 deserit.

227 1101 280 1120 non
294 1093 365 1120 bene
382 1093 483 1127 accipit
499 1093 644 1127 baptisma.
668 1094 715 1122 sed
733 1095 823 1122 adhuc
837 1095 961 1130 genimen
974 1097 1015 1124 vi-

225 1147 298 1175 pera:
308 1144 360 1171 est,
376 1139 403 1167 in
418 1141 509 1175 seipso
523 1147 658 1167 venenum
673 1141 819 1175 pravitatis
836 1141 950 1169 habens.

261 1183 400 1218 Ejusdem.
414 1183 527 1218 Lapides
543 1183 568 1200 "
586 1185 707 1212 nominat
731 1185 858 1220 gentiles,
880 1187 926 1221 qui
949 1187 1015 1221 lapi-

227 1230 306 1257 deum
335 1231 436 1259 habent
460 1239 518 1264 cor,
539 1237 620 1266 atque
641 1240 675 1260 ex
696 1233 778 1259 nimia
807 1234 1015 1262 insensibilitate

227 1282 361 1304 creaturae
375 1277 495 1305 serviunt
505 1285 560 1312 prae
573 1278 713 1310 Creatore.
723 1270 878 1314 lapidesque
889 1279 1014 1308 adorant.

230 1320 398 1348 Vaticinatur
418 1329 484 1356 ergo
506 1322 651 1350 dolendum
668 1324 794 1358 populum
815 1325 900 1356 illum,
917 1331 945 1352 et
967 1333 1015 1353 vo-

227 1365 328 1393 candas
338 1371 443 1400 gentes.
464 1367 518 1394 Illis
535 1368 608 1395 enim
631 1368 665 1395 de
678 1369 814 1396 Abraham
834 1370 1014 1405 gloriantibus

228 1411 315 1438 tiilit:
336 1410 377 1438 Ne
394 1412 542 1445 inceperitis
559 1413 645 1441 dicere
667 1415 694 1441 in
713 1415 785 1442 vobis
802 1414 866 1449 ipsis
880 1423 889 1442 :
905 1414 1014 1444 Patrem

226 1457 352 1484 habemus
367 1458 523 1490 Abraham;
537 1467 612 1493 posse
626 1467 685 1487 uera
702 1459 787 1487 Deum
801 1461 900 1496 e/ﬁcere
922 1467 1013 1497 gentes

226 1502 297 1536 ﬁlias
311 1504 455 1530 Abrahami
466 1504 501 1532 “.

264 1548 302 1575 Ex
318 1549 417 1583 quibus
435 1549 591 1584 lapidibus?
607 1550 665 1578 Non
682 1551 786 1586 lapides
804 1552 936 1581 innuebat
954 1554 1013 1581 ina-

227 1594 319 1622 nimos
329 1614 337 1627 ,
355 1595 400 1622 sed
414 1595 538 1624 homines
553 1597 738 1631 insensibiles,
749 1599 794 1633 qui
812 1599 915 1634 lapides
925 1605 1013 1634 erant,

228 1645 369 1676 propterea
390 1642 462 1675 quod
479 1642 580 1676 lapides
595 1644 754 1671 adorabaut.
774 1645 812 1672 Ac
827 1646 861 1673 de
874 1645 928 1673 illis
942 1647 1015 1674 obti-

228 1687 307 1714 nebat
324 1688 396 1722 qtlod
418 1688 549 1723 scriptum
571 1693 632 1716 est:
648 1687 755 1717 Similes
770 1698 861 1718 eorum
873 1691 949 1725 ’ﬁant
969 1694 1015 1726 qui

228 1732 330 1767 faciunt
344 1742 385 1766 ea,
402 1738 427 1761 et
447 1742 537 1761 attines
547 1735 706 1769 conﬁdentes
720 1736 746 1762 in
765 1736 818 1764 illis
828 1737 862 1765 ⁵⁸.
881 1737 1013 1766 Praeterea

227 1779 261 1806 de
279 1780 416 1814 lapidibus
432 1781 562 1815 scriptum
578 1786 621 1808 est
641 1782 667 1808 in
688 1783 794 1811 cantico
810 1783 894 1811 Exodi
909 1793 917 1812 :
935 1784 1013 1820 Lapi-

226 1825 335 1852 descant
350 1831 448 1859 gentes,
462 1826 543 1854 donec
559 1833 723 1860 pertranseat
739 1833 850 1864 populus
863 1831 922 1863 iste.
936 1839 1013 1865 quem

226 1871 389 1905 acquisiuisti
404 1871 438 1898 ".
455 1872 537 1905 Quasi
553 1873 626 1901 clare
641 1875 768 1909 postulet.
784 1876 854 1910 quod
869 1882 1012 1912 postquam

228 1917 342 1950 populus
357 1918 505 1950 transierit,
522 1926 576 1946 non
594 1921 712 1956 amplius
725 1921 906 1956 lapidescant.

229 1960 261 1988 ν.
275 1962 319 1990 10.
335 1962 370 1990 Et
384 1963 580 1999 interrogabant
592 1973 661 2002 7eu7m
675 1967 768 1999 turbw,
789 1967 903 1996 dicentes
915 1977 924 1997 :
941 1969 1012 2002 Quid

506 2006 568 2035 ergo
585 2000 712 2034 faciemus
722 2001 734 2028 Ρ

227 2041 260 2070 ν.
276 2042 320 2070 Η.
339 2042 508 2078 Respondeas
520 2049 608 2072 autem
620 2046 684 2073 dicit
698 2046 751 2072 illis
764 2053 773 2073 :
790 2046 842 2079 Qui
853 2047 930 2075 liabet
945 2048 1012 2076 duas

409 2080 522 2111 tunicas.
535 2082 632 2107 tradito
647 2089 698 2108 non
711 2081 827 2108 habenti.

261 2123 340 2157 Quod
356 2123 450 2152 dicunt
466 2126 519 2153 tale
535 2130 576 2153 est
591 2134 598 2153 :
619 2125 745 2154 Traditus
757 2127 837 2155 nobis
851 2136 866 2155 a
880 2127 970 2164 Moyse
985 2134 1013 2158 et

227 2169 352 2204 patribus
372 2178 462 2198 mores
479 2171 551 2198 circa
567 2171 713 2203 sacriﬁcia.
727 2177 773 2199 aut
783 2172 857 2200 circa
873 2174 1010 2209 aspersio-

1065 916 1122 934 ται.
1139 909 1220 943 Ὄρος
1238 908 1292 943 γὰρ
1307 905 1341 943 ἢν
1356 917 1421 935 ποτε
1439 908 1486 935 καὶ
1499 908 1606 943 βουνός·
1623 908 1820 946 καθῃρέθησαν
1833 910 1858 937 δὲ

1067 954 1115 981 καὶ
1129 954 1350 982 τεταπείνωνται.

1101 999 1147 1034 (69
1149 998 1284 1034 Εἰκότως
1298 999 1467 1034 γεννήματα
1476 999 1602 1035 ἐχιδνῶν
1613 1000 1718 1032 πάντας
1725 1001 1792 1033 τοὺς
1801 1002 1859 1028 ἀπί-

1066 1052 1144 1077 στους
1165 1044 1252 1072 καλεῖ.
1275 1045 1304 1071 ὐ
1320 1045 1374 1081 γὰρ
1398 1046 1435 1081 μὴ
1452 1046 1666 1083 καταλιμπάνει»)
1677 1046 1714 1073 τὰ
1735 1047 1766 1073 ὲν
1787 1047 1858 1083 αὐτῷ

1065 1090 1123 1125 ἔθη,
1139 1090 1169 1117 οὐ
1180 1090 1311 1126 λαμϐάνει
1325 1077 1415 1122 καλῶς
1428 1077 1458 1117 τὸ
1472 1077 1694 1127 βάπτισμα-’ἀλλ’
1710 1092 1751 1119 ἔτι
1763 1077 1858 1128 1&5wa

1066 1144 1105 1171 μα
1115 1136 1233 1172 ἐχίδνης,
1247 1137 1277 1163 ἐν
1288 1135 1377 1172 ἑαυτῷ
1387 1137 1433 1163 τὸν
1449 1136 1487 1163 ἰὸν
1499 1138 1548 1172 τῆς
1561 1137 1692 1173 πονηρίας
1704 1138 1789 1174 ἒχων.

1103 1181 1157 1208 Τοῦ
1167 1181 1270 1209 αὑτοῦ.
1282 1181 1379 1213 Λίθους
1389 1181 1515 1217 ὀνομάζει
1523 1182 1587 1214 τοὺς
1600 1182 1734 1215 ἐθνικοὺς,
1750 1183 1814 1214 τοὺς
1824 1182 1858 1209 λι-

1065 1226 1143 1262 θίνην
1153 1227 1263 1262 ἔχοντας
1277 1227 1400 1263 καρδίαν,
1413 1228 1460 1254 καὶ
1473 1228 1505 1255 ὲκ
1521 1227 1620 1263 πολλῆς
1632 1228 1815 1264 ἀναισθησίας
1826 1229 1855 1264 τῇ

1065 1272 1149 1299 κτίσει
1155 1272 1231 1308 παρὰ
1236 1273 1280 1299 τὸν
1289 1272 1419 1300 κτίσαντα
1428 1273 1611 1305 δουλεύοντας,
1620 1273 1667 1300 καὶ
1677 1273 1770 1305 λίθους
1778 1282 1857 1309 προσ-

1064 1318 1220 1350 κυνοῦντας.
1236 1318 1405 1354 Προφητεὺει
1416 1319 1506 1345 τοίνυν
1520 1319 1569 1354 τὴν
1583 1318 1744 1355 καθαίρεσιν
1754 1320 1857 1346 ἐκείνου

1063 1365 1110 1391 τοῦ
1120 1365 1185 1392 λαοῦ
1198 1365 1244 1392 καὶ
1253 1365 1302 1400 τὴν
1315 1365 1411 1400 κλῆσιν
1423 1365 1476 1392 τῶν
1487 1365 1581 1392 ἐθνῶν.
1602 1366 1732 1398 Ἐκείνοις
1746 1367 1804 1402 γὰρ
1813 1367 1857 1393 αὖ·

1063 1411 1142 1448 χοῦσι
1149 1411 1194 1438 τὸν
1201 1411 1327 1447 ’Δὸραάμ
1334 1419 1400 1447 φησι
1410 1418 1418 1426 ”
1435 1411 1483 1445 Μὴ
1492 1411 1625 1446 ἄρξησθε
1632 1411 1734 1447 λέγειν
1745 1412 1784 1439 ἐν
1794 1412 1857 1439 ἐαυ-

1063 1457 1126 1491 τοῖς
1136 1466 1143 1474 θ
1163 1458 1278 1492 Πατέρα
1290 1458 1399 1492 ἔχομεν
1410 1457 1463 1484 τὸν
1479 1457 1604 1493 Ἀϐραάμ
1614 1467 1620 1473 ·
1637 1458 1673 1485 τὰ
1686 1458 1721 1486 δέ
1735 1467 1772 1493 γε
1787 1459 1856 1493 ἔθνη

1026 1518 1048 1548 c
1063 1503 1210 1532 δύνασθαι
1221 1505 1275 1530 τὸν
1288 1503 1362 1530 Θεὸν
1378 1502 1500 1538 ποιῆσαι
1515 1503 1606 1531 τέκνα
1617 1503 1672 1531 τοῦ
1686 1504 1824 1539 Ἀϐραάμ.

1100 1550 1156 1586 (70)
1186 1549 1273 1577 Ποίων
1289 1549 1385 1582 λίθωνς
1408 1550 1445 1577 Οὐ
1462 1549 1551 1581 λίθους
1575 1550 1708 1577 ἐδείκνυεν
1723 1551 1854 1586 ἀψύχους,

1065 1596 1122 1624 ἀλλ’
1135 1595 1297 1631 ἀνθρώπους
1309 1595 1488 1631 ἀναισθήτους
1503 1595 1582 1627 ὄντας
1593 1595 1693 1628 λίθους,
1705 1596 1856 1632 ἐπειδήπερ

1064 1641 1148 1674 λίθοις
1169 1640 1364 1677 προσεκύνουν.
1387 1641 1442 1668 Καὶ
1464 1641 1572 1676 ἐγένετο
1591 1641 1634 1668 ἐπ’
1652 1641 1746 1668 αὐτῶν
1760 1642 1793 1669 τὸ
1811 1651 1855 1676 γε-

1063 1686 1222 1722 γραμμένον
1233 1694 1241 1701 ’
1258 1685 1375 1720 Ὅμοιοι
1384 1683 1484 1712 αὐτῶν
1504 1684 1638 1720 γένοιντο
1653 1685 1680 1712 οὶ
1697 1684 1856 1717 ποιοῦντες

1063 1731 1149 1762 αὐτὰ,
1166 1730 1217 1757 καὶ
1236 1729 1346 1763 πάντες
1363 1731 1389 1757 οι
1409 1730 1584 1763 πεποιθότες
1603 1729 1650 1756 ἐπ’
1663 1729 1778 1763 αὐτοῖς.
1798 1730 1855 1764 Ἰῐτι

1063 1773 1091 1800 δὲ
1103 1774 1150 1800 καὶ
1165 1773 1229 1809 περ).
1245 1773 1298 1800 τῶν
1315 1773 1397 1800 λίθων
1415 1773 1569 1809 γέγραπται
1585 1775 1614 1801 ὲν
1638 1775 1673 1810 τῇ
1696 1774 1754 1810 ᾠδῇ
1777 1776 1810 1810 τῇ
1828 1776 1855 1801 ἐν

1062 1821 1095 1855 τῇ
1113 1819 1209 1855 Ἐξόδῳ
1218 1828 1225 1834 ·
1241 1819 1519 1854 Ἀπολιθωθήτωσαν
1529 1821 1565 1848 τὰ
1575 1821 1658 1855 ἔθνη,
1667 1821 1723 1854 ἕως
1733 1819 1771 1849 οὗ
1785 1829 1856 1855 παρ-

1062 1865 1137 1899 έλθῃ
1161 1866 1178 1893 ό
1193 1865 1269 1898 ,λαὸς
1282 1863 1381 1898 οὗτος,
1396 1865 1432 1892 ὃν
1443 1865 1576 1900 ἐκτήσω·
1593 1866 1631 1898 ὼς
1642 1866 1734 1902 δῆλον,
1750 1867 1795 1894 ὃτι
1814 1875 1856 1902 με-

1062 1911 1098 1938 τὰ
1110 1911 1141 1938 τδ
1155 1910 1300 1948 παρελθεῖν
1309 1910 1355 1938 τὸν
1369 1911 1432 1938 λαὸν
1448 1911 1546 1946 μηκέτι
1560 1911 1810 1948 ἀπολιθωθείησαν.

1061 1957 1136 1993 Στίχ.
1152 1960 1178 1984 ι’.
1199 1957 1255 1985 Kal
1268 1955 1426 1991 ἐπηρώτων
1435 1957 1529 1984 αὑτὸν
1543 1958 1569 1984 οὶ
1586 1957 1682 1992 ὄχλοι,
1692 1957 1851 1993 lemnsc-

1326 2003 1358 2031 Τί
1369 2000 1426 2031 οὖν
1437 2003 1603 2039 ποιήσομεν
1614 2011 1624 2036 ;

1062 2049 1139 2086 Στίχ,
1154 2049 1198 2086 ια’.
1224 2049 1405 2086 Ἁπρκριθεὶς
1421 2049 1558 2086 eadem
1578 2049 1693 2086 αὐτοῖς·
1723 2050 1750 2077 '0
1778 2050 1855 2085 ἔχων

1153 2085 1208 2112 δύο
1217 2084 1345 2119 χιτῶνας
1358 2084 1507 2119 μεταδότω
1519 2085 1559 2118 τῷ
1571 2085 1614 2120 μὴ
1629 2085 1740 2120 ἔχοντι.

1096 2131 1153 2166 (7i)
1169 2132 1202 2158 ’0
1210 2130 1328 2166 λέγουσι,
1341 2131 1459 2172 τοιοῦτόν
1473 2131 1590 2164 ἐστι’,Τὰ
1601 2131 1727 2167 δεδομένα
1740 2133 1809 2168 ἡμῖν
1824 2132 1854 2158 ὲκ

1027 2190 1052 2220 D
1063 2176 1200 2208 Μωῡσέως
1215 2176 1263 2203 καὶ
1276 2176 1330 2218 τῶν
1350 2177 1476 2213 πατέρων
1490 2177 1539 2212 ἔθη
1552 2178 1616 2213 περὶ
1628 2177 1738 2209 θυσιῶν,
1753 2178 1773 2205 ἃ
1792 2178 1854 2214 περὶ

228 2223 276 2243 nes
304 2216 521 2249 observabimus.
542 2218 584 2245 vel
604 2217 672 2245 alias
703 2218 781 2245 nobis
805 2219 868 2247 vitae
893 2219 1012 2248 rationes

1084 2222 1261 2258 αντιστηρίων
1268 2216 1427 2258 ποιήσομεν,
1439 2223 1455 2259 ἢ
1468 2223 1562 2259 ἑτέρας
1572 2224 1639 2259 ἡμῖν
1650 2223 1789 2256 πολιτείας
1801 2225 1854 2251 sis-

227 2262 339 2295 agendae
363 2262 486 2290 inducis?
501 2263 530 2290 Si
552 2263 625 2291 enim
643 2263 755 2291 Judaica
771 2264 838 2292 nihil
855 2265 934 2293 nobis
951 2273 1013 2300 pro—

1081 2277 1142 2303 ,γεις
1163 2269 1239 2301 ὁδόν;
1256 2269 1288 2295 El
1312 2269 1366 2305 γὰρ
1381 2268 1456 2296 οὐδὲν
1474 2270 1547 2305 ἡμᾶς
1570 2270 1605 2297 τὰ
1627 2270 1761 2297 Ἰουδαϊκὰ
1782 2270 1853 2304 ὠφε-

228 2310 302 2336 sunt.
330 2305 374 2333 dic
401 2307 489 2341 nobis,
509 2309 574 2342 quid
598 2309 691 2338 facere
711 2309 836 2344 oportet?
856 2309 915 2338 Non
939 2311 1011 2338 enim

1081 2315 1115 2347 εἰ,
1134 2315 1194 2342 εἰπὲ
1207 2314 1284 2350 ἡμῖν,
1304 2314 1331 2341 τί
1346 2314 1399 2350 χρὴ
1418 2316 1519 2348 ποιεῖν;
1533 2315 1570 2341 Οὐ
1590 2315 1644 2351 γὰρ
1656 2315 1734 2351 ἴσμεν
1753 2315 1851 2351 ἐτέρας

227 2351 387 2385 agitavimus
399 2352 480 2379 aliam
495 2354 556 2382 vita:
570 2355 713 2383 rationem.
723 2356 791 2389 Quid
804 2364 869 2392 ergo
881 2357 1014 2392 Baptista?

1081 2359 1201 2391 ςολιτείας
1216 2359 1284 2387 ὁδόν.
1301 2359 1334 2386 Τί
1351 2357 1396 2386 οὖν
1409 2360 1424 2386 ὸ
1443 2360 1614 2396 Βαπτιστής;
1632 2360 1676 2396 Μὴ
1692 2360 1801 2396 τολμῶν
1815 2361 1851 2392 ὡς

226 2397 295 2424 Cum
308 2405 360 2425 non
372 2400 493 2432 auderet,
502 2401 601 2436 quippe
612 2410 719 2434 servus.
728 2410 868 2431 removere
876 2405 1010 2438 umbram,

1082 2406 1172 2440 ἱκέτης
1190 2406 1355 2442 ἀποκινῆσαι
1374 2406 1423 2441 τὴν
1445 2405 1533 2438 σκιὰν,
1550 2407 1597 2433 καὶ
1611 2406 1658 2443 τὴν
1673 2408 1702 2433 ὲν
1716 2407 1851 2443 πνεύματι

226 2443 385 2479 eullumque
402 2445 573 2474 introducere
595 2448 620 2475 in
640 2448 742 2483 Spiritu
763 2453 790 2477 et
807 2449 922 2479 veritate
937 2460 945 2478 :
961 2451 1011 2478 ad-

1081 2453 1114 2479 ιαὶ
1129 2452 1244 2488 ἀληθείᾳ
1256 2452 1382 2488 λατρείαν
1393 2454 1558 2488 εἰσαγαγεῖν,
1570 2454 1630 2488 ἄγει
1646 2454 1746 2487 αὐτοὺς
1761 2455 1809 2482 ἐπὶ
1822 2455 1850 2481 τὸ

227 2487 300 2514 ducit
309 2495 356 2515 eos
364 2489 397 2516 ad
406 2489 600 2524 plenitudinem
614 2491 692 2525 legis,
704 2493 730 2520 id
741 2498 784 2521 est
795 2494 829 2522 ad
838 2495 1010 2528 charitatem,

1081 2498 1202 2534 πλήρωμα
1212 2487 1258 2525 τοῦ
1270 2487 1362 2534 νόμου,
1372 2499 1493 2526 τουτέστι
1506 2500 1555 2535 τὴν
1565 2487 1684 2536 ἀγάπην,
1711 2498 1745 2537 ἦς
1759 2502 1774 2528 ὁ
1789 2510 1850 2536 καρ-

226 2534 303 2568 cujus
317 2533 422 2563 fructus
435 2541 487 2569 est.
506 2542 536 2564 ut
549 2537 586 2564 sit
602 2538 665 2572 quis
684 2539 824 2567 sociabilis
836 2545 864 2568 et
879 2541 1009 2574 liberalis,

1081 2544 1117 2576 ιδς
1131 2544 1162 2571 τὸ
1177 2545 1332 2571 κοινωνικὸν
1350 2542 1418 2572 εἷναι
1438 2545 1485 2572 καὶ
1502 2546 1688 2581 εὐμετάδοτον,
1710 2547 1758 2573 καὶ
1774 2546 1848 2581 φιλὸι

225 2587 257 2606 ac
271 2587 418 2614 pauperum
439 2586 554 2609 amator.
571 2581 765 2610 Gloriabantur
783 2585 856 2611 enim
872 2584 957 2613 Judaei
977 2587 1011 2614 de

1081 2598 1184 2625 ιτωχον.
1198 2587 1252 2616 Ἦν
1267 2590 1321 2625 γὰρ
1337 2591 1392 2621 τοῖς
1408 2590 1542 2623 Ἰουδαίοις
1554 2591 1599 2617 ὲπὶ
1612 2591 1732 2626 ἀδελφῶν
1743 2592 1848 2627 ἀγαπή-

226 2626 342 2652 fratrum
356 2625 510 2660 dilectione,
525 2632 552 2655 et
576 2628 609 2655 de
629 2629 756 2656 sectanda
776 2630 893 2659 maxime
910 2639 1010 2667 paupe-

1081 2642 1105 2661 ει
1117 2636 1261 2670 καύχησις,
1277 2634 1324 2661 καὶ
1337 2635 1368 2661 τὸ
1382 2635 1433 2670 τῆς
1445 2635 1628 2671 φιλοπτωχίας
1641 2625 1780 2672 ἐξαίρετον
1791 2645 1799 2654 ·
1817 2625 1847 2662 τὸ

260 2706 285 2722 ⁸⁸
299 2708 453 2741 ιιυο.ιιι,4.
489 2709 511 2725 ¹¹
528 2709 592 2737 ibid.
611 2709 638 2738 5.
675 2710 771 2740 "ibid.
794 2711 820 2738 7.
869 2711 1003 2742 “ibid.8.

1081 2715 1143 2743 ibid.
1181 2715 1203 2731 "
1216 2715 1287 2743 l’sal.
1306 2712 1415 2749 cx'uw,
1430 2717 1474 2744 18.
1512 2717 1533 2733 ³⁸
1549 2717 1624 2746 Exod
1652 2726 1696 2751 xv,
1714 2718 1755 2745 l6.

338 2774 461 2815 7’7A7vertt‘f7.
480 2775 512 2803 Et
525 2777 620 2815 confer
634 2777 708 2805 hom.
724 2785 791 2815 uti.
876 2814 882 2815 7
931 2814 936 2815 7
950 2814 954 2815 7

1102 2781 1158 2815 (“9)

262 2807 318 2849 (ςξῃ
338 2808 403 2849 itide
416 2807 485 2838 inira
497 2812 531 2839 ad
545 2820 604 2847 cap.
618 2821 634 2844 ι,
649 2820 718 2840 vers.
737 2813 771 2840 65
785 2820 817 2841 ει
834 2814 894 2842 cod.
908 2814 970 2842 395.

262 2842 320 2876 (68)
340 2843 426 2878 Ὠριγ.

1180 2782 1270 2808 ’Λνεπ.
1288 2781 1355 2810 Vide
1367 2783 1438 2811 hom.
1456 2792 1522 2812 uti.

1101 2816 1156 2852 (ΞΟ)
1174 2816 1260 2852 199w-

1101 2851 1155 2886 (7I;
1171 2851 1236 2879 Sine
1250 2853 1367 2880 auctoris
1377 2853 1495 2881 nomine.
