  <div class='ocr_page' id='page_1' title='image "/cluster/home/n/w/nwhite01/storage/ocr_20150623/17/njp.32101010944583/223.png"; bbox 0 0 1904 3076; ppageno 0'>
   <div class='ocr_carea' id='block_1_1' title="bbox 209 96 259 123">
    <p class='ocr_par' dir='ltr' id='par_1_1' title="bbox 209 96 259 123">
     <span class='ocr_line' id='line_1_1' title="bbox 209 96 259 123; baseline -0.02 0"><span class='ocrx_word' id='word_1_1' title='bbox 209 96 259 123; x_wconf 73' lang='grc'><strong>551</strong></span> 
     </span>
    </p>
   </div>
   <div class='ocr_carea' id='block_1_2' title="bbox 655 89 1396 120">
    <p class='ocr_par' dir='ltr' id='par_1_2' title="bbox 655 89 1396 120">
     <span class='ocr_line' id='line_1_2' title="bbox 655 89 1396 120; baseline 0 -1"><span class='ocrx_word' id='word_1_2' title='bbox 655 90 934 119; x_wconf 72' lang='grc' dir='ltr'><strong>δυΡΡιΕΜΕΜυΜ</strong></span> <span class='ocrx_word' id='word_1_3' title='bbox 954 90 999 117; x_wconf 81' lang='lat' dir='ltr'><strong>AD</strong></span> <span class='ocrx_word' id='word_1_4' title='bbox 1014 89 1177 118; x_wconf 76' lang='lat' dir='ltr'><strong>ORIGENIS</strong></span> <span class='ocrx_word' id='word_1_5' title='bbox 1191 90 1396 120; x_wconf 79' lang='lat' dir='ltr'><strong>EXEGETICA.</strong></span> 
     </span>
    </p>
   </div>
   <div class='ocr_carea' id='block_1_3' title="bbox 1779 95 1832 122">
    <p class='ocr_par' dir='ltr' id='par_1_3' title="bbox 1779 95 1832 122">
     <span class='ocr_line' id='line_1_3' title="bbox 1779 95 1832 122; baseline 0 0"><span class='ocrx_word' id='word_1_6' title='bbox 1779 95 1832 122; x_wconf 73' lang='lat'><strong>352</strong></span> 
     </span>
    </p>
   </div>
   <div class='ocr_carea' id='block_1_4' title="bbox 210 148 996 189">
    <p class='ocr_par' dir='ltr' id='par_1_4' title="bbox 210 148 989 187">
     <span class='ocr_line' id='line_1_4' title="bbox 210 148 989 187; baseline -0.008 -6"><span class='ocrx_word' id='word_1_7' title='bbox 210 154 366 181; x_wconf 78' lang='lat' dir='ltr'><strong>universum</strong></span> <span class='ocrx_word' id='word_1_8' title='bbox 387 151 587 187; x_wconf 67' lang='lat' dir='ltr'><strong>praedicandum</strong></span> <span class='ocrx_word' id='word_1_9' title='bbox 617 155 694 182; x_wconf 86' lang='lat' dir='ltr'><strong>erat,</strong></span> <span class='ocrx_word' id='word_1_10' title='bbox 720 149 863 184; x_wconf 82' lang='lat' dir='ltr'><strong>imperium</strong></span> <span class='ocrx_word' id='word_1_11' title='bbox 888 148 989 176; x_wconf 82' lang='lat' dir='ltr'><strong>Tiberii</strong></span> 
     </span>
    </p>
   </div>
   <div class='ocr_carea' id='block_1_5' title="bbox 1044 148 1834 189">
    <p class='ocr_par' dir='ltr' id='par_1_5' title="bbox 1044 148 1834 189">
     <span class='ocr_line' id='line_1_5' title="bbox 1044 148 1834 189; baseline 0.008 -15"><span class='ocrx_word' id='word_1_12' title='bbox 1044 148 1207 183; x_wconf 85' lang='grc' dir='ltr'>Εὑαγγελίου</span> <span class='ocrx_word' id='word_1_13' title='bbox 1222 149 1344 184; x_wconf 80' lang='grc' dir='ltr'>μέλλοντι</span> <span class='ocrx_word' id='word_1_14' title='bbox 1355 151 1384 177; x_wconf 76' lang='grc' dir='ltr'>ὲν</span> <span class='ocrx_word' id='word_1_15' title='bbox 1397 150 1450 186; x_wconf 80' lang='grc' dir='ltr'><strong>ὅλῳ</strong></span> <span class='ocrx_word' id='word_1_16' title='bbox 1462 151 1556 187; x_wconf 81' lang='grc' dir='ltr'>κόσμῳ</span> <span class='ocrx_word' id='word_1_17' title='bbox 1568 151 1755 188; x_wconf 76' lang='grc' dir='ltr'>κηρύσσεσθαι</span> <span class='ocrx_word' id='word_1_18' title='bbox 1771 154 1834 189; x_wconf 85' lang='grc' dir='ltr'>ἠγε-</span> 
     </span>
    </p>
   </div>
   <div class='ocr_carea' id='block_1_6' title="bbox 209 195 991 230">
    <p class='ocr_par' dir='ltr' id='par_1_6' title="bbox 209 195 991 230">
     <span class='ocr_line' id='line_1_6' title="bbox 209 195 991 230; baseline -0.008 -2"><span class='ocrx_word' id='word_1_19' title='bbox 209 200 325 228; x_wconf 75' lang='lat' dir='ltr'><strong>Ctesaris</strong></span> <span class='ocrx_word' id='word_1_20' title='bbox 341 198 497 229; x_wconf 86' lang='lat' dir='ltr'><strong>ascribitur,</strong></span> <span class='ocrx_word' id='word_1_21' title='bbox 511 197 555 230; x_wconf 90' lang='lat' dir='ltr'><strong>qu&#39;i</strong></span> <span class='ocrx_word' id='word_1_22' title='bbox 571 196 652 223; x_wconf 89' lang='lat' dir='ltr'><strong>totius</strong></span> <span class='ocrx_word' id='word_1_23' title='bbox 667 196 758 223; x_wconf 90' lang='lat' dir='ltr'><strong>mundi</strong></span> <span class='ocrx_word' id='word_1_24' title='bbox 776 195 917 223; x_wconf 76' lang='lat' dir='ltr'><strong>videbatur</strong></span> <span class='ocrx_word' id='word_1_25' title='bbox 930 202 991 222; x_wconf 79' lang='lat' dir='ltr'><strong>esse</strong></span> 
     </span>
    </p>
   </div>
   <div class='ocr_carea' id='block_1_7' title="bbox 208 241 990 280">
    <p class='ocr_par' dir='ltr' id='par_1_7' title="bbox 208 241 990 280">
     <span class='ocr_line' id='line_1_7' title="bbox 208 241 990 280; baseline -0.009 -5"><span class='ocrx_word' id='word_1_26' title='bbox 208 255 267 275; x_wconf 78' lang='lat' dir='ltr'><strong>rex.</strong></span> <span class='ocrx_word' id='word_1_27' title='bbox 284 247 322 273; x_wconf 80' lang='lat' dir='ltr'><strong>Ac</strong></span> <span class='ocrx_word' id='word_1_28' title='bbox 338 246 360 273; x_wconf 88' lang='lat' dir='ltr'><strong>si</strong></span> <span class='ocrx_word' id='word_1_29' title='bbox 377 245 485 280; x_wconf 87' lang='lat' dir='ltr'><strong>quidem</strong></span> <span class='ocrx_word' id='word_1_30' title='bbox 504 243 618 278; x_wconf 75' lang='lat' dir='ltr'><strong>gentiles</strong></span> <span class='ocrx_word' id='word_1_31' title='bbox 635 243 713 270; x_wconf 91' lang='lat' dir='ltr'><strong>modo</strong></span> <span class='ocrx_word' id='word_1_32' title='bbox 726 241 849 269; x_wconf 87' lang='lat' dir='ltr'><strong>salvandi</strong></span> <span class='ocrx_word' id='word_1_33' title='bbox 864 242 990 273; x_wconf 82' lang='lat' dir='ltr'><strong>fuissent,</strong></span> 
     </span>
    </p>
   </div>
   <div class='ocr_carea' id='block_1_8' title="bbox 207 287 991 321">
    <p class='ocr_par' dir='ltr' id='par_1_8' title="bbox 207 287 991 321">
     <span class='ocr_line' id='line_1_8' title="bbox 207 287 991 321; baseline -0.009 0"><span class='ocrx_word' id='word_1_34' title='bbox 207 293 332 321; x_wconf 89' lang='lat' dir='ltr'><strong>omnibus</strong></span> <span class='ocrx_word' id='word_1_35' title='bbox 349 298 412 318; x_wconf 89' lang='lat' dir='ltr'><strong>vero</strong></span> <span class='ocrx_word' id='word_1_36' title='bbox 429 289 492 317; x_wconf 85' lang='lat' dir='ltr'><strong>ﬁliis</strong></span> <span class='ocrx_word' id='word_1_37' title='bbox 504 289 585 316; x_wconf 82' lang='lat' dir='ltr'><strong>Israel</strong></span> <span class='ocrx_word' id='word_1_38' title='bbox 597 289 670 316; x_wconf 85' lang='lat' dir='ltr'><strong>salus</strong></span> <span class='ocrx_word' id='word_1_39' title='bbox 685 288 778 316; x_wconf 88' lang='lat' dir='ltr'><strong>clausa</strong></span> <span class='ocrx_word' id='word_1_40' title='bbox 793 287 907 321; x_wconf 80' lang='lat' dir='ltr'><strong>fuisset;</strong></span> <span class='ocrx_word' id='word_1_41' title='bbox 925 288 991 315; x_wconf 89' lang='lat' dir='ltr'><strong>satis</strong></span> 
     </span>
    </p>
   </div>
   <div class='ocr_carea' id='block_1_9' title="bbox 207 334 990 368">
    <p class='ocr_par' dir='ltr' id='par_1_9' title="bbox 207 334 990 368">
     <span class='ocr_line' id='line_1_9' title="bbox 207 334 990 368; baseline -0.011 -1"><span class='ocrx_word' id='word_1_42' title='bbox 207 342 501 367; x_wconf 78' lang='lat' dir='ltr'><strong>eratcommemorasse</strong></span> <span class='ocrx_word' id='word_1_43' title='bbox 516 336 594 362; x_wconf 87' lang='lat' dir='ltr'><strong>modo</strong></span> <span class='ocrx_word' id='word_1_44' title='bbox 602 334 751 361; x_wconf 86' lang='lat' dir='ltr'><strong>Tiberium.</strong></span> <span class='ocrx_word' id='word_1_45' title='bbox 765 334 799 360; x_wconf 85' lang='lat' dir='ltr'><strong>At</strong></span> <span class='ocrx_word' id='word_1_46' title='bbox 811 334 872 368; x_wconf 80' lang='lat' dir='ltr'><strong>quia</strong></span> <span class='ocrx_word' id='word_1_47' title='bbox 884 337 990 367; x_wconf 82' lang='lat' dir='ltr'><strong>oportet</strong></span> 
     </span>
    </p>
   </div>
   <div class='ocr_carea' id='block_1_10' title="bbox 208 379 988 412">
    <p class='ocr_par' dir='ltr' id='par_1_10' title="bbox 208 379 988 412">
     <span class='ocr_line' id='line_1_10' title="bbox 208 379 988 412; baseline -0.009 -1"><span class='ocrx_word' id='word_1_48' title='bbox 208 390 238 412; x_wconf 91' lang='lat' dir='ltr'><strong>ut</strong></span> <span class='ocrx_word' id='word_1_49' title='bbox 254 384 365 411; x_wconf 83' lang='lat' dir='ltr'><strong>credam</strong></span> <span class='ocrx_word' id='word_1_50' title='bbox 388 386 417 409; x_wconf 87' lang='lat' dir='ltr'><strong>et</strong></span> <span class='ocrx_word' id='word_1_51' title='bbox 448 381 550 409; x_wconf 65' lang='lat' dir='ltr'><strong>Galilaei</strong></span> <span class='ocrx_word' id='word_1_52' title='bbox 564 401 571 412; x_wconf 92' lang='lat'><strong>,</strong></span> <span class='ocrx_word' id='word_1_53' title='bbox 594 387 621 407; x_wconf 90' lang='lat' dir='ltr'><strong>ct</strong></span> <span class='ocrx_word' id='word_1_54' title='bbox 647 380 734 407; x_wconf 69' lang='lat' dir='ltr'><strong>Ituriei</strong></span> <span class='ocrx_word' id='word_1_55' title='bbox 756 384 783 406; x_wconf 91' lang='lat' dir='ltr'><strong>et</strong></span> <span class='ocrx_word' id='word_1_56' title='bbox 801 379 988 410; x_wconf 71' lang='lat' dir='ltr'><strong>&#39;l‘rachonitae;</strong></span> 
     </span>
    </p>
   </div>
   <div class='ocr_carea' id='block_1_11' title="bbox 207 425 991 465">
    <p class='ocr_par' dir='ltr' id='par_1_11' title="bbox 207 425 991 465">
     <span class='ocr_line' id='line_1_11' title="bbox 207 425 991 465; baseline -0.009 -8"><span class='ocrx_word' id='word_1_57' title='bbox 207 434 348 465; x_wconf 71' lang='lat' dir='ltr'><strong>propterea</strong></span> <span class='ocrx_word' id='word_1_58' title='bbox 363 428 538 456; x_wconf 89' lang='lat' dir='ltr'><strong>ascribuntur</strong></span> <span class='ocrx_word' id='word_1_59' title='bbox 553 427 609 453; x_wconf 76' lang='lat' dir='ltr'><strong>[nec</strong></span> <span class='ocrx_word' id='word_1_60' title='bbox 622 434 714 461; x_wconf 75' lang='lat' dir='ltr'><strong>regna,</strong></span> <span class='ocrx_word' id='word_1_61' title='bbox 729 430 775 452; x_wconf 88' lang='lat' dir='ltr'><strong>aut</strong></span> <span class='ocrx_word' id='word_1_62' title='bbox 789 425 878 459; x_wconf 92' lang='lat' dir='ltr'><strong>potius</strong></span> <span class='ocrx_word' id='word_1_63' title='bbox 890 429 991 451; x_wconf 86' lang='lat' dir='ltr'><strong>tetrar-</strong></span> 
     </span>
    </p>
   </div>
   <div class='ocr_carea' id='block_1_12' title="bbox 206 469 991 507">
    <p class='ocr_par' dir='ltr' id='par_1_12' title="bbox 206 469 991 507">
     <span class='ocr_line' id='line_1_12' title="bbox 206 469 991 507; baseline -0.008 -6"><span class='ocrx_word' id='word_1_64' title='bbox 206 474 283 502; x_wconf 69' lang='lat' dir='ltr'><strong>chiaa.</strong></span> <span class='ocrx_word' id='word_1_65' title='bbox 302 473 444 507; x_wconf 78' lang='lat' dir='ltr'><strong>Nunquam</strong></span> <span class='ocrx_word' id='word_1_66' title='bbox 473 479 537 499; x_wconf 91' lang='lat' dir='ltr'><strong>vero</strong></span> <span class='ocrx_word' id='word_1_67' title='bbox 551 470 637 498; x_wconf 78' lang='lat' dir='ltr'><strong>fuerat</strong></span> <span class='ocrx_word' id='word_1_68' title='bbox 653 471 763 497; x_wconf 84' lang='lat' dir='ltr'><strong>verbum</strong></span> <span class='ocrx_word' id='word_1_69' title='bbox 779 469 826 496; x_wconf 86' lang='lat' dir='ltr'><strong>Dei</strong></span> <span class='ocrx_word' id='word_1_70' title='bbox 843 469 876 496; x_wconf 86' lang='lat' dir='ltr'><strong>ad</strong></span> <span class='ocrx_word' id='word_1_71' title='bbox 894 475 991 503; x_wconf 88' lang='lat' dir='ltr'><strong>quem-</strong></span> 
     </span>
    </p>
   </div>
   <div class='ocr_carea' id='block_1_13' title="bbox 205 515 991 554">
    <p class='ocr_par' dir='ltr' id='par_1_13' title="bbox 205 515 991 554">
     <span class='ocr_line' id='line_1_13' title="bbox 205 515 991 554; baseline -0.008 -8"><span class='ocrx_word' id='word_1_72' title='bbox 205 519 279 554; x_wconf 82' lang='lat' dir='ltr'><strong>piam</strong></span> <span class='ocrx_word' id='word_1_73' title='bbox 293 518 487 553; x_wconf 87' lang='lat' dir='ltr'><strong>prophetarum</strong></span> <span class='ocrx_word' id='word_1_74' title='bbox 503 518 528 544; x_wconf 92' lang='lat' dir='ltr'><strong>in</strong></span> <span class='ocrx_word' id='word_1_75' title='bbox 544 517 666 549; x_wconf 80' lang='lat' dir='ltr'><strong>deserto,</strong></span> <span class='ocrx_word' id='word_1_76' title='bbox 686 516 738 543; x_wconf 85' lang='lat' dir='ltr'><strong>nisi</strong></span> <span class='ocrx_word' id='word_1_77' title='bbox 765 523 836 542; x_wconf 86' lang='lat' dir='ltr'><strong>nunc</strong></span> <span class='ocrx_word' id='word_1_78' title='bbox 858 515 991 542; x_wconf 77' lang='lat' dir='ltr'><strong>duntaxat.</strong></span> 
     </span>
    </p>
   </div>
   <div class='ocr_carea' id='block_1_14' title="bbox 204 560 990 601">
    <p class='ocr_par' dir='ltr' id='par_1_14' title="bbox 204 560 990 601">
     <span class='ocr_line' id='line_1_14' title="bbox 204 560 990 601; baseline -0.006 -9"><span class='ocrx_word' id='word_1_79' title='bbox 204 571 316 601; x_wconf 83' lang='lat' dir='ltr'><strong>propter</strong></span> <span class='ocrx_word' id='word_1_80' title='bbox 338 565 482 600; x_wconf 75' lang='lat' dir='ltr'><strong>quamdam</strong></span> <span class='ocrx_word' id='word_1_81' title='bbox 507 563 650 598; x_wconf 83' lang='lat' dir='ltr'><strong>mysticam</strong></span> <span class='ocrx_word' id='word_1_82' title='bbox 678 561 894 597; x_wconf 76' lang='lat' dir='ltr'><strong>intelligentiam.</strong></span> <span class='ocrx_word' id='word_1_83' title='bbox 920 560 990 594; x_wconf 86' lang='lat' dir='ltr'><strong>Quia</strong></span> 
     </span>
    </p>
   </div>
   <div class='ocr_carea' id='block_1_15' title="bbox 206 606 991 646">
    <p class='ocr_par' dir='ltr' id='par_1_15' title="bbox 206 606 991 646">
     <span class='ocr_line' id='line_1_15' title="bbox 206 606 991 646; baseline -0.005 -8"><span class='ocrx_word' id='word_1_84' title='bbox 206 619 301 646; x_wconf 83' lang='lat' dir='ltr'><strong>nempe</strong></span> <span class='ocrx_word' id='word_1_85' title='bbox 311 611 397 646; x_wconf 79' lang='lat' dir='ltr'><strong>plum</strong></span> <span class='ocrx_word' id='word_1_86' title='bbox 409 610 491 645; x_wconf 78' lang='lat' dir='ltr'><strong>futuri</strong></span> <span class='ocrx_word' id='word_1_87' title='bbox 505 614 580 636; x_wconf 84' lang='lat' dir='ltr'><strong>erant</strong></span> <span class='ocrx_word' id='word_1_88' title='bbox 591 608 640 643; x_wconf 83' lang='lat' dir='ltr'><strong>ﬁlii</strong></span> <span class='ocrx_word' id='word_1_89' title='bbox 654 609 771 640; x_wconf 70' lang='lat' dir='ltr'><strong>desertw,</strong></span> <span class='ocrx_word' id='word_1_90' title='bbox 779 608 804 635; x_wconf 92' lang='lat' dir='ltr'><strong>id</strong></span> <span class='ocrx_word' id='word_1_91' title='bbox 816 612 856 635; x_wconf 89' lang='lat' dir='ltr'><strong>est</strong></span> <span class='ocrx_word' id='word_1_92' title='bbox 866 606 991 634; x_wconf 61' lang='lat' dir='ltr'><strong>Ecclesia:</strong></span> 
     </span>
    </p>
   </div>
   <div class='ocr_carea' id='block_1_16' title="bbox 205 652 988 692">
    <p class='ocr_par' dir='ltr' id='par_1_16' title="bbox 205 652 988 692">
     <span class='ocr_line' id='line_1_16' title="bbox 205 652 988 692; baseline -0.009 -7"><span class='ocrx_word' id='word_1_93' title='bbox 205 656 343 692; x_wconf 78' lang='lat' dir='ltr'><strong>gentium,</strong></span> <span class='ocrx_word' id='word_1_94' title='bbox 370 663 448 691; x_wconf 85' lang='lat' dir='ltr'><strong>quam</strong></span> <span class='ocrx_word' id='word_1_95' title='bbox 476 655 532 690; x_wconf 75' lang='lat' dir='ltr'><strong>ejus</strong></span> <span class='ocrx_word' id='word_1_96' title='bbox 550 662 608 689; x_wconf 66' lang='lat' dir='ltr'><strong>quae</strong></span> <span class='ocrx_word' id='word_1_97' title='bbox 627 654 738 681; x_wconf 77' lang='lat' dir='ltr'><strong>habebat</strong></span> <span class='ocrx_word' id='word_1_98' title='bbox 758 653 842 680; x_wconf 71' lang='lat' dir='ltr'><strong>virum</strong></span> <span class='ocrx_word' id='word_1_99' title='bbox 856 652 890 687; x_wconf 85' lang='lat'><strong>&quot;,</strong></span> <span class='ocrx_word' id='word_1_100' title='bbox 904 652 988 687; x_wconf 79' lang='lat' dir='ltr'><strong>legem</strong></span> 
     </span>
    </p>
   </div>
   <div class='ocr_carea' id='block_1_17' title="bbox 205 697 988 735">
    <p class='ocr_par' dir='ltr' id='par_1_17' title="bbox 205 697 988 735">
     <span class='ocr_line' id='line_1_17' title="bbox 205 697 988 735; baseline -0.008 -5"><span class='ocrx_word' id='word_1_101' title='bbox 205 702 266 730; x_wconf 88' lang='lat' dir='ltr'><strong>volo</strong></span> <span class='ocrx_word' id='word_1_102' title='bbox 301 702 391 729; x_wconf 82' lang='lat' dir='ltr'><strong>dicere</strong></span> <span class='ocrx_word' id='word_1_103' title='bbox 425 700 576 735; x_wconf 70' lang='lat' dir='ltr'><strong>Synagogae</strong></span> <span class='ocrx_word' id='word_1_104' title='bbox 601 699 768 727; x_wconf 69' lang='lat' dir='ltr'><strong>Judmornm.</strong></span> <span class='ocrx_word' id='word_1_105' title='bbox 793 698 869 732; x_wconf 85' lang='lat' dir='ltr'><strong>Quod</strong></span> <span class='ocrx_word' id='word_1_106' title='bbox 904 697 988 725; x_wconf 82' lang='lat' dir='ltr'><strong>dicit:</strong></span> 
     </span>
    </p>
   </div>
   <div class='ocr_carea' id='block_1_18' title="bbox 207 743 991 778">
    <p class='ocr_par' dir='ltr' id='par_1_18' title="bbox 207 743 991 778">
     <span class='ocr_line' id='line_1_18' title="bbox 207 743 991 778; baseline -0.006 -4"><span class='ocrx_word' id='word_1_107' title='bbox 207 747 319 774; x_wconf 81' lang='lat' dir='ltr'><strong>Factum</strong></span> <span class='ocrx_word' id='word_1_108' title='bbox 348 752 384 773; x_wconf 70' lang='lat' dir='ltr'><strong>est</strong></span> <span class='ocrx_word' id='word_1_109' title='bbox 404 746 508 773; x_wconf 77' lang='lat' dir='ltr'><strong>verbum</strong></span> <span class='ocrx_word' id='word_1_110' title='bbox 531 745 580 772; x_wconf 82' lang='lat' dir='ltr'><strong>Dei</strong></span> <span class='ocrx_word' id='word_1_111' title='bbox 601 745 635 772; x_wconf 83' lang='lat' dir='ltr'><strong>ad</strong></span> <span class='ocrx_word' id='word_1_112' title='bbox 656 743 786 771; x_wconf 77' lang='lat' dir='ltr'><strong>Joannem</strong></span> <span class='ocrx_word' id='word_1_113' title='bbox 811 744 845 776; x_wconf 76' lang='lat'><strong>‘°,</strong></span> <span class='ocrx_word' id='word_1_114' title='bbox 870 743 991 778; x_wconf 75' lang='lat' dir='ltr'><strong>intelligo</strong></span> 
     </span>
    </p>
   </div>
   <div class='ocr_carea' id='block_1_19' title="bbox 203 798 379 828">
    <p class='ocr_par' dir='ltr' id='par_1_19' title="bbox 203 798 379 828">
     <span class='ocr_line' id='line_1_19' title="bbox 203 798 379 828; baseline -0.011 -7"><span class='ocrx_word' id='word_1_115' title='bbox 203 798 379 828; x_wconf 60' lang='lat' dir='ltr'><strong>praceptutn.</strong></span> 
     </span>
    </p>
   </div>
   <div class='ocr_carea' id='block_1_20' title="bbox 206 879 986 942">
    <p class='ocr_par' dir='ltr' id='par_1_20' title="bbox 206 879 986 942">
     <span class='ocr_line' id='line_1_20' title="bbox 206 879 986 942; baseline -0.008 -31"><span class='ocrx_word' id='word_1_116' title='bbox 206 882 238 911; x_wconf 75' lang='grc' dir='ltr'><strong>ν.</strong></span> <span class='ocrx_word' id='word_1_117' title='bbox 259 883 286 911; x_wconf 79' lang='grc'>3.</span> <span class='ocrx_word' id='word_1_118' title='bbox 307 882 341 909; x_wconf 74' lang='lat' dir='ltr'><strong>Et</strong></span> <span class='ocrx_word' id='word_1_119' title='bbox 358 881 427 909; x_wconf 76' lang='lat' dir='ltr'><strong>venit</strong></span> <span class='ocrx_word' id='word_1_120' title='bbox 442 881 470 907; x_wconf 85' lang='lat' dir='ltr'><strong>in</strong></span> <span class='ocrx_word' id='word_1_121' title='bbox 487 888 593 942; x_wconf 41' lang='lat' dir='ltr'><strong>amp&quot;:</strong></span> <span class='ocrx_word' id='word_1_122' title='bbox 606 881 836 921; x_wconf 65' lang='lat' dir='ltr'><strong>circumjacentem</strong></span> <span class='ocrx_word' id='word_1_123' title='bbox 855 879 986 914; x_wconf 79' lang='lat' dir='ltr'><strong>regionem</strong></span> 
     </span>
     <span class='ocr_line' id='line_1_21' title="bbox 547 924 665 942; baseline 0 0"><span class='ocrx_word' id='word_1_124' title='bbox 547 924 576 942; x_wconf 92' lang='lat' dir='ltr'><strong>or</strong></span> <span class='ocrx_word' id='word_1_125' title='bbox 596 924 665 942; x_wconf 84' lang='lat' dir='ltr'><strong>anu.</strong></span> 
     </span>
    </p>
   </div>
   <div class='ocr_carea' id='block_1_21' title="bbox 547 924 665 943">
    <p class='ocr_par' dir='ltr' id='par_1_21' title="bbox 547 924 665 943">
     <span class='ocr_line' id='line_1_22' title="bbox 547 924 665 943; baseline 0.008 -1"><span class='ocrx_word' id='word_1_126' title='bbox 547 924 665 943; x_wconf 84' lang='lat' dir='ltr'><strong>orannu.</strong></span> 
     </span>
    </p>
   </div>
   <div class='ocr_carea' id='block_1_22' title="bbox 243 959 983 999">
    <p class='ocr_par' dir='ltr' id='par_1_22' title="bbox 243 959 983 999">
     <span class='ocr_line' id='line_1_23' title="bbox 243 959 983 999; baseline -0.007 -8"><span class='ocrx_word' id='word_1_127' title='bbox 243 964 291 991; x_wconf 84' lang='lat' dir='ltr'><strong>Ubi</strong></span> <span class='ocrx_word' id='word_1_128' title='bbox 308 963 449 999; x_wconf 80' lang='lat' dir='ltr'><strong>oportebat</strong></span> <span class='ocrx_word' id='word_1_129' title='bbox 464 961 615 996; x_wconf 83' lang='lat' dir='ltr'><strong>Baptistam</strong></span> <span class='ocrx_word' id='word_1_130' title='bbox 641 960 901 992; x_wconf 84' lang='lat' dir='ltr'><strong>circumambulare,</strong></span> <span class='ocrx_word' id='word_1_131' title='bbox 929 959 983 986; x_wconf 84' lang='lat' dir='ltr'><strong>nisi</strong></span> 
     </span>
    </p>
   </div>
   <div class='ocr_carea' id='block_1_23' title="bbox 205 1006 987 1044">
    <p class='ocr_par' dir='ltr' id='par_1_23' title="bbox 205 1006 987 1044">
     <span class='ocr_line' id='line_1_24' title="bbox 205 1006 987 1044; baseline -0.006 -7"><span class='ocrx_word' id='word_1_132' title='bbox 205 1010 232 1037; x_wconf 94' lang='lat' dir='ltr'><strong>in</strong></span> <span class='ocrx_word' id='word_1_133' title='bbox 251 1010 439 1044; x_wconf 86' lang='lat' dir='ltr'><strong>circumposita</strong></span> <span class='ocrx_word' id='word_1_134' title='bbox 452 1008 579 1036; x_wconf 82' lang='lat' dir='ltr'><strong>Jor-lanis</strong></span> <span class='ocrx_word' id='word_1_135' title='bbox 588 1008 707 1042; x_wconf 88' lang='lat' dir='ltr'><strong>regione,</strong></span> <span class='ocrx_word' id='word_1_136' title='bbox 723 1011 752 1034; x_wconf 92' lang='lat' dir='ltr'><strong>nt</strong></span> <span class='ocrx_word' id='word_1_137' title='bbox 764 1007 786 1034; x_wconf 80' lang='lat' dir='ltr'><strong>si</strong></span> <span class='ocrx_word' id='word_1_138' title='bbox 804 1014 883 1041; x_wconf 88' lang='lat' dir='ltr'><strong>quem</strong></span> <span class='ocrx_word' id='word_1_139' title='bbox 899 1006 987 1040; x_wconf 65' lang='lat' dir='ltr'><strong>poeni-</strong></span> 
     </span>
    </p>
   </div>
   <div class='ocr_carea' id='block_1_24' title="bbox 203 1051 987 1088">
    <p class='ocr_par' dir='ltr' id='par_1_24' title="bbox 203 1051 987 1088">
     <span class='ocr_line' id='line_1_25' title="bbox 203 1051 987 1088; baseline -0.006 -6"><span class='ocrx_word' id='word_1_140' title='bbox 203 1060 265 1082; x_wconf 77' lang='lat' dir='ltr'><strong>tere</strong></span> <span class='ocrx_word' id='word_1_141' title='bbox 284 1055 373 1086; x_wconf 83' lang='lat' dir='ltr'><strong>vellet,</strong></span> <span class='ocrx_word' id='word_1_142' title='bbox 387 1055 479 1082; x_wconf 81' lang='lat' dir='ltr'><strong>statim</strong></span> <span class='ocrx_word' id='word_1_143' title='bbox 495 1053 592 1081; x_wconf 77' lang='lat' dir='ltr'><strong>ﬂuvius</strong></span> <span class='ocrx_word' id='word_1_144' title='bbox 607 1054 633 1080; x_wconf 92' lang='lat' dir='ltr'><strong>in</strong></span> <span class='ocrx_word' id='word_1_145' title='bbox 651 1057 775 1088; x_wconf 86' lang='lat' dir='ltr'><strong>promptu</strong></span> <span class='ocrx_word' id='word_1_146' title='bbox 796 1051 987 1079; x_wconf 70' lang='lat' dir='ltr'><strong>essetilntcr~</strong></span> 
     </span>
    </p>
   </div>
   <div class='ocr_carea' id='block_1_25' title="bbox 204 1098 988 1135">
    <p class='ocr_par' dir='ltr' id='par_1_25' title="bbox 204 1098 988 1135">
     <span class='ocr_line' id='line_1_26' title="bbox 204 1098 988 1135; baseline -0.005 -8"><span class='ocrx_word' id='word_1_147' title='bbox 204 1105 326 1135; x_wconf 82' lang='lat' dir='ltr'><strong>pretatur</strong></span> <span class='ocrx_word' id='word_1_148' title='bbox 357 1108 439 1135; x_wconf 90' lang='lat' dir='ltr'><strong>porro</strong></span> <span class='ocrx_word' id='word_1_149' title='bbox 464 1099 615 1132; x_wconf 72' lang='lat' dir='ltr'><strong>Iordanis,</strong></span> <span class='ocrx_word' id='word_1_150' title='bbox 651 1099 802 1126; x_wconf 66' lang='lat' dir='ltr'><strong>decurrens.</strong></span> <span class='ocrx_word' id='word_1_151' title='bbox 836 1098 988 1124; x_wconf 89' lang='lat' dir='ltr'><strong>Decnrrens</strong></span> 
     </span>
    </p>
   </div>
   <div class='ocr_carea' id='block_1_26' title="bbox 204 1143 988 1180">
    <p class='ocr_par' dir='ltr' id='par_1_26' title="bbox 204 1143 988 1180">
     <span class='ocr_line' id='line_1_27' title="bbox 204 1143 988 1180; baseline -0.005 -6"><span class='ocrx_word' id='word_1_152' title='bbox 204 1147 276 1174; x_wconf 87' lang='lat' dir='ltr'><strong>enim</strong></span> <span class='ocrx_word' id='word_1_153' title='bbox 290 1151 333 1175; x_wconf 86' lang='lat' dir='ltr'><strong>est</strong></span> <span class='ocrx_word' id='word_1_154' title='bbox 349 1155 413 1175; x_wconf 81' lang='lat' dir='ltr'><strong>vere</strong></span> <span class='ocrx_word' id='word_1_155' title='bbox 423 1147 527 1175; x_wconf 82' lang='lat' dir='ltr'><strong>ﬂumen</strong></span> <span class='ocrx_word' id='word_1_156' title='bbox 545 1146 602 1176; x_wconf 88' lang='lat' dir='ltr'><strong>Dei.</strong></span> <span class='ocrx_word' id='word_1_157' title='bbox 626 1153 698 1180; x_wconf 88' lang='lat' dir='ltr'><strong>aqua</strong></span> <span class='ocrx_word' id='word_1_158' title='bbox 721 1152 815 1177; x_wconf 75' lang='lat' dir='ltr'><strong>verax,</strong></span> <span class='ocrx_word' id='word_1_159' title='bbox 831 1151 900 1178; x_wconf 89' lang='lat' dir='ltr'><strong>aqua</strong></span> <span class='ocrx_word' id='word_1_160' title='bbox 914 1143 988 1171; x_wconf 81' lang='lat' dir='ltr'><strong>salu-</strong></span> 
     </span>
    </p>
   </div>
   <div class='ocr_carea' id='block_1_27' title="bbox 202 1192 282 1220">
    <p class='ocr_par' dir='ltr' id='par_1_27' title="bbox 202 1192 282 1220">
     <span class='ocr_line' id='line_1_28' title="bbox 202 1192 282 1220; baseline 0.013 -1"><span class='ocrx_word' id='word_1_161' title='bbox 202 1192 282 1220; x_wconf 69' lang='lat' dir='ltr'><strong>laris.</strong></span> 
     </span>
    </p>
   </div>
   <div class='ocr_carea' id='block_1_28' title="bbox 242 1237 320 1265">
    <p class='ocr_par' dir='ltr' id='par_1_28' title="bbox 242 1237 320 1265">
     <span class='ocr_line' id='line_1_29' title="bbox 242 1237 320 1265; baseline -0.013 0"><span class='ocrx_word' id='word_1_162' title='bbox 242 1237 275 1265; x_wconf 71' lang='grc' dir='ltr'>γ.</span> <span class='ocrx_word' id='word_1_163' title='bbox 294 1238 320 1265; x_wconf 77' lang='grc'>7.</span> 
     </span>
    </p>
   </div>
   <div class='ocr_carea' id='block_1_29' title="bbox 241 1282 987 1318">
    <p class='ocr_par' dir='ltr' id='par_1_29' title="bbox 241 1282 987 1318">
     <span class='ocr_line' id='line_1_30' title="bbox 241 1282 987 1318; baseline -0.004 -8"><span class='ocrx_word' id='word_1_164' title='bbox 241 1283 350 1316; x_wconf 88' lang='lat' dir='ltr'><strong>Dicunt,</strong></span> <span class='ocrx_word' id='word_1_165' title='bbox 367 1282 486 1318; x_wconf 85' lang='lat' dir='ltr'><strong>viperam</strong></span> <span class='ocrx_word' id='word_1_166' title='bbox 499 1283 560 1311; x_wconf 88' lang='lat' dir='ltr'><strong>dum</strong></span> <span class='ocrx_word' id='word_1_167' title='bbox 574 1283 695 1318; x_wconf 85' lang='lat' dir='ltr'><strong>concipit</strong></span> <span class='ocrx_word' id='word_1_168' title='bbox 707 1283 862 1310; x_wconf 82' lang='lat' dir='ltr'><strong>interﬁcere</strong></span> <span class='ocrx_word' id='word_1_169' title='bbox 872 1287 987 1312; x_wconf 87' lang='lat' dir='ltr'><strong>marem,</strong></span> 
     </span>
    </p>
   </div>
   <div class='ocr_carea' id='block_1_30' title="bbox 203 1326 988 1364">
    <p class='ocr_par' dir='ltr' id='par_1_30' title="bbox 203 1326 988 1364">
     <span class='ocr_line' id='line_1_31' title="bbox 203 1326 988 1364; baseline -0.004 -8"><span class='ocrx_word' id='word_1_170' title='bbox 203 1335 239 1356; x_wconf 83' lang='lat' dir='ltr'><strong>ex</strong></span> <span class='ocrx_word' id='word_1_171' title='bbox 255 1335 309 1362; x_wconf 90' lang='lat' dir='ltr'><strong>quo</strong></span> <span class='ocrx_word' id='word_1_172' title='bbox 318 1328 442 1363; x_wconf 88' lang='lat' dir='ltr'><strong>_concipit</strong></span> <span class='ocrx_word' id='word_1_173' title='bbox 459 1337 466 1356; x_wconf 89' lang='lat'>:</span> <span class='ocrx_word' id='word_1_174' title='bbox 484 1328 562 1364; x_wconf 81' lang='lat' dir='ltr'><strong>cujus</strong></span> <span class='ocrx_word' id='word_1_175' title='bbox 584 1337 676 1356; x_wconf 81' lang='lat' dir='ltr'><strong>semen</strong></span> <span class='ocrx_word' id='word_1_176' title='bbox 699 1329 895 1356; x_wconf 88' lang='lat' dir='ltr'><strong>incrementum</strong></span> <span class='ocrx_word' id='word_1_177' title='bbox 916 1326 988 1354; x_wconf 84' lang='lat' dir='ltr'><strong>acci-</strong></span> 
     </span>
    </p>
   </div>
   <div class='ocr_carea' id='block_1_31' title="bbox 205 1371 987 1407">
    <p class='ocr_par' dir='ltr' id='par_1_31' title="bbox 205 1371 987 1407">
     <span class='ocr_line' id='line_1_32' title="bbox 205 1371 987 1407; baseline -0.004 -7"><span class='ocrx_word' id='word_1_178' title='bbox 205 1373 294 1406; x_wconf 81' lang='lat' dir='ltr'><strong>piens,</strong></span> <span class='ocrx_word' id='word_1_179' title='bbox 322 1372 521 1407; x_wconf 77' lang='lat' dir='ltr'><strong>concipientem</strong></span> <span class='ocrx_word' id='word_1_180' title='bbox 543 1373 653 1405; x_wconf 84' lang='lat' dir='ltr'><strong>occidit,</strong></span> <span class='ocrx_word' id='word_1_181' title='bbox 678 1378 760 1407; x_wconf 90' lang='lat' dir='ltr'><strong>atque</strong></span> <span class='ocrx_word' id='word_1_182' title='bbox 784 1373 822 1399; x_wconf 87' lang='lat' dir='ltr'><strong>sic</strong></span> <span class='ocrx_word' id='word_1_183' title='bbox 848 1372 874 1398; x_wconf 95' lang='lat' dir='ltr'><strong>in</strong></span> <span class='ocrx_word' id='word_1_184' title='bbox 899 1371 987 1398; x_wconf 81' lang='lat' dir='ltr'><strong>lucem</strong></span> 
     </span>
    </p>
   </div>
   <div class='ocr_carea' id='block_1_32' title="bbox 205 1418 988 1452">
    <p class='ocr_par' dir='ltr' id='par_1_32' title="bbox 205 1418 988 1452">
     <span class='ocr_line' id='line_1_33' title="bbox 205 1418 988 1452; baseline -0.004 -7"><span class='ocrx_word' id='word_1_185' title='bbox 205 1418 305 1452; x_wconf 88' lang='lat' dir='ltr'><strong>prodit,</strong></span> <span class='ocrx_word' id='word_1_186' title='bbox 314 1418 462 1445; x_wconf 79' lang='lat' dir='ltr'><strong>dilacerato</strong></span> <span class='ocrx_word' id='word_1_187' title='bbox 470 1418 564 1445; x_wconf 81' lang='lat' dir='ltr'><strong>matris</strong></span> <span class='ocrx_word' id='word_1_188' title='bbox 575 1424 663 1451; x_wconf 81' lang='lat' dir='ltr'><strong>utero,</strong></span> <span class='ocrx_word' id='word_1_189' title='bbox 671 1418 746 1452; x_wconf 86' lang='lat' dir='ltr'><strong>quasi</strong></span> <span class='ocrx_word' id='word_1_190' title='bbox 761 1423 988 1452; x_wconf 64' lang='lat' dir='ltr'><strong>poallainsumens</strong></span> 
     </span>
    </p>
   </div>
   <div class='ocr_carea' id='block_1_33' title="bbox 205 1462 986 1498">
    <p class='ocr_par' dir='ltr' id='par_1_33' title="bbox 205 1462 986 1498">
     <span class='ocr_line' id='line_1_34' title="bbox 205 1462 986 1498; baseline -0.004 -7"><span class='ocrx_word' id='word_1_191' title='bbox 205 1464 339 1491; x_wconf 80' lang='lat' dir='ltr'><strong>interfecti</strong></span> <span class='ocrx_word' id='word_1_192' title='bbox 355 1464 484 1498; x_wconf 85' lang='lat' dir='ltr'><strong>parentis.</strong></span> <span class='ocrx_word' id='word_1_193' title='bbox 498 1463 577 1492; x_wconf 81' lang='lat' dir='ltr'><strong>Tales</strong></span> <span class='ocrx_word' id='word_1_194' title='bbox 598 1469 625 1491; x_wconf 88' lang='lat' dir='ltr'><strong>et</strong></span> <span class='ocrx_word' id='word_1_195' title='bbox 644 1463 739 1491; x_wconf 67' lang='lat' dir='ltr'><strong>Judaei.</strong></span> <span class='ocrx_word' id='word_1_196' title='bbox 757 1462 918 1498; x_wconf 85' lang='lat' dir='ltr'><strong>Spirituales</strong></span> <span class='ocrx_word' id='word_1_197' title='bbox 937 1469 986 1496; x_wconf 87' lang='lat' dir='ltr'><strong>pa-</strong></span> 
     </span>
    </p>
   </div>
   <div class='ocr_carea' id='block_1_34' title="bbox 148 1507 1022 1538">
    <p class='ocr_par' dir='ltr' id='par_1_34' title="bbox 148 1507 1022 1538">
     <span class='ocr_line' id='line_1_35' title="bbox 148 1507 1022 1538; baseline 0 -2"><span class='ocrx_word' id='word_1_198' title='bbox 148 1519 151 1528; x_wconf 90' lang='lat'><strong><em>-</em></strong></span> <span class='ocrx_word' id='word_1_199' title='bbox 206 1515 260 1538; x_wconf 85' lang='lat' dir='ltr'><strong>tres</strong></span> <span class='ocrx_word' id='word_1_200' title='bbox 275 1516 338 1537; x_wconf 82' lang='lat' dir='ltr'><strong>suos</strong></span> <span class='ocrx_word' id='word_1_201' title='bbox 352 1517 385 1537; x_wconf 87' lang='lat' dir='ltr'><strong>ac</strong></span> <span class='ocrx_word' id='word_1_202' title='bbox 407 1510 531 1536; x_wconf 85' lang='lat' dir='ltr'><strong>doctores</strong></span> <span class='ocrx_word' id='word_1_203' title='bbox 545 1510 669 1536; x_wconf 82' lang='lat' dir='ltr'><strong>manibus</strong></span> <span class='ocrx_word' id='word_1_204' title='bbox 691 1508 858 1537; x_wconf 89' lang='lat' dir='ltr'><strong>occiderunt.</strong></span> <span class='ocrx_word' id='word_1_205' title='bbox 879 1507 984 1535; x_wconf 85' lang='lat' dir='ltr'><strong>Dictum</strong></span> <span class='ocrx_word' id='word_1_206' title='bbox 1000 1508 1022 1536; x_wconf 75' lang='grc' dir='ltr'><strong>(Ξ</strong></span> 
     </span>
    </p>
   </div>
   <div class='ocr_carea' id='block_1_35' title="bbox 204 1554 636 1583">
    <p class='ocr_par' dir='ltr' id='par_1_35' title="bbox 204 1554 636 1583">
     <span class='ocr_line' id='line_1_36' title="bbox 204 1554 636 1583; baseline -0.002 0"><span class='ocrx_word' id='word_1_207' title='bbox 204 1560 247 1583; x_wconf 79' lang='lat' dir='ltr'><strong>est</strong></span> <span class='ocrx_word' id='word_1_208' title='bbox 261 1555 295 1582; x_wconf 87' lang='lat' dir='ltr'><strong>de</strong></span> <span class='ocrx_word' id='word_1_209' title='bbox 307 1555 349 1583; x_wconf 85' lang='lat' dir='ltr'><strong>his</strong></span> <span class='ocrx_word' id='word_1_210' title='bbox 362 1555 389 1582; x_wconf 87' lang='lat' dir='ltr'><strong>in</strong></span> <span class='ocrx_word' id='word_1_211' title='bbox 403 1554 530 1582; x_wconf 70' lang='lat' dir='ltr'><strong>Matthazo</strong></span> <span class='ocrx_word' id='word_1_212' title='bbox 540 1554 636 1582; x_wconf 84' lang='lat' dir='ltr'><strong>latius.</strong></span> 
     </span>
    </p>
   </div>
   <div class='ocr_carea' id='block_1_36' title="bbox 529 1652 666 1681">
    <p class='ocr_par' dir='ltr' id='par_1_36' title="bbox 529 1652 666 1681">
     <span class='ocr_line' id='line_1_37' title="bbox 529 1652 666 1681; baseline -0.015 0"><span class='ocrx_word' id='word_1_213' title='bbox 529 1653 606 1681; x_wconf 83' lang='lat' dir='ltr'><strong>CAP.</strong></span> <span class='ocrx_word' id='word_1_214' title='bbox 620 1652 666 1680; x_wconf 88' lang='lat' dir='ltr'><strong>IV.</strong></span> 
     </span>
    </p>
   </div>
   <div class='ocr_carea' id='block_1_37' title="bbox 207 1697 988 1730">
    <p class='ocr_par' dir='ltr' id='par_1_37' title="bbox 207 1697 988 1730">
     <span class='ocr_line' id='line_1_38' title="bbox 207 1697 988 1730; baseline -0.006 -2"><span class='ocrx_word' id='word_1_215' title='bbox 207 1700 238 1728; x_wconf 74' lang='grc' dir='ltr'><strong>ν.</strong></span> <span class='ocrx_word' id='word_1_216' title='bbox 251 1700 276 1728; x_wconf 90' lang='lat'><strong>9.</strong></span> <span class='ocrx_word' id='word_1_217' title='bbox 296 1698 330 1726; x_wconf 80' lang='lat' dir='ltr'><strong>Et</strong></span> <span class='ocrx_word' id='word_1_218' title='bbox 350 1699 427 1726; x_wconf 69' lang='lat' dir='ltr'><strong>duxit</strong></span> <span class='ocrx_word' id='word_1_219' title='bbox 448 1706 506 1725; x_wconf 86' lang='lat' dir='ltr'><strong>eum</strong></span> <span class='ocrx_word' id='word_1_220' title='bbox 528 1699 557 1725; x_wconf 81' lang='lat' dir='ltr'><strong>in</strong></span> <span class='ocrx_word' id='word_1_221' title='bbox 578 1697 738 1730; x_wconf 71' lang='lat' dir='ltr'><strong>Jerusalem,</strong></span> <span class='ocrx_word' id='word_1_222' title='bbox 766 1701 791 1724; x_wconf 82' lang='lat' dir='ltr'><strong>et</strong></span> <span class='ocrx_word' id='word_1_223' title='bbox 814 1697 905 1725; x_wconf 73' lang='lat' dir='ltr'><strong>statuit</strong></span> <span class='ocrx_word' id='word_1_224' title='bbox 928 1705 988 1724; x_wconf 78' lang='lat' dir='ltr'><strong>eum</strong></span> 
     </span>
    </p>
   </div>
   <div class='ocr_carea' id='block_1_38' title="bbox 413 1734 788 1768">
    <p class='ocr_par' dir='ltr' id='par_1_38' title="bbox 413 1734 788 1768">
     <span class='ocr_line' id='line_1_39' title="bbox 413 1734 788 1768; baseline -0.005 -7"><span class='ocrx_word' id='word_1_225' title='bbox 413 1742 492 1768; x_wconf 69' lang='lat' dir='ltr'><strong>super</strong></span> <span class='ocrx_word' id='word_1_226' title='bbox 505 1735 677 1767; x_wconf 81' lang='lat' dir='ltr'><strong>pinnaculum</strong></span> <span class='ocrx_word' id='word_1_227' title='bbox 689 1734 788 1767; x_wconf 78' lang='lat' dir='ltr'><strong>templi.</strong></span> 
     </span>
    </p>
   </div>
   <div class='ocr_carea' id='block_1_39' title="bbox 239 1777 988 1813">
    <p class='ocr_par' dir='ltr' id='par_1_39' title="bbox 239 1777 988 1813">
     <span class='ocr_line' id='line_1_40' title="bbox 239 1777 988 1813; baseline -0.004 -7"><span class='ocrx_word' id='word_1_228' title='bbox 239 1779 358 1807; x_wconf 80' lang='lat' dir='ltr'><strong>Attende</strong></span> <span class='ocrx_word' id='word_1_229' title='bbox 376 1785 458 1813; x_wconf 86' lang='lat' dir='ltr'><strong>porro</strong></span> <span class='ocrx_word' id='word_1_230' title='bbox 479 1777 613 1812; x_wconf 84' lang='lat' dir='ltr'><strong>quomodo</strong></span> <span class='ocrx_word' id='word_1_231' title='bbox 635 1777 769 1804; x_wconf 85' lang='lat' dir='ltr'><strong>malitiose</strong></span> <span class='ocrx_word' id='word_1_232' title='bbox 788 1781 928 1811; x_wconf 85' lang='lat' dir='ltr'><strong>astuteque</strong></span> <span class='ocrx_word' id='word_1_233' title='bbox 941 1783 988 1811; x_wconf 89' lang='lat' dir='ltr'><strong>per</strong></span> 
     </span>
    </p>
   </div>
   <div class='ocr_carea' id='block_1_40' title="bbox 203 1822 987 1858">
    <p class='ocr_par' dir='ltr' id='par_1_40' title="bbox 203 1822 987 1858">
     <span class='ocr_line' id='line_1_41' title="bbox 203 1822 987 1858; baseline -0.004 -6"><span class='ocrx_word' id='word_1_234' title='bbox 203 1825 358 1852; x_wconf 82' lang='lat' dir='ltr'><strong>testimonia</strong></span> <span class='ocrx_word' id='word_1_235' title='bbox 373 1824 576 1858; x_wconf 75' lang='lat' dir='ltr'><strong>Scriptor-arum</strong></span> <span class='ocrx_word' id='word_1_236' title='bbox 601 1822 663 1849; x_wconf 76' lang='lat' dir='ltr'><strong>velit</strong></span> <span class='ocrx_word' id='word_1_237' title='bbox 686 1823 859 1857; x_wconf 80' lang='lat' dir='ltr'><strong>pessumdare</strong></span> <span class='ocrx_word' id='word_1_238' title='bbox 876 1822 987 1857; x_wconf 75' lang='lat' dir='ltr'><strong>gloriam</strong></span> 
     </span>
    </p>
   </div>
   <div class='ocr_carea' id='block_1_41' title="bbox 203 1868 988 1904">
    <p class='ocr_par' dir='ltr' id='par_1_41' title="bbox 203 1868 988 1904">
     <span class='ocr_line' id='line_1_42' title="bbox 203 1868 988 1904; baseline -0.006 -5"><span class='ocrx_word' id='word_1_239' title='bbox 203 1871 323 1904; x_wconf 89' lang='lat' dir='ltr'><strong>Domini,</strong></span> <span class='ocrx_word' id='word_1_240' title='bbox 340 1875 467 1904; x_wconf 83' lang='lat' dir='ltr'><strong>tanquam</strong></span> <span class='ocrx_word' id='word_1_241' title='bbox 479 1870 525 1903; x_wconf 86' lang='lat' dir='ltr'><strong>qui</strong></span> <span class='ocrx_word' id='word_1_242' title='bbox 541 1869 674 1903; x_wconf 72' lang='lat' dir='ltr'><strong>indigeret</strong></span> <span class='ocrx_word' id='word_1_243' title='bbox 685 1868 807 1903; x_wconf 86' lang='lat' dir='ltr'><strong>angelica</strong></span> <span class='ocrx_word' id='word_1_244' title='bbox 818 1875 881 1904; x_wconf 84' lang='lat' dir='ltr'><strong>ope,</strong></span> <span class='ocrx_word' id='word_1_245' title='bbox 896 1872 988 1902; x_wconf 72' lang='lat' dir='ltr'><strong>utpote</strong></span> 
     </span>
    </p>
   </div>
   <div class='ocr_carea' id='block_1_42' title="bbox 202 1913 985 1949">
    <p class='ocr_par' dir='ltr' id='par_1_42' title="bbox 202 1913 985 1949">
     <span class='ocr_line' id='line_1_43' title="bbox 202 1913 985 1949; baseline -0.006 -4"><span class='ocrx_word' id='word_1_246' title='bbox 202 1917 368 1948; x_wconf 83' lang='lat' dir='ltr'><strong>oﬂ&#39;ensurus,</strong></span> <span class='ocrx_word' id='word_1_247' title='bbox 385 1916 407 1943; x_wconf 87' lang='lat' dir='ltr'><strong>si</strong></span> <span class='ocrx_word' id='word_1_248' title='bbox 423 1915 447 1942; x_wconf 87' lang='lat' dir='ltr'><strong>ei</strong></span> <span class='ocrx_word' id='word_1_249' title='bbox 461 1915 549 1949; x_wconf 80' lang='lat' dir='ltr'><strong>angeli</strong></span> <span class='ocrx_word' id='word_1_250' title='bbox 566 1914 699 1941; x_wconf 75' lang='lat' dir='ltr'><strong>auxilium</strong></span> <span class='ocrx_word' id='word_1_251' title='bbox 724 1921 777 1941; x_wconf 91' lang='lat' dir='ltr'><strong>non</strong></span> <span class='ocrx_word' id='word_1_252' title='bbox 799 1914 913 1941; x_wconf 78' lang='lat' dir='ltr'><strong>ferrent.</strong></span> <span class='ocrx_word' id='word_1_253' title='bbox 927 1913 985 1940; x_wconf 81' lang='lat' dir='ltr'><strong>Non</strong></span> 
     </span>
    </p>
   </div>
   <div class='ocr_carea' id='block_1_43' title="bbox 173 1957 985 1992">
    <p class='ocr_par' dir='ltr' id='par_1_43' title="bbox 173 1957 985 1992">
     <span class='ocr_line' id='line_1_44' title="bbox 173 1957 985 1992; baseline -0.009 -2"><span class='ocrx_word' id='word_1_254' title='bbox 173 1975 176 1977; x_wconf 55' lang='grc' dir='ltr'><strong>ν</strong></span> <span class='ocrx_word' id='word_1_255' title='bbox 203 1963 273 1990; x_wconf 89' lang='lat' dir='ltr'><strong>enim</strong></span> <span class='ocrx_word' id='word_1_256' title='bbox 286 1963 321 1989; x_wconf 88' lang='lat' dir='ltr'><strong>de</strong></span> <span class='ocrx_word' id='word_1_257' title='bbox 334 1961 445 1989; x_wconf 84' lang='lat' dir='ltr'><strong>Christo</strong></span> <span class='ocrx_word' id='word_1_258' title='bbox 464 1960 568 1987; x_wconf 85' lang='lat' dir='ltr'><strong>dictum</strong></span> <span class='ocrx_word' id='word_1_259' title='bbox 592 1959 642 1985; x_wconf 79' lang='lat' dir='ltr'><strong>fuit</strong></span> <span class='ocrx_word' id='word_1_260' title='bbox 666 1958 851 1985; x_wconf 89' lang='lat' dir='ltr'><strong>testimonium</strong></span> <span class='ocrx_word' id='word_1_261' title='bbox 876 1957 985 1992; x_wconf 85' lang='lat' dir='ltr'><strong>psalmi.</strong></span> 
     </span>
    </p>
   </div>
   <div class='ocr_carea' id='block_1_44' title="bbox 204 2003 986 2042">
    <p class='ocr_par' dir='ltr' id='par_1_44' title="bbox 204 2003 986 2042">
     <span class='ocr_line' id='line_1_45' title="bbox 204 2003 986 2042; baseline -0.009 -7"><span class='ocrx_word' id='word_1_262' title='bbox 204 2007 278 2041; x_wconf 82' lang='lat' dir='ltr'><strong>llaud</strong></span> <span class='ocrx_word' id='word_1_263' title='bbox 301 2014 420 2042; x_wconf 87' lang='lat' dir='ltr'><strong>namque</strong></span> <span class='ocrx_word' id='word_1_264' title='bbox 442 2013 511 2040; x_wconf 88' lang='lat' dir='ltr'><strong>opus</strong></span> <span class='ocrx_word' id='word_1_265' title='bbox 531 2005 614 2032; x_wconf 80' lang='lat' dir='ltr'><strong>habet</strong></span> <span class='ocrx_word' id='word_1_266' title='bbox 633 2003 748 2038; x_wconf 86' lang='lat' dir='ltr'><strong>angelis,</strong></span> <span class='ocrx_word' id='word_1_267' title='bbox 766 2003 811 2037; x_wconf 89' lang='lat' dir='ltr'><strong>qui</strong></span> <span class='ocrx_word' id='word_1_268' title='bbox 827 2003 986 2037; x_wconf 77' lang='lat' dir='ltr'><strong>angelorum</strong></span> 
     </span>
    </p>
   </div>
   <div class='ocr_carea' id='block_1_45' title="bbox 203 2048 985 2087">
    <p class='ocr_par' dir='ltr' id='par_1_45' title="bbox 203 2048 985 2087">
     <span class='ocr_line' id='line_1_46' title="bbox 203 2048 985 2087; baseline -0.006 -8"><span class='ocrx_word' id='word_1_269' title='bbox 203 2053 332 2081; x_wconf 87' lang='lat' dir='ltr'><strong>Dominus</strong></span> <span class='ocrx_word' id='word_1_270' title='bbox 349 2057 401 2080; x_wconf 75' lang='lat' dir='ltr'><strong>est.</strong></span> <span class='ocrx_word' id='word_1_271' title='bbox 425 2052 482 2087; x_wconf 84' lang='lat' dir='ltr'><strong>Ego</strong></span> <span class='ocrx_word' id='word_1_272' title='bbox 502 2058 566 2079; x_wconf 87' lang='lat' dir='ltr'><strong>vero</strong></span> <span class='ocrx_word' id='word_1_273' title='bbox 585 2054 694 2081; x_wconf 87' lang='lat' dir='ltr'><strong>contra,</strong></span> <span class='ocrx_word' id='word_1_274' title='bbox 712 2049 774 2077; x_wconf 79' lang='lat' dir='ltr'><strong>dico</strong></span> <span class='ocrx_word' id='word_1_275' title='bbox 791 2048 851 2080; x_wconf 90' lang='lat' dir='ltr'><strong>tibi,</strong></span> <span class='ocrx_word' id='word_1_276' title='bbox 867 2048 985 2080; x_wconf 74' lang='lat' dir='ltr'><strong>iliabole,</strong></span> 
     </span>
    </p>
   </div>
   <div class='ocr_carea' id='block_1_46' title="bbox 201 2093 987 2134">
    <p class='ocr_par' dir='ltr' id='par_1_46' title="bbox 201 2093 987 2134">
     <span class='ocr_line' id='line_1_47' title="bbox 201 2093 987 2134; baseline -0.009 -7"><span class='ocrx_word' id='word_1_277' title='bbox 201 2100 273 2134; x_wconf 81' lang='lat' dir='ltr'><strong>quod</strong></span> <span class='ocrx_word' id='word_1_278' title='bbox 303 2099 355 2126; x_wconf 89' lang='lat' dir='ltr'><strong>nisi</strong></span> <span class='ocrx_word' id='word_1_279' title='bbox 372 2098 449 2126; x_wconf 84' lang='lat' dir='ltr'><strong>Jesus</strong></span> <span class='ocrx_word' id='word_1_280' title='bbox 467 2097 572 2132; x_wconf 78' lang='lat' dir='ltr'><strong>angelis</strong></span> <span class='ocrx_word' id='word_1_281' title='bbox 593 2095 751 2131; x_wconf 82' lang='lat' dir='ltr'><strong>opituletur,</strong></span> <span class='ocrx_word' id='word_1_282' title='bbox 769 2093 915 2122; x_wconf 81' lang='lat' dir='ltr'><strong>oﬂ‘endent.</strong></span> <span class='ocrx_word' id='word_1_283' title='bbox 931 2093 987 2120; x_wconf 86' lang='lat' dir='ltr'><strong>Tu-</strong></span> 
     </span>
    </p>
   </div>
   <div class='ocr_carea' id='block_1_47' title="bbox 201 2141 986 2180">
    <p class='ocr_par' dir='ltr' id='par_1_47' title="bbox 201 2141 986 2180">
     <span class='ocr_line' id='line_1_48' title="bbox 201 2141 986 2180; baseline -0.006 -8"><span class='ocrx_word' id='word_1_284' title='bbox 201 2154 255 2179; x_wconf 75' lang='lat' dir='ltr'><strong>que</strong></span> <span class='ocrx_word' id='word_1_285' title='bbox 270 2151 410 2180; x_wconf 77' lang='lat' dir='ltr'><strong>propterea</strong></span> <span class='ocrx_word' id='word_1_286' title='bbox 425 2144 546 2171; x_wconf 67' lang='lat' dir='ltr'><strong>cecidisti</strong></span> <span class='ocrx_word' id='word_1_287' title='bbox 570 2144 603 2171; x_wconf 88' lang='lat' dir='ltr'><strong>de</strong></span> <span class='ocrx_word' id='word_1_288' title='bbox 623 2143 704 2174; x_wconf 71' lang='lat' dir='ltr'><strong>caelo,</strong></span> <span class='ocrx_word' id='word_1_289' title='bbox 729 2141 792 2176; x_wconf 82' lang='lat' dir='ltr'><strong>quia</strong></span> <span class='ocrx_word' id='word_1_290' title='bbox 814 2145 841 2168; x_wconf 90' lang='lat' dir='ltr'><strong>te</strong></span> <span class='ocrx_word' id='word_1_291' title='bbox 860 2141 907 2168; x_wconf 90' lang='lat' dir='ltr'><strong>tibi</strong></span> <span class='ocrx_word' id='word_1_292' title='bbox 927 2147 986 2167; x_wconf 85' lang='lat' dir='ltr'><strong>esse</strong></span> 
     </span>
    </p>
   </div>
   <div class='ocr_carea' id='block_1_48' title="bbox 1043 195 1833 233">
    <p class='ocr_par' dir='ltr' id='par_1_48' title="bbox 1043 195 1833 233">
     <span class='ocr_line' id='line_1_49' title="bbox 1043 195 1833 233; baseline 0.008 -13"><span class='ocrx_word' id='word_1_293' title='bbox 1043 195 1122 229; x_wconf 76' lang='grc' dir='ltr'>μονία</span> <span class='ocrx_word' id='word_1_294' title='bbox 1143 195 1269 231; x_wconf 78' lang='grc' dir='ltr'><strong>Τιβερίου</strong></span> <span class='ocrx_word' id='word_1_295' title='bbox 1292 196 1430 232; x_wconf 84' lang='grc' dir='ltr'>Καίσαρος</span> <span class='ocrx_word' id='word_1_296' title='bbox 1454 197 1658 233; x_wconf 81' lang='grc' dir='ltr'>ἀναγράφεται,</span> <span class='ocrx_word' id='word_1_297' title='bbox 1686 198 1718 230; x_wconf 74' lang='grc' dir='ltr'>ὃς</span> <span class='ocrx_word' id='word_1_298' title='bbox 1743 198 1833 226; x_wconf 77' lang='grc' dir='ltr'>ὲδὸκει</span> 
     </span>
    </p>
   </div>
   <div class='ocr_carea' id='block_1_49' title="bbox 1041 239 1834 279">
    <p class='ocr_par' dir='ltr' id='par_1_49' title="bbox 1041 239 1834 279">
     <span class='ocr_line' id='line_1_50' title="bbox 1041 239 1834 279; baseline 0.006 -13"><span class='ocrx_word' id='word_1_299' title='bbox 1041 240 1102 267; x_wconf 80' lang='grc' dir='ltr'>ὅλου</span> <span class='ocrx_word' id='word_1_300' title='bbox 1118 240 1164 267; x_wconf 82' lang='grc' dir='ltr'>τοῦ</span> <span class='ocrx_word' id='word_1_301' title='bbox 1184 241 1287 276; x_wconf 80' lang='grc' dir='ltr'>κόσμου</span> <span class='ocrx_word' id='word_1_302' title='bbox 1307 239 1376 268; x_wconf 75' lang='grc' dir='ltr'>εἶναι</span> <span class='ocrx_word' id='word_1_303' title='bbox 1402 242 1537 278; x_wconf 89' lang='grc' dir='ltr'>βασιλεύς.</span> <span class='ocrx_word' id='word_1_304' title='bbox 1556 243 1613 270; x_wconf 75' lang='grc' dir='ltr'><strong>Καὶ</strong></span> <span class='ocrx_word' id='word_1_305' title='bbox 1629 244 1653 270; x_wconf 75' lang='grc' dir='ltr'>εἰ</span> <span class='ocrx_word' id='word_1_306' title='bbox 1671 244 1723 279; x_wconf 85' lang='grc' dir='ltr'><strong>μὲν</strong></span> <span class='ocrx_word' id='word_1_307' title='bbox 1739 245 1764 271; x_wconf 76' lang='grc' dir='ltr'>οἱ</span> <span class='ocrx_word' id='word_1_308' title='bbox 1778 245 1834 272; x_wconf 72' lang='grc' dir='ltr'><strong>ἀπὸ</strong></span> 
     </span>
    </p>
   </div>
   <div class='ocr_carea' id='block_1_50' title="bbox 1040 286 1834 323">
    <p class='ocr_par' dir='ltr' id='par_1_50' title="bbox 1040 286 1834 323">
     <span class='ocr_line' id='line_1_51' title="bbox 1040 286 1834 323; baseline 0.008 -11"><span class='ocrx_word' id='word_1_309' title='bbox 1040 286 1124 314; x_wconf 81' lang='grc' dir='ltr'>ὲθνῶν</span> <span class='ocrx_word' id='word_1_310' title='bbox 1139 287 1214 323; x_wconf 87' lang='grc' dir='ltr'><strong>μόνοι</strong></span> <span class='ocrx_word' id='word_1_311' title='bbox 1229 287 1345 323; x_wconf 68' lang='grc' dir='ltr'>ἤμελλον</span> <span class='ocrx_word' id='word_1_312' title='bbox 1362 287 1504 322; x_wconf 79' lang='grc' dir='ltr'>σῶζεσθαι,</span> <span class='ocrx_word' id='word_1_313' title='bbox 1520 289 1603 316; x_wconf 76' lang='grc' dir='ltr'>παντὶ</span> <span class='ocrx_word' id='word_1_314' title='bbox 1617 290 1646 316; x_wconf 74' lang='grc' dir='ltr'>δὲ</span> <span class='ocrx_word' id='word_1_315' title='bbox 1666 291 1834 318; x_wconf 72' lang='grc' dir='ltr'>ἀπεκέκλει-</span> 
     </span>
    </p>
   </div>
   <div class='ocr_carea' id='block_1_51' title="bbox 1041 333 1834 372">
    <p class='ocr_par' dir='ltr' id='par_1_51' title="bbox 1041 333 1834 372">
     <span class='ocr_line' id='line_1_52' title="bbox 1041 333 1834 372; baseline 0.006 -14"><span class='ocrx_word' id='word_1_316' title='bbox 1041 334 1120 368; x_wconf 83' lang='grc' dir='ltr'>στοή</span> <span class='ocrx_word' id='word_1_317' title='bbox 1146 333 1266 368; x_wconf 83' lang='grc' dir='ltr'>σωτηρία</span> <span class='ocrx_word' id='word_1_318' title='bbox 1285 333 1338 360; x_wconf 84' lang='grc' dir='ltr'><strong>τῶν</strong></span> <span class='ocrx_word' id='word_1_319' title='bbox 1364 334 1429 360; x_wconf 85' lang='grc' dir='ltr'><strong>υἱῶν</strong></span> <span class='ocrx_word' id='word_1_320' title='bbox 1456 334 1582 370; x_wconf 85' lang='grc' dir='ltr'>Ἰσραὴλ,</span> <span class='ocrx_word' id='word_1_321' title='bbox 1603 336 1684 371; x_wconf 73' lang='grc' dir='ltr'>ἤρκει</span> <span class='ocrx_word' id='word_1_322' title='bbox 1706 336 1739 362; x_wconf 81' lang='grc' dir='ltr'>τὺ</span> <span class='ocrx_word' id='word_1_323' title='bbox 1764 346 1834 372; x_wconf 79' lang='grc' dir='ltr'>μνηο</span> 
     </span>
    </p>
   </div>
   <div class='ocr_carea' id='block_1_52' title="bbox 1041 377 1833 416">
    <p class='ocr_par' dir='ltr' id='par_1_52' title="bbox 1041 377 1833 416">
     <span class='ocr_line' id='line_1_53' title="bbox 1041 377 1833 416; baseline 0.009 -13"><span class='ocrx_word' id='word_1_324' title='bbox 1041 377 1136 413; x_wconf 83' lang='grc' dir='ltr'><strong>σθῆναι</strong></span> <span class='ocrx_word' id='word_1_325' title='bbox 1155 378 1234 413; x_wconf 88' lang='grc' dir='ltr'>μόνον</span> <span class='ocrx_word' id='word_1_326' title='bbox 1248 378 1383 414; x_wconf 73' lang='grc' dir='ltr'>Τιϐερίου.</span> <span class='ocrx_word' id='word_1_327' title='bbox 1408 379 1516 416; x_wconf 82' lang='grc' dir='ltr'><strong>Ἐπειδὴ</strong></span> <span class='ocrx_word' id='word_1_328' title='bbox 1531 380 1560 406; x_wconf 84' lang='grc' dir='ltr'>δὲ</span> <span class='ocrx_word' id='word_1_329' title='bbox 1579 380 1619 407; x_wconf 82' lang='grc' dir='ltr'><strong>δεῖ</strong></span> <span class='ocrx_word' id='word_1_330' title='bbox 1635 382 1681 408; x_wconf 75' lang='grc' dir='ltr'>καὶ</span> <span class='ocrx_word' id='word_1_331' title='bbox 1695 383 1762 414; x_wconf 73' lang='grc' dir='ltr'>τοὺς</span> <span class='ocrx_word' id='word_1_332' title='bbox 1777 383 1833 410; x_wconf 67' lang='grc' dir='ltr'><strong>ἀπὸ</strong></span> 
     </span>
    </p>
   </div>
   <div class='ocr_carea' id='block_1_53' title="bbox 1039 423 1834 462">
    <p class='ocr_par' dir='ltr' id='par_1_53' title="bbox 1039 423 1834 462">
     <span class='ocr_line' id='line_1_54' title="bbox 1039 423 1834 462; baseline 0.008 -13"><span class='ocrx_word' id='word_1_333' title='bbox 1039 423 1089 458; x_wconf 85' lang='grc' dir='ltr'>τῆς</span> <span class='ocrx_word' id='word_1_334' title='bbox 1113 423 1256 456; x_wconf 81' lang='grc' dir='ltr'><strong>Γαλιλαίας</strong></span> <span class='ocrx_word' id='word_1_335' title='bbox 1278 425 1325 452; x_wconf 72' lang='grc' dir='ltr'>καὶ</span> <span class='ocrx_word' id='word_1_336' title='bbox 1346 425 1494 461; x_wconf 78' lang='grc' dir='ltr'>Ἰτουραίας</span> <span class='ocrx_word' id='word_1_337' title='bbox 1511 426 1557 452; x_wconf 76' lang='grc' dir='ltr'>καὶ</span> <span class='ocrx_word' id='word_1_338' title='bbox 1570 426 1771 462; x_wconf 78' lang='grc' dir='ltr'><strong>Τραχωνίτιδος</strong></span> <span class='ocrx_word' id='word_1_339' title='bbox 1788 437 1834 455; x_wconf 81' lang='grc' dir='ltr'>πι-</span> 
     </span>
    </p>
   </div>
   <div class='ocr_carea' id='block_1_54' title="bbox 1041 469 1832 508">
    <p class='ocr_par' dir='ltr' id='par_1_54' title="bbox 1041 469 1832 508">
     <span class='ocr_line' id='line_1_55' title="bbox 1041 469 1832 508; baseline 0.006 -13"><span class='ocrx_word' id='word_1_340' title='bbox 1041 469 1155 501; x_wconf 79' lang='grc' dir='ltr'><strong>στεύειν,</strong></span> <span class='ocrx_word' id='word_1_341' title='bbox 1169 469 1212 496; x_wconf 59' lang='lat' dir='ltr'><strong>sua</strong></span> <span class='ocrx_word' id='word_1_342' title='bbox 1231 469 1308 497; x_wconf 84' lang='grc' dir='ltr'>τοῦτο</span> <span class='ocrx_word' id='word_1_343' title='bbox 1321 470 1524 508; x_wconf 84' lang='grc' dir='ltr'>ἀναγράφονται</span> <span class='ocrx_word' id='word_1_344' title='bbox 1538 470 1617 499; x_wconf 79' lang='grc' dir='ltr'>αὗται</span> <span class='ocrx_word' id='word_1_345' title='bbox 1633 473 1661 499; x_wconf 72' lang='grc' dir='ltr'>αι</span> <span class='ocrx_word' id='word_1_346' title='bbox 1684 473 1832 508; x_wconf 80' lang='grc' dir='ltr'>βασιλεῖαι,</span> 
     </span>
    </p>
   </div>
   <div class='ocr_carea' id='block_1_55' title="bbox 1039 515 1832 554">
    <p class='ocr_par' dir='ltr' id='par_1_55' title="bbox 1039 515 1832 554">
     <span class='ocr_line' id='line_1_56' title="bbox 1039 515 1832 554; baseline 0.006 -13"><span class='ocrx_word' id='word_1_347' title='bbox 1039 515 1099 551; x_wconf 71' lang='grc' dir='ltr'>ἢτοι</span> <span class='ocrx_word' id='word_1_348' title='bbox 1116 516 1285 551; x_wconf 78' lang='grc' dir='ltr'>τετραρχίαι.</span> <span class='ocrx_word' id='word_1_349' title='bbox 1303 517 1435 544; x_wconf 81' lang='grc' dir='ltr'><strong>Οὐδέποτε</strong></span> <span class='ocrx_word' id='word_1_350' title='bbox 1456 517 1483 544; x_wconf 78' lang='grc' dir='ltr'>δὲ</span> <span class='ocrx_word' id='word_1_351' title='bbox 1497 518 1592 553; x_wconf 86' lang='grc' dir='ltr'>γέγονε</span> <span class='ocrx_word' id='word_1_352' title='bbox 1609 518 1685 554; x_wconf 79' lang='grc' dir='ltr'>ῥῆμα</span> <span class='ocrx_word' id='word_1_353' title='bbox 1697 519 1768 546; x_wconf 87' lang='grc' dir='ltr'>Θεοῦ</span> <span class='ocrx_word' id='word_1_354' title='bbox 1785 520 1832 546; x_wconf 65' lang='grc' dir='ltr'>ἐπί</span> 
     </span>
    </p>
   </div>
   <div class='ocr_carea' id='block_1_56' title="bbox 1039 561 1832 602">
    <p class='ocr_par' dir='ltr' id='par_1_56' title="bbox 1039 561 1832 602">
     <span class='ocr_line' id='line_1_57' title="bbox 1039 561 1832 602; baseline 0.008 -14"><span class='ocrx_word' id='word_1_355' title='bbox 1039 570 1100 589; x_wconf 87' lang='grc' dir='ltr'>τινα</span> <span class='ocrx_word' id='word_1_356' title='bbox 1115 561 1169 588; x_wconf 85' lang='grc' dir='ltr'>τῶν</span> <span class='ocrx_word' id='word_1_357' title='bbox 1190 563 1335 597; x_wconf 78' lang='grc' dir='ltr'><strong>προφητῶν</strong></span> <span class='ocrx_word' id='word_1_358' title='bbox 1356 564 1385 590; x_wconf 84' lang='grc' dir='ltr'>ὲν</span> <span class='ocrx_word' id='word_1_359' title='bbox 1403 565 1437 600; x_wconf 85' lang='grc' dir='ltr'>τῇ</span> <span class='ocrx_word' id='word_1_360' title='bbox 1461 564 1574 600; x_wconf 76' lang='grc' dir='ltr'>ἐρήμῳ,</span> <span class='ocrx_word' id='word_1_361' title='bbox 1591 566 1614 591; x_wconf 77' lang='grc' dir='ltr'>εἰ</span> <span class='ocrx_word' id='word_1_362' title='bbox 1632 565 1669 601; x_wconf 81' lang='grc' dir='ltr'><strong>μὴ</strong></span> <span class='ocrx_word' id='word_1_363' title='bbox 1684 565 1734 592; x_wconf 81' lang='grc' dir='ltr'>νῦν</span> <span class='ocrx_word' id='word_1_364' title='bbox 1750 566 1832 602; x_wconf 75' lang='grc' dir='ltr'>μόνον</span> 
     </span>
    </p>
   </div>
   <div class='ocr_carea' id='block_1_57' title="bbox 1039 607 1834 646">
    <p class='ocr_par' dir='ltr' id='par_1_57' title="bbox 1039 607 1834 646">
     <span class='ocr_line' id='line_1_58' title="bbox 1039 607 1834 646; baseline 0.009 -13"><span class='ocrx_word' id='word_1_365' title='bbox 1039 607 1083 634; x_wconf 84' lang='grc' dir='ltr'>διά</span> <span class='ocrx_word' id='word_1_366' title='bbox 1107 616 1167 634; x_wconf 79' lang='grc' dir='ltr'>τινα</span> <span class='ocrx_word' id='word_1_367' title='bbox 1194 609 1325 644; x_wconf 84' lang='grc' dir='ltr'>μυστικὴν</span> <span class='ocrx_word' id='word_1_368' title='bbox 1350 608 1475 645; x_wconf 82' lang='grc' dir='ltr'>θεωρίαν.</span> <span class='ocrx_word' id='word_1_369' title='bbox 1508 610 1616 646; x_wconf 81' lang='grc' dir='ltr'>Ἐπειδὴ</span> <span class='ocrx_word' id='word_1_370' title='bbox 1639 611 1694 646; x_wconf 81' lang='grc' dir='ltr'>γὰρ</span> <span class='ocrx_word' id='word_1_371' title='bbox 1719 612 1834 646; x_wconf 75' lang='grc' dir='ltr'>ἔμελλε</span> 
     </span>
    </p>
   </div>
   <div class='ocr_carea' id='block_1_58' title="bbox 1040 652 1832 690">
    <p class='ocr_par' dir='ltr' id='par_1_58' title="bbox 1040 652 1832 690">
     <span class='ocr_line' id='line_1_59' title="bbox 1040 652 1832 690; baseline 0.006 -11"><span class='ocrx_word' id='word_1_372' title='bbox 1040 653 1139 680; x_wconf 75' lang='grc' dir='ltr'>πολλὰ</span> <span class='ocrx_word' id='word_1_373' title='bbox 1157 653 1193 680; x_wconf 81' lang='grc' dir='ltr'>τὰ</span> <span class='ocrx_word' id='word_1_374' title='bbox 1208 652 1298 680; x_wconf 76' lang='grc' dir='ltr'>τέκνα</span> <span class='ocrx_word' id='word_1_375' title='bbox 1318 653 1373 688; x_wconf 79' lang='grc' dir='ltr'><strong>τῆς</strong></span> <span class='ocrx_word' id='word_1_376' title='bbox 1386 654 1497 690; x_wconf 81' lang='grc' dir='ltr'><strong>ἐρήμου</strong></span> <span class='ocrx_word' id='word_1_377' title='bbox 1508 655 1628 690; x_wconf 74' lang='grc' dir='ltr'>μᾶλλον</span> <span class='ocrx_word' id='word_1_378' title='bbox 1642 654 1735 690; x_wconf 79' lang='grc' dir='ltr'>εἶναι,</span> <span class='ocrx_word' id='word_1_379' title='bbox 1754 666 1832 684; x_wconf 82' lang='grc' dir='ltr'>τουτ-</span> 
     </span>
    </p>
   </div>
   <div class='ocr_carea' id='block_1_59' title="bbox 1040 699 1833 738">
    <p class='ocr_par' dir='ltr' id='par_1_59' title="bbox 1040 699 1833 738">
     <span class='ocr_line' id='line_1_60' title="bbox 1040 699 1833 738; baseline 0.008 -13"><span class='ocrx_word' id='word_1_380' title='bbox 1040 699 1097 725; x_wconf 87' lang='grc' dir='ltr'>έστι</span> <span class='ocrx_word' id='word_1_381' title='bbox 1112 699 1161 734; x_wconf 87' lang='grc' dir='ltr'><strong>τῆς</strong></span> <span class='ocrx_word' id='word_1_382' title='bbox 1180 700 1210 731; x_wconf 76' lang='grc' dir='ltr'>ἐξ</span> <span class='ocrx_word' id='word_1_383' title='bbox 1229 699 1313 727; x_wconf 81' lang='grc' dir='ltr'>ὲθνῶν</span> <span class='ocrx_word' id='word_1_384' title='bbox 1333 700 1511 736; x_wconf 82' lang='grc' dir='ltr'>Ἐκκλησίας,</span> <span class='ocrx_word' id='word_1_385' title='bbox 1534 701 1610 736; x_wconf 73' lang='grc' dir='ltr'>ἥπερ</span> <span class='ocrx_word' id='word_1_386' title='bbox 1627 701 1681 736; x_wconf 83' lang='grc' dir='ltr'><strong>τῆς</strong></span> <span class='ocrx_word' id='word_1_387' title='bbox 1695 703 1833 738; x_wconf 83' lang='grc' dir='ltr'>ἐχούσης</span> 
     </span>
    </p>
   </div>
   <div class='ocr_carea' id='block_1_60' title="bbox 1039 745 1832 784">
    <p class='ocr_par' dir='ltr' id='par_1_60' title="bbox 1039 745 1832 784">
     <span class='ocr_line' id='line_1_61' title="bbox 1039 745 1832 784; baseline 0.005 -12"><span class='ocrx_word' id='word_1_388' title='bbox 1039 745 1094 772; x_wconf 82' lang='grc' dir='ltr'>τὸν</span> <span class='ocrx_word' id='word_1_389' title='bbox 1117 745 1227 780; x_wconf 80' lang='grc' dir='ltr'>ἄνδρα,</span> <span class='ocrx_word' id='word_1_390' title='bbox 1254 746 1299 773; x_wconf 85' lang='grc' dir='ltr'><strong>τὸν</strong></span> <span class='ocrx_word' id='word_1_391' title='bbox 1322 747 1403 782; x_wconf 86' lang='grc' dir='ltr'>νόμον</span> <span class='ocrx_word' id='word_1_392' title='bbox 1424 747 1474 783; x_wconf 84' lang='grc' dir='ltr'>τῆς</span> <span class='ocrx_word' id='word_1_393' title='bbox 1504 748 1638 776; x_wconf 84' lang='grc' dir='ltr'>Ἰουδαίων</span> <span class='ocrx_word' id='word_1_394' title='bbox 1666 749 1832 784; x_wconf 81' lang='grc' dir='ltr'><strong>συναγωγῆς</strong></span> 
     </span>
    </p>
   </div>
   <div class='ocr_carea' id='block_1_61' title="bbox 1041 790 1832 829">
    <p class='ocr_par' dir='ltr' id='par_1_61' title="bbox 1041 790 1832 829">
     <span class='ocr_line' id='line_1_62' title="bbox 1041 790 1832 829; baseline 0.005 -12"><span class='ocrx_word' id='word_1_395' title='bbox 1041 799 1122 826; x_wconf 78' lang='grc' dir='ltr'>φημι.</span> <span class='ocrx_word' id='word_1_396' title='bbox 1139 790 1175 818; x_wconf 87' lang='grc' dir='ltr'>Τὸ</span> <span class='ocrx_word' id='word_1_397' title='bbox 1189 791 1217 818; x_wconf 84' lang='grc' dir='ltr'>δὲ</span> <span class='ocrx_word' id='word_1_398' title='bbox 1233 792 1333 825; x_wconf 73' lang='grc' dir='ltr'>εἰπεῖν,</span> <span class='ocrx_word' id='word_1_399' title='bbox 1351 793 1393 819; x_wconf 81' lang='grc' dir='ltr'>ὅτι</span> <span class='ocrx_word' id='word_1_400' title='bbox 1415 793 1550 827; x_wconf 81' lang='grc' dir='ltr'>Ἐγένετο</span> <span class='ocrx_word' id='word_1_401' title='bbox 1562 793 1646 829; x_wconf 75' lang='grc' dir='ltr'>ῥῆμα</span> <span class='ocrx_word' id='word_1_402' title='bbox 1662 793 1739 821; x_wconf 85' lang='grc' dir='ltr'>Θεοῦ</span> <span class='ocrx_word' id='word_1_403' title='bbox 1755 793 1832 828; x_wconf 74' lang='grc' dir='ltr'>πρὸς</span> 
     </span>
    </p>
   </div>
   <div class='ocr_carea' id='block_1_62' title="bbox 1003 830 1525 875">
    <p class='ocr_par' dir='ltr' id='par_1_62' title="bbox 1003 830 1525 875">
     <span class='ocr_line' id='line_1_63' title="bbox 1003 830 1525 875; baseline 0.006 -12"><span class='ocrx_word' id='word_1_404' title='bbox 1003 830 1024 858; x_wconf 76' lang='grc' dir='ltr'><strong>Β</strong></span> <span class='ocrx_word' id='word_1_405' title='bbox 1045 836 1198 872; x_wconf 75' lang='grc' dir='ltr'><strong>Ἰωάννην,</strong></span> <span class='ocrx_word' id='word_1_406' title='bbox 1213 838 1337 865; x_wconf 82' lang='grc' dir='ltr'>τουτέστι</span> <span class='ocrx_word' id='word_1_407' title='bbox 1353 839 1525 875; x_wconf 80' lang='grc' dir='ltr'>πρόσταγμα.</span> 
     </span>
    </p>
   </div>
   <div class='ocr_carea' id='block_1_63' title="bbox 1061 882 1831 921">
    <p class='ocr_par' dir='ltr' id='par_1_63' title="bbox 1061 882 1831 921">
     <span class='ocr_line' id='line_1_64' title="bbox 1061 882 1831 921; baseline 0.006 -12"><span class='ocrx_word' id='word_1_408' title='bbox 1061 883 1134 918; x_wconf 74' lang='grc' dir='ltr'>Στίχ.</span> <span class='ocrx_word' id='word_1_409' title='bbox 1148 886 1183 917; x_wconf 81' lang='grc' dir='ltr'>γ’.</span> <span class='ocrx_word' id='word_1_410' title='bbox 1205 884 1259 911; x_wconf 79' lang='grc' dir='ltr'><strong>Καὶ</strong></span> <span class='ocrx_word' id='word_1_411' title='bbox 1282 882 1376 921; x_wconf 64' lang='grc' dir='ltr'>ἦλθεν</span> <span class='ocrx_word' id='word_1_412' title='bbox 1390 886 1434 918; x_wconf 80' lang='grc' dir='ltr'><strong>είς</strong></span> <span class='ocrx_word' id='word_1_413' title='bbox 1446 920 1452 921; x_wconf 21' lang='lat'><em>7</em></span> <span class='ocrx_word' id='word_1_414' title='bbox 1464 884 1568 921; x_wconf 64' lang='grc' dir='ltr'>,πᾶσαν</span> <span class='ocrx_word' id='word_1_415' title='bbox 1585 885 1643 921; x_wconf 79' lang='grc' dir='ltr'>τὴν</span> <span class='ocrx_word' id='word_1_416' title='bbox 1661 886 1831 920; x_wconf 51' lang='grc' dir='ltr'>περίχωρον</span> 
     </span>
    </p>
   </div>
   <div class='ocr_carea' id='block_1_64' title="bbox 1303 920 1544 954">
    <p class='ocr_par' dir='ltr' id='par_1_64' title="bbox 1303 920 1544 954">
     <span class='ocr_line' id='line_1_65' title="bbox 1303 920 1544 954; baseline 0.008 -8"><span class='ocrx_word' id='word_1_417' title='bbox 1303 920 1357 947; x_wconf 88' lang='grc' dir='ltr'>τοῦ</span> <span class='ocrx_word' id='word_1_418' title='bbox 1386 920 1544 954; x_wconf 78' lang='grc' dir='ltr'><strong>Ἰορδάνου.</strong></span> 
     </span>
    </p>
   </div>
   <div class='ocr_carea' id='block_1_65' title="bbox 1075 964 1829 1003">
    <p class='ocr_par' dir='ltr' id='par_1_65' title="bbox 1075 964 1829 1003">
     <span class='ocr_line' id='line_1_66' title="bbox 1075 964 1829 1003; baseline 0.003 -11"><span class='ocrx_word' id='word_1_419' title='bbox 1075 965 1131 1002; x_wconf 84' lang='grc'><strong>(76)</strong></span> <span class='ocrx_word' id='word_1_420' title='bbox 1145 965 1200 992; x_wconf 86' lang='grc' dir='ltr'>Ποῦ</span> <span class='ocrx_word' id='word_1_421' title='bbox 1211 964 1263 992; x_wconf 77' lang='grc' dir='ltr'>ἔδει</span> <span class='ocrx_word' id='word_1_422' title='bbox 1276 965 1320 992; x_wconf 81' lang='grc' dir='ltr'><strong>τὸν</strong></span> <span class='ocrx_word' id='word_1_423' title='bbox 1328 965 1482 1001; x_wconf 85' lang='grc' dir='ltr'>Βαπτιστὴν</span> <span class='ocrx_word' id='word_1_424' title='bbox 1495 966 1687 1002; x_wconf 78' lang='grc' dir='ltr'>περιέρχεσθαι</span> <span class='ocrx_word' id='word_1_425' title='bbox 1698 966 1716 1001; x_wconf 78' lang='grc' dir='ltr'>ἦ</span> <span class='ocrx_word' id='word_1_426' title='bbox 1729 968 1771 998; x_wconf 84' lang='grc' dir='ltr'>εἰς</span> <span class='ocrx_word' id='word_1_427' title='bbox 1781 976 1829 1003; x_wconf 90' lang='grc' dir='ltr'><strong>την</strong></span> 
     </span>
    </p>
   </div>
   <div class='ocr_carea' id='block_1_66' title="bbox 1040 1011 1830 1048">
    <p class='ocr_par' dir='ltr' id='par_1_66' title="bbox 1040 1011 1830 1048">
     <span class='ocr_line' id='line_1_67' title="bbox 1040 1011 1830 1048; baseline 0.001 -10"><span class='ocrx_word' id='word_1_428' title='bbox 1040 1012 1192 1048; x_wconf 85' lang='grc' dir='ltr'>περίχωρον</span> <span class='ocrx_word' id='word_1_429' title='bbox 1212 1012 1259 1038; x_wconf 82' lang='grc' dir='ltr'>τοῦ</span> <span class='ocrx_word' id='word_1_430' title='bbox 1279 1011 1426 1048; x_wconf 82' lang='grc' dir='ltr'><strong>Ἰορδάνου,</strong></span> <span class='ocrx_word' id='word_1_431' title='bbox 1443 1012 1503 1045; x_wconf 72' lang='grc' dir='ltr'>ἵνα,</span> <span class='ocrx_word' id='word_1_432' title='bbox 1521 1013 1568 1040; x_wconf 80' lang='grc' dir='ltr'><strong>ἐάν</strong></span> <span class='ocrx_word' id='word_1_433' title='bbox 1586 1021 1628 1044; x_wconf 88' lang='grc' dir='ltr'><strong>τις</strong></span> <span class='ocrx_word' id='word_1_434' title='bbox 1645 1012 1769 1048; x_wconf 90' lang='grc' dir='ltr'>βούλοιτο</span> <span class='ocrx_word' id='word_1_435' title='bbox 1785 1022 1830 1048; x_wconf 81' lang='grc' dir='ltr'>με-</span> 
     </span>
    </p>
   </div>
   <div class='ocr_carea' id='block_1_67' title="bbox 1040 1057 1828 1095">
    <p class='ocr_par' dir='ltr' id='par_1_67' title="bbox 1040 1057 1828 1095">
     <span class='ocr_line' id='line_1_68' title="bbox 1040 1057 1828 1095; baseline 0.003 -11"><span class='ocrx_word' id='word_1_436' title='bbox 1040 1060 1154 1091; x_wconf 86' lang='grc' dir='ltr'>τανοεῐν,</span> <span class='ocrx_word' id='word_1_437' title='bbox 1167 1057 1268 1090; x_wconf 80' lang='grc' dir='ltr'>εὐθέως</span> <span class='ocrx_word' id='word_1_438' title='bbox 1277 1058 1418 1094; x_wconf 68' lang='grc' dir='ltr'>εὐπορήσῃ</span> <span class='ocrx_word' id='word_1_439' title='bbox 1431 1058 1477 1085; x_wconf 85' lang='grc' dir='ltr'>τοῦ</span> <span class='ocrx_word' id='word_1_440' title='bbox 1489 1059 1631 1094; x_wconf 73' lang='grc' dir='ltr'>ποταμοῦ;</span> <span class='ocrx_word' id='word_1_441' title='bbox 1645 1059 1828 1095; x_wconf 76' lang='grc' dir='ltr'>ἑρμηνεύεται</span> 
     </span>
    </p>
   </div>
   <div class='ocr_carea' id='block_1_68' title="bbox 1039 1102 1828 1140">
    <p class='ocr_par' dir='ltr' id='par_1_68' title="bbox 1039 1102 1828 1140">
     <span class='ocr_line' id='line_1_69' title="bbox 1039 1102 1828 1140; baseline 0.003 -11"><span class='ocrx_word' id='word_1_442' title='bbox 1039 1103 1068 1129; x_wconf 73' lang='grc' dir='ltr'>δὲ</span> <span class='ocrx_word' id='word_1_443' title='bbox 1091 1102 1224 1138; x_wconf 83' lang='grc' dir='ltr'>Ἰορδάνης</span> <span class='ocrx_word' id='word_1_444' title='bbox 1246 1103 1440 1130; x_wconf 80' lang='grc' dir='ltr'>καταϐαίνων.</span> <span class='ocrx_word' id='word_1_445' title='bbox 1469 1103 1648 1131; x_wconf 82' lang='grc' dir='ltr'>Κατασαίνων</span> <span class='ocrx_word' id='word_1_446' title='bbox 1673 1105 1730 1140; x_wconf 80' lang='grc' dir='ltr'>γάρ</span> <span class='ocrx_word' id='word_1_447' title='bbox 1754 1105 1828 1131; x_wconf 73' lang='grc' dir='ltr'>ἔστιν</span> 
     </span>
    </p>
   </div>
   <div class='ocr_carea' id='block_1_69' title="bbox 1040 1147 1829 1186">
    <p class='ocr_par' dir='ltr' id='par_1_69' title="bbox 1040 1147 1829 1186">
     <span class='ocr_line' id='line_1_70' title="bbox 1040 1147 1829 1186; baseline 0.004 -12"><span class='ocrx_word' id='word_1_448' title='bbox 1040 1147 1146 1183; x_wconf 80' lang='grc' dir='ltr'>ἀληθῶς</span> <span class='ocrx_word' id='word_1_449' title='bbox 1156 1149 1171 1175; x_wconf 90' lang='grc' dir='ltr'><strong>ό</strong></span> <span class='ocrx_word' id='word_1_450' title='bbox 1186 1148 1306 1184; x_wconf 81' lang='grc' dir='ltr'>ποταμὸς</span> <span class='ocrx_word' id='word_1_451' title='bbox 1318 1147 1365 1174; x_wconf 82' lang='grc' dir='ltr'>τοῦ</span> <span class='ocrx_word' id='word_1_452' title='bbox 1378 1147 1456 1180; x_wconf 83' lang='grc' dir='ltr'><strong>Θεοῦ,</strong></span> <span class='ocrx_word' id='word_1_453' title='bbox 1466 1149 1496 1176; x_wconf 85' lang='grc' dir='ltr'>τὸ</span> <span class='ocrx_word' id='word_1_454' title='bbox 1511 1148 1583 1186; x_wconf 83' lang='grc' dir='ltr'>ὕδωρ</span> <span class='ocrx_word' id='word_1_455' title='bbox 1599 1150 1630 1176; x_wconf 83' lang='grc' dir='ltr'>τὸ</span> <span class='ocrx_word' id='word_1_456' title='bbox 1644 1150 1788 1186; x_wconf 79' lang='grc' dir='ltr'>ἀληθινὸν,</span> <span class='ocrx_word' id='word_1_457' title='bbox 1799 1150 1829 1176; x_wconf 79' lang='grc' dir='ltr'>τὸ</span> 
     </span>
    </p>
   </div>
   <div class='ocr_carea' id='block_1_70' title="bbox 1041 1192 1317 1229">
    <p class='ocr_par' dir='ltr' id='par_1_70' title="bbox 1041 1192 1317 1229">
     <span class='ocr_line' id='line_1_71' title="bbox 1041 1192 1317 1229; baseline 0 -10"><span class='ocrx_word' id='word_1_458' title='bbox 1041 1192 1114 1228; x_wconf 88' lang='grc' dir='ltr'>ὓδωρ</span> <span class='ocrx_word' id='word_1_459' title='bbox 1126 1192 1156 1219; x_wconf 84' lang='grc' dir='ltr'>τὸ</span> <span class='ocrx_word' id='word_1_460' title='bbox 1173 1193 1317 1229; x_wconf 88' lang='grc' dir='ltr'>σωτήριον.</span> 
     </span>
    </p>
   </div>
   <div class='ocr_carea' id='block_1_71' title="bbox 1076 1238 1198 1274">
    <p class='ocr_par' dir='ltr' id='par_1_71' title="bbox 1076 1238 1198 1274">
     <span class='ocr_line' id='line_1_72' title="bbox 1076 1238 1198 1274; baseline 0 -9"><span class='ocrx_word' id='word_1_461' title='bbox 1076 1238 1150 1274; x_wconf 76' lang='grc' dir='ltr'>Στίχ.</span> <span class='ocrx_word' id='word_1_462' title='bbox 1165 1238 1198 1271; x_wconf 80' lang='grc' dir='ltr'><strong>ζ’.</strong></span> 
     </span>
    </p>
   </div>
   <div class='ocr_carea' id='block_1_72' title="bbox 1075 1275 1829 1322">
    <p class='ocr_par' dir='ltr' id='par_1_72' title="bbox 1075 1275 1829 1322">
     <span class='ocr_line' id='line_1_73' title="bbox 1075 1275 1829 1322; baseline 0.008 -14"><span class='ocrx_word' id='word_1_463' title='bbox 1075 1283 1130 1318; x_wconf 83' lang='grc' dir='ltr'><strong>(Π)</strong></span> <span class='ocrx_word' id='word_1_464' title='bbox 1145 1283 1212 1309; x_wconf 79' lang='grc' dir='ltr'>Φασὶ</span> <span class='ocrx_word' id='word_1_465' title='bbox 1221 1282 1250 1309; x_wconf 86' lang='grc' dir='ltr'>δὲ</span> <span class='ocrx_word' id='word_1_466' title='bbox 1263 1283 1312 1319; x_wconf 84' lang='grc' dir='ltr'>τὴν</span> <span class='ocrx_word' id='word_1_467' title='bbox 1325 1275 1429 1319; x_wconf 73' lang='grc' dir='ltr'>ἔχιδναν</span> <span class='ocrx_word' id='word_1_468' title='bbox 1445 1285 1475 1311; x_wconf 82' lang='grc' dir='ltr'>ἐν</span> <span class='ocrx_word' id='word_1_469' title='bbox 1486 1285 1525 1320; x_wconf 79' lang='grc' dir='ltr'>τῷ</span> <span class='ocrx_word' id='word_1_470' title='bbox 1537 1285 1736 1322; x_wconf 62' lang='grc' dir='ltr'>συλλαμβάνειν</span> <span class='ocrx_word' id='word_1_471' title='bbox 1751 1288 1829 1314; x_wconf 81' lang='grc' dir='ltr'>ἀναι-</span> 
     </span>
    </p>
   </div>
   <div class='ocr_carea' id='block_1_73' title="bbox 1041 1325 1828 1368">
    <p class='ocr_par' dir='ltr' id='par_1_73' title="bbox 1041 1325 1828 1368">
     <span class='ocr_line' id='line_1_74' title="bbox 1041 1325 1828 1368; baseline 0.006 -13"><span class='ocrx_word' id='word_1_472' title='bbox 1041 1330 1097 1364; x_wconf 79' lang='grc' dir='ltr'>ρεῖν</span> <span class='ocrx_word' id='word_1_473' title='bbox 1111 1329 1156 1356; x_wconf 78' lang='grc' dir='ltr'><strong>τδν</strong></span> <span class='ocrx_word' id='word_1_474' title='bbox 1169 1328 1199 1361; x_wconf 70' lang='grc' dir='ltr'><strong>ἐξ</strong></span> <span class='ocrx_word' id='word_1_475' title='bbox 1214 1325 1245 1356; x_wconf 67' lang='grc' dir='ltr'>οὗ</span> <span class='ocrx_word' id='word_1_476' title='bbox 1259 1329 1440 1365; x_wconf 75' lang='grc' dir='ltr'>συλλαμϐάνει</span> <span class='ocrx_word' id='word_1_477' title='bbox 1453 1330 1570 1367; x_wconf 71' lang='grc' dir='ltr'>ἄρρενα·</span> <span class='ocrx_word' id='word_1_478' title='bbox 1585 1328 1616 1359; x_wconf 75' lang='grc' dir='ltr'>οὗ</span> <span class='ocrx_word' id='word_1_479' title='bbox 1632 1333 1650 1368; x_wconf 81' lang='grc' dir='ltr'><strong>ὴ</strong></span> <span class='ocrx_word' id='word_1_480' title='bbox 1666 1332 1758 1368; x_wconf 84' lang='grc' dir='ltr'>σπορὰ</span> <span class='ocrx_word' id='word_1_481' title='bbox 1778 1333 1828 1360; x_wconf 79' lang='grc' dir='ltr'>αὑ-</span> 
     </span>
    </p>
   </div>
   <div class='ocr_carea' id='block_1_74' title="bbox 1041 1374 1828 1413">
    <p class='ocr_par' dir='ltr' id='par_1_74' title="bbox 1041 1374 1828 1413">
     <span class='ocr_line' id='line_1_75' title="bbox 1041 1374 1828 1413; baseline 0.006 -13"><span class='ocrx_word' id='word_1_482' title='bbox 1041 1374 1166 1407; x_wconf 82' lang='grc' dir='ltr'>ξάνουσα,</span> <span class='ocrx_word' id='word_1_483' title='bbox 1181 1375 1230 1410; x_wconf 81' lang='grc' dir='ltr'><strong>τὴν</strong></span> <span class='ocrx_word' id='word_1_484' title='bbox 1241 1374 1423 1403; x_wconf 76' lang='grc' dir='ltr'>συλλαϐοῦσαν</span> <span class='ocrx_word' id='word_1_485' title='bbox 1436 1377 1542 1411; x_wconf 83' lang='grc' dir='ltr'>ἀναιρεῖ</span> <span class='ocrx_word' id='word_1_486' title='bbox 1553 1377 1602 1404; x_wconf 80' lang='grc' dir='ltr'>καὶ</span> <span class='ocrx_word' id='word_1_487' title='bbox 1612 1377 1699 1410; x_wconf 79' lang='grc' dir='ltr'>οὕτως</span> <span class='ocrx_word' id='word_1_488' title='bbox 1718 1379 1760 1410; x_wconf 83' lang='grc' dir='ltr'><strong>είς</strong></span> <span class='ocrx_word' id='word_1_489' title='bbox 1771 1379 1828 1413; x_wconf 83' lang='grc' dir='ltr'><strong>φῶς</strong></span> 
     </span>
    </p>
   </div>
   <div class='ocr_carea' id='block_1_75' title="bbox 1039 1420 1829 1459">
    <p class='ocr_par' dir='ltr' id='par_1_75' title="bbox 1039 1420 1829 1459">
     <span class='ocr_line' id='line_1_76' title="bbox 1039 1420 1829 1459; baseline -0.003 -13"><span class='ocrx_word' id='word_1_490' title='bbox 1039 1420 1188 1456; x_wconf 79' lang='grc' dir='ltr'>ἐξέρχεται,</span> <span class='ocrx_word' id='word_1_491' title='bbox 1204 1420 1373 1456; x_wconf 77' lang='grc' dir='ltr'>διαῤῥήξασα</span> <span class='ocrx_word' id='word_1_492' title='bbox 1383 1421 1432 1457; x_wconf 87' lang='grc' dir='ltr'>τῆς</span> <span class='ocrx_word' id='word_1_493' title='bbox 1450 1422 1551 1458; x_wconf 73' lang='grc' dir='ltr'>μητρὸς</span> <span class='ocrx_word' id='word_1_494' title='bbox 1562 1422 1612 1458; x_wconf 79' lang='grc' dir='ltr'>τὴν</span> <span class='ocrx_word' id='word_1_495' title='bbox 1623 1423 1755 1459; x_wconf 68' lang='grc' dir='ltr'>γαστέρα,</span> <span class='ocrx_word' id='word_1_496' title='bbox 1769 1432 1829 1450; x_wconf 67' lang='grc' dir='ltr'>ποι.</span> 
     </span>
    </p>
   </div>
   <div class='ocr_carea' id='block_1_76' title="bbox 1040 1465 1828 1503">
    <p class='ocr_par' dir='ltr' id='par_1_76' title="bbox 1040 1465 1828 1503">
     <span class='ocr_line' id='line_1_77' title="bbox 1040 1465 1828 1503; baseline 0.003 -9"><span class='ocrx_word' id='word_1_497' title='bbox 1040 1466 1088 1502; x_wconf 84' lang='grc' dir='ltr'>νὴν</span> <span class='ocrx_word' id='word_1_498' title='bbox 1100 1466 1194 1500; x_wconf 82' lang='grc' dir='ltr'>ὥσπερ</span> <span class='ocrx_word' id='word_1_499' title='bbox 1212 1465 1259 1492; x_wconf 84' lang='grc' dir='ltr'>τοῦ</span> <span class='ocrx_word' id='word_1_500' title='bbox 1279 1466 1472 1502; x_wconf 77' lang='grc' dir='ltr'>διαφθαρέντος</span> <span class='ocrx_word' id='word_1_501' title='bbox 1493 1469 1597 1503; x_wconf 75' lang='grc' dir='ltr'>πατρὸς</span> <span class='ocrx_word' id='word_1_502' title='bbox 1616 1488 1624 1494; x_wconf 91' lang='grc'><strong>.</strong></span> <span class='ocrx_word' id='word_1_503' title='bbox 1637 1489 1659 1497; x_wconf 93' lang='grc'><strong>..</strong></span> <span class='ocrx_word' id='word_1_504' title='bbox 1670 1487 1693 1495; x_wconf 91' lang='grc'><strong>..</strong></span> <span class='ocrx_word' id='word_1_505' title='bbox 1705 1489 1728 1496; x_wconf 92' lang='grc'><strong>..</strong></span> <span class='ocrx_word' id='word_1_506' title='bbox 1739 1489 1747 1496; x_wconf 93' lang='grc'><strong>.</strong></span> <span class='ocrx_word' id='word_1_507' title='bbox 1766 1470 1828 1496; x_wconf 89' lang='grc' dir='ltr'>Τοι-</span> 
     </span>
    </p>
   </div>
   <div class='ocr_carea' id='block_1_77' title="bbox 1038 1513 1829 1549">
    <p class='ocr_par' dir='ltr' id='par_1_77' title="bbox 1038 1513 1829 1549">
     <span class='ocr_line' id='line_1_78' title="bbox 1038 1513 1829 1549; baseline 0.004 -9"><span class='ocrx_word' id='word_1_508' title='bbox 1038 1513 1110 1540; x_wconf 76' lang='grc' dir='ltr'>σῦτθι</span> <span class='ocrx_word' id='word_1_509' title='bbox 1125 1513 1171 1539; x_wconf 79' lang='grc' dir='ltr'>καὶ</span> <span class='ocrx_word' id='word_1_510' title='bbox 1182 1513 1207 1539; x_wconf 83' lang='grc' dir='ltr'><strong>οι</strong></span> <span class='ocrx_word' id='word_1_511' title='bbox 1226 1513 1359 1545; x_wconf 87' lang='grc' dir='ltr'>Ἰουδαῖοι,</span> <span class='ocrx_word' id='word_1_512' title='bbox 1373 1514 1434 1545; x_wconf 86' lang='grc' dir='ltr'>τοὺς</span> <span class='ocrx_word' id='word_1_513' title='bbox 1451 1516 1651 1549; x_wconf 84' lang='grc' dir='ltr'>πνευματικοὺς</span> <span class='ocrx_word' id='word_1_514' title='bbox 1666 1515 1760 1542; x_wconf 79' lang='grc' dir='ltr'>αὐτῶν</span> <span class='ocrx_word' id='word_1_515' title='bbox 1777 1525 1829 1543; x_wconf 81' lang='grc' dir='ltr'>πα-</span> 
     </span>
    </p>
   </div>
   <div class='ocr_carea' id='block_1_78' title="bbox 1038 1557 1828 1596">
    <p class='ocr_par' dir='ltr' id='par_1_78' title="bbox 1038 1557 1828 1596">
     <span class='ocr_line' id='line_1_79' title="bbox 1038 1557 1828 1596; baseline 0.004 -12"><span class='ocrx_word' id='word_1_516' title='bbox 1038 1558 1120 1593; x_wconf 86' lang='grc' dir='ltr'>τέρας</span> <span class='ocrx_word' id='word_1_517' title='bbox 1132 1557 1179 1584; x_wconf 76' lang='grc' dir='ltr'>καὶ</span> <span class='ocrx_word' id='word_1_518' title='bbox 1189 1557 1363 1589; x_wconf 80' lang='grc' dir='ltr'>διδασκάλους</span> <span class='ocrx_word' id='word_1_519' title='bbox 1376 1557 1576 1593; x_wconf 75' lang='grc' dir='ltr'>διαφθείροντες</span> <span class='ocrx_word' id='word_1_520' title='bbox 1590 1559 1693 1594; x_wconf 85' lang='grc' dir='ltr'>χερσίν.</span> <span class='ocrx_word' id='word_1_521' title='bbox 1710 1560 1828 1596; x_wconf 80' lang='grc' dir='ltr'>Εἴρηται</span> 
     </span>
    </p>
   </div>
   <div class='ocr_carea' id='block_1_79' title="bbox 1039 1603 1650 1641">
    <p class='ocr_par' dir='ltr' id='par_1_79' title="bbox 1039 1603 1650 1641">
     <span class='ocr_line' id='line_1_80' title="bbox 1039 1603 1650 1641; baseline 0.002 -10"><span class='ocrx_word' id='word_1_522' title='bbox 1039 1604 1103 1640; x_wconf 73' lang='grc' dir='ltr'>περὶ</span> <span class='ocrx_word' id='word_1_523' title='bbox 1115 1604 1217 1631; x_wconf 87' lang='grc' dir='ltr'>τούτων</span> <span class='ocrx_word' id='word_1_524' title='bbox 1234 1604 1262 1631; x_wconf 78' lang='grc' dir='ltr'>ἐν</span> <span class='ocrx_word' id='word_1_525' title='bbox 1277 1604 1315 1640; x_wconf 85' lang='grc' dir='ltr'>τῷ</span> <span class='ocrx_word' id='word_1_526' title='bbox 1328 1603 1459 1639; x_wconf 81' lang='grc' dir='ltr'>Ματθαιῳ</span> <span class='ocrx_word' id='word_1_527' title='bbox 1474 1604 1650 1641; x_wconf 84' lang='grc' dir='ltr'>πλατύτερον.</span> 
     </span>
    </p>
   </div>
   <div class='ocr_carea' id='block_1_80' title="bbox 1365 1651 1501 1677">
    <p class='ocr_par' dir='ltr' id='par_1_80' title="bbox 1365 1651 1501 1677">
     <span class='ocr_line' id='line_1_81' title="bbox 1365 1651 1501 1677; baseline 0.007 -1"><span class='ocrx_word' id='word_1_528' title='bbox 1365 1651 1444 1677; x_wconf 81' lang='grc' dir='ltr'>ΚΕΦ.</span> <span class='ocrx_word' id='word_1_529' title='bbox 1464 1651 1501 1677; x_wconf 77' lang='lat' dir='ltr'><strong>A’.</strong></span> 
     </span>
    </p>
   </div>
   <div class='ocr_carea' id='block_1_81' title="bbox 1038 1695 1826 1732">
    <p class='ocr_par' dir='ltr' id='par_1_81' title="bbox 1038 1695 1826 1732">
     <span class='ocr_line' id='line_1_82' title="bbox 1038 1695 1826 1732; baseline 0.004 -10"><span class='ocrx_word' id='word_1_530' title='bbox 1038 1695 1111 1731; x_wconf 83' lang='grc' dir='ltr'>Στίχ.</span> <span class='ocrx_word' id='word_1_531' title='bbox 1135 1695 1168 1723; x_wconf 84' lang='grc' dir='ltr'>θ’.</span> <span class='ocrx_word' id='word_1_532' title='bbox 1197 1695 1251 1723; x_wconf 77' lang='grc' dir='ltr'><strong>Καὶ</strong></span> <span class='ocrx_word' id='word_1_533' title='bbox 1264 1695 1374 1732; x_wconf 75' lang='grc' dir='ltr'>ἤγαγεν</span> <span class='ocrx_word' id='word_1_534' title='bbox 1388 1697 1480 1732; x_wconf 72' lang='grc' dir='ltr'>αὐτὸν</span> <span class='ocrx_word' id='word_1_535' title='bbox 1497 1697 1540 1730; x_wconf 82' lang='grc' dir='ltr'><strong>εις</strong></span> <span class='ocrx_word' id='word_1_536' title='bbox 1556 1697 1761 1732; x_wconf 75' lang='grc' dir='ltr'>Ἰερουσαλὴμ,</span> <span class='ocrx_word' id='word_1_537' title='bbox 1776 1699 1826 1726; x_wconf 74' lang='grc' dir='ltr'>καὶ</span> 
     </span>
    </p>
   </div>
   <div class='ocr_carea' id='block_1_82' title="bbox 1067 1731 1795 1767">
    <p class='ocr_par' dir='ltr' id='par_1_82' title="bbox 1067 1731 1795 1767">
     <span class='ocr_line' id='line_1_83' title="bbox 1067 1731 1795 1767; baseline 0.003 -9"><span class='ocrx_word' id='word_1_538' title='bbox 1067 1731 1198 1765; x_wconf 74' lang='grc' dir='ltr'>ἔστησεν</span> <span class='ocrx_word' id='word_1_539' title='bbox 1213 1733 1306 1758; x_wconf 78' lang='grc' dir='ltr'>αὐτὸν</span> <span class='ocrx_word' id='word_1_540' title='bbox 1322 1731 1372 1758; x_wconf 78' lang='grc' dir='ltr'><strong>ἐπὶ</strong></span> <span class='ocrx_word' id='word_1_541' title='bbox 1393 1731 1426 1758; x_wconf 86' lang='grc' dir='ltr'>τὸ</span> <span class='ocrx_word' id='word_1_542' title='bbox 1442 1733 1600 1767; x_wconf 71' lang='grc' dir='ltr'>πτερύγιον</span> <span class='ocrx_word' id='word_1_543' title='bbox 1625 1732 1679 1759; x_wconf 84' lang='grc' dir='ltr'>τοῦ</span> <span class='ocrx_word' id='word_1_544' title='bbox 1701 1731 1795 1767; x_wconf 66' lang='grc' dir='ltr'>ιεροῦ.</span> 
     </span>
    </p>
   </div>
   <div class='ocr_carea' id='block_1_83' title="bbox 1074 1775 1826 1814">
    <p class='ocr_par' dir='ltr' id='par_1_83' title="bbox 1074 1775 1826 1814">
     <span class='ocr_line' id='line_1_84' title="bbox 1074 1775 1826 1814; baseline 0.005 -12"><span class='ocrx_word' id='word_1_545' title='bbox 1074 1777 1145 1812; x_wconf 86' lang='grc' dir='ltr'><strong>Ὅρα</strong></span> <span class='ocrx_word' id='word_1_546' title='bbox 1166 1775 1196 1802; x_wconf 83' lang='grc' dir='ltr'>δὲ</span> <span class='ocrx_word' id='word_1_547' title='bbox 1218 1776 1278 1807; x_wconf 84' lang='grc' dir='ltr'>πῶς</span> <span class='ocrx_word' id='word_1_548' title='bbox 1301 1776 1462 1813; x_wconf 77' lang='grc' dir='ltr'>κακούργως</span> <span class='ocrx_word' id='word_1_549' title='bbox 1481 1777 1525 1804; x_wconf 85' lang='grc' dir='ltr'>διὰ</span> <span class='ocrx_word' id='word_1_550' title='bbox 1547 1779 1595 1813; x_wconf 81' lang='grc' dir='ltr'><strong>τῆς</strong></span> <span class='ocrx_word' id='word_1_551' title='bbox 1621 1779 1748 1814; x_wconf 86' lang='grc' dir='ltr'>χρήσεως</span> <span class='ocrx_word' id='word_1_552' title='bbox 1771 1779 1826 1806; x_wconf 84' lang='grc' dir='ltr'><strong>τῶν</strong></span> 
     </span>
    </p>
   </div>
   <div class='ocr_carea' id='block_1_84' title="bbox 1038 1821 1827 1860">
    <p class='ocr_par' dir='ltr' id='par_1_84' title="bbox 1038 1821 1827 1860">
     <span class='ocr_line' id='line_1_85' title="bbox 1038 1821 1827 1860; baseline 0.004 -12"><span class='ocrx_word' id='word_1_553' title='bbox 1038 1822 1154 1857; x_wconf 80' lang='grc' dir='ltr'>Γραφῶν</span> <span class='ocrx_word' id='word_1_554' title='bbox 1178 1821 1249 1848; x_wconf 84' lang='grc' dir='ltr'>θέλει</span> <span class='ocrx_word' id='word_1_555' title='bbox 1260 1822 1384 1849; x_wconf 76' lang='grc' dir='ltr'>καθελεῖν</span> <span class='ocrx_word' id='word_1_556' title='bbox 1396 1823 1445 1858; x_wconf 88' lang='grc' dir='ltr'><strong>τὴν</strong></span> <span class='ocrx_word' id='word_1_557' title='bbox 1459 1822 1538 1856; x_wconf 79' lang='grc' dir='ltr'>δόξαν</span> <span class='ocrx_word' id='word_1_558' title='bbox 1552 1824 1664 1859; x_wconf 80' lang='grc' dir='ltr'>Κυρίου,</span> <span class='ocrx_word' id='word_1_559' title='bbox 1679 1824 1718 1856; x_wconf 86' lang='grc' dir='ltr'>ὡς</span> <span class='ocrx_word' id='word_1_560' title='bbox 1731 1824 1827 1860; x_wconf 79' lang='grc' dir='ltr'>δεομέ-</span> 
     </span>
    </p>
   </div>
   <div class='ocr_carea' id='block_1_85' title="bbox 1038 1868 1825 1904">
    <p class='ocr_par' dir='ltr' id='par_1_85' title="bbox 1038 1868 1825 1904">
     <span class='ocr_line' id='line_1_86' title="bbox 1038 1868 1825 1904; baseline 0.004 -10"><span class='ocrx_word' id='word_1_561' title='bbox 1038 1876 1083 1895; x_wconf 89' lang='grc' dir='ltr'><strong>νου</strong></span> <span class='ocrx_word' id='word_1_562' title='bbox 1096 1868 1244 1904; x_wconf 83' lang='grc' dir='ltr'>ἀγγελικῆς</span> <span class='ocrx_word' id='word_1_563' title='bbox 1259 1868 1384 1904; x_wconf 87' lang='grc' dir='ltr'>βοηθείας</span> <span class='ocrx_word' id='word_1_564' title='bbox 1395 1888 1403 1901; x_wconf 90' lang='grc'><strong>,</strong></span> <span class='ocrx_word' id='word_1_565' title='bbox 1417 1869 1455 1901; x_wconf 84' lang='grc' dir='ltr'>ὡς</span> <span class='ocrx_word' id='word_1_566' title='bbox 1469 1869 1609 1904; x_wconf 84' lang='grc' dir='ltr'>μέλλοντος</span> <span class='ocrx_word' id='word_1_567' title='bbox 1630 1871 1825 1904; x_wconf 81' lang='grc' dir='ltr'>προσκόπτειν,</span> 
     </span>
    </p>
   </div>
   <div class='ocr_carea' id='block_1_86' title="bbox 1037 1913 1826 1952">
    <p class='ocr_par' dir='ltr' id='par_1_86' title="bbox 1037 1913 1826 1952">
     <span class='ocr_line' id='line_1_87' title="bbox 1037 1913 1826 1952; baseline 0.004 -13"><span class='ocrx_word' id='word_1_568' title='bbox 1037 1914 1062 1940; x_wconf 88' lang='grc' dir='ltr'>ει</span> <span class='ocrx_word' id='word_1_569' title='bbox 1080 1913 1117 1950; x_wconf 85' lang='grc' dir='ltr'>μὴ</span> <span class='ocrx_word' id='word_1_570' title='bbox 1132 1913 1242 1949; x_wconf 79' lang='grc' dir='ltr'>ἄγγελοι</span> <span class='ocrx_word' id='word_1_571' title='bbox 1256 1914 1330 1950; x_wconf 84' lang='grc' dir='ltr'><strong>αὺτῷ</strong></span> <span class='ocrx_word' id='word_1_572' title='bbox 1343 1914 1473 1950; x_wconf 84' lang='grc' dir='ltr'>βοηθεῖεν.</span> <span class='ocrx_word' id='word_1_573' title='bbox 1494 1915 1530 1941; x_wconf 89' lang='grc' dir='ltr'><strong>Οὐ</strong></span> <span class='ocrx_word' id='word_1_574' title='bbox 1546 1915 1600 1951; x_wconf 73' lang='grc' dir='ltr'>γὰρ</span> <span class='ocrx_word' id='word_1_575' title='bbox 1615 1915 1679 1951; x_wconf 80' lang='grc' dir='ltr'>περὶ</span> <span class='ocrx_word' id='word_1_576' title='bbox 1692 1916 1742 1942; x_wconf 82' lang='grc' dir='ltr'>τοῦ</span> <span class='ocrx_word' id='word_1_577' title='bbox 1755 1917 1826 1952; x_wconf 87' lang='grc' dir='ltr'>Χρι-</span> 
     </span>
    </p>
   </div>
   <div class='ocr_carea' id='block_1_87' title="bbox 1039 1960 1825 1997">
    <p class='ocr_par' dir='ltr' id='par_1_87' title="bbox 1039 1960 1825 1997">
     <span class='ocr_line' id='line_1_88' title="bbox 1039 1960 1825 1997; baseline 0.003 -11"><span class='ocrx_word' id='word_1_578' title='bbox 1039 1960 1101 1987; x_wconf 85' lang='grc' dir='ltr'>στοῦ</span> <span class='ocrx_word' id='word_1_579' title='bbox 1119 1960 1225 1996; x_wconf 79' lang='grc' dir='ltr'>εἴρηται</span> <span class='ocrx_word' id='word_1_580' title='bbox 1246 1961 1263 1996; x_wconf 85' lang='grc' dir='ltr'><strong>ἡ</strong></span> <span class='ocrx_word' id='word_1_581' title='bbox 1287 1962 1383 1996; x_wconf 82' lang='grc' dir='ltr'>χρῆσις</span> <span class='ocrx_word' id='word_1_582' title='bbox 1403 1960 1450 1987; x_wconf 83' lang='grc' dir='ltr'><strong>τοῦ</strong></span> <span class='ocrx_word' id='word_1_583' title='bbox 1474 1960 1591 1996; x_wconf 80' lang='grc' dir='ltr'>ψαλμοῦ.</span> <span class='ocrx_word' id='word_1_584' title='bbox 1613 1962 1651 1988; x_wconf 85' lang='grc' dir='ltr'><strong>Οὐ</strong></span> <span class='ocrx_word' id='word_1_585' title='bbox 1667 1961 1722 1997; x_wconf 86' lang='grc' dir='ltr'>γὰρ</span> <span class='ocrx_word' id='word_1_586' title='bbox 1737 1962 1825 1989; x_wconf 80' lang='grc' dir='ltr'>δεῖται</span> 
     </span>
    </p>
   </div>
   <div class='ocr_carea' id='block_1_88' title="bbox 1037 2006 1824 2043">
    <p class='ocr_par' dir='ltr' id='par_1_88' title="bbox 1037 2006 1824 2043">
     <span class='ocr_line' id='line_1_89' title="bbox 1037 2006 1824 2043; baseline 0.003 -10"><span class='ocrx_word' id='word_1_587' title='bbox 1037 2006 1158 2041; x_wconf 87' lang='grc' dir='ltr'>ἀγγέλων</span> <span class='ocrx_word' id='word_1_588' title='bbox 1174 2008 1188 2033; x_wconf 85' lang='grc' dir='ltr'>ὁ</span> <span class='ocrx_word' id='word_1_589' title='bbox 1202 2007 1256 2034; x_wconf 88' lang='grc' dir='ltr'><strong>τῶν</strong></span> <span class='ocrx_word' id='word_1_590' title='bbox 1272 2007 1394 2042; x_wconf 83' lang='grc' dir='ltr'>ἀγγέλων</span> <span class='ocrx_word' id='word_1_591' title='bbox 1405 2007 1545 2043; x_wconf 78' lang='grc' dir='ltr'>δεσπότης.</span> <span class='ocrx_word' id='word_1_592' title='bbox 1567 2006 1637 2041; x_wconf 83' lang='grc' dir='ltr'><strong>Ἐγὼ</strong></span> <span class='ocrx_word' id='word_1_593' title='bbox 1655 2007 1684 2034; x_wconf 84' lang='grc' dir='ltr'>δὲ</span> <span class='ocrx_word' id='word_1_594' title='bbox 1706 2008 1738 2034; x_wconf 83' lang='grc' dir='ltr'>τὸ</span> <span class='ocrx_word' id='word_1_595' title='bbox 1756 2008 1824 2035; x_wconf 78' lang='grc' dir='ltr'><strong>ἀνά-</strong></span> 
     </span>
    </p>
   </div>
   <div class='ocr_carea' id='block_1_89' title="bbox 1038 2050 1825 2089">
    <p class='ocr_par' dir='ltr' id='par_1_89' title="bbox 1038 2050 1825 2089">
     <span class='ocr_line' id='line_1_90' title="bbox 1038 2050 1825 2089; baseline 0.003 -11"><span class='ocrx_word' id='word_1_596' title='bbox 1038 2053 1117 2079; x_wconf 89' lang='grc' dir='ltr'>παλίν</span> <span class='ocrx_word' id='word_1_597' title='bbox 1131 2061 1201 2088; x_wconf 83' lang='grc' dir='ltr'>φημι</span> <span class='ocrx_word' id='word_1_598' title='bbox 1218 2054 1285 2088; x_wconf 80' lang='grc' dir='ltr'>πρὸς</span> <span class='ocrx_word' id='word_1_599' title='bbox 1300 2053 1330 2080; x_wconf 81' lang='grc' dir='ltr'>σὲ</span> <span class='ocrx_word' id='word_1_600' title='bbox 1340 2073 1347 2086; x_wconf 89' lang='grc'><strong>,</strong></span> <span class='ocrx_word' id='word_1_601' title='bbox 1365 2050 1387 2080; x_wconf 82' lang='grc' dir='ltr'><strong>ὦ</strong></span> <span class='ocrx_word' id='word_1_602' title='bbox 1402 2053 1506 2080; x_wconf 77' lang='grc' dir='ltr'>διάϐολε</span> <span class='ocrx_word' id='word_1_603' title='bbox 1516 2073 1523 2085; x_wconf 91' lang='grc'><strong>,</strong></span> <span class='ocrx_word' id='word_1_604' title='bbox 1541 2054 1565 2079; x_wconf 80' lang='grc' dir='ltr'>εἰ</span> <span class='ocrx_word' id='word_1_605' title='bbox 1579 2053 1616 2088; x_wconf 83' lang='grc' dir='ltr'><strong>μὴ</strong></span> <span class='ocrx_word' id='word_1_606' title='bbox 1637 2053 1742 2089; x_wconf 83' lang='grc' dir='ltr'>Ἰησοῦς</span> <span class='ocrx_word' id='word_1_607' title='bbox 1758 2053 1825 2089; x_wconf 84' lang='grc' dir='ltr'>βοη-</span> 
     </span>
    </p>
   </div>
   <div class='ocr_carea' id='block_1_90' title="bbox 1038 2097 1826 2135">
    <p class='ocr_par' dir='ltr' id='par_1_90' title="bbox 1038 2097 1826 2135">
     <span class='ocr_line' id='line_1_91' title="bbox 1038 2097 1826 2135; baseline 0.003 -11"><span class='ocrx_word' id='word_1_608' title='bbox 1038 2097 1113 2133; x_wconf 83' lang='grc' dir='ltr'>θήσει</span> <span class='ocrx_word' id='word_1_609' title='bbox 1127 2100 1183 2130; x_wconf 85' lang='grc' dir='ltr'>τοῖς</span> <span class='ocrx_word' id='word_1_610' title='bbox 1196 2099 1330 2133; x_wconf 82' lang='grc' dir='ltr'>ἀγγέλοις,</span> <span class='ocrx_word' id='word_1_611' title='bbox 1347 2098 1558 2135; x_wconf 84' lang='grc' dir='ltr'>προσκόπτουσι.</span> <span class='ocrx_word' id='word_1_612' title='bbox 1575 2099 1628 2124; x_wconf 75' lang='grc' dir='ltr'><strong>Καὶ</strong></span> <span class='ocrx_word' id='word_1_613' title='bbox 1641 2098 1673 2125; x_wconf 78' lang='grc' dir='ltr'><strong>σὺ</strong></span> <span class='ocrx_word' id='word_1_614' title='bbox 1690 2098 1735 2125; x_wconf 84' lang='grc' dir='ltr'>διὰ</span> <span class='ocrx_word' id='word_1_615' title='bbox 1745 2098 1826 2126; x_wconf 80' lang='grc' dir='ltr'>τοῦτο</span> 
     </span>
    </p>
   </div>
   <div class='ocr_carea' id='block_1_91' title="bbox 1038 2142 1826 2179">
    <p class='ocr_par' dir='ltr' id='par_1_91' title="bbox 1038 2142 1826 2179">
     <span class='ocr_line' id='line_1_92' title="bbox 1038 2142 1826 2179; baseline 0.003 -11"><span class='ocrx_word' id='word_1_616' title='bbox 1038 2142 1184 2175; x_wconf 80' lang='grc' dir='ltr'>πέπτωκας</span> <span class='ocrx_word' id='word_1_617' title='bbox 1213 2143 1242 2175; x_wconf 75' lang='grc' dir='ltr'>ἐξ</span> <span class='ocrx_word' id='word_1_618' title='bbox 1265 2143 1379 2178; x_wconf 86' lang='grc' dir='ltr'>οὐρανοῦ</span> <span class='ocrx_word' id='word_1_619' title='bbox 1394 2163 1402 2174; x_wconf 83' lang='grc'><strong>,</strong></span> <span class='ocrx_word' id='word_1_620' title='bbox 1427 2142 1520 2179; x_wconf 75' lang='grc' dir='ltr'>ἐπειδὴ</span> <span class='ocrx_word' id='word_1_621' title='bbox 1543 2143 1666 2178; x_wconf 81' lang='grc' dir='ltr'>αὐτάρκη</span> <span class='ocrx_word' id='word_1_622' title='bbox 1693 2143 1826 2179; x_wconf 78' lang='grc' dir='ltr'>ἐνόμισας</span> 
     </span>
    </p>
   </div>
   <div class='ocr_carea' id='block_1_92' title="bbox 201 2175 996 2225">
    <p class='ocr_par' dir='ltr' id='par_1_92' title="bbox 201 2187 985 2222">
     <span class='ocr_line' id='line_1_93' title="bbox 201 2187 985 2222; baseline -0.008 -4"><span class='ocrx_word' id='word_1_623' title='bbox 201 2193 376 2218; x_wconf 79' lang='lat' dir='ltr'><strong>sutlicientem</strong></span> <span class='ocrx_word' id='word_1_624' title='bbox 408 2192 555 2217; x_wconf 86' lang='lat' dir='ltr'><strong>arbitratus</strong></span> <span class='ocrx_word' id='word_1_625' title='bbox 577 2197 626 2222; x_wconf 89' lang='lat' dir='ltr'><strong>es,</strong></span> <span class='ocrx_word' id='word_1_626' title='bbox 663 2196 714 2215; x_wconf 87' lang='lat' dir='ltr'><strong>nec</strong></span> <span class='ocrx_word' id='word_1_627' title='bbox 737 2188 860 2222; x_wconf 74' lang='lat' dir='ltr'><strong>indigere</strong></span> <span class='ocrx_word' id='word_1_628' title='bbox 884 2187 985 2214; x_wconf 80' lang='lat' dir='ltr'><strong>auxilio</strong></span> 
     </span>
    </p>
   </div>
   <div class='ocr_carea' id='block_1_93' title="bbox 1044 2175 1824 2225">
    <p class='ocr_par' dir='ltr' id='par_1_93' title="bbox 1044 2175 1824 2225">
     <span class='ocr_line' id='line_1_94' title="bbox 1044 2175 1824 2225; baseline 0.003 -11"><span class='ocrx_word' id='word_1_629' title='bbox 1044 2189 1132 2214; x_wconf 68' lang='grc' dir='ltr'>ἑαυτὸν</span> <span class='ocrx_word' id='word_1_630' title='bbox 1145 2187 1223 2220; x_wconf 79' lang='grc' dir='ltr'>εἶναι,</span> <span class='ocrx_word' id='word_1_631' title='bbox 1237 2189 1283 2216; x_wconf 76' lang='grc' dir='ltr'>καὶ</span> <span class='ocrx_word' id='word_1_632' title='bbox 1344 2189 1446 2216; x_wconf 80' lang='grc' dir='ltr'>δεῖσθαι</span> <span class='ocrx_word' id='word_1_633' title='bbox 1458 2190 1507 2224; x_wconf 82' lang='grc' dir='ltr'><strong>τῆς</strong></span> <span class='ocrx_word' id='word_1_634' title='bbox 1514 2175 1565 2215; x_wconf 31' lang='grc' dir='ltr'><strong>γτοῦ</strong></span> <span class='ocrx_word' id='word_1_635' title='bbox 1583 2175 1669 2224; x_wconf 71' lang='grc' dir='ltr'>Ἰησού</span> <span class='ocrx_word' id='word_1_636' title='bbox 1684 2175 1824 2224; x_wconf 77' lang='grc' dir='ltr'>βοηθείας.</span> 
     </span>
    </p>
   </div>
   <div class='ocr_carea' id='block_1_94' title="bbox 202 2232 984 2270">
    <p class='ocr_par' dir='ltr' id='par_1_94' title="bbox 202 2232 984 2270">
     <span class='ocr_line' id='line_1_95' title="bbox 202 2232 984 2270; baseline -0.006 -6"><span class='ocrx_word' id='word_1_637' title='bbox 202 2237 276 2264; x_wconf 80' lang='lat' dir='ltr'><strong>Jcsu.</strong></span> <span class='ocrx_word' id='word_1_638' title='bbox 306 2238 364 2268; x_wconf 79' lang='lat' dir='ltr'><strong>Quo</strong></span> <span class='ocrx_word' id='word_1_639' title='bbox 394 2244 458 2262; x_wconf 82' lang='lat' dir='ltr'><strong>vero</strong></span> <span class='ocrx_word' id='word_1_640' title='bbox 494 2243 635 2270; x_wconf 84' lang='lat' dir='ltr'><strong>agnoscas,</strong></span> <span class='ocrx_word' id='word_1_641' title='bbox 668 2234 880 2268; x_wconf 84' lang='lat' dir='ltr'><strong>haudquaquam</strong></span> <span class='ocrx_word' id='word_1_642' title='bbox 910 2232 984 2259; x_wconf 88' lang='lat' dir='ltr'><strong>dicta</strong></span> 
     </span>
    </p>
   </div>
   <div class='ocr_carea' id='block_1_95' title="bbox 201 2276 984 2317">
    <p class='ocr_par' dir='ltr' id='par_1_95' title="bbox 201 2276 984 2317">
     <span class='ocr_line' id='line_1_96' title="bbox 201 2276 984 2317; baseline -0.005 -7"><span class='ocrx_word' id='word_1_643' title='bbox 201 2276 288 2310; x_wconf 76' lang='lat' dir='ltr'><strong>fuisse</strong></span> <span class='ocrx_word' id='word_1_644' title='bbox 307 2284 340 2310; x_wconf 88' lang='lat' dir='ltr'><strong>de</strong></span> <span class='ocrx_word' id='word_1_645' title='bbox 358 2283 420 2310; x_wconf 82' lang='lat' dir='ltr'><strong>Jcsn</strong></span> <span class='ocrx_word' id='word_1_646' title='bbox 439 2290 470 2309; x_wconf 81' lang='lat' dir='ltr'><strong>ea</strong></span> <span class='ocrx_word' id='word_1_647' title='bbox 491 2290 550 2317; x_wconf 65' lang='lat' dir='ltr'><strong>quae</strong></span> <span class='ocrx_word' id='word_1_648' title='bbox 571 2282 671 2315; x_wconf 76' lang='lat' dir='ltr'><strong>scripta</strong></span> <span class='ocrx_word' id='word_1_649' title='bbox 685 2286 747 2308; x_wconf 90' lang='lat' dir='ltr'><strong>sunt</strong></span> <span class='ocrx_word' id='word_1_650' title='bbox 761 2289 767 2311; x_wconf 82' lang='lat'><strong>;</strong></span> <span class='ocrx_word' id='word_1_651' title='bbox 783 2280 830 2307; x_wconf 88' lang='lat' dir='ltr'><strong>sed</strong></span> <span class='ocrx_word' id='word_1_652' title='bbox 855 2279 880 2306; x_wconf 90' lang='lat' dir='ltr'><strong>in</strong></span> <span class='ocrx_word' id='word_1_653' title='bbox 899 2279 984 2306; x_wconf 87' lang='lat' dir='ltr'><strong>homi-</strong></span> 
     </span>
    </p>
   </div>
   <div class='ocr_carea' id='block_1_96' title="bbox 202 2325 982 2364">
    <p class='ocr_par' dir='ltr' id='par_1_96' title="bbox 202 2325 982 2364">
     <span class='ocr_line' id='line_1_97' title="bbox 202 2325 982 2364; baseline -0.009 -7"><span class='ocrx_word' id='word_1_654' title='bbox 202 2339 263 2357; x_wconf 88' lang='lat' dir='ltr'><strong>nem</strong></span> <span class='ocrx_word' id='word_1_655' title='bbox 280 2331 382 2364; x_wconf 82' lang='lat' dir='ltr'><strong>justum</strong></span> <span class='ocrx_word' id='word_1_656' title='bbox 393 2330 449 2357; x_wconf 71' lang='lat' dir='ltr'><strong>haec</strong></span> <span class='ocrx_word' id='word_1_657' title='bbox 461 2329 568 2361; x_wconf 61' lang='lat' dir='ltr'><strong>referri,</strong></span> <span class='ocrx_word' id='word_1_658' title='bbox 584 2329 645 2354; x_wconf 90' lang='lat' dir='ltr'><strong>audi</strong></span> <span class='ocrx_word' id='word_1_659' title='bbox 659 2336 666 2354; x_wconf 91' lang='lat'>:</span> <span class='ocrx_word' id='word_1_660' title='bbox 683 2327 820 2361; x_wconf 85' lang='lat' dir='ltr'><strong>Scriptum</strong></span> <span class='ocrx_word' id='word_1_661' title='bbox 834 2331 876 2353; x_wconf 87' lang='lat' dir='ltr'><strong>est</strong></span> <span class='ocrx_word' id='word_1_662' title='bbox 890 2325 982 2358; x_wconf 84' lang='lat' dir='ltr'><strong>enim;</strong></span> 
     </span>
    </p>
   </div>
   <div class='ocr_carea' id='block_1_97' title="bbox 201 2370 984 2408">
    <p class='ocr_par' dir='ltr' id='par_1_97' title="bbox 201 2370 984 2408">
     <span class='ocr_line' id='line_1_98' title="bbox 201 2370 984 2408; baseline -0.008 -6"><span class='ocrx_word' id='word_1_663' title='bbox 201 2377 254 2408; x_wconf 80' lang='lat' dir='ltr'><strong>Qui</strong></span> <span class='ocrx_word' id='word_1_664' title='bbox 265 2376 364 2402; x_wconf 84' lang='lat' dir='ltr'><strong>habitat</strong></span> <span class='ocrx_word' id='word_1_665' title='bbox 381 2375 407 2401; x_wconf 82' lang='lat' dir='ltr'><strong>in</strong></span> <span class='ocrx_word' id='word_1_666' title='bbox 421 2375 552 2404; x_wconf 76' lang='lat' dir='ltr'><strong>adiutorio</strong></span> <span class='ocrx_word' id='word_1_667' title='bbox 580 2373 722 2404; x_wconf 72' lang='lat' dir='ltr'><strong>Aitiuimi,</strong></span> <span class='ocrx_word' id='word_1_668' title='bbox 749 2373 775 2398; x_wconf 85' lang='lat' dir='ltr'><strong>in</strong></span> <span class='ocrx_word' id='word_1_669' title='bbox 797 2371 910 2405; x_wconf 78' lang='lat' dir='ltr'><strong>tegmine</strong></span> <span class='ocrx_word' id='word_1_670' title='bbox 935 2370 984 2396; x_wconf 85' lang='lat' dir='ltr'><strong>Dei</strong></span> 
     </span>
    </p>
   </div>
   <div class='ocr_carea' id='block_1_98' title="bbox 200 2415 984 2450">
    <p class='ocr_par' dir='ltr' id='par_1_98' title="bbox 200 2415 984 2450">
     <span class='ocr_line' id='line_1_99' title="bbox 200 2415 984 2450; baseline -0.01 -2"><span class='ocrx_word' id='word_1_671' title='bbox 200 2421 259 2449; x_wconf 67' lang='lat' dir='ltr'><strong>cali</strong></span> <span class='ocrx_word' id='word_1_672' title='bbox 272 2420 435 2448; x_wconf 78' lang='lat' dir='ltr'><strong>domicilium</strong></span> <span class='ocrx_word' id='word_1_673' title='bbox 450 2419 551 2445; x_wconf 81' lang='lat' dir='ltr'><strong>habebit</strong></span> <span class='ocrx_word' id='word_1_674' title='bbox 566 2418 598 2444; x_wconf 73' lang='lat'><strong>°‘.</strong></span> <span class='ocrx_word' id='word_1_675' title='bbox 617 2418 673 2445; x_wconf 88' lang='lat' dir='ltr'><strong>lloc</strong></span> <span class='ocrx_word' id='word_1_676' title='bbox 690 2418 748 2444; x_wconf 87' lang='lat' dir='ltr'><strong>viro</strong></span> <span class='ocrx_word' id='word_1_677' title='bbox 770 2417 844 2450; x_wconf 86' lang='lat' dir='ltr'><strong>justo</strong></span> <span class='ocrx_word' id='word_1_678' title='bbox 859 2415 984 2449; x_wconf 89' lang='lat' dir='ltr'><strong>congruit.</strong></span> 
     </span>
    </p>
   </div>
   <div class='ocr_carea' id='block_1_99' title="bbox 201 2461 985 2503">
    <p class='ocr_par' dir='ltr' id='par_1_99' title="bbox 201 2461 985 2503">
     <span class='ocr_line' id='line_1_100' title="bbox 201 2461 985 2503; baseline -0.011 -7"><span class='ocrx_word' id='word_1_679' title='bbox 201 2468 300 2503; x_wconf 82' lang='lat' dir='ltr'><strong>politis.</strong></span> <span class='ocrx_word' id='word_1_680' title='bbox 315 2475 394 2500; x_wconf 79' lang='lat' dir='ltr'><strong>quam</strong></span> <span class='ocrx_word' id='word_1_681' title='bbox 411 2465 479 2492; x_wconf 79' lang='lat' dir='ltr'><strong>Filio</strong></span> <span class='ocrx_word' id='word_1_682' title='bbox 494 2464 552 2491; x_wconf 81' lang='lat' dir='ltr'><strong>Dei.</strong></span> <span class='ocrx_word' id='word_1_683' title='bbox 571 2463 602 2490; x_wconf 84' lang='lat' dir='ltr'><strong>Et</strong></span> <span class='ocrx_word' id='word_1_684' title='bbox 623 2471 734 2491; x_wconf 83' lang='lat' dir='ltr'><strong>rursus:</strong></span> <span class='ocrx_word' id='word_1_685' title='bbox 749 2461 851 2490; x_wconf 76' lang='lat' dir='ltr'><strong>Cadent</strong></span> <span class='ocrx_word' id='word_1_686' title='bbox 866 2469 899 2488; x_wconf 76' lang='lat' dir='ltr'><strong>ea;</strong></span> <span class='ocrx_word' id='word_1_687' title='bbox 920 2461 985 2487; x_wconf 78' lang='lat' dir='ltr'><strong>vaa</strong></span> 
     </span>
    </p>
   </div>
   <div class='ocr_carea' id='block_1_100' title="bbox 201 2505 984 2546">
    <p class='ocr_par' dir='ltr' id='par_1_100' title="bbox 201 2505 984 2546">
     <span class='ocr_line' id='line_1_101' title="bbox 201 2505 984 2546; baseline -0.011 -5"><span class='ocrx_word' id='word_1_688' title='bbox 201 2519 248 2541; x_wconf 82' lang='lat' dir='ltr'><strong>tua</strong></span> <span class='ocrx_word' id='word_1_689' title='bbox 263 2513 375 2546; x_wconf 80' lang='lat' dir='ltr'><strong>milleni,</strong></span> <span class='ocrx_word' id='word_1_690' title='bbox 386 2517 410 2539; x_wconf 86' lang='lat' dir='ltr'><strong>et</strong></span> <span class='ocrx_word' id='word_1_691' title='bbox 423 2513 508 2538; x_wconf 80' lang='lat' dir='ltr'><strong>decem</strong></span> <span class='ocrx_word' id='word_1_692' title='bbox 526 2509 637 2542; x_wconf 80' lang='lat' dir='ltr'><strong>milleni,</strong></span> <span class='ocrx_word' id='word_1_693' title='bbox 654 2515 707 2537; x_wconf 90' lang='lat' dir='ltr'><strong>etc.</strong></span> <span class='ocrx_word' id='word_1_694' title='bbox 718 2509 752 2541; x_wconf 81' lang='grc'><strong>⁶¹,</strong></span> <span class='ocrx_word' id='word_1_695' title='bbox 764 2516 823 2543; x_wconf 61' lang='lat' dir='ltr'><strong>quat</strong></span> <span class='ocrx_word' id='word_1_696' title='bbox 833 2514 940 2542; x_wconf 88' lang='lat' dir='ltr'><strong>quoque</strong></span> <span class='ocrx_word' id='word_1_697' title='bbox 952 2505 984 2533; x_wconf 84' lang='lat' dir='ltr'><strong>ad</strong></span> 
     </span>
    </p>
   </div>
   <div class='ocr_carea' id='block_1_101' title="bbox 201 2558 587 2595">
    <p class='ocr_par' dir='ltr' id='par_1_101' title="bbox 201 2558 587 2595">
     <span class='ocr_line' id='line_1_102' title="bbox 201 2558 587 2595; baseline -0.013 -7"><span class='ocrx_word' id='word_1_698' title='bbox 201 2562 288 2588; x_wconf 86' lang='lat' dir='ltr'><strong>virum</strong></span> <span class='ocrx_word' id='word_1_699' title='bbox 298 2559 400 2595; x_wconf 76' lang='lat' dir='ltr'><strong>justum</strong></span> <span class='ocrx_word' id='word_1_700' title='bbox 420 2558 587 2586; x_wconf 80' lang='lat' dir='ltr'><strong>referuntur.</strong></span> 
     </span>
    </p>
   </div>
   <div class='ocr_carea' id='block_1_102' title="bbox 207 2613 983 2649">
    <p class='ocr_par' dir='ltr' id='par_1_102' title="bbox 207 2613 983 2649">
     <span class='ocr_line' id='line_1_103' title="bbox 207 2613 983 2649; baseline -0.01 -5"><span class='ocrx_word' id='word_1_701' title='bbox 207 2618 237 2644; x_wconf 79' lang='grc' dir='ltr'><strong>ν.</strong></span> <span class='ocrx_word' id='word_1_702' title='bbox 253 2617 298 2645; x_wconf 73' lang='grc'><strong>40.</strong></span> <span class='ocrx_word' id='word_1_703' title='bbox 316 2617 381 2643; x_wconf 80' lang='lat' dir='ltr'><strong>Cum</strong></span> <span class='ocrx_word' id='word_1_704' title='bbox 402 2617 538 2643; x_wconf 69' lang='lat' dir='ltr'><strong>occidisset</strong></span> <span class='ocrx_word' id='word_1_705' title='bbox 553 2623 612 2642; x_wconf 78' lang='lat' dir='ltr'><strong>vero</strong></span> <span class='ocrx_word' id='word_1_706' title='bbox 629 2615 679 2647; x_wconf 63' lang='lat' dir='ltr'><strong>sol,</strong></span> <span class='ocrx_word' id='word_1_707' title='bbox 691 2622 779 2640; x_wconf 71' lang='lat' dir='ltr'><strong>omnes</strong></span> <span class='ocrx_word' id='word_1_708' title='bbox 793 2616 917 2649; x_wconf 75' lang='lat' dir='ltr'><strong>quotquot</strong></span> <span class='ocrx_word' id='word_1_709' title='bbox 933 2613 983 2649; x_wconf 80' lang='lat' dir='ltr'><strong>Iin—_</strong></span> 
     </span>
    </p>
   </div>
   <div class='ocr_carea' id='block_1_103' title="bbox 235 2646 981 2687">
    <p class='ocr_par' dir='ltr' id='par_1_103' title="bbox 235 2646 981 2687">
     <span class='ocr_line' id='line_1_104' title="bbox 235 2646 981 2687; baseline -0.011 -7"><span class='ocrx_word' id='word_1_710' title='bbox 235 2653 327 2680; x_wconf 74' lang='lat' dir='ltr'><strong>hebant</strong></span> <span class='ocrx_word' id='word_1_711' title='bbox 342 2657 497 2687; x_wconf 75' lang='lat' dir='ltr'><strong>wgrotunles</strong></span> <span class='ocrx_word' id='word_1_712' title='bbox 511 2651 608 2678; x_wconf 68' lang='lat' dir='ltr'><strong>morbis</strong></span> <span class='ocrx_word' id='word_1_713' title='bbox 623 2646 714 2682; x_wconf 74' lang='lat' dir='ltr'><strong>rariis,</strong></span> <span class='ocrx_word' id='word_1_714' title='bbox 728 2646 857 2675; x_wconf 74' lang='lat' dir='ltr'><strong>ducebant</strong></span> <span class='ocrx_word' id='word_1_715' title='bbox 869 2647 929 2673; x_wconf 68' lang='lat' dir='ltr'><strong>illo:</strong></span> <span class='ocrx_word' id='word_1_716' title='bbox 948 2646 981 2672; x_wconf 84' lang='lat' dir='ltr'><strong>ad</strong></span> 
     </span>
    </p>
   </div>
   <div class='ocr_carea' id='block_1_104' title="bbox 1040 2234 1826 2270">
    <p class='ocr_par' dir='ltr' id='par_1_104' title="bbox 1040 2234 1826 2270">
     <span class='ocr_line' id='line_1_105' title="bbox 1040 2234 1826 2270; baseline 0.003 -10"><span class='ocrx_word' id='word_1_717' title='bbox 1040 2235 1098 2260; x_wconf 88' lang='grc' dir='ltr'>’Ἰνα</span> <span class='ocrx_word' id='word_1_718' title='bbox 1113 2234 1142 2260; x_wconf 81' lang='grc' dir='ltr'>δὲ</span> <span class='ocrx_word' id='word_1_719' title='bbox 1156 2234 1227 2270; x_wconf 83' lang='grc' dir='ltr'>γνῷς</span> <span class='ocrx_word' id='word_1_720' title='bbox 1243 2234 1280 2270; x_wconf 85' lang='grc' dir='ltr'>μὴ</span> <span class='ocrx_word' id='word_1_721' title='bbox 1298 2234 1362 2270; x_wconf 53' lang='grc' dir='ltr'><strong>περὶ⁸</strong></span> <span class='ocrx_word' id='word_1_722' title='bbox 1381 2234 1427 2261; x_wconf 88' lang='grc' dir='ltr'>τοῦ</span> <span class='ocrx_word' id='word_1_723' title='bbox 1447 2234 1532 2270; x_wconf 89' lang='grc' dir='ltr'>Ἰησοῦ</span> <span class='ocrx_word' id='word_1_724' title='bbox 1554 2234 1677 2269; x_wconf 86' lang='grc' dir='ltr'>λελέχθαι</span> <span class='ocrx_word' id='word_1_725' title='bbox 1700 2234 1735 2262; x_wconf 83' lang='grc' dir='ltr'>τὰ</span> <span class='ocrx_word' id='word_1_726' title='bbox 1761 2236 1826 2262; x_wconf 84' lang='grc' dir='ltr'>ἁνα-</span> 
     </span>
    </p>
   </div>
   <div class='ocr_carea' id='block_1_105' title="bbox 1037 2279 1826 2316">
    <p class='ocr_par' dir='ltr' id='par_1_105' title="bbox 1037 2279 1826 2316">
     <span class='ocr_line' id='line_1_106' title="bbox 1037 2279 1826 2316; baseline 0.003 -10"><span class='ocrx_word' id='word_1_727' title='bbox 1037 2279 1232 2316; x_wconf 77' lang='grc' dir='ltr'>γεγραμμένα,</span> <span class='ocrx_word' id='word_1_728' title='bbox 1256 2280 1313 2307; x_wconf 85' lang='grc' dir='ltr'>ἀλλ’</span> <span class='ocrx_word' id='word_1_729' title='bbox 1329 2281 1368 2312; x_wconf 77' lang='grc' dir='ltr'><strong>είς</strong></span> <span class='ocrx_word' id='word_1_730' title='bbox 1389 2280 1490 2307; x_wconf 85' lang='grc' dir='ltr'>δίκαιον</span> <span class='ocrx_word' id='word_1_731' title='bbox 1510 2279 1593 2315; x_wconf 74' lang='grc' dir='ltr'>ἄνδρα</span> <span class='ocrx_word' id='word_1_732' title='bbox 1615 2279 1701 2307; x_wconf 85' lang='grc' dir='ltr'>ταῦτα</span> <span class='ocrx_word' id='word_1_733' title='bbox 1722 2281 1826 2316; x_wconf 78' lang='grc' dir='ltr'>ἀναφέ-</span> 
     </span>
    </p>
   </div>
   <div class='ocr_carea' id='block_1_106' title="bbox 1039 2322 1827 2360">
    <p class='ocr_par' dir='ltr' id='par_1_106' title="bbox 1039 2322 1827 2360">
     <span class='ocr_line' id='line_1_107' title="bbox 1039 2322 1827 2360; baseline 0.004 -11"><span class='ocrx_word' id='word_1_734' title='bbox 1039 2322 1141 2358; x_wconf 78' lang='grc' dir='ltr'>ρεσθαι,</span> <span class='ocrx_word' id='word_1_735' title='bbox 1169 2323 1267 2350; x_wconf 77' lang='grc' dir='ltr'>ἄκουε·</span> <span class='ocrx_word' id='word_1_736' title='bbox 1296 2323 1451 2359; x_wconf 88' lang='grc' dir='ltr'>Γέγραπται</span> <span class='ocrx_word' id='word_1_737' title='bbox 1472 2324 1545 2360; x_wconf 82' lang='grc' dir='ltr'>γάρ·</span> <span class='ocrx_word' id='word_1_738' title='bbox 1570 2324 1601 2350; x_wconf 80' lang='grc'><strong>⁸0</strong></span> <span class='ocrx_word' id='word_1_739' title='bbox 1619 2325 1769 2352; x_wconf 72' lang='grc' dir='ltr'>κατοικῶν</span> <span class='ocrx_word' id='word_1_740' title='bbox 1791 2327 1827 2355; x_wconf 77' lang='grc' dir='ltr'>ἐν</span> 
     </span>
    </p>
   </div>
   <div class='ocr_carea' id='block_1_107' title="bbox 1033 2369 1825 2403">
    <p class='ocr_par' dir='ltr' id='par_1_107' title="bbox 1033 2369 1825 2403">
     <span class='ocr_line' id='line_1_108' title="bbox 1033 2369 1825 2403; baseline 0.004 -7"><span class='ocrx_word' id='word_1_741' title='bbox 1033 2369 1159 2403; x_wconf 81' lang='grc' dir='ltr'>βοηθείᾳ</span> <span class='ocrx_word' id='word_1_742' title='bbox 1179 2369 1232 2398; x_wconf 82' lang='grc' dir='ltr'>τοῦ</span> <span class='ocrx_word' id='word_1_743' title='bbox 1249 2370 1412 2403; x_wconf 74' lang='grc' dir='ltr'>Ὑψίστου,</span> <span class='ocrx_word' id='word_1_744' title='bbox 1432 2369 1468 2396; x_wconf 75' lang='grc' dir='ltr'>ἐν</span> <span class='ocrx_word' id='word_1_745' title='bbox 1480 2369 1586 2397; x_wconf 81' lang='grc' dir='ltr'>σκέπει</span> <span class='ocrx_word' id='word_1_746' title='bbox 1600 2370 1654 2397; x_wconf 86' lang='grc' dir='ltr'>τοῦ</span> <span class='ocrx_word' id='word_1_747' title='bbox 1670 2371 1748 2398; x_wconf 86' lang='grc' dir='ltr'>Θεοῦ</span> <span class='ocrx_word' id='word_1_748' title='bbox 1771 2372 1825 2399; x_wconf 82' lang='grc' dir='ltr'>τοῦ</span> 
     </span>
    </p>
   </div>
   <div class='ocr_carea' id='block_1_108' title="bbox 1035 2414 1825 2454">
    <p class='ocr_par' dir='ltr' id='par_1_108' title="bbox 1035 2414 1825 2454">
     <span class='ocr_line' id='line_1_109' title="bbox 1035 2414 1825 2454; baseline 0.004 -13"><span class='ocrx_word' id='word_1_749' title='bbox 1035 2414 1163 2448; x_wconf 82' lang='grc' dir='ltr'>οὐρανοῦ</span> <span class='ocrx_word' id='word_1_750' title='bbox 1185 2414 1413 2448; x_wconf 81' lang='grc' dir='ltr'>αὐλισθήσεται.</span> <span class='ocrx_word' id='word_1_751' title='bbox 1437 2415 1522 2442; x_wconf 83' lang='grc' dir='ltr'>Τοῦτο</span> <span class='ocrx_word' id='word_1_752' title='bbox 1539 2415 1635 2452; x_wconf 82' lang='grc' dir='ltr'>δικαίῳ</span> <span class='ocrx_word' id='word_1_753' title='bbox 1659 2416 1762 2452; x_wconf 74' lang='grc' dir='ltr'>μᾶλλον</span> <span class='ocrx_word' id='word_1_754' title='bbox 1775 2418 1825 2454; x_wconf 83' lang='grc' dir='ltr'><strong>ἀρ-</strong></span> 
     </span>
    </p>
   </div>
   <div class='ocr_carea' id='block_1_109' title="bbox 1038 2459 1823 2495">
    <p class='ocr_par' dir='ltr' id='par_1_109' title="bbox 1038 2459 1823 2495">
     <span class='ocr_line' id='line_1_110' title="bbox 1038 2459 1823 2495; baseline 0.006 -10"><span class='ocrx_word' id='word_1_755' title='bbox 1038 2460 1114 2495; x_wconf 80' lang='grc' dir='ltr'>μόζει</span> <span class='ocrx_word' id='word_1_756' title='bbox 1135 2460 1152 2495; x_wconf 82' lang='grc' dir='ltr'><strong>ἢ</strong></span> <span class='ocrx_word' id='word_1_757' title='bbox 1169 2460 1207 2495; x_wconf 86' lang='grc' dir='ltr'>τῷ</span> <span class='ocrx_word' id='word_1_758' title='bbox 1222 2459 1278 2495; x_wconf 84' lang='grc' dir='ltr'><strong>Υίῷ</strong></span> <span class='ocrx_word' id='word_1_759' title='bbox 1296 2460 1343 2486; x_wconf 81' lang='grc' dir='ltr'>τοῦ</span> <span class='ocrx_word' id='word_1_760' title='bbox 1357 2459 1425 2487; x_wconf 82' lang='grc' dir='ltr'><strong>Θεοῦ</strong></span> <span class='ocrx_word' id='word_1_761' title='bbox 1436 2468 1443 2476; x_wconf 90' lang='grc'><strong>·</strong></span> <span class='ocrx_word' id='word_1_762' title='bbox 1461 2461 1507 2488; x_wconf 78' lang='grc' dir='ltr'><strong>καὶ</strong></span> <span class='ocrx_word' id='word_1_763' title='bbox 1521 2459 1599 2493; x_wconf 77' lang='grc' dir='ltr'>αὖθις</span> <span class='ocrx_word' id='word_1_764' title='bbox 1609 2469 1615 2476; x_wconf 88' lang='grc'><strong>·</strong></span> <span class='ocrx_word' id='word_1_765' title='bbox 1634 2462 1775 2490; x_wconf 75' lang='grc' dir='ltr'>Πεσεῖται</span> <span class='ocrx_word' id='word_1_766' title='bbox 1789 2463 1823 2490; x_wconf 81' lang='grc' dir='ltr'>ἐκ</span> 
     </span>
    </p>
   </div>
   <div class='ocr_carea' id='block_1_110' title="bbox 1036 2505 1823 2545">
    <p class='ocr_par' dir='ltr' id='par_1_110' title="bbox 1036 2505 1823 2545">
     <span class='ocr_line' id='line_1_111' title="bbox 1036 2505 1823 2545; baseline 0.005 -14"><span class='ocrx_word' id='word_1_767' title='bbox 1036 2505 1089 2532; x_wconf 81' lang='grc' dir='ltr'>τσῦ</span> <span class='ocrx_word' id='word_1_768' title='bbox 1104 2505 1226 2539; x_wconf 53' lang='lat' dir='ltr'><strong>nullqu</strong></span> <span class='ocrx_word' id='word_1_769' title='bbox 1237 2513 1296 2533; x_wconf 84' lang='grc' dir='ltr'><strong>σου</strong></span> <span class='ocrx_word' id='word_1_770' title='bbox 1310 2505 1419 2540; x_wconf 75' lang='grc' dir='ltr'>χιλιὰς,</span> <span class='ocrx_word' id='word_1_771' title='bbox 1431 2507 1480 2534; x_wconf 79' lang='grc' dir='ltr'>καὶ</span> <span class='ocrx_word' id='word_1_772' title='bbox 1493 2508 1611 2542; x_wconf 84' lang='grc' dir='ltr'>μυριὰς,</span> <span class='ocrx_word' id='word_1_773' title='bbox 1631 2508 1679 2535; x_wconf 83' lang='grc' dir='ltr'>καὶ</span> <span class='ocrx_word' id='word_1_774' title='bbox 1695 2508 1731 2535; x_wconf 81' lang='grc' dir='ltr'>τὰ</span> <span class='ocrx_word' id='word_1_775' title='bbox 1750 2507 1823 2545; x_wconf 79' lang='grc' dir='ltr'>ἑξῆς,</span> 
     </span>
    </p>
   </div>
   <div class='ocr_carea' id='block_1_111' title="bbox 1035 2551 1585 2588">
    <p class='ocr_par' dir='ltr' id='par_1_111' title="bbox 1035 2551 1585 2588">
     <span class='ocr_line' id='line_1_112' title="bbox 1035 2551 1585 2588; baseline 0.005 -11"><span class='ocrx_word' id='word_1_776' title='bbox 1035 2551 1054 2578; x_wconf 78' lang='grc' dir='ltr'>ἃ.</span> <span class='ocrx_word' id='word_1_777' title='bbox 1068 2552 1115 2578; x_wconf 81' lang='grc' dir='ltr'>καὶ</span> <span class='ocrx_word' id='word_1_778' title='bbox 1129 2551 1199 2578; x_wconf 82' lang='grc' dir='ltr'>αὐτὰ</span> <span class='ocrx_word' id='word_1_779' title='bbox 1212 2552 1259 2578; x_wconf 70' lang='grc' dir='ltr'><strong>ἐπὶ</strong></span> <span class='ocrx_word' id='word_1_780' title='bbox 1271 2552 1316 2580; x_wconf 85' lang='grc' dir='ltr'><strong>τὸν</strong></span> <span class='ocrx_word' id='word_1_781' title='bbox 1329 2553 1432 2580; x_wconf 85' lang='grc' dir='ltr'>δίκαιον</span> <span class='ocrx_word' id='word_1_782' title='bbox 1444 2553 1585 2588; x_wconf 82' lang='grc' dir='ltr'>ἀνάγεται.</span> 
     </span>
    </p>
   </div>
   <div class='ocr_carea' id='block_1_112' title="bbox 1036 2608 1823 2644">
    <p class='ocr_par' dir='ltr' id='par_1_112' title="bbox 1036 2608 1823 2644">
     <span class='ocr_line' id='line_1_113' title="bbox 1036 2608 1823 2644; baseline 0.004 -10"><span class='ocrx_word' id='word_1_783' title='bbox 1036 2608 1109 2644; x_wconf 81' lang='grc' dir='ltr'>Στίχ,</span> <span class='ocrx_word' id='word_1_784' title='bbox 1131 2611 1167 2643; x_wconf 89' lang='grc' dir='ltr'>μ’.</span> <span class='ocrx_word' id='word_1_785' title='bbox 1191 2608 1340 2642; x_wconf 82' lang='grc' dir='ltr'>Δύναντος</span> <span class='ocrx_word' id='word_1_786' title='bbox 1366 2608 1400 2635; x_wconf 82' lang='grc' dir='ltr'>δὲ</span> <span class='ocrx_word' id='word_1_787' title='bbox 1421 2609 1475 2636; x_wconf 89' lang='grc' dir='ltr'>τοῦ</span> <span class='ocrx_word' id='word_1_788' title='bbox 1495 2610 1584 2644; x_wconf 75' lang='grc' dir='ltr'>ἡλίου</span> <span class='ocrx_word' id='word_1_789' title='bbox 1597 2631 1604 2642; x_wconf 86' lang='grc'><strong>,</strong></span> <span class='ocrx_word' id='word_1_790' title='bbox 1628 2609 1742 2643; x_wconf 75' lang='grc' dir='ltr'>πάντες</span> <span class='ocrx_word' id='word_1_791' title='bbox 1757 2610 1823 2637; x_wconf 78' lang='grc' dir='ltr'>ὅσοι</span> 
     </span>
    </p>
   </div>
   <div class='ocr_carea' id='block_1_113' title="bbox 1071 2643 1823 2681">
    <p class='ocr_par' dir='ltr' id='par_1_113' title="bbox 1071 2643 1823 2681">
     <span class='ocr_line' id='line_1_114' title="bbox 1071 2643 1823 2681; baseline 0.003 -10"><span class='ocrx_word' id='word_1_792' title='bbox 1071 2643 1153 2677; x_wconf 73' lang='grc' dir='ltr'>εἶχον·</span> <span class='ocrx_word' id='word_1_793' title='bbox 1174 2644 1377 2677; x_wconf 71' lang='grc' dir='ltr'>ἀσθενοῦντας</span> <span class='ocrx_word' id='word_1_794' title='bbox 1395 2644 1499 2677; x_wconf 78' lang='grc' dir='ltr'>νόσοις</span> <span class='ocrx_word' id='word_1_795' title='bbox 1520 2645 1686 2679; x_wconf 79' lang='grc' dir='ltr'>ποικίλαις,</span> <span class='ocrx_word' id='word_1_796' title='bbox 1709 2646 1823 2681; x_wconf 68' lang='grc' dir='ltr'><strong>ἥταπυν</strong></span> 
     </span>
    </p>
   </div>
   <div class='ocr_carea' id='block_1_114' title="bbox 231 2736 1127 2775">
    <p class='ocr_par' dir='ltr' id='par_1_114' title="bbox 231 2736 1127 2775">
     <span class='ocr_line' id='line_1_115' title="bbox 231 2736 1127 2775; baseline -0.006 -7"><span class='ocrx_word' id='word_1_797' title='bbox 231 2741 255 2757; x_wconf 85' lang='grc'>⁶⁹</span> <span class='ocrx_word' id='word_1_798' title='bbox 274 2741 333 2768; x_wconf 88' lang='lat' dir='ltr'><strong>Gal.</strong></span> <span class='ocrx_word' id='word_1_799' title='bbox 349 2749 386 2775; x_wconf 82' lang='lat' dir='ltr'><strong>tv,</strong></span> <span class='ocrx_word' id='word_1_800' title='bbox 399 2740 445 2768; x_wconf 77' lang='lat'><strong>27.</strong></span> <span class='ocrx_word' id='word_1_801' title='bbox 483 2741 506 2757; x_wconf 79' lang='lat'><strong><em>°°</em></strong></span> <span class='ocrx_word' id='word_1_802' title='bbox 521 2740 587 2768; x_wconf 86' lang='lat' dir='ltr'><strong>Luc.</strong></span> <span class='ocrx_word' id='word_1_803' title='bbox 606 2747 647 2772; x_wconf 88' lang='grc' dir='ltr'>ιιι,</span> <span class='ocrx_word' id='word_1_804' title='bbox 663 2739 692 2767; x_wconf 75' lang='lat'><strong>‘2.</strong></span> <span class='ocrx_word' id='word_1_805' title='bbox 730 2738 751 2754; x_wconf 84' lang='lat'>“</span> <span class='ocrx_word' id='word_1_806' title='bbox 769 2737 840 2765; x_wconf 85' lang='lat' dir='ltr'><strong>l&#39;sal.</strong></span> <span class='ocrx_word' id='word_1_807' title='bbox 853 2744 897 2769; x_wconf 77' lang='lat' dir='ltr'><strong>xc,</strong></span> <span class='ocrx_word' id='word_1_808' title='bbox 920 2736 945 2764; x_wconf 87' lang='lat' dir='ltr'><strong>l.</strong></span> <span class='ocrx_word' id='word_1_809' title='bbox 983 2738 1006 2754; x_wconf 72' lang='grc' dir='ltr'>η</span> <span class='ocrx_word' id='word_1_810' title='bbox 1023 2737 1086 2765; x_wconf 88' lang='lat' dir='ltr'><strong>ibid.</strong></span> <span class='ocrx_word' id='word_1_811' title='bbox 1100 2736 1127 2763; x_wconf 87' lang='lat'><strong>7.</strong></span> 
     </span>
    </p>
   </div>
   <div class='ocr_carea' id='block_1_115' title="bbox 235 2796 900 2836">
    <p class='ocr_par' dir='ltr' id='par_1_115' title="bbox 235 2796 900 2836">
     <span class='ocr_line' id='line_1_116' title="bbox 235 2796 900 2836; baseline -0.006 -9"><span class='ocrx_word' id='word_1_812' title='bbox 235 2800 292 2835; x_wconf 60' lang='lat'><strong>(76)</strong></span> <span class='ocrx_word' id='word_1_813' title='bbox 306 2800 372 2828; x_wconf 80' lang='lat' dir='ltr'><strong>Vide</strong></span> <span class='ocrx_word' id='word_1_814' title='bbox 389 2809 468 2836; x_wconf 85' lang='lat' dir='ltr'><strong>supra</strong></span> <span class='ocrx_word' id='word_1_815' title='bbox 483 2801 517 2828; x_wconf 89' lang='lat' dir='ltr'><strong>ad</strong></span> <span class='ocrx_word' id='word_1_816' title='bbox 537 2808 596 2836; x_wconf 83' lang='lat' dir='ltr'><strong>cap.</strong></span> <span class='ocrx_word' id='word_1_817' title='bbox 616 2800 647 2830; x_wconf 84' lang='lat' dir='ltr'><strong>ll.</strong></span> <span class='ocrx_word' id='word_1_818' title='bbox 664 2799 710 2831; x_wconf 81' lang='lat'><strong>5|,</strong></span> <span class='ocrx_word' id='word_1_819' title='bbox 729 2805 760 2825; x_wconf 78' lang='lat' dir='ltr'><strong>ex</strong></span> <span class='ocrx_word' id='word_1_820' title='bbox 779 2797 838 2825; x_wconf 81' lang='lat' dir='ltr'><strong>cod.</strong></span> <span class='ocrx_word' id='word_1_821' title='bbox 854 2796 900 2824; x_wconf 76' lang='lat'><strong>28.</strong></span> 
     </span>
    </p>
   </div>
   <div class='ocr_carea' id='block_1_116' title="bbox 983 2795 1497 2833">
    <p class='ocr_par' dir='ltr' id='par_1_116' title="bbox 983 2795 1497 2833">
     <span class='ocr_line' id='line_1_117' title="bbox 983 2795 1497 2833; baseline -0.004 -9"><span class='ocrx_word' id='word_1_822' title='bbox 983 2798 1038 2833; x_wconf 72' lang='lat'><strong>(77)</strong></span> <span class='ocrx_word' id='word_1_823' title='bbox 1055 2796 1178 2832; x_wconf 80' lang='lat' dir='ltr'><strong>Origcnis</strong></span> <span class='ocrx_word' id='word_1_824' title='bbox 1186 2801 1212 2824; x_wconf 89' lang='lat' dir='ltr'><strong>et</strong></span> <span class='ocrx_word' id='word_1_825' title='bbox 1223 2795 1346 2832; x_wconf 84' lang='lat' dir='ltr'><strong>Gregorii</strong></span> <span class='ocrx_word' id='word_1_826' title='bbox 1355 2795 1497 2831; x_wconf 75' lang='lat' dir='ltr'><strong>Theologi.</strong></span> 
     </span>
    </p>
   </div>
  </div>
