1904 3076
195 132 248 159 €39

621 131 898 161 SUPPLEMENTUM
916 133 962 160 AD
979 132 1141 161 ORIGENIS
1156 133 1361 162 EXEGETICA.

1758 133 1809 162 540

193 190 279 218 decim
293 197 466 218 enumerasse
494 189 660 217 Inﬁrmitatis
681 197 778 218 annos.
805 191 889 226 Igitur
914 192 967 218 ιιιε(

1025 191 1178 227 “apameae
1199 191 1301 219 δώδεκα
1319 191 1366 226 ἔτη
1393 187 1465 226 εἶχεν
1487 190 1686 226 αἱμορροοῦσα·
1711 190 1809 218 οὐκοῦν

193 235 276 269 cmpit
291 235 423 269 sanguine
444 233 528 261 ﬂuere
542 241 596 268 quo
610 234 653 260 illa
672 241 745 263 anno
759 235 786 262 in
799 235 887 263 lucem
901 237 972 263 edita

191 285 243 307 est.
259 280 323 307 Sine
337 279 480 307 alrectione
495 280 568 306 enim
583 284 626 307 est
639 280 682 307 illa
697 282 815 315 quandiu
835 289 972 319 synagoga

191 324 258 351 vivit
274 331 282 352 :
303 329 331 350 et
345 331 413 351 unus
426 324 552 359 idemque
568 329 610 352 est
623 327 754 352 terminus
772 327 902 361 temporis
915 347 923 360 ,
945 332 972 354 et

192 369 254 396 tinis
270 369 351 401 illius,
371 373 399 396 et
426 369 495 396 initii
516 370 613 398 salutis
627 371 715 399 istius.
742 371 896 400 Duodennis
926 372 970 400 illa

191 415 313 445 moritur.
339 419 366 441 et
391 415 448 442 haec
473 420 535 450 post
562 416 703 444 duodecim
724 424 779 444 sua!
807 417 971 445 inﬁrmitatis

188 467 274 487 annos
284 460 398 488 credens
421 466 545 493 sanatur,
577 469 636 496 quae
662 469 677 489 a
707 462 779 489 nullo
806 463 969 490 medicorum

188 505 278 532 sanari
293 510 427 540 potuerat.
449 506 524 534 Multi
537 507 609 535 enim
627 512 690 535 sunt
708 508 826 541 medici,
843 508 889 543 qui
905 517 970 543 gen-

188 550 259 577 tibus
282 550 394 578 salutem
417 559 448 578 se
473 551 603 580 allaturos
624 553 796 587 pollicemur.
828 553 856 580 Si
869 554 969 581 videris

187 595 363 630 philosophos
391 597 534 624 veritatem
563 598 721 632 proﬁtentes
740 609 746 625 :
768 599 862 626 medici
888 605 967 632 sunt,

185 641 231 672 qui
256 649 354 668 sanare
381 642 514 670 nituntur.
544 643 579 670 At
604 644 734 678 impensis
759 645 884 672 omnibus
907 653 968 679 qua:

185 687 302 714 habebat
315 688 341 714 in
356 687 431 719 illos.
458 688 667 724 haudquaquam
685 690 772 725 potuit
789 691 823 718 ab
841 692 896 718 ullo
911 699 967 718 me-

184 733 306 760 dicorum
322 734 425 760 sanari.
448 735 548 768 Tetigit
562 743 596 762 ex
613 736 666 763 lide
689 735 822 763 ﬁmbriam
840 735 915 768 Jesu,
941 741 968 764 et

184 778 333 806 convaluit.
347 779 374 807 Si
387 780 590 808 consideremus
608 780 686 808 (idem
698 786 820 808 nostram
835 782 860 808 in
874 781 965 809 Jesum

183 823 333 856 Christum,
346 829 374 852 et
397 826 547 860 cogitemus
573 831 688 860 quantus
704 831 745 854 est
761 826 845 855 Filius
862 827 924 861 Dei,
939 833 966 856 et

183 876 327 904 quemnam
350 871 436 905 ipsum
455 876 615 906 tangamus:
636 873 788 901 videbimus
802 894 809 906 ,
835 875 907 908 quod
931 875 964 901 ad
982 868 1002 895 Β

183 918 412 952 comparationem
430 919 596 946 ﬁmbriarum
612 927 672 954 qum
692 920 719 947 in
738 921 796 956 ipso
811 927 884 955 sunt,
904 922 966 948 iitu-

182 963 269 991 briam
283 972 363 990 unam
375 965 520 998 tetigimus.
536 965 600 993 Haec
616 966 722 993 tlmbria
739 967 862 994 medetur
877 968 964 1000 nobis,

181 1014 208 1036 et
225 1010 290 1037 facit
308 1015 337 1037 ut
351 1011 384 1038 ab
398 1010 460 1038 Iesu
473 1012 616 1039 audiamus
633 1022 639 1039 ε
656 1011 742 1045 Filia,
762 1013 827 1046 ﬁdes
845 1018 892 1040 tua
912 1014 966 1041 sal-

181 1057 248 1084 uauit
262 1062 286 1083 te
297 1057 332 1089 ⁷⁷,
345 1063 372 1085 et
384 1066 522 1086 curetnur.
537 1059 570 1086 Et
584 1059 793 1094 archisynagogi
806 1059 861 1087 ﬁlia
875 1068 966 1087 resur—

181 1107 234 1135 get.
249 1103 362 1136 Quando
377 1107 447 1131 enim
461 1105 602 1132 multitudo
614 1107 729 1140 gentium
743 1107 860 1141 ingressa
872 1107 962 1141 fuerit,

179 1154 242 1176 mm:
256 1151 341 1177 ontnt's
356 1151 444 1178 Israel
464 1152 608 1178 minabitur
621 1153 644 1168 ’⁸

500 1240 576 1268 CAP.
596 1241 643 1268 IX.

183 1285 214 1311 V.
298 1286 365 1322 Dico
383 1290 471 1312 autem
482 1287 552 1313 vobis
565 1295 625 1314 uere
639 1294 649 1313 :
666 1287 734 1314 Sunt
749 1288 858 1322 quidam
871 1297 962 1316 eorum

212 1320 259 1353 qui
276 1320 318 1346 hic
341 1325 478 1357 steterunt,
494 1322 539 1356 qui
558 1330 720 1357 nequaquam
736 1320 876 1357 gustabunt
891 1333 962 1351 mor-

212 1360 276 1387 tem,
293 1363 427 1390 quousque
446 1356 548 1383 videant
567 1356 675 1391 regnum
690 1356 747 1384 Dei.

214 1400 276 1428 Πίσα
288 1401 321 1428 ad
332 1399 440 1428 Petrum
455 1406 482 1429 et
498 1401 628 1429 Jacobum
646 1407 673 1429 et
693 1402 826 1430 Joannem
842 1403 962 1431 nonnulli

179 1445 310 1478 referunt,
333 1446 380 1481 qui
404 1454 456 1473 una
473 1454 534 1473 cum
557 1447 666 1474 Christo
682 1448 708 1474 in
727 1449 865 1476 excelsum
887 1457 962 1476 mon-

180 1495 233 1517 tem
247 1491 430 1518 ascenderunt
440 1499 450 1517 ι
470 1492 515 1525 qui
529 1496 556 1518 et
571 1496 685 1519 mortem
706 1501 760 1520 non
772 1498 959 1528 gustaverunt,

178 1539 323 1570 antequam
349 1536 477 1563 viderunt
495 1536 594 1563 Filium
622 1538 740 1565 hominis
768 1539 910 1567 advenisse
933 1540 959 1567 in
974 1535 995 1565 C

177 1588 261 1614 regno
277 1589 336 1613 suo,
354 1582 410 1608 sive
425 1582 451 1608 in
466 1582 551 1616 gloria
569 1582 815 1615 lransl‘tgut‘ationis
829 1585 896 1618 ejus.

210 1626 286 1661 Quod
299 1627 320 1654 si
336 1627 398 1662 quid
413 1628 546 1656 curiosius
563 1629 654 1656 dicere
666 1629 738 1662 licet,
752 1637 778 1657 et
796 1631 828 1657 de
845 1638 877 1658 eo
889 1632 959 1666 quod

175 1674 210 1700 sit
224 1678 296 1701 stare
310 1681 371 1701 cttm
384 1674 510 1705 Christo,
534 1679 562 1702 et
579 1675 612 1703 de
629 1683 662 1703 eo
683 1677 753 1711 quod
781 1678 817 1704 sit
842 1683 957 1705 mortent

175 1724 284 1752 gustare
300 1729 306 1746 :
320 1720 427 1747 fuerant
445 1721 554 1755 quidam
579 1722 624 1756 qui
649 1727 783 1749 steterunt
808 1723 852 1750 ubi
867 1723 958 1755 Jesus,

174 1765 266 1792 anima
287 1765 371 1793 innixi
384 1773 466 1801 super
477 1767 542 1800 illo;
567 1772 680 1802 eratque
697 1775 791 1795 eorum
807 1768 890 1796 statio
905 1777 957 1796 non

175 1812 318 1840 admodum
341 1812 473 1840 abludeus
504 1820 519 1840 a
551 1812 651 1848 Moysis
686 1813 814 1842 statione.
851 1814 956 1841 Etenim

175 1858 262 1892 inquit
273 1857 380 1894 Moyses
393 1867 399 1885 :
413 1858 524 1894 Egoque
535 1859 598 1886 steti
611 1860 637 1886 in
656 1864 747 1887 monte
764 1861 823 1888 dies
839 1862 958 1894 quadra-

172 1903 245 1937 ginta
256 1908 284 1930 et
296 1909 389 1932 noctes
403 1904 593 1940 quadraginta,
605 1905 702 1940 dignus
712 1906 838 1934 audiendi
851 1906 938 1934 factus
949 1917 955 1934 :

174 1952 213 1980 'i‘u
229 1960 294 1980 vero
307 1953 343 1981 ibi
363 1958 404 1981 sta
422 1961 528 1981 mecum
546 1953 580 1980 ⁷³.
597 1951 680 1979 Pauci
703 1959 785 1986 porro
799 1957 864 1979 sunt
877 1953 956 1979 amici

174 1997 230 2030 Dei,
245 1998 289 2031 qui
307 1999 451 2025 stationem
477 1998 578 2025 habent
596 1997 623 2024 in
643 1997 714 2024 bono
727 2016 735 2028 ,
751 1997 820 2024 sicut
836 1996 956 2030 Baptista

173 2050 229 2076 ipse
242 2043 275 2069 de
289 2050 320 2070 se
333 2043 398 2070 dicit
410 2051 417 2069 :
431 2043 464 2070 At
481 2043 582 2069 anticus
594 2042 682 2075 sponsi
697 2046 769 2067 stans
783 2041 879 2076 gaudio
891 2050 957 2076 gau—

171 2089 213 2114 det
234 2087 267 2113 5'.
291 2087 324 2114 Et
344 2087 362 2114 ii
382 2088 464 2121 igitur
485 2087 532 2122 qui
559 2090 693 2114 steterunt
722 2085 793 2119 apud
827 2084 956 2117 Verbum,

173 2132 272 2160 habent
285 2133 435 2160 stationum
453 2133 636 2160 diversitates.
655 2132 745 2165 Quare
769 2131 840 2158 haud
862 2139 956 2158 omnes

171 2178 217 2212 qui
233 2186 316 2214 penes
329 2178 499 2206 Salvatorem
512 2183 624 2210 stetere,
641 2179 689 2205 sed
703 2178 812 2213 quidam
826 2185 859 2204 ex
876 2177 952 2212 ipsis,

171 2227 299 2257 tanquam
311 2223 356 2257 qui
370 2223 465 2251 melius
481 2223 616 2257 steterint,
631 2228 746 2250 mortem
762 2231 815 2250 non
832 2228 950 2258 gustant,

171 2269 257 2295 donec
277 2269 385 2296 videant
408 2269 527 2296 Verbum
543 2278 604 2297 cum
630 2270 786 2297 hominibus
806 2277 954 2296 conversa-

170 2320 239 2347 tum,
271 2320 298 2342 et
327 2321 470 2350 propterea
505 2315 602 2343 Filium
631 2317 748 2344 hominis
777 2317 952 2351 appellatum,

171 2361 324 2388 venientem
337 2363 363 2388 in
380 2369 464 2397 regno
480 2369 539 2389 suo.
556 2361 614 2390 Non
625 2364 699 2390 enim
712 2363 813 2398 jugiter
830 2363 856 2390 in
870 2370 953 2397 regno

168 2413 217 2432 suo
245 2406 341 2438 venit,
375 2411 504 2441 quantum
541 2408 574 2434 ad
613 2415 661 2435 eos
696 2408 741 2442 qui
775 2408 953 2435 introducun-

168 2456 211 2478 tur
239 2451 296 2486 (88)
324 2452 440 2485 attinet,
468 2453 512 2486 qui
544 2453 624 2480 facile
655 2454 796 2485 dicerent,
831 2462 880 2480 non
904 2455 953 2480 Im-

167 2497 227 2524 bere
237 2505 296 2524 eum
308 2498 429 2532 speciem,
447 2506 526 2533 neque
544 2498 766 2532 pulchritudinem
781 2499 814 2526 θι.
831 2499 864 2526 At
879 2500 950 2526 enim

166 2544 236 2579 apud
251 2551 298 2571 eos
318 2545 364 2578 qui
383 2544 437 2578 jam
457 2543 567 2579 perfecti
594 2550 673 2577 sunt,
691 2544 836 2572 secundum
853 2545 948 2576 David,

166 2594 278 2623 :tpparct
294 2589 425 2623 speciosus
444 2590 530 2623 forma
551 2598 606 2623 pne
622 2590 684 2622 filiis
699 2590 836 2616 hominum
850 2590 884 2617 ".
899 2589 950 2616 Ha-

167 2633 212 2660 het
232 2635 313 2669 igitur
335 2635 437 2668 regiam
467 2635 611 2662 admodum
633 2635 791 2668 dignitatem
819 2634 949 2666 Verbum,

165 2679 229 2706 dum
261 2681 366 2708 videtur
397 2681 561 2715 quibusdam
588 2681 718 2708 stantium
751 2681 820 2715 apud
845 2679 948 2713 Jesum,

200 2773 222 2788 "
236 2773 330 2800 Matth.
348 2780 386 2802 ιι.
403 2771 449 2800 ΞΞ.
487 2770 600 2808 "ﬁunt.
618 2778 654 2802 XI,
668 2770 713 2802 Εὖ,
728 2769 773 2796 26.
813 2769 834 2784 ⁷³
847 2769 923 2796 Deut.
945 2777 980 2797 ix.

1023 237 1083 272 ἅμα
1099 238 1132 272 τῇ
1147 238 1252 271 γενέσει
1266 232 1359 273 ἐκείνῃ
1375 237 1443 272 αὕτη
1458 237 1607 272 αἱμορῤοεῖ.
1629 237 1673 263 Ἐν
1691 236 1809 272 ἀπαθείᾳ

1023 282 1077 318 γάρ
1092 283 1166 308 ἐστιν
1183 282 1272 316 ἐκείνη
1289 282 1351 308 ὅσον
1365 282 1460 317 χρόνον
1480 282 1512 317 ζῇ
1535 283 1551 316 ὴ
1578 282 1722 316 συναγωγή
1736 290 1742 296 ·
1761 282 1808 308 καὶ

1022 328 1036 353 ὁ
1050 327 1130 358 αὐτὸς
1145 327 1208 363 ὅρος
1224 327 1271 353 τοῦ
1293 327 1388 362 χρόνον
1408 327 1454 353 τοῦ
1471 327 1563 358 τέλους
1578 326 1684 362 ἐκείνης
1697 326 1745 353 καὶ
1759 326 1809 361 τῆς

1022 373 1107 408 ἀρχῆς
1120 374 1169 409 τῆς
1183 373 1317 409 σωτηρίας
1327 373 1428 408 ταύτης
1439 373 1505 399 ἐστι.
1518 373 1624 399 Δώδεκα
1634 373 1702 399 ἐτῶν
1715 372 1807 408 ἐκείνη

1021 418 1198 453 ἀποθνήσκει,
1214 419 1260 445 καὶ
1274 417 1377 445 δώδεκα
1396 419 1464 445 ἐτῶν
1481 419 1550 453 αὕτη
1570 418 1616 444 τοῦ
1639 418 1742 449 πάθους
1761 427 1808 444 πι-

1022 465 1157 492 στεύσασα
1172 465 1361 501 θεραπεύεται,
1378 465 1438 500 ἥτις
1448 465 1497 491 οὐκ
1513 465 1621 500 ῐσχυσεν
1637 465 1683 491 ὑπ’
1700 464 1808 496 οὐδενὸς

1020 510 1074 536 τῶν
1093 510 1192 546 ἰατρῶν
1212 510 1422 546 θεραπευθῆναι.
1445 510 1540 536 Πολλοὶ
1567 511 1620 545 γὰρ
1644 510 1732 545 ἰατροὶ
1743 511 1807 542 τοὺς

1020 556 1072 581 ἀπὸ
1097 555 1180 582 ἐθνῶν
1203 556 1351 591 ὑπέσχοντο
1373 555 1550 591 θεραπεῦσαι.
1579 555 1643 582 Ἐὰν
1663 555 1722 592 ἴδῃς
1742 555 1812 586 τοὺς

1019 601 1228 636 φιλοσοφοῦντας
1241 602 1489 638 ἐπαγγελλομένους
1503 602 1639 636 ἀλήθειαν,
1654 602 1742 637 ἰατροί
1752 602 1806 628 εἰσι

1019 646 1182 682 θεραπεῦσαι
1190 647 1363 683 πειρώμενοι.
1373 647 1441 674 Ἀλλ’
1454 648 1509 682 (89)
1517 648 1615 679 αὐτοὺς
1626 647 1807 682 δαπανήσασα

1017 693 1052 719 τὰ
1067 693 1130 728 παρ’
1147 694 1246 730 ἑαυτῆς
1262 695 1359 726 πάντα,
1375 694 1424 720 οὐκ
1438 693 1547 728 ἴσχυσεν
1562 694 1608 720 ὑπ’
1622 693 1731 724 οὐδενὸς
1751 693 1806 718 τῶν

1019 739 1118 774 ἰατρῶν
1135 739 1347 774 θεραπευθῆναι.
1361 739 1467 774 Ἥψατο
1481 739 1508 765 δὲ
1519 730 1565 765 tot?
1587 738 1742 774 κρασπέδου
1757 738 1806 765 τοῦ

1024 784 1109 819 Ἰησοῦ
1124 784 1168 811 διὰ
1181 785 1307 816 πίστεως,
1324 786 1370 811 καὶ
1385 784 1456 820 ἰάθη.
1487 784 1550 811 Ἐὰν
1571 784 1669 819 ῐδωμεν
1689 783 1740 819 τὴν
1759 783 1806 810 πί-

1018 838 1076 856 στιν
1092 830 1168 865 ἡμῶν
1185 831 1233 865 τὴν
1254 831 1294 862 εἰς
1319 830 1421 866 Ἰησοῦν
1440 830 1573 866 Χριστὸν,
1594 830 1640 856 καὶ
1660 829 1806 865 νοήσωμεν

1017 875 1130 910 πηλίκος
1145 876 1219 902 ἐστὶν
1235 877 1248 902 ὁ
1269 876 1331 907 Υἱὸς
1347 876 1394 902 τοῦ
1414 875 1496 907 Θεοῦ,
1513 876 1560 902 καὶ
1580 876 1652 907 τίνος
1673 875 1806 910 ἡψάμεθα

1017 921 1110 954 αὑτοῦ,
1129 922 1260 957 ὀψόμεθα,
1284 923 1324 949 ὅτι
1347 922 1416 958 πρὸς
1441 922 1583 957 σύγκρισιν
1606 921 1659 948 τῶν
1676 923 1705 947 ὲν
1729 921 1806 957 αὑτῷ

1017 967 1175 1002 κρασπέδων
1189 967 1341 1002 κρασπέδου
1358 967 1497 1003 ἡψάμεθα.
1509 967 1593 994 Τοῦτο
1604 967 1633 993 τὸ
1648 967 1804 1002 κράσπεδον

1017 1011 1164 1047 θεραπεύει
1184 1013 1267 1048 ἡμᾶς,
1291 1012 1338 1039 καὶ
1354 1014 1425 1039 ποιεῖ
1438 1013 1546 1039 ἀκούειν
1562 1012 1616 1039 ἀπὸ
1629 1012 1676 1038 τοῦ
1695 1012 1784 1047 Ἰησσῦ
1795 1020 1803 1026 ·

1017 1058 1156 1092 θύγατερ,
1179 1059 1198 1092 ὴ
1214 1059 1315 1091 πίστις
1331 1066 1389 1085 σου
1405 1058 1522 1086 σέσωκέ
1537 1066 1583 1089 σε,
1602 1059 1649 1084 καὶ
1666 1057 1806 1093 θεραπευ-

1016 1102 1115 1138 θῶμεν.
1131 1103 1213 1139 Καὶὴ
1229 1103 1350 1139 θυγάτηρ
1362 1104 1542 1138 ἀναστήσεται
1552 1103 1598 1129 τοῦ
1613 1102 1803 1138 ἀρχισυναγώ-

1015 1156 1074 1182 γου.
1097 1149 1189 1175 ὀταν
1206 1150 1260 1183 γὰρ
1281 1149 1314 1176 τὸ
1330 1148 1445 1183 πλῆθος
1462 1148 1522 1176 τῶν
1545 1148 1642 1176 ἑανῶν
1662 1148 1802 1181 εἰσέλθῃ,

1015 1193 1080 1220 τότε
1097 1191 1156 1226 πᾶς
1174 1193 1290 1227 Ἰσραὴλ
1305 1193 1482 1228 σωθήσεται.

1340 1239 1419 1265 ΚΕΦ.
1439 1239 1477 1265 Θ’.

1018 1283 1095 1344 Στέχς.
1114 1283 1164 1316 κζ.
1184 1283 1264 1318 Λέγω
1277 1283 1310 1310 δὲ
1325 1284 1396 1327 ium“
1406 1285 1526 1328 ἀλῃθῶς
1536 1293 1543 1299 ·
1562 1285 1630 1311 Εἰσί
1646 1292 1731 1328 τινες,
1742 1283 1804 1311 τῶν

1048 1328 1072 1344 ω
1090 1327 1105 1344 ε
1124 1319 1303 1344 ἑστηκότων.
1323 1319 1351 1344 οἲ
1366 1327 1402 1344 ου
1419 1328 1458 1344 1m
1477 1327 1641 1344 ’νευσωνται
1655 1321 1802 1344 (iuratos)-

1048 1316 1105 1345 ὦδε
1124 1316 1303 1351 ἑστηκότων,
1323 1316 1351 1344 οῗ
1366 1320 1402 1345 οὺ
1416 1316 1463 1353 μὴ
1477 1316 1641 1353 γεύσωνται
1655 1319 1802 1353 θανάτου,

1048 1353 1103 1386 ἓως
1115 1353 1154 1380 ἂν
1167 1353 1251 1380 ῖδωσι
1271 1353 1327 1387 τὴν
1339 1354 1503 1386 ,βασιλείαν
1519 1354 1571 1380 τοῦ
1589 1354 1674 1382 Θεοῦ.

1047 1399 1140 1426 Ταῦτα
1156 1400 1201 1426 ἐπὶ
1215 1400 1316 1435 Πέτρον
1332 1400 1378 1426 καὶ
1399 1400 1525 1427 Ἰάκωϐον
1545 1400 1590 1427 καὶ
1616 1400 1746 1436 Ἰωάννην
1758 1409 1802 1427 τι-

1012 1445 1056 1477 νὲς
1075 1445 1254 1481 ἀναφέρουσι,
1278 1445 1474 1478 συναναϐάντες
1499 1447 1538 1478 εἰς
1560 1446 1592 1473 τὸ
1613 1438 1714 1481 ὑψηλὸν
1736 1446 1802 1482 ὅρος

1011 1492 1130 1527 Χριστῷ,
1143 1492 1168 1518 οἳ
1184 1492 1230 1519 καὶ
1241 1491 1355 1518 θανάτου
1369 1493 1419 1519 οὐκ
1433 1493 1588 1526 ἐγεύσαντο,
1604 1493 1657 1528 πρὸ
1669 1492 1717 1526 τοῦ
1734 1493 1802 1520 ἰδεῖν

1011 1539 1056 1565 τὺν
1076 1539 1140 1565 Υἰὸν
1158 1538 1205 1564 τοῦ
1225 1538 1368 1573 ἀνθράητου
1383 1538 1491 1565 ἐλθόντα
1507 1539 1535 1565 ὲν
1554 1540 1587 1574 τῇ
1609 1538 1734 1575 βασιλείᾳ
1750 1540 1802 1566 αὺ-

1011 1584 1069 1616 τοῦ,
1084 1585 1143 1620 ἦτοι
1156 1586 1184 1611 ἐν
1196 1586 1229 1620 τῇ
1244 1585 1307 1621 δόξῃ
1323 1585 1371 1620 τῆς
1386 1584 1622 1620 μεταμορφώσεως
1641 1584 1736 1612 αὑτοῦ.

1045 1631 1076 1657 Εἰ
1089 1631 1117 1657 δὲ
1130 1632 1181 1666 χρή
1195 1640 1221 1657 τι
1234 1632 1279 1657 καὶ
1295 1631 1502 1667 περιεργότερον
1521 1633 1606 1657 εἰπεῖν
1624 1631 1688 1666 περί
1703 1639 1735 1657 τε
1749 1631 1800 1658 τοῦ

1010 1676 1118 1702 ἑστάναι
1132 1676 1201 1711 μετὰ
1220 1676 1316 1711 Ἰησοῦ,
1329 1677 1375 1703 καὶ
1388 1677 1451 1712 περὶ
1465 1676 1513 1702 τοῦ
1528 1676 1655 1711 γεύεσθαι
1667 1676 1798 1703 θανάτοιν

1009 1721 1078 1757 ἦσαν
1095 1732 1167 1755 τινες
1189 1723 1304 1754 ἑστῶτες
1321 1724 1386 1750 ὅπου
1410 1723 1529 1758 Ἰησοῦς,
1551 1723 1742 1759 ἐρηρεισμέναι
1761 1724 1798 1758 τῇ

1007 1770 1080 1805 ψυχῇ
1096 1769 1160 1804 παρ’
1173 1769 1255 1804 αὐτῷ.
1273 1767 1327 1796 Ἦν
1348 1769 1439 1800 αὐτοῖς
1459 1770 1476 1804 ἡ
1496 1769 1590 1800 στάσις
1609 1770 1744 1805 συγγενὴς
1760 1771 1796 1805 τῇ

1008 1815 1054 1842 τοῦ
1075 1817 1169 1851 Μωσῆ.
1188 1815 1272 1850 Κάγὼ
1290 1816 1354 1851 γὰρ,
1372 1816 1454 1851 φησὶν
1469 1816 1483 1842 ὁ
1505 1815 1636 1850 Μωῡσῆς,
1656 1815 1740 1850 ἔστην
1765 1815 1797 1841 ὲν

1008 1862 1046 1897 τῷ
1059 1862 1117 1898 sps;
1132 1862 1236 1897 ἡμέρας
1255 1861 1457 1897 τεσσαράκοντα
1472 1861 1518 1888 καὶ
1539 1862 1639 1892 νύκτας
1658 1861 1797 1896 τεσσαρά-

1008 1916 1100 1938 κοντα,
1116 1907 1240 1940 ἀξιωθεὶς
1251 1907 1379 1933 ἀκοῦσαν
1394 1907 1441 1934 καὶ
1457 1908 1488 1933 σὺ
1501 1907 1528 1933 δὲ
1545 1907 1626 1933 αὐτοῦ
1642 1906 1719 1942 στῆθι
1736 1907 1797 1942 μετ’

1007 1951 1082 1987 ἐμοῦ.
1107 1951 1245 1986 Ὀλιγοιδὲ
1261 1952 1308 1979 καὶ
1328 1952 1399 1987 φίλοι
1411 1952 1489 1983 Θεοῦ,
1510 1953 1566 1979 ὅσοι
1585 1952 1633 1987 τὴν
1655 1952 1750 1978 στάσιν
1766 1952 1797 1978 ὲν

1007 1998 1046 2033 τῷ
1060 1998 1135 2033 καλῷ
1151 1998 1269 2033 ἔχουσιν,
1286 1999 1324 2030 ὼς
1336 2000 1350 2025 ὁ
1366 1998 1519 2034 Βαπτιστὴς
1535 1998 1615 2029 αὐτὸς
1632 1998 1696 2033 περὶ
1711 1997 1797 2024 αὑτοῦ

1006 2043 1096 2076 λέγειῤ
1115 2043 1146 2069 '0
1159 2043 1194 2069 δὲ
1208 2043 1296 2079 φίλος
1311 2043 1363 2070 τοῦ
1383 2043 1514 2078 νυμφίου
1530 2042 1624 2075 ἑστὼς
1638 2041 1715 2076 χαρᾷ
1730 2043 1797 2076 χαί-

1001 2099 1058 2124 ρει.
1082 2091 1136 2116 Καὶ
1152 2090 1177 2116 οἱ
1199 2089 1343 2124 ἑστηκότες
1366 2089 1431 2123 γοῦν
1457 2089 1532 2124 παρὰ
1547 2088 1586 2123 τῷ
1605 2088 1684 2123 Λόγῳ
1703 2088 1794 2122 έχουσι

1005 2135 1075 2162 κατὰ
1094 2134 1142 2169 τὴν
1163 2134 1256 2160 στάσιν
1271 2133 1412 2169 διαφοράς.
1432 2133 1477 2159 Διὸ
1497 2133 1527 2159 οὺ
1550 2132 1648 2163 πάντες
1666 2132 1691 2158 οἱ
1707 2131 1796 2158 ὲστῶο

1004 2189 1050 2212 τες
1070 2180 1143 2215 παρὰ
1156 2179 1194 2215 τῷ
1211 2179 1327 2214 Σωτῆρι,
1342 2179 1410 2205 ἀλλά
1425 2187 1498 2210 τινες
1514 2178 1613 2209 αὐτῶν,
1627 2177 1665 2209 ὡς
1689 2177 1795 2212 βέλτιον

968 2210 990 2237 D
1007 2210 1161 2259 ἑστηκότες,
1181 2210 1211 2250 οὐ
1235 2210 1361 2258 γεῦονται
1381 2223 1507 2254 θανάτου,
1525 2222 1578 2254 ἕως
1599 2222 1631 2249 ἂν
1652 2210 1728 2248 ἴδωσι
1747 2222 1795 2248 τὸν

1008 2270 1159 2305 ἀνθρώποις
1173 2271 1380 2306 ἐπιδημήσαντα
1399 2269 1493 2303 Λόγον,
1512 2269 1559 2296 καὶ
1574 2268 1618 2295 διὰ
1635 2267 1714 2294 τοῦτο
1729 2267 1796 2294 Υἱὺν

1007 2316 1148 2352 ἀνθρώπου
1164 2316 1375 2352 χρηματίζοντα,
1395 2316 1539 2352 ἐρχόμενον
1558 2315 1586 2341 ἐν
1599 2316 1630 2349 τῇ
1643 2314 1726 2341 αὑτοῦ
1747 2314 1797 2348 βα-

1007 2362 1102 2398 σιλείᾳ.
1116 2363 1153 2388 Οὺ
1170 2363 1223 2398 γὰρ
1236 2362 1278 2389 ἀεὶ
1290 2363 1319 2388 ἐν
1330 2363 1361 2397 τῇ
1375 2362 1459 2389 αὐτοῦ
1475 2361 1596 2396 βασιλείᾳ
1614 2360 1723 2395 ἔρχεται
1733 2379 1740 2390 ,
1756 2359 1795 2390 ὡς

1003 2408 1049 2434 ἐπὶ
1060 2410 1116 2440 τοῖς
1130 2408 1325 2443 εἰσαγομένοις,
1340 2408 1365 2434 οἳ
1379 2408 1426 2434 καὶ
1441 2407 1484 2442 μὴ
1502 2407 1584 2440 ἔχειν
1599 2406 1692 2433 αὑτὸν
1711 2404 1794 2438 εἶδος

1003 2454 1022 2487 ἢ
1047 2454 1158 2488 κάλλος
1183 2454 1288 2487 λέξαιεν
1310 2454 1352 2480 ἄν.
1376 2455 1438 2486 Τοῖς
1460 2453 1489 2480 δὲ
1509 2453 1630 2484 τελείοις,
1654 2451 1724 2478 κατὰ
1747 2451 1793 2477 τὸν

1004 2499 1094 2530 Δαυῖδ,
1113 2499 1218 2533 ὡραῖος
1234 2500 1368 2534 φαίνεται
1385 2498 1490 2526 κάλλει
1513 2497 1592 2532 παρὰ
1612 2497 1682 2529 τοὺς
1706 2496 1794 2528 υἱοὺς

1004 2545 1062 2570 τῶν
1082 2546 1253 2579 ἀνθρώπων.
1276 2546 1368 2572 Ἔστιν
1386 2543 1433 2572 οὖν
1451 2543 1660 2579 βασιλικώτατον
1681 2542 1792 2577 ἀξίωμα

1003 2591 1042 2625 τῷ
1059 2592 1147 2625 Λόγῳ,
1163 2591 1326 2626 βλεπόμενον
1346 2599 1400 2617 τισι
1419 2591 1472 2617 τῶν
1487 2590 1640 2625 ἑστηκότων
1655 2588 1733 2624 παρὰ
1753 2588 1792 2623 τῷ

1011 2635 1107 2671 Ἰησοῦ,
1123 2636 1277 2663 ἀκολουθεῖν
1297 2636 1370 2671 αὐτῷ
1385 2636 1546 2671 δυνηθεῖσιν,
1564 2634 1736 2662 ἀναὸαίνοντι
1752 2635 1791 2665 ει,

1004 2682 1034 2707 τὸ
1045 2682 1145 2718 ὑψηλὸν
1153 2683 1203 2718 τῆς
1215 2683 1392 2719 φανερώσεως
1405 2682 1486 2709 αὐτοῦ
1501 2682 1562 2713 δοος
1573 2690 1579 2696 ·
1593 2678 1623 2707 οὗ
1641 2689 1684 2712 τις
1700 2679 1791 2713 ἀξιοῦ-

1019 2773 1041 2788 ”
1062 2773 1140 2802 Joan.
1154 2781 1196 2808 tu,
1209 2773 1251 2801 29.
1292 2772 1385 2811 “nisa.
1400 2780 1460 2807 LIII,
1475 2772 1502 2800 2.
1548 2771 1651 2800 "Psal.
1667 2778 1742 2804 xuv,
1759 2770 1787 2797 3.

198 2830 255 2864 (88)
272 2831 426 2864 Respicitur
445 2830 478 2857 ad
509 2831 643 2866 lsagugas,
671 2830 1045 2866 primasque__institulioucs.

201 2867 256 2902 059)
271 2865 352 2894 Forte
369 2866 444 2894 deest
459 2867 510 2898 εἰς.
