1904 3076
76 172 118 200 541
700 169 845 197 SCHOLIA
867 171 901 198 IN
920 171 1048 199 LUCAM.

1636 171 1686 199 512

75 236 115 254 ται
126 226 223 262 Πέτρος
241 225 289 258 ὢν,
308 226 355 252 καὶ
370 226 401 252 τὸ
417 226 542 253 ἄσειστον
559 226 628 261 ἔχων
652 227 681 252 ὲν
696 227 729 262 τῇ
745 226 847 254 πίστει·

904 229 947 262 qui
977 236 1038 255 eum
1063 228 1138 262 sequi
1159 228 1252 255 valent
1278 227 1470 256 ascendentem
1496 228 1523 255 in
1548 227 1687 255 excelsum

76 275 89 310 ἢ
101 274 147 301 υἱοὶ
162 272 255 309 ζροτῶν
269 272 336 308 (90),
350 272 379 298 οἳ
389 272 438 299 καὶ
448 272 578 300 θανάτου
591 273 627 300 οὺ
638 273 786 308 γεύονται,
795 273 850 306 ἕως

76 321 109 347 ἂν
123 319 202 346 locum
221 319 276 345 τὸν
296 318 365 345 Υὶὸν
387 319 440 347 τοῦ
461 318 619 354 ἀνθρώπου
632 319 797 354 ἐρχόμενον
816 319 852 346 ὲν

75 365 107 400 τῇ
113 364 251 398 ,ϐασιλείᾳ
263 363 367 392 αὑτοῦ.

105 509 158 544 Zeti]
175 508 202 535 δὲ
216 509 231 535 ὸ
251 506 376 544 Χριστός.
403 507 433 534 '0
449 507 478 533 δὲ
496 507 598 542 ταύτης
614 505 712 541 ἐχθρὸς
727 505 849 538 θάνατος,

76 555 178 582 masc
194 553 342 589 ἁμαρτίας,
360 553 377 588 ἢ
394 552 496 588 ἑτέρως
511 551 663 586 νοούμενος.
682 547 733 578 Ὧν
749 551 779 577 τὺ
793 551 850 577 ἓτε-

76 610 115 636 ρον
125 600 155 627 δι’
169 597 205 627 ὧν
216 601 332 632 ἕκαστος
348 599 426 635 ἡμῶν
442 599 556 635 πράττει
574 598 725 632 ἐκλέγεται.
745 599 850 634 Ὥσπερ

74 645 114 674 οὖν
134 647 147 674 ό
167 646 285 681 Χριστὸς
305 645 386 680 ipso;
407 644 465 670 ἐστὶ
484 642 548 676 ζῶν,
561 642 648 674 οὕτως
665 644 678 670 ό
691 642 788 679 ἐχθρὸς
805 643 850 669 αὑ-

73 693 113 719 τοῦ
136 692 246 723 θάνατος
272 691 354 726 ἄρτος
377 691 435 717 ἐστί
457 690 562 726 νεκρός.
589 690 667 716 Πᾶσα
694 689 722 716 δὲ
753 688 849 724 λογικὴ

73 738 136 775 ψυχὴ
150 738 254 774 θατέρῳ
269 737 372 764 τούτων
391 737 536 773 τρέφεταιο
553 736 570 772 ἡ
583 736 631 772 μὲν
642 735 777 771 γευομένη
792 735 850 762 τού-

74 795 119 812 των
138 784 230 820 μόνον,
247 785 264 819 ὴ
288 783 317 810 δὲ
341 784 388 810 καὶ
412 784 459 810 ἐπὶ
484 782 610 809 πλεῖστον
633 781 769 808 ἐσθίουσα.
794 783 850 808 Καὶ⁵

75 829 134 864 τάχα
146 830 169 855 οι
182 828 232 864 μὲν
249 827 371 860 σπανίως
385 828 433 855 καὶ
450 826 537 863 μικρὰ
553 826 755 862 ἁμαρτάνοντες
770 826 849 862 μόνον

74 875 184 908 γεύονται
205 873 338 900 θανάτου’
362 874 386 900 οἱ
412 873 440 899 δὲ
464 873 566 909 ἀρετὴν
589 872 764 908 ἀνειληφότες
788 873 848 899 οὐδὲ

903 280 1022 302 montem
1052 273 1280 302 manifestationis
1307 281 1362 302 suae
1390 283 1398 301 :
1424 281 1479 309 quo
1502 274 1566 309 quis
1589 273 1688 308 dignus

902 320 1018 347 habetur
1036 319 1060 347 si
1086 318 1184 346 Petrus
1207 319 1301 353 fuerit,
1316 319 1470 354 habeatque
1498 319 1686 346 inconcussam

901 365 982 393 iidem
1000 375 1006 393 :
1021 365 1063 392 vel
1086 365 1131 392 lilii
1154 365 1300 392 tonitruum
1312 385 1320 397 ,
1338 367 1383 401 qui
1403 366 1481 392 etiam
1500 370 1610 392 mortem
1635 373 1687 392 non

900 412 1054 447 gustabunt,
1069 413 1150 443 donec
1167 411 1271 439 uideant
1293 410 1395 438 Filium
1410 412 1525 439 hominis
1542 414 1688 442 venientem

900 459 928 485 in
946 466 1025 493 regno
1033 466 1091 486 tuo.

937 505 999 532 Vita
1014 512 1096 539 porro
1111 509 1153 531 est
1169 504 1303 532 Christus.
1321 503 1408 538 llujus
1423 504 1521 536 hostis.
1536 513 1610 534 mors
1629 505 1688 533 sive

901 558 962 586 quae
978 558 1026 585 per
1043 555 1197 586 peccatum,
1209 550 1266 577 sive
1286 549 1365 577 aliter
1379 549 1548 584 intelligitur.
1567 551 1606 578 Ex
1624 551 1686 586 qui-

900 598 951 624 bus
965 597 1136 627 alterutrum,
1157 603 1205 630 per
1219 603 1251 624 ea
1266 603 1326 630 qua:
1341 595 1455 630 quisque
1471 601 1594 623 nostrum
1609 595 1685 631 facit,

900 644 1021 677 eligitur.
1035 642 1113 670 Sicut
1128 643 1211 678 igitur
1224 642 1351 670 Christus
1363 646 1405 668 est
1420 642 1496 674 panis
1512 642 1585 669 t'ivus
1600 642 1634 674 ⁸³,
1648 643 1688 671 sic

901 689 987 718 hostis
1000 690 1058 725 ejus
1075 697 1164 723 mors,
1186 688 1264 724 panis
1276 693 1318 716 est
1335 693 1471 717 mortuus.
1504 687 1601 716 Omnis
1622 697 1688 717 vero

901 735 1044 763 rationalis
1071 736 1164 763 anima
1196 735 1330 762 alterutro
1358 734 1454 761 bormn
1480 735 1687 762 nutriturtsed

900 782 1021 816 quaedam
1047 781 1156 816 quidem
1182 780 1234 808 hos
1263 781 1397 807 duntaxat
1422 784 1523 814 gustat,
1563 780 1686 815 qiuedam

899 834 966 855 vero
982 827 1084 862 largius
1110 826 1239 854 comedit.
1254 825 1440 853 Plausibiliter
1453 825 1535 859 igitur
1559 826 1686 856 dixerim.

899 873 972 908 quod
995 873 1042 908 qui
1063 879 1126 899 raro
1146 877 1172 899 et
1195 879 1279 906 parva
1308 876 1440 906 peccant,
1467 875 1577 906 gustant
1600 871 1687 898 solum

75 921 186 955 γεύονται
199 920 294 952 αὑτοῦ,
308 920 365 946 ἀλλ’
376 920 420 946 ἀεὶ
433 919 514 954 άρτον
525 918 670 955 τρέφονται
683 918 782 950 ζῶντα.
798 919 847 945 Πέ-

904 923 1016 946 mortem
1034 923 1082 946 :at
1097 918 1142 953 qui
1158 918 1288 945 virtutem
1303 922 1444 949 exercent,
1455 924 1490 944 ne
1506 921 1616 951 gustant
1627 917 1689 952 qui-

74 975 121 1002 τρῳ
134 964 187 998 οὖν,
198 964 233 994 οὗ
246 966 341 993 πύλαι
350 964 393 999 μὴ
403 965 595 999 κατίσχυσαν
604 963 690 997 ᾅδου,
703 963 849 991 ἀκόλουθον

73 1009 102 1048 ἦν
112 1011 200 1038 τούτου
215 1011 252 1046 μὴ
266 1010 406 1045 γεύεσθαι.
429 1009 496 1036 Τότε
511 1009 566 1046 γάρ
580 1018 623 1041 τις
639 1009 750 1044 γεύεται
769 1009 851 1036 θανά-

74 1068 123 1091 του,
136 1059 176 1085 ὅτε
191 1058 275 1085 πύλαι
289 1057 353 1093 ᾅδου
368 1056 579 1092 κατισχύσουσιν
593 1055 686 1083 αὑτοῦ.
708 1055 788 1082 Ἀλλὰ
801 1052 849 1082 κᾶὶ

74 1105 121 1135 τοῖς
130 1104 177 1139 τῆς
191 1103 308 1140 βροντῆς
325 1103 402 1135 υἱοῖς,
417 1102 585 1138 γεννηθεῖσιν
603 1101 658 1128 ἀπὸ
675 1101 789 1137 βροντῆς
804 1102 850 1128 ἀν-

74 1147 194 1184 θρωπίνου
206 1148 360 1183 χρήματος,
372 1146 501 1174 ἀδύνατον
512 1144 546 1182 ἦν
560 1146 676 1173 θανάτου
687 1146 847 1181 γεύσασθαι,

74 1193 112 1220 τοῦ
129 1193 226 1230 σφόδρα
243 1193 342 1229 πόρρω
354 1193 403 1229 τῆς
417 1193 521 1229 μητρὸς
541 1193 631 1220 αὐτῶν
644 1192 768 1228 βροντῆς.

102 1325 134 1352 Τὸ
147 1325 184 1358 δὲ,
201 1326 268 1359 ἕως,
292 1324 410 1352 ἐνταῦθα
425 1325 500 1361 δηλοῖ
510 1325 556 1352 τὸν
572 1325 769 1359 κατεπείγοντα
785 1326 849 1361 περὶ

74 1370 112 1397 τοῦ
125 1370 287 1407 δηλουμένου
304 1371 414 1406 χρόνον,
428 1372 458 1398 οὐ
474 1371 706 1408 περιοριζόμενον,
718 1371 789 1398 ὥστε
804 1380 849 1406 γε-

74 1415 153 1444 νέσθαι
178 1417 246 1453 μετὰ
270 1417 304 1445 τὸ
327 1417 379 1449 ἕως
403 1417 434 1444 τὸ
457 1418 487 1444 έν
515 1417 589 1453 αὐτῷ
611 1417 650 1453 τῷ
675 1417 846 1454 δηλουμένῳ·

73 1461 105 1493 ὼς
121 1463 163 1489 τό·
179 1463 231 1490 Kal
243 1463 311 1490 ἰδοὺ
323 1463 381 1499 ἐγὼ
395 1463 460 1499 μεθ’
473 1463 556 1499 ὑμῶν
570 1465 628 1499 ειμι
639 1464 694 1497 ἕως
705 1463 760 1498 τῆς
773 1472 848 1490 συν-

74 1507 176 1540 τελείας
196 1507 249 1535 τοῦ
271 1507 389 1541 αἰῶνος.
413 1509 471 1536 Οὐκ
494 1508 642 1543 ἐγεύσαντο
662 1508 728 1542 γοῦν
752 1508 805 1535 οὐδ’
824 1509 848 1535 οἱ

74 1552 201 1580 ἀπόστολοι
229 1553 278 1580 τοῦ
297 1555 490 1590 προηρημένου
506 1555 575 1589 (90‘)
605 1553 701 1590 νοητοῦ
732 1553 847 1581 θανάτου

76 1599 133 1633 μετὰ
149 1600 178 1626 τὺ
195 1600 257 1627 ἰδεῖν
275 1599 326 1635 τὴν
342 1599 396 1626 τῶν
410 1600 576 1636 τηλικούτων
589 1600 699 1635 ἀγαθῶν
721 1600 846 1636 θεωρίαν.

108 1645 177 1672 Ἐπεὶ
197 1646 225 1672 δὲ
254 1646 285 1672 ἑν
311 1646 367 1677 τοῖς
388 1646 515 1682 Ψαλμοῖς
540 1645 664 1682 εἴρηται·
687 1646 736 1679 Τις
763 1646 850 1673 ἐστιν

74 1688 211 1724 ἄνθρωπος
234 1690 269 1724 ὃς
296 1690 387 1724 ζήσει,
412 1692 462 1718 καὶ
488 1692 544 1718 οὐκ
575 1692 679 1727 ὄψεται
702 1691 832 1719 θάνατον
839 1701 848 1724 ;

74 1736 121 1768 καὶ,
151 1737 270 1764 Ἐλθέτω
284 1737 323 1771 δὴ
337 1737 465 1771 θάνατος
481 1738 527 1764 ἐπ’
540 1738 664 1772 αὐτούς·
688 1738 734 1765 καὶ
753 1737 781 1765 ἕν
797 1747 850 1764 τινι

75 1781 118 1808 τῶν
130 1783 276 1818 προφητῶν
286 1791 294 1800 ο
314 1783 462 1810 Κατέπιεν
477 1785 493 1810 ὀ
514 1783 642 1817 θάνατος
658 1785 804 1818 ἰσχύσας-ο
821 1784 850 1810 ἐν

74 1826 97 1854 δὲ
114 1829 143 1863 τῇ
170 1829 353 1864 ’Δποχαλύψει
364 1837 370 1844 ·
394 1829 425 1856 '0
446 1829 572 1862 θάνατος
589 1830 638 1856 καὶ
655 1831 670 1856 ὁ
687 1829 762 1863 ᾅδης
780 1830 851 1857 ἀκο-

74 1873 165 1900 λουθεῖ
178 1883 256 1902 τισι·
286 1876 390 1911 μήποτε
413 1875 522 1902 ἔλαττον
546 1876 630 1902 κακόν
649 1876 707 1902 ἐστι
732 1876 762 1902 τὸ
787 1876 851 1902 ἰδεῖν

75 1918 182 1952 θάνατον,
203 1921 302 1948 τούτου
315 1921 343 1948 δὲ
361 1921 453 1957 μεῖζον
467 1922 497 1949 τὸ
509 1921 659 1956 γεύσασθαι
676 1919 770 1954 αὑτοῦ,
789 1922 851 1948 τού-

74 1972 113 1991 του
123 1965 148 1992 δὲ
167 1966 204 1993 έτι
220 1969 314 2002 χεῖρον
326 1967 357 1994 τὸ
371 1967 528 1995 ἀκολουθεῖν
547 1976 599 1994 τινι
613 1967 740 2001 θάνατον;
759 1968 806 1994 καὶ
819 1968 849 1994 οὺ

76 2010 144 2044 μόνον
165 2013 340 2046 ἀκολουθεῖν,
366 2013 435 2040 ἀλλὰ
457 2014 504 2040 καὶ
518 2014 569 2049 ἥδη
590 2013 676 2040 ὲλθεῐν
693 2013 736 2040 ἐπ’
758 2014 849 2046 αὐτὸν,

75 2057 114 2083 καὶ
129 2059 289 2086 ⁴καταλαϐεῖν
312 2060 425 2092 ἐκεῖνον,
441 2057 463 2094 ᾧ
484 2060 616 2096 πρότερον
635 2060 795 2096 ὴκολούθει;
814 2061 851 2087 Τὸ

74 2101 97 2128 δὲ
115 2106 299 2141 καταποθῆναι
314 2105 366 2132 ὑπὸ
384 2106 431 2133 τοῦ
447 2106 564 2133 θανάτου
583 2106 692 2133 πάντων
712 2106 785 2132 δοκεῖ
806 2114 850 2141 μοι

76 2146 209 2186 βαρύτερον
223 2149 296 2178 εἶναι
309 2151 363 2178 τῶν
377 2153 541 2188 εἰρημένων.
559 2152 614 2178 Καὶ
629 2152 778 2188 ἐπιστήσας
795 2153 851 2184 τοῖς

75 2194 213 2232 λεγομένοις
233 2199 282 2225 καὶ
294 2199 327 2234 τῇ
342 2198 457 2234 διαφορᾷ
473 2198 528 2225 τῶν
543 2198 785 2234 ἁμαρτανομένων,
802 2198 851 2225 οὐκ

75 2239 193 2277 δινήσεις,
203 2241 293 2279 οἴμαι,
303 2244 505 2280 παραδέξασθαι
515 2244 629 2271 τοιαῦτὰ
639 2252 698 2270 τινα
710 2244 851 2280 νενοῆσθαι

75 2286 106 2321 τῷ
121 2288 295 2326 ὲνεργήσαντι
307 2290 393 2317 ταῦτα
409 2291 549 2327 γραφῆναι
565 2292 593 2318 ὲν
609 2293 666 2323 τοῖς
686 2291 786 2325 λογίοις
801 2290 848 2317 τοῦ

75 2330 131 2358 Θεοῦ
148 2333 297 2370 Πνεύματι.

103 2378 131 2405 Τί
143 2379 169 2407 δὲ
182 2380 309 2416 δηλοῦται
324 2382 353 2408 ὲν
367 2381 405 2416 τῷ
420 2381 484 2408 ἰδεῖν
499 2382 545 2409 τὸν
564 2382 626 2408 Υἱὺν
638 2381 685 2408 τοῦ
703 2381 846 2417 ἀνθρώπου

75 2423 204 2460 ἐρχόμενον
219 2428 248 2454 ὲν
260 2429 294 2462 τῇ
315 2427 437 2463 βασιλείᾳ
450 2428 543 2461 αὑτοῦ,
559 2429 606 2455 καὶ
627 2430 656 2455 ἐν
672 2430 705 2464 τῇ
723 2428 787 2464 δόξῃ
801 2428 849 2454 αὺ-

75 2469 128 2503 τοῦ;
141 2473 185 2499 καὶ
195 2473 222 2500 τι
235 2474 362 2509 σημαίνει
377 2474 418 2504 τὸ.
438 2474 639 2508 Ἐληλυθυῐαν
655 2475 690 2501 ἐν
711 2473 846 2508 δυνάμει,

77 2516 139 2551 παρὰ
146 2517 257 2553 Μάρκου
267 2517 348 2554 ῥηθέν
359 2526 368 2551 ;
383 2518 424 2545 Τὰ
437 2519 491 2545 εἴτε
503 2518 699 2554 ὲκλαμπὸμενα
709 2519 768 2550 ταῖς
777 2526 831 2553 καρ
838 2534 845 2537 -

76 2560 133 2594 δίαις
140 2564 225 2599 ἡμῶν,
236 2564 291 2591 εἴτε
298 2563 426 2601 ζητοῦσιν
434 2565 626 2601 εὑρισκόμενα,
636 2565 691 2591 εἴτε
704 2565 848 2591 ὑποσιόντα

77 2606 123 2642 (91)
147 2610 206 2642 τοὺς
243 2610 391 2646 λογισμοὺς
430 2611 529 2647 ἡμῶν,
571 2610 736 2646 σαφέστερον
769 2611 849 2645 ὲχθη-

78 2651 174 2686 αόμεθα.
193 2647 221 2682 'O
234 2655 345 2692 θεωρῶν
356 2656 404 2683 καὶ
418 2657 635 2692 καταλαμϐάνων
645 2658 694 2693 τὴν
709 2657 755 2683 τοῦ
771 2657 849 2690 λόγου

77 2696 198 2735 ὑπεροχὴν
212 2700 321 2733 λύοντος
344 2703 392 2730 καὶ
407 2702 590 2738 διελέγχοντος
611 2703 699 2735 πάσας
726 2702 775 2735 τὰς
800 2703 851 2729 ὑπὸ

900 964 960 990 dem
981 969 1109 996 mortem,
1133 964 1181 991 sed
1202 971 1309 1000 semper
1336 971 1405 999 pane
1430 964 1493 990 vivo
1518 963 1686 991 nutriuntur.

899 1010 1077 1045 Consequens
1090 1010 1173 1045 igitur
1187 1015 1256 1044 erat,
1280 1016 1309 1037 ut
1329 1010 1436 1042 Petrus,
1460 1010 1586 1037 adversus
1610 1017 1686 1052 quem

900 1060 982 1088 portae
992 1056 1074 1091 inferi
1090 1064 1143 1084 non
1158 1057 1353 1090 praevaluerunt
1368 1057 1402 1088 ⁸⁵,
1411 1064 1470 1083 eam
1488 1063 1540 1083 non
1555 1060 1686 1090 gustaret.

901 1100 977 1129 Tunc
1000 1101 1074 1128 enim
1099 1103 1161 1136 quis
1187 1108 1301 1129 mortem
1328 1106 1440 1137 gustat,
1466 1102 1575 1136 quando
1601 1107 1688 1136 porta:

901 1145 980 1173 inferi
997 1147 1128 1175 adversus
1142 1155 1204 1175 eum
1220 1147 1418 1182 praevalebunt.
1437 1148 1506 1181 Quin
1522 1148 1603 1175 etiam
1618 1148 1687 1176 ﬁlios

902 1192 1014 1220 tonitrui
1027 1211 1035 1224 ,
1051 1193 1160 1228 genitos
1180 1201 1193 1220 a
1220 1193 1321 1220 tonitru
1337 1193 1472 1221 incantati
1487 1194 1620 1227 vaticinii,
1637 1196 1688 1221 im-

900 1238 1033 1272 possibile
1045 1245 1105 1267 erat
1117 1245 1228 1273 gustare
1239 1245 1365 1272 mortem,
1378 1247 1439 1274 quae
1452 1240 1596 1269 admodum
1610 1241 1688 1276 longe

899 1284 982 1311 distat
1000 1291 1015 1310 a
1032 1289 1120 1312 matre
1134 1292 1227 1312 eorum
1249 1285 1364 1313 tonitru.

934 1329 1071 1358 Particula
1100 1331 1195 1363 donec,
1228 1331 1280 1359 hoc
1301 1331 1360 1359 loco
1391 1331 1511 1358 declarat
1544 1331 1688 1359 imminens

901 1376 939 1404 rei
961 1376 1155 1405 demonstrata:
1186 1382 1292 1413 tempus
1307 1398 1315 1411 ,
1338 1386 1391 1405 non
1414 1378 1554 1405 delinitum
1580 1383 1610 1405 ut
1633 1379 1687 1412 sit,

899 1426 1044 1458 postquam
1063 1423 1089 1450 id
1107 1423 1248 1456 evenerit,
1263 1424 1335 1459 quod
1358 1423 1577 1458 demonstratur;
1609 1429 1638 1451 ut
1659 1425 1686 1452 in

900 1469 945 1496 illo
963 1477 970 1495 :
988 1468 1055 1495 Ecce
1072 1477 1119 1504 ego
1142 1470 1275 1496 vobiscum
1295 1477 1365 1502 sum,
1389 1469 1472 1496 donec
1492 1475 1688 1497 consummatur

900 1514 1028 1541 saeculum
1043 1514 1077 1540 ⁸⁸.
1094 1514 1153 1541 Non
1174 1519 1355 1550 gustaverunt
1366 1515 1448 1550 igitur
1463 1515 1577 1549 apostoli
1590 1515 1688 1550 praedi-

899 1566 969 1589 ctam
981 1560 1147 1596 spiritualem
1157 1566 1283 1593 mortem,
1291 1565 1432 1596 postquam
1443 1560 1688 1596 contemplatisunt

901 1606 1032 1634 visionem
1047 1611 1185 1634 tantorum
1202 1607 1344 1634 bonorum.

935 1650 1003 1684 Quia
1016 1659 1083 1679 vero
1103 1651 1130 1678 in
1147 1651 1263 1679 Psalmis
1277 1651 1378 1680 dictum
1401 1657 1443 1679 est
1455 1661 1462 1679 :
1474 1652 1539 1685 Qui:
1555 1658 1592 1679 est
1611 1653 1688 1679 homo

899 1698 944 1732 qui
968 1698 1046 1729 vivet,
1073 1701 1097 1724 et
1126 1705 1177 1724 non
1196 1696 1293 1724 videbit
1316 1703 1426 1724 mortem
1452 1697 1494 1725 5‘?
1508 1698 1567 1726 Et:
1596 1698 1687 1725 Veniat

900 1744 991 1779 utique
1010 1751 1081 1770 mors
1101 1743 1135 1770 ad
1159 1751 1204 1770 eo:
1215 1742 1249 1770 ⁸⁷.
1266 1743 1297 1770 Et
1326 1743 1353 1770 in
1382 1744 1500 1778 quodam
1532 1745 1686 1779 propheta:

900 1788 1042 1824 chlutivit
1058 1796 1128 1815 mors
1147 1788 1293 1822 praevalent
1306 1788 1340 1816 ⁸⁸.
1358 1789 1448 1823 Atque
1464 1790 1489 1816 in
1504 1790 1664 1825 Apocalypsi
1677 1809 1687 1823 ,

901 1842 972 1861 mors
995 1839 1019 1861 et
1041 1834 1160 1869 infernus
1188 1834 1308 1868 sequitur
1331 1835 1457 1869 quosdam
1473 1835 1515 1863 ⁸⁹ι
1533 1836 1625 1863 nescio
1652 1843 1686 1862 an

900 1888 954 1908 non
968 1879 1058 1907 minus
1074 1879 1172 1906 malum
1198 1879 1234 1906 sit
1257 1879 1350 1907 videre
1370 1885 1503 1913 mortem,
1528 1881 1578 1908 hoc
1600 1882 1690 1916 majus

900 1933 960 1952 eam
986 1929 1115 1958 gustare;
1132 1929 1159 1951 et
1181 1924 1232 1951 hoc
1247 1931 1342 1952 rursus
1363 1925 1451 1960 pejus,
1472 1927 1494 1953 si
1515 1934 1594 1960 quem
1614 1934 1688 1954 mors

900 1972 957 2005 ipsa
973 1977 1104 2006 sequatur
1118 1979 1125 1997 :
1142 1976 1168 1998 et
1183 1978 1236 1997 non
1248 1975 1377 2005 sequatur
1391 1972 1482 2005 modo,
1497 1980 1590 2000 verum
1604 1973 1686 2000 etiam

901 2018 933 2045 ad
949 2018 1037 2053 ipsum
1050 2018 1151 2048 veniat.
1166 2022 1193 2044 et
1204 2017 1419 2052 comprehendat
1430 2026 1502 2051 eum,
1520 2026 1599 2053 quem
1612 2019 1688 2053 prius

901 2064 1076 2098 sequebatur.
1101 2062 1232 2098 Deglutiri
1256 2070 1320 2090 vero
1336 2070 1351 2090 ιι
1368 2069 1472 2096 morte,
1493 2064 1601 2091 videtur
1621 2065 1685 2092 mihi

901 2108 1091 2143 gravissimum
1105 2109 1240 2140 omnium,
1256 2115 1316 2143 qua:
1328 2108 1398 2136 dicta
1409 2113 1483 2135 sunt.
1511 2108 1595 2137 Porro
1607 2110 1687 2137 dictis

902 2153 1043 2186 insistens,
1056 2158 1084 2181 et
1096 2153 1257 2181 dill‘erentiat
1276 2159 1461 2189 peccatorum,
1480 2154 1551 2182 haud
1574 2162 1685 2182 recusa-

901 2200 955 2232 bis,
971 2204 1001 2226 ut
1018 2200 1149 2232 arbitror,
1162 2200 1319 2232 admittere,
1333 2200 1396 2227 talia
1410 2200 1534 2235 quaedam
1550 2201 1577 2228 in
1595 2201 1686 2229 animo

869 2260 889 2286 ο
905 2246 1037 2274 habuisse.
1048 2245 1200 2280 Spiritum,
1228 2247 1275 2281 qui
1295 2245 1361 2274 fecit
1373 2252 1411 2281 _ut
1427 2247 1489 2274 talia
1503 2248 1688 2275 scriberentur

905 2292 929 2319 iu
947 2292 1066 2319 oraculis
1082 2291 1190 2320 divinis.

938 2379 1006 2414 Quid
1031 2385 1119 2408 autem
1136 2381 1270 2416 signiﬁcat
1286 2381 1378 2408 videre
1399 2381 1495 2409 Filium
1509 2383 1625 2410 hominis
1643 2391 1688 2410 ve-

902 2427 1020 2453 nientem
1049 2427 1076 2454 in
1105 2435 1187 2461 regno
1207 2435 1268 2459 suo,
1280 2432 1308 2454 et
1334 2427 1360 2454 in
1383 2427 1467 2462 gloria
1483 2435 1531 2454 sua
1552 2430 1609 2456 ?et
1624 2431 1688 2463 quid

902 2473 954 2500 sibi
966 2473 1021 2500 vult
1043 2473 1118 2504 illud.
1136 2473 1242 2500 Venissc
1257 2474 1285 2500 in
1299 2474 1394 2500 virtute
1409 2473 1432 2490 ⁹⁰
1451 2483 1457 2501 ι
1474 2477 1545 2509 quod
1565 2484 1580 2502 a
1598 2476 1689 2503 Marco

903 2519 1004 2546 dictum
1020 2524 1062 2546 est
1079 2520 1091 2546 ?
1110 2519 1217 2547 Clarius
1248 2527 1414 2555 exponemus
1440 2527 1608 2556 quaecunque
1632 2522 1689 2549 sive

901 2565 1029 2600 aﬂ‘ulgent
1044 2566 1171 2594 cordibus
1193 2566 1310 2600 nostris,
1326 2567 1384 2594 sive
1399 2567 1583 2601 qua:reutibus
1610 2569 1688 2595 nobis

903 2616 1009 2645 reperta
1028 2616 1102 2643 sunt,
1116 2612 1174 2638 sive
1185 2613 1490 2647 subeuntcogitationes
1507 2619 1624 2640 nostras.
1636 2614 1689 2640 Ita~

903 2665 956 2691 que
970 2657 1093 2692 quisquis
1117 2659 1316 2693 contemplatur
1333 2664 1360 2686 et
1383 2659 1538 2694 assequitur
1555 2660 1689 2686 excelleuu

905 2704 968 2730 lium
988 2704 1062 2731 verbi
1083 2705 1211 2732 solt/culis
1235 2714 1267 2733 ac
1296 2705 1440 2733 refutantis
1462 2706 1584 2741 speciosa
1606 2714 1685 2741 ιιι-διι-

106 2775 212 2819 Ῡιοηη.
239 2788 276 2819 vi,
308 2781 352 2819 ξι.
390 2782 412 2798 ⁸³
429 2782 523 2810 Matth.
546 2783 658 2813 xv1.l8.
696 2783 719 2799 ⁸⁵
734 2784 827 2811 Matth.
851 2792 943 2815 nun,
963 2784 1007 2812 20.
1046 2784 1068 2800 ⁸⁸
1092 2785 1162 2811 l‘sal.
1183 2792 1314 2817 Luxu",
1334 2786 1377 2812 49.
1415 2785 1436 2800 ⁸⁷
1459 2785 1527 2812 Psal.
1555 2792 1610 2819 Liv,
1645 2786 1688 2816 16,

78 2809 154 2839 “lsa.
168 2822 231 2847 xxv,
250 2809 278 2843 8;
314 2809 440 2852 “Apoc.
463 2825 498 2850 vt,
512 2818 538 2845 8.
586 2809 608 2834 ’δ
625 2819 706 2846 Marc.
719 2809 799 2851 Lall.

80 2858 253 2924 Cl(tl:)inl:‘;t::-te
270 2863 398 2900 βροντῶν,
417 2867 573 2898 tonitruum,
601 2874 634 2894 ex
651 2866 732 2896 Marc.
751 2876 793 2902 Ill,
812 2869 842 2895 l7

934 2868 999 2906 (90')
1015 2868 1239 2906 [Imeomtér-ou.
1265 2868 1334 2904 Lege
1367 2869 1575 2906 προειρημένου.
1602 2869 1685 2896 Eutr.

937 2904 993 2938 (9|)
1015 2904 1082 2938 Lege
1097 2904 1262 2931 υττεισιόντα.
