1904 3076
183 153 237 181 ΞΠ

627 155 910 185 SUPPLEMENTUM
926 157 973 185 AD
992 158 1155 187 ORIGENIS
1172 159 1378 189 EXEGETICA.

1763 162 1816 190 548

184 211 235 240 bne
254 211 322 240 nihil
340 212 448 240 differre
473 213 566 241 videas
584 215 656 243 hunc
675 221 818 252 aegrotum,
835 223 865 245 et
883 219 971 246 virum
987 243 991 249 ,

1056 229 1076 253 ν,
1090 221 1118 246 ὲν
1137 218 1181 252 αἷς
1192 220 1268 247 οὐδὲν
1282 221 1405 258 διαφέρει
1428 221 1442 248 ὸ
1461 221 1602 254 πεπονθὼς
1617 222 1748 257 ὑγιαίνων
1773 231 1814 249 τε.

184 257 254 286 bene
274 258 418 286 valentem.
443 259 476 286 Et
491 259 589 288 animo;
606 261 686 296 igitur
700 263 823 297 quedam
846 263 914 291 bene
929 271 971 291 va-

184 303 242 332 lere
263 305 440 340 temperantia
464 305 579 334 fortasse
605 307 816 342 existimantur,
831 314 858 337 et
881 310 972 338 vivere

184 355 263 385 prout
285 351 357 378 ratio
373 352 511 386 postulat:
531 357 560 380 at
577 353 691 381 subinde
712 355 893 383 succumbunt
909 364 972 390 pas-

183 396 315 428 sionibus,
326 404 389 424 cum
405 402 479 425 stare
491 398 659 431 viderentur,
672 399 767 428 fraude
777 401 868 429 saeculi
880 402 969 437 hujus,

183 441 296 476 aliisque
307 443 533 477 concupiscentiis
554 444 597 477 Hi,
614 445 810 480 utspiritaliter
818 446 971 482 loquamur,

183 485 291 515 lunatici
305 493 380 521 sunt,
392 489 523 525 proﬂigati
538 498 553 517 a
566 491 749 526 spiritualibus
766 494 904 528 nequitiae,
914 502 973 529 qua

183 532 381 562 delitescuntin
399 536 578 570 passionibus,
596 538 695 565 cadunt
708 539 735 566 in
752 540 838 574 ignem
860 541 973 568 combu-

183 582 314 615 stionum,
325 581 469 616 aliquando
480 583 505 610 in
522 585 753 620 aquamzquando
761 594 808 613 rex
823 587 972 614 draconum

181 626 303 653 omnium
319 628 489 662 aquatilium,
504 629 628 664 proﬂigat
641 637 688 657 eos
700 630 733 658 de
745 630 820 665 llatu,
836 639 888 667 quo
899 633 973 660 vide-

183 672 404 702 banturliberius
427 676 580 709 perspirare
591 695 599 708 ,
621 681 651 703 ut
669 677 814 704 deveniant
831 677 859 705 in
873 678 973 707 altissi-

183 726 242 746 mos
252 724 334 747 aastus
349 720 434 748 maris
450 721 574 749 humanm
586 722 657 750 vitae.

219 819 248 848 In
263 821 314 848 hac
324 821 492 856 expositione
506 823 695 858 aslipulabitur
709 825 788 853 nobis
800 826 846 860 qui
861 826 926 854 dicit
947 827 973 855 in

184 868 321 903 Sapientia
346 869 380 895 de
406 868 471 903 justi
495 871 678 905 aquabilitate
695 878 703 898 :
719 870 850 899 Narratio
871 873 921 900 uiri
936 874 972 908 pii

181 920 282 946 seniper
297 913 427 945 sapientia
440 914 463 929 νδ
477 922 484 947 ;
496 919 524 941 et
539 915 571 942 de
591 915 735 951 oppositis,
753 916 856 944 Stultus
870 926 931 945 vero
945 922 973 944 ut

183 958 248 985 luna
264 964 383 986 mutatur
398 959 432 987 ".
448 959 524 988 Licet
541 969 650 996 quoque
665 963 692 990 in
711 962 808 991 talibus
825 963 920 992 videre
932 965 974 991 a'l'-

183 1003 315 1032 lectiones
338 1005 469 1040 quasdam
498 1006 621 1035 valentes
645 1007 679 1035 ad
707 1008 974 1037 commendationem

181 1050 321 1078 attrahere
333 1058 380 1079 eos
394 1052 441 1086 qui
466 1059 520 1080 non
543 1053 704 1081 incumbunt
728 1054 820 1082 animo
841 1055 975 1082 instabili-

183 1096 231 1123 tati
245 1103 351 1130 eorum,
366 1105 453 1132 usque
467 1098 535 1126 adeo
551 1103 582 1126 ut
600 1099 641 1127 fas
663 1099 700 1127 sit
712 1100 803 1128 dicere
817 1100 907 1128 inesse
923 1101 977 1128 illis

183 1142 380 1177 plenilunium,
404 1147 450 1170 aut
474 1143 530 1171 fere
549 1144 737 1179 plenilunium.
759 1144 866 1173 Videris
892 1146 975 1173 etiam

182 1195 277 1215 rursus
296 1187 451 1215 simulatum
467 1189 539 1223 quod
567 1189 605 1216 illi
624 1190 733 1218 videtur
754 1191 843 1219 inesse
863 1191 975 1225 lumen;

182 1233 285 1266 lumen,
309 1233 430 1268 inquam,
448 1241 501 1260 non
524 1234 650 1262 diurnum
662 1256 669 1268 ,
684 1235 731 1262 sed
755 1240 919 1264 nocturnum
935 1237 977 1263 lu-

183 1286 257 1311 men,
269 1279 333 1306 etin
350 1283 452 1306 tantum
470 1279 613 1313 deﬁciens,
626 1281 714 1308 donec
730 1288 784 1309 non
808 1282 924 1317 amplius
936 1282 977 1309 vi-

183 1326 279 1352 deatur
302 1332 363 1352 esse
379 1324 481 1358 lumen,
496 1325 568 1360 quod
593 1325 620 1353 in
649 1326 704 1354 illis
730 1327 807 1355 cerni
831 1328 926 1363 possit.
945 1326 975 1356 Si

183 1379 248 1406 ergo
261 1371 352 1399 omnis
366 1372 456 1399 anima
469 1372 566 1407 angelo
579 1373 705 1407 subjecta
722 1381 776 1407 est.
793 1376 908 1410 angelus
920 1375 977 1404 fue-

184 1417 221 1444 rit
241 1417 293 1445 iste
317 1417 430 1445 lunatici
447 1423 535 1453 pater,
553 1426 636 1446 orans
650 1424 779 1455 tanquam
794 1429 843 1455 pro
862 1421 917 1448 lilio
931 1421 977 1449 Je-

183 1471 255 1496 snm.
268 1468 361 1499 utpote
371 1471 424 1492 non
440 1464 547 1492 valente
562 1464 597 1492 ab
619 1465 743 1494 inferiori
760 1467 843 1495 verbo
859 1467 977 1502 discipu-

183 1511 272 1537 lorum
290 1511 381 1538 curari
393 1510 428 1538 ab
445 1511 611 1540 inilrmitate.

219 1555 321 1583 Mutum
340 1563 373 1583 ac
383 1556 496 1584 surdum
519 1557 696 1592 daemonium.
718 1563 783 1587 sunt
803 1559 974 1589 irrationales
988 1568 1009 1596 ο

183 1601 342 1630 aﬂ‘ectiones
357 1603 606 1639 propensionesque
623 1604 657 1631 ad
670 1604 708 1637 id,
722 1606 794 1640 quod
809 1606 916 1634 videtur
927 1607 975 1634 bo-

184 1656 260 1681 num,
284 1655 300 1675 a
319 1649 426 1677 ratione
443 1650 628 1685 depromptae,
650 1658 719 1686 quas
743 1652 801 1687 ipsa
827 1652 976 1681 irrationali

185 1696 286 1730 impetu
308 1696 485 1731 producebat,
497 1704 611 1732 quaeque
624 1705 639 1724 a
653 1698 804 1726 videntibus
813 1699 977 1734 putabantur

185 1742 279 1769 isthmc
301 1741 391 1769 facere
415 1742 563 1770 secundum
586 1743 718 1771 rationem
749 1744 882 1772 doctrinae
902 1743 975 1772 Jesu.

186 1788 299 1817 Diﬂlcile
310 1796 374 1817 vero
387 1791 479 1817 curari
498 1794 587 1825 potest
598 1791 754 1825 bujusmodi
767 1792 889 1824 morbus,
903 1791 977 1819 vide-

184 1841 284 1872 turque
310 1845 439 1874 magnum
453 1839 530 1874 quid,
548 1846 608 1873 quae
634 1838 703 1865 bene
719 1845 772 1865 non
792 1838 894 1866 habent
907 1838 976 1866 bene

183 1882 269 1910 fuisse
281 1883 363 1917 facta,
382 1889 479 1918 estque
493 1884 562 1911 adeo
576 1883 605 1911 in
627 1883 688 1911 istis
705 1891 800 1919 magna
823 1884 975 1920 hujusmodi

183 1926 338 1962 efﬁcientia,
356 1933 385 1956 ut
400 1928 485 1956 monti
500 1935 561 1956 eam
580 1936 741 1964 comparare
759 1929 850 1962 liceat,
865 1937 925 1965 qua:
939 1930 977 1957 in-

185 1973 259 2008 diget
281 1979 310 2001 ut
332 1975 538 2003 transferatura
554 1975 674 2010 patiente
694 1983 742 2010 per
764 1983 873 2004 omnem
895 1976 975 2003 tidem

185 2022 316 2048 curantis.
343 2021 390 2048 Est
413 2029 495 2056 porro
517 2021 609 2050 omnis
630 2021 698 2049 lldcs
718 2026 876 2056 comparata
892 2028 977 2056 grano

184 2066 321 2102 sinapeos.
339 2066 405 2100 Quia
420 2067 496 2095 nihili
513 2068 623 2102 quidem
646 2073 788 2103 reputatur
807 2068 874 2095 lides
887 2068 920 2095 ab
933 2068 978 2095 ho-

185 2111 316 2146 minibus,
338 2118 366 2140 et
383 2113 568 2141 modicissima
590 2121 633 2140 res
648 2118 690 2141 est
713 2113 784 2148 apud
800 2113 860 2140 illos
872 2133 880 2146 ,
895 2118 977 2148 atque

184 2157 246 2185 vilis
269 2165 329 2186 esse
351 2158 476 2193 videtur;
489 2164 517 2186 at
542 2159 586 2186 ubi
600 2158 697 2186 sortita
716 2158 798 2186 fuerit
815 2163 915 2186 terram
933 2160 978 2186 bo-

185 2210 248 2230 nam
259 2224 268 2236 ,
281 2203 307 2231 id
323 2208 366 2231 εει
385 2205 514 2236 animam,
533 2204 563 2231 lit
583 2205 665 2232 arbor
677 2211 790 2239 procera
805 2211 891 2239 usque
908 2204 977 2231 adeo

1022 266 1076 292 Καὶ
1091 265 1176 301 ψυχαὶ
1189 267 1254 301 γοῦν
1279 276 1351 299 τινες
1369 268 1499 302 ὑγιαίνειν
1529 269 1579 304 μὲν
1599 269 1627 295 ὲν
1652 268 1816 305 σωφροσύνῃ

1021 312 1092 347 τάχα
1103 312 1267 348 νομίζονται,
1285 314 1332 341 καὶ
1348 313 1422 349 βιοῦν
1440 313 1478 346 ὡς
1491 313 1591 348 ὁλόγος
1608 314 1743 349 βούλεται·
1756 312 1816 341 εἶτα

1022 358 1077 385 ἐσθ’
1102 359 1146 386 ὅτε
1176 360 1393 387 καταπίπτουσιν
1420 361 1472 387 ὑπὸ
1494 361 1548 388 τῶν
1565 361 1659 388 παθῶν
1688 362 1744 388 ἀπὸ
1768 362 1815 388 τοῦ

1022 405 1166 442 ὲστηκέναι
1194 407 1342 434 δοκεῖν.....
1365 407 1429 442 περὶ
1445 407 1494 443 τὴν
1519 408 1626 444 ἀπάτην
1647 408 1693 435 τοῦ
1717 408 1817 440 αἰῶνος

1021 450 1116 478 τούτου
1126 451 1173 478 καὶ
1191 453 1249 483 ταῖς
1261 451 1367 484 λοιπαῖς
1378 451 1545 488 ἐπιθυμίαις.
1564 450 1653 484 Οὗτοι,
1663 461 1816 488 πνευματι-

1023 496 1078 529 κῶς
1093 498 1190 530 εἰπεῖν,
1207 498 1419 534 σεληνιάζονται,
1437 498 1667 534 καταϐαλλόμενοι
1689 499 1742 525 ὑπὸ
1759 498 1816 524 τῶν

1023 542 1052 569 ἐν
1067 543 1123 574 τοῖς
1139 543 1315 578 ὲνδομυχοῦσι
1337 543 1435 570 πάθεσι
1453 544 1644 579 πνευματικῶν
1665 544 1714 579 τῆς
1730 552 1816 579 πονη-

1025 587 1093 624 ρίας,
1111 588 1256 616 πίπτουσιν
1270 591 1310 622 εἰς
1323 589 1353 616 τὸ
1369 590 1424 626 πῦρ
1436 590 1491 618 τῶν
1506 591 1663 627 ιιϊυρὼσεων⁸
1682 591 1768 617 ἐνίοτε
1787 591 1817 617 δὲ

1023 635 1062 665 είς
1075 635 1105 661 τὸ
1119 634 1200 670 ὕδωρ,
1212 635 1257 661 ὅτε
1274 635 1287 661 ό
1300 634 1427 670 βασιλεὺς
1441 636 1549 663 πάντων
1563 636 1618 663 τῶν
1628 636 1657 662 ὲν
1671 637 1728 667 τοῖς
1738 635 1817 662 ὕδασι

1023 679 1188 714 δρακόντων,
1209 681 1384 707 καταϐάλλων
1406 682 1505 713 αὐτοὺς
1531 681 1587 708 ἀπὸ
1602 681 1649 709 τοῦ
1673 681 1817 717 ἐλεύθερον

1023 724 1111 752 δοκεῖν
1121 726 1260 759 ἀναπνεῖν,
1281 728 1328 754 ἐπὶ
1347 727 1377 754 τὺ
1389 728 1474 755 εῐκειν
1490 728 1546 764 (95)
1562 729 1601 760 είς
1617 727 1652 755 τὰ
1666 728 1736 764 βάθη
1761 727 1818 754 τῶν

1024 771 1154 807 κυμάτων
1173 772 1224 807 τῆς
1239 773 1376 810 θαλάσσης
1392 774 1439 800 τοῦ
1455 774 1509 801 τῶν
1526 775 1676 810 ἀνθρώπων
1693 774 1764 809 βίου.

1059 818 1152 855 Ταύτῃ
1167 821 1199 855 τῇ
1211 819 1334 856 διηγήσει
1348 820 1526 856 συμϐαλεῖται
1537 821 1602 856 ἡμῖν
1616 821 1630 847 ὁ
1644 820 1731 854 λέγων
1742 821 1771 846 ὲν
1784 821 1818 855 τῇ

1025 865 1129 898 Σοφίᾳ,
1148 866 1212 901 περὶ
1229 865 1278 901 μὲν
1293 866 1342 900 τῆς
1366 865 1414 892 τοῦ
1435 866 1540 893 δικαίου
1559 866 1736 902 ὀμαλόεητος·
1754 865 1820 899 Διή-

1026 918 1115 945 τιησις
1128 911 1274 944 εὐσεϐοῦς
1291 911 1341 938 διὰ
1361 912 1476 945 παντὸς
1497 913 1601 947 σοφίαι
1626 913 1691 948 περὶ
1713 912 1743 938 δὲ
1765 911 1820 938 τῶν

1026 957 1239 993 ἁποδεδομένωνο
1252 958 1280 984 ιο
1292 957 1327 984 δὲ
1340 958 1442 993 ἄφρων
1453 959 1493 991 ὡς
1504 957 1620 992 σελήνη
1635 957 1818 984 ἀλλοιοῦται.

1026 1004 1081 1030 Καὶ
1101 1003 1159 1031 ἐστι
1181 1004 1229 1031 καὶ
1245 1005 1273 1030 ἐν
1289 1005 1347 1036 τοῖς
1367 1004 1496 1036 τοιούτοις
1515 1004 1579 1031 [δεῖν
1593 1004 1682 1039 ὁρμὰς
1708 1011 1819 1030 συνεπι-

1027 1050 1145 1076 σπᾶσθαι
1160 1050 1311 1086 δυναμένας
1328 1050 1396 1086 πρὸς
1407 1050 1516 1077 ἔπαινον
1526 1048 1589 1082 τοὺς
1606 1050 1643 1086 μὴ
1656 1049 1820 1085 ἐφιστάντας

1027 1096 1114 1123 αὐτῶν
1121 1096 1160 1132 τῷ
1172 1096 1373 1132 ἀνερματίστῳ,
1390 1096 1462 1123 ὥστε
1474 1097 1561 1123 εἰπεῖν
1579 1096 1611 1123 ἂν
1623 1096 1704 1122 οἱονεὶ
1720 1095 1821 1122 πανσέ-

1026 1143 1106 1178 ληνον
1127 1140 1197 1170 εῖναι
1221 1144 1249 1169 ἐν
1271 1143 1373 1175 αὐτοῖς,
1397 1143 1495 1179 ἧπαρ*
1525 1143 1614 1177 ὀλίγον
1640 1143 1819 1178 πανσέληνον.

1029 1189 1109 1221 Ἶδοις
1121 1189 1144 1215 δ’
1155 1189 1187 1216 ἂν
1200 1189 1281 1216 πάλιν
1294 1189 1462 1225 μιμούμενον
1478 1189 1507 1216 τὸ
1518 1189 1596 1221 δόξαν
1608 1186 1675 1216 εἶναι
1684 1190 1713 1216 ὲν
1728 1189 1821 1221 αὐτοῖς

1027 1235 1094 1270 φῶς·
1110 1235 1170 1271 οὐχ).
1182 1235 1239 1270 φῶς
1249 1235 1377 1271 ἡμερινὸν
1392 1236 1537 1271 τυγχάνον,
1548 1235 1616 1262 ἀλλὰ
1625 1235 1683 1269 φῶς
1694 1243 1820 1270 νυκτερι-

1027 1282 1082 1314 νὸν,
1109 1283 1157 1308 καὶ
1173 1282 1219 1308 ὲπὶ
1235 1281 1363 1308 τοσοῦτον
1391 1281 1484 1317 λῆγον,
1505 1281 1558 1314 ἕως
1574 1282 1642 1318 μηδὲ
1654 1281 1743 1308 δοκεῖν
1763 1280 1822 1315 φῶς

1027 1328 1096 1356 εἶναι
1120 1328 1333 1364 ὲπιϐλεπόμενον
1355 1328 1410 1364 (94)
1425 1329 1454 1355 ὲν
1476 1328 1567 1360 αὐτοῖς
1583 1328 1704 1364 γένηται.
1723 1328 1756 1355 El
1775 1325 1822 1354 οὖν

1027 1375 1102 1402 πᾶσα
1125 1375 1198 1410 ψυχὴ
1220 1375 1266 1401 ὑπ’
1283 1374 1392 1410 ἀγγέλῳ
1412 1374 1551 1407 τέτακται,
1566 1375 1581 1400 ὁ
1602 1373 1650 1401 τοῦ
1663 1373 1824 1409 σεληνιαζο-

1029 1421 1112 1458 μένου
1129 1421 1220 1457 πατὴρ
1232 1421 1265 1448 ἂν
1290 1417 1367 1453 οὗτος
1391 1420 1475 1452 ἀξιῶν
1489 1420 1528 1452 ὡς
1537 1420 1601 1456 περὶ
1617 1420 1676 1447 υἱοῦ
1696 1420 1742 1447 τὸν
1770 1420 1823 1455 ’1η-

1028 1467 1103 1500 σοῦν,
1121 1468 1159 1499 ὼς
1174 1467 1214 1503 μὴ
1230 1467 1378 1504 δυνηθέντα
1396 1467 1451 1504 (95)
1467 1467 1521 1494 ἀπὸ
1532 1467 1728 1503 ὑποδεεστέρου
1741 1467 1824 1502 λόγου

1027 1514 1081 1540 τῶν
1096 1513 1225 1549 μαθητῶν
1239 1513 1443 1550 θεραπευθῆναι
1460 1514 1512 1541 ὑπὸ
1528 1513 1574 1540 τοῦ
1589 1513 1700 1546 πάθους.

1063 1559 1175 1586 Ἐστιδὲ
1187 1559 1284 1587 ἄλαλον
1297 1560 1343 1586 καὶ
1351 1560 1443 1594 κωφὸν
1457 1559 1594 1595 δαιμόνιον
1609 1560 1637 1586 αἱ
1651 1559 1744 1594 ἄλογοι
1753 1559 1823 1595 πρὸς

1026 1606 1057 1633 τὸ
1066 1606 1161 1633 δοκοῦν
1176 1606 1258 1633 καλὸν
1274 1607 1370 1642 ὁρμαὶ,
1386 1606 1439 1633 ὑπὸ
1449 1606 1497 1633 τοῦ
1515 1606 1594 1641 λόγου
1611 1605 1822 1642 ἐκϐαλλόμεναι,

1026 1652 1060 1684 ἃς
1072 1653 1154 1684 αὐτὸς
1173 1653 1260 1680 ὲποίει
1286 1653 1376 1688 ἀλόγῳ
1393 1653 1474 1689 φορᾷ,
1497 1653 1672 1688 νομιζόμεναι
1692 1652 1744 1679 ὑπὸ
1768 1652 1824 1680 τῶν

1027 1698 1179 1734 βλεπόντων
1197 1698 1268 1726 κατὰ
1293 1699 1372 1734 λόγον
1395 1698 1483 1726 ταῦτα
1509 1698 1639 1734 πράττειν
1654 1698 1704 1734 τῆς
1734 1698 1823 1734 Ἰησοῦ

1026 1744 1209 1776 διδασκαλίας.
1225 1744 1353 1771 Δυσίατον
1367 1745 1396 1772 δὲ
1407 1744 1486 1771 τοῦτο
1495 1744 1525 1771 τὸ
1541 1744 1637 1777 πάθος,
1648 1753 1696 1771 και
1713 1745 1824 1780 ἰσχυρὸν

1025 1791 1100 1817 δοκεῖ
1110 1789 1199 1822 καλῶς
1212 1790 1369 1826 πεπρᾶχθαι
1378 1790 1411 1817 τὰ
1421 1790 1458 1826 μὴ
1472 1790 1572 1822 καλῶς,
1586 1790 1633 1817 καὶ
1647 1789 1720 1816 ἐστιν
1736 1789 1825 1822 οὕτως

1027 1836 1055 1863 έν
1075 1837 1132 1868 τοῖς
1157 1835 1289 1868 τοιούτοις
1307 1835 1412 1871 μεγάλη
1429 1835 1571 1871 ἡτοιαύτη
1595 1836 1729 1871 ἐνέργεια,
1750 1835 1824 1863 ὥστε

1026 1881 1128 1918 ταύτην
1145 1881 1203 1918 δρει
1230 1881 1463 1918 παραϐάλλεσθαι,
1483 1881 1598 1917 δεομένη
1626 1882 1670 1908 ἴνα
1687 1881 1823 1918 μετατεθῇ

1026 1927 1081 1955 ἀπὸ
1097 1927 1143 1954 τοῦ
1167 1928 1318 1963 πάσχοντος
1343 1927 1389 1954 διὰ
1405 1928 1497 1963 πάσης
1525 1928 1645 1959 πίστεως
1666 1928 1713 1954 τοῦ
1740 1927 1824 1964 θερα-

1027 1972 1164 2004 πεύοντος.
1184 1973 1260 1999 Ἔστι
1286 1972 1315 1999 δὲ
1337 1973 1353 2008 ἡ
1381 1973 1455 1999 πᾶσα
1478 1973 1569 2004 πίστις
1593 1972 1824 2008 παραὸαλλομένη

1027 2017 1118 2053 κόκκῳ
1132 2018 1278 2050 σινάπεως·
1301 2018 1364 2044 ἐπεὶ
1385 2018 1564 2051 ἑξουθενείται
1592 2018 1641 2054 μὲν
1667 2018 1743 2054 παρὰ
1768 2019 1824 2046 τῶν

1027 2063 1178 2100 ἀνθρώπων
1194 2065 1210 2099 ὴ
1236 2064 1337 2096 πίστις,
1352 2064 1400 2091 καὶ
1413 2063 1582 2100 βραχύτατόν
1594 2065 1663 2095 ἐστι,
1681 2064 1728 2090 καὶ
1746 2064 1824 2089 εὖτε-

1027 2108 1072 2140 λὲς
1089 2107 1157 2136 εἶναι
1174 2109 1309 2145 φαίνεται·
1327 2109 1447 2144 τυχοῦσα
1458 2109 1486 2136 δὲ
1499 2110 1550 2145 γῆς
1567 2109 1683 2144 ἀγαθῆς,
1699 2110 1825 2137 τουτέστι

1027 2155 1126 2190 ψυχῆς,
1153 2155 1258 2189 γίνεται
1284 2155 1392 2191 δένδρον
1413 2155 1494 2191 μέγα·
1512 2155 1582 2182 ὥστε
1609 2155 1684 2182 οὐδὲν
1703 2155 1754 2191 μὲν
1769 2155 1825 2183 τῶν

1029 2201 1167 2237 ἁπτέρων,
1183 2201 1216 2228 τὰ
1241 2201 1270 2228 δὲ
1293 2201 1473 2238 ὲπτερωμένα
1497 2201 1690 2237 πνευματικῶς
1711 2202 1826 2228 πετεινὰ

186 2254 216 2276 ut
234 2249 336 2276 nullum
353 2249 404 2276 alis
419 2251 587 2283 carentium,
602 2250 695 2286 utique
710 2258 773 2278 vero
783 2249 853 2278 alata
867 2250 976 2285 spirita-

1058 2247 1072 2273 ὗ
1088 2246 1203 2283 οὐρανοῦ
1213 2248 1402 2284 κατασκηνοῦν
1413 2247 1542 2275 δύνασθαι
1557 2249 1585 2274 ἐν
1593 2249 1648 2279 τοῖς
1654 2247 1762 2281 κλάδοις
1773 2248 1826 2284 τῆς

186 2293 247 2321 liter
258 2294 379 2322 volucria
394 2295 468 2329 coeli,
483 2296 608 2324 habitare
624 2297 731 2332 possint
748 2296 775 2324 in
798 2296 881 2324 ramis
894 2301 976 2325 tantae

185 2339 266 2374 hujus
277 2339 349 2368 lidei.

188 2383 280 2411 v.43.
302 2384 430 2414 Omnibus
455 2392 543 2418 autem
570 2387 763 2415 admirantibus
790 2388 822 2415 de
853 2388 973 2416 omnibus

256 2420 349 2454 quibus
364 2421 424 2455 fecit
441 2421 519 2449 Iesus
532 2444 539 2456 ,
558 2423 626 2449 dixit
639 2423 674 2449 ad
685 2423 826 2458 discipulos
837 2432 898 2451 suos
917 2431 926 2450 :

190 2495 209 2523 V
240 2497 285 2524 Η.
306 2497 399 2526 Ponite
413 2508 457 2526 uos
473 2499 499 2526 in
514 2500 624 2527 auribus
643 2501 732 2528 vestris
753 2509 883 2529 sermones
899 2503 972 2530 istos.

225 2531 311 2560 Filius
327 2534 396 2560 enim
409 2535 522 2562 hominis
534 2537 677 2562 tradendus
689 2542 726 2563 est
741 2536 768 2563 in
781 2545 875 2564 manus
889 2537 975 2564 hami-

223 2613 246 2641 Δ
262 2622 382 2650 quonam
399 2617 547 2644 tradendus
563 2617 629 2644 est?
648 2617 794 2652 Apostolus
811 2618 918 2653 quidem
935 2619 977 2646 di-

187 2659 236 2692 cit,
248 2662 378 2689 traditum
399 2662 484 2690 fuisse
509 2663 608 2691 Filium
632 2671 648 2691 a
671 2663 746 2696 Deo,
761 2664 887 2698 inquiens
904 2664 978 2697 :Qui

187 2708 295 2740 proprio
312 2707 384 2735 Filio
402 2717 450 2736 suo
468 2717 521 2736 non
541 2710 667 2744 pepercit,
676 2711 721 2738 sed
735 2718 783 2745 pro
801 2710 875 2737 nobis
891 2712 977 2738 omni—

187 2752 235 2778 bus
245 2754 357 2781 tradidit
368 2754 443 2781 illum
458 2754 492 2788 ",
504 2762 648 2790 passurum
661 2763 757 2792 nempe
771 2763 821 2790 pro
831 2760 888 2784 toto
901 2763 979 2783 mun-

223 2809 248 2826 ”
258 2809 342 2840 Ercli.
361 2819 445 2845 nm,
467 2811 511 2839 η.
548 2813 572 2829 "
582 2812 647 2842 ibid.
685 2813 708 2831 "
724 2813 802 2841 Rom.
817 2820 877 2846 vul,
894 2812 940 2841 32.

296 2856 377 2893 forte
389 2858 478 2893 ἥκειν.

221 2891 279 2927 (91)
296 2891 374 2920 Forte
387 2891 461 2921 deest
473 2893 515 2921 ἄν.

1026 2293 1154 2329 τοιαύτης
1171 2293 1301 2326 πίστεως.

1026 2382 1100 2418 Στίχ.
1129 2390 1183 2418 μγ.
1202 2381 1325 2418 Πάντων
1347 2381 1381 2408 δὲ
1394 2382 1609 2418 θαυμαζόντων·
1633 2381 1684 2409 ἐπὶ
1715 2382 1824 2415 πᾶσιν,

1064 2391 1072 2409 ι
1094 2403 1100 2410 .
1129 2391 1183 2418 μγ.
1202 2391 1325 2410 ιιαντων
1347 2391 1381 2408 oe
1400 2391 1609 2417 σαυμαςοντων
1633 2391 1684 2409 επι
1715 2391 1824 2415 amour,

1062 2391 1106 2463 (ἒς
1117 2418 1262 2458 ἐποίησεν
1271 2419 1287 2445 ό
1309 2417 1434 2451 Ἰησοῦς,
1450 2416 1515 2445 εἶπε
1526 2417 1601 2452 πρὸς
1609 2417 1680 2451 τοὺς
1685 2420 1824 2453 μαθητὰς

1063 2462 1166 2482 αυτου.

1028 2500 1102 2536 Στίχ.
1184 2499 1278 2527 Θέσθε
1295 2499 1380 2536 ὑμεῖς
1401 2500 1450 2536 εἰς
1461 2499 1497 2526 τὰ
1509 2497 1570 2536 ὦτα
1584 2499 1668 2536 ὑμῶν
1678 2499 1753 2536 τοὺς
1770 2501 1825 2526 λό-

1062 2534 1136 2570 γουξ-
1144 2535 1278 2568 τούτους.
1299 2535 1330 2561 ’0
1342 2535 1399 2570 γὰρ
1408 2535 1473 2568 Υἱὸς·
1483 2535 1536 2562 τοῦ
1548 2534 1705 2569 ἀνθρώπου
1715 2535 1825 2570 μέλλει

1062 2569 1279 2604 παραδίδοσθαι
1294 2571 1339 2603 εὶς
1357 2569 1458 2604 χεῖρας
1470 2570 1642 2604 ἀνθρώπων.

1068 2617 1137 2644 Ὑπὸ
1161 2616 1233 2649 τίνος
1258 2616 1313 2652 ἄρα
1340 2616 1431 2652 μέλλει
1463 2616 1674 2652 παραδίδοσθαι;
1709 2616 1738 2642 '0
1772 2616 1824 2651 μὲν

1032 2661 1192 2695 Ἀπόστολός
1210 2671 1275 2697 φησι
1305 2662 1504 2698 παραδεδόσθαι
1536 2663 1588 2690 ὑπὸ
1606 2663 1653 2690 τοῦ
1680 2663 1749 2690 Θεοῦ
1777 2664 1824 2690 τὸν

1027 2709 1101 2740 Υίὸν,
1114 2708 1185 2740 ὲκώς
1194 2707 1315 2744 (96)-Ὄς
1324 2717 1356 2743 γε
1364 2708 1416 2735 τοῦ
1426 2708 1504 2736 ὶδίου
1521 2709 1590 2736 Υἰοῦ
1599 2711 1655 2736 οὐκ
1667 2709 1823 2744 ἐφείσατο,

1031 2756 1099 2784 ἀλλ’
1118 2755 1195 2790 ὑπὲρ
1209 2754 1294 2791 ἡμῶν
1312 2756 1433 2784 πάντων
1451 2755 1622 2791 παρέδωκεν
1632 2756 1736 2789 αὐτὸν,
1751 2755 1826 2792 ὑπὲρ

1062 2859 1119 2897 (95)
1134 2859 1214 2897 [orte
1228 2860 1396 2897 δυνηθέντος.

1065 2894 1121 2930 (ξοδ)
1136 2895 1236 2924 Εἰπὼν.
