1904 3076
51 148 96 177 5Ᾱ9

678 144 824 174 SCHOLIA
843 144 877 172 lN
896 143 1026 173 LUCAM.

1611 140 1664 168 550

49 208 101 234 ὅλου
125 205 170 232 τοῦ
193 204 297 240 κόσμου
321 204 490 240 πεισόμενον,
516 205 560 231 ἴνα
581 204 640 239 ἄρῃ
663 204 746 231 αὐτοῦ
769 203 827 235 τὴν

882 203 923 237 do,
940 208 970 230 ut
984 202 1043 238 ejus
1070 201 1172 228 tolleret
1183 204 1318 234 peccatum
1330 199 1363 226 ".
1382 199 1460 227 Dices
1473 203 1562 226 autem
1579 199 1662 226 etiam

50 251 193 287 ἁμαρτίαν-⁸
211 251 283 291 ἐρεῖς
298 251 327 277 δὲ
348 250 396 277 καὶ
413 250 465 277 ὑπὸ
478 250 525 277 τοῦ
545 250 667 277 διαϐόλου
679 250 827 287 παραδεδό-

52 299 105 325 σθαι
116 297 203 328 αὑτὸν,
219 297 264 331 ὑφ’
278 293 308 323 οὒ
320 296 509 331 παραδίδονται
521 297 578 328 τοῖς
589 295 827 331 αἱχμαλωτεύσασι

50 343 79 370 τὰ
88 343 165 378 ζεύγη
181 343 228 369 καὶ
245 343 269 369 el
285 342 340 369 ὃνοι
350 342 396 369 τοῦ
421 342 491 374 Ἰὼϐ,
506 340 564 369 εἶτα
582 344 639 374 τοῖς
654 342 782 369 ἱππεῦσιν
798 342 827 368 αἱ

51 389 165 425 κάμηλοι,
182 388 221 424 τῷ
243 388 310 423 πυρὶ
323 388 358 415 τὰ
372 388 507 425 πρόϐατα,
524 388 563 424 τῷ
580 388 609 422 ἐξ
628 389 730 424 ἐρήμου
746 387 828 414 πνεύ-

53 445 108 471 ματι
133 436 159 462 αἱ
176 435 272 461 τούτου
298 435 447 472 θυγατέρες
470 435 517 462 καὶ
540 435 565 461 οἱ
592 435 654 461 υἱοί.
675 435 766 461 Ἔστω
781 431 827 461 οὖν

52 482 146 518 πρῶτον
161 481 213 520 ύπὸ
236 480 283 508 τοῦ
311 480 418 517 Πατρὺς
443 481 660 516 παραδεδομένος
679 481 694 507 ό
707 481 771 512 Υἱὸς
787 482 827 512 εἰς

52 530 133 564 χεῖρας
149 527 309 563 ὰνθρώπων⁴
326 525 384 554 εἶτα
403 527 456 554 ὑπὸ
471 527 517 554 τοῦ
543 527 638 560 Ἰούδα,
653 528 693 559 εἰς
708 527 740 554 ὃν
758 527 827 563 μετὰ

52 574 78 601 τὸ
87 574 184 609 ψωμίον
198 573 323 608 εἰσῆλθεν
330 574 344 600 ὁ
355 574 476 605 Σατανᾶς
485 566 618 610 ὰρχικώτε
623 582 667 609 ρον
678 573 724 600 τοῦ
742 574 827 600 Ἰούδα

54 620 200 656 παραδιδοὺς
225 620 316 647 αὐτόν.
352 620 421 646 Ἀλλ’
443 621 458 646 ό
487 621 535 655 μὲν
558 620 652 655 Πατὴρ
680 620 733 646 τοῦ
750 619 826 647 ἰδίου

57 667 114 693 Υίοῦ
123 667 175 693 οὐκ
188 666 333 700 ἐφείσατο
348 666 536 702 φιλανθρωπίᾳ
550 668 583 702 τῇ
604 667 672 701 πρὸς
687 667 760 702 ἡμᾶς
779 667 826 692 καὶ

53 713 209 749 χρηστότητιδ
239 713 254 739 ὁ
278 712 307 739 δὲ
341 712 439 744 Ἰούδας
470 713 604 749 μοχθηρίᾳ
631 712 823 748 προαιρέσεως.

53 760 207 791 Θανατωθεὶς
214 760 254 792 δὲ,
270 759 325 786 τὸν
336 759 368 786 τὸ
382 759 490 793 κράτος
500 759 609 794 ἔχοντα
620 759 673 786 τοῦ
684 758 824 790 θανάτου,

53 805 102 841 ἦτοι
124 806 169 841 τῆς
189 806 339 841 ἁμαρτίας,
353 805 492 833 διάϐολον
512 806 691 840 κατήργησε.
706 806 825 838 Θάνατος

54 852 97 887 γὰρ
108 853 123 887 ὴ
133 852 252 888 ἁμαρτία
265 852 379 887 κυρίως,
393 852 464 879 κατὰ
479 853 519 878 τό·
538 851 625 886 Ψυχὴ
639 851 824 886 ἁμαρτάνου-

878 257 893 276 a
918 248 1025 276 diabolo
1046 247 1174 274 traditum
1194 245 1279 273 fuisse
1300 245 1374 273 illum
1388 265 1395 277 ,
1410 252 1424 271 a
1440 252 1494 280 quo
1521 244 1664 272 traduntur

878 294 1078 331 captivantibus
1097 294 1179 321 etiam
1192 292 1257 329 juga
1271 297 1298 320 et
1321 292 1391 319 asini
1402 291 1464 324 Job,
1478 297 1571 326 postea
1587 293 1664 326 equi-

877 343 950 370 tibus
975 340 1083 373 cameli,
1101 339 1156 375 igni
1178 347 1258 372 oves,
1281 341 1363 365 vento
1382 338 1483 365 deserti
1504 338 1584 372 hujus
1603 337 1665 364 tilia:

877 393 904 415 et
917 387 974 415 lilii.
986 387 1051 414 Esto
1071 386 1171 422 igitur;
1191 385 1308 419 primum
1321 393 1335 411 a
1348 384 1428 411 Patre
1440 384 1554 411 traditus
1570 389 1611 411 est
1621 382 1666 411 Fi-

879 433 930 460 lius
953 432 980 459 in
996 438 1093 458 manus
1115 430 1269 462 hominum,
1282 429 1378 456 deinde
1397 430 1431 456 ab
1447 428 1526 462 Juda,
1543 431 1569 455 ln
1583 436 1663 463 quem

878 483 938 514 post
965 477 1115 505 buccellam
1135 476 1273 511 ingressus
1299 480 1341 503 est
1364 474 1500 507 Satanas,
1519 474 1565 509 qui
1588 475 1667 510 longe

877 529 940 552 ante
955 522 1052 551 ludam
1065 523 1214 550 tradiderat
1228 529 1299 549 eum.
1320 521 1355 548 At
1372 521 1452 548 Pater
1466 522 1571 555 proprio
1594 521 1666 548 Filio

876 579 924 598 suo
940 578 992 598 non
1008 570 1132 605 pepercit,
1148 569 1314 596 humanitate
1335 575 1365 595 ac
1384 567 1549 601 benignitate
1575 575 1622 594 sua
1639 568 1666 595 in

877 623 926 642 nos
942 624 948 642 :
965 614 1049 643 Judas
1074 622 1156 648 vero,
1177 614 1278 642 malitia
1299 613 1456 641 voluntatis.
1481 612 1559 640 Morti
1586 620 1668 647 porro

876 662 965 693 datus,
975 669 1033 688 eum
1044 661 1089 696 qui
1102 661 1239 695 imperium
1252 660 1360 686 habebat
1374 660 1476 691 mortis,
1485 659 1541 686 sive
1553 658 1667 693 peccati,

876 707 1010 733 diabolum
1039 706 1216 733 exauctoravit
1231 705 1265 732 ⁸⁸.
1288 704 1433 732 Peccatum
1461 704 1535 731 enim
1560 703 1669 738 proprie

877 760 950 780 mors
963 757 1017 784 est,
1029 751 1107 786 juxta
1129 752 1193 779 illud
1218 760 1225 778 :
1245 751 1341 778 Anima
1358 759 1478 785 peccans,
1494 750 1551 784 ipsa
1571 749 1668 776 morie-

877 804 921 826 tur
935 800 968 828 "’.
983 801 1022 827 Ac
1033 800 1164 834 principes
1180 799 1287 833 quidem
1302 799 1442 826 astiterunt
1454 798 1580 825 adversus
1590 796 1670 824 Citri-

876 850 944 873 stum
960 846 967 861 '
986 853 993 871 :
1006 853 1055 872 nos
1068 852 1132 872 vero
1147 845 1208 872 inde
1230 844 1313 878 adjuti
1328 845 1400 879 quod
1419 844 1477 878 ipse
1489 843 1596 870 occisus
1611 842 1670 870 fuco

53 883 95 930 irai,
191 883 398 925 ἀποθανεῖται.
412 899 467 924 Καὶ
481 899 507 924 ol
531 883 736 933 μὲν-ἆρχονῑῖες
749 903 824 931 παρ-

882 893 922 924 rit,
936 891 1050 919 dicimus
1067 891 1131 918 illud
1146 891 1342 924 :dirumpamus
1359 890 1463 917 vincula
1480 897 1570 916 eorum
1588 890 1608 916 '.
1622 888 1669 915 Et-

52 944 171 978 ἔστησαν
189 945 265 971 κατὰ
283 943 336 971 τοῦ
348 943 487 979 Χριστοῦ,
503 945 585 979 ἡμεῖς
598 943 627 970 δὲ
640 943 826 979 ὠφεληθέντες

52 991 84 1025 τῷ
97 991 190 1017 ἐκεῖνον
198 991 380 1023 ἀπεκτάσθαι,
394 990 483 1026 φαμὲν
491 990 530 1016 τό·
541 990 746 1025 Διαρῤήξωμεν
756 990 827 1023 τοὺς

52 1036 283 1071 δεσμοὺς-αὐτῶν.
299 1037 469 1072 Σύμμορφοι
486 1036 540 1072 γὰρ
556 1037 711 1071 γεγονότες
727 1035 767 1068 τῷ
775 1037 827 1063 θα-

52 1082 118 1114 νιὶτῳ
130 1083 181 1110 τοῦ
199 1084 342 1118 Χριστοῦ,
357 1084 448 1110 οὐκέτι
465 1083 547 1118 ἐσμὲν
571 1083 622 1109 ὑπὸ
634 1084 697 1115 τοὺς
711 1084 827 1119 δεσμοὺς

53 1129 96 1156 τῶν
108 1129 236 1157 ἐναντίων·
254 1130 314 1157 ἀλλ’
334 1130 410 1157 αὐτοὶ
428 1129 528 1165 μᾶλλον
547 1129 726 1164 ὲκγελῶνται
747 1131 828 1165 παρὰ

53 1176 96 1202 τοῦ
110 1175 318 1209 κατοικοῦντος
338 1176 372 1202 ὲν
393 1174 532 1210 οὐρανοῖς
557 1175 683 1210 Πατρός,
700 1176 750 1203 καὶ
767 1176 827 1203 ὑπὸ

54 1220 98 1248 τοῦ
108 1221 210 1255 Κυρίου
218 1220 458 1256 μυκτηρίζονται.
487 1220 618 1252 Ἀναστὰς
638 1220 692 1256 γὰρ
707 1221 828 1257 συμμόρ-

878 938 950 965 ειιὶιιη
967 937 1115 972 conformes
1140 937 1205 972 facti
1225 937 1305 964 morti
1329 936 1468 969 Christi’,
1484 943 1536 962 non
1554 934 1668 969 amplius

880 991 974 1011 sumus
991 983 1041 1011 sub
1059 983 1172 1011 vinculis
1195 983 1421 1013 adversariorum.
1443 982 1490 1009 sed
1514 981 1563 1015 ipsi
1579 980 1671 1016 potius

877 1029 1026 1056 irridentur
1042 1030 1072 1056 ab
1095 1038 1125 1056 eo
1139 1030 1185 1064 qui
1202 1029 1302 1056 habitat
1314 1030 1343 1056 in
1357 1029 1428 1055 calin
1441 1027 1531 1061 Patre,
1540 1033 1564 1054 et
1578 1036 1595 1054 a
1613 1026 1666 1054 Do-

878 1077 949 1103 mino
962 1076 1186 1104 subsannantur‘.
1198 1075 1353 1108 Resurgens
1363 1076 1433 1103 enim
1445 1074 1598 1102 conformes
1620 1080 1670 1100 nos

879 1121 942 1148 fecit
956 1122 1039 1149 etiam
1055 1122 1263 1149 resurrectionis
1278 1129 1333 1148 suae
1345 1141 1353 1154 ,
1373 1128 1425 1148 non
1442 1120 1559 1155 amplius
1574 1119 1670 1146 seden—

879 1170 920 1193 tes
941 1166 968 1194 in
986 1167 1105 1194 tenebris
1121 1172 1149 1194 et
1173 1166 1267 1193 umbra
1293 1166 1409 1199 mortis,
1431 1169 1574 1200 propterea
1596 1165 1670 1199 quod

879 1216 969 1239 ortum
989 1213 1025 1240 sit
1039 1220 1121 1248 super
1135 1221 1184 1240 nos
1198 1213 1287 1239 lumen
1304 1211 1361 1238 Dei.

54 1276 109 1301 φους
124 1269 191 1303 ἡμᾶς
207 1268 342 1303 πεποίηκε
359 1268 464 1303 καὶτῆς
479 1267 561 1294 αὑτοῦ
579 1268 762 1300 ἀναστάσεως,
797 1269 888 1296 οὐκέτι
913 1270 1113 1307 καθεζομένους
1138 1272 1167 1299 ἐν
1191 1271 1281 1298 σκότει
1310 1271 1358 1298 καὶ¹
1382 1270 1446 1305 σκιᾷ
1479 1269 1606 1302 θανάτου,
1624 1267 1672 1296 διὰ

54 1314 79 1340 τὸ
89 1315 214 1342 ἀνατεῖλαι
227 1316 272 1350 ἐφ’
288 1315 361 1350 ἡμᾶς
381 1314 438 1349 φῶς
454 1314 502 1340 τοῦ
519 1314 596 1341 Θεοῦ.

55 1360 182 1396 supra;
200 1360 337 1396 Ἐγένετο
351 1360 386 1387 δὲ
405 1360 614 1395 πορευομένων
630 1360 733 1396 αὐτῷν
744 1360 779 1387 ὲν
793 1361 830 1395 τῇ

82 1394 218 1428 όὸῷ,εΤπὲ
236 1394 287 1429 ’τις
317 1396 392 1430 πρὸς
419 1394 523 1422 αῠτόνὲ
550 1395 756 1428 Ἀκολουθήσω
780 1403 830 1423 σοι

82 1431 150 1459 ὅπου
157 1431 212 1467 ἐὰν
221 1431 350 1467 ἀπέρχῃ,
359 1432 457 1466 Κύριε.

54 1476 114 1511 ἓιίχ.
128 1480 174 1512 νη¹.
190 1477 244 1504 Kal
252 1475 339 1503 εἶπεν
351 1475 432 1512 αὐτῷ
443 1477 461 1512 d
480 1475 609 1509 Ἰησοῦς·
622 1476 668 1512 Αἱᾷ
675 1475 828 1512 ἀλώπεκες

82 1510 204 1552 ςξωνίεοὺς
218 1512 337 1546 ἔχουσι,
361 1511 409 1552 καὶ
433 1510 670 1552 τὰπετεινᾴιτοῦ
691 1511 826 1552 ρύραγοῇ
842 1523 863 1552 C

82 1546 177 1581 ἔχουσι
191 1546 449 1579 κατασκηνώσεις·
466 1547 482 1573 ὀ
507 1546 541 1572 δὲ
566 1546 631 1579 Υἱὸς
652 1546 705 1573 τοῦ
722 1545 830 1580 ἀνθρώ-

83 1583 196 1609 πουοὺκ
212 1582 276 1617 ἔχει
290 1582 349 1608 ποῦ
360 1581 418 1615 τὴν
434 1581 573 1616 κεφαλὴν
588 1581 688 1615 κλίνῃ.

82 1628 109 1654 El
125 1629 169 1663 μὲν
180 1627 226 1655 οὖν
241 1628 351 1663 ἕτοιμος
363 1625 388 1654 εἴ
401 1627 482 1659 αὐτὸς
494 1627 594 1662 ὁμοίως
612 1628 672 1662 ἐμοὶ
689 1627 739 1653 οὐκ
754 1627 826 1662 ἔχον-

55 1681 76 1698 τι
91 1673 134 1699 ποῦ
146 1674 192 1709 τὴν
210 1673 332 1708 κεφαλὴν
351 1673 451 1704 κλῖναι,
473 1673 575 1708 αἱρήσῃ
590 1672 634 1699 διὰ
645 1673 696 1708 τὴν
709 1674 779 1709 ἐμὴν
788 1673 827 1699 δι-

55 1717 182 1745 δασκαλίαν
204 1719 235 1746 τδ
249 1718 436 1746 ἀκατάστατον
451 1718 568 1745 ἐνταῦθα
596 1718 682 1744 ἐλπίδι
700 1719 749 1754 τῆς
774 1719 828 1745 τῶν

56 1763 159 1799 οὐρανῶν
175 1763 322 1798 βασιλείας,
336 1765 378 1791 ἐπ’
390 1764 476 1791 οὐδενὶ
486 1764 534 1800 τὴν
548 1764 699 1791 ἀνάπαυσιν
711 1764 829 1792 ἐνταῦθα

58 1808 87 1843 μὴ
97 1809 254 1844 προσδοκῶν,
268 1809 326 1836 ἀλλ’
337 1809 366 1837 ὲν
378 1809 418 1844 τῷ
431 1809 561 1844 μέλλοντι.
579 1810 610 1835 0i
624 1809 678 1844 γὰρ
694 1809 757 1844 ἐμοὶ
777 1818 828 1844 μα-

57 1853 130 1888 θηταὶ,
154 1855 325 1891 δικαιοσύνην
347 1855 504 1887 ἀσκοῦντες,
518 1855 548 1882 ὲν
562 1855 601 1890 τῷ
621 1855 716 1890 κόσμῳ
741 1854 828 1890 τούτῳ

57 1899 131 1934 Olitti
144 1901 240 1934 ἕξουσι·
266 1902 380 1938 πονηροὶ
394 1901 422 1927 δὲ
445 1902 492 1928 καὶ
509 1901 617 1937 γόητες,
635 1901 755 1934 ἀλώπεξι
781 1902 828 1928 καὶ

58 1951 170 1980 πετεινοῖς
178 1949 294 1985 οὐρανοῦ
319 1948 565 1984 παραϐαλλόμενοι,
581 1948 610 1974 ὲν
624 1947 662 1982 τῷ
677 1947 726 1982 βίῳ
742 1947 828 1983 τούτῳ

58 1994 202 2029 προκόψουσι
220 1995 375 2026 πλανῶντες
387 1995 434 2022 καὶ
444 1994 625 2029 πλανώμενοι.

90 2039 257 2077 ’Υψηλότερον
284 2041 321 2068 δέ·
351 2041 414 2067 Ὅτε
436 2040 574 2076 ἐτεθνήκει
597 2039 636 2075 τῷ
660 2039 791 2074 νεανίσκῳ
814 2039 828 2064 ό

59 2086 133 2121 πατὴρ
156 2089 201 2114 καὶ
214 2086 248 2123 ἦν
263 2087 369 2122 νεκρὸς,
395 2087 456 2113 τότε
474 2087 527 2113 ἀπὸ
543 2085 589 2112 τοῦ
610 2084 696 2120 Ἰησοῦ
713 2085 826 2120 ἐκλήθη.

59 2130 186 2166 Νομιπὲον
193 2134 231 2165 δὲ,
244 2135 296 2165 ὃτι,
308 2133 402 2167 ὥσπερ
410 2134 424 2159 ὁ
435 2133 536 2168 κόσμος
548 2131 645 2167 Παύλῳ
657 2131 828 2166 ἐσταύρωται

59 2178 95 2203 καὶ
115 2180 204 2215 νεκρὸς
219 2178 264 2215 ἦν,
289 2180 349 2205 ἐπεὶ
372 2179 497 2214 τεθνήκει
520 2177 595 2213 αὐτῷ
608 2178 643 2204 τά
658 2178 706 2204 τοῦ
722 2178 826 2213 κόσμου
842 2192 865 2219 D

59 2224 199 2260 πράγματα,
215 2227 314 2261 μηκέτι
329 2225 398 2252 αὐτὰ
415 2224 604 2256 σκοποῦντιάκ
617 2223 769 2259 βλεπόμενα
780 2224 827 2250 καὶ

59 2269 202 2307 πρόσκαιρα·
214 2271 301 2302 οὕτως
317 2271 425 2306 ἑκάστῳ
438 2270 534 2305 δικαίῳ
546 2269 660 2305 τέθνηκε
670 2271 684 2295 ὁ
695 2269 826 2301 διάϐολος,

58 2315 118 2347 ὅστις
128 2317 196 2353 αὐτῷ
213 2318 260 2353 ἔζη
273 2317 464 2353 ἁμαρτάνοντι.
484 2316 546 2349 Πᾶς
561 2315 615 2350 γὰρ
625 2317 641 2342 ὁ
654 2314 746 2341 ποιῶν
771 2315 828 2349 τὴν

59 2361 183 2396 ἁμαρτίαν
195 2364 228 2390 ἐκ
250 2364 303 2390 τοῦ
325 2363 465 2390 διαϐόλου
493 2363 675 2397 γεγέννηται”
695 2361 775 2387 παντὶ
799 2361 828 2387 δὲ

59 2406 220 2443 ἁμαρτάνοντι
248 2410 294 2436 καὶ
322 2409 468 2436 σκοποῦντι
495 2409 530 2435 τὰ
545 2407 608 2443 τῇδε
625 2407 657 2443 ζῇ
679 2408 693 2433 ὁ
710 2407 826 2442 πονηρὸς

60 2454 144 2489 πατήρ.
161 2455 244 2482 Παντὶ
264 2455 301 2487 δὲ,
319 2452 340 2489 ᾧ
361 2455 476 2490 τέθνηκε
492 2456 506 2481 ὁ
532 2454 660 2490 νδρνηρὸς,
680 2453 777 2487 λέγοιτ’
794 2452 827 2479 ἂν

60 2497 102 2524 ὑπὸ
110 2500 152 2526 τοῦ
161 2501 277 2536 Χριστοῦ
291 2501 330 2534 τὸ,
347 2501 518 2528 Ἀκολούθει
526 2509 587 2534 μοι,
603 2499 657 2526 Καὶ
665 2497 734 2533 τάχα
743 2498 828 2525 τοιοῦ-

60 2545 95 2571 τόν
112 2547 163 2573 ἐστι
181 2548 317 2582 μυστικῶς
336 2547 479 2582 νοούμενον
500 2546 531 2573 τὸ
552 2547 606 2572 δεῖν
629 2545 765 2581 μισεῖσθαι
782 2545 826 2578 ὑφ’

61 2590 123 2624 ἡμῶν
144 2594 186 2619 τὸν
210 2595 325 2628 πατέρα,
351 2595 374 2620 εί
393 2593 536 2629 μέλλοιμεν
561 2591 629 2624 ἄξιοι
648 2591 757 2618 ἔσεσθαι
780 2589 826 2617 τοῦ

66 2636 145 2672 Ἰησοῦ.
154 2640 188 2666 Τὸ
198 2641 236 2672 δὲ,
250 2640 321 2674 Τοὺς
335 2640 461 2674 νεκροὺς
476 2639 569 2673 θάψαι
577 2638 647 2670 τοὺς
655 2636 770 2664 ἑαυτῶν
782 2645 827 2662 νε-

62 2685 144 2718 κροὺς,
155 2686 340 2722 ἀλληγορεῖται
351 2688 441 2722 μόνον.
454 2687 593 2713 Θάπτουσι
599 2685 652 2720 γάρ
665 2693 722 2715 πως
734 2683 826 2718 νεκροὶ

61 2729 111 2761 τηῦς
129 2732 225 2758 ἑαυτῶν
241 2733 352 2768 νεκροὺς
369 2733 396 2758 ὲν
407 2733 521 2763 ἑαυτοῖς,
539 2731 619 2766 τάφοι
636 2730 682 2756 καὶ
708 2730 826 2765 μνημεῖα

91 2831 191 2861 "Joan.
206 2842 227 2864 I.
241 2833 283 2862 9-9.
323 2835 345 2851 ’³
362 2835 442 2862 Hebr.
462 2843 491 2866 ιι,
511 2834 553 2861 Η.
592 2834 614 2850 ⁵⁸
633 2834 730 2861 Ezeclt.
765 2841 827 2860 xvm

905 2832 950 2858 20.
997 2832 1004 2848 ¹
1023 2830 1095 2860 Psal.
1109 2838 1139 2865 ιι,
1153 2830 1181 2859 ‘3.

884 1361 917 1388 V.
935 1361 980 1388 57.
1000 1362 1102 1388 Accidit
1115 1366 1214 1395 autem,
1231 1360 1428 1388 ambulantibus
1441 1360 1478 1386 ei:
1494 1360 1522 1386 in
1542 1359 1583 1386 eia
1597 1379 1606 1394 ,
1626 1359 1670 1395 di-

918 1398 958 1458 ῗι
977 1398 1084 1437 quidam
1100 1400 1135 1423 ad
1148 1397 1222 1423 illum
1239 1405 1247 1423 :
1264 1395 1367 1431 Sequar
1381 1400 1416 1428 te,
1433 1401 1588 1430 quocunque
1602 1394 1670 1426 abit.

944 1440 1039 1458 οηιιιιε.

883 1477 915 1505 ν.
933 1478 978 1505 58.
995 1477 1029 1503 Et
1047 1477 1115 1504 dixit
1136 1478 1159 1504 ei
1177 1477 1275 1504 Iesus:
1297 1476 1394 1511 Vulpes
1415 1476 1499 1502 lustra
1518 1475 1613 1502 habent
1623 1479 1670 1511 ,νει

916 1513 1032 1540 uolucres
1046 1513 1103 1539 caeli
1125 1513 1218 1539 habent
1235 1513 1387 1539 habitacula
1404 1511 1511 1539 :Filius
1528 1515 1615 1538 autem
1628 1510 1673 1537 ko-

916 1548 996 1575 minis
1011 1556 1063 1575 non
1080 1547 1155 1575 habet
1167 1548 1212 1574 ubi
1226 1553 1302 1582 caput
1316 1547 1434 1574 reclinet.

915 1627 944 1654 Si
960 1627 1041 1661 igitur
1055 1631 1166 1662 paratus
1181 1634 1211 1654 es
1235 1631 1275 1659 tu,
1299 1626 1411 1661 perinde
1432 1630 1514 1660 atque
1529 1633 1599 1661 ego,
1616 1633 1669 1654 non

879 1673 981 1701 habens
994 1674 1038 1700 ubi
1050 1679 1131 1708 caput
1147 1673 1262 1700 recliues
1277 1680 1285 1705 ;
1302 1672 1385 1707 eliges
1399 1679 1446 1707 per
1461 1679 1547 1699 meam
1567 1672 1668 1699 doctri-

879 1726 942 1746 nam
959 1718 1162 1746 instabilitatem
1175 1718 1229 1750 hic,
1243 1725 1291 1752 spe
1306 1718 1382 1752 regni
1407 1717 1549 1750 cmlorum,
1561 1717 1587 1744 in
1598 1717 1669 1744 nulla

880 1773 909 1792 re
922 1765 1039 1799 quietem
1061 1765 1106 1791 hic
1129 1768 1307 1798 exspectans,
1330 1763 1377 1790 sed
1405 1763 1431 1790 in
1449 1763 1539 1790 futuro
1559 1763 1668 1792 saeculo.

880 1810 1008 1845 Discipuli
1026 1817 1146 1844 namque
1160 1809 1212 1837 mei
1228 1809 1361 1843 justitiam
1382 1813 1554 1840 exercentes,
1573 1809 1600 1836 in
1616 1809 1669 1836 hoc

879 1856 979 1883 mundo
995 1854 1167 1882 alBictionem
1177 1855 1324 1882 habebunt.
1338 1855 1469 1882 llomines
1483 1862 1547 1882 vero
1567 1855 1630 1882 mali
1642 1860 1669 1882 et

880 1903 1067 1935 fascinatores,
1078 1902 1202 1936 vulpibus
1216 1906 1244 1930 et
1258 1902 1413 1930 volucribus
1431 1901 1492 1928 caeli
1508 1902 1668 1937 comparati.

879 1950 906 1976 in
918 1949 970 1977 hac
986 1949 1039 1976 vita
1055 1948 1207 1984 proﬁcient,
1221 1948 1386 1982 decipientes
1407 1952 1436 1974 et
1451 1947 1568 1982 decepti.

915 2039 1062 2068 Sublimius
1077 2046 1141 2066 vero
1152 2048 1158 2066 :
1169 2038 1283 2072 Quando
1300 2042 1425 2066 mortuus
1443 2041 1484 2066 est
1501 2037 1667 2065 adolescenti

879 2091 958 2121 pater
977 2090 1090 2120 eratque
1115 2085 1248 2117 cadaver,
1269 2089 1333 2112 tunc
1356 2091 1370 2110 a
1390 2083 1454 2111 Jesu
1478 2088 1589 2110 vocatus
1615 2087 1665 2110 est.

878 2131 1093 2159 Existimandum
1109 2135 1152 2157 est
1163 2137 1242 2162 vero,
1256 2130 1326 2164 quod
1341 2128 1568 2163 quemadmodum
1589 2136 1668 2154 mun-

880 2178 930 2205 dus
945 2177 1028 2205 Paulo
1049 2175 1197 2203 cruciﬁxus
1217 2179 1278 2208 est,
1294 2179 1320 2202 et
1338 2181 1461 2202 mortuus
1485 2179 1564 2208 erat;
1582 2174 1667 2209 siqui-

879 2224 940 2251 dem
956 2228 1070 2250 morture
1087 2227 1164 2250 erant
1176 2222 1201 2248 ei
1213 2221 1356 2248 mundanae
1373 2228 1425 2253 res.
1440 2221 1538 2256 quippe
1553 2221 1598 2256 qui
1614 2229 1665 2247 non

879 2267 995 2303 amplius
1009 2268 1070 2295 illas
1097 2267 1271 2302 rcspiciebat,
1295 2271 1389 2300 utpote
1405 2269 1564 2301 apparentes
1588 2266 1667 2293 modo

878 2319 906 2342 et
919 2314 1088 2341 transitorias
1107 2313 1169 2340 :sic
1189 2312 1288 2347 cuique
1306 2311 1382 2346 justo
1400 2316 1523 2338 mortuus
1541 2316 1582 2338 est
1607 2311 1666 2338 dia-

877 2360 974 2392 bolus,
1003 2359 1049 2394 qui
1077 2359 1101 2386 ei
1122 2359 1229 2386 vivebat
1254 2357 1389 2393 peccanli.
1418 2355 1511 2383 Omnis
1528 2357 1596 2383 enim
1620 2356 1666 2391 qui

877 2407 941 2441 facit
965 2408 1116 2439 peccatum,
1138 2412 1170 2431 ea:
1192 2403 1297 2431 diabolo
1312 2408 1389 2430 natus
1403 2407 1442 2430 est
1456 2403 1467 2418 ⁸
1484 2411 1491 2430 ;
1510 2410 1583 2429 omni
1602 2409 1666 2428 vero

877 2452 1010 2488 peccanti,
1024 2455 1052 2478 et
1066 2451 1220 2484 respicienti
1241 2451 1298 2478 haec
1323 2450 1451 2477 citeriora
1469 2453 1496 2476 et
1511 2449 1645 2475 inundana
1656 2467 1664 2480 ,

878 2497 946 2523 vivit
958 2496 1044 2523 malus
1060 2500 1147 2529 pater.
1164 2494 1200 2522 At
1213 2496 1364 2529 cuicunque
1376 2497 1499 2522 mortuus
1512 2493 1593 2520 tuerit
1608 2500 1666 2519 ma-

878 2541 920 2568 lus
943 2545 1035 2576 pater,
1051 2539 1158 2567 dicetur
1180 2547 1195 2566 a
1213 2540 1323 2567 Christo
1336 2560 1343 2572 ,
1359 2539 1472 2574 Sequere
1496 2547 1536 2565 me
1546 2539 1567 2566 '.
1584 2538 1665 2566 Forte

878 2588 960 2615 etiam
985 2586 1100 2622 mystice
1125 2586 1289 2613 intellectum
1315 2586 1480 2613 tantumdem
1502 2585 1573 2612 valet
1585 2585 1662 2618 illud,

878 2638 1003 2669 oportere
1016 2632 1079 2660 odio
1094 2631 1186 2659 babcrl
1207 2640 1220 2658 a
1234 2632 1312 2659 nobis
1331 2637 1444 2667 patrem,
1458 2631 1480 2659 si
1497 2631 1664 2658 voluerimus

879 2680 953 2715 digni
982 2678 1092 2706 Christo
1118 2685 1188 2705 esse.
1210 2677 1276 2705 Illud
1298 2686 1397 2713 porro,
1413 2679 1532 2706 Mortuo:
1556 2677 1664 2711 sepelire

879 2732 994 2754 mortuos
1010 2735 1070 2753 suos
1080 2726 1101 2760 ",
1112 2725 1255 2760 allegorice
1269 2729 1371 2752 tantum
1387 2726 1484 2760 exponi
1502 2729 1599 2760 potest.
1614 2723 1665 2751 Se-

1234 2830 1244 2847 ³
1258 2829 1366 2858 ibid.'5.
1403 2828 1412 2844 ³
1429 2828 1507 2857 Rom.
1533 2835 1598 2862 ml,
1616 2827 1662 2855 29.

64 2868 72 2879 ⁸
84 2865 149 2895 Ι¹ιοι’.
163 2877 180 2902 ι,
193 2869 237 2897 26.
275 2870 306 2897 ‘l
326 2869 402 2898 Joan.
418 2878 460 2904 nl,
477 2870 504 2897 8.
544 2869 553 2884 “
570 2869 635 2897 Luc.
662 2877 704 2903 Ix,
720 2869 763 2897 59.
802 2869 811 2883 ⁷

882 2868 896 2895 Ι.
918 2867 962 2895 (it).
