1904 3076
225 82 228 100 Ι

191 131 250 160 5ἳῦ

636 131 914 159 SUPPLEMEN'I‘UM
932 132 978 159 AD
997 131 1159 160 ORIGENIS
1177 131 1385 159 EXEGETICA.

1765 134 1821 161 35ίῖ

222 198 272 231 que
296 189 365 217 enim
391 190 484 231 habet.
507 190 612 231 dabitur
633 191 657 216 ei
674 199 683 217 :
700 195 724 231 et
746 191 895 231 quicunque
923 200 972 218 ιιωυ

1059 191 1127 231 simi.
1135 189 1299 231 ρρθήσεντιξι
1310 189 1391 231 αύτῷ
1400 198 1406 204 ·
1429 182 1640 231 και-,ὃξᾶνμὴ
1652 188 1718 223 ἔχῃ,
1737 190 1788 217 καὶ
1805 190 1821 216 ὃ

223 226 309 256 habet.
319 230 343 252 et
358 225 427 259 quod
440 227 543 252 videtur
557 226 660 255 habere.
674 225 782 252 Iollelur
793 227 824 252 ab
835 227 902 260 ipsa.

222 271 273 305 Qui
291 277 381 298 tamen
395 271 451 298 vult
468 272 606 298 lucernam
619 272 750 306 adoptare
770 272 976 306 perfectissimis

187 318 382 352 discipulorum
406 317 481 350 Iesu,
507 318 636 352 percellet
664 326 713 345 nos
736 325 770 345 ex
797 318 830 346 iis
857 326 918 353 qua:
943 320 977 346 de

186 363 291 392 Joanne
303 365 375 391 dicta
390 368 456 392 sunt
476 373 483 392 :
498 364 561 397 quia
576 364 622 391 ille
636 368 694 391 erat
709 365 817 391 lucerna
834 365 930 391 ardens
950 369 975 392 et

187 410 340 438 illuminant
363 410 396 437 “.
411 409 465 437 Sed
482 414 510 437 et
523 409 633 436 lucerna
647 410 776 443 corporis,
789 415 827 437 ut
839 410 929 437 oculus
941 410 975 441 ⁸⁷.

189 456 289 484 relatus
305 456 337 482 ad
356 460 474 483 mentem
497 455 641 489 cujusque.
668 455 741 488 Quin
766 461 794 483 et
814 455 877 483 iHud
893 465 899 482 ι
917 455 976 484 Sint

187 506 278 534 "tunc
295 502 410 529 lucerna:
434 501 555 530 ardentes
568 501 590 518 ⁸⁸
621 502 655 528 ad
681 509 776 529 omnes
807 502 910 530 dictum
934 506 976 529 est

188 546 336 580 discipulos
367 546 443 574 Jesu.
466 545 524 573 Non
542 547 622 573 debet
652 546 733 580 igitur
763 546 808 581 qui
837 547 974 574 lucernam

187 593 325 624 accendit,
342 593 369 620 in
387 592 478 619 anima
505 592 632 620 rationali
661 593 798 620 occultare
824 593 907 625 illam,
928 594 976 621 sed

187 639 410 674 superimponere
422 638 603 666 candelabro:
614 638 694 673 cujus
706 639 856 675 symbolum
872 639 976 676 Moyses

188 685 309 721 reposuit
327 685 353 712 in
378 685 554 712 tabernaculo
578 685 736 712 testimonii.
758 685 846 713 Modio
865 687 974 721 quidem

188 731 324 759 frumenta
358 735 514 758 mensurata
545 731 682 764 accipiant
710 738 725 757 a
748 738 828 758 servo
852 731 933 759 fidele
948 736 976 758 et

189 777 332 812 prudente,
364 777 550 804 conservizat
575 776 685 803 videant
711 776 831 811 fulgores
858 777 976 804 lucernae

189 820 322 855 impositae
336 821 510 852 candelabro,
524 820 549 846 id
565 826 606 848 est
625 820 752 848 Ecclesia:
773 822 904 849 omnium.
920 823 973 850 Sed

184 864 271 901 neque
279 867 326 893 sub
337 866 402 893 lecto
415 872 514 900 ponunt
530 866 729 899 luceruam,ubl
742 868 803 901 quis
820 868 975 903 requiescit,

188 920 238 940 nec
249 912 344 939 subtus
358 912 411 940 alio
427 913 555 947 quopiam
571 919 646 940 vase.
662 912 713 946 Qui
727 914 798 940 enim
816 914 887 941 istud
899 915 930 940 fa.
945 923 973 944 .r.

189 965 241 985 non
262 958 377 986 consulit
391 958 606 991 ingredientibus
621 960 731 987 domum
746 969 752 987 :
767 960 864 994 quibus
876 960 974 987 debent

187 1011 288 1039 ponere
303 1004 442 1032 lucernam
459 1005 617 1041 quicunque
638 1006 726 1033 veraci
757 1006 858 1033 lumine
875 1011 903 1034 et
921 1006 974 1033 ful-

187 1055 267 1085 gente
276 1050 392 1084 ratione,
407 1056 435 1079 et
449 1051 533 1080 radiis
546 1051 686 1086 sapientia:
701 1052 727 1079 in
743 1053 839 1086 seipsis
857 1057 973 1079 mentem

187 1105 264 1124 suam
281 1097 442 1130 accendunt,
458 1105 491 1124 ea
507 1102 603 1125 natura
620 1103 816 1132 comparatam,
831 1105 883 1132 qua
900 1098 973 1125 illam

186 1141 310 1169 condidit
327 1142 420 1176 opifex
433 1150 525 1170 rerum
539 1164 546 1174 ,
565 1143 683 1169 lucernae
698 1143 807 1176 inquam
827 1143 974 1177 indigentis

189 1187 290 1215 habere
307 1187 333 1214 in
354 1187 444 1214 anima
463 1191 581 1214 mentem
609 1188 642 1214 de
670 1187 702 1214 iis
725 1195 784 1222 quas
808 1187 973 1215 consulendo

187 1237 252 1260 sunt
275 1231 537 1266 perspicacissimam
553 1251 562 1264 .
595 1238 623 1259 et
647 1233 805 1267 participem
833 1232 892 1267 ejus
928 1235 973 1268 qui

187 1278 258 1305 dixit
275 1287 282 1305 :
300 1277 357 1313 Ego
384 1278 472 1306 lumen
487 1279 514 1305 in
530 1279 657 1305 mundum
681 1271 741 1306 ueni
767 1280 800 1306 ".
821 1279 872 1312 Qui
901 1280 974 1307 enim

187 1324 339 1351 accendunt
353 1323 494 1351 lucernam
511 1329 538 1351 et
549 1329 655 1359 ponunt
667 1331 749 1359 supra
763 1324 973 1357 candelabrum.

188 1374 218 1396 nt
234 1369 337 1404 fulgeat
352 1369 479 1398 omnibus
502 1370 548 1404 qui
574 1375 638 1397 sunt
654 1370 682 1397 in
698 1370 780 1398 domo
791 1391 799 1401 ,
816 1370 975 1398 excitabuut

187 1419 215 1442 et
228 1422 276 1443 eos
286 1415 332 1450 qui
348 1415 374 1442 in
389 1415 469 1443 domo
484 1416 574 1443 vident
599 1417 716 1444 lucerna:
733 1416 902 1451 splendorem
915 1436 923 1448 .
946 1422 974 1443 ut

187 1466 215 1489 et
235 1461 284 1496 ipsi
297 1469 376 1490 suum
388 1461 583 1490 candelabrum
599 1463 759 1490 accendant.

190 1550 224 1578 Υ.
243 1551 288 1579 38.
311 1551 417 1578 Dimisit
433 1556 521 1578 autem
545 1551 621 1579 illum
636 1552 725 1586 Iesus,
746 1554 858 1581 dicem:

191 1586 287 1623 V259.
310 1586 376 1623 Redi
384 1588 422 1623 _in
444 1587 550 1623 domum
572 1592 657 1623 (quam,
673 1593 697 1614 et
715 1598 795 1615 narra
811 1598 973 1623 quwcunque

221 1621 282 1655 fecit
304 1622 351 1648 tibi
376 1621 457 1648 Deus.
483 1620 514 1648 Et
543 1622 627 1654 abiit,
665 1631 710 1656 prr
735 1620 821 1650 (olant
842 1620 973 1652 (ivilatetu

224 1656 363 1691 diuulgatur
378 1664 539 1691 quiscunque
550 1656 610 1691 [erit
625 1657 666 1684 illi
680 1658 769 1685 Iesus.

222 1736 305 1763 Mittit
318 1744 379 1764 eum
397 1737 516 1763 domum.
532 1736 589 1764 Non
608 1737 680 1764 enim
699 1743 799 1765 tantam
817 1747 973 1766 mensuram

187 1783 306 1810 habebat
319 1783 361 1809 vir
377 1782 431 1814 ille.
446 1787 475 1810 ut
496 1782 606 1810 indutus
620 1783 758 1812 conferret
779 1793 810 1812 se
827 1786 860 1812 ad
878 1787 975 1813 seden-

187 1830 250 1856 dum
267 1829 300 1856 ad
320 1829 402 1863 pedes
418 1828 493 1856 Jesu.
524 1830 556 1856 Et
579 1830 643 1857 dum
661 1838 723 1857 cum
741 1831 787 1858 illo
812 1838 894 1865 esset,
921 1841 974 1860 non

187 1875 356 1911 «sapientibus
380 1876 424 1910 qui
451 1883 483 1902 cx
511 1875 722 1910 circumjaceute
748 1879 860 1912 regione
883 1885 973 1912 erant,

186 1923 329 1949 adventum
346 1920 422 1951 Jesu.
437 1921 522 1948 nihilo
538 1927 627 1949 tamen
651 1922 742 1950 minus
762 1924 880 1957 providit
892 1924 973 1951 saluti

186 1976 280 1994 eorum
294 1967 340 2002 qui
356 1967 392 1994 ibi
418 1967 490 1994 istud
514 1971 650 2001 poterant,
673 1968 815 1996 dimittens
842 1977 902 1996 eum
928 1971 973 2002 qui

186 2015 253 2042 satis
266 2015 300 2040 ad
319 2014 401 2048 pedes
417 2013 567 2043 assederat,
589 2018 619 2040 ut
636 2015 748 2041 doceret
763 2022 823 2048 quin
836 2015 887 2042 sibi
904 2015 975 2042 fece-

187 2066 228 2087 rat
250 2061 329 2088 Dens.
353 2059 468 2087 Fuerint
489 2068 554 2087 vero
565 2060 675 2094 quidam
703 2060 782 2087 istius
796 2061 935 2088 auditores
948 2067 974 2087 et

185 2107 322 2141 discipuli,
341 2107 418 2140 plura
438 2106 547 2140 quidem
572 2113 625 2132 non
650 2105 843 2140 distinguentis
860 2114 893 2133 ex
909 2115 974 2140 pau-

184 2153 242 2184 cis,
266 2157 294 2179 et
308 2160 368 2186 quac
384 2151 480 2179 didicit
497 2151 680 2186 przedicantis.
709 2151 744 2178 At
768 2151 870 2178 referre
886 2152 974 2186 possis

185 2206 338 2225 sermonem
358 2198 449 2225 etiam.
466 2198 499 2224 ad
524 2197 641 2224 hominis
657 2201 802 2229 naturam.
829 2197 973 2224 exterioris

1062 225 1147 252 δοκεῖ
1155 226 1248 260 ἔχειν,
1270 225 1432 259 ἀρθήσεται
1443 226 1494 252 ἀπ’
1509 225 1612 252 αὑτοῦ.

1064 271 1098 297 '0
1112 279 1143 305 γε
1159 271 1212 307 μὴν
1232 271 1393 306 βουλόμενος
1407 271 1452 298 τὸν
1469 271 1564 306 λύχνον
1580 271 1746 307 ἐφαρμόζειν
1764 273 1822 302 τοῖς

1028 316 1194 349 πλειοτάτοις
1220 317 1274 343 τῶν
1306 317 1433 352 μαθητῶν
1463 317 1510 344 τοῦ
1551 317 1637 352 Ἰησοῦ
1663 317 1821 352 δυσωπήσει

1028 361 1101 397 ἡμᾶς
1120 362 1174 388 ἀπὸ
1186 362 1239 389 τῶν
1254 363 1318 398 περὶ
1341 363 1463 389 Ἰωάννου
1479 362 1641 398 εἰρημένων·
1660 364 1725 389 "Ou
1741 363 1821 390 ἐκεῖ-

1027 415 1080 440 νος
1099 405 1138 442 ἦν
1150 409 1166 435 ό
1181 409 1307 442 λύχνος,
1320 410 1336 435 ό
1349 409 1507 444 καιόμενος
1519 409 1567 435 καὶ
1581 409 1705 443 φαίνων,
1731 409 1822 436 Ἀλλὰ

1034 455 1050 480 d
1067 455 1182 489 λύχνος
1203 455 1256 482 τοῦ
1276 456 1414 490 σώματός
1426 455 1514 483 ἐστιν
1529 457 1545 482 ό
1568 455 1733 490 ὀφθαλμὸς.
1751 456 1821 482 ἁνα-

1027 501 1177 536 φερόμενος
1193 501 1239 528 ἐπὶ
1259 502 1305 529 τὸν
1326 503 1355 528 ὲν
1377 502 1485 538 ἑκάστῳ
1509 502 1580 530 νοῦν.
1608 502 1688 530 Ἀλλὰ
1704 503 1753 530 καὶ
1771 503 1818 530 τό·

1029 547 1189 574 Ἔστωσαν
1203 547 1286 582 ὑμῶν
1301 549 1327 575 οἱ
1342 549 1450 583 λύχνοι
1474 550 1638 583 καιόμενοι,
1658 548 1727 584 πρὸς
1748 549 1821 576 πάν-

1025 600 1074 624 τας
1095 593 1202 628 εἴρηται
1215 593 1279 624 τοὺς
1294 593 1418 630 μαθητὰς
1433 594 1479 620 τοῦ
1503 594 1601 630 Ἰησοῦ.
1619 595 1656 621 Οὐ
1672 594 1713 620 δεῖ
1729 595 1821 621 τοίνυν

1025 636 1072 662 τὸν
1089 636 1195 671 ἆψαντα
1215 636 1312 672 λύχνον
1326 638 1355 664 ἐν
1371 638 1446 674 ψυχῇ
1463 638 1559 674 λογικῇ
1577 639 1710 674 κρύπτειν
1725 640 1819 672 αὑτὸν,

1028 681 1084 708 ἀλλ’
1097 683 1245 710 ἐπιτιθέναι
1260 683 1356 720 λυχνίᾳ
1368 693 1374 699 ·
1389 682 1423 721 ἧς
1434 685 1567 720 σύμϐολον
1583 686 1685 721 Μωσῆς
1701 685 1821 713 ἀπέθετο

1026 728 1055 754 ἐν
1070 730 1103 764 τῇ
1120 730 1206 764 σκηνῇ
1235 729 1395 765 μαρτυρίου.
1412 730 1506 766 Μοδίῳ
1524 731 1573 766 μὲν
1587 731 1642 767 γὰρ
1657 733 1821 768 σιτομετρή-

1027 772 1133 800 σοωσαν
1149 774 1201 801 ὑπὸ
1215 774 1261 801 τοῦ
1278 775 1374 802 πιστοῦ
1388 776 1434 804 καὶ
1442 776 1574 811 φρονίμου
1590 777 1696 803 οἰκέτου
1713 778 1738 804 οί
1756 777 1822 804 σύν-

1025 819 1130 846 δουλοιο
1149 820 1322 856 βλεπέτωσαν
1344 821 1372 847 δὲ
1388 821 1438 854 τὰς
1462 822 1550 856 αὐγὰς
1569 821 1617 848 τοῦ
1633 822 1733 858 λύχνου
1755 824 1822 850 ἐπι-

994 871 1013 898 Β
1026 866 1152 901 κειμένου
1174 867 1207 902 τῇ
1233 866 1345 902 λυχνίᾳ,
1366 867 1450 902 ἤγουν
1469 869 1502 903 τῇ
1527 867 1675 903 Ἐκκλησία
1697 869 1819 897 πάντων.

1034 911 1102 938 Ἀλλ’
1121 912 1192 939 οὐδὲ
1207 912 1267 940 ὑπὸ
1282 912 1339 946 τὴν
1355 913 1465 946 κλίνην
1483 913 1597 941 τιθέασι
1616 913 1669 940 τὸν
1688 915 1819 949 λύχνον,

1027 955 1092 983 ἔνθα
1105 965 1146 988 τις
1160 957 1341 991 ἀναπαύεται,
1358 958 1417 984 οὐδὲ
1432 958 1512 985 ἄλλου
1530 959 1604 990 τινὸς
1619 959 1734 991 σκεύους
1751 961 1820 986 ὑπο-

1028 1002 1110 1029 κάτω.
1127 1002 1212 1030 Τοῦτο
1225 1003 1279 1039 γὰρ
1291 1005 1306 1030 ὁ
1321 1004 1405 1032 ποιῶν
1424 1005 1454 1031 οὺ
1475 1008 1628 1040 προνοεῖται
1649 1007 1706 1038 τοῖς
1727 1007 1821 1033 είσπο-

1029 1046 1182 1082 ρευομένοις
1195 1048 1234 1079 εἰς
1248 1048 1297 1082 τὴν
1311 1048 1399 1075 οἰκίαν
1410 1057 1416 1063 ·
1433 1046 1473 1080 οἷς
1489 1049 1529 1075 δεῖ
1544 1049 1647 1077 τιθέναι
1661 1051 1708 1077 τὸν
1722 1051 1823 1086 λύχνον

1026 1093 1050 1118 οί
1067 1092 1106 1127 τῷ
1122 1091 1240 1128 ἀληθινῷ
1252 1094 1321 1127 φωτὶ
1341 1094 1387 1120 καὶ
1402 1094 1474 1130 λόγῳ
1489 1095 1527 1131 τῷ
1545 1095 1674 1132 λαμπρῷ,
1694 1097 1742 1124 καὶ
1758 1099 1821 1130 ταῖς

1027 1137 1118 1164 ἀκτῖσι
1137 1138 1187 1174 τῆς
1209 1139 1305 1173 σοφίας
1326 1140 1492 1172 ἀνάπτοντες
1512 1141 1558 1168 τὸν
1576 1142 1604 1168 ὲν
1628 1142 1720 1174 αὐτοῖς
1743 1143 1818 1176 νοῦν,

1027 1184 1108 1217 φύσιν
1122 1183 1218 1220 ἔχοντα
1244 1185 1306 1211 καθ’
1327 1186 1360 1220 ῆν
1381 1186 1584 1214 κατεσκεύασεν
1608 1188 1690 1215 αὐτὸν
1705 1189 1720 1214 ὁ
1737 1188 1821 1224 δημι-

1026 1230 1133 1265 ουργὸς,
1149 1229 1245 1266 λύχνου
1264 1230 1390 1266 δεομένου
1412 1232 1461 1268 τῆς
1488 1233 1542 1260 ἀπὸ
1573 1233 1626 1260 τῶν
1650 1236 1820 1270 προνοουμέ-

1027 1284 1078 1302 νων
1093 1275 1164 1311 ἐχειν
1177 1276 1205 1303 ἐν
1223 1278 1256 1312 τῇ
1275 1277 1347 1313 ψυχῇ
1365 1277 1410 1304 τὸν
1429 1278 1492 1304 νοῦν
1511 1279 1749 1314 διορατικώτατον,
1772 1282 1820 1308 καὶ

1029 1321 1176 1357 μετέχοντα
1191 1322 1238 1349 τοῦ
1254 1323 1376 1355 εἰπόντος
1386 1331 1392 1338 ·
1415 1324 1487 1359 Ἐγὼ
1500 1324 1563 1359 φῶς
1576 1326 1620 1358 είς
1636 1325 1689 1352 τὸν
1701 1327 1821 1360 κόσμον

1026 1367 1170 1402 ἐλήλυθα.
1187 1370 1218 1396 Οἱ
1233 1369 1288 1404 γὰρ
1301 1370 1424 1402 καίοντες
1439 1370 1484 1397 τὸν
1503 1370 1609 1406 λύχνον,
1629 1371 1676 1398 καὶ
1697 1371 1820 1405 τιθέντες

1027 1413 1072 1440 ἐπὶ
1087 1413 1136 1449 τὴν
1145 1414 1255 1450 λυχνίαν
1269 1415 1312 1442 ἵνα
1321 1415 1416 1452 λάμπῃ
1427 1417 1493 1443 πᾶσι
1500 1418 1556 1448 τοῖς
1571 1417 1599 1443 ὲν
1611 1419 1643 1453 τῇ
1655 1417 1738 1454 οἰκίᾳ,
1751 1426 1822 1453 προ-

1027 1459 1169 1494 τρέψονται
1183 1461 1245 1493 τοὺς
1260 1462 1288 1488 ὲν
1300 1463 1333 1497 τῇ
1345 1461 1417 1498 οίκίᾳ
1430 1462 1578 1497 βλέποντας
1589 1463 1638 1499 τὴν
1656 1463 1702 1490 τοῦ
1719 1463 1817 1499 λύχνου

1027 1505 1204 1541 λαμπρότητα
1229 1507 1276 1533 καὶ
1296 1507 1394 1539 αὐτοὺς
1409 1507 1496 1535 καίειν
1512 1508 1560 1543 τὴν
1575 1508 1679 1535 ἑαυτῶν
1693 1508 1817 1544 λυχνίαν.

1028 1550 1082 1590 (_85_)
1096 1552 1170 1590 Στίχ.
1185 1552 1234 1590 λη’.
1251 1553 1394 1590 ᾎπέλυσε
1401 1553 1437 1580 δὲ
1446 1553 1563 1590 αὐτὸζὸ
1578 1555 1696 1588 Ἰησοῦς
1708 1555 1816 1590 λέγων·

1026 1585 1101 1622 Στίχ,
1117 1585 1172 1625 1.07;
1185 1585 1369 1625 ’Ῠεζόστρεεξε
1382 1590 1425 1622 είς
1441 1589 1494 1615 τὸν
1512 1587 1596 1616 οἶκόν
1612 1585 1692 1625 ⁷σου,⁷
1703 1585 1756 1616 καί
1775 1590 1818 1616 δι-

1062 1622 1137 1656 ηγοῦ
1155 1622 1214 1649 ὅσα
1224 1623 1350 1657 ἐποίησέ
1363 1632 1411 1650 σοι
1427 1625 1444 1650 ό
1459 1625 1540 1656 Θεός.
1553 1624 1606 1651 Καὶ
1614 1624 1743 1659 ἀπῆλθε,
1751 1625 1818 1652 καθ’

1060 1656 1137 1693 ὅλην
1152 1657 1209 1692 τὴν·
1221 1658 1311 1684 πόλιν
1325 1660 1488 1693 κηρύσσων
1505 1659 1563 1686 ὅσα
1575 1659 1723 1693 ἐποίησεν
1734 1660 1818 1693 αὑτῴ

1061 1694 1078 1718 d
1097 1692 1226 1726 Ἰησοῦς.

1059 1736 1168 1772 Πέμπει
1189 1737 1271 1764 αὑτὸν
1292 1738 1332 1770 είς
1347 1738 1393 1764 τὸν
1407 1736 1490 1765 οἶκον.
1506 1738 1543 1765 οὐ
1558 1738 1614 1774 γὰρ
1633 1739 1747 1766 τοσοῦτο
1769 1739 1818 1775 μέ-

1025 1790 1088 1818 τρον
1103 1780 1174 1817 εἶχεν
1194 1783 1209 1809 ὁ
1229 1783 1309 1819 ἀνὴρ,
1327 1784 1370 1810 ἵνα
1384 1784 1454 1820 πρὸς
1466 1784 1497 1811 τὸ
1515 1785 1649 1820 καθῆσθαι
1663 1784 1740 1820 παρὰ
1753 1785 1818 1817 τοὺς

1026 1828 1108 1858 πόδας
1129 1829 1216 1864 Ἰησοῦ
1236 1829 1411 1865 ἱματισμένος
1423 1831 1547 1866 χωρήσῃ.
1563 1831 1617 1857 Καὶ
1631 1830 1670 1866 τῷ
1682 1828 1752 1858 εἶναι
1766 1831 1816 1857 σὺν

1026 1874 1109 1909 αὐτῷ,
1125 1874 1179 1901 τῶν
1193 1875 1247 1902 ἀπὸ
1261 1875 1311 1910 τῆς
1323 1875 1477 1911 περιχώρου
1493 1876 1541 1912 τὴν
1562 1876 1646 1911 Ἰησοῦ
1664 1877 1816 1912 παρουσίαν

1025 1921 1056 1946 οὐ
1069 1921 1239 1956 χωρούντων,
1257 1921 1334 1948 οὐδὲν
1346 1919 1427 1957 ἦττον
1442 1922 1623 1957 προενοήσατο
1636 1922 1687 1956 τῆς
1701 1922 1757 1948 τῶν
1773 1921 1815 1948 δυ-

1025 1966 1148 2001 ναμένων
1171 1967 1229 1993 ἐκεῖ
1252 1967 1398 2003 σωτηρίας,
1423 1967 1468 1993 τὸν
1491 1967 1636 2003 αὐτάρκως
1659 1967 1815 2003 παρακαθί-

1026 2020 1110 2039 σαντα
1130 2014 1186 2045 τοῖς
1213 2014 1291 2040 ποσὶν
1316 2012 1397 2040 αὑτοῦ
1421 2013 1569 2045 ἀπολύσας,
1597 2014 1640 2040 ἵνα.
1663 2013 1777 2050 διδάσκῃ
1792 2013 1810 2040 ἃ

1025 2058 1151 2094 ἐποίησεν
1169 2058 1244 2094 αὐτῷ
1255 2060 1270 2084 ὁ
1287 2058 1362 2090 Θεός.
1381 2057 1443 2085 Εἶεν
1455 2059 1477 2085 δ’
1492 2059 1525 2085 ἄν
1539 2067 1612 2090 τινες
1626 2059 1673 2086 τοῦ
1692 2060 1815 2087 τοιούτου

1025 2104 1176 2140 ἁκροασταὶ
1197 2105 1245 2131 καὶ
1266 2105 1396 2140 μαθηταὶ,
1421 2105 1528 2132 πλείονα
1551 2105 1601 2140 μὲν
1624 2105 1655 2131 οὐ
1673 2106 1816 2141 χωρήσαν-

1024 2157 1070 2182 τος
1081 2150 1173 2184 (86)ὲε
1186 2150 1284 2184 ὀλίγων
1296 2147 1333 2178 ὧν
1348 2150 1442 2186 εἴληφε
1455 2151 1646 2186 κηρύσσοντος.
1656 2151 1816 2187 Ἀναφέροις

1024 2195 1046 2222 δ’
1061 2195 1093 2222 ἂν
1109 2195 1153 2222 τὸν
1168 2196 1246 2230 λόγον
1259 2196 1306 2222 καὶ
1319 2197 1364 2223 ἐπὶ
1379 2197 1427 2232 τὴν
1441 2196 1486 2223 τοῦ
1503 2196 1646 2234 ἀνθρώπου
1659 2197 1752 2232 φύσιν,
1766 2198 1814 2224 τοῦ

185 2242 294 2268 lsraelis
309 2250 315 2267 :
330 2249 377 2275 per
387 2249 466 2275 quem
491 2242 596 2274 navigat
612 2240 692 2268 Jesns
715 2242 742 2268 in
758 2241 895 2277 regionem
919 2243 973 2270 Ga-

1034 2241 1076 2274 ἷξω
1095 2241 1212 2276 Ἰσραὴλ,
1230 2242 1261 2268 δι’
1280 2241 1309 2268 ὃν
1327 2230 1460 2268 καταπλεῖ
1484 2230 1587 2277 Ἰησούς
1602 2230 1709 2277 ἐπὶ,τὴν
1722 2242 1814 2278 χώραν

185 2290 358 2319 dareuornm,
387 2292 415 2314 et
432 2288 557 2322 adqnem
581 2288 637 2315 exit
656 2287 736 2315 .Iesns
758 2289 784 2315 iu
810 2293 908 2316 terram
936 2290 971 2316 "°.

186 2333 344 2360 Indumenta
360 2338 460 2367 autem,
485 2334 584 2368 inquit,
614 2343 666 2361 non
691 2334 849 2362 vestiebatur
865 2335 909 2362 ille
925 2337 971 2362 ho-

186 2387 230 2406 mo
242 2380 276 2406 ".
292 2379 350 2406 Non
369 2379 440 2406 enim
458 2380 582 2407 induerat
595 2380 668 2414 quod
690 2385 794 2415 tegeret
812 2380 871 2414 eius
886 2383 971 2416 turpi-

185 2426 317 2453 tudinem.
334 2425 367 2452 Et
393 2427 419 2453 in
439 2427 516 2453 domo
530 2435 581 2454 non
601 2427 722 2454 manebat
753 2428 786 2454 "'.
817 2427 875 2454 Non
897 2427 968 2454 enim

184 2477 254 2504 erat,
266 2473 338 2501 velut
355 2473 450 2503 Jacoh.
468 2473 548 2500 homo
568 2474 683 2508 simplex
705 2473 829 2501 incolens
849 2474 968 2500 domum.

185 2517 331 2553 Propterea
347 2524 376 2545 et
391 2519 466 2546 hunc
493 2519 580 2554 ipsum
600 2520 722 2550 dimisit.
741 2519 886 2554 inquiens:
907 2519 971 2545 Redi

185 2566 212 2592 in
221 2567 326 2592 domum
339 2571 421 2593 tuum.
442 2566 465 2593 ls
479 2573 558 2600 porro
577 2570 600 2592 et
613 2566 640 2592 in
659 2566 783 2598 sepulcris
800 2566 921 2592 manebat
936 2566 969 2592 7‘:

185 2619 237 2638 non
252 2619 312 2638 cum
328 2610 408 2643 vivis,
429 2613 475 2638 sed
492 2619 551 2637 cum
569 2611 692 2638 mortuis.
715 2610 780 2638 Erat
796 2611 902 2642 autem.
927 2611 970 2638 in~

184 2657 252 2691 quit,
276 2665 340 2692 grex
363 2665 504 2690 parcarum
534 2657 600 2684 bona
623 2665 739 2688 numera,
756 2658 917 2691 pascentium
942 2658 969 2683 in

184 2708 270 2729 monte
297 2703 330 2730 τι.
361 2702 437 2730 Haud
462 2703 520 2730 scio
546 2711 578 2730 an
606 2703 712 2730 soleant
732 2703 807 2737 porci
833 2703 905 2738 pasci
941 2703 967 2730 in

220 2783 242 2798 “
265 2782 342 2809 Joan.
363 2791 387 2814 ν,
403 2782 448 2809 55.
487 2783 508 2798 ⁸⁷
526 2781 621 2809 Matth.
644 2790 680 2811 VI.
702 2782 747 2810 2'2.
787 2782 808 2798 ⁸³
824 2781 889 2809 Lac.
915 2790 962 2815 ιιι,
983 2785 1027 2812 35.

184 2818 228 2843 27.
267 2818 289 2833 ⁷³
306 2817 368 2844 ibid.
407 2818 430 2833 ⁷³
444 2818 510 2846 ibid.
541 2817 564 2832 ⁷⁸
581 2817 647 2844 ibid.
661 2817 705 2844 59..
729 2841 737 2844 Α

218 2863 273 2897 ιεῦ)
288 2863 341 2890 Hoc
357 2863 532 2897 fragmentum
548 2870 587 2891 est
601 2871 632 2890 ex
651 2863 709 2890 cod.
726 2863 772 2895 ΞΤ,
789 2871 814 2897 p.
835 2863 894 2889 193.

1022 2287 1077 2313 τῶν
1099 2287 1272 2324 Γαδαρηνῶν,
1291 2289 1337 2315 καὶ
1359 2288 1429 2324 πρὸς
1441 2288 1470 2314 ὃν
1489 2287 1586 2321 ἔξεισιν
1607 2288 1622 2313 ὁ
1642 2288 1746 2322 Ἰησοῦς
1768 2289 1814 2314 ἐπὶ

1021 2333 1070 2368 τὴν
1088 2334 1148 2369 γῆν.
1169 2334 1297 2368 Ἰμάτιον
1313 2333 1362 2365 δὲ,
1379 2335 1471 2370 φησιν,
1494 2334 1549 2360 οὐκ
1574 2333 1785 2361 ἐνεδιδύσκετο
1801 2335 1815 2360 ὁ

1022 2379 1172 2415 ἅνθρωπος.
1200 2381 1256 2407 Οὐκ
1280 2380 1422 2408 ἐνεδύσατο
1445 2380 1499 2416 γὰρ
1518 2380 1549 2407 τὸ
1572 2379 1707 2406 καλύπτον
1731 2380 1813 2406 αὑτοῦ

1021 2427 1069 2462 τὴν
1084 2428 1285 2463 ἀσχημοσύνην.
1303 2427 1357 2455 Καὶ
1367 2428 1403 2454 ἐν
1415 2428 1494 2460 οἰκίᾳ
1509 2428 1564 2454 οὐκ
1580 2427 1694 2462 ἔμενεν.
1708 2427 1748 2454 Οὐ
1760 2427 1814 2463 γὰρ

1021 2472 1065 2509 ἦν,
1089 2475 1127 2506 ὡς
1153 2474 1260 2506 Ἰακὼϐ,
1283 2475 1425 2510 ἄνθρωπος
1451 2473 1587 2504 ἄπλαστος
1606 2472 1688 2500 οἰκῶν
1710 2473 1812 2500 οέκίαν.

1022 2520 1068 2546 Διὸ
1081 2521 1128 2546 καὶ
1141 2520 1222 2547 αὐτὸν
1237 2520 1330 2547 τοῦτον
1348 2520 1465 2546 ἀπέλυσε
1475 2540 1482 2552 ,
1498 2519 1599 2553 λέγων·
1626 2519 1813 2553 ’Υπόστρερε

1021 2567 1064 2598 εἷς
1083 2566 1136 2592 τὸν
1149 2564 1234 2593 οἶκόν
1247 2575 1315 2594 σου.
1331 2566 1386 2592 Καὶ
1399 2566 1435 2592 ἐν
1448 2565 1509 2598 τοῖς
1524 2565 1678 2599 μνήμασιν
1693 2565 1811 2600 ἔμενεν,

1021 2613 1052 2639 οὑ
1073 2613 1141 2647 μετὰ
1159 2612 1276 2645 ζώντων,
1300 2612 1368 2647 μετὰ
1392 2612 1497 2648 νεκρῶν
1515 2611 1553 2638 δέ.
1573 2609 1628 2637 Ἧι·
1649 2610 1694 2642 δὲ,
1718 2611 1810 2646 φησὶν,

1022 2658 1115 2693 ἀγέλη
1136 2659 1246 2693 χοίρων
1269 2657 1379 2685 ἱκανῶν
1400 2657 1597 2692 ,βοσκομένων
1618 2657 1653 2683 ἐν
1680 2656 1720 2690 τῷ
1741 2657 1809 2690 ὄρει.

1022 2705 1135 2740 Μήποτε
1149 2705 1177 2743 δὲ,
1190 2706 1275 2740 χοῖροι
1296 2705 1326 2731 οὐ
1345 2705 1484 2740 βόσκονται
1500 2705 1528 2731 ἐν
1542 2703 1579 2738 τῷ
1593 2702 1660 2738 ἔρρει.
1683 2703 1746 2734 Πῶς
1765 2700 1811 2729 οὖν

1084 2784 1106 2799 ⁶⁹
1131 2783 1209 2811 Joan.
1224 2791 1272 2816 xii,
1291 2783 1334 2810 46.
1392 2784 1414 2798 τυ
1432 2782 1497 2810 [.ur.
1526 2791 1589 2814 Vill,
1612 2780 1658 2808 57.
1696 2781 1718 2797 τ’
1742 2781 1807 2808 ibid.

1057 2862 1111 2897 (86)
1129 2861 1208 2889 Forte
1221 2861 1408 2896 χωρήσαντας.
