1904 3076
193 137 245 164 Ξ59

190 195 277 222 decim
290 202 464 222 ennmerasse
492 193 658 222 inﬁrmitatis
678 202 776 223 annos.
803 196 886 232 Igitur
912 196 970 223 haec
984 198 1006 226 A

190 239 274 274 coepit
289 240 420 274 sanguine
441 238 525 266 ﬂuere
540 246 594 273 quo
608 238 651 265 illa
670 246 742 268 anno
757 240 783 267 in
797 240 884 268 lucem
898 241 969 268 edita

189 289 240 312 est.
257 285 321 312 Sine
335 284 477 311 aﬂ'ectlone
492 284 566 311 enim
582 289 624 312 est
636 285 679 312 illa
694 287 813 320 quandiu
832 293 969 324 synagoga

189 329 255 355 vivit
271 336 280 356 :
301 333 329 355 et
342 336 411 356 unus
424 328 550 364 idemque
566 334 609 356 est
621 332 752 357 terminus
769 332 899 366 temporis
913 351 921 364 ,
942 336 969 358 et

190 373 251 400 ﬁnis
268 373 349 406 illius,
369 377 397 401 et
424 374 493 401 iuitii
514 375 611 402 salutis
625 375 714 404 istius.
739 376 894 404 Duodennis
924 377 968 405 illa

189 419 311 450 moritur,
337 424 364 446 et
389 419 446 447 haec
471 424 533 454 post
559 420 701 449 duodecim
722 428 777 448 sua:
804 421 969 450 inﬁrmitatis

186 471 272 492 annos
282 465 396 492 credens
418 471 543 498 sanatur,
575 473 634 500 quae
660 474 675 494 a
705 466 777 494 nullo
803 468 967 495 medicorum

186 510 275 537 sanari
291 515 425 545 potuerat.
447 511 521 539 Multi
535 512 607 539 enim
625 517 688 539 sunt
706 512 802 540 medici
816 533 824 546 ,
841 513 887 547 qui
903 521 968 548 gen-

185 555 257 582 tibus
280 555 392 583 salutem
415 563 445 583 se
471 556 602 585 allaturos
622 557 794 592 pollicentur.
826 558 855 585 Si
868 558 967 586 videris

185 601 361 635 philosophos
388 601 532 629 veritatem
561 603 744 637 proﬁtentes:
766 603 860 630 medici
885 609 965 637 sunt,

183 646 229 677 qui
253 653 352 673 sanare
379 647 512 674 nituntur.
542 647 577 675 At
602 649 732 683 impensis
757 650 882 676 omnibus
905 657 966 684 quae

183 692 300 719 habebat
313 692 339 719 in
353 692 429 724 illos,
455 693 665 728 haudquaquam
683 695 770 729 potuit
787 696 821 722 ab
839 696 894 722 ullo
910 704 966 723 me-

182 738 304 765 dicorum
320 739 423 765 sanari.
446 739 546 773 Tetigit
561 747 594 767 ex
611 741 664 767 ﬁde
687 740 820 767 litnbriam
838 740 913 773 Jesu,
939 746 966 768 et

182 784 331 811 convaluit.
345 784 372 812 Si
385 785 588 812 consideremus
606 785 684 812 ﬁdem
697 790 818 812 nostram
833 786 859 813 in
873 786 963 814 Jesum

181 828 331 861 Christum,
344 834 372 857 ιιι
395 831 545 865 cogitemus
571 836 686 865 quantus
702 836 743 858 est
759 831 844 859 Filius
860 832 922 866 Dei,
937 837 964 861 et

181 881 325 909 quemnam
349 876 434 910 ipsum
453 881 614 911 tangamus:
635 878 787 905 videbimus
800 899 807 910 ,
833 879 905 913 quod
930 879 962 906 ad
980 873 1001 900 Β

180 923 409 957 comparationem
428 923 594 951 ﬁmbriarum
610 932 670 959 qua:
691 925 717 952 in
736 926 794 960 ipso
809 931 882 959 sunt,
902 927 964 953 ﬁm-

180 969 267 996 briam
281 977 361 995 unam
373 970 518 1003 tetigimus.
535 969 598 998 Haec
614 971 720 998 limbria
737 972 860 999 medetur
875 973 962 1004 nobis,

179 1019 206 1041 et
224 1015 289 1042 facit
307 1020 335 1042 ut
349 1015 382 1042 ab
396 1015 457 1043 lesu
471 1017 614 1044 audiamus
631 1026 637 1044 :
655 1016 741 1049 Filia,
760 1017 826 1051 ﬁdes
844 1023 890 1045 tua
911 1019 965 1045 sal-

179 1063 246 1089 wwit
260 1067 285 1088 te
295 1063 330 1094 ⁷⁷,
343 1068 370 1090 et
382 1071 520 1090 curemur.
535 1063 568 1090 Et
583 1064 791 1099 archisynagogi
804 1064 859 1092 ﬁlia
873 1072 964 1092 resur-

179 1113 233 1140 get.
247 1108 360 1141 Quando
375 1111 445 1136 enim
459 1110 600 1137 multitudo
612 1111 727 1145 gentium
741 1111 859 1146 ingressa
871 1112 960 1146 fuerit,

178 1160 240 1181 tunc
254 1156 339 1182 antiis
355 1155 442 1183 Israel
462 1157 606 1183 mloalailur
619 1158 642 1173 ’⁷⁸

498 1245 574 1273 CAP.
595 1245 642 1273 ιχ.

181 1290 212 1316 ν.
231 1290 284 1327 ἕλιξι.Δ
297 1291 364 1327 Dico
381 1295 469 1318 autem
480 1292 550 1318 vobis
564 1300 623 1319 vere
638 1299 647 1318 :
664 1292 732 1319 Sunt
747 1293 857 1327 quidem
870 1301 960 1321 eorum

210 1325 257 1358 qui
275 1325 317 1351 hic
339 1329 476 1357 steleruut,
492 1327 537 1361 qui
556 1335 717 1362 nequaquam
735 1325 875 1362 gustabunt
890 1337 961 1355 mor-

211 1365 274 1392 tem,
291 1368 425 1395 quousque
444 1361 547 1388 uideant
564 1361 673 1396 regnum
688 1361 746 1389 Dei.

211 1405 274 1433 ﬂree
286 1406 319 1433 ad
330 1405 439 1433 Petrum
453 1411 480 1434 et
497 1405 626 1434 Jacobum
644 1412 672 1434 et
691 1407 824 1435 Joannem
840 1409 960 1436 nonnulli

177 1450 308 1483 referunt,
331 1451 378 1486 qui
402 1459 455 1478 una
472 1459 532 1478 cum
556 1451 664 1479 Christo
680 1453 706 1479 in
726 1453 863 1480 excelsum
885 1462 960 1482 mon-

179 1500 232 1521 tem
245 1495 447 1523 ascenderuntt
469 1496 514 1530 qni
527 1501 554 1523 et
570 1501 683 1524 mortem
705 1505 758 1524 non
771 1503 958 1533 gustaverunt,

176 1545 322 1575 antequam
347 1541 476 1568 viderunt
493 1541 592 1568 Filium
620 1543 738 1570 hominis
766 1544 909 1571 advenisse
932 1545 958 1571 in
973 1539 994 1569 C

175 1593 260 1619 regno
276 1593 335 1618 suo,
352 1587 409 1614 sive
423 1587 449 1614 in
464 1587 549 1622 gloria
568 1588 813 1620 transﬁgurationis
827 1589 895 1623 ejus.

209 1631 286 1666 Quod
297 1632 319 1659 si
334 1632 397 1667 quid
411 1633 545 1661 curiosius
561 1634 652 1662 dicere
665 1634 736 1667 licet,
751 1641 777 1662 et
795 1635 827 1661 de
844 1643 876 1662 eo
888 1637 958 1671 quod

174 1679 209 1705 sit
223 1683 295 1706 stare
309 1687 370 1706 cum
383 1679 509 1710 Christo,
532 1684 560 1707 et
578 1680 611 1708 de
627 1688 660 1708 eo
682 1682 752 1715 quod
780 1683 816 1708 sit
841 1687 956 1709 mortem

173 1729 282 1757 gustare
299 1725 426 1752 :l'ueruut
444 1725 553 1760 quidam
577 1727 622 1761 qui
648 1731 782 1754 steterunt
807 1727 850 1754 ubi
866 1727 956 1759 Jesus,

173 1770 265 1797 anima
286 1770 370 1797 innixi
383 1778 464 1806 super
476 1771 541 1804 illo;
565 1777 679 1806 eratque
696 1779 790 1799 eorum
806 1772 888 1800 statio
904 1781 956 1800 non

174 1817 317 1844 admodum
340 1816 472 1844 abludeus
503 1825 518 1844 a
550 1817 650 1852 Moysis
685 1817 813 1846 statione.
850 1819 956 1846 Etenim

173 1862 260 1897 inquit
272 1861 378 1898 Moyses
392 1872 398 1889 :
412 1863 523 1898 Egoque
534 1864 597 1891 steti
610 1864 636 1891 in
655 1868 746 1891 monte
763 1865 822 1892 dies
838 1866 957 1899 quadra-

172 1908 243 1942 ginta
255 1913 283 1935 et
295 1914 389 1936 noctes
402 1909 592 1944 quadraginta,
604 1910 701 1944 dignus
711 1911 837 1938 audiendi
850 1911 955 1938 lactus:

173 1957 212 1986 'i‘u
228 1965 292 1985 vero
306 1958 342 1986 ibi
362 1963 403 1985 sta
421 1965 528 1985 mecum
545 1958 580 1984 ⁷³.
597 1956 679 1984 Pauci
702 1963 784 1990 porro
798 1961 862 1983 sunt
876 1957 955 1984 amici

173 2002 229 2035 Dei,
244 2002 288 2036 qui
306 2003 450 2030 stationem
476 2003 577 2030 habent
595 2002 623 2028 in
642 2001 713 2028 bono
726 2021 734 2033 ,
750 2001 819 2028 sicut
835 2000 955 2035 Baptista

173 2055 228 2081 ipse
242 2048 274 2074 de
289 2055 319 2075 se
332 2048 416 2075 dicit:
431 2048 464 2074 At
480 2048 581 2074 anticus
593 2047 681 2080 sponsi
696 2050 768 2072 stans
782 2046 879 2080 gaudio
891 2054 957 2080 gau-

171 2094 213 2119 det
233 2091 266 2118 ⁸⁸.
290 2092 324 2119 Et
343 2093 360 2119 ii
381 2093 463 2126 igitur
484 2092 532 2126 qui
558 2095 692 2119 steterunt
722 2090 792 2124 apud
825 2089 955 2122 Verbum,

172 2137 271 2164 habent
284 2138 434 2165 stationum
452 2138 636 2165 diversitates.
655 2137 744 2170 Quare
767 2136 840 2163 haud
861 2144 955 2163 omnes

170 2183 216 2217 qui
232 2191 316 2218 penes
329 2183 498 2211 Salvatorem
511 2188 624 2215 stetere,
641 2184 688 2210 sed
702 2183 812 2218 quidam
825 2190 858 2209 ex
875 2182 950 2216 ipsis,

170 2215 298 2262 tanquam
310 2229 356 2262 qui
369 2229 464 2256 melius
481 2229 616 2262 steterint,
632 2233 746 2255 mortem
761 2235 814 2255 non
832 2233 950 2262 gustant,
968 2215 989 2242 D

170 2273 256 2300 donec
275 2273 385 2301 videant
408 2274 527 2302 Verbum
543 2283 604 2302 cum
630 2275 786 2302 hominibus
805 2282 953 2301 conversa-

169 2325 238 2352 tum,
270 2325 297 2347 et
326 2326 469 2355 propterea
505 2320 602 2348 Filium
631 2321 747 2348 hominis
776 2321 951 2356 appellatum,

170 2366 324 2393 venientem
337 2368 362 2394 in
380 2375 463 2402 regno
480 2374 539 2394 suo.
556 2367 613 2395 Non
625 2368 699 2394 enim
712 2367 813 2402 iugiter
830 2368 855 2394 in
869 2375 952 2402 regno

167 2419 217 2438 suo
244 2412 341 2443 venit,
375 2416 503 2447 quantum
541 2413 574 2439 ad
613 2420 660 2440 eos
695 2413 741 2447 qui
775 2413 952 2440 introducun-

167 2462 211 2482 tnr
239 2456 295 2491 (88)
323 2458 440 2490 attinet,
467 2458 512 2492 qui
544 2458 623 2485 facile
655 2458 795 2489 dicerent.
830 2467 880 2485 nan
903 2459 952 2484 Im-

166 2503 227 2529 ιιι-ε
237 2511 295 2529 eum
308 2504 429 2537 speciem,
447 2511 526 2538 neque
543 2503 766 2537 pulchritudinem
780 2504 814 2531 ⁸¹.
831 2504 863 2530 At
878 2504 950 2530 enim

166 2550 235 2584 apud
250 2557 297 2577 eos
318 2550 364 2584 qui
383 2550 437 2583 jam
457 2548 567 2584 perfecti
593 2554 672 2581 sunt,
690 2549 836 2576 secundum
853 2550 947 2580 David,

166 2600 278 2628 apparet
293 2594 424 2628 speciosus
444 2595 529 2628 [arma
550 2603 605 2628 pne
622 2595 684 2627 [iliis
699 2595 836 2620 hominum
850 2595 884 2621 ⁸³.
900 2594 949 2620 Ha-

166 2638 211 2665 bet
231 2640 313 2674 igitur
335 2641 437 2673 regiam
467 2641 610 2666 admodum
633 2639 791 2673 dignitatem
819 2638 949 2671 Verbum,

165 2684 229 2711 dum
260 2687 366 2713 videtur
397 2686 561 2720 quibusdam
588 2686 718 2713 stantium
751 2685 820 2720 apud
845 2683 947 2718 Jesum,

199 2778 222 2793 "
236 2777 330 2805 Matth.
347 2785 386 2808 Ix.
403 2776 448 2805 22.
486 2775 600 2813 "ﬁetu.
618 2783 654 2807 χι,
668 2775 713 2807 ‘25,
728 2773 773 2800 ‘26.
813 2774 835 2789 ⁷⁹
847 2773 923 2801 Deut.
944 2782 980 2802 ιι.

618 135 896 165 SL’PPLEMENTUM
914 137 960 164 AD
977 136 1139 165 ORIGENIS
1154 138 1358 166 EXEGETICA.

1023 195 1175 231 μοῤῥοοῦσα
1197 195 1299 224 δώδεκα
1317 195 1364 230 ἔτη
1390 192 1462 231 εῖχεν
1485 194 1683 230 αἱμορροοῦσα·
1708 194 1808 222 οὐκοῦν

1021 241 1080 276 ἅμα
1097 243 1129 277 τῇ
1145 242 1250 275 γενέσει
1264 237 1356 277 ἐκείνῃ
1373 241 1441 276 αὕτη
1456 241 1605 276 αῑμορῤοεί.
1627 241 1671 267 Ἑν
1688 240 1807 276 ἀπαθείᾳ

1021 286 1075 322 γάρ
1090 287 1164 313 ἐστιν
1181 287 1270 321 ἐκείνη
1287 287 1349 312 ὅσον
1362 286 1457 321 χρόνον
1478 286 1510 321 ζῇ
1532 287 1549 321 ἡ
1575 286 1719 320 συναγωγή
1732 294 1739 300 '
1757 286 1806 312 καὶ

1020 332 1034 358 ὁ
1048 331 1128 363 αὐτὸς
1143 332 1205 367 ὅρος
1222 331 1269 358 τοῦ
1290 331 1385 366 χρόνου
1405 331 1452 357 τοῦ
1468 331 1560 362 τέλους
1575 330 1682 366 ἐκείνης
1694 330 1741 357 καὶ
1755 330 1808 365 τῆς

1019 377 1105 413 ἀρχῆς
1118 378 1167 413 τῆς
1181 377 1315 413 σωτηρίας
1324 377 1426 412 ταύτης
1436 377 1503 404 ἐστί.
1516 377 1622 403 Δώδεκα
1632 377 1699 403 ἐτῶν
1712 376 1806 412 ἐκείνη

1019 422 1196 458 ἀποθνήσκει,
1212 424 1258 449 καὶ
1272 421 1375 449 δώδεκα
1394 423 1462 449 ἐτῶν
1478 423 1548 457 αὕτη
1567 422 1614 448 τοῦ
1637 422 1739 453 πάθους
1758 431 1806 448 πι-

1020 469 1155 497 στεύσασα
1170 469 1359 506 θεραπεύεται,
1376 469 1436 504 ἥτις
1446 469 1495 495 οὐκ
1511 469 1618 504 ῐσχυσεν
1635 469 1681 495 ὑπ’
1698 468 1806 500 οὐδενὸς

1017 514 1072 541 τῶν
1091 514 1190 551 ίατρῶν
1210 514 1419 550 θεραπευθῆναι.
1443 514 1538 541 Πολλοὶ
1565 515 1618 549 γὰρ
1642 514 1730 549 ἰατροὶ
1740 514 1805 546 τοὺς

1017 560 1070 586 ἀπὸ
1095 560 1179 586 ἐθνῶν
1201 560 1350 595 ὑπέσχοντο
1371 559 1547 595 θεραπεῦσαι.
1577 559 1640 586 Ἐὰν
1660 559 1719 595 ἴδῃς
1739 559 1810 590 τοὺς

1017 605 1226 640 φιλοσοφοῦντας
1239 606 1487 641 ἐπαγγελλομένους
1500 606 1637 641 ἀλήθειαν,
1651 605 1739 641 ἰατροί
1751 605 1804 631 εἱσι

1017 650 1180 686 θεραπεῦσαι
1188 651 1361 688 πειρώμενοι.
1371 652 1439 678 Ἀλλ’
1452 651 1507 686 (89)
1515 651 1612 682 αὐτοὺς
1623 651 1805 686 δαπανήσασα

1016 697 1050 723 τὰ
1065 698 1129 733 παρ’
1146 699 1244 733 ἑαυτῆς
1260 699 1357 730 πάντα,
1374 698 1423 724 οὐκ
1436 697 1606 735 ῖσχυσενηὺπ*
1620 697 1729 728 οὐδενὸς
1749 696 1804 722 τῶν

1017 743 1115 778 ἰατρῶν
1134 743 1345 779 θεραπευθῆναι.
1359 743 1465 778 Ἥψατο
1479 743 1506 770 δὲ
1517 743 1563 769 τοῦ
1585 742 1740 778 κρασπέδου
1756 741 1805 768 τοῦ

1023 788 1108 823 Ἰησοῦ
1122 789 1166 816 διὰ
1179 789 1305 821 πίστεως,
1322 790 1368 816 καὶ
1383 789 1454 824 ὶάθη.
1485 788 1548 815 Ἐὰν
1569 788 1667 823 ἴδωμεν
1687 788 1739 823 τὴν
1758 787 1804 814 πί-

1016 843 1074 860 στιν
1090 834 1166 870 ἡμῶν
1183 835 1231 870 τὴν
1252 836 1292 866 εἰς
1317 834 1418 870 Ἰησοῦν
1438 834 1571 870 Χριστὸν,
1591 834 1638 859 καὶ
1658 833 1804 868 νοήσωμεν

1015 879 1128 915 πηλίκος
1143 881 1217 906 ἐστὶν
1233 881 1247 907 ὁ
1267 880 1329 911 Υἱὸς
1345 880 1392 906 τοῦ
1412 879 1494 911 θεοῦ,
1511 880 1558 906 καὶ
1578 879 1650 910 τίνος
1671 879 1804 914 ἡψάμεθα

1015 926 1108 958 αὑτοῦ,
1128 926 1257 962 ὀψόμεθα,
1283 927 1322 954 ὅτι
1346 927 1414 962 πρὸς
1439 926 1581 961 σύγκρισιν
1604 925 1658 951 τῶν
1675 927 1703 951 ὲν
1728 925 1804 960 αὐτῷ

1015 971 1173 1007 κρασπέδων
1188 971 1339 1006 κρασπέδου
1356 971 1495 1007 ἡψάμεθα.
1507 971 1591 998 Τοῦτο
1602 971 1632 997 τὸ
1646 971 1803 1006 κράσπεδον

1015 1015 1163 1052 θεραπεύει
1182 1018 1265 1052 ἡμᾶς,
1289 1017 1336 1043 καὶ
1352 1019 1423 1043 ποιεῖ
1436 1017 1544 1043 ἀκούειν
1560 1016 1614 1043 ἀπὸ
1627 1015 1674 1042 τοῦ
1693 1016 1801 1051 Ἰησοῦ·

1015 1063 1154 1096 Θύγατερ,
1177 1063 1196 1096 ἡ
1212 1063 1314 1096 πίστις
1329 1071 1387 1089 σου
1403 1063 1520 1090 σέσωκέ
1535 1070 1581 1093 σε,
1600 1063 1647 1088 καὶ
1665 1062 1804 1096 θεραπευ-

1015 1106 1113 1142 θῶμεν.
1130 1107 1184 1134 Καὶ
1197 1109 1211 1143 ἡ
1227 1108 1348 1144 Θυγάτηρ
1360 1107 1596 1142 ἀναστήσεταιτοῦ
1611 1106 1802 1142 ἀρχισυναγώ-

1013 1161 1072 1187 γου.
1096 1153 1187 1179 Ὅταν
1205 1153 1258 1187 γὰρ
1279 1153 1313 1180 τὸ
1329 1153 1443 1187 πλῆθος
1460 1153 1520 1180 τῶν
1544 1152 1639 1180 ἐθνῶν
1660 1152 1800 1186 εἰσέλθῃ,

1013 1198 1079 1224 τότε
1096 1195 1155 1230 πᾶς
1173 1197 1288 1231 Ἰσραὴλ
1303 1198 1480 1232 σωθήσεται.

1339 1243 1418 1270 ΚΕΦ.
1437 1243 1476 1269 ϐ’.

1113 1287 1163 1320 κζ’.
1182 1287 1262 1322 Λέγω
1275 1287 1308 1314 δὲ
1323 1288 1394 1322 ὑμῖν
1405 1289 1524 1321 ἀληθῶς
1535 1297 1542 1303 ·
1560 1288 1629 1315 Εἰσί
1644 1297 1726 1321 τινες
1742 1287 1802 1315 τῶν

1122 1323 1301 1356 ἑστηκότων,
1321 1323 1349 1348 οἳ
1365 1324 1400 1349 οὐ
1415 1323 1457 1357 μὴ
1476 1325 1640 1357 γεύσωνται
1653 1323 1800 1356 θανάτου,

1016 1288 1093 1314 Στίγ.

1046 1297 1064 1313 τι
1087 1309 1093 1314 .

1046 1297 1103 1349 ὤϊξε

1046 1357 1101 1391 ἕως
1114 1357 1152 1385 ἂν
1165 1357 1249 1384 Ιδωσι
1271 1358 1326 1391 τὴν
1337 1359 1501 1390 ,βασιλείαν
1517 1359 1569 1385 τοῦ
1587 1358 1672 1386 Θεοῦ.

1045 1404 1139 1431 Ταῦτα
1154 1404 1200 1430 ἐπὶ
1214 1404 1315 1440 Πέτρον
1330 1404 1377 1430 καὶ
1398 1404 1524 1431 Ἰάκωϐον
1543 1404 1589 1431 καὶ
1614 1404 1746 1440 Ἰωάννην
1758 1413 1800 1431 τι-

1011 1450 1055 1481 νὲς
1073 1450 1252 1485 ἀναφέρουσι,
1276 1450 1473 1482 συναναὸάντες
1498 1451 1537 1482 εις
1559 1446 1594 1477 το
1612 1442 1712 1486 ὑψηλὸν
1737 1451 1801 1486 ὅρος

1010 1496 1129 1532 Χριστῷ,
1142 1496 1166 1523 οἳ
1183 1496 1228 1523 καὶ
1240 1496 1354 1522 θανάτου
1369 1497 1418 1522 οὐκ
1431 1496 1586 1529 ἐγεύσαντο,
1602 1497 1655 1532 πρὸ
1668 1497 1717 1530 τοῦ
1735 1498 1801 1524 ἰδεῖν

1010 1543 1055 1569 τὸν
1075 1543 1139 1570 Υἱὸν
1156 1542 1204 1569 τοῦ
1224 1541 1367 1577 ἀνθρώπου
1381 1542 1489 1569 ἐλθόντα
1506 1543 1534 1569 ὲν
1553 1544 1586 1578 τῇ
1608 1543 1735 1578 βασιλείᾳ
1751 1544 1801 1570 αὑ-

1010 1589 1067 1620 τοῦ,
1083 1589 1142 1624 ἤτοι
1154 1590 1182 1615 ἐν
1194 1590 1227 1624 τῇ
1242 1589 1305 1625 δόξῃ
1321 1589 1370 1624 τῆς
1385 1588 1620 1625 μεταμορφώσεως
1639 1588 1737 1616 αὑτοῦ.

1044 1635 1074 1662 Εἰ
1087 1635 1116 1661 δὲ
1129 1636 1180 1671 χρή
1194 1644 1220 1661 τι
1233 1635 1278 1662 καὶ
1293 1635 1501 1671 περιεργότερον
1519 1636 1605 1661 εἰπεῖν
1623 1634 1686 1670 περί
1702 1643 1736 1661 τε
1750 1634 1798 1662 τοῦ

1009 1680 1117 1707 ἑστάναι
1131 1680 1200 1716 μετὰ
1218 1680 1315 1715 Ἰησοῦ,
1327 1681 1374 1707 καὶ
1387 1681 1450 1716 περὶ
1464 1680 1512 1706 τοῦ
1527 1680 1653 1715 γεύεσθαι
1666 1680 1798 1707 θανάτου·

1007 1725 1077 1762 ἦσάν
1093 1736 1165 1759 τινες
1188 1727 1304 1758 ἑστῶτες
1319 1728 1385 1754 ὅπου
1409 1727 1528 1762 Ἰησοῦς,
1549 1727 1743 1763 ὲρηρεισμένοι
1763 1728 1797 1762 τῇ

1007 1774 1079 1809 ψυχῇ
1095 1774 1159 1809 παρ’
1172 1773 1254 1808 αὐτῷ.
1272 1772 1326 1800 Ἦν
1346 1774 1438 1805 αὐτοῖς
1458 1774 1475 1808 ἡ
1496 1773 1589 1804 στάσις
1608 1774 1745 1809 συγγενὴς
1763 1775 1796 1809 τῇ

1006 1820 1053 1846 τοῦ
1074 1821 1169 1855 Μωσῆ.
1187 1819 1271 1854 Κάγὼ
1289 1820 1353 1855 γάρ,
1371 1820 1452 1855 φησὶν
1468 1821 1482 1845 ὁ
1504 1819 1634 1854 Μωῡσῆς,
1655 1819 1740 1854 ἔστην
1767 1819 1797 1845 ὲν

1007 1866 1045 1901 τῷ
1058 1866 1116 1902 ὄρει
1131 1866 1236 1902 ἡμέρας
1253 1865 1456 1901 τεσσαράκοντα
1471 1865 1517 1892 καὶ
1538 1866 1638 1896 νύκτας
1657 1865 1796 1900 τεσσαρά-

1007 1920 1099 1942 κοντα,
1115 1911 1238 1944 ἀξιωθεὶς
1250 1911 1378 1938 ἀκοῦσαν
1393 1912 1440 1938 καὶ
1455 1912 1487 1938 σὺ
1499 1912 1527 1938 δὲ
1543 1911 1625 1937 αὑτοῦ
1641 1909 1718 1945 στῆθι
1737 1911 1796 1946 μετ’

1006 1956 1081 1991 ἐμοῦ.
1106 1956 1205 1990 Ὀλίγοι
1217 1956 1244 1982 δὲ
1260 1956 1307 1983 καὶ
1327 1956 1398 1991 φίλοι
1409 1957 1488 1988 Θεοῦ,
1509 1957 1565 1983 ὅσοι
1583 1956 1632 1991 τὴν
1654 1956 1751 1982 στάσιν
1767 1955 1796 1982 ὲν

1006 2002 1044 2037 τῷ
1059 2002 1134 2037 καλῷ
1150 2002 1268 2037 ἔχουσιν,
1285 2003 1324 2034 ὡς
1335 2004 1349 2029 ὸ
1365 2002 1519 2038 Βαπτιστὴς
1534 2002 1614 2033 αὐτὸς
1631 2002 1695 2037 περὶ
1709 2001 1796 2028 αὑτοῦ

1005 2047 1095 2081 λέγει·
1114 2047 1145 2074 '0
1158 2047 1192 2073 δὲ
1207 2048 1296 2082 φίλος
1309 2047 1362 2074 τοῦ
1382 2048 1512 2082 νυμφίου
1528 2047 1623 2079 ἑστὼς
1637 2045 1714 2080 χαρᾷ
1730 2047 1796 2080 χαί.

1001 2103 1058 2128 ρει.
1082 2095 1135 2120 Καὶ
1152 2095 1176 2120 οἱ
1198 2094 1342 2128 ἑστηκότες
1365 2093 1430 2127 γοῦν
1455 2093 1531 2128 παρὰ
1546 2092 1585 2127 τῷ
1604 2092 1682 2127 Λόγῳ
1701 2091 1794 2126 έχουσι

1005 2138 1074 2166 κατὰ
1093 2139 1141 2173 τὴν
1162 2138 1255 2165 στάσιν
1270 2137 1411 2173 διαφοράς.
1431 2137 1476 2163 Διὸ
1495 2137 1526 2164 οὺ
1548 2136 1647 2168 πάντες
1665 2136 1690 2162 οἱ
1706 2135 1796 2162 ἑστῶο

1004 2193 1049 2216 τες
1069 2185 1143 2220 παρὰ
1156 2184 1194 2219 τῷ
1210 2184 1326 2219 Σωτῆρι,
1341 2183 1409 2210 ἀλλά
1424 2191 1497 2214 τινες
1513 2182 1612 2213 αὐτῶν,
1626 2181 1664 2213 ὡς
1688 2181 1794 2216 βέλτιον

1007 2229 1160 2263 ἑστηκότες,
1181 2228 1210 2254 οὺ
1235 2228 1360 2262 γεύονται
1380 2228 1506 2259 θανάτου,
1525 2227 1576 2258 ἓως
1598 2226 1630 2253 ἂν
1652 2226 1728 2253 ἴδωσι
1748 2226 1794 2252 τὸν

1007 2274 1158 2310 ἀνθρώποις
1172 2275 1379 2310 ἐπιδημήσαντα
1398 2274 1493 2307 Λόγον,
1511 2273 1558 2300 καὶ
1573 2272 1617 2298 διὰ
1635 2272 1713 2298 τοῦτο
1729 2272 1795 2298 Υἱὸν

1006 2320 1148 2356 ἀνθρώπου
1163 2320 1374 2356 χρηματίζοντα,
1394 2321 1538 2356 ἐρχόμενον
1556 2319 1585 2345 ὲν
1597 2320 1629 2353 τῇ
1642 2318 1725 2345 αὑτοῦ
1746 2318 1796 2352 βα-

1007 2367 1101 2402 σιλείᾳ.
1115 2367 1152 2393 Οὺ
1169 2367 1222 2402 γάρ
1235 2367 1278 2393 ἀεὶ
1289 2367 1318 2392 ὲν
1329 2368 1361 2401 τῇ
1374 2366 1458 2392 αὑτοῦ
1474 2365 1596 2400 βασιλείᾳ
1613 2364 1740 2399 ἔρχεται,
1755 2363 1794 2394 ὡς

1002 2413 1048 2438 ἐπὶ
1060 2414 1115 2444 τοῖς
1129 2412 1325 2447 εἰσαγομένοις,
1340 2412 1364 2438 οἳ
1378 2412 1425 2438 καὶ
1441 2411 1483 2446 μὴ
1501 2411 1584 2445 ἔχειν
1598 2410 1691 2437 αὐτὸν
1710 2408 1792 2442 εἶδος

1003 2459 1022 2491 ἢ
1046 2458 1157 2491 κάλλος
1182 2458 1288 2491 λέξαιεν
1310 2458 1352 2484 ἄν.
1375 2459 1437 2490 Τοῖς
1460 2457 1488 2483 δὲ
1508 2457 1630 2488 τελείοις,
1653 2455 1724 2482 κατὰ
1746 2455 1792 2481 τὸν

1003 2503 1093 2535 Δαυῖδ,
1112 2504 1218 2538 ὡραῖος
1233 2504 1367 2537 φαίνεται
1385 2503 1490 2530 κάλλει
1512 2502 1592 2536 παρὰ
1611 2501 1681 2533 τοὺς
1706 2500 1792 2532 υἱοὺς

1003 2549 1061 2574 τῶν
1081 2550 1252 2583 ἀνθρώπων.
1275 2550 1367 2576 Ἔστιν
1385 2547 1432 2575 οὖν
1451 2547 1659 2583 βασιλικώτατον
1680 2545 1791 2581 ἀξίωμα

1002 2594 1041 2629 τῷ
1058 2596 1146 2630 Λόγῳ,
1163 2595 1326 2630 βλεπόμενον
1345 2604 1400 2622 τισι
1419 2595 1472 2621 τῶν
1487 2594 1639 2629 ἑστηκότων
1654 2592 1732 2628 παρὰ
1751 2591 1790 2627 τῷ

1010 2640 1107 2675 Ἰησοῦ,
1123 2640 1277 2668 ἀκολουθεῖν
1297 2640 1369 2676 αὐτῷ
1385 2640 1545 2675 δυνηθεῖσιν,
1564 2638 1734 2666 άναὸαίνοντι
1750 2639 1789 2668 εἰς

1003 2687 1033 2712 τὸ
1045 2686 1144 2722 ὑψηλὸν
1153 2687 1203 2722 τῆς
1214 2687 1391 2723 φανερώσεως
1404 2686 1486 2714 αὐτοῦ
1501 2686 1562 2718 beo;
1572 2694 1578 2700 ·
1593 2682 1623 2712 οὗ
1640 2693 1683 2716 τις
1699 2683 1789 2717 άξιοῦ-

1019 2777 1040 2792 ⁸⁰
1062 2777 1140 2806 Joan.
1153 2785 1196 2812 ιιι,
1209 2777 1250 2806 29.
1291 2777 1385 2815 νηίδα.
1399 2785 1459 2811 LIII,
1475 2777 1501 2804 2.
1548 2775 1650 2804 "Psal.
1667 2781 1740 2807 xuv,
1757 2773 1784 2800 3.

198 2835 255 2870 (88)
272 2836 426 2871 Bespicitur
445 2835 477 2862 ad
508 2835 643 2871 lsagugas,
671 2834 1045 2871 primasque"institutiones.

201 2872 256 2906 659)
271 2870 352 2898 Forte
368 2871 444 2899 deest
459 2871 509 2902 εἰς.
