1904 3076
75 187 116 214 541
696 184 841 212 SCHOLIA
863 186 896 213 IN
917 186 1045 214 LUCAM.

1632 186 1682 213 543

75 250 114 269 ται
125 240 220 276 Πέτρος
238 239 286 272 ὢν,
304 240 351 267 καὶ
366 240 397 266 τὸ
413 240 538 268 ἄσειστον
555 240 624 276 ἔχων
648 241 677 267 ὲν
692 242 725 276 τῇ
741 241 843 268 πίστει·

899 243 943 277 qui
973 251 1034 270 eum
1059 243 1134 277 sequi
1156 243 1248 270 valent
1274 243 1467 270 ascendentem
1491 243 1519 270 in
1544 242 1683 270 excelsum

75 288 146 324 ῆυῑοὶ
160 287 252 323 iperth
267 286 332 322 (90),
346 287 375 313 οἳ
385 287 434 314 καὶ
444 286 574 314 θανάτου
587 288 623 314 οὺ
635 288 781 322 γεύονται,
790 288 846 321 ἕως

76 335 108 361 ἂν
122 333 199 360 totum
219 333 273 359 τὸν
292 333 361 360 Υιὸν
383 333 436 361 τοῦ
457 333 615 368 ἀνθρώπου
629 334 793 369 ἐρχόμενον
811 334 848 361 ἐν

75 379 248 415 τῇβασιλείᾳ
260 378 363 406 αὐτοῦ.

104 523 156 558 Ζωὴ
172 522 199 550 δὲ
213 523 228 549 ὁ
247 521 372 558 Χριστός.
399 522 429 548 '0
445 521 474 548 δὲ
492 521 594 557 ταύτης
610 520 707 556 ἐχθρὸς
723 518 850 552 θάνατος,

76 570 114 596 καὶ
123 571 135 596 ὁ
145 568 176 595 δι’
191 568 338 604 ἁμαρτίας,
355 567 372 602 ἢ
390 566 492 602 ἒτίρως
506 565 659 602 νοούμενος.
678 562 729 592 Ὧν
744 565 775 592 τὸ
788 566 846 592 ἓτε-

76 624 114 650 ρον
124 615 153 642 δι’
167 611 202 642 ὧν
213 615 327 645 ἕκαστος
344 613 422 650 ἡμῶν
438 613 551 649 πράττει
570 612 721 647 ἐκλέγεται.
741 613 846 648 Ὥσπερ

74 659 113 688 οὖν
132 661 145 688 ὸ
166 659 281 695 Χριστὸς
301 659 382 695 ipso;
402 658 460 685 ὲο-τὶ
479 657 544 690 ζῶν,
558 656 644 689 οὕτως
661 659 674 685 ό
687 657 784 694 ἐχθρὸς
800 658 846 684 αὐ-

74 706 113 734 τοῦ
135 706 243 738 θάνατος
268 705 350 740 ἄρτος
373 705 431 731 ἐστί
453 704 558 741 νεκρός.
585 704 663 731 Πᾶσα
689 703 718 730 δὲ
749 703 845 739 λογικὴ

73 752 134 789 ψυχὴ
149 752 251 788 θατέρῳ
265 751 368 778 τούτων
386 751 531 787 τρέφεται·
549 751 566 786 ἡ
579 751 626 786 μὲν
638 750 772 786 γευομένη
788 750 846 776 τού-

74 809 118 826 των
137 799 227 835 μόνον,
243 799 261 834 ἠ
284 798 313 825 δὲ
337 798 384 824 καὶ
407 798 454 824 ἐπὶ
480 796 606 823 πλεῖστον
628 796 764 823 ἐσθίουσα.
790 797 846 823 Καὶ

75 843 132 879 τάχα
144 843 166 869 οἱ
180 843 228 878 μὲν
245 841 366 874 σπανίως
381 842 428 869 καὶ
446 841 532 877 μικρὰ
549 841 751 877 ἁμαρτάνοντες
765 841 845 876 μόνον

74 889 181 923 γεύονται
202 888 334 915 θανάτου·
358 889 382 914 οἱ
407 888 436 914 δὲ
460 887 561 923 ἀρετὴν
585 887 760 922 ἀνειληφότες
783 887 843 914 οὐδὲ

899 295 1018 317 tnontem
1049 287 1276 317 manifestationis
1303 297 1358 316 sua:
1387 298 1394 316 :
1420 296 1475 324 quo
1498 288 1562 324 quis
1585 288 1684 323 dignus

898 335 1013 362 habetur
1032 334 1055 361 si
1081 333 1180 362 Petrus
1203 334 1297 368 fuerit,
1312 334 1465 369 habeatque
1494 334 1682 362 inconcussam

897 380 977 408 ﬁdem
995 390 1002 408 :
1017 380 1059 407 vel
1081 379 1127 407 lilii
1150 380 1296 407 tonitruum
1308 400 1315 411 .
1334 381 1379 416 qui
1398 381 1477 408 etiam
1496 385 1606 407 mortem
1630 389 1683 407 non

896 427 1050 461 gustabunt,
1064 427 1146 458 donec
1163 426 1267 454 videant
1288 425 1390 453 Filium
1406 427 1521 454 hominis
1538 429 1683 457 venientem

896 474 924 500 in
942 481 1020 508 regno
1029 481 1088 501 suo.

933 520 994 547 Vita
1010 527 1092 554 porro
1107 524 1149 546 est
1165 519 1299 547 Christus.
1317 518 1403 553 Hujus
1419 519 1516 551 hostis,
1532 527 1606 548 mors
1624 521 1684 548 sive

897 573 958 601 quae
974 573 1022 600 per
1039 570 1193 600 peccatum,
1205 565 1262 592 sive
1282 564 1360 592 aliter
1375 564 1544 598 intelligitur.
1563 566 1602 592 Ex
1620 567 1682 601 qni-

896 613 947 639 bus
961 611 1132 642 alterutrum,
1153 618 1201 646 per
1216 618 1246 638 ea
1262 618 1321 645 quae
1337 610 1451 645 quisque
1467 616 1589 638 nostrum
1605 610 1681 646 facit,

895 658 1016 692 eligitur.
1031 657 1108 685 Sicut
1124 658 1206 692 igitur
1220 656 1346 684 Christus
1359 661 1401 684 est
1416 657 1492 689 panis
1507 657 1581 684 risus
1595 657 1630 690 ³³,
1643 659 1684 686 sic

896 704 983 732 hostis
996 705 1054 740 ejus
1071 712 1160 738 mors,
1181 704 1259 739 panis
1271 708 1313 731 est
1330 708 1467 733 mortuus.
1500 703 1596 731 Omnis
1618 712 1684 732 vero

896 750 1040 778 rationalis
1066 751 1159 778 anima
1192 750 1326 777 alterutro
1354 749 1450 776 horum
1476 751 1594 777 nutritur
1610 759 1617 778 :
1634 750 1682 777 scd

896 797 1017 831 quaedam
1043 796 1152 831 quidem
1178 795 1229 823 hos
1259 796 1392 822 duntaxat
1418 799 1520 829 gustat,
1559 795 1682 830 quaedam

895 849 962 869 vero
978 842 1080 877 largius
1106 841 1235 869 comedit.
1250 840 1436 868 Plansibiliter
1449 840 1530 875 igitur
1554 841 1682 871 dixerim.

895 888 967 922 quod
990 888 1037 922 qui
1059 894 1122 914 raro
1141 892 1168 914 et
1191 893 1274 921 parva
1304 890 1435 921 peccant,
1462 891 1572 921 gustant
1595 886 1683 914 solum

74 935 183 970 γεύονται
196 934 290 966 αὑτοῦ,
303 934 360 961 ἀλλ’
372 935 415 961 ἀεὶ
428 934 509 969 ἄρτον
521 933 666 970 τρέφονται
678 933 778 964 ζῶντα.
794 933 843 959 Πέ-

899 938 1012 960 mortem
1029 942 1036 960 :
1049 938 1077 960 at
1092 933 1138 968 qui
1154 933 1284 960 virtutem
1299 937 1439 964 exercent,
1451 939 1485 959 ne
1501 936 1611 966 gustant
1623 932 1684 967 qui-

73 989 119 1016 τρῳ
131 979 184 1012 οὖν,
195 978 230 1008 οὗ
242 980 336 1007 πύλαι
346 979 389 1014 μὴ
399 979 590 1014 κατίσχυσαν
600 978 685 1012 ᾅδου,
699 977 844 1005 ἀκόλουθον

72 1024 100 1062 ἦν
111 1025 196 1052 τούτου
211 1025 248 1061 μὴ
262 1024 401 1060 γεύεσθαι.
425 1024 492 1050 Τότε
506 1024 561 1060 γάρ
576 1032 618 1056 τις
635 1023 745 1058 γεύεται
765 1023 846 1050 θανά-

74 1082 121 1105 του,
133 1074 173 1099 ὅτε
188 1072 270 1099 πύλαι
285 1072 349 1108 ᾅδου
363 1070 574 1107 κατισχύσουσιν
588 1070 682 1097 αὑτοῦ.
704 1070 784 1097 Ἀλλὰ
797 1067 845 1097 xii.

73 1119 119 1149 τοῖς
128 1118 174 1153 τῆς
188 1117 304 1154 βροντῆς
320 1117 398 1150 υῑοῖς,
413 1116 580 1152 γεννηθεῖσιν
599 1116 654 1143 ἀπὸ
671 1116 784 1152 βροντῆς
799 1116 845 1143 ἁν-

73 1161 191 1198 θρωπίνου
203 1162 355 1197 χρήματος,
367 1161 497 1188 ἀδύνατον
507 1158 542 1196 ἦν
555 1161 672 1188 θανάτου
683 1160 843 1195 γεύσασθαι,

73 1207 111 1234 τοῦ
127 1207 222 1244 σφόδρα
239 1207 337 1244 πόρρω
349 1207 398 1243 τῆς
413 1207 517 1243 μητρὸς
536 1207 627 1234 αὐτῶν
640 1206 764 1242 βροντῆς.

100 1339 131 1366 To
144 1339 181 1372 δὲ,
197 1339 263 1373 ἕως,
287 1339 406 1367 ἐνταῦθα
421 1339 496 1376 δηλοῖ
506 1339 552 1367 τὸν
568 1340 765 1374 κατεπείγοντα
780 1341 844 1376 περὶ

72 1384 110 1411 τοῦ
123 1385 283 1420 δηλουμένου
299 1386 410 1421 χρόνον,
423 1386 453 1412 οὐ
469 1385 701 1422 περιοριζόμενον,
714 1385 784 1412 ὥστε
799 1395 844 1421 γε-

72 1429 150 1458 νέσθαι
175 1431 243 1467 μετὰ.
266 1432 299 1459 τὸ
322 1431 374 1464 ἕως
398 1431 430 1458 τὸ
452 1433 482 1459 ὲν
510 1432 584 1467 αὐτῷ
606 1431 646 1468 τῷ
670 1431 841 1468 δηλουμένῳ·

71 1475 102 1508 ὡς
118 1477 160 1503 τό·
175 1477 228 1505 Καὶ
239 1477 306 1505 ἰδοὺ
318 1478 376 1513 ἐγὼ
391 1478 455 1513 μεθ’
468 1478 551 1513 ὑμῶν
565 1479 623 1513 εὶμι
634 1478 689 1511 ἕως
700 1478 756 1512 τῆς
768 1486 843 1505 συν-

71 1521 173 1555 τελείας
192 1522 244 1550 τοῦ
266 1522 384 1556 αὶῶνος.
409 1523 466 1550 Οὐκ
489 1523 637 1558 ἐγεύσαντο
658 1522 723 1557 γοῦν
747 1523 801 1549 οὐδ’
819 1524 843 1550 οὶ

72 1566 197 1594 ἀπόστολοι
225 1568 273 1595 τοῦ
292 1569 485 1605 προηρημένου
502 1569 570 1604 (90“)
599 1568 697 1604 νοητοῦ
727 1568 842 1596 θανάτου

73 1613 130 1647 μετὰ
145 1614 174 1640 τὸ
191 1614 253 1641 ἰδεῖν
270 1613 321 1649 τὴν
337 1614 391 1641 τῶν
405 1614 571 1650 τηλικούτων
585 1614 694 1649 ἀγαθῶν
716 1615 842 1650 θεωρίαν.

105 1659 173 1686 Ἐπεὶ
193 1660 221 1686 δὲ
249 1660 280 1687 ἐν
306 1661 362 1691 τοῖς
384 1660 510 1696 Ψαλμοῖς
536 1660 658 1697 εἴρηται·
683 1661 732 1694 Τις
759 1661 845 1688 ἐστιν

71 1702 207 1738 ἅνθρωπος
230 1705 264 1739 ὃς
290 1704 382 1739 ζήσει,
407 1706 457 1732 καὶ
483 1707 539 1733 οὐκ
570 1706 674 1742 ὄψεται
697 1706 844 1738 mirator;

71 1750 118 1782 καὶ,
147 1751 265 1778 Ἑλθέτω
279 1751 318 1785 δὴ
333 1751 460 1785 θάνατος
476 1752 522 1778 ἐπ’
535 1753 660 1786 αὐτούς·
683 1753 729 1780 καὶ
748 1752 776 1780 ἔν
792 1762 845 1780 τινι

72 1795 115 1822 τῶν
127 1797 271 1832 προφητῶν
281 1805 289 1814 ο
310 1797 457 1825 Κατέπιεν
472 1799 488 1825 ὁ
509 1798 637 1831 θάνατος
653 1799 799 1833 ἰσχύσας-ο
816 1799 846 1825 ὲν

71 1840 94 1868 δὲ
110 1843 139 1877 τῇ
166 1842 348 1878 Ἀποκαλύψει
359 1852 365 1858 ·
389 1844 420 1870 '0
441 1844 568 1877 θάνατος
584 1845 633 1870 καὶ
650 1845 666 1871 ό
682 1843 757 1878 ᾷὸης
776 1845 846 1871 ἀκο-

71 1888 161 1914 λουθεῖ
174 1897 251 1917 τισι·
281 1890 386 1925 μήποτε
408 1889 517 1917 ἔλαττον
541 1891 626 1917 κακόν
644 1891 702 1916 ἐστι
727 1891 757 1917 τὸ
782 1891 846 1917 ἰδεῖν

72 1931 179 1966 θάνατον,
199 1935 297 1962 τούτου
309 1936 338 1962 δὲ
356 1936 448 1971 μεῖζον
462 1937 492 1963 τὸ
504 1936 654 1971 γεύσασθαι
671 1933 765 1968 αὐτοῦ,
785 1937 846 1963 τού-

71 1985 109 2004 του
119 1979 144 2005 δὲ
163 1980 200 2007 ἔτι
216 1983 308 2017 χεῖρον
321 1981 352 2008 τὸ
366 1982 523 2009 ἀκολουθεῖν
542 1991 594 2009 τινι
607 1982 736 2015 θάνατον;
753 1983 801 2009 καὶ
814 1983 844 2009 οὑ

73 2023 140 2058 μόνον
161 2027 335 2061 ἀκολουθεῖν,
361 2027 429 2055 ἀλλὰ
452 2028 499 2055 καὶ
514 2028 564 2064 ήδη
584 2028 670 2054 ἐλθεῖν
688 2028 731 2055 ἐπ’
753 2029 844 2060 αὐτὸν,

72 2071 110 2097 καὶ
126 2073 284 2101 καταλαϐεῖν
307 2075 421 2103 ἐκεῖνον.
435 2071 458 2109 ᾧ
479 2075 611 2110 πρότερον
630 2074 790 2110 ὴκολούθει;
809 2075 846 2101 Τὸ

71 2115 94 2142 δὲ
111 2119 294 2155 καταποθῆναι
308 2120 361 2147 ὑπὸ
378 2120 425 2147 τοῦ
442 2121 559 2148 θανάτου
577 2121 688 2147 πάντων
706 2121 780 2147 δοκεῖ
801 2129 845 2156 μοι

73 2160 205 2200 βαρύτερον
218 2164 291 2193 εἶναι
304 2166 358 2192 τῶν
372 2167 535 2202 εῖρημὲνων.
554 2166 609 2193 Καὶ
624 2167 773 2202 ἐπιστήσας
790 2168 846 2198 τοῖς

72 2207 209 2246 λεγομένοις
228 2213 276 2240 καὶ
289 2214 321 2248 τῇ
336 2212 452 2249 διαφορᾷ
468 2212 523 2239 τῶν
538 2212 780 2248 ἁμαρτανομένων,
796 2213 846 2239 οὐκ

896 979 956 1005 dem
977 983 1105 1011 mortem.
1129 979 1177 1006 sed
1197 986 1305 1014 semper
1331 986 1400 1014 pane
1426 979 1488 1005 vivo
1513 978 1681 1006 nutriuntur.

894 1024 1072 1060 Consequens
1085 1025 1169 1060 igitur
1182 1031 1251 1059 erat,
1276 1031 1304 1052 ut
1325 1025 1431 1056 Petrus,
1456 1025 1581 1052 adversus
1606 1032 1682 1067 quem

895 1075 978 1103 porta
988 1071 1070 1106 inferi
1085 1079 1139 1098 non
1153 1072 1349 1106 praeminet-unt
1363 1071 1397 1103 ⁸⁸,
1406 1079 1465 1098 eam
1483 1078 1535 1098 non
1550 1075 1681 1105 gustaret.

896 1115 972 1143 Tunc
996 1116 1069 1143 enim
1095 1117 1156 1151 quis
1183 1123 1297 1144 mortem
1323 1121 1436 1152 gustat,
1461 1117 1570 1151 quando
1597 1122 1684 1151 portae

896 1160 975 1188 inferi
992 1162 1124 1189 adversus
1137 1169 1199 1190 eum
1215 1161 1413 1196 przevalebunt.
1432 1163 1502 1196 Quin
1517 1163 1598 1190 etiam
1613 1164 1682 1191 ﬁlios

897 1207 1009 1234 tonitrui
1022 1226 1030 1239 ,
1047 1208 1155 1243 genitos
1175 1216 1189 1235 ιι
1215 1209 1317 1236 tonitru
1332 1209 1468 1236 incantati
1483 1209 1615 1242 vaticinii,
1632 1211 1684 1236 im~

895 1253 1028 1287 possibile
1041 1259 1101 1281 erat
1112 1259 1223 1288 gustare
1234 1260 1360 1286 mortem,
1374 1262 1434 1289 qua:
1447 1255 1591 1284 admodum
1605 1256 1684 1291 longe

895 1298 977 1326 distat
996 1306 1010 1325 a
1027 1304 1115 1327 matre
1129 1307 1222 1327 eorum
1245 1300 1358 1327 tonitru.

929 1345 1067 1373 Particnla
1095 1346 1190 1378 donec,
1223 1346 1276 1374 hoc
1296 1346 1355 1374 loco
1386 1346 1506 1373 declarat
1539 1346 1684 1374 imminens

897 1391 935 1419 rei
956 1391 1150 1420 demonstrata:
1181 1397 1287 1428 tempus
1303 1413 1311 1426 ,
1333 1401 1387 1420 non
1410 1393 1550 1420 deﬁnitum
1575 1398 1606 1420 ut
1629 1394 1683 1427 sit,

894 1441 1039 1472 postquam
1058 1437 1084 1465 id
1102 1438 1243 1471 evenerit,
1258 1439 1331 1473 quod
1353 1439 1572 1473 demonstratur;
1603 1444 1634 1466 ut
1654 1439 1681 1467 in

896 1483 940 1510 illo
958 1491 965 1510 :
982 1483 1051 1510 Ecce
1067 1492 1114 1518 ego
1137 1485 1270 1511 uobiscum
1290 1492 1360 1517 sum,
1384 1485 1467 1511 donec
1487 1490 1683 1512 consummatur

896 1529 1024 1556 amulum
1039 1529 1072 1555 ⁸⁸.
1089 1529 1148 1556 Non
1169 1535 1350 1564 gustaverunt
1361 1530 1443 1566 igitur
1458 1530 1572 1565 apostoli
1586 1531 1683 1565 praedi-

895 1581 965 1604 ctam
977 1575 1143 1611 spiritualem
1152 1581 1278 1609 mortem,
1286 1580 1427 1612 postquam
1438 1575 1612 1611 contemplati
1618 1582 1683 1604 sunt

896 1621 1028 1649 visionem
1043 1626 1181 1649 tantorum
1197 1622 1339 1649 bonorum.

930 1665 999 1700 Quia
1011 1673 1078 1694 vero
1098 1667 1125 1694 in
1143 1665 1258 1694 Psalmis
1272 1666 1373 1694 dictum
1396 1672 1438 1694 est
1450 1676 1457 1694 :
1469 1666 1534 1700 Qui:
1551 1673 1588 1695 est
1606 1668 1683 1695 homo

895 1712 939 1747 qui
964 1713 1041 1744 uiuet,
1068 1717 1092 1739 et
1121 1720 1172 1738 non
1191 1711 1288 1738 uidebit
1311 1718 1421 1739 mortem
1447 1712 1489 1740 “7
1503 1713 1562 1740 Et:
1591 1713 1682 1740 Veniat

895 1759 987 1794 utique
1005 1765 1076 1785 mors
1096 1757 1130 1785 ad
1154 1766 1199 1784 eos
1210 1757 1244 1784 ⁸⁷.
1261 1758 1292 1784 Et
1321 1759 1348 1784 in
1377 1759 1495 1793 quodam
1527 1760 1681 1794 propheta:

896 1803 1037 1838 Deglutivit
1053 1811 1123 1830 mort
1143 1803 1289 1837 pra’valens
1301 1803 1334 1831 ⁸⁸.
1354 1804 1443 1838 Alqde
1459 1805 1485 1831 in
1499 1805 1682 1840 Apocalypsi,

896 1857 967 1876 mors
990 1854 1014 1876 et
1036 1848 1156 1884 infernus
1183 1849 1303 1883 sequitur
1326 1850 1452 1884 quosdam
1467 1850 1511 1878 ⁸⁹;
1529 1851 1620 1878 nescio
1648 1858 1682 1878 att

895 1903 950 1922 non
963 1894 1053 1922 minus
1069 1893 1168 1921 malum
1193 1894 1229 1921 sit
1253 1894 1345 1922 videre
1365 1900 1498 1928 mortem,
1523 1897 1573 1923 hoc
1595 1896 1685 1932 majus

895 1947 955 1967 eam
981 1943 1110 1973 gustare;
1127 1944 1154 1966 et
1176 1939 1227 1966 hoc
1243 1946 1337 1967 rursus
1358 1939 1446 1975 pejus,
1467 1942 1490 1968 si
1510 1950 1590 1976 queui
1609 1950 1683 1968 mors

895 1987 953 2020 ipsa
968 1992 1100 2021 sequatur
1113 1994 1120 2012 :
1137 1990 1163 2012 et
1178 1993 1231 2012 non
1243 1990 1373 2020 sequatur
1386 1987 1477 2020 modo,
1493 1995 1585 2015 verum
1599 1988 1681 2016 etiam

896 2033 928 2060 ad
944 2032 1032 2067 ipsum
1045 2032 1146 2063 veniat,
1161 2037 1188 2059 et
1199 2032 1413 2067 comprehendat
1425 2041 1497 2066 eum,
1515 2041 1594 2068 quem
1607 2034 1682 2068 prius

895 2079 1072 2113 sequebatur.
1096 2077 1227 2113 Deglutiri
1251 2085 1315 2106 vero
1331 2085 1346 2105 a
1364 2083 1468 2111 morte,
1488 2079 1596 2106 videtur
1615 2080 1680 2106 mihi

895 2123 1086 2157 gravissimum
1100 2124 1235 2155 omnium,
1251 2131 1311 2158 quae
1323 2123 1393 2151 dicta
1405 2128 1478 2150 sunt.
1506 2123 1590 2152 Porro
1602 2125 1682 2152 dictis

897 2168 1038 2201 insistens,
1051 2173 1078 2196 et
1091 2168 1252 2196 dill'erentiae
1271 2174 1456 2204 peccatorum,
1475 2169 1546 2197 haud
1569 2177 1680 2198 recusa-

896 2214 950 2247 bis,
966 2219 995 2241 ut
1013 2214 1143 2246 arbitror,
1157 2215 1313 2247 admittere,
1328 2215 1391 2242 talia
1405 2215 1528 2250 quatdal‘n
1545 2217 1572 2243 in
1590 2217 1681 2244 animo

72 2253 189 2291 ὀκνήσεις,
198 2256 287 2294 οἶμαι,
298 2258 500 2294 παραδέξασθαι
510 2258 624 2285 τοιαῦτα
634 2267 693 2285 τινα
705 2259 843 2294 νενοῆσθαι

900 2261 1032 2289 habuisse.
1043 2260 1195 2295 Spiritum,
1223 2262 1270 2296 qui
1291 2260 1406 2296 fecit_ut
1422 2262 1484 2289 talia
1498 2263 1682 2291 scriberentur

72 2300 103 2335 τῷ
118 2303 289 2340 ἐνεργήσαντι
301 2305 388 2332 ταῦτα
404 2305 544 2341 γραφῆναι
559 2307 587 2332 ὲν
603 2307 661 2338 τοῖς
681 2305 781 2339 λογίοις
797 2305 843 2331 τοῦ

900 2306 924 2334 in
942 2306 1060 2334 oraculis
1076 2306 1184 2335 divinis.

72 2344 127 2372 Θεοῦ
144 2348 291 2385 Πνεύματι.

99 2392 127 2419 Τί
139 2393 165 2421 δὲ
178 2394 304 2431 δηλοῦται
319 2396 347 2422 ὲν
361 2395 400 2430 τῷ
415 2396 479 2423 ιδεῖν
494 2397 539 2423 τὸν
558 2397 620 2423 Υἰὸν
633 2395 680 2422 τοῦ
698 2396 841 2431 ἀνθρώπου

72 2437 200 2474 ἐρχόμενον
214 2442 243 2468 ἐν
255 2443 289 2477 τῇ
310 2441 431 2478 βασιλείᾳ
445 2443 538 2475 αὑτοῦ,
554 2443 600 2469 καὶ
622 2444 650 2470 ὲν
667 2445 700 2478 τῇ
718 2443 782 2479 δόξῃ
796 2443 844 2468 αύ-

71 2483 123 2517 τοῦ;
137 2487 181 2513 καὶ
191 2487 217 2513 τί
230 2488 357 2523 σημαίνει
372 2488 413 2518 τὸ,
432 2489 634 2523 Ἐληλυθυῖαν
650 2490 685 2516 ὲν
706 2488 841 2523 δυνάμει,

73 2529 135 2565 παρὰ
142 2531 252 2567 Μάρκου
262 2532 343 2568 ῥηθέν
354 2540 362 2565 ;
378 2533 418 2560 Τὰ
432 2533 486 2559 εἴτε
497 2532 694 2569 ὲκλαμπόμενα
704 2534 763 2564 ταῖς
772 2541 826 2567 καρ
833 2549 840 2551 -

72 2573 220 2612 δίαιςὴμῶν,
231 2578 285 2605 εἴτε
293 2579 421 2615 ζητοῦσιν
428 2580 621 2615 εὑρισκόμενα,
631 2579 685 2605 εἴτε
698 2579 843 2606 ὑποσιόντα

73 2620 119 2656 (9i)
143 2624 202 2656 τοὺς
238 2624 386 2660 λογισμοὺς
425 2625 503 2661 ἡμῶν
517 2645 523 2656 ,
566 2625 730 2661 σαφέστερον
763 2625 843 2660 ἐκθη-

74 2665 170 2700 σόμεθα.
188 2661 217 2696 ’ὁ
229 2669 340 2706 θεωρῶν
351 2671 399 2698 καὶ
413 2671 630 2707 καταλαμϐάνων
640 2672 689 2707 τὴν
703 2671 750 2698 τοῦ
765 2671 844 2705 λόγου

73 2710 193 2748 ὺπεροχὴν
207 2714 316 2747 λύοντος
339 2717 387 2744 καὶ
401 2717 584 2752 διελέγχοντος
605 2718 693 2749 πάσας
721 2717 770 2749 τὰς
794 2717 846 2743 ὑπὸ

933 2394 1001 2428 Quid
1026 2400 1114 2423 autem
1131 2396 1265 2430 signiﬁcat
1282 2396 1372 2424 videre
1394 2396 1490 2424 Filium
1504 2398 1620 2425 hominis
1638 2407 1683 2425 ve-

897 2442 1014 2468 nientem
1044 2442 1070 2468 in
1100 2450 1182 2476 regno
1202 2447 1303 2474 suo,et
1329 2442 1355 2469 in
1377 2443 1461 2477 gloria
1478 2451 1526 2470 sua
1546 2445 1558 2470 ?
1575 2449 1603 2471 et
1619 2446 1683 2479 quid

897 2487 949 2514 sibi
961 2487 1016 2514 vult
1038 2487 1113 2518 illud.
1132 2488 1237 2515 Venisse
1252 2489 1280 2515 in
1293 2489 1389 2515 virtute
1404 2488 1427 2504 ⁹⁰
1445 2498 1452 2516 :
1468 2492 1539 2524 quod
1560 2499 1574 2517 a
1593 2491 1684 2518 Marco

897 2534 999 2560 dictum
1015 2539 1057 2561 est
1074 2534 1086 2560 ?
1105 2534 1211 2562 Clarius
1242 2542 1409 2570 exponemus
1435 2542 1602 2571 quoicunque
1626 2537 1684 2564 sive

896 2580 1024 2615 allulgent
1039 2580 1166 2608 cordibus
1188 2581 1305 2615 nostris,
1320 2582 1378 2609 sive
1393 2582 1578 2616 quaerentibus
1605 2584 1682 2610 nobis

898 2630 1004 2659 reperta
1023 2631 1096 2658 sunt,
1110 2627 1168 2653 sive
1180 2627 1485 2662 subeuntcogitationes
1502 2634 1618 2655 nostras.
1630 2629 1684 2655 Ita-

898 2679 950 2706 que
964 2672 1088 2706 quisquis
1111 2674 1310 2708 contemplatur
1327 2679 1354 2701 et
1378 2675 1533 2709 assequitur
1550 2675 1684 2702 excellen-

899 2718 963 2745 tiam
982 2719 1056 2746 verbi
1077 2720 1206 2746 snivcntis
1230 2728 1262 2748 ac
1291 2721 1434 2748 rei‘utantis
1457 2721 1578 2756 speciosa
1601 2729 1680 2756 argu.

102 2789 208 2834 τηθίσι.
234 2803 271 2834 vi,
302 2795 363 2834 {iis
385 2797 407 2812 ⁸⁸
423 2796 520 2834 Matth:
541 2805 596 2834 xvt.
612 2797 652 2834 [ὃ.
690 2797 713 2814 ⁸⁸
727 2798 822 2825 Matth.

900 2807 937 2829 nt.
957 2799 1001 2826 ΞΟ.
1040 2799 1063 2815 ⁸³
1086 2799 1157 2826 Psal.
1178 2807 1309 2832 Lxxxuu,
1328 2801 1371 2827 49.
1410 2801 1430 2815 ³⁷
1453 2800 1522 2827 Psal.
1550 2807 1604 2834 ων,
1639 2801 1683 2831 tu,

74 2822 93 2838 "
103 2824 149 2853 lsa.
163 2835 226 2859 xxv.
244 2822 273 2857 8;
309 2831 332 2847 ⁸⁹
341 2822 443 2867 -Λιιοοί
457 2822 556 2865 νῖξὲί
578 2822 603 2848 δῖ)
613 2822 700 2860 hiare.
714 2822 793 2866 Et".

76 2871 247 2938 e[(i"ill:)inl;‘:tat'te
265 2877 392 2914 βροντῶν,
412 2881 568 2912 tonitruum,
596 2889 628 2908 ex
645 2880 726 2910 Marc.
746 2890 788 2916 ιιι,
807 2883 837 2910 i7

928 2883 994 2921 (νον)
1010 2883 1233 2921 ,Πρωιρημένρμ
1258 2883 1328 2919 Lege
1362 2884 1570 2921 προειρημένου.
1597 2884 1680 2912 Eutr.

932 2919 987 2953 till)
1009 2918 1076 2953 Lege
1092 2919 1257 2946 υττεισιϐντα.
