1904 3076
201 157 254 186 διτ

645 160 927 191 SUPPLEMENTUM
943 163 990 191 AD
1010 164 1173 193 ORIGENIS
1189 164 1396 195 EXEGETICA.

1775 169 1820 197 318

201 216 253 245 bna
272 216 340 244 nihil
357 217 465 245 ditl'erre
492 218 584 246 videas
601 219 674 248 hunc
692 227 836 257 aegrotum,
853 228 882 251 et
901 224 988 251 virum
1005 241 1010 255 Α

1046 233 1094 258 τιν,
1107 226 1135 252 ὲν
1154 224 1198 258 αἷς
1209 226 1285 253 οὐδὲν
1299 227 1422 263 διαφέρει
1446 228 1460 253 ὁ
1479 227 1620 260 πεπονθὼς
1635 228 1762 263 ὑγιαίνων
1784 238 1819 256 τε.

201 262 272 291 bene
291 263 436 290 valentem.
461 263 493 291 Et
509 264 606 292 animas
623 266 704 300 igitur
718 268 840 302 quaedam
863 269 932 297 bene
947 277 988 296 va-

201 307 259 336 lere
281 310 458 344 temperantia
481 310 597 339 fortasse
624 312 833 347 existimantur,
849 319 876 343 et
899 315 988 344 vivere

202 359 280 390 prout
303 355 374 383 ratio
390 356 529 391 postulat:
549 362 577 385 at
594 358 709 386 subinde
729 361 910 388 succumbunt
926 369 989 396 pas-

200 401 332 433 sionibus.
344 408 406 428 cum
422 407 496 429 stare
508 403 676 436 viderentur,
689 405 785 433 fraude
795 407 885 434 saeculi
898 407 986 443 hujus,

200 445 313 480 aliisque
324 447 551 482 concupiscentiis
572 449 615 482 Hi,
631 451 827 485 utspiritaliter
835 452 988 487 loquamur,

200 490 308 520 lunatici
322 498 396 526 sunt,
409 494 540 530 proﬂigati
555 503 570 522 a
583 496 766 531 spiritualibus
784 499 921 533 nequitiae,
931 507 990 534 quae

200 537 398 567 delitescuntin
417 541 595 575 passionibus,
613 543 712 570 cadunt
725 544 752 571 in
769 545 856 580 ignem
877 546 990 573 combu-

199 587 331 620 stionum,
342 586 486 621 aliquando
497 589 522 616 in
539 597 636 624 aquam
647 599 653 616 :
663 591 770 625 quando
778 599 825 618 rex
840 592 989 619 draconum

198 631 320 658 oninium
335 633 506 667 aquatilium,
521 634 645 668 proﬂigat
659 643 705 662 eos
717 635 750 664 de
762 635 837 670 llatu,
853 645 905 672 quo
917 639 990 666 vide-

200 677 299 705 bantur
309 678 421 706 liberius
444 681 616 714 perspirare,
638 687 668 708 ut
686 682 832 710 deveniam
849 683 877 711 in
890 683 990 712 altissi-

200 731 260 751 mos
269 729 351 752 aestus
366 726 450 752 maris
467 726 591 754 humanm
603 728 675 755 vitae.

236 825 265 853 In
280 827 331 854 hac
341 826 509 862 expositione
524 828 712 864 astipulabitur
726 831 805 858 nobis
817 831 863 866 qui
878 832 944 860 dicit
964 833 990 860 in

201 873 338 908 Sapientia
363 874 397 900 de
423 873 488 908 justi
512 876 696 910 mquabilitate
713 883 721 903 :
737 876 867 905 Narratio
888 879 938 906 viri
952 879 990 913 pii

199 925 299 952 semper
315 918 444 950 rapientia
457 919 481 934 ’δ
494 928 502 952 ;
513 925 541 947 et
556 921 589 948 de
609 921 752 956 oppositis,
770 921 874 949 Stultus
887 931 948 950 vero
962 927 992 950 ut

200 963 264 990 luna
281 969 400 991 mutatur
415 965 448 993 ".
465 965 542 993 Licet
558 974 667 1002 quoque
683 968 710 995 in
728 968 825 996 talibus
842 969 936 998 videre
949 970 991 996 a‘t-

200 1008 332 1037 lectiones
355 1011 486 1045 quasdam
515 1011 638 1040 valentes
662 1013 696 1040 ad
725 1014 991 1042 commendationem

199 1056 338 1083 attrahere
351 1063 397 1084 eos
411 1057 458 1092 qui
483 1065 536 1084 non
560 1058 722 1086 incumbunt
745 1059 837 1087 animo
857 1060 992 1088 instabili-

200 1102 248 1128 ιαιί
262 1109 368 1135 eorum,
383 1110 470 1138 usque
484 1103 553 1131 adeo
568 1108 599 1131 ut
616 1104 659 1132 ias
680 1105 717 1132 sit
729 1105 820 1133 dicere
834 1106 924 1134 inesse
940 1106 994 1134 illis

199 1147 397 1182 plenilunium,
421 1153 467 1175 aut
490 1148 547 1176 fere
567 1149 754 1184 plenilunium.
777 1150 883 1178 Videris
909 1152 992 1179 etiam

199 1200 293 1220 rursus
313 1192 468 1220 simulatum
484 1194 556 1228 quod
584 1195 622 1222 illi
642 1195 751 1223 videtur
771 1196 860 1224 inesse
880 1196 992 1230 lumen;

199 1239 302 1271 lumen,
326 1238 447 1273 inquam,
465 1246 518 1266 non
541 1239 686 1274 diurnum,
701 1241 749 1268 sed
772 1246 936 1269 nocturnum
952 1242 994 1269 Iu-

201 1291 274 1316 men,
286 1284 350 1312 etin
367 1289 469 1311 tantum
487 1284 630 1318 deﬁciens,
643 1286 730 1314 donec
746 1294 800 1314 non
825 1287 941 1322 amplius
953 1288 994 1315 vi-

201 1331 296 1357 deatur
319 1337 380 1357 esse
396 1330 498 1362 lumen,
513 1331 585 1365 quod
610 1331 637 1358 in
667 1331 721 1359 illis
748 1333 824 1360 cerni
848 1334 943 1369 possit.
962 1332 992 1361 Si

199 1384 265 1410 ergo
279 1377 369 1404 omnis
383 1377 472 1404 anima
486 1377 582 1413 angelo
597 1378 721 1412 subjecta
739 1385 793 1412 est,
811 1381 925 1416 angelus
937 1381 994 1409 fue-

201 1422 238 1449 rit
258 1422 310 1450 iste
335 1422 447 1450 lunatici
465 1428 552 1458 pater,
570 1432 653 1452 orans
667 1430 796 1460 tanquam
811 1434 860 1460 pro
879 1427 934 1454 lilio
948 1426 994 1454 Je-

199 1476 272 1501 sum,
284 1473 378 1504 utpote
388 1477 441 1497 non
457 1469 564 1498 valente
579 1469 614 1497 ab
636 1470 760 1499 interiori
776 1472 860 1500 verbo
876 1472 994 1508 discipu-

200 1515 289 1542 lorum
307 1516 399 1543 curari
410 1515 445 1542 ab
462 1516 628 1545 inlirmitate.

235 1561 338 1588 Mutum
358 1569 389 1589 ac
400 1561 513 1590 surdum
535 1562 713 1597 daemonium,
735 1569 800 1592 sunt
820 1565 991 1594 irrationales
1004 1573 1025 1602 (ι

200 1607 359 1635 “lectiones
374 1608 623 1644 propensionesque
640 1609 673 1637 ad
686 1609 724 1643 id,
739 1611 810 1646 quod
827 1612 933 1639 videtur
944 1613 991 1639 bo-

201 1662 276 1687 num,
301 1661 317 1681 a
336 1654 443 1682 ratione
460 1656 645 1690 depromptae,
667 1663 736 1691 quas
759 1657 818 1692 ipsa
843 1658 993 1686 irrationali

202 1702 303 1736 impetu
325 1701 501 1736 producebat,
514 1710 628 1738 quaeque
641 1710 656 1729 a
670 1704 821 1732 videntibus
830 1705 994 1739 putabantur

201 1747 296 1775 isthmc
318 1746 408 1774 facere
431 1748 580 1775 secundum
603 1748 734 1777 rationem
766 1749 898 1778 doctrinm
918 1749 992 1778 .Iesu.

202 1794 316 1823 Diﬂicile
327 1801 391 1821 vero
403 1796 496 1822 curari
515 1800 604 1830 potest
615 1796 770 1830 hujusmodi
784 1798 905 1830 morbus,
919 1797 994 1824 vide-

201 1846 301 1877 turque
327 1851 455 1880 magnum
469 1844 546 1879 quid,
564 1851 625 1879 qua:
650 1844 719 1871 bene
735 1851 788 1870 non
809 1843 910 1871 habent
923 1844 992 1871 bene

200 1887 285 1915 fuisse
297 1888 379 1922 facta,
398 1894 495 1924 estque
510 1889 578 1916 adeo
593 1889 621 1916 in
643 1889 704 1917 istis
721 1897 817 1925 magna
839 1890 992 1926 huiusmodi

199 1931 354 1968 eﬂicientia,
372 1938 401 1961 ut
416 1934 501 1962 monti
516 1941 578 1961 eam
596 1941 758 1969 comparare
776 1935 866 1968 liceat,
881 1943 941 1970 qua:
955 1936 993 1962 in-

202 1978 276 2013 diget
297 1984 327 2006 ut
348 1980 554 2008 trnnsferatura
570 1981 690 2016 patiente
710 1989 758 2016 per
781 1988 889 2009 onmem
911 1981 992 2009 [idem

201 2027 333 2053 curantis.
359 2026 407 2054 Est
429 2035 511 2062 porro
534 2027 625 2055 omnis
646 2026 714 2054 Ildes
735 2031 892 2061 comparata
908 2034 993 2062 grano

201 2071 338 2107 sinapeos.
355 2071 421 2106 Quia
437 2073 513 2100 nihili
529 2073 639 2108 quidem
663 2078 804 2108 reputatur
823 2073 891 2100 lidrs
903 2074 937 2100 ab
949 2073 994 2100 lto-

202 2117 332 2151 miaibus,
354 2123 383 2145 et
400 2119 584 2146 modicissima
606 2126 649 2146 res
664 2123 706 2146 est
729 2118 800 2153 apud
816 2118 877 2146 illos
888 2139 896 2151 ,
911 2123 994 2153 atque

201 2162 263 2190 vilis
285 2171 346 2190 esse
367 2163 492 2198 videtur;
506 2169 534 2192 at
558 2165 602 2192 ubi
616 2164 713 2192 sortita
732 2163 814 2191 fuerit
831 2169 932 2192 terram
950 2165 994 2191 bo-

202 2215 264 2236 nam
276 2229 284 2242 ,
297 2209 324 2236 id
340 2214 382 2236 est
401 2211 530 2242 animam,
549 2209 579 2237 lit
599 2210 681 2237 arbor
693 2216 806 2244 procera
822 2217 907 2244 usque
924 2209 993 2236 adeo

1039 271 1094 298 Καὶ
1108 271 1192 307 ψυχαὶ
1206 272 1272 307 γοῦν
1296 282 1369 306 τινες
1387 273 1516 308 ὑγιαίνειν
1547 275 1596 310 μὲν
1616 275 1645 301 ἐν
1669 275 1821 312 σωφροσύνῃ

1038 317 1109 353 τάχα
1120 318 1285 354 νομίζονται,
1302 320 1349 346 καὶ
1366 319 1440 355 βιοῦν
1458 319 1496 351 ὡς
1509 321 1522 347 ό
1531 319 1608 354 λόγος
1625 320 1759 355 βούλεται·
1771 318 1822 348 εἶτα

1039 364 1094 391 ἔσθ’
1119 365 1164 392 ὅτε
1193 366 1411 393 καταπίπτουσιν
1437 367 1490 393 ὑπὸ
1511 366 1566 394 τῶν
1582 367 1676 394 παθῶν
1705 368 1759 394 ἀπὸ
1781 369 1821 395 τοῦ

1039 411 1183 447 ἐστηκέναι
1211 412 1359 440 δοκεῖν.....
1383 413 1447 448 περὶ
1462 413 1512 449 τὴν
1536 414 1644 450 ἀπάτην
1664 414 1711 441 τοῦ
1734 414 1823 446 αἰῶνος

1038 456 1133 483 τούτου
1143 457 1190 484 καὶ
1208 459 1266 489 ταῖς
1279 457 1385 489 λοιπαῖς
1396 457 1562 493 ἐπιθυμίαις.
1582 456 1671 490 Οὗτοι,
1681 467 1822 494 πνευματι-

1039 502 1096 534 κῶς
1110 503 1207 536 εἰπεῖν,
1224 503 1437 539 σεληνιάζονται,
1455 503 1684 540 καταϐαλλόμενοι
1707 505 1758 531 ὑπὸ
1775 505 1823 531 τῶν

1039 548 1068 574 ὲν
1084 549 1140 580 τοῖς
1156 548 1332 584 ὲνδομυχοῦσι
1354 549 1452 576 πάθεσι
1470 550 1661 584 πνευματικῶν
1682 550 1732 585 τῆς
1748 558 1823 585 πονη-

1042 593 1110 630 ρίας,
1128 594 1273 621 πίπτουσιν
1287 596 1328 627 εἰς
1340 596 1370 622 τὸ
1386 596 1442 632 πῦρ
1453 596 1508 624 τῶν
1523 597 1680 632 πυρώσεων·
1700 597 1783 623 ἐνίοτε
1799 597 1824 623 δὲ

1040 640 1080 671 εἰς
1092 640 1122 666 τὸ
1136 639 1218 676 ὕδωρ,
1229 640 1274 667 ὅτε
1291 641 1304 667 ὁ
1317 640 1444 675 βασιλεὺς
1459 642 1566 669 πάντων
1580 641 1635 668 τῶν
1645 642 1675 668 ὲν
1690 643 1746 673 τοῖς
1755 641 1824 668 ὕδασι

1040 684 1205 720 δρακόντων,
1227 686 1401 713 καταϐάλλων
1423 687 1522 720 αὐτοὺς
1548 687 1604 715 ἀπὸ
1620 687 1666 715 τοῦ
1691 687 1824 723 ἐλεύθερον

1040 730 1128 757 δοκεῖν
1138 731 1276 765 ἀναπνεῖν,
1298 733 1345 760 ἐπὶ
1364 733 1395 760 τὸ
1407 734 1491 760 εῐκειν
1508 734 1563 770 (95)
1579 735 1618 766 είς
1634 733 1670 761 τὰ
1684 733 1754 770 βάθη
1777 734 1826 761 τῶν

1041 777 1171 812 κυμάτων
1190 777 1240 812 τῆς
1255 778 1393 816 θαλάσσης
1409 780 1456 806 τοῦ
1471 780 1526 806 τῶν
1543 780 1695 816 ἀνθρώπων
1713 780 1779 815 βίον.

1076 824 1168 860 Ταύτῃ
1183 826 1216 860 τῇ
1228 825 1351 862 διηγήσει
1365 825 1543 861 συμϐαλεῖται
1555 827 1620 862 ἡμῖν
1633 827 1647 853 ὁ
1661 826 1749 860 λέγων
1759 827 1786 852 ὲν
1797 827 1825 861 τῇ

1042 871 1146 904 Σοφίᾳ,
1165 871 1228 907 περὶ
1246 871 1295 906 μὲν
1310 872 1359 906 τῆς
1383 871 1431 898 τοῦ
1452 872 1557 899 δικαίου
1576 872 1753 908 ὁμαλὰι-ητος·
1770 871 1828 905 Διή-

1043 923 1132 951 mat;-
1145 917 1291 950 εὐσεϐοῦς
1308 917 1358 944 διὰ
1378 917 1493 951 παντὸς
1514 919 1618 953 σοφία,-
1643 918 1710 954 περὶ
1732 917 1760 944 δὲ
1780 917 1828 944 τῶν

1043 963 1256 999 ἀποδεδομένων*
1269 964 1297 990 ’0
1309 963 1344 990 δὲ
1357 963 1459 998 ἄφρων
1470 964 1510 997 ὡς
1521 963 1637 998 σελήνη
1651 963 1826 991 ἀλλοιοῦται.

1043 1009 1098 1036 Καὶ
1118 1009 1176 1036 ἐστι
1198 1009 1246 1036 καὶ
1261 1011 1291 1036 ὲν
1306 1011 1364 1042 τοῖς
1384 1010 1513 1042 τοιούτοις
1532 1011 1596 1037 ἰδεῖν
1610 1010 1701 1045 ὁρμὰς
1727 1017 1828 1035 συνεπι-

1045 1055 1163 1082 σπᾶσθαι
1177 1055 1328 1091 δυναμένας
1345 1056 1414 1092 πρὸς
1424 1056 1533 1083 ἔπαινον
1543 1055 1606 1088 τοὺς
1622 1055 1659 1092 μὴ
1673 1055 1828 1090 ἐφιστάντας

1043 1102 1130 1128 αὐτῶν
1138 1102 1177 1137 τῷ
1189 1102 1390 1138 άνερματίστῳ,
1408 1102 1478 1129 ὥστε
1491 1103 1578 1129 εἰπεῖν
1595 1102 1628 1129 ἂν
1640 1102 1723 1128 οἱονεὶ
1738 1101 1829 1128 πανσέ-

1043 1149 1123 1184 ληνον
1144 1146 1214 1176 εῖναι
1239 1149 1266 1175 ὲν
1289 1149 1390 1180 αὐτοῖς,
1414 1149 1512 1185 ἧπαρ*
1541 1149 1631 1183 ὀλίγον
1656 1148 1827 1184 πανσέληνον.

1046 1195 1126 1226 Ἰδοις
1139 1195 1161 1221 δ’
1172 1195 1204 1222 ἂν
1217 1195 1298 1222 πάλιν
1311 1195 1480 1231 μιμούμενον
1495 1195 1524 1222 τὸ
1535 1194 1613 1227 δόξαν
1624 1192 1694 1222 εἶναι
1703 1196 1731 1221 ἐν
1746 1195 1829 1226 αὐτοῖς

1044 1241 1111 1276 φῶς·
1127 1241 1187 1276 οὐχ).
1199 1241 1256 1276 φῶς
1266 1241 1394 1277 ἡμερινὸν
1409 1242 1553 1277 τυγχάνον,
1565 1241 1632 1268 ἀλλὰ
1642 1241 1702 1276 φῶς
1713 1249 1828 1276 νυκτερι-

1044 1288 1099 1320 νὸν,
1127 1289 1173 1314 καὶ
1190 1288 1236 1314 ἐπὶ
1253 1287 1380 1314 τοσοῦτον
1408 1287 1501 1323 λῆγον,
1521 1287 1575 1319 ἕως
1591 1287 1658 1324 μηδὲ
1671 1287 1761 1314 δοκεῖν
1779 1286 1830 1320 φῶς

1044 1333 1113 1362 εῖναι
1137 1334 1350 1370 ὲπιϐλεπόμενον
1371 1334 1427 1370 (94)
1442 1335 1470 1361 ὲν
1493 1334 1583 1366 αὐτοῖς
1600 1334 1723 1370 γένηται.
1741 1334 1772 1361 El
1789 1331 1829 1359 οὖν

1045 1381 1119 1407 πᾶσα
1142 1381 1215 1416 ψυχὴ
1237 1381 1283 1407 ὑπ’
1300 1380 1409 1415 ἀγγέλῳ
1428 1380 1568 1413 τέτακται,
1583 1381 1598 1406 ὁ
1619 1379 1666 1406 τοῦ
1680 1378 1832 1415 σεληνιαζο-

1046 1427 1128 1463 μένου
1145 1427 1237 1463 πατὴρ
1249 1427 1282 1454 ἂν
1307 1423 1384 1458 οὗτος
1409 1425 1492 1458 ἀξιῶν
1506 1426 1544 1458 ὡς
1553 1426 1618 1462 περὶ
1633 1425 1693 1453 υἱοῦ
1715 1426 1760 1453 τὸν
1785 1426 1830 1460 Ἰη-

1045 1473 1120 1505 σοῦν,
1138 1474 1176 1505 ὡς
1191 1473 1231 1509 μὴ
1247 1473 1395 1509 δυνηθέντα
1413 1473 1468 1509 (95)
1484 1473 1537 1500 άπὸ
1549 1473 1747 1509 ὑποδεεστέρου
1759 1473 1831 1507 λόγου

1044 1519 1098 1546 τῶν
1112 1519 1241 1555 μαθητῶν
1257 1519 1459 1556 θεραπευθῆναι
1476 1519 1529 1546 ὑπὸ
1545 1519 1591 1546 τοῦ
1605 1519 1719 1552 πάθους.

1080 1565 1192 1592 Ἔστιδὲ
1203 1565 1301 1592 ἄλαλον
1314 1566 1360 1592 καὶ
1368 1565 1459 1600 κωφὸν
1473 1565 1611 1601 δαιμόνιον
1625 1566 1654 1592 αι
1668 1564 1830 1600 ἃλογοιπρὸς

1043 1612 1074 1639 τὺ
1083 1612 1178 1639 δοκοῦν
1194 1612 1275 1639 καλὸν
1291 1612 1387 1648 ὁρμαὶ,
1403 1612 1456 1639 ὑπὸ
1467 1611 1514 1638 τοῦ
1531 1612 1610 1646 λόγου
1627 1611 1830 1648 ἐκϐαλλόμεναι,

1043 1658 1076 1690 ἃς
1089 1658 1170 1690 αὐτὸς
1190 1659 1277 1685 ὲποίει
1302 1658 1392 1694 ἀλόγῳ
1410 1659 1491 1694 φορᾷ,
1514 1658 1689 1694 νομιζόμεναι
1710 1658 1762 1685 ὑπὸ
1783 1657 1831 1684 τῶν

1044 1704 1196 1739 βλεπόντων
1213 1704 1284 1731 κατὰ
1310 1704 1389 1739 λόγον
1411 1704 1499 1731 ταῦτα
1525 1704 1656 1740 πράττειν
1671 1703 1722 1740 τῆς
1751 1702 1830 1740 Ἰησοῦ

1043 1749 1225 1782 διδασκαλίας.
1241 1750 1370 1777 Δυσίατον
1384 1750 1412 1777 δὲ
1423 1750 1502 1777 τοῦτο
1512 1750 1542 1777 τὸ
1557 1750 1653 1782 πάθος,
1665 1759 1714 1777 και
1731 1750 1832 1785 ἰσχυρὸν

1042 1796 1117 1823 δοκεῖ
1127 1795 1216 1827 καλῶς
1229 1795 1428 1832 πεπρᾶχθαιτὰ
1437 1796 1475 1831 μὴ
1489 1795 1589 1828 καλῶς,
1603 1796 1649 1823 καὶ
1663 1795 1738 1822 ἐστιν
1753 1795 1831 1826 οὕτως

1043 1842 1072 1868 ὲν
1091 1843 1149 1873 τοῖς
1173 1841 1305 1873 τοιούτοις
1323 1841 1428 1877 μεγάλη
1445 1841 1588 1877 ἡτοιαύτη
1611 1841 1747 1876 ἐνέργεια,
1767 1841 1831 1868 ὥστε

1043 1886 1145 1923 ταύτην
1161 1887 1219 1923 ὄρει
1247 1887 1479 1923 παραϐάλλεσθαι,
1499 1887 1615 1923 δεομένη
1643 1887 1686 1914 ἴνα
1704 1886 1830 1923 μετατεθῇ

1043 1932 1097 1960 ἀπὸ
1114 1933 1160 1960 τοῦ
1184 1933 1335 1968 πάσχοντος
1359 1932 1405 1960 διὰ
1422 1934 1513 1968 πάσης
1542 1933 1661 1965 πίστεως
1682 1934 1731 1960 τοῦ
1757 1933 1831 1969 θερα-

1044 1977 1181 2010 πεύοντος.
1200 1979 1277 2004 Ἐστι
1303 1978 1332 2004 δὲ
1353 1979 1369 2013 ἡ
1397 1979 1472 2004 πᾶσα
1494 1978 1586 2010 πίστις
1609 1977 1830 2013 παραϐαλλομένη

1043 2023 1134 2058 κόκκῳ
1149 2023 1294 2055 σινάπεως
1317 2024 1380 2050 ἐπεὶ
1402 2023 1581 2056 ἐξουθενεῖται
1608 2024 1658 2059 μὲν
1684 2023 1759 2060 παρὰ
1782 2023 1830 2050 τῶν

1043 2069 1194 2105 ἀνθρώπων
1210 2071 1226 2105 ὴ
1251 2070 1353 2102 πίστις,
1369 2069 1416 2097 καὶ
1429 2069 1598 2105 βραχύτατόν
1610 2071 1679 2101 ἐστι,
1697 2069 1745 2096 καὶ
1761 2068 1830 2094 εὐτε-

1043 2113 1088 2146 λὲς
1105 2112 1173 2141 εἶναι
1191 2115 1325 2150 φαίνεται·
1343 2114 1464 2150 τυχοῦσα
1475 2115 1503 2142 δὲ
1515 2115 1567 2150 γῆς
1583 2115 1700 2150 ἀγαθῆς,
1715 2115 1831 2142 τουτέστι

1043 2160 1143 2196 ψυχῆς,
1169 2160 1274 2195 γίνεται
1300 2161 1408 2197 δένδρον
1429 2161 1510 2197 μέγα·
1529 2161 1598 2188 ὥστε
1625 2161 1700 2188 οὐδὲν
1719 2161 1768 2197 μὲν
1783 2160 1832 2187 τῶν

1046 2206 1184 2242 άπτέρων,
1199 2207 1232 2233 τὰ
1257 2206 1286 2233 δὲ
1309 2207 1489 2243 ὲπτερωμένα
1514 2207 1706 2243 πνευματικῶς
1727 2206 1832 2233 πετεινά

203 2259 233 2280 ut
251 2254 353 2282 nullum
369 2254 421 2281 alis
435 2256 584 2283 carentium
596 2276 603 2288 ,
618 2255 711 2290 utique
726 2263 789 2283 vero
799 2255 869 2283 alata
883 2256 992 2290 spirita-
1008 2270 1010 2277 ι

1046 2253 1089 2280 τοῦ
1104 2252 1219 2289 ούρανοῦ
1229 2254 1418 2290 κατασκηνῶν
1429 2253 1559 2280 δύνασθαι
1573 2254 1601 2280 ἐν
1609 2254 1664 2285 τοῖς
1671 2253 1777 2286 κλάδοις
1786 2252 1831 2287 τῆς

203 2298 264 2326 liter
275 2299 396 2327 volucria
411 2301 484 2334 cteli,
500 2301 624 2330 habitare
640 2303 746 2337 possint
764 2301 791 2330 in
814 2301 898 2329 ramis
911 2306 993 2330 tautte

202 2344 283 2378 hujus
293 2345 365 2373 lidei.

1043 2298 1171 2335 τοιαύτης
1187 2299 1317 2331 πίστεως.

204 2387 296 2416 ν.45.
318 2389 447 2418 Omnibus
471 2396 559 2423 autem
586 2393 779 2420 admirantibus
806 2393 838 2420 de
869 2394 989 2421 omnibus

273 2425 365 2451 auibtu
382 2426 441 2451 fecit
457 2426 536 2451 Iesus
549 2449 554 2451 _
574 2429 642 2451 dixit
655 2428 690 2451 ad
700 2429 842 2451 disci-mlo:
854 2437 915 2451 xum
934 2437 942 2451 .-

1046 2387 1088 2415 Στί
1110 2408 1116 2415 .
1146 2396 1199 2424 μγ.
1218 2387 1342 2416 Πάντων
1363 2387 1398 2414 δὲ
1416 2387 1624 2422 θαυμαζόντων
1649 2387 1700 2414 ἐπὶ
1731 2387 1829 2418 πᾶσιν,

1079 2397 1123 2451 οξ(
1133 2423 1278 2451 ἐποίησεν
1287 2425 1303 2450 ό
1325 2423 1436 2451 Ἰησοῦ(
1443 2444 1450 2451 .
1467 2422 1531 2450 εἷπε
1542 2423 1617 2451 πρὸς
1626 2423 1695 2451 τοὺ(-
1705 2424 1829 2451 μαθητὰς

273 2425 365 2459 quibus
381 2426 441 2460 fecit
457 2426 536 2454 Jews
549 2449 556 2461 ,
574 2429 642 2454 dixit
655 2428 690 2454 ad
700 2429 842 2463 discipulos
854 2437 915 2456 suos
933 2437 942 2456 :

207 2500 226 2528 V
257 2502 301 2529 ιι.
322 2502 416 2530 Ponite
430 2513 473 2531 vos
489 2505 516 2531 in
530 2505 640 2532 auribus
659 2507 748 2533 restria
769 2515 900 2534 sermones
916 2508 989 2536 istos.

242 2536 327 2564 Filius
343 2539 412 2565 enim
425 2540 538 2567 hominis
550 2542 693 2568 tradendus
705 2547 742 2568 est
757 2541 784 2569 in
798 2550 891 2570 manus
905 2542 991 2570 Itami-

239 2618 262 2646 A
278 2627 398 2654 quonam
415 2622 563 2649 tradendus
579 2622 645 2650 est?
665 2622 810 2658 Apostolus
827 2623 935 2658 quidem
951 2624 994 2651 di-

203 2664 253 2697 cit,
264 2667 394 2694 traditum
415 2667 501 2696 fuisse
526 2668 624 2696 Filium
648 2676 664 2696 a
687 2669 762 2702 Deo,
777 2669 904 2704 inquiens
920 2677 926 2696 :
941 2670 994 2703 Qui

203 2712 311 2745 proprio
328 2711 400 2740 Filio
419 2722 466 2741 uio
484 2722 536 2741 non
557 2715 683 2749 pepercit,
692 2716 738 2743 sed
752 2724 799 2750 pro
817 2715 891 2742 nobis
907 2718 993 2744 omni-

204 2757 251 2783 bus
262 2759 373 2786 tradidit
384 2759 459 2786 illum
474 2759 508 2793 ”,
520 2767 664 2795 passurum
677 2768 773 2797 nempe
787 2768 837 2796 pro
847 2765 904 2789 toto
917 2769 996 2789 Inun-

239 2814 264 2830 ”
275 2814 358 2845 Evcli.
378 2824 461 2850 urit,
483 2816 527 2844 t2.
564 2818 587 2834 "
598 2817 663 2847 ibid.
701 2819 724 2835 '°
740 2818 818 2846 Rom.
833 2825 893 2851 VIII,
910 2818 956 2846 32.

312 2861 393 2898 ξοην
406 2863 495 2898 ἥκειν.

238 2896 296 2931 (91)
312 2895 390 2925 Forte
403 2895 477 2926 deost
489 2898 532 2926 ἄν.

1079 2422 1123 2468 ul;
1133 2422 1278 2464 ἐποίησεν
1287 2425 1303 2450 ό
1325 2423 1401 2457 Ὶησο
1407 2423 1436 2456 ῦς
1443 2444 1450 2456 ,
1467 2422 1531 2450 εἷπε
1542 2423 1617 2458 πρὸς
1626 2423 1695 2457 τοὺς
1702 2424 1830 2459 μαθητὰς

1102 2467 1183 2486 υτου.

1045 2468 1119 2541 Στῗχ.
1135 2505 1184 2542 μδ’.
1200 2504 1294 2533 Θέσθε
1311 2505 1396 2542 ὑμεῖς
1417 2506 1466 2542 εἰς
1477 2505 1513 2532 τὰ
1526 2502 1586 2542 ὦτα
1600 2505 1684 2542 ὐμῷν
1694 2505 1767 2542 τοὺς.
1782 2504 1830 2542 ,ιβ-

1078 2540 1152 2576 τίὸυξ
1160 2542 1294 2574 τούτους.
1315 2541 1346 2567 '0
1358 2541 1488 2576 regno;-
1499 2541 1552 2568 τοῦ
1564 2540 1720 2574 ἀνθρώπου
1730 2540 1830 2575 μέλλει

1079 2575 1296 2610 παραδίδοσθαι
1311 2577 1355 2609 εις
1373 2575 1474 2610 χεῖρας
1486 2576 1658 2610 ἀνθρώπων.

1085 2623 1153 2650 ’Υπὸ
1177 2623 1250 2655 τινος
1275 2623 1329 2658 ἄρα
1356 2622 1448 2658 μέλλει
1479 2621 1690 2657 παραδίδοσθαι,
1724 2621 1753 2648 '0
1783 2619 1827 2655 μὲν

1049 2668 1208 2701 Ἀπόστολός
1226 2677 1292 2704 φησι
1322 2668 1521 2704 παραδεδόσθαι
1552 2669 1604 2696 ὑπὸ
1622 2669 1669 2696 τοῦ
1696 2668 1762 2696 Θεοῦ
1787 2667 1827 2694 τὸν

1043 2714 1118 2746 Υίὸν,
1131 2714 1202 2746 ἐκώς
1210 2714 1332 2750 (96)-’ος
1340 2723 1372 2749 τε
1380 2714 1432 2741 τοῦ
1442 2714 1520 2742 ἰδίου
1537 2715 1606 2742 Υἰοῦ
1616 2716 1672 2742 οὐκ
1682 2715 1827 2750 ἐφείσατο,

1048 2762 1116 2789 ἀλλ’
1134 2761 1211 2796 ὑπὲρ
1225 2761 1310 2797 ἡμῶν
1328 2761 1449 2790 πάντων
1467 2761 1638 2797 παρέδωκεν
1648 2762 1750 2794 αὐτὸν,
1764 2759 1828 2794 ὑπὲρ

1078 2864 1135 2902 (95)
1150 2864 1231 2902 [forte
1244 2865 1412 2902 δυνηθέντος.

1081 2900 1137 2935 (Mi)
1152 2899 1252 2928 Εἰπὼν.
