1904 3076
58 156 101 184 589
675 155 821 184 SCHOLIA
841 155 874 184 IN
893 155 1023 185 LUCAM.

1608 155 1661 184 550

56 215 105 242 ὅλου
128 213 171 240 τοῦ
193 212 294 248 κόσμου
318 213 487 248 πεισόμενον,
513 214 556 241 ἴνα
578 214 636 249 ἄρῃ
660 215 742 242 αὑτοῦ
766 213 817 246 τὴν

875 215 920 248 do,
937 219 967 242 ut
981 214 1040 250 ejus
1066 213 1168 240 tollent
1180 218 1314 248 peccatum
1327 213 1360 240 ’⁷.
1379 213 1456 241 Dices
1469 217 1559 241 autem
1575 213 1659 242 etiam

57 259 193 294 ἁμαρτίαν-ο
209 259 281 299 ἐρεῖς
296 259 324 285 δὲ
345 259 393 285 καὶ
409 259 462 286 ὑπὸ
475 259 522 286 τοῦ
541 259 664 287 διαϐόλου
676 261 823 298 παραδεδό-

58 306 109 332 σθαι·
119 304 202 335 αὑτὸν,
217 305 262 338 ὑφ’
276 302 306 331 οὗ
317 305 505 340 παραδίδονται
517 306 574 337 τοῖς
585 306 824 341 αἰχμαλωτεύσασι

56 351 83 377 τὰ
91 351 165 384 ζεύγη
180 350 226 376 καὶ
241 351 267 376 οι
282 350 335 377 ὁνοι
346 351 392 377 τοῦ
417 350 487 383 Ἰὼϐ,
502 349 560 378 εἶτα
578 353 635 384 τοῖς
651 352 778 379 ἱππεῦσιν
794 353 822 380 αἱ

56 396 165 432 κάμηλοι,
180 396 219 431 τῷ
240 397 306 432 πυρὶ
318 396 354 422 τὰ
368 397 503 433 πρόϐατα,
520 397 559 433 τῷ
576 398 605 431 ἐξ
623 399 726 434 ἐρήμου
742 398 824 425 πνεύ-

57 451 110 478 ματι
133 443 159 469 αἰ
175 443 268 469 τούτου
294 443 442 480 θυγατέρες
466 444 512 471 καὶ
536 445 560 471 οῑ
588 444 650 471 υἱοί.
671 445 762 471 Ἔστω
776 443 822 472 οὖν

56 488 210 527 πρῶτον
232 488 279 515 τοῦ
306 489 413 525 Πατρὸς
438 490 655 526 παραδεδομένος
675 491 690 517 6
703 491 766 523 Υἱὸς
783 492 822 523 είς

57 537 133 570 χεῖρας
148 534 305 571 ἀνθρώπων·
321 533 379 562 εἶτα
398 536 451 563 ὑπὸ
466 537 513 563 τοῦ
537 537 633 569 Ἰούδα,
648 538 688 569 είς
703 537 735 564 ὃν
753 538 822 574 μετά

56 581 80 608 τὸ
89 581 182 616 ψωμίον
195 581 318 616 εἰσῆλθεν
325 583 339 608 6
350 583 471 614 Σατανᾶς
479 583 613 618 ἀρχικώτε
618 592 662 619 ρον
673 583 720 610 τοῦ
737 584 822 611 Ἰούδα

57 627 197 663 παραδιδοὺς
221 628 310 655 αὐτόν.
347 628 416 654 Ἀλλ’
437 629 452 655 6
481 630 529 665 μὲν
553 630 647 665 Πατὴρ
675 630 727 657 τοῦ
745 630 821 657 ιδίου

60 674 114 700 ΥΙοῦ
123 674 173 700 οὐκ
184 673 327 708 ἐφείσατο
342 674 531 711 φιλανθρωπίᾳ
544 677 577 712 τῇ
599 676 666 711 πρὸς
682 677 755 712 ἡμᾶς
774 677 821 703 καὶ

55 720 205 755 χρηστότητι·
234 721 249 747 6
273 720 301 747 δὲ
334 720 433 753 Ἰούδας
464 722 598 758 μοχθηρίᾳ
625 723 818 758 προαιρέσεως.

55 767 203 799 Θανατωθεὶς
209 767 248 800 δὲ,
263 767 319 794 τὸν
329 767 361 794 τὸ
375 767 484 802 κράτος
494 769 602 804 ἔχοντα
614 769 667 796 τοῦ
678 769 818 802 θανάτου,

54 812 100 847 ἦτοι
122 813 166 848 τῆς
185 814 332 849 ἁμαρτίας,
346 813 486 842 διάϐολον
506 815 685 850 κατήργησε.
700 816 819 848 Θάνατος

55 858 96 894 γὰρ
107 860 120 894 ἡ
131 859 246 895 ἁμαρτία
259 860 372 896 κυρίως,
386 861 457 888 κατὰ
472 862 512 888 τό’
531 861 618 896 Ψυχὴ
632 861 818 897 ἁμαρτάνου-

54 912 94 936 σα,
107 905 174 940 αὑτὴ
190 906 391 934 ἀποθανεῖται.
405 907 460 933 Καὶ
474 908 501 933 ot
524 907 572 942 μὲν
585 907 729 941 ἄρχοντες
742 914 817 942 παρ-

52 950 167 985 έστησαν
185 953 258 979 κατὰ
274 951 329 979 τοῦ
342 953 480 987 Χριστοῦ,
496 954 578 989 ἡμεῖς
591 953 619 980 δὲ
632 953 819 989 ὠφεληθέντες

52 997 82 1031 τῷ
95 998 185 1024 ἐκεῖνον
193 999 373 1031 ἀπεκτάσθαι,
386 999 476 1035 φαμὲν
483 999 523 1026 τό·
533 1000 739 1035 Διαρῤἠξωμεν
749 1000 820 1034 τοὺς

52 1042 160 1078 δεσμοὺς
167 1044 274 1071 αὐτῶν.
292 1045 461 1080 Σύμμορφοι
478 1045 532 1081 γὰρ
548 1047 703 1080 γεγονότες
720 1045 760 1079 τῷ
767 1048 819 1074 θα-

51 1089 114 1121 νάτῳ
126 1090 175 1117 τοῦ
193 1091 334 1125 Χριστοῦ,
349 1092 440 1118 οὐκέτι
457 1092 540 1128 ἐσμὲν
563 1092 615 1119 ὑπὸ
626 1094 690 1125 τοὺς
703 1094 820 1130 δεσμοὺς

51 1135 93 1162 τῶν
104 1136 229 1164 ὲναντίωψ
246 1138 306 1165 ἀλλ’
326 1139 402 1165 αὐτοὶ
419 1138 519 1174 μᾶλλον
539 1138 718 1173 ὲκτελῶνται
739 1142 820 1175 παρὰ

52 1182 93 1208 τοῦ
106 1183 310 1217 κατοικοῦντος
329 1184 364 1210 ἐν
384 1183 524 1218 οὐρανοῖς
549 1185 675 1219 Πατρός,
692 1186 741 1213 καὶ
758 1187 819 1214 ὑπὸ

53 1227 93 1254 τοῦ
104 1229 202 1262 Κυρίου
210 1229 449 1263 μυκτηρίζονται.
478 1229 609 1262 Ἀναστὰς
629 1230 683 1266 γὰρ
698 1232 820 1268 συμμόρ-

875 269 890 287 a
914 260 1022 288 diabolo
1043 259 1171 286 traditum
1191 259 1275 286 fuisse
1297 259 1392 291 illum,
1407 267 1421 285 a
1436 267 1490 294 quo
1517 260 1661 288 traduntur

874 306 1074 343 captivantibus
1093 306 1175 334 etiam
1188 305 1254 343 juga
1267 311 1294 333 et
1317 306 1387 333 asini
1398 305 1461 338 Joh,
1474 311 1567 340 postea
1583 308 1661 341 equi-

874 354 946 382 tibus
971 353 1079 385 cameli,
1097 352 1151 388 igni
1174 360 1254 385 oves,
1278 355 1359 379 vento
1378 352 1479 380 deserti
1499 353 1579 387 hujus
1599 353 1661 380 lilia:

873 405 900 427 et
912 399 969 427 lilii.
982 399 1047 427 Esto
1067 399 1167 434 igitur;
1187 399 1304 432 primum
1316 407 1331 425 a
1344 398 1424 425 Patre
1436 399 1550 426 traditus
1565 404 1606 426 est
1616 398 1662 426 Fi-

874 444 926 471 lius
949 444 976 471 in
992 450 1088 471 manus
1110 443 1265 475 hominum,
1278 443 1374 470 deinde
1393 444 1427 471 ab
1442 443 1522 477 Juda,
1539 446 1564 470 In
1579 451 1659 478 quem

873 495 933 525 post
959 489 1110 517 buccellam
1130 488 1268 524 ingressus
1295 493 1336 516 est
1359 488 1495 522 Satanas,
1513 489 1560 524 qui
1583 490 1662 525 longe

873 541 935 563 ante
950 534 1047 562 ludam
1060 535 1209 562 tradiderat
1223 543 1294 562 eum.
1315 535 1350 562 At
1368 535 1447 562 Pater
1460 536 1566 570 proprio
1589 535 1660 563 Filio

871 590 919 609 suo
935 590 986 608 non
1003 583 1127 616 pepercit,
1143 581 1309 609 humanitate
1330 589 1360 608 ac
1379 582 1544 616 benignitate
1570 590 1617 609 sua
1634 583 1660 610 in

872 635 921 654 nos
936 635 943 653 :
960 625 1044 654 ludas
1069 634 1151 660 vero,
1171 627 1272 654 malitia
1293 627 1450 654 voluntatis.
1475 627 1554 654 Morti
1581 635 1662 662 porro

871 673 960 705 datus,
969 681 1028 699 eum
1039 673 1083 708 qui
1096 674 1233 708 imperium
1245 674 1354 700 habebat
1368 674 1470 706 mortis,
1479 674 1536 701 sive
1547 674 1661 708 peccati,

870 718 1004 744 diabolum
1034 719 1259 746 exauctorauit”.
1283 718 1427 746 Peccatum
1455 719 1529 746 enim
1554 718 1662 753 proprie

871 772 944 792 mors
956 769 1011 796 est,
1024 763 1100 798 juxta
1123 764 1187 792 illud
1212 773 1219 791 :
1239 764 1335 791 Anima
1352 773 1472 798 peccans,
1488 765 1545 799 ipsa
1564 764 1661 791 morie-

870 816 914 837 tur
929 812 962 839 ".
977 812 1016 839 Ac
1027 813 1157 846 principes
1174 812 1281 846 quidem
1296 813 1436 840 astiterunt
1448 813 1574 840 adversus
1583 811 1663 839 Chri-

869 862 938 884 ltum
953 858 961 872 ¹
979 865 986 883 :
999 865 1049 885 nos
1062 865 1125 884 vero
1141 857 1202 884 inde
1223 857 1306 892 adjuti
1321 859 1394 893 quod
1413 858 1470 893 ipse
1482 858 1589 885 occisus
1603 857 1663 886 l'ue-

869 903 915 935 rit,
929 903 1043 930 dicimus
1060 903 1123 931 iIlud
1139 904 1335 938 :dirumpamua
1352 904 1456 931 vincula
1473 912 1563 931 eorum
1581 905 1601 931 ⁸.
1615 904 1662 931 Ει-

871 950 943 977 enim
959 949 1107 984 conformes
1133 950 1198 985 facti
1218 951 1298 977 morti
1321 950 1441 977 Christi'
1452 970 1461 983 ,
1477 958 1529 977 non
1546 950 1661 984 amplius

872 1003 967 1023 sumus
983 995 1034 1023 sub
1052 996 1165 1023 vinculis
1188 997 1414 1027 adversariorum,
1436 997 1482 1023 sed
1506 996 1555 1030 ipsi
1572 995 1663 1031 potius

870 1041 1018 1068 irridentur
1034 1042 1065 1068 ub
1088 1050 1117 1069 eo
1131 1043 1178 1077 qui
1194 1043 1294 1069 habitat
1307 1043 1335 1070 in
1349 1043 1420 1070 εωίὶι
1433 1041 1556 1075 Patrc,et
1570 1050 1587 1070 ιι
1604 1041 1658 1069 Do-

870 1088 941 1114 mino
954 1089 1178 1117 eubsannantur‘.
1190 1089 1345 1122 Resurgens
1355 1090 1426 1117 enim
1437 1088 1590 1116 conformes
1612 1095 1662 1115 nos

871 1132 934 1159 fecit
948 1134 1031 1160 etiam
1047 1135 1255 1162 reSurrectioiiis
1269 1143 1324 1162 suae
1337 1155 1345 1167 ,
1364 1143 1416 1162 non
1434 1134 1551 1169 amplius
1565 1134 1662 1162 seden-

871 1181 912 1204 tes
933 1178 959 1205 in
977 1179 1097 1207 tenebris
1113 1184 1141 1206 et
1165 1179 1258 1206 umbra
1284 1180 1379 1207 mortis
1392 1199 1400 1213 ,
1423 1184 1565 1214 propterea
1587 1180 1661 1214 quod

871 1227 961 1251 ortum
981 1224 1016 1252 sit
1031 1232 1113 1260 Super
1126 1233 1175 1253 nos
1189 1226 1278 1252 lumen
1295 1225 1352 1252 Dei.

52 1282 104 1307 ῳους
118 1275 183 1310 ἡμᾶς
198 1276 333 1312 πεποίηκε
350 1277 396 1303 καὶ
406 1277 456 1312 τῆς
470 1276 552 1304 αὐτοῦ
570 1278 753 1311 ἀναστάσεως,
788 1280 879 1307 οὐκέτι
903 1282 1104 1319 καθεζομένους
1129 1285 1158 1311 ὲν
1182 1284 1272 1311 σκότει
1302 1284 1349 1311 καὶ
1372 1284 1437 1319 σκιᾷ
1470 1283 1596 1316 θανάτου,
1615 1283 1663 1311 διὰ

51 1321 74 1346 τὸ
84 1321 206 1349 ἀνατεῖλαι
219 1324 262 1358 ἐφ’
277 1323 353 1358 ἡμᾶς
372 1323 429 1358 φῶς
445 1323 493 1349 τοῦ
510 1323 587 1350 Θεοῦ.

51 1366 174 1406 Στίῃμζχ
192 1368 328 1406 Ἐγένετο
341 1369 376 1406 δὲ
396 1369 605 1404 πορευομένων
620 1370 723 1406 αὐτῶν
734 1371 769 1397 ἐν
783 1371 820 1406 τῇ

77 1400 135 1438 όδῷ,
147 1400 209 1430 εἶπέ
227 1400 276 1436 τις
307 1404 383 1438 πρὸς
410 1400 513 1432 abter
540 1405 746 1438 Ἀκολουθήσω
771 1400 821 1434 σὸὶ

77 1437 142 1465 ὅπου
149 1438 200 1465 ἐὰν
211 1437 341 1474 ἀπέρχῃ,
350 1440 447 1474 Κύριε.

50 1482 108 1517 Mx.
120 1487 171 1525 νηπ-
181 1484 234 1525 Καὶ
242 1483 329 1511 εἶπεν
341 1484 421 1525 αὐτῷ
470 1485 599 1525 Ἰησοῦςο
611 1486 659 1525 ΑΖ.
665 1485 818 1525 ἀλῴπεκες

76 1519 195 1563 ξωλεοὺς
208 1519 327 1553 έχουσι.
351 1520 399 1563 καὶ
422 1520 598 1563 τὰμςτειζᾲι
606 1519 660 1546 τοῦ
681 1519 816 1563 ρὺριιῖοῤ
832 1534 853 1563 c

76 1553 167 1588 ἔχουσι
182 1554 438 1590 κατασκηνώσεις·
455 1556 471 1582 ό
497 1555 530 1581 δὲ
556 1555 620 1588 Υἱὸς
642 1557 694 1583 τοῦ
711 1553 819 1590 ἀνθρώ-

76 1591 186 1616 πινυοὺκ
202 1589 264 1624 ἔχει
278 1590 339 1617 ποῦ
349 1589 407 1623 τὴν
423 1590 562 1624 κεφαλὴν
577 1591 678 1625 κλίνῃ.

76 1635 101 1660 Et
117 1636 159 1670 μὲν
170 1634 215 1663 οὖν
230 1635 341 1671 ἕτοιμος
353 1634 377 1662 εἶ
390 1636 470 1668 αὐτὸς
483 1637 583 1672 ὁμοίως
601 1637 661 1672 ἐμοὶ
678 1637 728 1664 ούκ
743 1637 815 1673 ἔχον-

49 1687 69 1704 τι
83 1680 125 1706 ποῦ
137 1681 182 1716 τὴν
199 1681 321 1716 κεφαλὴν
340 1681 439 1713 κλῖναι,
462 1682 564 1718 αἱρήσῃ
579 1682 623 1709 διὰ
634 1682 685 1718 τὴν
698 1683 768 1719 ἐμὴν
777 1684 816 1710 δι-

49 1724 171 1752 δασκαλίαν
193 1726 224 1753 τὸ
237 1726 425 1754 ἀκατάστατον
439 1727 556 1754 ἐνταῦθα
585 1728 670 1754 ἐλπίδι
689 1729 737 1764 τῆς
763 1730 817 1756 τῶν

49 1769 148 1805 οὐρανῶν
164 1771 310 1805 βασιλείας,
325 1773 367 1799 ἐπ’
378 1773 465 1800 οὐδενὶ
473 1773 523 1809 τὴν
537 1773 688 1801 ἀνάπαυσιν
700 1775 817 1803 ἐνταῦθα

50 1814 78 1849 μή
88 1816 242 1850 προσδοκῶν,
255 1817 314 1844 ἀλλ’
326 1817 354 1845 ἐν
366 1817 406 1852 τῷ
419 1818 548 1853 μέλλοντι.
567 1820 598 1845 Οἱ
612 1818 666 1854 γὰρ
683 1820 745 1854 ἐμοὶ
765 1829 817 1855 μα-

49 1859 120 1894 θηταὶ,
143 1862 312 1899 δικαιοσύνην
335 1863 492 1896 ἀσκοῦντες,
506 1865 536 1890 ὲν
550 1864 589 1899 τῷ
609 1865 704 1900 κόσμῳ
729 1865 816 1901 τούτῳ

49 1905 120 1941 θλίψιν
133 1908 227 1941 ἕξουσι·
252 1911 368 1946 πονηροὶ
381 1910 410 1936 δὲ
432 1911 480 1937 καὶ
497 1910 605 1946 γόητες,
623 1910 744 1944 ἀλώπεξι
768 1913 816 1938 καὶ

49 1957 157 1987 memor;
166 1957 281 1992 οὐρανοῦ
305 1956 552 1992 παραῦαλλόμενοι,
568 1958 597 1984 ἐν
611 1957 649 1992 τῷ
664 1957 714 1993 βίῳ
730 1958 816 1994 τούτῳ

49 2000 189 2036 προκόψουσι
206 2003 362 2034 πλανῶντες
374 2003 421 2030 καὶ
431 2003 611 2039 πλανώμενοι.

79 2046 243 2084 Ὑῂλάτερον
269 2049 308 2075 δέ·
338 2049 401 2076 Ὅτε
423 2048 560 2085 ἐτεθνήκει
583 2049 622 2085 τῷ
647 2049 779 2085 νεανίσκῳ
800 2050 815 2076 6

49 2092 120 2128 πατὴρ
143 2096 187 2121 καὶ
200 2093 234 2131 ἦν
248 2095 356 2130 νεκρὸς,
381 2096 443 2122 τότε
460 2095 514 2122 ἀπὸ
529 2095 576 2122 τοῦ
596 2095 683 2130 Ἰησοῦ
699 2095 813 2131 ἐκλήθη.

49 2136 172 2172 Νομιπέον
179 2141 216 2173 δὲ,
229 2143 282 2173 ὅτι,
293 2141 388 2176 ὥσπερ
397 2143 411 2168 6
421 2142 523 2177 κόσμος
534 2141 631 2176 Παύλῳ
643 2141 814 2176 ἐσταύρωται

49 2184 83 2209 καὶ
102 2187 190 2221 νεκρὸς
204 2185 249 2223 ἦν,
274 2187 335 2214 ἐπεὶ
358 2187 484 2223 τεθνήκει
506 2187 581 2223 αὐτῷ
595 2187 629 2214 τὰ
644 2188 692 2214 τοῦ
709 2188 812 2223 κόσμου
828 2204 851 2230 D

48 2230 185 2266 πράγματα,
200 2234 300 2268 μηκέτι
314 2233 384 2260 αὐτὰ
400 2233 590 2265 σκοποῦντιιῖκ
603 2233 755 2269 βλεπόμενα
766 2235 813 2261 καὶ

48 2276 187 2314 πρόσκαιρα·
199 2279 286 2310 οὕτως
303 2280 410 2315 ἑκάστῳ
423 2279 520 2314 δικαίῳ
531 2279 645 2315 τέθνηκε
655 2281 669 2306 ὁ
681 2279 812 2312 διάϐολος,

47 2321 104 2353 ὅστις
114 2324 181 2359 αὺτῴ
197 2325 244 2360 ἔζη
258 2326 449 2361 ἁμαρτάνοντι.
469 2324 532 2358 Πᾶς
546 2325 600 2359 γὰρ
611 2326 626 2351 ὁ
639 2325 731 2351 ποιῶν
756 2325 813 2360 τὴν

47 2367 168 2402 ἁμαρτίαν
179 2371 213 2398 ἐκ
234 2372 287 2398 τοῦ
309 2371 450 2398 διαϐόλου
478 2372 660 2406 “percurritur
680 2372 760 2398 παντὶ
784 2372 812 2398 δὲ

47 2412 204 2449 ἁμαρτάνοντι
231 2418 279 2444 καὶ
307 2417 452 2444 σκοποῦντι
480 2418 514 2444 τὰ
530 2417 593 2453 τῇδε
609 2417 642 2452 ζῇ
663 2417 678 2442 ὀ
695 2417 811 2452 πονηρὸς

47 2460 129 2495 πατήρ.
146 2462 228 2490 Παντὶ
247 2463 285 2495 δὲ,
303 2460 325 2496 ᾦ
345 2464 460 2499 τέθνηκε
476 2465 491 2490 ὀ
517 2463 645 2499 πονηρὸς.
664 2463 762 2497 λέγοιτ’
779 2463 811 2490 ἂν

47 2503 88 2530 ὑπὸ
96 2507 137 2533 τοῦ
145 2508 261 2544 Χριστοῦ
275 2510 315 2542 τὸ,
331 2510 502 2536 Ἀκολούθει
510 2518 571 2543 μοι.
586 2509 641 2536 Καὶ
649 2508 718 2544 τάχα
727 2509 812 2536 τοιοῦ-

46 2550 81 2577 τόν
98 2553 146 2580 ἐστι
164 2556 301 2590 μυστικῶς
320 2556 463 2591 νοούμενον
484 2555 514 2582 τὸ
536 2556 590 2582 δεῖν
612 2556 748 2591 μισεῖσθαι
766 2555 810 2589 ὑφ’

47 2596 108 2630 ἡμῶν
128 2601 169 2627 τὸν
193 2603 309 2636 πατέρα,
335 2603 358 2629 εἰ
377 2602 519 2637 μέλλοιμεν
544 2601 613 2634 ἄξιοι
632 2601 741 2628 ἔσεσθαι
763 2601 810 2627 τοῦ

52 2642 129 2678 Ἰησοῦ.
138 2647 171 2673 Th
181 2648 218 2680 δὲ,
232 2649 304 2682 Τοὺς
318 2648 444 2682 νεκροὺς
459 2648 552 2682 θάψαι
560 2647 631 2679 τοὺς
639 2647 754 2674 ἑαυτῶν
765 2656 810 2673 νε-

48 2692 128 2725 κροὺς,
139 2693 323 2730 ἁλληγορεῖται
335 2696 424 2730 μόνον.
437 2695 636 2730 Θάπτουσιγάρ
648 2703 706 2726 πως
717 2694 808 2728 νεκροὶ

47 2735 95 2767 τηῦς
113 2738 207 2766 ἑαυτῶν
223 2741 335 2776 νεκροὺς
352 2742 380 2767 ὲν
390 2741 503 2772 ἑαυτοῖς,
522 2740 602 2775 τάφοι
619 2740 665 2766 καὶ
690 2740 809 2775 μνημεῖα

75 2838 172 2868 "Joan.
188 2850 208 2871 I.
222 2842 266 2870 9.9.
305 2843 328 2859 ’⁸
344 2843 424 2870 ΙΙεΙπ.
444 2852 473 2875 ιι,
493 2844 535 2871 Η.
574 2844 596 2860 ⁹⁹
615 2844 712 2871 Ezecli.
747 2852 812 2871 xvul

888 2843 932 2870 20.
980 2844 987 2859 ¹
1005 2842 1078 2872 Psal.
1091 2851 1121 2877 ιι,
1135 2842 1163 2872 2.

875 1372 907 1400 γ.
925 1373 970 1400 57.
991 1374 1092 1400 Accidit
1106 1379 1204 1407 autem,
1222 1374 1418 1401 ambulantibus
1431 1374 1469 1400 eis
1485 1374 1513 1401 in
1532 1374 1573 1400 riu
1587 1394 1596 1409 ,
1616 1374 1661 1401 di-

909 1410 949 1470 git
968 1409 1075 1449 quidam
1091 1412 1125 1436 ad
1139 1410 1213 1436 illum
1229 1417 1238 1436 :
1254 1409 1357 1444 Sequar
1371 1414 1406 1442 te,
1423 1417 1578 1444 quacunque
1591 1409 1660 1442 ubis,

935 1452 1030 1470 οηιιιιε.

873 1488 905 1516 ν.
923 1489 968 1516 58.
986 1489 1019 1515 Et
1037 1489 1105 1516 dixit
1125 1490 1150 1516 ei
1167 1489 1265 1517 Iesus:
1287 1489 1384 1524 Vulpes
1405 1490 1489 1516 (rutra
1508 1490 1620 1522 habent,
1634 1495 1660 1517 et

907 1525 1022 1552 uolucres
1036 1525 1092 1552 creti
1115 1525 1208 1552 habent
1226 1525 1376 1552 habitacula
1393 1533 1403 1552 :
1414 1524 1500 1552 Filius
1518 1530 1604 1552 autem
1617 1525 1662 1553 Ito-

906 1560 985 1587 mim‘s
1000 1568 1053 1587 non
1069 1560 1145 1588 habet
1157 1561 1202 1587 ubi
1216 1567 1292 1595 caput
1305 1561 1423 1588 reclinet.

905 1638 934 1666 Si
949 1639 1031 1673 igitur
1044 1644 1155 1674 paratus
1170 1647 1200 1667 es
1225 1644 1264 1672 tu,
1288 1639 1400 1674 perinde
1421 1644 1503 1675 atque
1518 1630 1588 1676 ego,
1605 1649 1658 1669 non

868 1685 970 1713 habens
983 1685 1027 1713 ubi
1039 1692 1119 1721 caput
1136 1685 1252 1713 reclines
1266 1694 1274 1718 ;
1290 1686 1374 1721 eliges
1387 1693 1434 1721 per
1450 1693 1536 1713 meam
1555 1687 1657 1714 doctri-

868 1738 931 1758 nam
949 1730 1150 1758 inslabilitatem
1163 1731 1217 1764 hic,
1231 1739 1279 1766 spe
1295 1732 1370 1766 regni
1396 1731 1538 1765 ccelorum,
1549 1732 1575 1758 in
1587 1732 1658 1760 nulla

869 1784 897 1804 re
910 1777 1027 1811 quietem
1049 1777 1094 1804 hic
1117 1782 1295 1811 exspectans,
1318 1777 1365 1804 sed
1394 1777 1420 1804 in
1438 1777 1528 1805 futuro
1547 1778 1657 1807 saeculo.

869 1822 996 1856 Discipuli
1014 1830 1133 1856 namque
1148 1823 1200 1849 mei
1216 1822 1349 1856 justitiam
1370 1829 1542 1856 exercentes,
1561 1824 1588 1851 in
1604 1824 1657 1852 hoc

868 1868 967 1895 mundo
982 1866 1155 1895 aﬂlictionem
1165 1868 1312 1896 habebunt.
1326 1868 1457 1896 Homines
1471 1877 1534 1897 vero
1555 1870 1618 1897 mali
1629 1875 1657 1898 et

868 1915 1054 1947 fascinatores,
1066 1914 1190 1949 vulpibus
1204 1919 1232 1942 et
1245 1915 1400 1943 volucribus
1419 1915 1480 1943 caeli
1495 1917 1656 1952 comparati,

867 1960 893 1988 in
905 1960 958 1988 hac
973 1961 1027 1988 vita
1042 1961 1194 1996 proﬁcient,
1208 1961 1373 1995 decipienles
1394 1966 1422 1989 et
1438 1962 1555 1997 decepti.

902 2050 1049 2079 Sublimius
1064 2051 1269 2085 veronuando
1287 2056 1412 2080 mortuus
1429 2056 1471 2080 est
1488 2052 1654 2080 adolescenti

866 2102 944 2133 pater
964 2102 1077 2133 eratque
1101 2098 1235 2130 cadaver,
1256 2102 1319 2125 tunc
1342 2105 1356 2124 a
1377 2097 1440 2125 Jesu
1464 2103 1575 2125 vocatus
1601 2103 1652 2125 est.

865 2142 1079 2171 Existimnndum
1095 2147 1138 2170 est
1148 2150 1228 2175 vero,
1242 2144 1313 2178 quod
1328 2142 1554 2177 quemadmodum
1576 2151 1654 2169 mun-

866 2189 916 2216 dus
932 2188 1014 2217 Paulo
1036 2188 1182 2216 cruciﬁxus
1203 2193 1264 2222 est,
1279 2193 1306 2216 et
1324 2194 1447 2216 mortuus
1470 2194 1550 2222 erat;
1568 2189 1653 2224 siqui-

864 2235 926 2262 dem
942 2239 1056 2262 mortme
1072 2239 1150 2262 erant
1162 2235 1186 2262 ei
1198 2235 1342 2262 mundanae
1359 2242 1411 2267 res,
1425 2236 1524 2270 quippe
1538 2236 1584 2271 qui
1599 2244 1651 2263 non

864 2278 981 2314 amplius
995 2279 1056 2307 illas
1082 2280 1256 2314 respiciebat,
1280 2284 1375 2314 utpote
1391 2284 1550 2315 apparentes
1573 2281 1652 2308 modo

864 2330 891 2353 et
905 2325 1074 2352 transitorias
1093 2333 1100 2350 :
1115 2325 1155 2352 sic
1175 2325 1273 2359 cuique
1292 2324 1368 2359 justo
1386 2330 1508 2353 mortuus
1526 2331 1567 2353 est
1593 2326 1652 2353 dia—

863 2371 959 2404 bolus,
988 2371 1034 2405 qui
1062 2371 1087 2398 ei
1107 2371 1214 2398 vivebat
1239 2370 1374 2405 peccanli.
1403 2369 1496 2398 Omnis
1513 2371 1581 2398 enim
1605 2372 1651 2406 qui

862 2418 925 2452 facit
950 2420 1101 2451 peccatum,
1123 2424 1155 2443 ex
1177 2416 1282 2444 diabolo
1297 2422 1373 2443 natus
1388 2421 1426 2443 est
1440 2417 1451 2432 ⁸
1469 2425 1476 2444 :
1495 2425 1567 2444 οιιιιιι
1586 2424 1651 2444 vero

862 2463 995 2499 peccanti,
1008 2467 1037 2490 et
1050 2463 1205 2497 respicienti
1225 2463 1282 2491 haec
1308 2463 1436 2490 citeriora
1453 2467 1481 2490 et
1496 2464 1629 2490 mundana
1640 2482 1649 2495 ,

864 2508 930 2534 vivit
943 2508 1028 2535 malus
1045 2512 1131 2541 pater.
1148 2507 1184 2534 At
1197 2508 1348 2542 cuicunque
1360 2511 1484 2535 mortuus
1497 2507 1577 2535 luerit
1593 2515 1650 2535 ma-

863 2552 904 2579 lns
927 2557 1019 2588 pater,
1035 2551 1142 2580 dicetur
1165 2559 1179 2579 a
1197 2552 1306 2580 Christo
1319 2572 1327 2584 ,
1343 2552 1456 2588 Sequere
1480 2561 1520 2580 me
1531 2553 1551 2581 ⁸.
1568 2553 1649 2581 Forte

862 2599 943 2626 etiam
969 2599 1083 2634 mystice
1109 2598 1273 2626 intellectum
1298 2600 1464 2626 tantumdem
1486 2600 1557 2627 valet
1569 2600 1645 2632 illud,

862 2650 987 2680 oportere
1000 2645 1062 2672 odio
1077 2645 1169 2672 haberi
1191 2653 1203 2671 ιι
1217 2645 1295 2672 nobis
1314 2651 1427 2680 patrem,
1441 2645 1463 2673 si
1481 2645 1647 2674 voluerimus

862 2691 937 2727 digni
965 2690 1076 2718 Christo
1101 2698 1171 2718 esse.
1193 2691 1259 2718 Illud
1281 2699 1380 2727 porro,
1396 2692 1515 2720 Mortuo:
1539 2692 1647 2726 sepelire

862 2743 978 2765 mortuas
993 2746 1054 2765 suos
1062 2738 1084 2772 ⁷,
1094 2738 1237 2772 allegorice
1252 2739 1467 2774 tantumexponi
1484 2743 1582 2774 potest.
1597 2739 1647 2766 Se-

1216 2843 1226 2859 ¹
1239 2842 1348 2871 ihid.‘5.
1385 2842 1395 2859 ³
1411 2841 1490 2871 Rom.
1515 2849 1580 2877 Vm,
1598 2842 1644 2870 29.

48 2871 218 2909 ‘l‘ruv.i,26.
257 2878 288 2905 l’l
308 2877 384 2907 Joan.
400 2886 441 2914 ιιι,
459 2871 486 2907 έ.
526 2879 535 2893 ⁵
552 2878 617 2907 Luc.
645 2886 686 2913 Ix,
702 2879 745 2907 59.
783 2879 793 2894 ⁷
814 2871 878 2907 ibid.
901 2879 944 2906 60.
